  <div class='ocr_page' id='page_1' title='image "/cluster/home/n/w/nwhite01/storage/ocr_20150623/21/hvd.32044073501165/571.png"; bbox 0 0 3872 6368; ppageno 0'>
   <div class='ocr_carea' id='block_1_1' title="bbox 340 254 479 308">
    <p class='ocr_par' dir='ltr' id='par_1_1' title="bbox 340 254 479 308">
     <span class='ocr_line' id='line_1_1' title="bbox 340 254 479 308; baseline 0.014 -2"><span class='ocrx_word' id='word_1_1' title='bbox 340 254 479 308; x_wconf 84' lang='grc'><strong>1115</strong></span> 
     </span>
    </p>
   </div>
   <div class='ocr_carea' id='block_1_2' title="bbox 1007 251 2918 316">
    <p class='ocr_par' dir='ltr' id='par_1_2' title="bbox 1007 251 2918 316">
     <span class='ocr_line' id='line_1_2' title="bbox 1007 251 2918 316; baseline 0.004 -10"><span class='ocrx_word' id='word_1_2' title='bbox 1007 251 1277 309; x_wconf 83' lang='lat' dir='ltr'><strong><em>EUSEBII</em></strong></span> <span class='ocrx_word' id='word_1_3' title='bbox 1317 253 1803 314; x_wconf 69' lang='lat' dir='ltr'><strong><em>CAESARIENSIS</em></strong></span> <span class='ocrx_word' id='word_1_4' title='bbox 1841 257 1989 316; x_wconf 90' lang='lat' dir='ltr'><strong><em>OPP.</em></strong></span> <span class='ocrx_word' id='word_1_5' title='bbox 2027 260 2204 316; x_wconf 80' lang='lat' dir='ltr'><strong><em>PARS</em></strong></span> <span class='ocrx_word' id='word_1_6' title='bbox 2246 258 2393 315; x_wconf 89' lang='lat' dir='ltr'><strong><em>ll.——</em></strong></span> <span class='ocrx_word' id='word_1_7' title='bbox 2423 257 2918 316; x_wconf 79' lang='lat' dir='ltr'><strong><em>APOLOGETICA.</em></strong></span> 
     </span>
    </p>
   </div>
   <div class='ocr_carea' id='block_1_3' title="bbox 3452 258 3588 313">
    <p class='ocr_par' dir='ltr' id='par_1_3' title="bbox 3452 258 3588 313">
     <span class='ocr_line' id='line_1_3' title="bbox 3452 258 3588 313; baseline 0 0"><span class='ocrx_word' id='word_1_8' title='bbox 3452 258 3588 313; x_wconf 81' lang='grc'><strong>1116</strong></span> 
     </span>
    </p>
   </div>
   <div class='ocr_carea' id='block_1_4' title="bbox 340 367 1872 447">
    <p class='ocr_par' dir='ltr' id='par_1_4' title="bbox 340 367 1872 447">
     <span class='ocr_line' id='line_1_4' title="bbox 340 367 1872 447; baseline 0.005 -25"><span class='ocrx_word' id='word_1_9' title='bbox 340 371 594 440; x_wconf 85' lang='lat' dir='ltr'><strong><em>Quodque</em></strong></span> <span class='ocrx_word' id='word_1_10' title='bbox 645 369 856 425; x_wconf 81' lang='lat' dir='ltr'><strong><em>darent.</em></strong></span> <span class='ocrx_word' id='word_1_11' title='bbox 903 367 1045 423; x_wconf 79' lang='lat' dir='ltr'><strong><em>Huic</em></strong></span> <span class='ocrx_word' id='word_1_12' title='bbox 1089 371 1264 439; x_wconf 80' lang='lat' dir='ltr'><strong><em>prima</em></strong></span> <span class='ocrx_word' id='word_1_13' title='bbox 1299 373 1512 440; x_wconf 77' lang='lat' dir='ltr'><strong><em>omnes,</em></strong></span> <span class='ocrx_word' id='word_1_14' title='bbox 1559 372 1872 447; x_wconf 28' lang='lat' dir='ltr'><strong><em>liuic‘ultim</em></strong></span> 
     </span>
    </p>
   </div>
   <div class='ocr_carea' id='block_1_5' title="bbox 1981 367 3590 447">
    <p class='ocr_par' dir='ltr' id='par_1_5' title="bbox 1981 373 3590 447">
     <span class='ocr_line' id='line_1_5' title="bbox 1981 373 3590 447; baseline 0.001 -17"><span class='ocrx_word' id='word_1_15' title='bbox 1981 375 2221 445; x_wconf 69' lang='lat' dir='ltr'><strong><em>,XaZpe,</em></strong></span> <span class='ocrx_word' id='word_1_16' title='bbox 2267 375 2489 446; x_wconf 81' lang='grc' dir='ltr'><strong><em>Πάτερ,</em></strong></span> <span class='ocrx_word' id='word_1_17' title='bbox 2539 376 2694 447; x_wconf 76' lang='grc' dir='ltr'>μέγα</span> <span class='ocrx_word' id='word_1_18' title='bbox 2738 376 2965 446; x_wconf 83' lang='grc' dir='ltr'>θαῦμα,</span> <span class='ocrx_word' id='word_1_19' title='bbox 3012 374 3142 445; x_wconf 80' lang='grc' dir='ltr'>μέγ’</span> <span class='ocrx_word' id='word_1_20' title='bbox 3189 373 3590 447; x_wconf 60' lang='grc' dir='ltr'>ἀνᾷράκτοισιν</span> 
     </span>
    </p>
   </div>
   <div class='ocr_carea' id='block_1_6' title="bbox 1689 443 1915 517">
    <p class='ocr_par' dir='ltr' id='par_1_6' title="bbox 1689 443 1915 517">
     <span class='ocr_line' id='line_1_6' title="bbox 1689 443 1915 517; baseline 0 -19"><span class='ocrx_word' id='word_1_21' title='bbox 1689 443 1915 517; x_wconf 83' lang='lat' dir='ltr'><strong><em>[semper</em></strong></span> 
     </span>
    </p>
   </div>
   <div class='ocr_carea' id='block_1_7' title="bbox 3269 444 3514 518">
    <p class='ocr_par' dir='ltr' id='par_1_7' title="bbox 3269 444 3514 518">
     <span class='ocr_line' id='line_1_7' title="bbox 3269 444 3514 518; baseline -0.004 -19"><span class='ocrx_word' id='word_1_22' title='bbox 3269 444 3514 518; x_wconf 73' lang='grc' dir='ltr'>[ἅνειαρ.</span> 
     </span>
    </p>
   </div>
   <div class='ocr_carea' id='block_1_8' title="bbox 347 526 2778 608">
    <p class='ocr_par' dir='ltr' id='par_1_8' title="bbox 347 526 2778 608">
     <span class='ocr_line' id='line_1_8' title="bbox 347 526 2778 608; baseline 0.004 -25"><span class='ocrx_word' id='word_1_23' title='bbox 347 528 482 584; x_wconf 82' lang='lat' dir='ltr'><strong><em>Vota</em></strong></span> <span class='ocrx_word' id='word_1_24' title='bbox 509 531 706 600; x_wconf 78' lang='lat' dir='ltr'><strong><em>ferunt.</em></strong></span> <span class='ocrx_word' id='word_1_25' title='bbox 751 529 926 595; x_wconf 80' lang='lat' dir='ltr'><strong><em>Salve,</em></strong></span> <span class='ocrx_word' id='word_1_26' title='bbox 969 548 999 585; x_wconf 96' lang='lat' dir='ltr'><strong><em>o</em></strong></span> <span class='ocrx_word' id='word_1_27' title='bbox 1034 526 1272 597; x_wconf 83' lang='lat' dir='ltr'><strong><em>Genitor,</em></strong></span> <span class='ocrx_word' id='word_1_28' title='bbox 1301 548 1452 602; x_wconf 83' lang='lat' dir='ltr'><strong><em>quem</em></strong></span> <span class='ocrx_word' id='word_1_29' title='bbox 1493 537 1715 605; x_wconf 75' lang='lat' dir='ltr'><strong><em>suspicit</em></strong></span> <span class='ocrx_word' id='word_1_30' title='bbox 1745 537 1908 601; x_wconf 81' lang='lat' dir='ltr'><strong><em>orbis,</em></strong></span> <span class='ocrx_word' id='word_1_31' title='bbox 1949 538 2115 608; x_wconf 83' lang='lat' dir='ltr'><strong><em>Atque</em></strong></span> <span class='ocrx_word' id='word_1_32' title='bbox 2146 537 2266 591; x_wconf 85' lang='lat' dir='ltr'><strong><em>boni</em></strong></span> <span class='ocrx_word' id='word_1_33' title='bbox 2295 551 2561 593; x_wconf 87' lang='lat' dir='ltr'><strong><em>auctorem</em></strong></span> <span class='ocrx_word' id='word_1_34' title='bbox 2600 540 2778 594; x_wconf 85' lang='lat' dir='ltr'><strong><em>sentit.</em></strong></span> 
     </span>
    </p>
   </div>
   <div class='ocr_carea' id='block_1_9' title="bbox 335 641 1910 719">
    <p class='ocr_par' dir='ltr' id='par_1_9' title="bbox 335 641 1910 719">
     <span class='ocr_line' id='line_1_9' title="bbox 335 641 1910 719; baseline 0.006 -24"><span class='ocrx_word' id='word_1_35' title='bbox 335 643 402 697; x_wconf 84' lang='lat' dir='ltr'><strong><em>Et</em></strong></span> <span class='ocrx_word' id='word_1_36' title='bbox 431 652 555 698; x_wconf 97' lang='lat' dir='ltr'><strong><em>ante</em></strong></span> <span class='ocrx_word' id='word_1_37' title='bbox 576 644 803 697; x_wconf 78' lang='lat' dir='ltr'><strong><em>Aratum</em></strong></span> <span class='ocrx_word' id='word_1_38' title='bbox 832 641 1124 709; x_wconf 84' lang='lat' dir='ltr'><strong><em>Homerus,</em></strong></span> <span class='ocrx_word' id='word_1_39' title='bbox 1155 647 1209 698; x_wconf 87' lang='lat' dir='ltr'><strong><em>in</em></strong></span> <span class='ocrx_word' id='word_1_40' title='bbox 1241 645 1432 717; x_wconf 89' lang='lat' dir='ltr'><strong><em>clypeo</em></strong></span> <span class='ocrx_word' id='word_1_41' title='bbox 1470 647 1562 702; x_wconf 93' lang='lat' dir='ltr'><strong><em>illo</em></strong></span> <span class='ocrx_word' id='word_1_42' title='bbox 1583 664 1744 719; x_wconf 83' lang='lat' dir='ltr'><strong><em>quem</em></strong></span> <span class='ocrx_word' id='word_1_43' title='bbox 1776 648 1910 704; x_wconf 83' lang='lat' dir='ltr'><strong><em>Vul-</em></strong></span> 
     </span>
    </p>
   </div>
   <div class='ocr_carea' id='block_1_10' title="bbox 2017 651 3584 725">
    <p class='ocr_par' dir='ltr' id='par_1_10' title="bbox 2017 651 3584 725">
     <span class='ocr_line' id='line_1_10' title="bbox 2017 651 3584 725; baseline 0.003 -22"><span class='ocrx_word' id='word_1_44' title='bbox 2017 651 2125 704; x_wconf 81' lang='grc' dir='ltr'><strong><em>Καὶ</em></strong></span> <span class='ocrx_word' id='word_1_45' title='bbox 2147 652 2254 721; x_wconf 85' lang='grc' dir='ltr'><strong><em>πρὸ</em></strong></span> <span class='ocrx_word' id='word_1_46' title='bbox 2280 651 2465 705; x_wconf 85' lang='grc' dir='ltr'>τούτου</span> <span class='ocrx_word' id='word_1_47' title='bbox 2489 652 2545 705; x_wconf 88' lang='grc' dir='ltr'><strong><em>δέ</em></strong></span> <span class='ocrx_word' id='word_1_48' title='bbox 2565 653 2827 725; x_wconf 81' lang='grc' dir='ltr'>Ὄμηρος,</span> <span class='ocrx_word' id='word_1_49' title='bbox 2861 653 2953 705; x_wconf 77' lang='grc' dir='ltr'><strong><em>ἐπὶ</em></strong></span> <span class='ocrx_word' id='word_1_50' title='bbox 2976 653 3072 723; x_wconf 85' lang='grc' dir='ltr'><strong><em>τῆς</em></strong></span> <span class='ocrx_word' id='word_1_51' title='bbox 3100 651 3584 721; x_wconf 75' lang='grc' dir='ltr'>Ἡφαιστοτεύκτου</span> 
     </span>
    </p>
   </div>
   <div class='ocr_carea' id='block_1_11' title="bbox 334 735 1872 814">
    <p class='ocr_par' dir='ltr' id='par_1_11' title="bbox 334 735 1872 812">
     <span class='ocr_line' id='line_1_11' title="bbox 334 735 1872 812; baseline 0.005 -23"><span class='ocrx_word' id='word_1_52' title='bbox 334 751 504 790; x_wconf 75' lang='lat' dir='ltr'><strong><em>Canus</em></strong></span> <span class='ocrx_word' id='word_1_53' title='bbox 546 735 872 802; x_wconf 87' lang='lat' dir='ltr'><strong><em>elaborarat,</em></strong></span> <span class='ocrx_word' id='word_1_54' title='bbox 927 736 1118 790; x_wconf 89' lang='lat' dir='ltr'><strong><em>mundi</em></strong></span> <span class='ocrx_word' id='word_1_55' title='bbox 1170 737 1602 807; x_wconf 81' lang='lat' dir='ltr'><strong><em>procreationem</em></strong></span> <span class='ocrx_word' id='word_1_56' title='bbox 1643 757 1674 794; x_wconf 92' lang='lat' dir='ltr'><strong><em>e</em></strong></span> <span class='ocrx_word' id='word_1_57' title='bbox 1707 739 1872 812; x_wconf 83' lang='lat' dir='ltr'><strong><em>Moysi</em></strong></span> 
     </span>
    </p>
   </div>
   <div class='ocr_carea' id='block_1_12' title="bbox 1981 735 3093 814">
    <p class='ocr_par' dir='ltr' id='par_1_12' title="bbox 2013 742 3093 814">
     <span class='ocr_line' id='line_1_12' title="bbox 2013 742 3093 814; baseline 0.002 -18"><span class='ocrx_word' id='word_1_58' title='bbox 2013 742 2260 806; x_wconf 82' lang='grc' dir='ltr'><strong><em>ἀσπίδος,</em></strong></span> <span class='ocrx_word' id='word_1_59' title='bbox 2301 745 2644 814; x_wconf 86' lang='grc' dir='ltr'>κοσμοποιῶν</span> <span class='ocrx_word' id='word_1_60' title='bbox 2674 743 2814 799; x_wconf 81' lang='grc' dir='ltr'>κατὰ</span> <span class='ocrx_word' id='word_1_61' title='bbox 2839 744 3093 798; x_wconf 85' lang='grc' dir='ltr'>Μωῦσέα·</span> 
     </span>
    </p>
   </div>
   <div class='ocr_carea' id='block_1_13' title="bbox 333 828 1148 897">
    <p class='ocr_par' dir='ltr' id='par_1_13' title="bbox 333 828 1148 897">
     <span class='ocr_line' id='line_1_13' title="bbox 333 828 1148 897; baseline 0.002 -15"><span class='ocrx_word' id='word_1_62' title='bbox 333 828 630 897; x_wconf 79' lang='lat' dir='ltr'><strong><em>exemplari</em></strong></span> <span class='ocrx_word' id='word_1_63' title='bbox 665 830 998 891; x_wconf 85' lang='lat' dir='ltr'><strong><em>describens,</em></strong></span> <span class='ocrx_word' id='word_1_64' title='bbox 1026 831 1102 885; x_wconf 88' lang='lat' dir='ltr'><strong><em>ait</em></strong></span> <span class='ocrx_word' id='word_1_65' title='bbox 1133 848 1148 884; x_wconf 93' lang='lat'><strong>:</strong></span> 
     </span>
    </p>
   </div>
   <div class='ocr_carea' id='block_1_14' title="bbox 330 920 1909 997">
    <p class='ocr_par' dir='ltr' id='par_1_14' title="bbox 330 920 1909 997">
     <span class='ocr_line' id='line_1_14' title="bbox 330 920 1909 997; baseline 0.006 -24"><span class='ocrx_word' id='word_1_66' title='bbox 330 921 494 994; x_wconf 76' lang='lat'><strong><em>675</em></strong></span> <span class='ocrx_word' id='word_1_67' title='bbox 523 920 745 976; x_wconf 86' lang='lat' dir='ltr'><strong><em>Fecerat</em></strong></span> <span class='ocrx_word' id='word_1_68' title='bbox 775 921 859 976; x_wconf 84' lang='lat' dir='ltr'><strong><em>Iu&#39;c</em></strong></span> <span class='ocrx_word' id='word_1_69' title='bbox 890 935 1060 978; x_wconf 86' lang='lat' dir='ltr'><strong><em>terras</em></strong></span> <span class='ocrx_word' id='word_1_70' title='bbox 1080 964 1096 990; x_wconf 92' lang='lat'><strong><em>,</em></strong></span> <span class='ocrx_word' id='word_1_71' title='bbox 1129 923 1415 994; x_wconf 73' lang='lat' dir='ltr'><strong><em>caelumque</em></strong></span> <span class='ocrx_word' id='word_1_72' title='bbox 1438 966 1454 992; x_wconf 94' lang='lat'><strong><em>,</em></strong></span> <span class='ocrx_word' id='word_1_73' title='bbox 1486 925 1759 997; x_wconf 71' lang='lat' dir='ltr'><strong><em>satumque</em></strong></span> <span class='ocrx_word' id='word_1_74' title='bbox 1785 943 1909 995; x_wconf 89' lang='lat' dir='ltr'><strong><em>pro-</em></strong></span> 
     </span>
    </p>
   </div>
   <div class='ocr_carea' id='block_1_15' title="bbox 331 995 1833 1135">
    <p class='ocr_par' dir='ltr' id='par_1_15' title="bbox 331 995 1833 1135">
     <span class='ocr_line' id='line_1_15' title="bbox 331 995 1833 1135; baseline 0.003 -19"><span class='ocrx_word' id='word_1_75' title='bbox 331 1066 877 1134; x_wconf 83' lang='lat' dir='ltr'><strong><em>Astraquepurpurea</em></strong></span> <span class='ocrx_word' id='word_1_76' title='bbox 897 1064 1080 1118; x_wconf 74' lang='lat' dir='ltr'><strong><em>caelum</em></strong></span> <span class='ocrx_word' id='word_1_77' title='bbox 1105 1081 1222 1135; x_wconf 77' lang='lat' dir='ltr'><strong><em>qua:</em></strong></span> <span class='ocrx_word' id='word_1_78' title='bbox 1243 1065 1356 1119; x_wconf 86' lang='lat' dir='ltr'><strong><em>luce</em></strong></span> <span class='ocrx_word' id='word_1_79' title='bbox 1385 995 1833 1121; x_wconf 49' lang='lat' dir='ltr'><strong><em>COfOﬂEIIgj‘dum’</em></strong></span> 
     </span>
    </p>
   </div>
   <div class='ocr_carea' id='block_1_16' title="bbox 329 1243 1908 1324">
    <p class='ocr_par' dir='ltr' id='par_1_16' title="bbox 329 1243 1908 1324">
     <span class='ocr_line' id='line_1_16' title="bbox 329 1243 1908 1324; baseline 0.001 -26"><span class='ocrx_word' id='word_1_80' title='bbox 329 1243 433 1311; x_wconf 83' lang='lat' dir='ltr'><strong><em>Qui</em></strong></span> <span class='ocrx_word' id='word_1_81' title='bbox 460 1245 603 1300; x_wconf 91' lang='lat' dir='ltr'><strong><em>enim</em></strong></span> <span class='ocrx_word' id='word_1_82' title='bbox 639 1254 691 1300; x_wconf 88' lang='lat' dir='ltr'><strong><em>et</em></strong></span> <span class='ocrx_word' id='word_1_83' title='bbox 720 1255 1103 1324; x_wconf 86' lang='lat' dir='ltr'><strong><em>poetarum,_et</em></strong></span> <span class='ocrx_word' id='word_1_84' title='bbox 1135 1256 1416 1301; x_wconf 90' lang='lat' dir='ltr'><strong><em>oratorum</em></strong></span> <span class='ocrx_word' id='word_1_85' title='bbox 1439 1246 1666 1302; x_wconf 81' lang='lat' dir='ltr'><strong><em>vocibus</em></strong></span> <span class='ocrx_word' id='word_1_86' title='bbox 1697 1245 1908 1316; x_wconf 84' lang='lat' dir='ltr'><strong><em>Jupiter</em></strong></span> 
     </span>
    </p>
   </div>
   <div class='ocr_carea' id='block_1_17' title="bbox 327 1337 1904 1410">
    <p class='ocr_par' dir='ltr' id='par_1_17' title="bbox 327 1337 1904 1410">
     <span class='ocr_line' id='line_1_17' title="bbox 327 1337 1904 1410; baseline 0.001 -18"><span class='ocrx_word' id='word_1_87' title='bbox 327 1339 652 1402; x_wconf 77' lang='lat' dir='ltr'><strong><em>celebratur,</em></strong></span> <span class='ocrx_word' id='word_1_88' title='bbox 687 1339 733 1393; x_wconf 89' lang='lat' dir='ltr'><strong><em>is</em></strong></span> <span class='ocrx_word' id='word_1_89' title='bbox 766 1339 994 1393; x_wconf 89' lang='lat' dir='ltr'><strong>omnino</strong></span> <span class='ocrx_word' id='word_1_90' title='bbox 1027 1339 1194 1394; x_wconf 88' lang='lat' dir='ltr'><strong><em>Deum</em></strong></span> <span class='ocrx_word' id='word_1_91' title='bbox 1227 1339 1517 1410; x_wconf 85' lang='lat' dir='ltr'><strong><em>significat.</em></strong></span> <span class='ocrx_word' id='word_1_92' title='bbox 1552 1337 1672 1393; x_wconf 82' lang='lat' dir='ltr'><strong><em>Jam</em></strong></span> <span class='ocrx_word' id='word_1_93' title='bbox 1709 1337 1904 1393; x_wconf 84' lang='lat' dir='ltr'><strong><em>Demo—</em></strong></span> 
     </span>
    </p>
   </div>
   <div class='ocr_carea' id='block_1_18' title="bbox 2025 919 3584 991">
    <p class='ocr_par' dir='ltr' id='par_1_18' title="bbox 2025 919 3584 991">
     <span class='ocr_line' id='line_1_18' title="bbox 2025 919 3584 991; baseline 0.001 -15"><span class='ocrx_word' id='word_1_94' title='bbox 2025 922 2128 976; x_wconf 83' lang='grc' dir='ltr'><strong><em>Ἐν</em></strong></span> <span class='ocrx_word' id='word_1_95' title='bbox 2155 920 2271 991; x_wconf 83' lang='grc' dir='ltr'><strong><em>μὲν</em></strong></span> <span class='ocrx_word' id='word_1_96' title='bbox 2298 919 2473 991; x_wconf 69' lang='grc' dir='ltr'>γαῖαν</span> <span class='ocrx_word' id='word_1_97' title='bbox 2501 921 2712 987; x_wconf 76' lang='grc' dir='ltr'>ἔτευξ’,</span> <span class='ocrx_word' id='word_1_98' title='bbox 2755 922 2825 974; x_wconf 79' lang='grc' dir='ltr'><strong><em>ἐν</em></strong></span> <span class='ocrx_word' id='word_1_99' title='bbox 2861 921 2912 974; x_wconf 78' lang='grc' dir='ltr'>δ’</span> <span class='ocrx_word' id='word_1_100' title='bbox 2952 924 3230 991; x_wconf 67' lang='grc' dir='ltr'>οίφανὸν,</span> <span class='ocrx_word' id='word_1_101' title='bbox 3268 925 3338 977; x_wconf 75' lang='grc' dir='ltr'><strong><em>ἐν</em></strong></span> <span class='ocrx_word' id='word_1_102' title='bbox 3367 925 3436 978; x_wconf 83' lang='grc' dir='ltr'>δὲ</span> <span class='ocrx_word' id='word_1_103' title='bbox 3479 926 3584 981; x_wconf 75' lang='lat' dir='ltr'><strong><em>0d-</em></strong></span> 
     </span>
    </p>
   </div>
   <div class='ocr_carea' id='block_1_19' title="bbox 3005 992 3509 1065">
    <p class='ocr_par' dir='ltr' id='par_1_19' title="bbox 3005 992 3509 1065">
     <span class='ocr_line' id='line_1_19' title="bbox 3005 992 3509 1065; baseline 0.004 -19"><span class='ocrx_word' id='word_1_104' title='bbox 3005 992 3295 1064; x_wconf 76' lang='grc' dir='ltr'>[λασσαν,</span> <span class='ocrx_word' id='word_1_105' title='bbox 3326 997 3509 1065; x_wconf 67' lang='grc' dir='ltr'>φησὶν,</span> 
     </span>
    </p>
   </div>
   <div class='ocr_carea' id='block_1_20' title="bbox 2025 1060 3583 1208">
    <p class='ocr_par' dir='ltr' id='par_1_20' title="bbox 2025 1060 3583 1208">
     <span class='ocr_line' id='line_1_20' title="bbox 2025 1060 3583 1208; baseline 0.003 -93"><span class='ocrx_word' id='word_1_106' title='bbox 2025 1063 2128 1115; x_wconf 78' lang='grc' dir='ltr'><em>Ἐν</em></span> <span class='ocrx_word' id='word_1_107' title='bbox 2159 1060 2226 1114; x_wconf 84' lang='grc' dir='ltr'>δὲ</span> <span class='ocrx_word' id='word_1_108' title='bbox 2269 1060 2341 1114; x_wconf 79' lang='grc' dir='ltr'>τὰ</span> <span class='ocrx_word' id='word_1_109' title='bbox 2371 1061 2564 1130; x_wconf 77' lang='grc' dir='ltr'><strong><em>τείρεα</em></strong></span> <span class='ocrx_word' id='word_1_110' title='bbox 2594 1060 2790 1118; x_wconf 79' lang='grc' dir='ltr'>πάντα</span> <span class='ocrx_word' id='word_1_111' title='bbox 2808 1104 2822 1128; x_wconf 90' lang='grc'><strong><em>,</em></strong></span> <span class='ocrx_word' id='word_1_112' title='bbox 2855 1062 2926 1117; x_wconf 83' lang='grc' dir='ltr'>τά</span> <span class='ocrx_word' id='word_1_113' title='bbox 2958 1060 3023 1116; x_wconf 70' lang='grc' dir='ltr'><strong><em>τ’“</em></strong></span> <span class='ocrx_word' id='word_1_114' title='bbox 3048 1065 3304 1208; x_wconf 57' lang='lat' dir='ltr'><strong><em>cupas-eq</em></strong></span> <span class='ocrx_word' id='word_1_115' title='bbox 3327 1060 3583 1136; x_wconf 62' lang='grc' dir='ltr'><strong><em>ἐᾶτεφὰ-</em></strong></span> 
     </span>
     <span class='ocr_line' id='line_1_21' title="bbox 3310 1153 3504 1191; baseline 0.005 -1"><span class='ocrx_word' id='word_1_116' title='bbox 3310 1153 3504 1191; x_wconf 84' lang='grc' dir='ltr'>νωται.</span> 
     </span>
    </p>
   </div>
   <div class='ocr_carea' id='block_1_21' title="bbox 2023 1242 3582 1316">
    <p class='ocr_par' dir='ltr' id='par_1_21' title="bbox 2023 1242 3582 1316">
     <span class='ocr_line' id='line_1_22' title="bbox 2023 1242 3582 1316; baseline -0.002 -19"><span class='ocrx_word' id='word_1_117' title='bbox 2023 1244 2081 1297; x_wconf 87' lang='grc' dir='ltr'>Ὁ</span> <span class='ocrx_word' id='word_1_118' title='bbox 2111 1243 2219 1316; x_wconf 92' lang='grc' dir='ltr'><strong><em>γάρ</em></strong></span> <span class='ocrx_word' id='word_1_119' title='bbox 2257 1243 2344 1296; x_wconf 93' lang='grc' dir='ltr'><strong><em>διά</em></strong></span> <span class='ocrx_word' id='word_1_120' title='bbox 2394 1242 2502 1296; x_wconf 86' lang='grc' dir='ltr'><strong><em>τῶν</em></strong></span> <span class='ocrx_word' id='word_1_121' title='bbox 2546 1243 2861 1315; x_wconf 72' lang='grc' dir='ltr'><strong><em>ποιημάτων</em></strong></span> <span class='ocrx_word' id='word_1_122' title='bbox 2913 1245 3005 1296; x_wconf 72' lang='grc' dir='ltr'>καὶ</span> <span class='ocrx_word' id='word_1_123' title='bbox 3049 1243 3156 1296; x_wconf 89' lang='grc' dir='ltr'><strong><em>τῶν</em></strong></span> <span class='ocrx_word' id='word_1_124' title='bbox 3208 1243 3582 1313; x_wconf 68' lang='grc' dir='ltr'><strong><em>καταλογάδην</em></strong></span> 
     </span>
    </p>
   </div>
   <div class='ocr_carea' id='block_1_22' title="bbox 2012 1337 3581 1410">
    <p class='ocr_par' dir='ltr' id='par_1_22' title="bbox 2012 1337 3581 1410">
     <span class='ocr_line' id='line_1_23' title="bbox 2012 1337 3581 1410; baseline -0.001 -19"><span class='ocrx_word' id='word_1_125' title='bbox 2012 1339 2457 1410; x_wconf 81' lang='grc' dir='ltr'>συγγραμμάτων</span> <span class='ocrx_word' id='word_1_126' title='bbox 2492 1337 2746 1410; x_wconf 78' lang='grc' dir='ltr'>ᾁδόμενος</span> <span class='ocrx_word' id='word_1_127' title='bbox 2795 1341 2948 1402; x_wconf 77' lang='grc' dir='ltr'>Ζεὺς,</span> <span class='ocrx_word' id='word_1_128' title='bbox 2978 1339 3072 1410; x_wconf 79' lang='grc' dir='ltr'><strong><em>τὴν</em></strong></span> <span class='ocrx_word' id='word_1_129' title='bbox 3105 1340 3308 1392; x_wconf 77' lang='grc' dir='ltr'>ἔννοιαν</span> <span class='ocrx_word' id='word_1_130' title='bbox 3349 1338 3440 1391; x_wconf 79' lang='grc' dir='ltr'><strong><em>ἐπὶ</em></strong></span> <span class='ocrx_word' id='word_1_131' title='bbox 3486 1339 3581 1391; x_wconf 70' lang='grc' dir='ltr'>τὸν</span> 
     </span>
    </p>
   </div>
   <div class='ocr_carea' id='block_1_23' title="bbox 325 1431 1872 1503">
    <p class='ocr_par' dir='ltr' id='par_1_23' title="bbox 325 1431 1872 1503">
     <span class='ocr_line' id='line_1_24' title="bbox 325 1431 1872 1503; baseline -0.001 -17"><span class='ocrx_word' id='word_1_132' title='bbox 325 1432 517 1496; x_wconf 84' lang='lat' dir='ltr'><strong><em>critus,</em></strong></span> <span class='ocrx_word' id='word_1_133' title='bbox 552 1441 612 1487; x_wconf 89' lang='lat' dir='ltr'><strong><em>ut</em></strong></span> <span class='ocrx_word' id='word_1_134' title='bbox 642 1433 692 1487; x_wconf 89' lang='lat' dir='ltr'><strong><em>id</em></strong></span> <span class='ocrx_word' id='word_1_135' title='bbox 725 1447 944 1503; x_wconf 89' lang='lat' dir='ltr'><strong><em>quoque</em></strong></span> <span class='ocrx_word' id='word_1_136' title='bbox 988 1433 1189 1498; x_wconf 90' lang='lat' dir='ltr'><strong><em>dicam,</em></strong></span> <span class='ocrx_word' id='word_1_137' title='bbox 1220 1446 1426 1501; x_wconf 88' lang='lat' dir='ltr'><strong><em>paucos</em></strong></span> <span class='ocrx_word' id='word_1_138' title='bbox 1457 1431 1752 1486; x_wconf 83' lang='lat' dir='ltr'><strong>admodum</strong></span> <span class='ocrx_word' id='word_1_139' title='bbox 1802 1431 1872 1486; x_wconf 94' lang='lat' dir='ltr'><strong><em>ho</em></strong></span> 
     </span>
    </p>
   </div>
   <div class='ocr_carea' id='block_1_24' title="bbox 1981 1431 3581 1503">
    <p class='ocr_par' dir='ltr' id='par_1_24' title="bbox 2007 1431 3581 1501">
     <span class='ocr_line' id='line_1_25' title="bbox 2007 1431 3581 1501; baseline -0.001 -17"><span class='ocrx_word' id='word_1_140' title='bbox 2007 1431 2140 1484; x_wconf 82' lang='grc' dir='ltr'>Θεὸν</span> <span class='ocrx_word' id='word_1_141' title='bbox 2185 1431 2466 1501; x_wconf 68' lang='grc' dir='ltr'>ἀναφέρει.</span> <span class='ocrx_word' id='word_1_142' title='bbox 2517 1431 2656 1501; x_wconf 79' lang='grc' dir='ltr'>’Ἤδη</span> <span class='ocrx_word' id='word_1_143' title='bbox 2704 1431 2789 1494; x_wconf 83' lang='grc' dir='ltr'><strong><em>δὲ,</em></strong></span> <span class='ocrx_word' id='word_1_144' title='bbox 2831 1431 2906 1495; x_wconf 83' lang='grc' dir='ltr'>ὡς</span> <span class='ocrx_word' id='word_1_145' title='bbox 2956 1433 3162 1493; x_wconf 87' lang='grc' dir='ltr'>εἰπεῖν,</span> <span class='ocrx_word' id='word_1_146' title='bbox 3194 1432 3283 1484; x_wconf 77' lang='grc' dir='ltr'><strong><em>ὑπ’</em></strong></span> <span class='ocrx_word' id='word_1_147' title='bbox 3324 1431 3498 1498; x_wconf 82' lang='grc' dir='ltr'>αύγάς</span> <span class='ocrx_word' id='word_1_148' title='bbox 3550 1433 3581 1483; x_wconf 79' lang='grc' dir='ltr'>ὁ</span> 
     </span>
    </p>
   </div>
   <div class='ocr_carea' id='block_1_25' title="bbox 326 1524 1896 1595">
    <p class='ocr_par' dir='ltr' id='par_1_25' title="bbox 326 1524 1896 1595">
     <span class='ocr_line' id='line_1_26' title="bbox 326 1524 1896 1595; baseline 0 -17"><span class='ocrx_word' id='word_1_149' title='bbox 326 1525 502 1580; x_wconf 88' lang='lat' dir='ltr'><strong><em>mines</em></strong></span> <span class='ocrx_word' id='word_1_150' title='bbox 529 1527 700 1580; x_wconf 87' lang='lat' dir='ltr'><strong><em>lucem</em></strong></span> <span class='ocrx_word' id='word_1_151' title='bbox 723 1525 918 1580; x_wconf 90' lang='lat' dir='ltr'><strong><em>intueri</em></strong></span> <span class='ocrx_word' id='word_1_152' title='bbox 940 1525 1034 1591; x_wconf 86' lang='lat' dir='ltr'><strong><em>ait,</em></strong></span> <span class='ocrx_word' id='word_1_153' title='bbox 1058 1543 1076 1576; x_wconf 82' lang='grc' dir='ltr'><strong><em>ι</em></strong></span> <span class='ocrx_word' id='word_1_154' title='bbox 1097 1524 1190 1595; x_wconf 90' lang='lat' dir='ltr'><strong><em>qui</em></strong></span> <span class='ocrx_word' id='word_1_155' title='bbox 1219 1540 1413 1579; x_wconf 88' lang='lat' dir='ltr'><strong><em>manus</em></strong></span> <span class='ocrx_word' id='word_1_156' title='bbox 1439 1525 1505 1579; x_wconf 89' lang='lat' dir='ltr'><strong><em>ad</em></strong></span> <span class='ocrx_word' id='word_1_157' title='bbox 1528 1539 1651 1578; x_wconf 85' lang='lat' dir='ltr'><strong><em>eum</em></strong></span> <span class='ocrx_word' id='word_1_158' title='bbox 1685 1524 1896 1590; x_wconf 90' lang='lat' dir='ltr'><strong><em>tollant,</em></strong></span> 
     </span>
    </p>
   </div>
   <div class='ocr_carea' id='block_1_26' title="bbox 2007 1519 3582 1595">
    <p class='ocr_par' dir='ltr' id='par_1_26' title="bbox 2007 1519 3582 1595">
     <span class='ocr_line' id='line_1_27' title="bbox 2007 1519 3582 1595; baseline 0.001 -21"><span class='ocrx_word' id='word_1_159' title='bbox 2007 1521 2342 1594; x_wconf 85' lang='grc' dir='ltr'>Δημόκριτος</span> <span class='ocrx_word' id='word_1_160' title='bbox 2382 1519 2522 1576; x_wconf 83' lang='grc' dir='ltr'>εἷναί</span> <span class='ocrx_word' id='word_1_161' title='bbox 2549 1541 2698 1587; x_wconf 89' lang='grc' dir='ltr'>τινας</span> <span class='ocrx_word' id='word_1_162' title='bbox 2734 1523 2946 1592; x_wconf 76' lang='grc' dir='ltr'><strong><em>ὀλίγους</em></strong></span> <span class='ocrx_word' id='word_1_163' title='bbox 2994 1524 3190 1595; x_wconf 60' lang='grc' dir='ltr'>γράφει</span> <span class='ocrx_word' id='word_1_164' title='bbox 3223 1523 3330 1577; x_wconf 90' lang='grc' dir='ltr'><strong><em>τῶν</em></strong></span> <span class='ocrx_word' id='word_1_165' title='bbox 3371 1522 3582 1594; x_wconf 84' lang='grc' dir='ltr'>ἀνθρώ-</span> 
     </span>
    </p>
   </div>
   <div class='ocr_carea' id='block_1_27' title="bbox 323 1611 1872 1688">
    <p class='ocr_par' dir='ltr' id='par_1_27' title="bbox 323 1617 1865 1688">
     <span class='ocr_line' id='line_1_28' title="bbox 323 1617 1865 1688; baseline 0.001 -18"><span class='ocrx_word' id='word_1_166' title='bbox 323 1632 483 1687; x_wconf 87' lang='lat' dir='ltr'><strong><em>quem</em></strong></span> <span class='ocrx_word' id='word_1_167' title='bbox 511 1633 610 1672; x_wconf 92' lang='lat' dir='ltr'><strong><em>nos</em></strong></span> <span class='ocrx_word' id='word_1_168' title='bbox 633 1617 802 1673; x_wconf 68' lang='lat' dir='ltr'><strong><em>Graeci</em></strong></span> <span class='ocrx_word' id='word_1_169' title='bbox 832 1633 1012 1673; x_wconf 90' lang='lat' dir='ltr'><strong><em>aerem</em></strong></span> <span class='ocrx_word' id='word_1_170' title='bbox 1040 1634 1186 1673; x_wconf 91' lang='lat' dir='ltr'><strong><em>nunc</em></strong></span> <span class='ocrx_word' id='word_1_171' title='bbox 1211 1633 1494 1674; x_wconf 86' lang='lat' dir='ltr'><strong><em>vocamus.</em></strong></span> <span class='ocrx_word' id='word_1_172' title='bbox 1518 1617 1728 1688; x_wconf 89' lang='lat' dir='ltr'><strong><em>Quippe</em></strong></span> <span class='ocrx_word' id='word_1_173' title='bbox 1754 1617 1865 1672; x_wconf 86' lang='lat' dir='ltr'><strong><em>fatu</em></strong></span> 
     </span>
    </p>
   </div>
   <div class='ocr_carea' id='block_1_28' title="bbox 1981 1611 3578 1688">
    <p class='ocr_par' dir='ltr' id='par_1_28' title="bbox 2003 1611 3578 1688">
     <span class='ocr_line' id='line_1_29' title="bbox 2003 1611 3578 1688; baseline 0.003 -21"><span class='ocrx_word' id='word_1_174' title='bbox 2003 1632 2141 1679; x_wconf 88' lang='grc' dir='ltr'>πων,</span> <span class='ocrx_word' id='word_1_175' title='bbox 2183 1634 2201 1666; x_wconf 75' lang='grc' dir='ltr'><strong><em>ι</em></strong></span> <span class='ocrx_word' id='word_1_176' title='bbox 2237 1615 2287 1668; x_wconf 89' lang='grc' dir='ltr'>οἳ</span> <span class='ocrx_word' id='word_1_177' title='bbox 2334 1615 2397 1687; x_wconf 81' lang='grc' dir='ltr'>δὴ</span> <span class='ocrx_word' id='word_1_178' title='bbox 2432 1617 2803 1681; x_wconf 83' lang='grc' dir='ltr'>ἀνατείναντες</span> <span class='ocrx_word' id='word_1_179' title='bbox 2837 1617 2935 1680; x_wconf 83' lang='grc' dir='ltr'>τὰς</span> <span class='ocrx_word' id='word_1_180' title='bbox 2984 1620 3171 1688; x_wconf 84' lang='grc' dir='ltr'>χεῖρας</span> <span class='ocrx_word' id='word_1_181' title='bbox 3216 1616 3480 1679; x_wconf 76' lang='grc' dir='ltr'>ἐνταῦθα,</span> <span class='ocrx_word' id='word_1_182' title='bbox 3515 1611 3578 1671; x_wconf 78' lang='grc' dir='ltr'>οὗ</span> 
     </span>
    </p>
   </div>
   <div class='ocr_carea' id='block_1_29' title="bbox 321 1707 1897 1780">
    <p class='ocr_par' dir='ltr' id='par_1_29' title="bbox 321 1707 1897 1780">
     <span class='ocr_line' id='line_1_30' title="bbox 321 1707 1897 1780; baseline 0 -16"><span class='ocrx_word' id='word_1_183' title='bbox 321 1709 505 1764; x_wconf 87' lang='lat' dir='ltr'><strong><em>omnia</em></strong></span> <span class='ocrx_word' id='word_1_184' title='bbox 552 1707 762 1779; x_wconf 71' lang='lat' dir='ltr'><strong><em>Jupiter</em></strong></span> <span class='ocrx_word' id='word_1_185' title='bbox 791 1750 806 1775; x_wconf 91' lang='lat'><strong><em>,</em></strong></span> <span class='ocrx_word' id='word_1_186' title='bbox 860 1709 1042 1763; x_wconf 86' lang='lat' dir='ltr'><strong><em>omnia</em></strong></span> <span class='ocrx_word' id='word_1_187' title='bbox 1091 1709 1259 1775; x_wconf 83' lang='lat' dir='ltr'><strong><em>novit,</em></strong></span> <span class='ocrx_word' id='word_1_188' title='bbox 1298 1711 1390 1762; x_wconf 90' lang='lat' dir='ltr'><strong><em>dat</em></strong></span> <span class='ocrx_word' id='word_1_189' title='bbox 1423 1708 1564 1763; x_wconf 89' lang='lat' dir='ltr'><strong><em>idem</em></strong></span> <span class='ocrx_word' id='word_1_190' title='bbox 1612 1709 1897 1780; x_wconf 80' lang='lat' dir='ltr'><strong><em>aufertque</em></strong></span> 
     </span>
    </p>
   </div>
   <div class='ocr_carea' id='block_1_30' title="bbox 320 1799 1891 1873">
    <p class='ocr_par' dir='ltr' id='par_1_30' title="bbox 320 1799 1891 1873">
     <span class='ocr_line' id='line_1_31' title="bbox 320 1799 1891 1873; baseline 0.001 -18"><span class='ocrx_word' id='word_1_191' title='bbox 320 1802 900 1873; x_wconf 89' lang='lat' dir='ltr'><strong><em>omnia,onmiumque</em></strong></span> <span class='ocrx_word' id='word_1_192' title='bbox 942 1818 1034 1856; x_wconf 81' lang='lat' dir='ltr'><strong><em>rex</em></strong></span> <span class='ocrx_word' id='word_1_193' title='bbox 1068 1810 1204 1856; x_wconf 67' lang='lat' dir='ltr'><strong><em>est.»</em></strong></span> <span class='ocrx_word' id='word_1_194' title='bbox 1239 1801 1307 1856; x_wconf 88' lang='lat' dir='ltr'><strong><em>At</em></strong></span> <span class='ocrx_word' id='word_1_195' title='bbox 1331 1800 1574 1856; x_wconf 67' lang='lat' dir='ltr'><strong><em>Bazotius</em></strong></span> <span class='ocrx_word' id='word_1_196' title='bbox 1602 1799 1891 1867; x_wconf 88' lang='lat' dir='ltr'><strong><em>Pindarus,</em></strong></span> 
     </span>
    </p>
   </div>
   <div class='ocr_carea' id='block_1_31' title="bbox 319 1893 1895 1967">
    <p class='ocr_par' dir='ltr' id='par_1_31' title="bbox 319 1893 1895 1967">
     <span class='ocr_line' id='line_1_32' title="bbox 319 1893 1895 1967; baseline -0.001 -16"><span class='ocrx_word' id='word_1_197' title='bbox 319 1897 510 1951; x_wconf 83' lang='lat' dir='ltr'><strong><em>altiore</em></strong></span> <span class='ocrx_word' id='word_1_198' title='bbox 570 1897 806 1967; x_wconf 88' lang='lat' dir='ltr'><strong><em>quodam</em></strong></span> <span class='ocrx_word' id='word_1_199' title='bbox 876 1895 1167 1967; x_wconf 81' lang='lat' dir='ltr'><strong><em>mysterio,</em></strong></span> <span class='ocrx_word' id='word_1_200' title='bbox 1224 1893 1598 1967; x_wconf 80' lang='lat' dir='ltr'><strong><em>Pythagoreus</em></strong></span> <span class='ocrx_word' id='word_1_201' title='bbox 1651 1896 1794 1950; x_wconf 89' lang='lat' dir='ltr'><strong><em>enim</em></strong></span> <span class='ocrx_word' id='word_1_202' title='bbox 1846 1896 1895 1950; x_wconf 86' lang='lat' dir='ltr'><strong><em>is</em></strong></span> 
     </span>
    </p>
   </div>
   <div class='ocr_carea' id='block_1_32' title="bbox 316 1999 454 2050">
    <p class='ocr_par' dir='ltr' id='par_1_32' title="bbox 316 1999 454 2050">
     <span class='ocr_line' id='line_1_33' title="bbox 316 1999 454 2050; baseline -0.014 -8"><span class='ocrx_word' id='word_1_203' title='bbox 316 1999 454 2050; x_wconf 88' lang='lat' dir='ltr'><strong><em>erat,</em></strong></span> 
     </span>
    </p>
   </div>
   <div class='ocr_carea' id='block_1_33' title="bbox 396 2101 1613 2169">
    <p class='ocr_par' dir='ltr' id='par_1_33' title="bbox 396 2101 1613 2169">
     <span class='ocr_line' id='line_1_34' title="bbox 396 2101 1613 2169; baseline 0.001 -16"><span class='ocrx_word' id='word_1_204' title='bbox 396 2101 600 2167; x_wconf 80' lang='lat' dir='ltr'><strong><em>Virum,</em></strong></span> <span class='ocrx_word' id='word_1_205' title='bbox 633 2101 828 2168; x_wconf 86' lang='lat' dir='ltr'><strong><em>inquit,</em></strong></span> <span class='ocrx_word' id='word_1_206' title='bbox 860 2117 1021 2154; x_wconf 82' lang='lat' dir='ltr'><strong><em>unum</em></strong></span> <span class='ocrx_word' id='word_1_207' title='bbox 1045 2109 1120 2155; x_wconf 87' lang='lat' dir='ltr'><strong><em>est</em></strong></span> <span class='ocrx_word' id='word_1_208' title='bbox 1154 2118 1216 2155; x_wconf 92' lang='lat' dir='ltr'><strong><em>ac</em></strong></span> <span class='ocrx_word' id='word_1_209' title='bbox 1244 2101 1399 2155; x_wconf 84' lang='lat' dir='ltr'><strong><em>deum</em></strong></span> <span class='ocrx_word' id='word_1_210' title='bbox 1432 2118 1613 2169; x_wconf 76' lang='lat' dir='ltr'><strong><em>genus.</em></strong></span> 
     </span>
    </p>
   </div>
   <div class='ocr_carea' id='block_1_34' title="bbox 389 2171 1590 2241">
    <p class='ocr_par' dir='ltr' id='par_1_34' title="bbox 389 2171 1590 2241">
     <span class='ocr_line' id='line_1_35' title="bbox 389 2171 1590 2241; baseline -0.001 -15"><span class='ocrx_word' id='word_1_211' title='bbox 389 2172 560 2226; x_wconf 79' lang='lat' dir='ltr'><strong><em>Matre</em></strong></span> <span class='ocrx_word' id='word_1_212' title='bbox 597 2173 845 2241; x_wconf 82' lang='lat' dir='ltr'><strong><em>spiritum</em></strong></span> <span class='ocrx_word' id='word_1_213' title='bbox 880 2171 1032 2225; x_wconf 87' lang='lat' dir='ltr'><strong><em>ambo</em></strong></span> <span class='ocrx_word' id='word_1_214' title='bbox 1058 2171 1330 2225; x_wconf 82' lang='lat' dir='ltr'><strong><em>hausimus</em></strong></span> <span class='ocrx_word' id='word_1_215' title='bbox 1366 2171 1428 2225; x_wconf 87' lang='lat' dir='ltr'><strong><em>ab</em></strong></span> <span class='ocrx_word' id='word_1_216' title='bbox 1466 2189 1590 2226; x_wconf 84' lang='lat' dir='ltr'><strong><em>una.</em></strong></span> 
     </span>
    </p>
   </div>
   <div class='ocr_carea' id='block_1_35' title="bbox 310 2280 1892 2354">
    <p class='ocr_par' dir='ltr' id='par_1_35' title="bbox 310 2280 1892 2354">
     <span class='ocr_line' id='line_1_36' title="bbox 310 2280 1892 2354; baseline 0.001 -17"><span class='ocrx_word' id='word_1_217' title='bbox 310 2280 502 2337; x_wconf 84' lang='lat' dir='ltr'><strong><em>Matris</em></strong></span> <span class='ocrx_word' id='word_1_218' title='bbox 549 2281 770 2335; x_wconf 83' lang='lat' dir='ltr'><strong><em>nomine</em></strong></span> <span class='ocrx_word' id='word_1_219' title='bbox 803 2281 1087 2336; x_wconf 86' lang='lat' dir='ltr'><strong><em>materiam</em></strong></span> <span class='ocrx_word' id='word_1_220' title='bbox 1141 2281 1410 2352; x_wconf 87' lang='lat' dir='ltr'><strong><em>intelligit,</em></strong></span> <span class='ocrx_word' id='word_1_221' title='bbox 1445 2297 1724 2352; x_wconf 91' lang='lat' dir='ltr'><strong><em>unumque</em></strong></span> <span class='ocrx_word' id='word_1_222' title='bbox 1753 2297 1892 2354; x_wconf 66' lang='lat' dir='ltr'><strong><em>prae-</em></strong></span> 
     </span>
    </p>
   </div>
   <div class='ocr_carea' id='block_1_36' title="bbox 307 2373 1889 2445">
    <p class='ocr_par' dir='ltr' id='par_1_36' title="bbox 307 2373 1889 2445">
     <span class='ocr_line' id='line_1_37' title="bbox 307 2373 1889 2445; baseline 0.001 -15"><span class='ocrx_word' id='word_1_223' title='bbox 307 2383 457 2430; x_wconf 89' lang='lat' dir='ltr'><strong><em>terea</em></strong></span> <span class='ocrx_word' id='word_1_224' title='bbox 513 2373 706 2428; x_wconf 91' lang='lat' dir='ltr'><strong><em>horum</em></strong></span> <span class='ocrx_word' id='word_1_225' title='bbox 757 2374 1060 2428; x_wconf 87' lang='lat' dir='ltr'><strong><em>molitorem</em></strong></span> <span class='ocrx_word' id='word_1_226' title='bbox 1093 2375 1336 2430; x_wconf 89' lang='lat' dir='ltr'><strong><em>omnium</em></strong></span> <span class='ocrx_word' id='word_1_227' title='bbox 1389 2375 1689 2439; x_wconf 86' lang='lat' dir='ltr'><strong><em>constituit,</em></strong></span> <span class='ocrx_word' id='word_1_228' title='bbox 1727 2391 1889 2445; x_wconf 89' lang='lat' dir='ltr'><strong><em>quem</em></strong></span> 
     </span>
    </p>
   </div>
   <div class='ocr_carea' id='block_1_37' title="bbox 309 2466 1890 2538">
    <p class='ocr_par' dir='ltr' id='par_1_37' title="bbox 309 2466 1890 2538">
     <span class='ocr_line' id='line_1_38' title="bbox 309 2466 1890 2538; baseline 0.003 -18"><span class='ocrx_word' id='word_1_229' title='bbox 309 2466 428 2536; x_wconf 87' lang='lat' dir='ltr'><strong><em>ipse</em></strong></span> <span class='ocrx_word' id='word_1_230' title='bbox 461 2476 737 2535; x_wconf 85' lang='lat' dir='ltr'><strong><em>parentem</em></strong></span> <span class='ocrx_word' id='word_1_231' title='bbox 772 2466 1181 2538; x_wconf 88' lang='grc' dir='ltr'>ἀριστοτέχναν,</span> <span class='ocrx_word' id='word_1_232' title='bbox 1227 2468 1328 2521; x_wconf 87' lang='lat' dir='ltr'><strong><em>hoc</em></strong></span> <span class='ocrx_word' id='word_1_233' title='bbox 1358 2476 1475 2532; x_wconf 90' lang='lat' dir='ltr'><strong><em>est,</em></strong></span> <span class='ocrx_word' id='word_1_234' title='bbox 1526 2468 1791 2537; x_wconf 89' lang='lat' dir='ltr'><strong><em>optimum</em></strong></span> <span class='ocrx_word' id='word_1_235' title='bbox 1824 2484 1890 2525; x_wconf 91' lang='lat' dir='ltr'><strong><em>ac</em></strong></span> 
     </span>
    </p>
   </div>
   <div class='ocr_carea' id='block_1_38' title="bbox 307 2559 1888 2633">
    <p class='ocr_par' dir='ltr' id='par_1_38' title="bbox 307 2559 1888 2633">
     <span class='ocr_line' id='line_1_39' title="bbox 307 2559 1888 2633; baseline 0.001 -17"><span class='ocrx_word' id='word_1_236' title='bbox 307 2559 774 2629; x_wconf 81' lang='lat' dir='ltr'><strong><em>sapientissimum</em></strong></span> <span class='ocrx_word' id='word_1_237' title='bbox 836 2561 1100 2614; x_wconf 89' lang='lat' dir='ltr'><strong><em>artiﬁcem</em></strong></span> <span class='ocrx_word' id='word_1_238' title='bbox 1160 2561 1441 2624; x_wconf 88' lang='lat' dir='ltr'><strong><em>nominat,</em></strong></span> <span class='ocrx_word' id='word_1_239' title='bbox 1502 2563 1592 2633; x_wconf 89' lang='lat' dir='ltr'><strong><em>qui</em></strong></span> <span class='ocrx_word' id='word_1_240' title='bbox 1643 2578 1741 2632; x_wconf 89' lang='lat' dir='ltr'><strong><em>pro</em></strong></span> <span class='ocrx_word' id='word_1_241' title='bbox 1788 2579 1888 2618; x_wconf 89' lang='lat' dir='ltr'><strong><em>sua</em></strong></span> 
     </span>
    </p>
   </div>
   <div class='ocr_carea' id='block_1_39' title="bbox 306 2651 1885 2722">
    <p class='ocr_par' dir='ltr' id='par_1_39' title="bbox 306 2651 1885 2722">
     <span class='ocr_line' id='line_1_40' title="bbox 306 2651 1885 2722; baseline 0.001 -17"><span class='ocrx_word' id='word_1_242' title='bbox 306 2655 579 2722; x_wconf 69' lang='lat' dir='ltr'><strong><em>quemQue</em></strong></span> <span class='ocrx_word' id='word_1_243' title='bbox 621 2651 904 2722; x_wconf 80' lang='lat' dir='ltr'><strong><em>dignitate,</em></strong></span> <span class='ocrx_word' id='word_1_244' title='bbox 952 2651 1018 2706; x_wconf 91' lang='lat' dir='ltr'><strong><em>ad</em></strong></span> <span class='ocrx_word' id='word_1_245' title='bbox 1055 2651 1225 2720; x_wconf 91' lang='lat' dir='ltr'><strong><em>ipsam</em></strong></span> <span class='ocrx_word' id='word_1_246' title='bbox 1277 2667 1496 2722; x_wconf 90' lang='lat' dir='ltr'><strong><em>quoque</em></strong></span> <span class='ocrx_word' id='word_1_247' title='bbox 1547 2653 1885 2707; x_wconf 77' lang='lat' dir='ltr'><strong><em>divinitatem</em></strong></span> 
     </span>
    </p>
   </div>
   <div class='ocr_carea' id='block_1_40' title="bbox 306 2740 1887 2813">
    <p class='ocr_par' dir='ltr' id='par_1_40' title="bbox 306 2740 1887 2813">
     <span class='ocr_line' id='line_1_41' title="bbox 306 2740 1887 2813; baseline 0.003 -17"><span class='ocrx_word' id='word_1_248' title='bbox 306 2744 586 2813; x_wconf 81' lang='lat' dir='ltr'><strong><em>provehat.</em></strong></span> <span class='ocrx_word' id='word_1_249' title='bbox 635 2740 916 2798; x_wconf 81' lang='lat' dir='ltr'><strong><em>Platonem</em></strong></span> <span class='ocrx_word' id='word_1_250' title='bbox 956 2742 1100 2797; x_wconf 89' lang='lat' dir='ltr'><strong><em>enim</em></strong></span> <span class='ocrx_word' id='word_1_251' title='bbox 1150 2753 1437 2812; x_wconf 83' lang='lat' dir='ltr'><strong><em>praetereo,</em></strong></span> <span class='ocrx_word' id='word_1_252' title='bbox 1467 2743 1558 2812; x_wconf 92' lang='lat' dir='ltr'><strong><em>qui</em></strong></span> <span class='ocrx_word' id='word_1_253' title='bbox 1608 2745 1783 2812; x_wconf 90' lang='lat' dir='ltr'><strong><em>palam</em></strong></span> <span class='ocrx_word' id='word_1_254' title='bbox 1821 2762 1887 2802; x_wconf 89' lang='lat' dir='ltr'><strong><em>ac</em></strong></span> 
     </span>
    </p>
   </div>
   <div class='ocr_carea' id='block_1_41' title="bbox 302 2834 1880 2906">
    <p class='ocr_par' dir='ltr' id='par_1_41' title="bbox 302 2834 1880 2906">
     <span class='ocr_line' id='line_1_42' title="bbox 302 2834 1880 2906; baseline 0.003 -17"><span class='ocrx_word' id='word_1_255' title='bbox 302 2837 610 2906; x_wconf 87' lang='lat' dir='ltr'><strong><em>perspicue,</em></strong></span> <span class='ocrx_word' id='word_1_256' title='bbox 651 2836 705 2889; x_wconf 91' lang='lat' dir='ltr'><strong><em>in</em></strong></span> <span class='ocrx_word' id='word_1_257' title='bbox 758 2851 820 2889; x_wconf 91' lang='lat' dir='ltr'><strong><em>ea</em></strong></span> <span class='ocrx_word' id='word_1_258' title='bbox 873 2851 1036 2905; x_wconf 88' lang='lat' dir='ltr'><strong><em>quam</em></strong></span> <span class='ocrx_word' id='word_1_259' title='bbox 1089 2835 1154 2889; x_wconf 91' lang='lat' dir='ltr'><strong><em>ad</em></strong></span> <span class='ocrx_word' id='word_1_260' title='bbox 1205 2834 1457 2890; x_wconf 87' lang='lat' dir='ltr'><strong><em>Erastum</em></strong></span> <span class='ocrx_word' id='word_1_261' title='bbox 1494 2845 1547 2892; x_wconf 88' lang='lat' dir='ltr'><strong><em>et</em></strong></span> <span class='ocrx_word' id='word_1_262' title='bbox 1601 2837 1880 2894; x_wconf 89' lang='lat' dir='ltr'><strong><em>Coriscum</em></strong></span> 
     </span>
    </p>
   </div>
   <div class='ocr_carea' id='block_1_42' title="bbox 303 2921 1880 2998">
    <p class='ocr_par' dir='ltr' id='par_1_42' title="bbox 303 2921 1880 2998">
     <span class='ocr_line' id='line_1_43' title="bbox 303 2921 1880 2998; baseline 0.005 -22"><span class='ocrx_word' id='word_1_263' title='bbox 303 2922 494 2976; x_wconf 83' lang='lat' dir='ltr'><strong><em>scribit</em></strong></span> <span class='ocrx_word' id='word_1_264' title='bbox 519 2921 768 2991; x_wconf 86' lang='lat' dir='ltr'><strong><em>epistola,</em></strong></span> <span class='ocrx_word' id='word_1_265' title='bbox 797 2921 1011 2977; x_wconf 85' lang='lat' dir='ltr'><strong><em>Patrem</em></strong></span> <span class='ocrx_word' id='word_1_266' title='bbox 1036 2939 1100 2978; x_wconf 89' lang='lat' dir='ltr'><strong><em>ac</em></strong></span> <span class='ocrx_word' id='word_1_267' title='bbox 1123 2922 1342 2990; x_wconf 88' lang='lat' dir='ltr'><strong><em>Filium,</em></strong></span> <span class='ocrx_word' id='word_1_268' title='bbox 1361 2925 1544 2981; x_wconf 88' lang='lat' dir='ltr'><strong><em>nescio</em></strong></span> <span class='ocrx_word' id='word_1_269' title='bbox 1568 2943 1676 2997; x_wconf 85' lang='lat' dir='ltr'><strong><em>quo</em></strong></span> <span class='ocrx_word' id='word_1_270' title='bbox 1701 2939 1880 2998; x_wconf 87' lang='lat' dir='ltr'><strong><em>pacto,</em></strong></span> 
     </span>
    </p>
   </div>
   <div class='ocr_carea' id='block_1_43' title="bbox 300 3011 1881 3087">
    <p class='ocr_par' dir='ltr' id='par_1_43' title="bbox 300 3011 1881 3087">
     <span class='ocr_line' id='line_1_44' title="bbox 300 3011 1881 3087; baseline 0.006 -21"><span class='ocrx_word' id='word_1_271' title='bbox 300 3026 365 3066; x_wconf 81' lang='lat' dir='ltr'><strong><em>ex</em></strong></span> <span class='ocrx_word' id='word_1_272' title='bbox 404 3011 682 3068; x_wconf 86' lang='lat' dir='ltr'><strong><em>Hebraicis</em></strong></span> <span class='ocrx_word' id='word_1_273' title='bbox 715 3013 906 3068; x_wconf 79' lang='lat' dir='ltr'><strong><em>litteris</em></strong></span> <span class='ocrx_word' id='word_1_274' title='bbox 945 3015 1119 3082; x_wconf 89' lang='lat' dir='ltr'><strong><em>palam</em></strong></span> <span class='ocrx_word' id='word_1_275' title='bbox 1150 3031 1214 3068; x_wconf 93' lang='lat' dir='ltr'><strong><em>ac</em></strong></span> <span class='ocrx_word' id='word_1_276' title='bbox 1245 3015 1530 3072; x_wconf 79' lang='lat' dir='ltr'><strong><em>manifeste</em></strong></span> <span class='ocrx_word' id='word_1_277' title='bbox 1558 3020 1752 3087; x_wconf 89' lang='lat' dir='ltr'><strong><em>aperit,</em></strong></span> <span class='ocrx_word' id='word_1_278' title='bbox 1792 3021 1881 3075; x_wconf 92' lang='lat' dir='ltr'><strong><em>ubi</em></strong></span> 
     </span>
    </p>
   </div>
   <div class='ocr_carea' id='block_1_44' title="bbox 300 3104 1878 3177">
    <p class='ocr_par' dir='ltr' id='par_1_44' title="bbox 300 3104 1878 3177">
     <span class='ocr_line' id='line_1_45' title="bbox 300 3104 1878 3177; baseline 0.003 -17"><span class='ocrx_word' id='word_1_279' title='bbox 300 3104 380 3160; x_wconf 84' lang='lat' dir='ltr'><strong><em>sic</em></strong></span> <span class='ocrx_word' id='word_1_280' title='bbox 405 3121 500 3160; x_wconf 92' lang='lat' dir='ltr'><strong><em>eos</em></strong></span> <span class='ocrx_word' id='word_1_281' title='bbox 537 3107 785 3159; x_wconf 87' lang='lat' dir='ltr'><strong><em>hortatur</em></strong></span> <span class='ocrx_word' id='word_1_282' title='bbox 813 3121 826 3158; x_wconf 88' lang='lat'><strong>:</strong></span> <span class='ocrx_word' id='word_1_283' title='bbox 868 3123 888 3156; x_wconf 75' lang='grc' dir='ltr'><strong><em>ι</em></strong></span> <span class='ocrx_word' id='word_1_284' title='bbox 923 3105 1057 3158; x_wconf 87' lang='lat' dir='ltr'><strong><em>Dum</em></strong></span> <span class='ocrx_word' id='word_1_285' title='bbox 1082 3106 1302 3176; x_wconf 90' lang='lat' dir='ltr'><strong><em>juratis,</em></strong></span> <span class='ocrx_word' id='word_1_286' title='bbox 1333 3108 1527 3177; x_wconf 86' lang='lat' dir='ltr'><strong><em>inquit,</em></strong></span> <span class='ocrx_word' id='word_1_287' title='bbox 1561 3125 1666 3164; x_wconf 90' lang='lat' dir='ltr'><strong><em>non</em></strong></span> <span class='ocrx_word' id='word_1_288' title='bbox 1702 3111 1878 3166; x_wconf 86' lang='lat' dir='ltr'><strong><em>illibe-</em></strong></span> 
     </span>
    </p>
   </div>
   <div class='ocr_carea' id='block_1_45' title="bbox 298 3196 1879 3271">
    <p class='ocr_par' dir='ltr' id='par_1_45' title="bbox 298 3196 1879 3271">
     <span class='ocr_line' id='line_1_46' title="bbox 298 3196 1879 3271; baseline 0.006 -23"><span class='ocrx_word' id='word_1_289' title='bbox 298 3196 422 3262; x_wconf 79' lang='lat' dir='ltr'><strong><em>rali,</em></strong></span> <span class='ocrx_word' id='word_1_290' title='bbox 455 3211 518 3250; x_wconf 85' lang='lat' dir='ltr'><strong><em>ac</em></strong></span> <span class='ocrx_word' id='word_1_291' title='bbox 547 3197 711 3252; x_wconf 87' lang='lat' dir='ltr'><strong><em>studii</em></strong></span> <span class='ocrx_word' id='word_1_292' title='bbox 747 3211 937 3251; x_wconf 89' lang='lat' dir='ltr'><strong><em>sorore</em></strong></span> <span class='ocrx_word' id='word_1_293' title='bbox 966 3196 1212 3252; x_wconf 85' lang='lat' dir='ltr'><strong><em>doctrina</em></strong></span> <span class='ocrx_word' id='word_1_294' title='bbox 1243 3210 1434 3252; x_wconf 89' lang='lat' dir='ltr'><strong><em>mutuo</em></strong></span> <span class='ocrx_word' id='word_1_295' title='bbox 1457 3200 1756 3270; x_wconf 86' lang='lat' dir='ltr'><strong><em>conjuncti,</em></strong></span> <span class='ocrx_word' id='word_1_296' title='bbox 1783 3217 1879 3271; x_wconf 89' lang='lat' dir='ltr'><strong><em>per</em></strong></span> 
     </span>
    </p>
   </div>
   <div class='ocr_carea' id='block_1_46' title="bbox 299 3286 1877 3362">
    <p class='ocr_par' dir='ltr' id='par_1_46' title="bbox 299 3286 1877 3362">
     <span class='ocr_line' id='line_1_47' title="bbox 299 3286 1877 3362; baseline 0.005 -20"><span class='ocrx_word' id='word_1_297' title='bbox 299 3286 468 3343; x_wconf 87' lang='lat' dir='ltr'><strong><em>Deum</em></strong></span> <span class='ocrx_word' id='word_1_298' title='bbox 510 3290 687 3359; x_wconf 88' lang='lat' dir='ltr'><strong><em>ipsum</em></strong></span> <span class='ocrx_word' id='word_1_299' title='bbox 728 3305 909 3343; x_wconf 89' lang='lat' dir='ltr'><strong><em>rerum</em></strong></span> <span class='ocrx_word' id='word_1_300' title='bbox 940 3290 1185 3345; x_wconf 90' lang='lat' dir='ltr'><strong><em>omnium</em></strong></span> <span class='ocrx_word' id='word_1_301' title='bbox 1221 3291 1335 3347; x_wconf 87' lang='lat' dir='ltr'><strong><em>sive</em></strong></span> <span class='ocrx_word' id='word_1_302' title='bbox 1363 3294 1730 3362; x_wconf 71' lang='lat' dir='ltr'><strong><em>praesentium,</em></strong></span> <span class='ocrx_word' id='word_1_303' title='bbox 1763 3296 1877 3351; x_wconf 78' lang='lat' dir='ltr'><strong><em>sive</em></strong></span> 
     </span>
    </p>
   </div>
   <div class='ocr_carea' id='block_1_47' title="bbox 297 3379 1876 3457">
    <p class='ocr_par' dir='ltr' id='par_1_47' title="bbox 297 3379 1876 3457">
     <span class='ocr_line' id='line_1_48' title="bbox 297 3379 1876 3457; baseline 0.004 -22"><span class='ocrx_word' id='word_1_304' title='bbox 297 3379 605 3435; x_wconf 86' lang='lat' dir='ltr'><strong><em>futurarum</em></strong></span> <span class='ocrx_word' id='word_1_305' title='bbox 647 3382 953 3450; x_wconf 67' lang='lat' dir='ltr'><strong><em>praesidem,</em></strong></span> <span class='ocrx_word' id='word_1_306' title='bbox 987 3396 1197 3438; x_wconf 87' lang='lat' dir='ltr'><strong><em>necnon</em></strong></span> <span class='ocrx_word' id='word_1_307' title='bbox 1248 3384 1498 3454; x_wconf 56' lang='lat' dir='ltr'><strong><em>praesidis</em></strong></span> <span class='ocrx_word' id='word_1_308' title='bbox 1532 3386 1692 3441; x_wconf 87' lang='lat' dir='ltr'><strong><em>etiam</em></strong></span> <span class='ocrx_word' id='word_1_309' title='bbox 1725 3389 1876 3457; x_wconf 86' lang='lat' dir='ltr'><strong><em>prin-</em></strong></span> 
     </span>
    </p>
   </div>
   <div class='ocr_carea' id='block_1_48' title="bbox 295 3471 1872 3548">
    <p class='ocr_par' dir='ltr' id='par_1_48' title="bbox 295 3471 1872 3548">
     <span class='ocr_line' id='line_1_49' title="bbox 295 3471 1872 3548; baseline 0.004 -20"><span class='ocrx_word' id='word_1_310' title='bbox 295 3473 561 3543; x_wconf 89' lang='lat' dir='ltr'><strong><em>cipiisque</em></strong></span> <span class='ocrx_word' id='word_1_311' title='bbox 575 3481 853 3544; x_wconf 86' lang='lat' dir='ltr'><strong><em>parentem</em></strong></span> <span class='ocrx_word' id='word_1_312' title='bbox 882 3471 1166 3528; x_wconf 91' lang='lat' dir='ltr'><strong><em>Dominum</em></strong></span> <span class='ocrx_word' id='word_1_313' title='bbox 1193 3475 1410 3545; x_wconf 87' lang='lat' dir='ltr'><strong><em>juretis,</em></strong></span> <span class='ocrx_word' id='word_1_314' title='bbox 1435 3492 1597 3547; x_wconf 89' lang='lat' dir='ltr'><strong><em>quem</em></strong></span> <span class='ocrx_word' id='word_1_315' title='bbox 1629 3478 1872 3548; x_wconf 89' lang='lat' dir='ltr'><strong><em>quidem,</em></strong></span> 
     </span>
    </p>
   </div>
   <div class='ocr_carea' id='block_1_49' title="bbox 295 3564 1866 3640">
    <p class='ocr_par' dir='ltr' id='par_1_49' title="bbox 295 3564 1866 3640">
     <span class='ocr_line' id='line_1_50' title="bbox 295 3564 1866 3640; baseline 0.004 -21"><span class='ocrx_word' id='word_1_316' title='bbox 295 3564 342 3619; x_wconf 87' lang='lat' dir='ltr'><strong><em>si</em></strong></span> <span class='ocrx_word' id='word_1_317' title='bbox 396 3565 557 3618; x_wconf 90' lang='lat' dir='ltr'><strong><em>modo</em></strong></span> <span class='ocrx_word' id='word_1_318' title='bbox 620 3575 766 3620; x_wconf 87' lang='lat' dir='ltr'><strong><em>recte</em></strong></span> <span class='ocrx_word' id='word_1_319' title='bbox 837 3566 1390 3636; x_wconf 87' lang='lat' dir='ltr'><strong><em>philosophabimiui,</em></strong></span> <span class='ocrx_word' id='word_1_320' title='bbox 1438 3571 1795 3640; x_wconf 80' lang='lat' dir='ltr'><strong><em>cognoscetis.</em></strong></span> <span class='ocrx_word' id='word_1_321' title='bbox 1847 3591 1866 3624; x_wconf 75' lang='grc' dir='ltr'><strong><em>ι</em></strong></span> 
     </span>
    </p>
   </div>
   <div class='ocr_carea' id='block_1_50' title="bbox 292 3657 1870 3728">
    <p class='ocr_par' dir='ltr' id='par_1_50' title="bbox 292 3657 1870 3728">
     <span class='ocr_line' id='line_1_51' title="bbox 292 3657 1870 3728; baseline 0.004 -17"><span class='ocrx_word' id='word_1_322' title='bbox 292 3657 438 3712; x_wconf 88' lang='lat' dir='ltr'><strong><em>ldem</em></strong></span> <span class='ocrx_word' id='word_1_323' title='bbox 474 3673 535 3712; x_wconf 91' lang='lat' dir='ltr'><strong><em>ea</em></strong></span> <span class='ocrx_word' id='word_1_324' title='bbox 564 3674 727 3728; x_wconf 86' lang='lat' dir='ltr'><strong><em>quam</em></strong></span> <span class='ocrx_word' id='word_1_325' title='bbox 764 3659 818 3713; x_wconf 93' lang='lat' dir='ltr'><strong><em>in</em></strong></span> <span class='ocrx_word' id='word_1_326' title='bbox 849 3658 1045 3714; x_wconf 76' lang='lat' dir='ltr'><strong><em>Timwo</em></strong></span> <span class='ocrx_word' id='word_1_327' title='bbox 1086 3661 1247 3716; x_wconf 89' lang='lat' dir='ltr'><strong><em>habet</em></strong></span> <span class='ocrx_word' id='word_1_328' title='bbox 1284 3663 1577 3725; x_wconf 83' lang='lat' dir='ltr'><strong><em>concione,</em></strong></span> <span class='ocrx_word' id='word_1_329' title='bbox 1609 3665 1870 3718; x_wconf 88' lang='lat' dir='ltr'><strong><em>artilicem</em></strong></span> 
     </span>
    </p>
   </div>
   <div class='ocr_carea' id='block_1_51' title="bbox 293 3749 1871 3824">
    <p class='ocr_par' dir='ltr' id='par_1_51' title="bbox 293 3749 1871 3824">
     <span class='ocr_line' id='line_1_52' title="bbox 293 3749 1871 3824; baseline 0.004 -20"><span class='ocrx_word' id='word_1_330' title='bbox 293 3749 449 3804; x_wconf 74' lang='lat' dir='ltr'><strong><em>illum</em></strong></span> <span class='ocrx_word' id='word_1_331' title='bbox 488 3749 702 3805; x_wconf 80' lang='lat' dir='ltr'><strong><em>Patrem</em></strong></span> <span class='ocrx_word' id='word_1_332' title='bbox 739 3752 993 3822; x_wconf 86' lang='lat' dir='ltr'><strong><em>appellat,</em></strong></span> <span class='ocrx_word' id='word_1_333' title='bbox 1042 3752 1126 3806; x_wconf 89' lang='lat' dir='ltr'><strong><em>his</em></strong></span> <span class='ocrx_word' id='word_1_334' title='bbox 1163 3753 1386 3808; x_wconf 85' lang='lat' dir='ltr'><strong><em>verbis:</em></strong></span> <span class='ocrx_word' id='word_1_335' title='bbox 1429 3772 1447 3804; x_wconf 81' lang='grc' dir='ltr'><strong><em>ι</em></strong></span> <span class='ocrx_word' id='word_1_336' title='bbox 1488 3752 1595 3809; x_wconf 83' lang='lat' dir='ltr'><strong><em>Vos</em></strong></span> <span class='ocrx_word' id='word_1_337' title='bbox 1621 3754 1714 3824; x_wconf 89' lang='lat' dir='ltr'><strong><em>qui</em></strong></span> <span class='ocrx_word' id='word_1_338' title='bbox 1744 3755 1871 3810; x_wconf 86' lang='lat' dir='ltr'><strong><em>deo-</em></strong></span> 
     </span>
    </p>
   </div>
   <div class='ocr_carea' id='block_1_52' title="bbox 291 3842 1870 3916">
    <p class='ocr_par' dir='ltr' id='par_1_52' title="bbox 291 3842 1870 3916">
     <span class='ocr_line' id='line_1_53' title="bbox 291 3842 1870 3916; baseline 0.003 -19"><span class='ocrx_word' id='word_1_339' title='bbox 291 3857 415 3897; x_wconf 86' lang='lat' dir='ltr'><strong><em>rum</em></strong></span> <span class='ocrx_word' id='word_1_340' title='bbox 449 3851 571 3897; x_wconf 85' lang='lat' dir='ltr'><strong><em>satu</em></strong></span> <span class='ocrx_word' id='word_1_341' title='bbox 607 3842 714 3896; x_wconf 88' lang='lat' dir='ltr'><strong><em>orti</em></strong></span> <span class='ocrx_word' id='word_1_342' title='bbox 738 3845 891 3907; x_wconf 87' lang='lat' dir='ltr'><strong><em>estis,</em></strong></span> <span class='ocrx_word' id='word_1_343' title='bbox 925 3843 1217 3909; x_wconf 88' lang='lat' dir='ltr'><strong><em>attendite,</em></strong></span> <span class='ocrx_word' id='word_1_344' title='bbox 1250 3860 1486 3914; x_wconf 90' lang='lat' dir='ltr'><strong><em>quorum</em></strong></span> <span class='ocrx_word' id='word_1_345' title='bbox 1516 3861 1738 3914; x_wconf 89' lang='lat' dir='ltr'><strong><em>operum</em></strong></span> <span class='ocrx_word' id='word_1_346' title='bbox 1770 3861 1870 3916; x_wconf 83' lang='lat' dir='ltr'><strong><em>ego</em></strong></span> 
     </span>
    </p>
   </div>
   <div class='ocr_carea' id='block_1_53' title="bbox 289 3932 1868 4004">
    <p class='ocr_par' dir='ltr' id='par_1_53' title="bbox 289 3932 1868 4004">
     <span class='ocr_line' id='line_1_54' title="bbox 289 3932 1868 4004; baseline 0.004 -18"><span class='ocrx_word' id='word_1_347' title='bbox 289 3948 491 4003; x_wconf 88' lang='lat' dir='ltr'><strong><em>parens</em></strong></span> <span class='ocrx_word' id='word_1_348' title='bbox 541 3932 869 4004; x_wconf 78' lang='lat' dir='ltr'><strong><em>effectorque</em></strong></span> <span class='ocrx_word' id='word_1_349' title='bbox 924 3950 1064 3989; x_wconf 83' lang='lat' dir='ltr'><strong><em>sum.</em></strong></span> <span class='ocrx_word' id='word_1_350' title='bbox 1129 3953 1149 3987; x_wconf 68' lang='grc' dir='ltr'><strong><em>ι</em></strong></span> <span class='ocrx_word' id='word_1_351' title='bbox 1203 3935 1382 4001; x_wconf 85' lang='lat' dir='ltr'><strong><em>Quare</em></strong></span> <span class='ocrx_word' id='word_1_352' title='bbox 1433 3951 1556 3991; x_wconf 89' lang='lat' dir='ltr'><strong><em>cum</em></strong></span> <span class='ocrx_word' id='word_1_353' title='bbox 1608 3936 1748 3991; x_wconf 90' lang='lat' dir='ltr'><strong><em>idem</em></strong></span> <span class='ocrx_word' id='word_1_354' title='bbox 1794 3938 1868 3993; x_wconf 86' lang='lat' dir='ltr'><strong><em>ita</em></strong></span> 
     </span>
    </p>
   </div>
   <div class='ocr_carea' id='block_1_54' title="bbox 290 4026 1869 4096">
    <p class='ocr_par' dir='ltr' id='par_1_54' title="bbox 290 4026 1869 4096">
     <span class='ocr_line' id='line_1_55' title="bbox 290 4026 1869 4096; baseline 0.003 -16"><span class='ocrx_word' id='word_1_355' title='bbox 290 4026 552 4096; x_wconf 88' lang='lat' dir='ltr'><strong><em>loquitur,</em></strong></span> <span class='ocrx_word' id='word_1_356' title='bbox 583 4027 729 4082; x_wconf 88' lang='lat' dir='ltr'><strong><em>circa</em></strong></span> <span class='ocrx_word' id='word_1_357' title='bbox 765 4028 1146 4084; x_wconf 88' lang='lat' dir='ltr'><strong><em>universorum</em></strong></span> <span class='ocrx_word' id='word_1_358' title='bbox 1181 4026 1380 4096; x_wconf 75' lang='lat' dir='ltr'><strong><em>Regem</em></strong></span> <span class='ocrx_word' id='word_1_359' title='bbox 1409 4029 1592 4083; x_wconf 88' lang='lat' dir='ltr'><strong><em>omnia</em></strong></span> <span class='ocrx_word' id='word_1_360' title='bbox 1624 4040 1768 4096; x_wconf 91' lang='lat' dir='ltr'><strong><em>sunt,</em></strong></span> <span class='ocrx_word' id='word_1_361' title='bbox 1804 4047 1869 4086; x_wconf 90' lang='lat' dir='ltr'><strong><em>ac</em></strong></span> 
     </span>
    </p>
   </div>
   <div class='ocr_carea' id='block_1_55' title="bbox 290 4119 1864 4189">
    <p class='ocr_par' dir='ltr' id='par_1_55' title="bbox 290 4119 1864 4189">
     <span class='ocr_line' id='line_1_56' title="bbox 290 4119 1864 4189; baseline 0.003 -17"><span class='ocrx_word' id='word_1_362' title='bbox 290 4127 509 4189; x_wconf 86' lang='lat' dir='ltr'><strong><em>propter</em></strong></span> <span class='ocrx_word' id='word_1_363' title='bbox 568 4119 746 4189; x_wconf 90' lang='lat' dir='ltr'><strong><em>ipsum</em></strong></span> <span class='ocrx_word' id='word_1_364' title='bbox 802 4120 1040 4175; x_wconf 89' lang='lat' dir='ltr'><strong><em>omnia:</em></strong></span> <span class='ocrx_word' id='word_1_365' title='bbox 1091 4120 1232 4174; x_wconf 90' lang='lat' dir='ltr'><strong><em>idem</em></strong></span> <span class='ocrx_word' id='word_1_366' title='bbox 1293 4120 1561 4175; x_wconf 90' lang='lat' dir='ltr'><strong><em>bonorum</em></strong></span> <span class='ocrx_word' id='word_1_367' title='bbox 1619 4123 1864 4176; x_wconf 89' lang='lat' dir='ltr'><strong><em>omnium</em></strong></span> 
     </span>
    </p>
   </div>
   <div class='ocr_carea' id='block_1_56' title="bbox 289 4211 1860 4284">
    <p class='ocr_par' dir='ltr' id='par_1_56' title="bbox 289 4211 1860 4284">
     <span class='ocr_line' id='line_1_57' title="bbox 289 4211 1860 4284; baseline 0.004 -20"><span class='ocrx_word' id='word_1_368' title='bbox 289 4211 616 4282; x_wconf 87' lang='lat' dir='ltr'><strong><em>principium</em></strong></span> <span class='ocrx_word' id='word_1_369' title='bbox 639 4221 739 4266; x_wconf 88' lang='lat' dir='ltr'><strong><em>est.</em></strong></span> <span class='ocrx_word' id='word_1_370' title='bbox 769 4212 839 4266; x_wconf 82' lang='lat' dir='ltr'><strong><em>At</em></strong></span> <span class='ocrx_word' id='word_1_371' title='bbox 861 4212 1003 4268; x_wconf 85' lang='lat' dir='ltr'><strong><em>circa</em></strong></span> <span class='ocrx_word' id='word_1_372' title='bbox 1029 4215 1330 4268; x_wconf 90' lang='lat' dir='ltr'><strong><em>secundum</em></strong></span> <span class='ocrx_word' id='word_1_373' title='bbox 1361 4229 1425 4268; x_wconf 86' lang='lat' dir='ltr'><strong><em>ea</em></strong></span> <span class='ocrx_word' id='word_1_374' title='bbox 1452 4229 1573 4284; x_wconf 72' lang='lat' dir='ltr'><strong><em>qua:</em></strong></span> <span class='ocrx_word' id='word_1_375' title='bbox 1597 4218 1860 4282; x_wconf 82' lang='lat' dir='ltr'><strong><em>secundo,</em></strong></span> 
     </span>
    </p>
   </div>
   <div class='ocr_carea' id='block_1_57' title="bbox 285 4305 1862 4376">
    <p class='ocr_par' dir='ltr' id='par_1_57' title="bbox 285 4305 1862 4376">
     <span class='ocr_line' id='line_1_58' title="bbox 285 4305 1862 4376; baseline 0.003 -16"><span class='ocrx_word' id='word_1_376' title='bbox 285 4305 430 4360; x_wconf 88' lang='lat' dir='ltr'><strong><em>circa</em></strong></span> <span class='ocrx_word' id='word_1_377' title='bbox 467 4307 682 4359; x_wconf 88' lang='lat' dir='ltr'><strong><em>tertium</em></strong></span> <span class='ocrx_word' id='word_1_378' title='bbox 706 4321 768 4359; x_wconf 89' lang='lat' dir='ltr'><strong><em>ea</em></strong></span> <span class='ocrx_word' id='word_1_379' title='bbox 793 4322 914 4376; x_wconf 72' lang='lat' dir='ltr'><strong><em>quze</em></strong></span> <span class='ocrx_word' id='word_1_380' title='bbox 937 4309 1094 4361; x_wconf 83' lang='lat' dir='ltr'><strong><em>tertio</em></strong></span> <span class='ocrx_word' id='word_1_381' title='bbox 1115 4309 1305 4361; x_wconf 86' lang='lat' dir='ltr'><strong><em>ordine</em></strong></span> <span class='ocrx_word' id='word_1_382' title='bbox 1329 4309 1652 4370; x_wconf 82' lang='lat' dir='ltr'><strong><em>continetur,</em></strong></span> <span class='ocrx_word' id='word_1_383' title='bbox 1668 4319 1862 4365; x_wconf 90' lang='lat' dir='ltr'><strong><em>cuncta</em></strong></span> 
     </span>
    </p>
   </div>
   <div class='ocr_carea' id='block_1_58' title="bbox 1930 1690 3577 1780">
    <p class='ocr_par' dir='ltr' id='par_1_58' title="bbox 1930 1690 3577 1780">
     <span class='ocr_line' id='line_1_59' title="bbox 1930 1690 3577 1780; baseline 0.002 -21"><span class='ocrx_word' id='word_1_384' title='bbox 1930 1690 2098 1760; x_wconf 80' lang='grc' dir='ltr'><strong><em>Βνῦν</em></strong></span> <span class='ocrx_word' id='word_1_385' title='bbox 2173 1708 2312 1780; x_wconf 82' lang='grc' dir='ltr'>ὴέρα</span> <span class='ocrx_word' id='word_1_386' title='bbox 2351 1709 2646 1780; x_wconf 57' lang='grc' dir='ltr'>βκαλέομεν</span> <span class='ocrx_word' id='word_1_387' title='bbox 2716 1711 2763 1762; x_wconf 79' lang='grc' dir='ltr'>οἱ</span> <span class='ocrx_word' id='word_1_388' title='bbox 2840 1710 3118 1779; x_wconf 85' lang='grc' dir='ltr'>Ἕλληνες.</span> <span class='ocrx_word' id='word_1_389' title='bbox 3189 1710 3373 1763; x_wconf 81' lang='grc' dir='ltr'>Πάντα</span> <span class='ocrx_word' id='word_1_390' title='bbox 3438 1711 3577 1773; x_wconf 77' lang='grc' dir='ltr'>Ζεὺς</span> 
     </span>
    </p>
   </div>
   <div class='ocr_carea' id='block_1_59' title="bbox 2000 1796 3578 1870">
    <p class='ocr_par' dir='ltr' id='par_1_59' title="bbox 2000 1796 3578 1870">
     <span class='ocr_line' id='line_1_60' title="bbox 2000 1796 3578 1870; baseline 0.001 -18"><span class='ocrx_word' id='word_1_391' title='bbox 2000 1799 2272 1870; x_wconf 77' lang='grc' dir='ltr'><strong><em>μυθεῖται,</em></strong></span> <span class='ocrx_word' id='word_1_392' title='bbox 2299 1800 2393 1853; x_wconf 79' lang='grc' dir='ltr'><strong><em>καὶ</em></strong></span> <span class='ocrx_word' id='word_1_393' title='bbox 2437 1799 2614 1854; x_wconf 83' lang='grc' dir='ltr'>πάντα</span> <span class='ocrx_word' id='word_1_394' title='bbox 2637 1796 2788 1865; x_wconf 68' lang='grc' dir='ltr'>οὗτος</span> <span class='ocrx_word' id='word_1_395' title='bbox 2817 1798 2942 1866; x_wconf 73' lang='grc' dir='ltr'>οἶδε,</span> <span class='ocrx_word' id='word_1_396' title='bbox 2980 1801 3072 1855; x_wconf 75' lang='grc' dir='ltr'><strong><em>καὶ</em></strong></span> <span class='ocrx_word' id='word_1_397' title='bbox 3104 1802 3254 1866; x_wconf 85' lang='grc' dir='ltr'>διδοῖ,</span> <span class='ocrx_word' id='word_1_398' title='bbox 3285 1805 3379 1855; x_wconf 63' lang='grc' dir='ltr'><strong><em>καλ⁵</em></strong></span> <span class='ocrx_word' id='word_1_399' title='bbox 3409 1803 3578 1870; x_wconf 74' lang='grc' dir='ltr'>ἀφαι-</span> 
     </span>
    </p>
   </div>
   <div class='ocr_carea' id='block_1_60' title="bbox 1998 1888 3577 1962">
    <p class='ocr_par' dir='ltr' id='par_1_60' title="bbox 1998 1888 3577 1962">
     <span class='ocr_line' id='line_1_61' title="bbox 1998 1888 3577 1962; baseline 0.004 -20"><span class='ocrx_word' id='word_1_400' title='bbox 1998 1893 2190 1962; x_wconf 88' lang='grc' dir='ltr'>ρεῖται,</span> <span class='ocrx_word' id='word_1_401' title='bbox 2220 1891 2313 1944; x_wconf 73' lang='grc' dir='ltr'><strong><em>καὶ</em></strong></span> <span class='ocrx_word' id='word_1_402' title='bbox 2358 1891 2610 1961; x_wconf 84' lang='grc' dir='ltr'>βασιλεὺς</span> <span class='ocrx_word' id='word_1_403' title='bbox 2648 1888 2800 1958; x_wconf 67' lang='grc' dir='ltr'>οὗτος</span> <span class='ocrx_word' id='word_1_404' title='bbox 2833 1895 2939 1947; x_wconf 91' lang='grc' dir='ltr'><strong><em>τῶν</em></strong></span> <span class='ocrx_word' id='word_1_405' title='bbox 2970 1894 3205 1948; x_wconf 85' lang='grc' dir='ltr'>πάντων.</span> <span class='ocrx_word' id='word_1_406' title='bbox 3233 1915 3250 1942; x_wconf 79' lang='grc' dir='ltr'><strong><em>ι</em></strong></span> <span class='ocrx_word' id='word_1_407' title='bbox 3282 1892 3577 1948; x_wconf 81' lang='grc' dir='ltr'>Μυστικώ-</span> 
     </span>
    </p>
   </div>
   <div class='ocr_carea' id='block_1_61' title="bbox 1991 1981 3571 2056">
    <p class='ocr_par' dir='ltr' id='par_1_61' title="bbox 1991 1981 3571 2056">
     <span class='ocr_line' id='line_1_62' title="bbox 1991 1981 3571 2056; baseline 0.003 -23"><span class='ocrx_word' id='word_1_408' title='bbox 1991 1997 2147 2052; x_wconf 89' lang='grc' dir='ltr'>τερον</span> <span class='ocrx_word' id='word_1_409' title='bbox 2170 1981 2227 2035; x_wconf 81' lang='grc' dir='ltr'>δὲ</span> <span class='ocrx_word' id='word_1_410' title='bbox 2253 1984 2280 2036; x_wconf 86' lang='grc' dir='ltr'>ὁ</span> <span class='ocrx_word' id='word_1_411' title='bbox 2309 1984 2408 2054; x_wconf 84' lang='grc' dir='ltr'><strong><em>μὲν</em></strong></span> <span class='ocrx_word' id='word_1_412' title='bbox 2427 1982 2678 2048; x_wconf 81' lang='grc' dir='ltr'><strong><em>Βοιώτιος</em></strong></span> <span class='ocrx_word' id='word_1_413' title='bbox 2708 1985 2993 2056; x_wconf 87' lang='grc' dir='ltr'>Πίνδαρος,</span> <span class='ocrx_word' id='word_1_414' title='bbox 3011 1987 3103 2038; x_wconf 81' lang='grc' dir='ltr'>ἆτε</span> <span class='ocrx_word' id='word_1_415' title='bbox 3121 1985 3458 2056; x_wconf 84' lang='grc' dir='ltr'>Πυθαγόριος</span> <span class='ocrx_word' id='word_1_416' title='bbox 3472 1983 3571 2048; x_wconf 87' lang='grc' dir='ltr'><strong><em>ῶν,</em></strong></span> 
     </span>
    </p>
   </div>
   <div class='ocr_carea' id='block_1_62' title="bbox 2066 2093 3086 2167">
    <p class='ocr_par' dir='ltr' id='par_1_62' title="bbox 2066 2093 3086 2167">
     <span class='ocr_line' id='line_1_63' title="bbox 2066 2093 3086 2167; baseline 0.003 -20"><span class='ocrx_word' id='word_1_417' title='bbox 2066 2095 2176 2167; x_wconf 71' lang='grc' dir='ltr'><strong><em>’Ἑν</em></strong></span> <span class='ocrx_word' id='word_1_418' title='bbox 2201 2093 2434 2167; x_wconf 62' lang='grc' dir='ltr'>ἀνδρῶν</span> <span class='ocrx_word' id='word_1_419' title='bbox 2466 2094 2595 2167; x_wconf 88' lang='grc'>(60),</span> <span class='ocrx_word' id='word_1_420' title='bbox 2625 2096 2693 2150; x_wconf 67' lang='grc' dir='ltr'><strong><em>ἓν</em></strong></span> <span class='ocrx_word' id='word_1_421' title='bbox 2716 2095 2865 2150; x_wconf 72' lang='grc' dir='ltr'>θεῶν</span> <span class='ocrx_word' id='word_1_422' title='bbox 2895 2096 3086 2166; x_wconf 79' lang='grc' dir='ltr'>γένος,</span> 
     </span>
    </p>
   </div>
   <div class='ocr_carea' id='block_1_63' title="bbox 2074 2164 3172 2237">
    <p class='ocr_par' dir='ltr' id='par_1_63' title="bbox 2074 2164 3172 2237">
     <span class='ocr_line' id='line_1_64' title="bbox 2074 2164 3172 2237; baseline 0.005 -20"><span class='ocrx_word' id='word_1_423' title='bbox 2074 2165 2173 2217; x_wconf 82' lang='grc' dir='ltr'>Ἐκ</span> <span class='ocrx_word' id='word_1_424' title='bbox 2190 2164 2331 2233; x_wconf 84' lang='grc' dir='ltr'>μιᾶς</span> <span class='ocrx_word' id='word_1_425' title='bbox 2359 2165 2428 2219; x_wconf 84' lang='grc' dir='ltr'>δὲ</span> <span class='ocrx_word' id='word_1_426' title='bbox 2449 2164 2675 2235; x_wconf 68' lang='grc' dir='ltr'>μητρὸς</span> <span class='ocrx_word' id='word_1_427' title='bbox 2697 2164 2956 2236; x_wconf 79' lang='grc' dir='ltr'>πνέομεν</span> <span class='ocrx_word' id='word_1_428' title='bbox 2980 2169 3172 2237; x_wconf 65' lang='grc' dir='ltr'>ἄμφω.</span> 
     </span>
    </p>
   </div>
   <div class='ocr_carea' id='block_1_64' title="bbox 1989 2275 3572 2354">
    <p class='ocr_par' dir='ltr' id='par_1_64' title="bbox 1989 2275 3572 2354">
     <span class='ocr_line' id='line_1_65' title="bbox 1989 2275 3572 2354; baseline 0.004 -25"><span class='ocrx_word' id='word_1_429' title='bbox 1989 2278 2100 2349; x_wconf 87' lang='grc' dir='ltr'><strong><em>Τῆς</em></strong></span> <span class='ocrx_word' id='word_1_430' title='bbox 2133 2275 2285 2349; x_wconf 81' lang='grc' dir='ltr'>ὕλης,</span> <span class='ocrx_word' id='word_1_431' title='bbox 2315 2279 2676 2350; x_wconf 81' lang='grc' dir='ltr'>παραδίδωσι·</span> <span class='ocrx_word' id='word_1_432' title='bbox 2710 2281 2803 2332; x_wconf 75' lang='grc' dir='ltr'><strong><em>καὶ</em></strong></span> <span class='ocrx_word' id='word_1_433' title='bbox 2829 2279 2922 2334; x_wconf 76' lang='grc' dir='ltr'><strong><em>ἕνα</em></strong></span> <span class='ocrx_word' id='word_1_434' title='bbox 2949 2279 3038 2333; x_wconf 82' lang='grc' dir='ltr'><strong><em>τὸν</em></strong></span> <span class='ocrx_word' id='word_1_435' title='bbox 3071 2281 3272 2334; x_wconf 80' lang='grc' dir='ltr'>τούτων</span> <span class='ocrx_word' id='word_1_436' title='bbox 3304 2281 3572 2354; x_wconf 69' lang='grc' dir='ltr'>δημιουρ-</span> 
     </span>
    </p>
   </div>
   <div class='ocr_carea' id='block_1_65' title="bbox 1987 2371 3572 2444">
    <p class='ocr_par' dir='ltr' id='par_1_65' title="bbox 1987 2371 3572 2444">
     <span class='ocr_line' id='line_1_66' title="bbox 1987 2371 3572 2444; baseline 0.003 -20"><span class='ocrx_word' id='word_1_437' title='bbox 1987 2371 2082 2439; x_wconf 79' lang='grc' dir='ltr'><strong><em>γὸν</em></strong></span> <span class='ocrx_word' id='word_1_438' title='bbox 2104 2372 2193 2424; x_wconf 77' lang='grc' dir='ltr'>τὸν</span> <span class='ocrx_word' id='word_1_439' title='bbox 2219 2372 2606 2444; x_wconf 76' lang='grc' dir='ltr'>ἀριστοτέχναν</span> <span class='ocrx_word' id='word_1_440' title='bbox 2642 2372 2749 2443; x_wconf 88' lang='grc'><strong><em>(61)</em></strong></span> <span class='ocrx_word' id='word_1_441' title='bbox 2785 2373 2993 2444; x_wconf 79' lang='grc' dir='ltr'><strong><em>πατέρα</em></strong></span> <span class='ocrx_word' id='word_1_442' title='bbox 3028 2374 3192 2443; x_wconf 80' lang='grc' dir='ltr'>λέγει,</span> <span class='ocrx_word' id='word_1_443' title='bbox 3221 2374 3309 2427; x_wconf 83' lang='grc' dir='ltr'><strong><em>τὸν</em></strong></span> <span class='ocrx_word' id='word_1_444' title='bbox 3339 2377 3435 2429; x_wconf 70' lang='grc' dir='ltr'><strong><em>καὶ</em></strong></span> <span class='ocrx_word' id='word_1_445' title='bbox 3469 2376 3572 2439; x_wconf 77' lang='grc' dir='ltr'><strong><em>τὰς</em></strong></span> 
     </span>
    </p>
   </div>
   <div class='ocr_carea' id='block_1_66' title="bbox 1987 2463 3546 2538">
    <p class='ocr_par' dir='ltr' id='par_1_66' title="bbox 1987 2463 3546 2538">
     <span class='ocr_line' id='line_1_67' title="bbox 1987 2463 3546 2538; baseline 0.003 -22"><span class='ocrx_word' id='word_1_446' title='bbox 1987 2463 2272 2536; x_wconf 77' lang='grc' dir='ltr'>προκοπὰς</span> <span class='ocrx_word' id='word_1_447' title='bbox 2319 2464 2437 2517; x_wconf 82' lang='grc' dir='ltr'>κατ’</span> <span class='ocrx_word' id='word_1_448' title='bbox 2489 2464 2646 2529; x_wconf 76' lang='grc' dir='ltr'>ἀξίαν</span> <span class='ocrx_word' id='word_1_449' title='bbox 2693 2467 2771 2529; x_wconf 79' lang='grc' dir='ltr'><strong><em>είς</em></strong></span> <span class='ocrx_word' id='word_1_450' title='bbox 2824 2464 3073 2537; x_wconf 82' lang='grc' dir='ltr'>Θειότητα</span> <span class='ocrx_word' id='word_1_451' title='bbox 3124 2468 3546 2538; x_wconf 79' lang='grc' dir='ltr'>παρεσχημένον</span> 
     </span>
    </p>
   </div>
   <div class='ocr_carea' id='block_1_67' title="bbox 1986 2551 3567 2632">
    <p class='ocr_par' dir='ltr' id='par_1_67' title="bbox 1986 2551 3567 2632">
     <span class='ocr_line' id='line_1_68' title="bbox 1986 2551 3567 2632; baseline 0.003 -23"><span class='ocrx_word' id='word_1_452' title='bbox 1986 2557 2184 2610; x_wconf 84' lang='grc' dir='ltr'>Σιωπῶ</span> <span class='ocrx_word' id='word_1_453' title='bbox 2214 2557 2322 2628; x_wconf 87' lang='grc' dir='ltr'><strong><em>γάρ</em></strong></span> <span class='ocrx_word' id='word_1_454' title='bbox 2351 2557 2634 2620; x_wconf 85' lang='grc' dir='ltr'>Πλάτωνα,</span> <span class='ocrx_word' id='word_1_455' title='bbox 2675 2558 2710 2612; x_wconf 85' lang='grc' dir='ltr'><strong>ἆ</strong></span> <span class='ocrx_word' id='word_1_456' title='bbox 2747 2558 3004 2630; x_wconf 80' lang='grc' dir='ltr'>ἄντικρυς</span> <span class='ocrx_word' id='word_1_457' title='bbox 3027 2551 3182 2622; x_wconf 77' lang='grc' dir='ltr'>οὗτος</span> <span class='ocrx_word' id='word_1_458' title='bbox 3223 2561 3279 2612; x_wconf 87' lang='grc' dir='ltr'><strong><em>ἐν</em></strong></span> <span class='ocrx_word' id='word_1_459' title='bbox 3308 2565 3374 2632; x_wconf 82' lang='grc' dir='ltr'>τῇ</span> <span class='ocrx_word' id='word_1_460' title='bbox 3428 2563 3567 2632; x_wconf 73' lang='grc' dir='ltr'>πρὸς</span> 
     </span>
    </p>
   </div>
   <div class='ocr_carea' id='block_1_68' title="bbox 1998 2649 3570 2726">
    <p class='ocr_par' dir='ltr' id='par_1_68' title="bbox 1998 2649 3570 2726">
     <span class='ocr_line' id='line_1_69' title="bbox 1998 2649 3570 2726; baseline 0.004 -25"><span class='ocrx_word' id='word_1_461' title='bbox 1998 2649 2254 2720; x_wconf 83' lang='grc' dir='ltr'>Ἐραστὸν</span> <span class='ocrx_word' id='word_1_462' title='bbox 2306 2651 2398 2702; x_wconf 78' lang='grc' dir='ltr'>καὶ</span> <span class='ocrx_word' id='word_1_463' title='bbox 2449 2649 2718 2721; x_wconf 79' lang='grc' dir='ltr'>Κορίσκον</span> <span class='ocrx_word' id='word_1_464' title='bbox 2767 2649 3020 2722; x_wconf 82' lang='grc' dir='ltr'>ἐπιστολῇ</span> <span class='ocrx_word' id='word_1_465' title='bbox 3069 2653 3314 2720; x_wconf 78' lang='grc' dir='ltr'>φαίνεται</span> <span class='ocrx_word' id='word_1_466' title='bbox 3342 2653 3570 2726; x_wconf 80' lang='grc' dir='ltr'>Πατέρα</span> 
     </span>
    </p>
   </div>
   <div class='ocr_carea' id='block_1_69' title="bbox 1984 2738 3568 2816">
    <p class='ocr_par' dir='ltr' id='par_1_69' title="bbox 1984 2738 3568 2816">
     <span class='ocr_line' id='line_1_70' title="bbox 1984 2738 3568 2816; baseline 0.003 -21"><span class='ocrx_word' id='word_1_467' title='bbox 1984 2743 2079 2796; x_wconf 77' lang='grc' dir='ltr'>καὶ</span> <span class='ocrx_word' id='word_1_468' title='bbox 2123 2742 2250 2795; x_wconf 81' lang='grc' dir='ltr'>Υἰὺν</span> <span class='ocrx_word' id='word_1_469' title='bbox 2300 2743 2399 2795; x_wconf 81' lang='grc' dir='ltr'><strong><em>οὐκ</em></strong></span> <span class='ocrx_word' id='word_1_470' title='bbox 2434 2738 2531 2794; x_wconf 76' lang='grc' dir='ltr'>οἷδ’</span> <span class='ocrx_word' id='word_1_471' title='bbox 2566 2743 2712 2806; x_wconf 82' lang='grc' dir='ltr'>ὅπως</span> <span class='ocrx_word' id='word_1_472' title='bbox 2759 2744 2823 2796; x_wconf 78' lang='grc' dir='ltr'><strong><em>ἐκ</em></strong></span> <span class='ocrx_word' id='word_1_473' title='bbox 2867 2742 2975 2795; x_wconf 88' lang='grc' dir='ltr'><strong><em>τῶν</em></strong></span> <span class='ocrx_word' id='word_1_474' title='bbox 3018 2743 3319 2816; x_wconf 77' lang='grc' dir='ltr'>Ἑϐραϊκῶν</span> <span class='ocrx_word' id='word_1_475' title='bbox 3369 2748 3568 2814; x_wconf 76' lang='grc' dir='ltr'>φωνῶν</span> 
     </span>
    </p>
   </div>
   <div class='ocr_carea' id='block_1_70' title="bbox 1983 2832 3565 2906">
    <p class='ocr_par' dir='ltr' id='par_1_70' title="bbox 1983 2832 3565 2906">
     <span class='ocr_line' id='line_1_71' title="bbox 1983 2832 3565 2906; baseline 0.002 -19"><span class='ocrx_word' id='word_1_476' title='bbox 1983 2834 2271 2902; x_wconf 81' lang='grc' dir='ltr'>ἐκφαίνων·</span> <span class='ocrx_word' id='word_1_477' title='bbox 2291 2833 2791 2906; x_wconf 82' lang='grc' dir='ltr'>παρακελευόμενος</span> <span class='ocrx_word' id='word_1_478' title='bbox 2804 2832 2942 2888; x_wconf 82' lang='grc' dir='ltr'><strong><em>κατά</em></strong></span> <span class='ocrx_word' id='word_1_479' title='bbox 2963 2834 3126 2898; x_wconf 83' lang='grc' dir='ltr'>λέξιν·</span> <span class='ocrx_word' id='word_1_480' title='bbox 3149 2853 3166 2885; x_wconf 82' lang='grc' dir='ltr'><strong><em>ι</em></strong></span> <span class='ocrx_word' id='word_1_481' title='bbox 3190 2836 3565 2906; x_wconf 83' lang='grc' dir='ltr'>Ἐπομνύντας</span> 
     </span>
    </p>
   </div>
   <div class='ocr_carea' id='block_1_71' title="bbox 1985 2926 3561 3000">
    <p class='ocr_par' dir='ltr' id='par_1_71' title="bbox 1985 2926 3561 3000">
     <span class='ocr_line' id='line_1_72' title="bbox 1985 2926 3561 3000; baseline 0.026 -21"><span class='ocrx_word' id='word_1_482' title='bbox 1985 2928 2188 2997; x_wconf 83' lang='grc' dir='ltr'>σπουδῇ</span> <span class='ocrx_word' id='word_1_483' title='bbox 2221 2944 2280 2979; x_wconf 81' lang='grc' dir='ltr'><strong><em>τε</em></strong></span> <span class='ocrx_word' id='word_1_484' title='bbox 2336 2926 2452 2997; x_wconf 78' lang='grc' dir='ltr'><strong><em>ἅμα</em></strong></span> <span class='ocrx_word' id='word_1_485' title='bbox 2481 2928 2556 2998; x_wconf 81' lang='grc' dir='ltr'>μὴ</span> <span class='ocrx_word' id='word_1_486' title='bbox 2600 2927 2857 2998; x_wconf 60' lang='grc' dir='ltr'>ἀμούσῳ,</span> <span class='ocrx_word' id='word_1_487' title='bbox 2910 2927 3002 2980; x_wconf 55' lang='grc' dir='ltr'><strong><em>καὶ</em></strong></span> <span class='ocrx_word' id='word_1_488' title='bbox 3056 2930 3120 2998; x_wconf 70' lang='grc' dir='ltr'><strong><em>τῇ</em></strong></span> <span class='ocrx_word' id='word_1_489' title='bbox 3169 2928 3267 2998; x_wconf 68' lang='grc' dir='ltr'><strong>τῆς</strong></span> <span class='ocrx_word' id='word_1_490' title='bbox 3321 2929 3561 3000; x_wconf 63' lang='grc' dir='ltr'><strong><em>σπουδῆς</em></strong></span> 
     </span>
    </p>
   </div>
   <div class='ocr_carea' id='block_1_72' title="bbox 1983 3018 3560 3091">
    <p class='ocr_par' dir='ltr' id='par_1_72' title="bbox 1983 3018 3560 3091">
     <span class='ocr_line' id='line_1_73' title="bbox 1983 3018 3560 3091; baseline 0.003 -20"><span class='ocrx_word' id='word_1_491' title='bbox 1983 3018 2182 3090; x_wconf 81' lang='grc' dir='ltr'>ἀδελφῇ</span> <span class='ocrx_word' id='word_1_492' title='bbox 2219 3018 2436 3091; x_wconf 82' lang='grc' dir='ltr'>παιδείᾳ</span> <span class='ocrx_word' id='word_1_493' title='bbox 2459 3059 2474 3082; x_wconf 95' lang='grc'><strong><em>,</em></strong></span> <span class='ocrx_word' id='word_1_494' title='bbox 2510 3019 2599 3073; x_wconf 85' lang='grc' dir='ltr'><strong><em>τὸν</em></strong></span> <span class='ocrx_word' id='word_1_495' title='bbox 2647 3019 2862 3073; x_wconf 82' lang='grc' dir='ltr'>πάντων</span> <span class='ocrx_word' id='word_1_496' title='bbox 2911 3019 3043 3073; x_wconf 83' lang='grc' dir='ltr'>Θεὸν</span> <span class='ocrx_word' id='word_1_497' title='bbox 3086 3019 3288 3085; x_wconf 78' lang='grc' dir='ltr'>αἴτιον,</span> <span class='ocrx_word' id='word_1_498' title='bbox 3336 3021 3433 3076; x_wconf 71' lang='grc' dir='ltr'>καὶ</span> <span class='ocrx_word' id='word_1_499' title='bbox 3461 3022 3560 3076; x_wconf 64' lang='lat' dir='ltr'><strong><em>to;</em></strong></span> 
     </span>
    </p>
   </div>
   <div class='ocr_carea' id='block_1_73' title="bbox 1981 3113 3556 3185">
    <p class='ocr_par' dir='ltr' id='par_1_73' title="bbox 1981 3113 3556 3185">
     <span class='ocr_line' id='line_1_74' title="bbox 1981 3113 3556 3185; baseline 0.001 -20"><span class='ocrx_word' id='word_1_500' title='bbox 1981 3113 2244 3183; x_wconf 78' lang='grc' dir='ltr'>ἡγεμόνος</span> <span class='ocrx_word' id='word_1_501' title='bbox 2262 3114 2353 3166; x_wconf 78' lang='grc' dir='ltr'>καὶ</span> <span class='ocrx_word' id='word_1_502' title='bbox 2386 3114 2555 3166; x_wconf 78' lang='grc' dir='ltr'>αἰτίου</span> <span class='ocrx_word' id='word_1_503' title='bbox 2579 3113 2797 3184; x_wconf 84' lang='grc' dir='ltr'>Πατέρα</span> <span class='ocrx_word' id='word_1_504' title='bbox 2833 3113 3035 3185; x_wconf 79' lang='grc' dir='ltr'>Κύριον</span> <span class='ocrx_word' id='word_1_505' title='bbox 3071 3115 3434 3184; x_wconf 77' lang='grc' dir='ltr'>ἐπομνύντας,</span> <span class='ocrx_word' id='word_1_506' title='bbox 3469 3115 3556 3182; x_wconf 84' lang='grc' dir='ltr'>ὃν,</span> 
     </span>
    </p>
   </div>
   <div class='ocr_carea' id='block_1_74' title="bbox 1979 3203 3561 3276">
    <p class='ocr_par' dir='ltr' id='par_1_74' title="bbox 1979 3203 3561 3276">
     <span class='ocr_line' id='line_1_75' title="bbox 1979 3203 3561 3276; baseline 0.002 -20"><span class='ocrx_word' id='word_1_507' title='bbox 1979 3203 2074 3257; x_wconf 81' lang='grc' dir='ltr'>ἐὰν</span> <span class='ocrx_word' id='word_1_508' title='bbox 2117 3204 2290 3276; x_wconf 82' lang='grc' dir='ltr'>ὀρθῶς</span> <span class='ocrx_word' id='word_1_509' title='bbox 2323 3205 2643 3276; x_wconf 79' lang='grc' dir='ltr'>φιλοσοφῆτε</span> <span class='ocrx_word' id='word_1_510' title='bbox 2664 3245 2677 3268; x_wconf 89' lang='grc'><strong><em>,</em></strong></span> <span class='ocrx_word' id='word_1_511' title='bbox 2722 3205 2949 3258; x_wconf 78' lang='grc' dir='ltr'>εἴσεσθε.</span> <span class='ocrx_word' id='word_1_512' title='bbox 2983 3224 2999 3256; x_wconf 74' lang='grc' dir='ltr'><strong><em>ι</em></strong></span> <span class='ocrx_word' id='word_1_513' title='bbox 3032 3206 3106 3258; x_wconf 81' lang='grc' dir='ltr'><em>’Ἡ</em></span> <span class='ocrx_word' id='word_1_514' title='bbox 3143 3223 3200 3258; x_wconf 89' lang='grc' dir='ltr'><strong><em>τε</em></strong></span> <span class='ocrx_word' id='word_1_515' title='bbox 3231 3207 3286 3259; x_wconf 82' lang='grc' dir='ltr'><strong><em>ἐν</em></strong></span> <span class='ocrx_word' id='word_1_516' title='bbox 3345 3209 3561 3276; x_wconf 76' lang='grc' dir='ltr'>Τιμαίῳ</span> 
     </span>
    </p>
   </div>
   <div class='ocr_carea' id='block_1_75' title="bbox 1975 3295 3556 3369">
    <p class='ocr_par' dir='ltr' id='par_1_75' title="bbox 1975 3295 3556 3369">
     <span class='ocr_line' id='line_1_76' title="bbox 1975 3295 3556 3369; baseline 0.002 -20"><span class='ocrx_word' id='word_1_517' title='bbox 1975 3296 2314 3369; x_wconf 81' lang='grc' dir='ltr'>δημηγορία,</span> <span class='ocrx_word' id='word_1_518' title='bbox 2357 3296 2576 3367; x_wconf 88' lang='grc' dir='ltr'>Πατέρα</span> <span class='ocrx_word' id='word_1_519' title='bbox 2605 3296 2753 3365; x_wconf 87' lang='grc' dir='ltr'>λέγει</span> <span class='ocrx_word' id='word_1_520' title='bbox 2802 3296 2894 3349; x_wconf 85' lang='grc' dir='ltr'><strong><em>τὸν</em></strong></span> <span class='ocrx_word' id='word_1_521' title='bbox 2926 3296 3282 3368; x_wconf 84' lang='grc' dir='ltr'>δημιουργὸν,</span> <span class='ocrx_word' id='word_1_522' title='bbox 3319 3295 3556 3367; x_wconf 76' lang='grc' dir='ltr'>λέγουσι</span> 
     </span>
    </p>
   </div>
   <div class='ocr_carea' id='block_1_76' title="bbox 1974 3379 3572 3459">
    <p class='ocr_par' dir='ltr' id='par_1_76' title="bbox 1974 3379 3572 3459">
     <span class='ocr_line' id='line_1_77' title="bbox 1974 3379 3572 3459; baseline 0.002 -20"><span class='ocrx_word' id='word_1_523' title='bbox 1974 3379 2073 3439; x_wconf 86' lang='grc' dir='ltr'><strong><em>ῶδέ</em></strong></span> <span class='ocrx_word' id='word_1_524' title='bbox 2105 3403 2239 3449; x_wconf 86' lang='grc' dir='ltr'>πως·</span> <span class='ocrx_word' id='word_1_525' title='bbox 2275 3404 2293 3436; x_wconf 77' lang='grc' dir='ltr'><strong><em>ι</em></strong></span> <span class='ocrx_word' id='word_1_526' title='bbox 2319 3385 2441 3439; x_wconf 75' lang='grc' dir='ltr'>Θεοὶ</span> <span class='ocrx_word' id='word_1_527' title='bbox 2470 3385 2626 3450; x_wconf 84' lang='grc' dir='ltr'>θεῶν,</span> <span class='ocrx_word' id='word_1_528' title='bbox 2657 3380 2730 3439; x_wconf 81' lang='grc' dir='ltr'>ὧν</span> <span class='ocrx_word' id='word_1_529' title='bbox 2779 3385 2888 3454; x_wconf 88' lang='grc' dir='ltr'>ἐγὼ</span> <span class='ocrx_word' id='word_1_530' title='bbox 2912 3386 3100 3458; x_wconf 85' lang='grc' dir='ltr'>Πατὴρ</span> <span class='ocrx_word' id='word_1_531' title='bbox 3133 3386 3463 3459; x_wconf 69' lang='grc' dir='ltr'>δημιουργός</span> <span class='ocrx_word' id='word_1_532' title='bbox 3490 3406 3572 3442; x_wconf 84' lang='grc' dir='ltr'>τε.</span> 
     </span>
    </p>
   </div>
   <div class='ocr_carea' id='block_1_77' title="bbox 1975 3477 3555 3550">
    <p class='ocr_par' dir='ltr' id='par_1_77' title="bbox 1975 3477 3555 3550">
     <span class='ocr_line' id='line_1_78' title="bbox 1975 3477 3555 3550; baseline 0 -20"><span class='ocrx_word' id='word_1_533' title='bbox 1975 3479 2170 3550; x_wconf 79' lang='grc' dir='ltr'>ἔργων.</span> <span class='ocrx_word' id='word_1_534' title='bbox 2199 3499 2216 3529; x_wconf 76' lang='grc' dir='ltr'><strong><em>ι</em></strong></span> <span class='ocrx_word' id='word_1_535' title='bbox 2246 3478 2408 3531; x_wconf 77' lang='grc' dir='ltr'>’Ὥστε</span> <span class='ocrx_word' id='word_1_536' title='bbox 2458 3477 2550 3531; x_wconf 70' lang='grc' dir='ltr'><strong><em>καὶ</em></strong></span> <span class='ocrx_word' id='word_1_537' title='bbox 2611 3477 2748 3530; x_wconf 82' lang='grc' dir='ltr'>ἐπὰν</span> <span class='ocrx_word' id='word_1_538' title='bbox 2805 3477 2968 3548; x_wconf 79' lang='grc' dir='ltr'>εἴπῃ,</span> <span class='ocrx_word' id='word_1_539' title='bbox 3013 3478 3138 3549; x_wconf 62' lang='grc' dir='ltr'><strong><em>περὶ¹</em></strong></span> <span class='ocrx_word' id='word_1_540' title='bbox 3184 3477 3275 3530; x_wconf 81' lang='grc' dir='ltr'><strong><em>τὸν</em></strong></span> <span class='ocrx_word' id='word_1_541' title='bbox 3331 3478 3555 3531; x_wconf 81' lang='grc' dir='ltr'>πάντων</span> 
     </span>
    </p>
   </div>
   <div class='ocr_carea' id='block_1_78' title="bbox 1976 3570 3558 3637">
    <p class='ocr_par' dir='ltr' id='par_1_78' title="bbox 1976 3570 3558 3637">
     <span class='ocr_line' id='line_1_79' title="bbox 1976 3570 3558 3637; baseline 0.001 -13"><span class='ocrx_word' id='word_1_542' title='bbox 1976 3570 2204 3624; x_wconf 86' lang='grc' dir='ltr'>Βασιλέα</span> <span class='ocrx_word' id='word_1_543' title='bbox 2258 3570 2435 3624; x_wconf 82' lang='grc' dir='ltr'>πάντα</span> <span class='ocrx_word' id='word_1_544' title='bbox 2478 3570 2636 3633; x_wconf 78' lang='grc' dir='ltr'>ἐστὶ,</span> <span class='ocrx_word' id='word_1_545' title='bbox 2699 3570 2951 3625; x_wconf 82' lang='grc' dir='ltr'>κάκείνου</span> <span class='ocrx_word' id='word_1_546' title='bbox 3014 3571 3174 3624; x_wconf 71' lang='grc' dir='ltr'>ἕνεκα</span> <span class='ocrx_word' id='word_1_547' title='bbox 3219 3571 3288 3624; x_wconf 86' lang='grc' dir='ltr'><strong><em>τά</em></strong></span> <span class='ocrx_word' id='word_1_548' title='bbox 3349 3572 3558 3637; x_wconf 75' lang='grc' dir='ltr'>πάντα,</span> 
     </span>
    </p>
   </div>
   <div class='ocr_carea' id='block_1_79' title="bbox 1973 3655 3555 3729">
    <p class='ocr_par' dir='ltr' id='par_1_79' title="bbox 1973 3655 3555 3729">
     <span class='ocr_line' id='line_1_80' title="bbox 1973 3655 3555 3729; baseline -0.001 -20"><span class='ocrx_word' id='word_1_549' title='bbox 1973 3656 2194 3710; x_wconf 84' lang='grc' dir='ltr'>κάκεῖνο</span> <span class='ocrx_word' id='word_1_550' title='bbox 2215 3656 2386 3709; x_wconf 77' lang='grc' dir='ltr'>αἴτιον</span> <span class='ocrx_word' id='word_1_551' title='bbox 2413 3655 2520 3708; x_wconf 90' lang='grc' dir='ltr'><strong><em>τῶν</em></strong></span> <span class='ocrx_word' id='word_1_552' title='bbox 2547 3655 2724 3708; x_wconf 86' lang='grc' dir='ltr'>καλῶν</span> <span class='ocrx_word' id='word_1_553' title='bbox 2745 3672 2758 3684; x_wconf 89' lang='grc'><strong>·</strong></span> <span class='ocrx_word' id='word_1_554' title='bbox 2796 3655 3042 3729; x_wconf 88' lang='grc' dir='ltr'>δεύτερον</span> <span class='ocrx_word' id='word_1_555' title='bbox 3067 3657 3122 3709; x_wconf 79' lang='grc' dir='ltr'><strong><em>δὲ</em></strong></span> <span class='ocrx_word' id='word_1_556' title='bbox 3166 3656 3292 3727; x_wconf 85' lang='grc' dir='ltr'>πέρι</span> <span class='ocrx_word' id='word_1_557' title='bbox 3337 3658 3405 3710; x_wconf 76' lang='grc' dir='ltr'>τὰ</span> <span class='ocrx_word' id='word_1_558' title='bbox 3432 3657 3555 3709; x_wconf 82' lang='grc' dir='ltr'>δεύ-</span> 
     </span>
    </p>
   </div>
   <div class='ocr_carea' id='block_1_80' title="bbox 1971 3746 3556 3820">
    <p class='ocr_par' dir='ltr' id='par_1_80' title="bbox 1971 3746 3556 3820">
     <span class='ocr_line' id='line_1_81' title="bbox 1971 3746 3556 3820; baseline 0.001 -21"><span class='ocrx_word' id='word_1_559' title='bbox 1971 3764 2123 3819; x_wconf 89' lang='grc' dir='ltr'>τερα,</span> <span class='ocrx_word' id='word_1_560' title='bbox 2157 3747 2251 3802; x_wconf 74' lang='grc' dir='ltr'><strong><em>καὶ</em></strong></span> <span class='ocrx_word' id='word_1_561' title='bbox 2298 3748 2478 3819; x_wconf 90' lang='grc' dir='ltr'>τρίτον</span> <span class='ocrx_word' id='word_1_562' title='bbox 2510 3747 2634 3819; x_wconf 83' lang='grc' dir='ltr'>πέρι</span> <span class='ocrx_word' id='word_1_563' title='bbox 2685 3748 2750 3800; x_wconf 76' lang='grc' dir='ltr'>τὰ</span> <span class='ocrx_word' id='word_1_564' title='bbox 2779 3748 2969 3820; x_wconf 88' lang='grc' dir='ltr'>τρίτα·</span> <span class='ocrx_word' id='word_1_565' title='bbox 3004 3748 3103 3800; x_wconf 76' lang='grc' dir='ltr'><strong><em>οὐκ</em></strong></span> <span class='ocrx_word' id='word_1_566' title='bbox 3154 3746 3330 3811; x_wconf 82' lang='grc' dir='ltr'>ἄλλως</span> <span class='ocrx_word' id='word_1_567' title='bbox 3373 3749 3556 3816; x_wconf 80' lang='grc' dir='ltr'>ἔγωγε</span> 
     </span>
    </p>
   </div>
   <div class='ocr_carea' id='block_1_81' title="bbox 1970 3839 3552 3912">
    <p class='ocr_par' dir='ltr' id='par_1_81' title="bbox 1970 3839 3552 3912">
     <span class='ocr_line' id='line_1_82' title="bbox 1970 3839 3552 3912; baseline 0 -21"><span class='ocrx_word' id='word_1_568' title='bbox 1970 3839 2215 3905; x_wconf 76' lang='grc' dir='ltr'>ἐξακούω</span> <span class='ocrx_word' id='word_1_569' title='bbox 2253 3840 2407 3911; x_wconf 81' lang='grc' dir='ltr'>ἢτὴν</span> <span class='ocrx_word' id='word_1_570' title='bbox 2440 3841 2597 3908; x_wconf 84' lang='grc' dir='ltr'>ἁγίαν</span> <span class='ocrx_word' id='word_1_571' title='bbox 2630 3840 2835 3911; x_wconf 84' lang='grc' dir='ltr'>Τριάδα</span> <span class='ocrx_word' id='word_1_572' title='bbox 2871 3839 3186 3912; x_wconf 80' lang='grc' dir='ltr'>μηνύεσθαι.</span> <span class='ocrx_word' id='word_1_573' title='bbox 3215 3840 3408 3909; x_wconf 78' lang='grc' dir='ltr'>Τρίτον</span> <span class='ocrx_word' id='word_1_574' title='bbox 3449 3839 3552 3910; x_wconf 82' lang='grc' dir='ltr'><strong><em>μὲν</em></strong></span> 
     </span>
    </p>
   </div>
   <div class='ocr_carea' id='block_1_82' title="bbox 1969 3928 3548 4003">
    <p class='ocr_par' dir='ltr' id='par_1_82' title="bbox 1969 3928 3548 4003">
     <span class='ocr_line' id='line_1_83' title="bbox 1969 3928 3548 4003; baseline -0.001 -19"><span class='ocrx_word' id='word_1_575' title='bbox 1969 3931 2078 4003; x_wconf 79' lang='grc' dir='ltr'><strong><em>γὰρ</em></strong></span> <span class='ocrx_word' id='word_1_576' title='bbox 2113 3928 2249 3984; x_wconf 74' lang='grc' dir='ltr'>εἶναι</span> <span class='ocrx_word' id='word_1_577' title='bbox 2280 3931 2339 3984; x_wconf 83' lang='grc' dir='ltr'><strong><em>τὸ</em></strong></span> <span class='ocrx_word' id='word_1_578' title='bbox 2394 3931 2546 4000; x_wconf 78' lang='grc' dir='ltr'>ἅγιον</span> <span class='ocrx_word' id='word_1_579' title='bbox 2578 3930 2801 4002; x_wconf 80' lang='grc' dir='ltr'>Πνεῦμα</span> <span class='ocrx_word' id='word_1_580' title='bbox 2829 3972 2844 3995; x_wconf 91' lang='grc'><strong><em>,</em></strong></span> <span class='ocrx_word' id='word_1_581' title='bbox 2880 3931 2970 3984; x_wconf 84' lang='grc' dir='ltr'><strong><em>τὸν</em></strong></span> <span class='ocrx_word' id='word_1_582' title='bbox 3009 3931 3065 3983; x_wconf 79' lang='grc' dir='ltr'>δὲ</span> <span class='ocrx_word' id='word_1_583' title='bbox 3103 3930 3230 3984; x_wconf 81' lang='grc' dir='ltr'>Υἱὺν</span> <span class='ocrx_word' id='word_1_584' title='bbox 3272 3930 3548 4001; x_wconf 86' lang='grc' dir='ltr'>δεύτερον,</span> 
     </span>
    </p>
   </div>
   <div class='ocr_carea' id='block_1_83' title="bbox 1967 4017 3553 4093">
    <p class='ocr_par' dir='ltr' id='par_1_83' title="bbox 1967 4017 3553 4093">
     <span class='ocr_line' id='line_1_84' title="bbox 1967 4017 3553 4093; baseline 0 -17"><span class='ocrx_word' id='word_1_585' title='bbox 1967 4023 2033 4077; x_wconf 90' lang='grc' dir='ltr'>δι’</span> <span class='ocrx_word' id='word_1_586' title='bbox 2070 4017 2129 4077; x_wconf 76' lang='grc' dir='ltr'><strong><em>οὗ</em></strong></span> <span class='ocrx_word' id='word_1_587' title='bbox 2163 4023 2337 4077; x_wconf 81' lang='grc' dir='ltr'>πάντα</span> <span class='ocrx_word' id='word_1_588' title='bbox 2371 4024 2585 4093; x_wconf 86' lang='grc' dir='ltr'>ἐγένετο</span> <span class='ocrx_word' id='word_1_589' title='bbox 2617 4024 2756 4076; x_wconf 82' lang='grc' dir='ltr'><strong><em>κατά</em></strong></span> <span class='ocrx_word' id='word_1_590' title='bbox 2783 4022 3032 4093; x_wconf 84' lang='grc' dir='ltr'>βούλησιν</span> <span class='ocrx_word' id='word_1_591' title='bbox 3058 4021 3152 4076; x_wconf 80' lang='grc' dir='ltr'>τοῦ</span> <span class='ocrx_word' id='word_1_592' title='bbox 3201 4023 3435 4093; x_wconf 83' lang='grc' dir='ltr'>Πατρός.</span> <span class='ocrx_word' id='word_1_593' title='bbox 3487 4023 3553 4076; x_wconf 88' lang='grc' dir='ltr'>Ὀ</span> 
     </span>
    </p>
   </div>
   <div class='ocr_carea' id='block_1_84' title="bbox 1967 4111 3548 4184">
    <p class='ocr_par' dir='ltr' id='par_1_84' title="bbox 1967 4111 3548 4184">
     <span class='ocr_line' id='line_1_85' title="bbox 1967 4111 3548 4184; baseline 0 -18"><span class='ocrx_word' id='word_1_594' title='bbox 1967 4114 2024 4166; x_wconf 87' lang='grc' dir='ltr'>δὲ</span> <span class='ocrx_word' id='word_1_595' title='bbox 2073 4112 2233 4178; x_wconf 76' lang='grc' dir='ltr'>αὐτὸς</span> <span class='ocrx_word' id='word_1_596' title='bbox 2266 4115 2324 4168; x_wconf 81' lang='grc' dir='ltr'><strong><em>ἐν</em></strong></span> <span class='ocrx_word' id='word_1_597' title='bbox 2371 4115 2448 4184; x_wconf 80' lang='grc' dir='ltr'>τῷ</span> <span class='ocrx_word' id='word_1_598' title='bbox 2473 4114 2697 4184; x_wconf 72' lang='grc' dir='ltr'>ίδεκάτῳ</span> <span class='ocrx_word' id='word_1_599' title='bbox 2740 4115 2837 4184; x_wconf 85' lang='grc' dir='ltr'>τῆς</span> <span class='ocrx_word' id='word_1_600' title='bbox 2872 4113 3202 4178; x_wconf 71' lang='grc' dir='ltr'>Πολιτείας·</span> <span class='ocrx_word' id='word_1_601' title='bbox 3265 4113 3425 4183; x_wconf 81' lang='grc' dir='ltr'>Ἠρὸς</span> <span class='ocrx_word' id='word_1_602' title='bbox 3451 4111 3548 4166; x_wconf 80' lang='grc' dir='ltr'>τοῦ</span> 
     </span>
    </p>
   </div>
   <div class='ocr_carea' id='block_1_85' title="bbox 1979 4205 3548 4278">
    <p class='ocr_par' dir='ltr' id='par_1_85' title="bbox 1979 4205 3548 4278">
     <span class='ocr_line' id='line_1_86' title="bbox 1979 4205 3548 4278; baseline -0.001 -20"><span class='ocrx_word' id='word_1_603' title='bbox 1979 4207 2279 4278; x_wconf 86' lang='grc' dir='ltr'>Ἀρμενίου,</span> <span class='ocrx_word' id='word_1_604' title='bbox 2303 4206 2362 4260; x_wconf 77' lang='grc' dir='ltr'><strong><em>τὸ</em></strong></span> <span class='ocrx_word' id='word_1_605' title='bbox 2384 4206 2536 4274; x_wconf 87' lang='grc' dir='ltr'>γένος</span> <span class='ocrx_word' id='word_1_606' title='bbox 2561 4205 2856 4277; x_wconf 71' lang='grc' dir='ltr'>Παμφύλου</span> <span class='ocrx_word' id='word_1_607' title='bbox 2883 4206 3172 4276; x_wconf 82' lang='grc' dir='ltr'>μέμνηται,</span> <span class='ocrx_word' id='word_1_608' title='bbox 3208 4205 3266 4268; x_wconf 86' lang='grc' dir='ltr'>ὅς</span> <span class='ocrx_word' id='word_1_609' title='bbox 3293 4205 3407 4256; x_wconf 82' lang='grc' dir='ltr'>ἐστι</span> <span class='ocrx_word' id='word_1_610' title='bbox 3430 4206 3548 4256; x_wconf 84' lang='grc' dir='ltr'><strong><em>Ζω-</em></strong></span> 
     </span>
    </p>
   </div>
   <div class='ocr_carea' id='block_1_86' title="bbox 1971 4297 3550 4371">
    <p class='ocr_par' dir='ltr' id='par_1_86' title="bbox 1971 4297 3550 4371">
     <span class='ocr_line' id='line_1_87' title="bbox 1971 4297 3550 4371; baseline 0.001 -20"><span class='ocrx_word' id='word_1_611' title='bbox 1971 4299 2240 4370; x_wconf 85' lang='grc' dir='ltr'>ρόαστρις.</span> <span class='ocrx_word' id='word_1_612' title='bbox 2261 4299 2429 4362; x_wconf 82' lang='grc' dir='ltr'>Αὐτὸς</span> <span class='ocrx_word' id='word_1_613' title='bbox 2445 4298 2574 4367; x_wconf 82' lang='grc' dir='ltr'>γοῦν</span> <span class='ocrx_word' id='word_1_614' title='bbox 2588 4301 2615 4352; x_wconf 83' lang='grc' dir='ltr'>ὁ</span> <span class='ocrx_word' id='word_1_615' title='bbox 2633 4298 2977 4371; x_wconf 83' lang='grc' dir='ltr'>Ζωρόαστρις</span> <span class='ocrx_word' id='word_1_616' title='bbox 2993 4297 3220 4368; x_wconf 78' lang='grc' dir='ltr'>γράφει·</span> <span class='ocrx_word' id='word_1_617' title='bbox 3235 4317 3250 4348; x_wconf 83' lang='grc' dir='ltr'><strong><em>ι</em></strong></span> <span class='ocrx_word' id='word_1_618' title='bbox 3264 4297 3403 4352; x_wconf 82' lang='grc' dir='ltr'>Τάδε</span> <span class='ocrx_word' id='word_1_619' title='bbox 3423 4315 3550 4352; x_wconf 85' lang='grc' dir='ltr'>συν-</span> 
     </span>
    </p>
   </div>
   <div class='ocr_carea' id='block_1_87' title="bbox 284 4389 1872 4466">
    <p class='ocr_par' dir='ltr' id='par_1_87' title="bbox 284 4397 1860 4466">
     <span class='ocr_line' id='line_1_88' title="bbox 284 4397 1860 4466; baseline 0.003 -17"><span class='ocrx_word' id='word_1_620' title='bbox 284 4407 571 4451; x_wconf 82' lang='lat' dir='ltr'><strong><em>versantur</em></strong></span> <span class='ocrx_word' id='word_1_621' title='bbox 589 4416 600 4450; x_wconf 92' lang='lat'><strong>:</strong></span> <span class='ocrx_word' id='word_1_622' title='bbox 617 4397 866 4466; x_wconf 87' lang='lat' dir='ltr'><strong><em>equidem</em></strong></span> <span class='ocrx_word' id='word_1_623' title='bbox 885 4397 985 4452; x_wconf 89' lang='lat' dir='ltr'><strong><em>ista</em></strong></span> <span class='ocrx_word' id='word_1_624' title='bbox 1003 4400 1219 4454; x_wconf 85' lang='lat' dir='ltr'><strong><em>nonnisi</em></strong></span> <span class='ocrx_word' id='word_1_625' title='bbox 1238 4401 1303 4453; x_wconf 87' lang='lat' dir='ltr'><strong><em>de</em></strong></span> <span class='ocrx_word' id='word_1_626' title='bbox 1317 4401 1702 4455; x_wconf 89' lang='lat' dir='ltr'><strong><em>sanctaTriade</em></strong></span> <span class='ocrx_word' id='word_1_627' title='bbox 1717 4403 1860 4456; x_wconf 80' lang='lat' dir='ltr'><strong><em>acci-</em></strong></span> 
     </span>
    </p>
   </div>
   <div class='ocr_carea' id='block_1_88' title="bbox 1981 4389 3544 4466">
    <p class='ocr_par' dir='ltr' id='par_1_88' title="bbox 1981 4389 3544 4462">
     <span class='ocr_line' id='line_1_89' title="bbox 1981 4389 3544 4462; baseline 0.001 -19"><span class='ocrx_word' id='word_1_628' title='bbox 1981 4390 2173 4461; x_wconf 74' lang='grc' dir='ltr'>ίγραψε</span> <span class='ocrx_word' id='word_1_629' title='bbox 2203 4390 2544 4462; x_wconf 84' lang='grc' dir='ltr'>Ζωρόαστρις</span> <span class='ocrx_word' id='word_1_630' title='bbox 2568 4391 2596 4441; x_wconf 84' lang='grc' dir='ltr'>ὁ</span> <span class='ocrx_word' id='word_1_631' title='bbox 2628 4390 2932 4461; x_wconf 80' lang='grc' dir='ltr'>Ἀρμενίου,</span> <span class='ocrx_word' id='word_1_632' title='bbox 2958 4389 3018 4442; x_wconf 88' lang='grc' dir='ltr'><strong><em>τὸ</em></strong></span> <span class='ocrx_word' id='word_1_633' title='bbox 3046 4389 3199 4459; x_wconf 85' lang='grc' dir='ltr'>γένος</span> <span class='ocrx_word' id='word_1_634' title='bbox 3224 4390 3544 4462; x_wconf 76' lang='grc' dir='ltr'>Πάμφυλος,</span> 
     </span>
    </p>
   </div>
   <div class='ocr_carea' id='block_1_89' title="bbox 282 4489 1866 4560">
    <p class='ocr_par' dir='ltr' id='par_1_89' title="bbox 282 4489 1866 4560">
     <span class='ocr_line' id='line_1_90' title="bbox 282 4489 1866 4560; baseline 0.005 -19"><span class='ocrx_word' id='word_1_635' title='bbox 282 4489 396 4559; x_wconf 85' lang='lat' dir='ltr'><strong><em>pio,</em></strong></span> <span class='ocrx_word' id='word_1_636' title='bbox 410 4498 464 4543; x_wconf 91' lang='lat' dir='ltr'><strong><em>et</em></strong></span> <span class='ocrx_word' id='word_1_637' title='bbox 485 4490 625 4544; x_wconf 89' lang='lat' dir='ltr'><strong><em>tertii</em></strong></span> <span class='ocrx_word' id='word_1_638' title='bbox 645 4489 861 4559; x_wconf 87' lang='lat' dir='ltr'><strong><em>quidem</em></strong></span> <span class='ocrx_word' id='word_1_639' title='bbox 882 4492 1100 4545; x_wconf 84' lang='lat' dir='ltr'><strong><em>nomine</em></strong></span> <span class='ocrx_word' id='word_1_640' title='bbox 1119 4491 1377 4560; x_wconf 86' lang='lat' dir='ltr'><strong><em>Spiritum</em></strong></span> <span class='ocrx_word' id='word_1_641' title='bbox 1397 4502 1866 4559; x_wconf 87' lang='lat' dir='ltr'><strong><em>sauctum,secun-</em></strong></span> 
     </span>
    </p>
   </div>
   <div class='ocr_carea' id='block_1_90' title="bbox 281 4580 1864 4654">
    <p class='ocr_par' dir='ltr' id='par_1_90' title="bbox 281 4580 1864 4654">
     <span class='ocr_line' id='line_1_91' title="bbox 281 4580 1864 4654; baseline 0.003 -19"><span class='ocrx_word' id='word_1_642' title='bbox 281 4581 336 4635; x_wconf 91' lang='lat' dir='ltr'><strong><em>di</em></strong></span> <span class='ocrx_word' id='word_1_643' title='bbox 365 4597 512 4646; x_wconf 83' lang='lat' dir='ltr'><strong><em>vero,</em></strong></span> <span class='ocrx_word' id='word_1_644' title='bbox 556 4580 752 4635; x_wconf 89' lang='lat' dir='ltr'><strong><em>Filium</em></strong></span> <span class='ocrx_word' id='word_1_645' title='bbox 783 4581 1040 4652; x_wconf 86' lang='lat' dir='ltr'><strong><em>intelligo,</em></strong></span> <span class='ocrx_word' id='word_1_646' title='bbox 1067 4599 1159 4652; x_wconf 92' lang='lat' dir='ltr'><strong><em>per</em></strong></span> <span class='ocrx_word' id='word_1_647' title='bbox 1183 4600 1342 4654; x_wconf 88' lang='lat' dir='ltr'><strong><em>quem</em></strong></span> <span class='ocrx_word' id='word_1_648' title='bbox 1378 4602 1443 4640; x_wconf 79' lang='lat' dir='ltr'><strong><em>ex</em></strong></span> <span class='ocrx_word' id='word_1_649' title='bbox 1472 4583 1646 4640; x_wconf 91' lang='lat' dir='ltr'><strong><em>Patris</em></strong></span> <span class='ocrx_word' id='word_1_650' title='bbox 1671 4586 1864 4640; x_wconf 85' lang='lat' dir='ltr'><strong><em>volun—</em></strong></span> 
     </span>
    </p>
   </div>
   <div class='ocr_carea' id='block_1_91' title="bbox 280 4673 1857 4746">
    <p class='ocr_par' dir='ltr' id='par_1_91' title="bbox 280 4673 1857 4746">
     <span class='ocr_line' id='line_1_92' title="bbox 280 4673 1857 4746; baseline 0.004 -19"><span class='ocrx_word' id='word_1_651' title='bbox 280 4674 400 4744; x_wconf 73' lang='lat' dir='ltr'><strong><em>tatel</em></strong></span> <span class='ocrx_word' id='word_1_652' title='bbox 418 4673 556 4728; x_wconf 89' lang='lat' dir='ltr'><strong><em>facta</em></strong></span> <span class='ocrx_word' id='word_1_653' title='bbox 586 4683 716 4728; x_wconf 89' lang='lat' dir='ltr'><strong><em>sunt</em></strong></span> <span class='ocrx_word' id='word_1_654' title='bbox 748 4674 953 4728; x_wconf 88' lang='lat' dir='ltr'><strong><em>omnia.</em></strong></span> <span class='ocrx_word' id='word_1_655' title='bbox 980 4673 1247 4732; x_wconf 62' lang='lat' dir='ltr'><strong><em>Pragterea</em></strong></span> <span class='ocrx_word' id='word_1_656' title='bbox 1278 4676 1595 4746; x_wconf 70' lang='lat' dir='ltr'><strong><em>Reipublicae</em></strong></span> <span class='ocrx_word' id='word_1_657' title='bbox 1613 4677 1857 4733; x_wconf 85' lang='lat' dir='ltr'><strong><em>decimo:</em></strong></span> 
     </span>
    </p>
   </div>
   <div class='ocr_carea' id='block_1_92' title="bbox 279 4765 1862 4839">
    <p class='ocr_par' dir='ltr' id='par_1_92' title="bbox 279 4765 1862 4839">
     <span class='ocr_line' id='line_1_93' title="bbox 279 4765 1862 4839; baseline 0.003 -19"><span class='ocrx_word' id='word_1_658' title='bbox 279 4765 403 4820; x_wconf 89' lang='lat' dir='ltr'><strong><em>Eris</em></strong></span> <span class='ocrx_word' id='word_1_659' title='bbox 437 4766 716 4836; x_wconf 87' lang='lat' dir='ltr'><strong><em>cujusdam</em></strong></span> <span class='ocrx_word' id='word_1_660' title='bbox 762 4768 1003 4822; x_wconf 83' lang='lat' dir='ltr'><strong><em>Armenii</em></strong></span> <span class='ocrx_word' id='word_1_661' title='bbox 1057 4768 1150 4822; x_wconf 89' lang='lat' dir='ltr'><strong><em>ﬁlii</em></strong></span> <span class='ocrx_word' id='word_1_662' title='bbox 1195 4770 1458 4832; x_wconf 86' lang='lat' dir='ltr'><strong><em>meminit,</em></strong></span> <span class='ocrx_word' id='word_1_663' title='bbox 1483 4786 1675 4839; x_wconf 85' lang='lat' dir='ltr'><strong><em>genere</em></strong></span> <span class='ocrx_word' id='word_1_664' title='bbox 1701 4770 1862 4825; x_wconf 84' lang='lat' dir='ltr'><strong><em>Pam-</em></strong></span> 
     </span>
    </p>
   </div>
   <div class='ocr_carea' id='block_1_93' title="bbox 279 4859 1859 4931">
    <p class='ocr_par' dir='ltr' id='par_1_93' title="bbox 279 4859 1859 4931">
     <span class='ocr_line' id='line_1_94' title="bbox 279 4859 1859 4931; baseline 0.004 -17"><span class='ocrx_word' id='word_1_665' title='bbox 279 4860 448 4931; x_wconf 90' lang='lat' dir='ltr'><strong><em>phyli,</em></strong></span> <span class='ocrx_word' id='word_1_666' title='bbox 480 4860 573 4930; x_wconf 91' lang='lat' dir='ltr'><strong><em>qui</em></strong></span> <span class='ocrx_word' id='word_1_667' title='bbox 599 4860 816 4930; x_wconf 90' lang='lat' dir='ltr'><strong><em>quidem</em></strong></span> <span class='ocrx_word' id='word_1_668' title='bbox 845 4871 928 4915; x_wconf 86' lang='lat' dir='ltr'><strong><em>est</em></strong></span> <span class='ocrx_word' id='word_1_669' title='bbox 974 4859 1308 4916; x_wconf 85' lang='lat' dir='ltr'><strong><em>Zoroastres.</em></strong></span> <span class='ocrx_word' id='word_1_670' title='bbox 1344 4863 1501 4918; x_wconf 85' lang='lat' dir='ltr'><strong><em>Certe</em></strong></span> <span class='ocrx_word' id='word_1_671' title='bbox 1541 4863 1859 4920; x_wconf 84' lang='lat' dir='ltr'><strong><em>Zoroastres</em></strong></span> 
     </span>
    </p>
   </div>
   <div class='ocr_carea' id='block_1_94' title="bbox 277 4952 1854 5026">
    <p class='ocr_par' dir='ltr' id='par_1_94' title="bbox 277 4952 1854 5026">
     <span class='ocr_line' id='line_1_95' title="bbox 277 4952 1854 5026; baseline 0.001 -17"><span class='ocrx_word' id='word_1_672' title='bbox 277 4955 395 5022; x_wconf 90' lang='lat' dir='ltr'><strong><em>ipse</em></strong></span> <span class='ocrx_word' id='word_1_673' title='bbox 429 4955 502 5008; x_wconf 91' lang='lat' dir='ltr'><strong><em>ita</em></strong></span> <span class='ocrx_word' id='word_1_674' title='bbox 553 4954 620 5009; x_wconf 87' lang='lat' dir='ltr'><strong><em>de</em></strong></span> <span class='ocrx_word' id='word_1_675' title='bbox 660 4970 718 5008; x_wconf 91' lang='lat' dir='ltr'><strong><em>se</em></strong></span> <span class='ocrx_word' id='word_1_676' title='bbox 747 4955 962 5009; x_wconf 82' lang='lat' dir='ltr'><strong><em>scribit:</em></strong></span> <span class='ocrx_word' id='word_1_677' title='bbox 1001 4973 1019 5005; x_wconf 74' lang='grc' dir='ltr'><strong><em>ι</em></strong></span> <span class='ocrx_word' id='word_1_678' title='bbox 1065 4952 1422 5024; x_wconf 71' lang='lat' dir='ltr'><strong><em>Haec,inquit,</em></strong></span> <span class='ocrx_word' id='word_1_679' title='bbox 1457 4956 1675 5026; x_wconf 89' lang='lat' dir='ltr'><strong><em>scriptis</em></strong></span> <span class='ocrx_word' id='word_1_680' title='bbox 1706 4972 1854 5010; x_wconf 85' lang='lat' dir='ltr'><strong><em>man-</em></strong></span> 
     </span>
    </p>
   </div>
   <div class='ocr_carea' id='block_1_95' title="bbox 276 5045 1852 5119">
    <p class='ocr_par' dir='ltr' id='par_1_95' title="bbox 276 5045 1852 5119">
     <span class='ocr_line' id='line_1_96' title="bbox 276 5045 1852 5119; baseline 0.003 -19"><span class='ocrx_word' id='word_1_681' title='bbox 276 5047 426 5101; x_wconf 86' lang='lat' dir='ltr'><strong><em>davit</em></strong></span> <span class='ocrx_word' id='word_1_682' title='bbox 447 5045 1051 5108; x_wconf 52' lang='lat' dir='ltr'><strong><em>Zoroastres,‘Armenii</em></strong></span> <span class='ocrx_word' id='word_1_683' title='bbox 1091 5048 1252 5111; x_wconf 89' lang='lat' dir='ltr'><strong><em>ﬁlius,</em></strong></span> <span class='ocrx_word' id='word_1_684' title='bbox 1276 5045 1605 5118; x_wconf 89' lang='lat' dir='ltr'><strong><em>Pamphylus</em></strong></span> <span class='ocrx_word' id='word_1_685' title='bbox 1637 5064 1852 5119; x_wconf 81' lang='lat' dir='ltr'><strong><em>genere:</em></strong></span> 
     </span>
    </p>
   </div>
   <div class='ocr_carea' id='block_1_96' title="bbox 275 5138 1853 5208">
    <p class='ocr_par' dir='ltr' id='par_1_96' title="bbox 275 5138 1853 5208">
     <span class='ocr_line' id='line_1_97' title="bbox 275 5138 1853 5208; baseline 0.003 -16"><span class='ocrx_word' id='word_1_686' title='bbox 275 5139 412 5192; x_wconf 84' lang='lat' dir='ltr'><strong><em>Cum</em></strong></span> <span class='ocrx_word' id='word_1_687' title='bbox 451 5139 504 5192; x_wconf 93' lang='lat' dir='ltr'><strong><em>in</em></strong></span> <span class='ocrx_word' id='word_1_688' title='bbox 558 5139 700 5193; x_wconf 90' lang='lat' dir='ltr'><strong><em>bello</em></strong></span> <span class='ocrx_word' id='word_1_689' title='bbox 758 5139 1100 5204; x_wconf 87' lang='lat' dir='ltr'><strong><em>cecidissem,</em></strong></span> <span class='ocrx_word' id='word_1_690' title='bbox 1145 5139 1288 5208; x_wconf 87' lang='lat' dir='ltr'><strong><em>apud</em></strong></span> <span class='ocrx_word' id='word_1_691' title='bbox 1347 5138 1552 5194; x_wconf 84' lang='lat' dir='ltr'><strong><em>inferos</em></strong></span> <span class='ocrx_word' id='word_1_692' title='bbox 1602 5140 1698 5195; x_wconf 88' lang='lat' dir='ltr'><strong><em>abs</em></strong></span> <span class='ocrx_word' id='word_1_693' title='bbox 1748 5142 1853 5197; x_wconf 90' lang='lat' dir='ltr'><strong><em>diis</em></strong></span> 
     </span>
    </p>
   </div>
   <div class='ocr_carea' id='block_1_97' title="bbox 277 5232 1854 5302">
    <p class='ocr_par' dir='ltr' id='par_1_97' title="bbox 277 5232 1854 5302">
     <span class='ocr_line' id='line_1_98' title="bbox 277 5232 1854 5302; baseline 0.003 -16"><span class='ocrx_word' id='word_1_694' title='bbox 277 5232 392 5287; x_wconf 75' lang='lat' dir='ltr'><strong><em>lucc</em></strong></span> <span class='ocrx_word' id='word_1_695' title='bbox 425 5232 610 5290; x_wconf 87' lang='lat' dir='ltr'><strong><em>didici.</em></strong></span> <span class='ocrx_word' id='word_1_696' title='bbox 652 5252 670 5284; x_wconf 76' lang='grc' dir='ltr'><strong><em>ι</em></strong></span> <span class='ocrx_word' id='word_1_697' title='bbox 712 5232 866 5288; x_wconf 84' lang='lat' dir='ltr'><strong><em>llunc</em></strong></span> <span class='ocrx_word' id='word_1_698' title='bbox 894 5249 1024 5302; x_wconf 73' lang='lat' dir='ltr'><strong><em>ergo</em></strong></span> <span class='ocrx_word' id='word_1_699' title='bbox 1064 5232 1414 5288; x_wconf 64' lang='lat' dir='ltr'><strong><em>Zoroastren]</em></strong></span> <span class='ocrx_word' id='word_1_700' title='bbox 1462 5232 1635 5297; x_wconf 89' lang='lat' dir='ltr'><strong><em>Plato,</em></strong></span> <span class='ocrx_word' id='word_1_701' title='bbox 1670 5235 1758 5290; x_wconf 91' lang='lat' dir='ltr'><strong><em>die</em></strong></span> <span class='ocrx_word' id='word_1_702' title='bbox 1787 5236 1854 5290; x_wconf 89' lang='lat' dir='ltr'><strong><em>ab</em></strong></span> 
     </span>
    </p>
   </div>
   <div class='ocr_carea' id='block_1_98' title="bbox 349 5385 1852 5455">
    <p class='ocr_par' dir='ltr' id='par_1_98' title="bbox 349 5385 1852 5455">
     <span class='ocr_line' id='line_1_99' title="bbox 349 5385 1852 5455; baseline 0.009 -22"><span class='ocrx_word' id='word_1_703' title='bbox 349 5385 461 5455; x_wconf 75' lang='lat'><strong><em>(60)</em></strong></span> <span class='ocrx_word' id='word_1_704' title='bbox 496 5389 606 5440; x_wconf 79' lang='grc' dir='ltr'><em>Ἓν</em></span> <span class='ocrx_word' id='word_1_705' title='bbox 632 5387 888 5455; x_wconf 72' lang='grc' dir='ltr'>ἀνδρῶν.</span> <span class='ocrx_word' id='word_1_706' title='bbox 917 5386 1185 5444; x_wconf 82' lang='lat' dir='ltr'><strong><em>Theudor.</em></strong></span> <span class='ocrx_word' id='word_1_707' title='bbox 1223 5387 1490 5444; x_wconf 90' lang='lat' dir='ltr'><strong><em>Canterus</em></strong></span> <span class='ocrx_word' id='word_1_708' title='bbox 1523 5391 1617 5447; x_wconf 91' lang='lat' dir='ltr'><strong><em>lib.</em></strong></span> <span class='ocrx_word' id='word_1_709' title='bbox 1654 5408 1688 5446; x_wconf 86' lang='grc' dir='ltr'><strong><em>ιι</em></strong></span> <span class='ocrx_word' id='word_1_710' title='bbox 1745 5391 1852 5446; x_wconf 83' lang='lat' dir='ltr'><strong><em>Va-</em></strong></span> 
     </span>
    </p>
   </div>
   <div class='ocr_carea' id='block_1_99' title="bbox 276 5456 1845 5525">
    <p class='ocr_par' dir='ltr' id='par_1_99' title="bbox 276 5456 1845 5525">
     <span class='ocr_line' id='line_1_100' title="bbox 276 5456 1845 5525; baseline 0.008 -18"><span class='ocrx_word' id='word_1_711' title='bbox 276 5456 411 5509; x_wconf 82' lang='lat' dir='ltr'><strong><em>riar.</em></strong></span> <span class='ocrx_word' id='word_1_712' title='bbox 441 5458 676 5524; x_wconf 76' lang='lat' dir='ltr'><strong><em>lertion.,</em></strong></span> <span class='ocrx_word' id='word_1_713' title='bbox 709 5473 828 5525; x_wconf 87' lang='lat' dir='ltr'><strong><em>cap.</em></strong></span> <span class='ocrx_word' id='word_1_714' title='bbox 866 5459 953 5524; x_wconf 81' lang='grc'><strong>11,</strong></span> <span class='ocrx_word' id='word_1_715' title='bbox 988 5460 1086 5515; x_wconf 89' lang='lat' dir='ltr'><strong><em>hos</em></strong></span> <span class='ocrx_word' id='word_1_716' title='bbox 1118 5459 1333 5514; x_wconf 87' lang='lat' dir='ltr'><strong><em>Pimlari</em></strong></span> <span class='ocrx_word' id='word_1_717' title='bbox 1376 5477 1567 5515; x_wconf 80' lang='lat' dir='ltr'><strong><em>versus</em></strong></span> <span class='ocrx_word' id='word_1_718' title='bbox 1592 5463 1845 5519; x_wconf 88' lang='lat' dir='ltr'><strong><em>illustrat.</em></strong></span> 
     </span>
    </p>
   </div>
   <div class='ocr_carea' id='block_1_100' title="bbox 345 5527 1846 5599">
    <p class='ocr_par' dir='ltr' id='par_1_100' title="bbox 345 5527 1846 5599">
     <span class='ocr_line' id='line_1_101' title="bbox 345 5527 1846 5599; baseline 0.006 -20"><span class='ocrx_word' id='word_1_719' title='bbox 345 5527 456 5599; x_wconf 70' lang='lat' dir='ltr'><strong><em>(ﬁl)</em></strong></span> <span class='ocrx_word' id='word_1_720' title='bbox 493 5529 939 5599; x_wconf 73' lang='grc' dir='ltr'>Ἀριστοτέχναν</span> <span class='ocrx_word' id='word_1_721' title='bbox 979 5530 1219 5598; x_wconf 83' lang='grc' dir='ltr'>πατέρα.</span> <span class='ocrx_word' id='word_1_722' title='bbox 1259 5530 1524 5587; x_wconf 87' lang='lat' dir='ltr'><strong><em>Canterus</em></strong></span> <span class='ocrx_word' id='word_1_723' title='bbox 1554 5533 1680 5588; x_wconf 78' lang='lat' dir='ltr'><strong><em>ibid.</em></strong></span> <span class='ocrx_word' id='word_1_724' title='bbox 1716 5533 1846 5588; x_wconf 88' lang='lat' dir='ltr'><strong><em>Plu-</em></strong></span> 
     </span>
    </p>
   </div>
   <div class='ocr_carea' id='block_1_101' title="bbox 274 5597 1846 5666">
    <p class='ocr_par' dir='ltr' id='par_1_101' title="bbox 274 5597 1846 5666">
     <span class='ocr_line' id='line_1_102' title="bbox 274 5597 1846 5666; baseline 0.008 -19"><span class='ocrx_word' id='word_1_725' title='bbox 274 5597 447 5650; x_wconf 85' lang='lat' dir='ltr'><strong><em>tarchi</em></strong></span> <span class='ocrx_word' id='word_1_726' title='bbox 481 5599 594 5653; x_wconf 83' lang='lat' dir='ltr'><strong><em>loca</em></strong></span> <span class='ocrx_word' id='word_1_727' title='bbox 623 5597 844 5666; x_wconf 77' lang='lat' dir='ltr'><strong><em>profert,</em></strong></span> <span class='ocrx_word' id='word_1_728' title='bbox 878 5602 964 5654; x_wconf 92' lang='lat' dir='ltr'><strong><em>ubi</em></strong></span> <span class='ocrx_word' id='word_1_729' title='bbox 1002 5617 1066 5654; x_wconf 77' lang='lat' dir='ltr'><strong><em>ex</em></strong></span> <span class='ocrx_word' id='word_1_730' title='bbox 1100 5597 1335 5656; x_wconf 86' lang='lat' dir='ltr'><strong><em>Pindaro</em></strong></span> <span class='ocrx_word' id='word_1_731' title='bbox 1376 5604 1423 5655; x_wconf 88' lang='lat' dir='ltr'><strong><em>id</em></strong></span> <span class='ocrx_word' id='word_1_732' title='bbox 1478 5605 1714 5658; x_wconf 86' lang='lat' dir='ltr'><strong><em>nominis</em></strong></span> <span class='ocrx_word' id='word_1_733' title='bbox 1738 5604 1846 5659; x_wconf 88' lang='lat' dir='ltr'><strong><em>Deo</em></strong></span> 
     </span>
    </p>
   </div>
   <div class='ocr_carea' id='block_1_102' title="bbox 274 5667 1838 5747">
    <p class='ocr_par' dir='ltr' id='par_1_102' title="bbox 274 5667 1838 5747">
     <span class='ocr_line' id='line_1_103' title="bbox 274 5667 1838 5747; baseline 0.006 -27"><span class='ocrx_word' id='word_1_734' title='bbox 274 5667 546 5722; x_wconf 86' lang='lat' dir='ltr'><strong><em>tribuitur.</em></strong></span> <span class='ocrx_word' id='word_1_735' title='bbox 589 5669 804 5724; x_wconf 82' lang='lat' dir='ltr'><strong><em>Pindari</em></strong></span> <span class='ocrx_word' id='word_1_736' title='bbox 856 5687 1044 5726; x_wconf 83' lang='lat' dir='ltr'><strong><em>versus</em></strong></span> <span class='ocrx_word' id='word_1_737' title='bbox 1087 5673 1224 5728; x_wconf 84' lang='lat' dir='ltr'><strong><em>idem</em></strong></span> <span class='ocrx_word' id='word_1_738' title='bbox 1275 5692 1338 5729; x_wconf 76' lang='lat' dir='ltr'><strong><em>ex</em></strong></span> <span class='ocrx_word' id='word_1_739' title='bbox 1389 5674 1570 5729; x_wconf 87' lang='lat' dir='ltr'><strong><em>Dionis</em></strong></span> <span class='ocrx_word' id='word_1_740' title='bbox 1600 5674 1838 5747; x_wconf 70' lang='lat' dir='ltr'><strong><em>Chryso-</em></strong></span> 
     </span>
    </p>
   </div>
   <div class='ocr_carea' id='block_1_103' title="bbox 1969 4483 3547 4556">
    <p class='ocr_par' dir='ltr' id='par_1_103' title="bbox 1969 4483 3547 4556">
     <span class='ocr_line' id='line_1_104' title="bbox 1969 4483 3547 4556; baseline 0.001 -21"><span class='ocrx_word' id='word_1_741' title='bbox 1969 4485 2026 4535; x_wconf 90' lang='grc' dir='ltr'><strong><em>ἐν</em></strong></span> <span class='ocrx_word' id='word_1_742' title='bbox 2063 4483 2282 4554; x_wconf 84' lang='grc' dir='ltr'>πολέμῳ</span> <span class='ocrx_word' id='word_1_743' title='bbox 2318 4483 2664 4553; x_wconf 83' lang='grc' dir='ltr'>τελευτήσας,</span> <span class='ocrx_word' id='word_1_744' title='bbox 2694 4484 2794 4536; x_wconf 81' lang='grc' dir='ltr'><strong><em>ὅσα</em></strong></span> <span class='ocrx_word' id='word_1_745' title='bbox 2842 4484 2898 4535; x_wconf 84' lang='grc' dir='ltr'><strong><em>ὲν</em></strong></span> <span class='ocrx_word' id='word_1_746' title='bbox 2933 4483 3034 4556; x_wconf 71' lang='grc' dir='ltr'><strong><em>ᾄδῃ</em></strong></span> <span class='ocrx_word' id='word_1_747' title='bbox 3055 4483 3342 4554; x_wconf 84' lang='grc' dir='ltr'>γενόμενος</span> <span class='ocrx_word' id='word_1_748' title='bbox 3381 4483 3547 4554; x_wconf 77' lang='grc' dir='ltr'>ἐδάην</span> 
     </span>
    </p>
   </div>
   <div class='ocr_carea' id='block_1_104' title="bbox 1967 4575 3543 4648">
    <p class='ocr_par' dir='ltr' id='par_1_104' title="bbox 1967 4575 3543 4648">
     <span class='ocr_line' id='line_1_105' title="bbox 1967 4575 3543 4648; baseline 0.001 -20"><span class='ocrx_word' id='word_1_749' title='bbox 1967 4575 2116 4647; x_wconf 81' lang='grc' dir='ltr'>παρὰ</span> <span class='ocrx_word' id='word_1_750' title='bbox 2134 4577 2294 4630; x_wconf 87' lang='grc' dir='ltr'>θεῶν.</span> <span class='ocrx_word' id='word_1_751' title='bbox 2315 4597 2332 4629; x_wconf 75' lang='grc' dir='ltr'><strong><em>ι</em></strong></span> <span class='ocrx_word' id='word_1_752' title='bbox 2365 4578 2467 4630; x_wconf 87' lang='grc' dir='ltr'><strong><em>Τὸν</em></strong></span> <span class='ocrx_word' id='word_1_753' title='bbox 2499 4576 2561 4647; x_wconf 85' lang='grc' dir='ltr'>δὴ</span> <span class='ocrx_word' id='word_1_754' title='bbox 2607 4576 2950 4648; x_wconf 81' lang='grc' dir='ltr'>Ζωρόαστριν</span> <span class='ocrx_word' id='word_1_755' title='bbox 3004 4577 3191 4629; x_wconf 79' lang='grc' dir='ltr'>τοῦτον</span> <span class='ocrx_word' id='word_1_756' title='bbox 3219 4579 3246 4630; x_wconf 78' lang='grc' dir='ltr'>ὁ</span> <span class='ocrx_word' id='word_1_757' title='bbox 3291 4577 3543 4638; x_wconf 76' lang='grc' dir='ltr'>Πλάτων,</span> 
     </span>
    </p>
   </div>
   <div class='ocr_carea' id='block_1_105' title="bbox 1963 4667 3540 4740">
    <p class='ocr_par' dir='ltr' id='par_1_105' title="bbox 1963 4667 3540 4740">
     <span class='ocr_line' id='line_1_106' title="bbox 1963 4667 3540 4740; baseline 0.001 -19"><span class='ocrx_word' id='word_1_758' title='bbox 1963 4667 2320 4722; x_wconf 82' lang='grc' dir='ltr'>δωδεκαταῐον</span> <span class='ocrx_word' id='word_1_759' title='bbox 2350 4670 2441 4721; x_wconf 72' lang='grc' dir='ltr'><strong><em>ἐπὶ</em></strong></span> <span class='ocrx_word' id='word_1_760' title='bbox 2468 4672 2532 4740; x_wconf 83' lang='grc' dir='ltr'><strong><em>τῇ</em></strong></span> <span class='ocrx_word' id='word_1_761' title='bbox 2563 4671 2711 4740; x_wconf 83' lang='grc' dir='ltr'>πυρᾷ</span> <span class='ocrx_word' id='word_1_762' title='bbox 2742 4667 3011 4738; x_wconf 86' lang='grc' dir='ltr'>κείμενον,</span> <span class='ocrx_word' id='word_1_763' title='bbox 3042 4667 3340 4721; x_wconf 75' lang='grc' dir='ltr'>ἀναϐιῶναι</span> <span class='ocrx_word' id='word_1_764' title='bbox 3369 4667 3540 4735; x_wconf 87' lang='grc' dir='ltr'>λέγει.</span> 
     </span>
    </p>
   </div>
   <div class='ocr_carea' id='block_1_106' title="bbox 1963 4757 3538 4829">
    <p class='ocr_par' dir='ltr' id='par_1_106' title="bbox 1963 4757 3538 4829">
     <span class='ocr_line' id='line_1_107' title="bbox 1963 4757 3538 4829; baseline 0.001 -21"><span class='ocrx_word' id='word_1_765' title='bbox 1963 4758 2114 4829; x_wconf 80' lang='grc' dir='ltr'>Τάχα</span> <span class='ocrx_word' id='word_1_766' title='bbox 2147 4760 2242 4829; x_wconf 86' lang='grc' dir='ltr'>μὲν</span> <span class='ocrx_word' id='word_1_767' title='bbox 2271 4761 2330 4812; x_wconf 82' lang='grc' dir='ltr'><strong><em>οὐ</em></strong></span> <span class='ocrx_word' id='word_1_768' title='bbox 2373 4757 2470 4829; x_wconf 84' lang='grc' dir='ltr'><strong><em>τὴν</em></strong></span> <span class='ocrx_word' id='word_1_769' title='bbox 2506 4759 2821 4819; x_wconf 80' lang='grc' dir='ltr'>ἀνάστασιν,</span> <span class='ocrx_word' id='word_1_770' title='bbox 2849 4757 2961 4810; x_wconf 81' lang='grc' dir='ltr'>ἀλλ’</span> <span class='ocrx_word' id='word_1_771' title='bbox 2988 4760 3169 4811; x_wconf 81' lang='grc' dir='ltr'>ἐκεῖνα</span> <span class='ocrx_word' id='word_1_772' title='bbox 3212 4758 3538 4818; x_wconf 77' lang='grc' dir='ltr'>αἰνίσσεται,</span> 
     </span>
    </p>
   </div>
   <div class='ocr_carea' id='block_1_107' title="bbox 1961 4847 3539 4920">
    <p class='ocr_par' dir='ltr' id='par_1_107' title="bbox 1961 4847 3539 4920">
     <span class='ocr_line' id='line_1_108' title="bbox 1961 4847 3539 4920; baseline -0.002 -19"><span class='ocrx_word' id='word_1_773' title='bbox 1961 4848 2034 4912; x_wconf 82' lang='grc' dir='ltr'>ὡς</span> <span class='ocrx_word' id='word_1_774' title='bbox 2055 4850 2140 4902; x_wconf 76' lang='grc' dir='ltr'><strong><em>διὰ</em></strong></span> <span class='ocrx_word' id='word_1_775' title='bbox 2172 4850 2278 4902; x_wconf 90' lang='grc' dir='ltr'><strong><em>τῶν</em></strong></span> <span class='ocrx_word' id='word_1_776' title='bbox 2310 4850 2516 4903; x_wconf 84' lang='grc' dir='ltr'>δώδεκα</span> <span class='ocrx_word' id='word_1_777' title='bbox 2535 4850 2737 4914; x_wconf 76' lang='grc' dir='ltr'>ζωδίων</span> <span class='ocrx_word' id='word_1_778' title='bbox 2760 4851 2792 4920; x_wconf 82' lang='grc' dir='ltr'><strong>ἡ</strong></span> <span class='ocrx_word' id='word_1_779' title='bbox 2821 4849 2932 4910; x_wconf 74' lang='grc' dir='ltr'>ὁδὸς</span> <span class='ocrx_word' id='word_1_780' title='bbox 2959 4851 3077 4912; x_wconf 83' lang='grc' dir='ltr'>ταῖς</span> <span class='ocrx_word' id='word_1_781' title='bbox 3099 4847 3296 4918; x_wconf 73' lang='grc' dir='ltr'>ψυχαῖς</span> <span class='ocrx_word' id='word_1_782' title='bbox 3328 4847 3539 4916; x_wconf 87' lang='grc' dir='ltr'>γίνεται</span> 
     </span>
    </p>
   </div>
   <div class='ocr_carea' id='block_1_108' title="bbox 1960 4939 3538 5014">
    <p class='ocr_par' dir='ltr' id='par_1_108' title="bbox 1960 4939 3538 5014">
     <span class='ocr_line' id='line_1_109' title="bbox 1960 4939 3538 5014; baseline -0.004 -18"><span class='ocrx_word' id='word_1_783' title='bbox 1960 4945 2038 5006; x_wconf 86' lang='grc' dir='ltr'><strong><em>εἰς</em></strong></span> <span class='ocrx_word' id='word_1_784' title='bbox 2069 4943 2164 5014; x_wconf 84' lang='grc' dir='ltr'>τὴν</span> <span class='ocrx_word' id='word_1_785' title='bbox 2197 4942 2481 5013; x_wconf 67' lang='grc' dir='ltr'>ἀνάληψιν.</span> <span class='ocrx_word' id='word_1_786' title='bbox 2516 4942 2684 5006; x_wconf 77' lang='grc' dir='ltr'>Αὐτὸς</span> <span class='ocrx_word' id='word_1_787' title='bbox 2717 4942 2771 4995; x_wconf 81' lang='grc' dir='ltr'><strong><em>δέ</em></strong></span> <span class='ocrx_word' id='word_1_788' title='bbox 2807 4942 2900 4994; x_wconf 71' lang='grc' dir='ltr'><strong><em>καὶ</em></strong></span> <span class='ocrx_word' id='word_1_789' title='bbox 2920 4942 2998 5005; x_wconf 82' lang='grc' dir='ltr'><strong><em>είς</em></strong></span> <span class='ocrx_word' id='word_1_790' title='bbox 3031 4940 3128 5012; x_wconf 87' lang='grc' dir='ltr'>τὴν</span> <span class='ocrx_word' id='word_1_791' title='bbox 3155 4939 3368 5008; x_wconf 85' lang='grc' dir='ltr'>γένεσίν</span> <span class='ocrx_word' id='word_1_792' title='bbox 3402 4955 3538 5010; x_wconf 71' lang='grc' dir='ltr'>φησι</span> 
     </span>
    </p>
   </div>
   <div class='ocr_carea' id='block_1_109' title="bbox 1956 5032 3538 5106">
    <p class='ocr_par' dir='ltr' id='par_1_109' title="bbox 1956 5032 3538 5106">
     <span class='ocr_line' id='line_1_110' title="bbox 1956 5032 3538 5106; baseline -0.003 -17"><span class='ocrx_word' id='word_1_793' title='bbox 1956 5037 2054 5106; x_wconf 81' lang='grc' dir='ltr'>τὴν</span> <span class='ocrx_word' id='word_1_794' title='bbox 2082 5037 2249 5106; x_wconf 75' lang='grc' dir='ltr'>αὐτὴν</span> <span class='ocrx_word' id='word_1_795' title='bbox 2274 5035 2516 5104; x_wconf 84' lang='grc' dir='ltr'>γίνεσθαι</span> <span class='ocrx_word' id='word_1_796' title='bbox 2554 5035 2794 5089; x_wconf 82' lang='grc' dir='ltr'>κάθοδον.</span> <span class='ocrx_word' id='word_1_797' title='bbox 2843 5035 3028 5087; x_wconf 81' lang='grc' dir='ltr'>Ταῦτα</span> <span class='ocrx_word' id='word_1_798' title='bbox 3075 5033 3414 5105; x_wconf 81' lang='grc' dir='ltr'>ὑποληπτέον</span> <span class='ocrx_word' id='word_1_799' title='bbox 3439 5032 3538 5085; x_wconf 71' lang='grc' dir='ltr'><strong><em>καὶ</em></strong></span> 
     </span>
    </p>
   </div>
   <div class='ocr_carea' id='block_1_110' title="bbox 1954 5125 3535 5198">
    <p class='ocr_par' dir='ltr' id='par_1_110' title="bbox 1954 5125 3535 5198">
     <span class='ocr_line' id='line_1_111' title="bbox 1954 5125 3535 5198; baseline -0.003 -17"><span class='ocrx_word' id='word_1_800' title='bbox 1954 5129 2023 5182; x_wconf 86' lang='grc' dir='ltr'><strong><em>τά</em></strong></span> <span class='ocrx_word' id='word_1_801' title='bbox 2069 5129 2159 5182; x_wconf 78' lang='grc' dir='ltr'>τοῦ</span> <span class='ocrx_word' id='word_1_802' title='bbox 2214 5129 2510 5198; x_wconf 81' lang='grc' dir='ltr'>Ἡρακλέος</span> <span class='ocrx_word' id='word_1_803' title='bbox 2552 5125 2689 5182; x_wconf 87' lang='grc' dir='ltr'>ἆθλα</span> <span class='ocrx_word' id='word_1_804' title='bbox 2749 5127 3001 5197; x_wconf 78' lang='grc' dir='ltr'>λέγεσθαι</span> <span class='ocrx_word' id='word_1_805' title='bbox 3038 5125 3123 5192; x_wconf 72' lang='grc' dir='ltr'>ιϐ’,</span> <span class='ocrx_word' id='word_1_806' title='bbox 3181 5125 3300 5197; x_wconf 76' lang='grc' dir='ltr'>μεθ’</span> <span class='ocrx_word' id='word_1_807' title='bbox 3350 5126 3386 5178; x_wconf 76' lang='grc' dir='ltr'><strong><em>ἀ</em></strong></span> <span class='ocrx_word' id='word_1_808' title='bbox 3435 5125 3535 5194; x_wconf 81' lang='grc' dir='ltr'>τῆς</span> 
     </span>
    </p>
   </div>
   <div class='ocr_carea' id='block_1_111' title="bbox 1953 5220 3529 5292">
    <p class='ocr_par' dir='ltr' id='par_1_111' title="bbox 1953 5220 3529 5292">
     <span class='ocr_line' id='line_1_112' title="bbox 1953 5220 3529 5292; baseline -0.003 -14"><span class='ocrx_word' id='word_1_809' title='bbox 1953 5221 2272 5292; x_wconf 82' lang='grc' dir='ltr'>ἀπαλλαγῆς</span> <span class='ocrx_word' id='word_1_810' title='bbox 2292 5222 2490 5285; x_wconf 87' lang='grc' dir='ltr'>παντὸς</span> <span class='ocrx_word' id='word_1_811' title='bbox 2508 5221 2600 5275; x_wconf 79' lang='grc' dir='ltr'>τοῦ</span> <span class='ocrx_word' id='word_1_812' title='bbox 2622 5222 2824 5292; x_wconf 81' lang='grc' dir='ltr'>κόσμου</span> <span class='ocrx_word' id='word_1_813' title='bbox 2846 5220 2999 5274; x_wconf 79' lang='grc' dir='ltr'>τοῦδε</span> <span class='ocrx_word' id='word_1_814' title='bbox 3027 5222 3280 5291; x_wconf 80' lang='grc' dir='ltr'>τυγχάνει</span> <span class='ocrx_word' id='word_1_815' title='bbox 3305 5223 3338 5292; x_wconf 73' lang='grc' dir='ltr'>ὴ</span> <span class='ocrx_word' id='word_1_816' title='bbox 3360 5221 3529 5290; x_wconf 71' lang='grc' dir='ltr'>ψυχή.</span> 
     </span>
    </p>
   </div>
   <div class='ocr_carea' id='block_1_112' title="bbox 1952 5403 3204 5474">
    <p class='ocr_par' dir='ltr' id='par_1_112' title="bbox 1952 5403 3204 5474">
     <span class='ocr_line' id='line_1_113' title="bbox 1952 5403 3204 5474; baseline -0.001 -16"><span class='ocrx_word' id='word_1_817' title='bbox 1952 5404 2110 5458; x_wconf 86' lang='lat' dir='ltr'><strong><em>stomi</em></strong></span> <span class='ocrx_word' id='word_1_818' title='bbox 2153 5403 2445 5474; x_wconf 80' lang='lat' dir='ltr'><strong><em>Olympico,</em></strong></span> <span class='ocrx_word' id='word_1_819' title='bbox 2479 5403 2622 5458; x_wconf 91' lang='lat' dir='ltr'><strong><em>hunc</em></strong></span> <span class='ocrx_word' id='word_1_820' title='bbox 2653 5404 2705 5457; x_wconf 92' lang='lat' dir='ltr'><strong><em>in</em></strong></span> <span class='ocrx_word' id='word_1_821' title='bbox 2741 5403 2959 5458; x_wconf 85' lang='lat' dir='ltr'><strong><em>modum</em></strong></span> <span class='ocrx_word' id='word_1_822' title='bbox 3001 5403 3163 5458; x_wconf 78' lang='lat' dir='ltr'><strong><em>refert</em></strong></span> <span class='ocrx_word' id='word_1_823' title='bbox 3193 5424 3204 5457; x_wconf 86' lang='lat'><strong>:</strong></span> 
     </span>
    </p>
   </div>
   <div class='ocr_carea' id='block_1_113' title="bbox 2130 5515 2854 5585">
    <p class='ocr_par' dir='ltr' id='par_1_113' title="bbox 2130 5515 2854 5585">
     <span class='ocr_line' id='line_1_114' title="bbox 2130 5515 2854 5585; baseline 0.003 -17"><span class='ocrx_word' id='word_1_824' title='bbox 2130 5516 2432 5570; x_wconf 79' lang='grc' dir='ltr'>Δωδωναῖε</span> <span class='ocrx_word' id='word_1_825' title='bbox 2466 5515 2854 5585; x_wconf 79' lang='grc' dir='ltr'>μεγασθενὲς,</span> 
     </span>
    </p>
   </div>
   <div class='ocr_carea' id='block_1_114' title="bbox 2137 5587 2780 5657">
    <p class='ocr_par' dir='ltr' id='par_1_114' title="bbox 2137 5587 2780 5657">
     <span class='ocr_line' id='line_1_115' title="bbox 2137 5587 2780 5657; baseline 0.002 -16"><span class='ocrx_word' id='word_1_826' title='bbox 2137 5587 2546 5657; x_wconf 77' lang='grc' dir='ltr'>Ἁριστοτέχνα</span> <span class='ocrx_word' id='word_1_827' title='bbox 2579 5587 2780 5655; x_wconf 81' lang='grc' dir='ltr'>πάτερ.</span> 
     </span>
    </p>
   </div>
   <div class='ocr_carea' id='block_1_115' title="bbox 1950 5677 3318 5750">
    <p class='ocr_par' dir='ltr' id='par_1_115' title="bbox 1950 5677 3318 5750">
     <span class='ocr_line' id='line_1_116' title="bbox 1950 5677 3318 5750; baseline -0.001 -18"><span class='ocrx_word' id='word_1_828' title='bbox 1950 5677 2095 5734; x_wconf 82' lang='lat' dir='ltr'><strong><em>Licet</em></strong></span> <span class='ocrx_word' id='word_1_829' title='bbox 2123 5679 2194 5734; x_wconf 90' lang='lat' dir='ltr'><strong><em>ibi</em></strong></span> <span class='ocrx_word' id='word_1_830' title='bbox 2230 5680 2546 5734; x_wconf 83' lang='lat' dir='ltr'><strong><em>nominatim</em></strong></span> <span class='ocrx_word' id='word_1_831' title='bbox 2571 5679 2834 5736; x_wconf 90' lang='lat' dir='ltr'><strong><em>Pindarus</em></strong></span> <span class='ocrx_word' id='word_1_832' title='bbox 2864 5696 2970 5736; x_wconf 88' lang='lat' dir='ltr'><strong><em>non</em></strong></span> <span class='ocrx_word' id='word_1_833' title='bbox 3003 5679 3318 5750; x_wconf 77' lang='lat' dir='ltr'><strong><em>appelletur.</em></strong></span> 
     </span>
    </p>
   </div>
  </div>
