3994 6384
243 320 384 377 1117

1345 341 1667 401 PREPAR.
1709 345 1959 404 EVANG.
2004 344 2133 405 LIB.
2179 349 2317 407 XIII.

3343 354 3485 411 1118

243 439 318 491 οὐ
337 441 776 542 παραπέμπομαι
789 446 982 542 καὶτδν
1005 451 1394 524 Ἐμπεδοκλέα.
1411 460 1468 514 '0
1486 463 1709 530 φυσικὸς
1723 456 1812 515 οὕο

1921 464 2141 522 interitu
2185 466 2530 533 duodecimo,
2573 469 2686 539 jam
2728 484 2861 542 rogo
2886 468 3199 540 impositum
3229 471 3488 527 revixisse

249 546 336 592 τος
348 532 455 626 *τῆς
467 532 573 588 τῶν
589 535 803 591 πάντων
817 539 1134 612 ἀναλήψεως
1153 545 1446 620 μέμνηται,
1464 551 1540 614 ὼς
1551 553 1815 626 ἐσομένης

407 626 486 689 είς
506 627 604 698 τὴν
633 629 725 682 τοῦ
754 631 922 704 πυρὸς
953 635 1137 690 ούσίαν
1162 639 1478 713 μεταϐολῆς.
1501 622 1817 715 Σαφέστατα

241 713 672 807 δ’ὕΗράκλειτος
699 721 729 774 δ
757 723 1002 792 Ἐφέσιος
1029 727 1230 800 ταύτης
1251 731 1369 785 ἐστὶ
1403 734 1502 804 τῆς
1526 713 1703 807 δόξης,
1727 736 1817 790 τὸν

243 805 340 874 μέν
371 825 492 863 τινα
533 812 732 884 κόσμον
766 816 934 870 ἀΐδιον
962 815 1098 874 εἶναι
1134 822 1456 894 δοκιμάσας,
1487 826 1579 880 τὸν
1609 805 1665 882 δέ
1698 847 1816 883 τινα

240 896 624 992 ιρθειρόμεων,
652 905 742 958 τὸν
783 908 926 961 κατὰ
964 909 1060 982 τὴν
1101 912 1482 989 διακόσμησιν,
1518 917 1673 982 είδὼς
1719 921 1816 992 οὐχ

238 989 423 1062 ἕτερον
449 992 577 1048 δντα
607 997 814 1052 ἐκείνου
842 1017 959 1064 πως
991 1003 1222 1074 ἔχοντος.
1259 1007 1397 1060 Ἀλλ’
1420 1010 1500 1064 ὅτι
1529 1011 1626 1081 μὲν
1650 989 1816 1066 ἀΐδιον

236 1082 325 1136 τὸν
358 1086 416 1152 ἐξ
449 1087 664 1160 ἀπάσης
708 1091 805 1163 τῆς
843 1093 1027 1158 ούσίας
1057 1097 1241 1164 ἁῑδίως
1273 1102 1422 1157 ποιὸν
1462 1104 1685 1174 κόσμον,
1716 1105 1812 1178 1ἤδη

236 1180 473 1250 φανερὸν
516 1185 675 1246 ποιεῖ,
731 1183 906 1254 λέγων
966 1187 1138 1243 οὕτω·
1176 1212 1194 1244 ι
1229 1194 1448 1267 Κόσμον
1515 1197 1605 1250 τὸν
1656 1198 1815 1253 αὑτὸν

235 1269 456 1324 πάντων
516 1274 638 1328 οὕτε
689 1294 773 1341 τις
824 1277 960 1331 θεῶν
998 1279 1118 1335 οὕτε
1173 1284 1474 1356 ἀνθρώπων
1522 1289 1812 1361 ἐποίησεν,

234 1361 347 1414 ἀλλ’
375 1359 445 1436 ἦν
471 1366 577 1431 ἀεὶ,
606 1369 698 1422 καὶ
723 1369 857 1436 ἔστι,
885 1373 980 1426 καὶ
1005 1373 1178 1440 ἔσται,
1216 1377 1327 1448 πῦρ
1366 1378 1613 1446 ἀείζωον,
1653 1359 1815 1436 ἀπτό⁴

236 1472 398 1525 μενον
439 1458 621 1530 μέτρῳ
652 1460 784 1532 (62),
811 1464 904 1518 καὶ
929 1466 1229 1522 ἀποσὸεννύ
1239 1487 1397 1540 μενον
1421 1472 1626 1545 μέτρῳ.
1655 1495 1673 1526 ι
1694 1476 1815 1531 Ὀτι

230 1547 288 1601 δὲ
314 1547 410 1601 καὶ
439 1553 713 1624 γεννητὸν,
737 1557 829 1608 καὶ
854 1558 1090 1631 φθαρτὸν
1119 1562 1281 1616 αὑτὸν
1310 1559 1446 1618 εἶναι
1469 1566 1812 1639 ἐδογμάτιζε,

233 1641 430 1732 μηνύει
461 1644 529 1697 τὰ
561 1646 949 1720 ἐπιφερόμενα⁹
976 1672 994 1704 ι
1019 1653 1196 1726 Πυρὺς
1219 1659 1440 1728 τροπαὶ,
1473 1660 1685 1732 πρῶτον
1719 1662 1814 1717 θά-

231 1730 430 1798 λασσα,
468 1735 742 1810 Θαλάσσης
782 1740 840 1794 δὲ
872 1743 932 1796 τὸ
976 1745 1075 1815 μὲν
1100 1747 1270 1818 ἥμισυ
1317 1749 1390 1820 γῆ
1412 1790 1427 1812 ,
1461 1730 1527 1804 τὸν
1553 1752 1610 1805 δὲ
1643 1754 1814 1825 ἥμισυ

1919 564 2203 611 memorat.
2236 557 2403 628 676
2435 557 2646 624 Quibus
2675 557 2813 614 forte
2842 573 2950 613 non
2998 560 3485 628 resurrectionem,

1916 647 2010 702 sed
2033 650 2264 703 alterum
2281 650 2413 705 illud
2430 650 2767 705 subobscure
2792 651 3084 722 signiﬁcat,
3108 653 3338 717 animos,
3361 668 3488 707 cum

1917 741 2252 810 recipiuntur
2278 742 2332 796 in
2377 742 2598 807 caelum,
2630 758 2727 813 per
2777 744 2930 812 signa
2966 743 3174 798 zodiaci
3201 742 3487 796 duodecim

1917 833 2061 887 viam
2090 833 2248 899 inire,
2273 850 2367 904 per
2396 852 2518 906 quae
2555 836 2806 892 similiter
2857 837 3074 890 eosdem
3110 836 3206 900 ait,
3239 851 3362 890 cum
3403 835 3492 890 hic

1916 926 2193 995 generatio
2223 926 2314 990 ﬁt,
2368 927 2697 985 descendere
2738 931 2949 986 solitos.
2993 927 3103 984 Nec
3147 929 3302 984 aliter
3347 927 3491 982 acci-

1918 1018 2171 1086 piendum
2206 1026 2310 1081 est,
2363 1019 2649 1074 duodecim
2702 1019 2988 1074 Herculem
3029 1017 3323 1072 certamina
3359 1032 3493 1070 con-

1918 1107 2130 1173 fecisse,
2162 1109 2359 1178 quibus
2392 1111 2695 1178 exhaustis,
2727 1111 2796 1164 ah
2832 1109 3068 1165 universi
3105 1107 3267 1177 hujus
3303 1107 3492 1161 mundi

1915 1200 2181 1269 angustiis
2210 1202 2424 1256 animus
2451 1203 2729 1257 liberetur.
2767 1200 2877 1256 Nec
2909 1200 3041 1254 mihi
3080 1197 3491 1270 praetereundus

1916 1291 2287 1361 Empedocles.
2315 1292 2579 1365 Physicus
2612 1295 2754 1348 etiim
2795 1293 2884 1349 ille
2913 1294 2995 1350 sic
3031 1307 3213 1346 rerum
3243 1290 3489 1344 omnium

1919 1383 2333 1438 instaurationis
2364 1383 2632 1451 meminit,
2657 1392 2716 1439 ut
2751 1385 2890 1455 ignis
2917 1383 2969 1436 in
3006 1391 3253 1436 naturam
3297 1387 3492 1434 cuncta

1917 1479 2046 1532 olim
2079 1487 2346 1532 mutatum
2403 1477 2468 1530 iri
2517 1479 2852 1546 pronuntiet.
2903 1475 3018 1542 Qua
3074 1475 3124 1528 in
3155 1475 3343 1528 eadem
3376 1472 3464 1542 opi

1918 1570 2080 1625 nione
2133 1568 2437 1624 Heraclitus
2491 1567 2760 1636 Ephesius
2814 1566 3100 1622 manifeste
3141 1573 3410 1619 versatur.
3447 1561 3494 1616 ls

1917 1665 2060 1718 enim
2099 1665 2361 1719 mundum
2399 1679 2567 1717 unum
2605 1662 2893 1734 quemdam
2946 1661 3335 1730 sempiternum
3376 1672 3496 1711 esse

1921 1758 2130 1823 statuit,
2160 1759 2426 1814 caducum
2468 1759 2699 1813 alterum
2750 1771 2813 1811 ac
2861 1763 3175 1824 pereuntem
3223 1751 3492 1822 agnoscit,

231 1829 511 1900 πρηστὴρ.
539 1849 558 1881 ι
599 1833 836 1904 Δυνάμει
870 1835 978 1909 γὰρ
1006 1837 1174 1908 λέγει,
1212 1841 1292 1894 ὅτι
1325 1843 1386 1896 τὸ
1418 1843 1531 1917 πῦρ
1566 1821 1698 1899 ὑπο⁷
1721 1848 1812 1901 τοῦ

1919 1858 1976 1902 at
2031 1858 2256 1905 externa
2315 1851 2493 1920 specie
2527 1862 2704 1914 tenus,
2755 1849 2958 1917 quique
2988 1847 3128 1900 alius
3178 1861 3284 1898 non
3336 1842 3407 1896 sit
3459 1857 3492 1896 a

229 1920 562 1989 διοικοῦντος
589 1927 764 1996 Λόγου
798 1930 893 1983 καὶ
936 1931 1070 1985 Θεοῦ
1116 1935 1184 1988 τὰ
1229 1935 1516 2008 σύμπαντα
1556 1939 1623 1993 δι’
1655 1941 1815 2014 ἀέρος

230 2015 493 2084 τρέπεται
521 2019 600 2082 είς
628 2021 813 2092 ὑγρὸν,
837 2025 898 2078 τὸ
922 2025 998 2090 ὡς
1019 2028 1237 2100 σπέρμα
1268 2031 1364 2102 τῆς
1384 2031 1810 2104 διακοσμήσεως,

228 2105 263 2159 δ
290 2109 446 2162 καλεῖ
469 2109 742 2167 θάλασσαν
765 2133 778 2146 ο
797 2117 862 2170 ὲκ
889 2117 945 2170 δὲ
973 2119 1162 2174 τούτου
1186 2119 1342 2186 αὖθις
1361 2123 1566 2192 γίνεται
1589 2127 1816 2198 οὐρανὸς

233 2199 329 2252 καὶ
356 2201 450 2272 γῆ,
480 2205 572 2256 καὶ
597 2205 667 2259 τὰ
694 2208 1151 2282 ἐμπεριεχόμενα.
1184 2216 1373 2280 Ὅπως
1405 2217 1462 2270 δὲ
1493 2218 1654 2272 πάλιν
1682 2221 1815 2273 ἀνα-

235 2289 570 2363 λαμϐάνεται
599 2297 693 2350 καὶ
725 2301 1080 2373 ἐκπυροῦται,
1123 2307 1311 2376 σαφῶς
1341 2307 1428 2362 διὰ
1469 2309 1672 2364 τούτων
1719 2311 1816 2382 δη-

233 2382 345 2436 λοῖο
370 2404 389 2436 ι
411 2385 669 2441 Θάλασσα
693 2387 985 2459 διαχέεται,
1013 2395 1105 2447 καὶ
1129 2397 1414 2468 μετρέεται
1440 2400 1519 2457 είς
1543 2399 1633 2452 τὸν
1653 2400 1816 2453 αὑτὸν

230 2474 412 2544 λόγον,
432 2477 606 2542 ὁκοῖος
629 2478 987 2554 πρόσθενῆνὴ
1011 2485 1260 2553 γενέσθαι
1275 2488 1404 2559 (65).
1431 2509 1448 2540 ι
1477 2491 1706 2561 Ὁμοίως
1722 2494 1816 2546 καὶ

232 2568 361 2638 περὶ
379 2569 488 2621 τῶν
499 2570 674 2624 ἄλλων
696 2574 973 2644 στοιχείων
994 2576 1060 2629 τὰ
1088 2577 1244 2633 αὑτά.
1259 2580 1624 2653 Παραπλήσια
1644 2583 1816 2656 τούτῳ

230 2659 327 2711 καὶ
350 2661 401 2712 οἱ
423 2660 842 2734 ὲλλογιμώτατοι
871 2665 978 2718 τῶν
991 2668 1243 2723 Στωϊκῶν
1263 2671 1663 2742 δογματίζουσι,
1688 2677 1815 2749 περί

227 2767 288 2803 τε
321 2753 689 2824 ἐκπυρώσεως
733 2756 1221 2828 διαλαμϐάνοντες,
1257 2763 1350 2815 καὶ
1385 2765 1589 2835 κόσμου
1613 2766 1818 2838 διοικὴ-

231 2860 395 2908 σεως,
432 2847 526 2898 καὶ
550 2846 644 2900 τοῦ
678 2847 820 2913 ἰδίως
850 2850 1004 2903 ποιοῦ
1035 2852 1240 2924 κόσμου
1273 2871 1330 2907 τε
1359 2856 1452 2908 καὶ
1486 2857 1771 2929 ἀνθρώπου
1798 2901 1812 2925 ,

229 2938 326 2991 καὶ
370 2938 468 3008 τῆς
494 2939 603 2992 τῶν
637 2941 920 3014 ἡμετέρων
950 2942 1136 3014 ψυχῶν
1164 2947 1536 3019 ἐπιδιαμονῆς.
1561 2950 1729 3003 Πάλιν
1757 2969 1814 3005 τε

227 3023 296 3080 αὖ
328 3028 357 3080 ὁ
395 3028 621 3083 Πλάτων
656 3031 712 3083 ὲν
745 3032 840 3102 μὲν
865 3032 943 3104 τῷ
977 3034 1188 3106 ἑϐδόμῳ
1217 3037 1316 3107 τῆς
1357 3039 1684 3104 Πολιτείας,
1717 3041 1816 3112 τὴν

228 3119 466 3173 ἐνταῦθα
482 3121 690 3194 ἡμέραν
707 3126 1023 3198 νυκτερινὴν
1050 3129 1262 3201 ἡμέραν
1288 3129 1544 3200 κέκληκε,
1573 3131 1662 3185 διὰ
1688 3134 1814 3196 τοὺς

229 3213 679 3287 κοσμοκράτορας
698 3256 713 3280 ,
745 3211 897 3287 οἶμαι
912 3259 927 3283 ,
960 3219 1052 3272 τοῦ
1072 3223 1294 3286 σκότους
1314 3221 1500 3276 τούτου
1520 3241 1534 3254 ·
1577 3223 1744 3278 ὕπνον
1757 3224 1814 3280 δὲ

229 3305 328 3356 καὶ
351 3303 579 3361 θάνατον
606 3309 705 3379 τὴν
727 3311 805 3373 είς
824 3310 1114 3381 σῶμαὸδὺν
1130 3314 1227 3385 τῆς
1248 3314 1425 3387 ψυχῆς
1441 3355 1456 3379 ,
1485 3317 1624 3371 κατά
1642 3317 1815 3372 ταύτά

229 3396 310 3466 τῷ
349 3397 702 3474 Ἡρακλείτῳ.
750 3402 858 3456 Καὶ
903 3403 975 3474 μή
1012 3421 1064 3456 τι
1103 3406 1260 3459 τοῦτο
1292 3409 1384 3461 ἐπὶ
1417 3408 1509 3462 τοῦ
1565 3411 1814 3482 Σωτῆρος

234 3489 597 3558 προεθέσπιζε
650 3493 710 3546 τὸ
765 3495 1033 3566 Πνεῦμα,
1095 3497 1181 3555 διὰ
1235 3499 1326 3552 τοῦ
1398 3502 1562 3561 Δαϐὶδ
1619 3501 1811 3572 λέγον·

237 3599 255 3629 ι
283 3579 423 3648 Ἐγὼ
437 3584 754 3658 ἐκοιμήθην,
778 3586 872 3640 καὶ
894 3587 1117 3643 ὕπνωσα
1136 3606 1150 3620 ο
1174 3590 1496 3668 ἐξηγέρθην,
1515 3595 1814 3668 ὅτιΚύριος

229 3672 579 3744 ἀντιλήψεται
629 3694 728 3747 μου
748 3695 760 3711 ο
790 3698 807 3729 ι
842 3680 902 3732 οὑ
944 3680 1052 3756 γὰρ
1083 3682 1180 3754 τὴν
1214 3684 1505 3739 ἀνάστασιν
1534 3688 1692 3758 μόνον
1717 3689 1812 3742 τοῦ

231 3765 484 3836 Σωτῆρος
511 3769 746 3839 Χριστοῦ
774 3770 832 3838 ἐξ
861 3771 1027 3825 ὕπνου
1055 3773 1271 3846 ἔγερσιν
1289 3815 1302 3839 ,
1333 3775 1468 3831 ἀλλά
1495 3779 1586 3832 καί
1609 3780 1710 3852 τὴν
1734 3782 1812 3844 είς

233 3858 412 3929 σάρκα
436 3860 660 3915 κάθοδον
685 3863 778 3916 τοῦ
811 3865 1038 3937 Κυρίου,
1074 3865 1239 3921 ὕπνον
1268 3869 1574 3944 ἀλληγορεῖ.
1606 3873 1813 3927 Αὐτίκα

228 3952 260 4004 ό
290 3952 452 4016 αὐτὸς
481 3955 672 4025 Σωτὴρ
704 3959 1028 4031 παρεγγυᾷ,
1065 3959 1391 4032 Γρηγορεῖτε
1413 3979 1425 3992 ·
1470 3957 1579 4016 οἷον
1598 4004 1610 4025 ,
1639 3965 1812 4018 Μελε-

228 4046 362 4098 τᾶτε
392 4047 510 4118 ζῇν,
540 4048 632 4100 καὶ
666 4048 918 4120 χωρίζειν
951 4050 1051 4124 τὴν
1083 4051 1259 4122 ψυχὴν
1288 4054 1381 4107 τοῦ
1413 4053 1664 4127 σώματος
1693 4075 1814 4111 πει-

231 4137 420 4212 ρᾶσθε.
478 4140 586 4210 Τὴν
619 4157 678 4193 τε
713 4142 994 4214 Κυριακὴν
1028 4144 1241 4215 ἡμέραν
1285 4148 1342 4198 ὲν
1372 4145 1450 4217 τῷ
1481 4148 1690 4220 δεκάτῳ
1715 4150 1813 4221 τῆς

230 4233 544 4298 Πολιτείας
584 4235 612 4288 ὁ
661 4234 888 4289 Πλάτων
941 4237 1026 4293 διὰ
1059 4237 1262 4292 τούτων
1304 4244 1808 4311 καταμαντεύεται·

235 4343 254 4372 ι
290 4323 504 4395 Ἐπειδὴ
539 4323 593 4377 δὲ
628 4326 740 4389 τοῖς
769 4326 881 4396 (64)
914 4328 972 4382 ὲν
1013 4327 1091 4400 τῷ
1117 4329 1340 4401 λειμῶνι
1378 4332 1630 4397 ἑκάστοις
1673 4333 1812 4388 ἑπτὰ

229 4415 435 4486 ἡμέραι
479 4417 717 4485 γένοιντο
736 4459 750 4483 ,
803 4420 1142 4486 ἀναστάντας
1174 4423 1420 4478 ἐντεῦθεν
1448 4426 1529 4478 δεῖ
1552 4429 1616 4498 τῇ
1651 4427 1810 4500 ὀγδόῃ

1917 1944 2118 2011 priore,
2156 1953 2299 1998 certa
2345 1945 2577 2014 quadam
2623 1953 2676 1997 et
2707 1941 2924 2011 propria
2972 1940 3182 1993 ratione
3225 1946 3488 2007 spectato.

1914 2035 2050 2090 Nam
2099 2038 2245 2107 quod
2283 2037 2672 2106 sempiternum
2706 2036 2856 2088 illum
2905 2041 3245 2104 agnosceret,
3297 2031 3390 2100 qui
3423 2045 3490 2084 ex

1918 2127 2170 2182 universa
2212 2143 2393 2181 rerum
2443 2137 2634 2182 natura
2671 2137 2949 2187 constans,
2984 2125 3086 2180 sibi
3131 2133 3389 2194 perpetuo
3420 2124 3496 2176 si-

1917 2220 2062 2274 milis
2091 2229 2326 2280 maneat.
2357 2219 2561 2274 diserte
2604 2218 2892 2288 profitetur
2921 2219 3005 2272 his
3042 2217 3223 2272 verbis
3255 2232 3269 2268 :
3307 2214 3496 2270 «blun-

1914 2313 2042 2366 dum
2073 2314 2346 2380 eumdem,
2395 2315 2592 2383 inquit,
2650 2330 2832 2369 rerum
2880 2312 3289 2368 universitatem
3345 2325 3497 2364 comv

1917 2404 2156 2472 plexum,
2210 2403 2439 2458 deorum
2491 2405 2842 2460 hominumve
2886 2417 3048 2458 nemo
3079 2401 3362 2468 condidit;
3399 2401 3497 2458 sed

1918 2491 2018 2547 l'nit
2069 2492 2233 2557 idem,
2269 2501 2372 2557 est,
2407 2493 2620 2564 eritque
2652 2510 2888 2564 semper,
2944 2493 3086 2562 ignis
3119 2494 3336 2563 quidam
3371 2509 3498 2563 per-

1915 2590 2078 2651 petuo
2105 2582 2310 2644 vivens,
2337 2583 2540 2652 quique
2567 2583 2806 2638 vicissim
2838 2592 2892 2637 et
2919 2582 3235 2637 accenditur
3261 2583 3495 2648 modice,

1916 2685 1970 2728 et
2014 2674 2225 2728 modice
2256 2673 2671 2744 restinguitur.»
2719 2673 2872 2740 Quod
2910 2687 3092 2728 autem
3128 2674 3278 2728 illum
3317 2675 3496 2744 ipsum

1915 2777 1967 2820 et
2001 2768 2264 2836 genitum,
2289 2777 2345 2824 et
2363 2766 2696 2835 corruptioni
2720 2766 3018 2820 obnoxium
3044 2781 3166 2821 esse
3189 2767 3496 2834 tradiderit,

1914 2873 1979 2912 ex
2031 2861 2383 2928 sequentibus
2431 2860 2736 2930 intelligas:
2779 2879 2796 2910 ι
2842 2859 2982 2913 Sunt
3032 2861 3177 2914 enim
3209 2901 3224 2927 ,
3274 2861 3495 2929 inquit,

1916 2948 2056 3016 ignis
2106 2951 2493 3006 conversiones
2551 2949 2688 3013 ista},
2726 2959 2785 3004 ut
2832 2950 3068 3020 primum
3120 2966 3188 3006 ex
3238 2952 3346 3022 igni
3405 2950 3497 3006 ﬂat

1914 3056 2086 3108 mare,
2121 3051 2234 3097 tum
2264 3056 2389 3112 pars
2417 3042 2585 3097 maris
2627 3042 2852 3096 dimidia
2930 3041 2982 3095 in
3017 3055 3238 3104 terram,
3271 3042 3496 3096 dimidia

1841 3171 1884 3228 ε
1918 3134 1970 3187 in
2005 3150 2253 3205 vaporem
2283 3136 2498 3206 igneum
2532 3135 2710 3190 abeat.
2749 3153 2767 3185 ι
2799 3132 2933 3188 Nam
2971 3135 3115 3204 quod
3143 3150 3234 3188 eas
3269 3149 3496 3188 conver-

1868 3211 1884 3230 ⁸
1916 3227 2096 3283 siones
2143 3235 2408 3296 potestate
2455 3227 2570 3282 ﬁeri
2614 3226 2750 3292 vult,
2783 3227 2852 3280 ab
2892 3242 2958 3280 eo
3006 3227 3165 3295 cujus
3196 3226 3250 3279 vi
3295 3237 3494 3280 cuncta

1914 3329 2177 3388 reguntur
2225 3317 2402 3382 Verbo
2445 3330 2610 3390 atque
2645 3321 2791 3386 Deo,
2845 3321 3022 3392 ignem
3063 3336 3158 3389 per
3207 3335 3386 3374 aerem
3441 3322 3494 3373 in

1919 3410 2204 3465 humidum
2232 3411 2477 3466 converti
2515 3413 2805 3483 signiﬁcat,
2841 3413 2985 3484 quod
3024 3413 3092 3467 ab
3117 3427 3184 3466 eo
3217 3427 3364 3465 mare
3394 3427 3495 3465 vo-

1914 3512 2101 3569 catur,
2167 3503 2457 3559 exterioris
2511 3504 2675 3575 hujus
2725 3515 2954 3561 ornatus
3003 3507 3277 3576 quoddam
3336 3507 3495 3576 quasi

1915 3609 2122 3660 semen,
2164 3584 2237 3648 ἐκ
2286 3611 2396 3664 quo
2445 3595 2642 3650 deinde
2700 3597 2900 3653 caelum
2952 3613 3015 3653 ac
3060 3607 3233 3660 terra,
3265 3613 3495 3667 quinque

1915 3688 2202 3743 amborum
2231 3690 2354 3744 sinu
2392 3691 2774 3754 continentur,
2809 3693 3091 3745 exsistant.
3130 3691 3496 3757 Quemadmo-

1913 3779 2041 3834 dum
2059 3796 2184 3836 vero
2203 3781 2342 3836 idem
2361 3781 2462 3836 sibi
2478 3782 2752 3846 reddatur,
2769 3799 2832 3837 ac
2850 3799 3042 3836 rursus
3060 3783 3319 3852 ignescet,
3340 3784 3496 3850 plane

1914 3872 2108 3943 aperit,
2149 3874 2278 3928 dum
2316 3873 2385 3927 ita
2427 3873 2706 3944 subiungit
2738 3893 2751 3928 :
2788 3893 2808 3926 ‹
2845 3874 3012 3939 Mare,
3050 3874 3247 3944 inquit,
3302 3873 3493 3926 eodem

1915 3979 2140 4034 prorsus
2169 3964 2352 4028 modo,
2383 3965 2685 4035 eodemque
2727 3966 3028 4020 mensionis
3066 3981 3259 4035 genere
3288 3965 3496 4019 dimin-

1912 4057 2078 4117 ditur,
2107 4072 2216 4125 quo
2261 4056 2576 4126 priusquam
2634 4067 2774 4110 terra
2819 4057 2986 4110 ﬁeret.
3034 4075 3052 4108 ι
3107 4055 3262 4121 Quod
3314 4056 3490 4125 ipsum

1913 4151 1980 4204 de
2026 4150 2148 4205 aliis
2196 4151 2453 4205 similiter
2504 4148 2786 4202 elementis
2834 4147 3088 4216 intellige.
3141 4145 3278 4201 Huic
3312 4147 3490 4200 allinia

1917 4244 2184 4296 doceantur
2228 4259 2257 4296 a
2311 4241 2621 4296 Stoicorum
2665 4240 3077 4302 eruditissimis,
3127 4255 3249 4292 cum
3287 4239 3354 4292 ab
3402 4239 3489 4302 iis,

1913 4335 1979 4388 de
2019 4335 2468 4404 conllagratione,
2497 4334 2562 4386 de
2591 4332 2984 4402 gubernatione
3032 4332 3240 4393 mundi,
3286 4331 3353 4384 de
3401 4345 3488 4396 eo,

1913 4427 2006 4495 qui
2038 4427 2158 4481 talis
2187 4427 2403 4496 proprie
2438 4429 2529 4492 sit,
2565 4425 2771 4478 mundo
2801 4433 2854 4478 et
2881 4424 3131 4488 homine,
3167 4427 3339 4494 deque
3369 4424 3489 4476 ani-

231 4507 590 4578 πορεύεσθαι,
615 4509 707 4562 καὶ
735 4512 1076 4579 ἀφικνεῖσθαι
1103 4516 1474 4586 τεταρταίους.
1502 4519 1806 4589 [Λειμῶνα

1914 4537 2127 4575 morum
2161 4531 2467 4575 nostrorum
2502 4518 2883 4588 permansione
2915 4518 3242 4587 disputatur.
3279 4518 3490 4573 ltursus

230 4597 331 4667 μὲν
369 4592 462 4650 οὖν
488 4599 780 4652 ἀκουστέον
809 4601 907 4672 τὴν
940 4602 1152 4676 ἀπλανῆ
1189 4607 1426 4677 σφαῖραν
1446 4646 1460 4669 ,
1496 4607 1571 4670 ὡς
1602 4608 1810 4681 ἥμερον

227 4688 461 4761 χωρίον,
492 4691 587 4742 καὶ
617 4693 914 4763 προσηνὲς,
956 4695 1050 4748 καὶ
1096 4695 1204 4748 τῶν
1235 4696 1396 4750 ὁσίων
1425 4697 1601 4773 χῶρον
1623 4717 1636 4730 ·
1671 4700 1810 4755 έπτά

227 4779 286 4833 δὲ
309 4781 543 4852 ἡμέρας,
572 4784 806 4855 ἑκάστην
828 4786 1038 4856 κίνησιν
1061 4787 1167 4840 τῶν
1191 4789 1350 4854 ἑπτὰ,
1385 4790 1482 4843 καὶ
1511 4793 1692 4844 πᾶσαν
1713 4792 1810 4864 τὴν

228 4870 559 4944 ἐργαπικὴν
579 4873 791 4944 τέχνην,
809 4876 889 4938 είς
904 4875 1053 4940 τέλος
1074 4877 1432 4943 ἀναπαύσεως
1453 4882 1805 4938 σπεύδουσαν.

243 4961 309 5013 Ἡ
335 4961 391 5014 δὲ
429 4961 565 5031 μετά
609 4965 735 5027 τοὺς
763 4964 1146 5038 πλανωμένους
1179 4968 1373 5037 πορεία
1398 4971 1492 5022 ἐπὶ
1523 4970 1612 5024 τὸν
1641 4973 1808 5045 οὐρα-

228 5054 321 5105 νὸν
355 5055 497 5122 ἄγει,
528 5055 770 5130 τουτέστι
794 5056 888 5127 τὴν
917 5058 1108 5128 ὀγδόην
1137 5060 1351 5131 κίνησίν
1373 5078 1433 5114 τε
1457 5063 1550 5116 καὶ
1573 5063 1806 5134 ἡμέραν.

229 5144 591 5216 Τεταρταίους
607 5146 663 5199 δὲ
683 5147 780 5210 τάς
800 5148 976 5218 ψυχὰς
992 5149 1211 5204 ἀπιέναι
1231 5151 1399 5220 λέγει,
1415 5152 1588 5223 δηλῶν
1611 5153 1706 5224 τὴν
1721 5153 1808 5208 διὰ

227 5236 337 5288 τῶν
359 5238 636 5308 τεσσάρων
664 5240 936 5310 στοιχείων
960 5240 1203 5313 πορείαν.
1243 5243 1401 5298 Ἀλλὰ
1426 5247 1520 5299 καὶ
1549 5243 1645 5317 τὴν
1672 5245 1811 5300 ἐϐδό-

310 5415 321 5444 ¹
361 5411 504 5468 Psal.
546 5431 628 5479 ιιι,
654 5417 705 5469 6.

301 5567 419 5651 (62).
474 5571 823 5651 ᾉξττόμενονξ
865 5573 1088 5651 μέτρῳ,
1125 5587 1234 5651 etc.
1286 5577 1423 5634 Hinc
1471 5580 1801 5638 Clementem

229 5642 486 5722 emendes
517 5644 656 5722 licet,
684 5647 822 5713 apud
855 5642 1016 5722 quem
1045 5649 1239 5722 vitiose
1265 5652 1554 5705 admodum
1587 5655 1800 5722 legitur,

228 5710 534 5794 ἀπτόμενον
584 5710 785 5794 μέτρα,
816 5710 909 5794 καὶ
942 5718 1411 5789 ἀποσϐεννύμενον
1454 5710 1803 5794 μέτραξιμιεέ

231 5784 390 5833 sunih
426 5784 552 5836 vitio
583 5784 808 5839 reddidit
838 5788 1060 5858 interpr.
1115 5784 1384 5845 mensuras
1419 5784 1723 5859 ηἰϊεὴτίιέηέ,
1749 5809 1796 5849 ct

1912 4609 2063 4665 Plato
2095 4611 2230 4680 ipse,
2261 4608 2578 4679 Reipublicw
2597 4609 2848 4678 septimo,
2876 4617 3121 4662 nostrum
3151 4610 3294 4662 hunc
3322 4608 3486 4675 diem,

1912 4710 2260 4767 nocturnum,
2285 4701 2355 4755 ob
2385 4700 2573 4755 mundi
2595 4701 2886 4769 principes,
2911 4700 3124 4769 opinor,
3143 4700 3486 4754 tenebrarum

1911 4793 2148 4858 harum;
2200 4807 2452 4846 somnum
2503 4805 2633 4844 vero
2668 4799 2832 4858 atque
2884 4799 3135 4854 mortem,
3189 4790 3356 4844 animi
3389 4791 3488 4843 de-

1909 4901 2165 4942 scensum
2215 4886 2268 4939 in
2324 4900 2524 4954 corpus
2570 4884 2806 4947 vocavit,
2865 4881 3191 4937 Heraclitum
3243 4892 3483 4937 secutus.

1909 4979 2102 5034 Annon
2153 4978 2202 5032 id
2247 4977 2483 5049 Spiritus
2515 4978 2580 5032 de
2609 4979 2899 5030 Servatore
2926 4985 3116 5030 nostro
3144 4974 3359 5029 Davidis
3393 4991 3488 5030 ore

1908 5072 2178 5142 pmdixit,
2210 5071 2294 5126 hls
2333 5071 2512 5125 verbis
2539 5069 2735 5140 :677
2764 5090 2781 5121 ι
2816 5069 2928 5139 Ego
2959 5068 3213 5132 dormivi,
3243 5078 3296 5122 et
3326 5084 3486 5139 sopo-

1909 5175 2060 5222 ratus
2091 5182 2211 5221 sum
2246 5185 2260 5232 ;
2294 5167 2599 5232 exsurrexi,
2633 5166 2893 5235 quoniam
2931 5163 3195 5218 Dominus
3229 5163 3487 5232 suscipiet

1910 5277 1994 5314 me
2020 5262 2058 5314 '.
2098 5281 2116 5311 ι
2155 5259 2262 5315 Nec
2293 5260 2438 5314 enim
2469 5260 2640 5314 solum
2665 5257 2870 5313 Christi
2905 5255 3210 5312 Servatoris
3241 5272 3484 5312 resurre-

1906 5588 2242 5658 exstinguens
2278 5605 2574 5645 mensuras.

1974 5661 2088 5728 L155)
2121 5660 2290 5713 Clem.
2326 5660 2453 5715 add.
2487 5661 2578 5729 γῆο

1977 5730 2086 5792 (6.4)
2133 5729 2367 5796 Ἐπειδὴ
2412 5731 2480 5783 δὲ
2532 5730 2671 5799 ῖςῖς.
2717 5731 2905 5798 Plato,
2953 5731 3043 5786 lib.
3088 5748 3118 5787 χ
3166 5729 3239 5786 De
3277 5730 3453 5799 rcpub.

1905 5816 2028 5870 pag.
2062 5800 2161 5854 ξιξ)
2196 5800 2252 5855 Ε.

1975 5835 2028 5875 ὅ.
2071 5835 2090 5854 1
2105 5835 2116 5853 Ι
2133 5835 2160 5854 ι]
2196 5835 2252 5855 IJO
