  <div class='ocr_page' id='page_1' title='image "/cluster/home/n/w/nwhite01/storage/ocr_20150623/21/hvd.32044073501165/573.png"; bbox 0 0 3872 6368; ppageno 0'>
   <div class='ocr_carea' id='block_1_1' title="bbox 364 277 1898 342">
    <p class='ocr_par' dir='ltr' id='par_1_1' title="bbox 364 278 1898 339">
     <span class='ocr_line' id='line_1_1' title="bbox 364 278 1898 339; baseline 0.004 -8"><span class='ocrx_word' id='word_1_1' title='bbox 364 278 502 334; x_wconf 76' lang='grc' dir='ltr'>1Ξ19</span> <span class='ocrx_word' id='word_1_2' title='bbox 1005 279 1277 339; x_wconf 81' lang='lat' dir='ltr'><strong>EUSEBII</strong></span> <span class='ocrx_word' id='word_1_3' title='bbox 1307 281 1791 338; x_wconf 65' lang='lat' dir='ltr'><strong>CESARIENSIS</strong></span> <span class='ocrx_word' id='word_1_4' title='bbox 1830 282 1898 338; x_wconf 75' lang='lat' dir='ltr'><strong>Ol</strong></span> 
     </span>
    </p>
   </div>
   <div class='ocr_carea' id='block_1_2' title="bbox 2020 277 3627 342">
    <p class='ocr_par' dir='ltr' id='par_1_2' title="bbox 2024 277 3627 342">
     <span class='ocr_line' id='line_1_2' title="bbox 2024 277 3627 342; baseline -0.004 -3"><span class='ocrx_word' id='word_1_5' title='bbox 2024 283 2203 340; x_wconf 80' lang='lat' dir='ltr'><strong>PARS</strong></span> <span class='ocrx_word' id='word_1_6' title='bbox 2241 284 2306 341; x_wconf 86' lang='lat' dir='ltr'><strong>ll.</strong></span> <span class='ocrx_word' id='word_1_7' title='bbox 2346 317 2418 330; x_wconf 82' lang='lat'><strong>--</strong></span> <span class='ocrx_word' id='word_1_8' title='bbox 2453 277 2956 342; x_wconf 80' lang='lat' dir='ltr'><strong>APOLOGETICA.</strong></span> <span class='ocrx_word' id='word_1_9' title='bbox 3490 279 3627 334; x_wconf 71' lang='grc'><strong>1120</strong></span> 
     </span>
    </p>
   </div>
   <div class='ocr_carea' id='block_1_3' title="bbox 360 394 1898 476">
    <p class='ocr_par' dir='ltr' id='par_1_3' title="bbox 360 399 1898 465">
     <span class='ocr_line' id='line_1_3' title="bbox 360 399 1898 465; baseline 0 -11"><span class='ocrx_word' id='word_1_10' title='bbox 360 403 620 464; x_wconf 86' lang='lat' dir='ltr'><strong>ctionem,</strong></span> <span class='ocrx_word' id='word_1_11' title='bbox 650 415 680 453; x_wconf 90' lang='lat' dir='ltr'><strong>a</strong></span> <span class='ocrx_word' id='word_1_12' title='bbox 728 415 926 455; x_wconf 91' lang='lat' dir='ltr'><strong>somno</strong></span> <span class='ocrx_word' id='word_1_13' title='bbox 951 400 1360 465; x_wconf 77' lang='lat' dir='ltr'><strong>excitationem,</strong></span> <span class='ocrx_word' id='word_1_14' title='bbox 1391 399 1484 457; x_wconf 73' lang='lat' dir='ltr'><strong>sed</strong></span> <span class='ocrx_word' id='word_1_15' title='bbox 1525 401 1691 455; x_wconf 89' lang='lat' dir='ltr'><strong>etiam</strong></span> <span class='ocrx_word' id='word_1_16' title='bbox 1723 400 1898 455; x_wconf 80' lang='lat' dir='ltr'><strong>Domit</strong></span> 
     </span>
    </p>
   </div>
   <div class='ocr_carea' id='block_1_4' title="bbox 2020 394 3624 476">
    <p class='ocr_par' dir='ltr' id='par_1_4' title="bbox 2048 394 3624 476">
     <span class='ocr_line' id='line_1_4' title="bbox 2048 394 3624 476; baseline -0.006 -20"><span class='ocrx_word' id='word_1_17' title='bbox 2048 420 2155 474; x_wconf 82' lang='grc' dir='ltr'><strong>μην</strong></span> <span class='ocrx_word' id='word_1_18' title='bbox 2187 404 2339 476; x_wconf 73' lang='grc' dir='ltr'>ἱερὰν</span> <span class='ocrx_word' id='word_1_19' title='bbox 2366 402 2428 456; x_wconf 83' lang='grc' dir='ltr'><em>οὐ</em></span> <span class='ocrx_word' id='word_1_20' title='bbox 2461 402 2620 473; x_wconf 88' lang='grc' dir='ltr'><em>μόνον</em></span> <span class='ocrx_word' id='word_1_21' title='bbox 2652 402 2701 454; x_wconf 75' lang='grc' dir='ltr'><em>οἱ</em></span> <span class='ocrx_word' id='word_1_22' title='bbox 2748 395 2991 470; x_wconf 76' lang='grc' dir='ltr'><strong>Ἑϐραῖοι</strong></span> <span class='ocrx_word' id='word_1_23' title='bbox 3014 436 3029 460; x_wconf 90' lang='grc'>,</span> <span class='ocrx_word' id='word_1_24' title='bbox 3063 395 3198 450; x_wconf 82' lang='grc' dir='ltr'>ἀλλὰ</span> <span class='ocrx_word' id='word_1_25' title='bbox 3229 394 3324 449; x_wconf 76' lang='grc' dir='ltr'>καὶ</span> <span class='ocrx_word' id='word_1_26' title='bbox 3353 395 3400 448; x_wconf 79' lang='lat' dir='ltr'><strong>oi</strong></span> <span class='ocrx_word' id='word_1_27' title='bbox 3431 394 3624 466; x_wconf 81' lang='grc' dir='ltr'><strong>’Ἑλλη-</strong></span> 
     </span>
    </p>
   </div>
   <div class='ocr_carea' id='block_1_5' title="bbox 359 487 1898 568">
    <p class='ocr_par' dir='ltr' id='par_1_5' title="bbox 359 493 1894 566">
     <span class='ocr_line' id='line_1_5' title="bbox 359 493 1894 566; baseline 0.002 -20"><span class='ocrx_word' id='word_1_28' title='bbox 359 493 414 549; x_wconf 87' lang='lat' dir='ltr'><strong>in</strong></span> <span class='ocrx_word' id='word_1_29' title='bbox 447 509 668 548; x_wconf 90' lang='lat' dir='ltr'><strong>carnem</strong></span> <span class='ocrx_word' id='word_1_30' title='bbox 706 496 1030 550; x_wconf 82' lang='lat' dir='ltr'><strong>descensum</strong></span> <span class='ocrx_word' id='word_1_31' title='bbox 1064 493 1355 566; x_wconf 78' lang='lat' dir='ltr'><strong>allegorice</strong></span> <span class='ocrx_word' id='word_1_32' title='bbox 1386 509 1638 549; x_wconf 91' lang='lat' dir='ltr'><strong>somnum</strong></span> <span class='ocrx_word' id='word_1_33' title='bbox 1687 495 1894 566; x_wconf 89' lang='lat' dir='ltr'><strong>appella</strong></span> 
     </span>
    </p>
   </div>
   <div class='ocr_carea' id='block_1_6' title="bbox 2020 487 3624 568">
    <p class='ocr_par' dir='ltr' id='par_1_6' title="bbox 2047 487 3624 568">
     <span class='ocr_line' id='line_1_6' title="bbox 2047 487 3624 568; baseline -0.006 -18"><span class='ocrx_word' id='word_1_34' title='bbox 2047 514 2137 560; x_wconf 83' lang='grc' dir='ltr'><em>νες</em></span> <span class='ocrx_word' id='word_1_35' title='bbox 2167 497 2312 550; x_wconf 74' lang='grc' dir='ltr'>ἴσασι</span> <span class='ocrx_word' id='word_1_36' title='bbox 2330 536 2346 558; x_wconf 90' lang='lat'><strong>,</strong></span> <span class='ocrx_word' id='word_1_37' title='bbox 2381 496 2502 550; x_wconf 83' lang='grc' dir='ltr'>καθ’</span> <span class='ocrx_word' id='word_1_38' title='bbox 2533 496 2599 568; x_wconf 76' lang='grc' dir='ltr'><strong>ἢν</strong></span> <span class='ocrx_word' id='word_1_39' title='bbox 2632 495 2661 547; x_wconf 85' lang='grc' dir='ltr'>ὁ</span> <span class='ocrx_word' id='word_1_40' title='bbox 2690 496 2798 557; x_wconf 76' lang='grc' dir='ltr'><strong>πᾶς</strong></span> <span class='ocrx_word' id='word_1_41' title='bbox 2823 503 3026 564; x_wconf 85' lang='grc' dir='ltr'><strong>κοσμος</strong></span> <span class='ocrx_word' id='word_1_42' title='bbox 3055 490 3330 543; x_wconf 81' lang='grc' dir='ltr'><strong>κυκλεῖται</strong></span> <span class='ocrx_word' id='word_1_43' title='bbox 3355 487 3464 541; x_wconf 83' lang='grc' dir='ltr'>τῶν</span> <span class='ocrx_word' id='word_1_44' title='bbox 3491 488 3624 553; x_wconf 79' lang='grc' dir='ltr'><strong>ζωο-</strong></span> 
     </span>
    </p>
   </div>
   <div class='ocr_carea' id='block_1_7' title="bbox 360 573 1898 660">
    <p class='ocr_par' dir='ltr' id='par_1_7' title="bbox 360 585 1898 658">
     <span class='ocr_line' id='line_1_7' title="bbox 360 585 1898 658; baseline 0.003 -20"><span class='ocrx_word' id='word_1_45' title='bbox 360 588 536 657; x_wconf 73' lang='grc' dir='ltr'>Ᾱιοιιε</span> <span class='ocrx_word' id='word_1_46' title='bbox 565 586 702 642; x_wconf 91' lang='lat' dir='ltr'><strong>adeo</strong></span> <span class='ocrx_word' id='word_1_47' title='bbox 730 585 986 641; x_wconf 87' lang='lat' dir='ltr'><strong>Servator</strong></span> <span class='ocrx_word' id='word_1_48' title='bbox 1038 589 1155 656; x_wconf 88' lang='lat' dir='ltr'><strong>ipse</strong></span> <span class='ocrx_word' id='word_1_49' title='bbox 1187 601 1286 642; x_wconf 89' lang='lat' dir='ltr'><strong>nos</strong></span> <span class='ocrx_word' id='word_1_50' title='bbox 1320 595 1379 641; x_wconf 92' lang='lat' dir='ltr'><strong>ut</strong></span> <span class='ocrx_word' id='word_1_51' title='bbox 1413 587 1706 658; x_wconf 76' lang='lat' dir='ltr'><strong>vigilemus</strong></span> <span class='ocrx_word' id='word_1_52' title='bbox 1750 587 1898 642; x_wconf 87' lang='lat' dir='ltr'><strong>admc</strong></span> 
     </span>
    </p>
   </div>
   <div class='ocr_carea' id='block_1_8' title="bbox 2020 573 3625 660">
    <p class='ocr_par' dir='ltr' id='par_1_8' title="bbox 2045 573 3625 660">
     <span class='ocr_line' id='line_1_8' title="bbox 2045 573 3625 660; baseline -0.004 -18"><span class='ocrx_word' id='word_1_53' title='bbox 2045 589 2387 660; x_wconf 84' lang='grc' dir='ltr'><em>γονουμὲνων</em></span> <span class='ocrx_word' id='word_1_54' title='bbox 2413 589 2504 642; x_wconf 73' lang='grc' dir='ltr'>καὶ</span> <span class='ocrx_word' id='word_1_55' title='bbox 2528 587 2816 658; x_wconf 79' lang='grc' dir='ltr'><strong>φυομένων</strong></span> <span class='ocrx_word' id='word_1_56' title='bbox 2833 587 3108 640; x_wconf 62' lang='grc' dir='ltr'><strong>ἁπάπων.</strong></span> <span class='ocrx_word' id='word_1_57' title='bbox 3151 580 3388 644; x_wconf 78' lang='grc' dir='ltr'><em>Ἠσίοδος</em></span> <span class='ocrx_word' id='word_1_58' title='bbox 3413 580 3508 652; x_wconf 71' lang='grc' dir='ltr'><strong>μὲν</strong></span> <span class='ocrx_word' id='word_1_59' title='bbox 3529 573 3625 636; x_wconf 81' lang='grc' dir='ltr'><strong>οὖν</strong></span> 
     </span>
    </p>
   </div>
   <div class='ocr_carea' id='block_1_9' title="bbox 359 680 1898 755">
    <p class='ocr_par' dir='ltr' id='par_1_9' title="bbox 359 680 1897 746">
     <span class='ocr_line' id='line_1_9' title="bbox 359 680 1897 746; baseline 0.002 -13"><span class='ocrx_word' id='word_1_60' title='bbox 359 689 470 746; x_wconf 91' lang='lat' dir='ltr'><strong>net,</strong></span> <span class='ocrx_word' id='word_1_61' title='bbox 517 681 622 735; x_wconf 90' lang='lat' dir='ltr'><strong>hoc</strong></span> <span class='ocrx_word' id='word_1_62' title='bbox 669 689 778 743; x_wconf 91' lang='lat' dir='ltr'><strong>est,</strong></span> <span class='ocrx_word' id='word_1_63' title='bbox 830 690 889 735; x_wconf 93' lang='lat' dir='ltr'><strong>ut</strong></span> <span class='ocrx_word' id='word_1_64' title='bbox 936 681 1003 735; x_wconf 90' lang='lat' dir='ltr'><strong>de</strong></span> <span class='ocrx_word' id='word_1_65' title='bbox 1053 682 1163 735; x_wconf 87' lang='lat' dir='ltr'><strong>vita</strong></span> <span class='ocrx_word' id='word_1_66' title='bbox 1211 689 1357 735; x_wconf 91' lang='lat' dir='ltr'><strong>recte</strong></span> <span class='ocrx_word' id='word_1_67' title='bbox 1413 680 1744 737; x_wconf 88' lang='lat' dir='ltr'><strong>instituenda</strong></span> <span class='ocrx_word' id='word_1_68' title='bbox 1792 682 1897 737; x_wconf 87' lang='lat' dir='ltr'><strong>seri</strong></span> 
     </span>
    </p>
   </div>
   <div class='ocr_carea' id='block_1_10' title="bbox 2020 680 2742 755">
    <p class='ocr_par' dir='ltr' id='par_1_10' title="bbox 2043 681 2742 755">
     <span class='ocr_line' id='line_1_10' title="bbox 2043 681 2742 755; baseline -0.003 -19"><span class='ocrx_word' id='word_1_69' title='bbox 2043 683 2184 736; x_wconf 74' lang='grc' dir='ltr'><strong>οὕτω</strong></span> <span class='ocrx_word' id='word_1_70' title='bbox 2213 684 2342 755; x_wconf 72' lang='grc' dir='ltr'>περὶ</span> <span class='ocrx_word' id='word_1_71' title='bbox 2369 683 2536 752; x_wconf 82' lang='grc' dir='ltr'>αὐτῆς</span> <span class='ocrx_word' id='word_1_72' title='bbox 2559 681 2705 752; x_wconf 83' lang='grc' dir='ltr'>λέγει</span> <span class='ocrx_word' id='word_1_73' title='bbox 2728 700 2742 713; x_wconf 75' lang='grc' dir='ltr'>σ</span> 
     </span>
    </p>
   </div>
   <div class='ocr_carea' id='block_1_11' title="bbox 357 767 3620 850">
    <p class='ocr_par' dir='ltr' id='par_1_11' title="bbox 357 767 3620 850">
     <span class='ocr_line' id='line_1_11' title="bbox 357 767 3620 850; baseline 0 -19"><span class='ocrx_word' id='word_1_74' title='bbox 357 778 685 845; x_wconf 73' lang='lat' dir='ltr'><strong>cogitemus,</strong></span> <span class='ocrx_word' id='word_1_75' title='bbox 743 777 1096 847; x_wconf 88' lang='lat' dir='ltr'><strong>animumque</strong></span> <span class='ocrx_word' id='word_1_76' title='bbox 1143 786 1394 832; x_wconf 85' lang='lat' dir='ltr'><strong>nostrum</strong></span> <span class='ocrx_word' id='word_1_77' title='bbox 1443 791 1474 832; x_wconf 86' lang='lat' dir='ltr'><strong>a</strong></span> <span class='ocrx_word' id='word_1_78' title='bbox 1526 779 1768 848; x_wconf 84' lang='lat' dir='ltr'><strong>corporis</strong></span> <span class='ocrx_word' id='word_1_79' title='bbox 1837 779 2120 850; x_wconf 85' lang='lat' dir='ltr'><strong>complexu</strong></span> <span class='ocrx_word' id='word_1_80' title='bbox 2180 779 2497 834; x_wconf 72' lang='lat' dir='ltr'><strong>abstrahere</strong></span> <span class='ocrx_word' id='word_1_81' title='bbox 2569 792 2850 831; x_wconf 82' lang='lat' dir='ltr'><strong>conemur.</strong></span> <span class='ocrx_word' id='word_1_82' title='bbox 2898 773 3068 830; x_wconf 89' lang='lat' dir='ltr'><strong>Porro</strong></span> <span class='ocrx_word' id='word_1_83' title='bbox 3122 769 3266 824; x_wconf 78' lang='lat' dir='ltr'><strong>diem</strong></span> <span class='ocrx_word' id='word_1_84' title='bbox 3310 769 3473 824; x_wconf 72' lang='lat' dir='ltr'><strong>etiam</strong></span> <span class='ocrx_word' id='word_1_85' title='bbox 3511 767 3620 822; x_wconf 78' lang='lat' dir='ltr'><strong>DO-</strong></span> 
     </span>
    </p>
   </div>
   <div class='ocr_carea' id='block_1_12' title="bbox 358 863 3619 943">
    <p class='ocr_par' dir='ltr' id='par_1_12' title="bbox 358 863 3619 943">
     <span class='ocr_line' id='line_1_12' title="bbox 358 863 3619 943; baseline -0.002 -16"><span class='ocrx_word' id='word_1_86' title='bbox 358 873 640 934; x_wconf 87' lang='lat' dir='ltr'><strong>minicum,</strong></span> <span class='ocrx_word' id='word_1_87' title='bbox 701 872 919 943; x_wconf 82' lang='lat' dir='ltr'><strong>Reipub.</strong></span> <span class='ocrx_word' id='word_1_88' title='bbox 971 874 1216 942; x_wconf 91' lang='lat' dir='ltr'><strong>decimo,</strong></span> <span class='ocrx_word' id='word_1_89' title='bbox 1250 873 1334 928; x_wconf 89' lang='lat' dir='ltr'><strong>his</strong></span> <span class='ocrx_word' id='word_1_90' title='bbox 1395 874 1572 930; x_wconf 82' lang='lat' dir='ltr'><strong>verbis</strong></span> <span class='ocrx_word' id='word_1_91' title='bbox 1621 874 1948 929; x_wconf 78' lang='lat' dir='ltr'><strong>vaticinatur</strong></span> <span class='ocrx_word' id='word_1_92' title='bbox 2010 874 2194 940; x_wconf 82' lang='lat' dir='ltr'><strong>Plato,</strong></span> <span class='ocrx_word' id='word_1_93' title='bbox 2267 893 2286 926; x_wconf 82' lang='grc' dir='ltr'>ι</span> <span class='ocrx_word' id='word_1_94' title='bbox 2318 873 2612 942; x_wconf 83' lang='lat' dir='ltr'><strong>Postquam</strong></span> <span class='ocrx_word' id='word_1_95' title='bbox 2658 886 2724 926; x_wconf 86' lang='lat' dir='ltr'><strong>eo</strong></span> <span class='ocrx_word' id='word_1_96' title='bbox 2767 873 2820 926; x_wconf 92' lang='lat' dir='ltr'><strong>in</strong></span> <span class='ocrx_word' id='word_1_97' title='bbox 2852 877 3005 942; x_wconf 87' lang='lat' dir='ltr'><strong>prato</strong></span> <span class='ocrx_word' id='word_1_98' title='bbox 3039 865 3240 938; x_wconf 78' lang='lat' dir='ltr'><strong>singuli</strong></span> <span class='ocrx_word' id='word_1_99' title='bbox 3270 863 3387 920; x_wconf 89' lang='lat' dir='ltr'><strong>dies</strong></span> <span class='ocrx_word' id='word_1_100' title='bbox 3417 872 3619 934; x_wconf 82' lang='lat' dir='ltr'><strong>septem</strong></span> 
     </span>
    </p>
   </div>
   <div class='ocr_carea' id='block_1_13' title="bbox 357 963 3620 1043">
    <p class='ocr_par' dir='ltr' id='par_1_13' title="bbox 357 963 3620 1043">
     <span class='ocr_line' id='line_1_13' title="bbox 357 963 3620 1043; baseline -0.002 -17"><span class='ocrx_word' id='word_1_101' title='bbox 357 973 728 1036; x_wconf 90' lang='lat' dir='ltr'><strong>constiterint,</strong></span> <span class='ocrx_word' id='word_1_102' title='bbox 762 981 960 1026; x_wconf 85' lang='lat' dir='ltr'><strong>octavo</strong></span> <span class='ocrx_word' id='word_1_103' title='bbox 985 973 1205 1026; x_wconf 89' lang='lat' dir='ltr'><strong>demum</strong></span> <span class='ocrx_word' id='word_1_104' title='bbox 1267 971 1394 1028; x_wconf 88' lang='lat' dir='ltr'><strong>inde</strong></span> <span class='ocrx_word' id='word_1_105' title='bbox 1449 973 1720 1043; x_wconf 81' lang='lat' dir='ltr'><strong>proﬁcisci</strong></span> <span class='ocrx_word' id='word_1_106' title='bbox 1755 982 1989 1043; x_wconf 88' lang='lat' dir='ltr'><strong>oportet,</strong></span> <span class='ocrx_word' id='word_1_107' title='bbox 2027 987 2201 1043; x_wconf 89' lang='lat' dir='ltr'><strong>eoque</strong></span> <span class='ocrx_word' id='word_1_108' title='bbox 2251 971 2524 1042; x_wconf 90' lang='lat' dir='ltr'><strong>quatridui</strong></span> <span class='ocrx_word' id='word_1_109' title='bbox 2559 970 2750 1024; x_wconf 76' lang='lat' dir='ltr'><strong>itinere</strong></span> <span class='ocrx_word' id='word_1_110' title='bbox 2785 969 3087 1041; x_wconf 77' lang='lat' dir='ltr'><strong>pervenire.</strong></span> <span class='ocrx_word' id='word_1_111' title='bbox 3137 986 3156 1019; x_wconf 73' lang='grc' dir='ltr'>ι</span> <span class='ocrx_word' id='word_1_112' title='bbox 3198 963 3464 1034; x_wconf 90' lang='lat' dir='ltr'><strong>Equidem</strong></span> <span class='ocrx_word' id='word_1_113' title='bbox 3493 979 3620 1034; x_wconf 85' lang='lat' dir='ltr'><strong>pra-</strong></span> 
     </span>
    </p>
   </div>
   <div class='ocr_carea' id='block_1_14' title="bbox 359 1062 3619 1142">
    <p class='ocr_par' dir='ltr' id='par_1_14' title="bbox 359 1062 3619 1142">
     <span class='ocr_line' id='line_1_14' title="bbox 359 1062 3619 1142; baseline -0.003 -16"><span class='ocrx_word' id='word_1_114' title='bbox 359 1082 472 1127; x_wconf 92' lang='lat' dir='ltr'><strong>tum</strong></span> <span class='ocrx_word' id='word_1_115' title='bbox 511 1069 662 1133; x_wconf 83' lang='lat' dir='ltr'><strong>illud,</strong></span> <span class='ocrx_word' id='word_1_116' title='bbox 699 1071 966 1140; x_wconf 68' lang='lat' dir='ltr'><strong>sphaeram</strong></span> <span class='ocrx_word' id='word_1_117' title='bbox 997 1070 1245 1125; x_wconf 81' lang='lat' dir='ltr'><strong>stabilem</strong></span> <span class='ocrx_word' id='word_1_118' title='bbox 1283 1077 1338 1126; x_wconf 85' lang='lat' dir='ltr'><strong>et</strong></span> <span class='ocrx_word' id='word_1_119' title='bbox 1395 1071 1676 1126; x_wconf 87' lang='lat' dir='ltr'><strong>immotam</strong></span> <span class='ocrx_word' id='word_1_120' title='bbox 1721 1072 1950 1142; x_wconf 88' lang='lat' dir='ltr'><strong>accipio,</strong></span> <span class='ocrx_word' id='word_1_121' title='bbox 1992 1074 2086 1142; x_wconf 92' lang='lat' dir='ltr'><strong>qui</strong></span> <span class='ocrx_word' id='word_1_122' title='bbox 2142 1072 2295 1126; x_wconf 89' lang='lat' dir='ltr'><strong>locus</strong></span> <span class='ocrx_word' id='word_1_123' title='bbox 2347 1079 2426 1126; x_wconf 91' lang='lat' dir='ltr'><strong>est</strong></span> <span class='ocrx_word' id='word_1_124' title='bbox 2463 1069 2647 1125; x_wconf 82' lang='lat' dir='ltr'><strong>suavis</strong></span> <span class='ocrx_word' id='word_1_125' title='bbox 2699 1069 2989 1123; x_wconf 83' lang='lat' dir='ltr'><strong>admodum</strong></span> <span class='ocrx_word' id='word_1_126' title='bbox 3026 1077 3078 1122; x_wconf 90' lang='lat' dir='ltr'><strong>et</strong></span> <span class='ocrx_word' id='word_1_127' title='bbox 3103 1062 3367 1136; x_wconf 87' lang='lat' dir='ltr'><strong>placidus,</strong></span> <span class='ocrx_word' id='word_1_128' title='bbox 3397 1072 3619 1117; x_wconf 83' lang='lat' dir='ltr'><strong>sancto—</strong></span> 
     </span>
    </p>
   </div>
   <div class='ocr_carea' id='block_1_15' title="bbox 355 1157 3618 1237">
    <p class='ocr_par' dir='ltr' id='par_1_15' title="bbox 355 1157 3618 1237">
     <span class='ocr_line' id='line_1_15' title="bbox 355 1157 3618 1237; baseline -0.003 -19"><span class='ocrx_word' id='word_1_129' title='bbox 355 1180 588 1233; x_wconf 85' lang='lat' dir='ltr'><strong>rumque</strong></span> <span class='ocrx_word' id='word_1_130' title='bbox 611 1165 810 1222; x_wconf 86' lang='lat' dir='ltr'><strong>sedes:</strong></span> <span class='ocrx_word' id='word_1_131' title='bbox 845 1175 900 1220; x_wconf 88' lang='lat' dir='ltr'><strong>at</strong></span> <span class='ocrx_word' id='word_1_132' title='bbox 927 1166 1018 1221; x_wconf 92' lang='lat' dir='ltr'><strong>illo</strong></span> <span class='ocrx_word' id='word_1_133' title='bbox 1043 1165 1253 1220; x_wconf 88' lang='lat' dir='ltr'><strong>dierum</strong></span> <span class='ocrx_word' id='word_1_134' title='bbox 1307 1167 1635 1237; x_wconf 85' lang='lat' dir='ltr'><strong>septenario,</strong></span> <span class='ocrx_word' id='word_1_135' title='bbox 1690 1167 1934 1235; x_wconf 83' lang='lat' dir='ltr'><strong>singulos</strong></span> <span class='ocrx_word' id='word_1_136' title='bbox 1998 1179 2202 1237; x_wconf 81' lang='lat' dir='ltr'><strong>septem</strong></span> <span class='ocrx_word' id='word_1_137' title='bbox 2260 1165 2595 1236; x_wconf 88' lang='lat' dir='ltr'><strong>planetarum</strong></span> <span class='ocrx_word' id='word_1_138' title='bbox 2654 1174 2856 1226; x_wconf 90' lang='lat' dir='ltr'><strong>motus,</strong></span> <span class='ocrx_word' id='word_1_139' title='bbox 2905 1172 3069 1232; x_wconf 90' lang='lat' dir='ltr'><strong>atque</strong></span> <span class='ocrx_word' id='word_1_140' title='bbox 3101 1177 3318 1217; x_wconf 92' lang='lat' dir='ltr'><strong>omnem</strong></span> <span class='ocrx_word' id='word_1_141' title='bbox 3351 1157 3618 1214; x_wconf 74' lang='lat' dir='ltr'><strong>eﬂiciendi</strong></span> 
     </span>
    </p>
   </div>
   <div class='ocr_carea' id='block_1_16' title="bbox 354 1253 3618 1334">
    <p class='ocr_par' dir='ltr' id='par_1_16' title="bbox 354 1253 3618 1334">
     <span class='ocr_line' id='line_1_16' title="bbox 354 1253 3618 1334; baseline -0.003 -20"><span class='ocrx_word' id='word_1_142' title='bbox 354 1272 526 1316; x_wconf 89' lang='lat' dir='ltr'><strong>artem</strong></span> <span class='ocrx_word' id='word_1_143' title='bbox 559 1263 822 1334; x_wconf 73' lang='lat' dir='ltr'><strong>intelligo,</strong></span> <span class='ocrx_word' id='word_1_144' title='bbox 876 1280 998 1334; x_wconf 74' lang='lat' dir='ltr'><strong>quae</strong></span> <span class='ocrx_word' id='word_1_145' title='bbox 1039 1264 1106 1318; x_wconf 85' lang='lat' dir='ltr'><strong>ad</strong></span> <span class='ocrx_word' id='word_1_146' title='bbox 1135 1263 1392 1334; x_wconf 86' lang='lat' dir='ltr'><strong>requietis</strong></span> <span class='ocrx_word' id='word_1_147' title='bbox 1440 1264 1601 1320; x_wconf 84' lang='lat' dir='ltr'><strong>ﬁnem</strong></span> <span class='ocrx_word' id='word_1_148' title='bbox 1654 1266 1931 1321; x_wconf 89' lang='lat' dir='ltr'><strong>contendit</strong></span> <span class='ocrx_word' id='word_1_149' title='bbox 1967 1281 2032 1320; x_wconf 91' lang='lat' dir='ltr'><strong>ac</strong></span> <span class='ocrx_word' id='word_1_150' title='bbox 2076 1272 2347 1334; x_wconf 86' lang='lat' dir='ltr'><strong>properat.</strong></span> <span class='ocrx_word' id='word_1_151' title='bbox 2395 1260 2551 1329; x_wconf 85' lang='lat' dir='ltr'><strong>Quod</strong></span> <span class='ocrx_word' id='word_1_152' title='bbox 2606 1271 2784 1316; x_wconf 89' lang='lat' dir='ltr'><strong>autem</strong></span> <span class='ocrx_word' id='word_1_153' title='bbox 2839 1269 2960 1330; x_wconf 88' lang='lat' dir='ltr'><strong>post</strong></span> <span class='ocrx_word' id='word_1_154' title='bbox 3006 1268 3254 1314; x_wconf 87' lang='lat' dir='ltr'><strong>errantes</strong></span> <span class='ocrx_word' id='word_1_155' title='bbox 3301 1255 3423 1310; x_wconf 89' lang='lat' dir='ltr'><strong>illos</strong></span> <span class='ocrx_word' id='word_1_156' title='bbox 3455 1253 3618 1307; x_wconf 88' lang='lat' dir='ltr'><strong>orbes</strong></span> 
     </span>
    </p>
   </div>
   <div class='ocr_carea' id='block_1_17' title="bbox 355 1353 3616 1429">
    <p class='ocr_par' dir='ltr' id='par_1_17' title="bbox 355 1353 3616 1429">
     <span class='ocr_line' id='line_1_17' title="bbox 355 1353 3616 1429; baseline -0.002 -20"><span class='ocrx_word' id='word_1_157' title='bbox 355 1361 461 1409; x_wconf 91' lang='lat' dir='ltr'><strong>iter</strong></span> <span class='ocrx_word' id='word_1_158' title='bbox 489 1359 808 1426; x_wconf 76' lang='lat' dir='ltr'><strong>suscipitur,</strong></span> <span class='ocrx_word' id='word_1_159' title='bbox 845 1367 989 1414; x_wconf 88' lang='lat' dir='ltr'><strong>recta</strong></span> <span class='ocrx_word' id='word_1_160' title='bbox 1030 1360 1277 1429; x_wconf 89' lang='lat' dir='ltr'><strong>perducit</strong></span> <span class='ocrx_word' id='word_1_161' title='bbox 1322 1361 1374 1414; x_wconf 92' lang='lat' dir='ltr'><strong>in</strong></span> <span class='ocrx_word' id='word_1_162' title='bbox 1425 1361 1645 1424; x_wconf 70' lang='lat' dir='ltr'><strong>coelum,</strong></span> <span class='ocrx_word' id='word_1_163' title='bbox 1713 1361 1761 1416; x_wconf 91' lang='lat' dir='ltr'><strong>is</strong></span> <span class='ocrx_word' id='word_1_164' title='bbox 1810 1363 1952 1416; x_wconf 87' lang='lat' dir='ltr'><strong>enim</strong></span> <span class='ocrx_word' id='word_1_165' title='bbox 1993 1369 2217 1416; x_wconf 83' lang='lat' dir='ltr'><strong>octavus</strong></span> <span class='ocrx_word' id='word_1_166' title='bbox 2268 1368 2352 1415; x_wconf 81' lang='lat' dir='ltr'><strong>est</strong></span> <span class='ocrx_word' id='word_1_167' title='bbox 2398 1367 2578 1414; x_wconf 88' lang='lat' dir='ltr'><strong>motus</strong></span> <span class='ocrx_word' id='word_1_168' title='bbox 2629 1365 2790 1427; x_wconf 89' lang='lat' dir='ltr'><strong>atque</strong></span> <span class='ocrx_word' id='word_1_169' title='bbox 2813 1357 2946 1410; x_wconf 85' lang='lat' dir='ltr'><strong>dies.</strong></span> <span class='ocrx_word' id='word_1_170' title='bbox 2973 1354 3213 1424; x_wconf 85' lang='lat' dir='ltr'><strong>Denique</strong></span> <span class='ocrx_word' id='word_1_171' title='bbox 3243 1353 3453 1406; x_wconf 86' lang='lat' dir='ltr'><strong>animos</strong></span> <span class='ocrx_word' id='word_1_172' title='bbox 3481 1363 3616 1417; x_wconf 81' lang='lat' dir='ltr'><strong>qua-</strong></span> 
     </span>
    </p>
   </div>
   <div class='ocr_carea' id='block_1_18' title="bbox 352 1446 3612 1526">
    <p class='ocr_par' dir='ltr' id='par_1_18' title="bbox 352 1446 3612 1526">
     <span class='ocr_line' id='line_1_18' title="bbox 352 1446 3612 1526; baseline -0.002 -26"><span class='ocrx_word' id='word_1_173' title='bbox 352 1448 544 1502; x_wconf 88' lang='lat' dir='ltr'><strong>triduo</strong></span> <span class='ocrx_word' id='word_1_174' title='bbox 581 1450 855 1518; x_wconf 82' lang='lat' dir='ltr'><strong>proﬁcisci</strong></span> <span class='ocrx_word' id='word_1_175' title='bbox 899 1450 1030 1506; x_wconf 90' lang='lat' dir='ltr'><strong>dum</strong></span> <span class='ocrx_word' id='word_1_176' title='bbox 1072 1453 1167 1517; x_wconf 87' lang='lat' dir='ltr'><strong>ait,</strong></span> <span class='ocrx_word' id='word_1_177' title='bbox 1204 1452 1305 1506; x_wconf 83' lang='lat' dir='ltr'><strong>iter</strong></span> <span class='ocrx_word' id='word_1_178' title='bbox 1337 1453 1490 1520; x_wconf 92' lang='lat' dir='ltr'><strong>illud,</strong></span> <span class='ocrx_word' id='word_1_179' title='bbox 1523 1454 1666 1522; x_wconf 88' lang='lat' dir='ltr'><strong>quod</strong></span> <span class='ocrx_word' id='word_1_180' title='bbox 1711 1471 1807 1526; x_wconf 87' lang='lat' dir='ltr'><strong>per</strong></span> <span class='ocrx_word' id='word_1_181' title='bbox 1855 1462 2093 1524; x_wconf 88' lang='lat' dir='ltr'><strong>quatuor</strong></span> <span class='ocrx_word' id='word_1_182' title='bbox 2140 1453 2404 1507; x_wconf 86' lang='lat' dir='ltr'><strong>elementa</strong></span> <span class='ocrx_word' id='word_1_183' title='bbox 2449 1450 2757 1512; x_wconf 76' lang='lat' dir='ltr'><strong>coniicitur,</strong></span> <span class='ocrx_word' id='word_1_184' title='bbox 2816 1447 3074 1503; x_wconf 86' lang='lat' dir='ltr'><strong>declarat.</strong></span> <span class='ocrx_word' id='word_1_185' title='bbox 3133 1446 3434 1515; x_wconf 81' lang='lat' dir='ltr'><strong>Septimum</strong></span> <span class='ocrx_word' id='word_1_186' title='bbox 3467 1456 3612 1510; x_wconf 85' lang='lat' dir='ltr'><strong>quo-</strong></span> 
     </span>
    </p>
   </div>
   <div class='ocr_carea' id='block_1_19' title="bbox 353 1536 3614 1613">
    <p class='ocr_par' dir='ltr' id='par_1_19' title="bbox 353 1536 3614 1613">
     <span class='ocr_line' id='line_1_19' title="bbox 353 1536 3614 1613; baseline -0.002 -20"><span class='ocrx_word' id='word_1_187' title='bbox 353 1556 460 1608; x_wconf 79' lang='lat' dir='ltr'><strong>que</strong></span> <span class='ocrx_word' id='word_1_188' title='bbox 484 1537 624 1594; x_wconf 90' lang='lat' dir='ltr'><strong>diem</strong></span> <span class='ocrx_word' id='word_1_189' title='bbox 657 1555 871 1594; x_wconf 89' lang='lat' dir='ltr'><strong>sacrum</strong></span> <span class='ocrx_word' id='word_1_190' title='bbox 897 1556 1040 1606; x_wconf 88' lang='lat' dir='ltr'><strong>esse,</strong></span> <span class='ocrx_word' id='word_1_191' title='bbox 1072 1557 1181 1597; x_wconf 87' lang='lat' dir='ltr'><strong>non</strong></span> <span class='ocrx_word' id='word_1_192' title='bbox 1223 1540 1431 1598; x_wconf 66' lang='lat' dir='ltr'><strong>Hebraei</strong></span> <span class='ocrx_word' id='word_1_193' title='bbox 1457 1545 1650 1612; x_wconf 92' lang='lat' dir='ltr'><strong>modo,</strong></span> <span class='ocrx_word' id='word_1_194' title='bbox 1677 1562 1862 1600; x_wconf 89' lang='lat' dir='ltr'><strong>verum</strong></span> <span class='ocrx_word' id='word_1_195' title='bbox 1884 1547 2045 1601; x_wconf 90' lang='lat' dir='ltr'><strong>etiam</strong></span> <span class='ocrx_word' id='word_1_196' title='bbox 2087 1543 2260 1600; x_wconf 63' lang='lat' dir='ltr'><strong>Graeci</strong></span> <span class='ocrx_word' id='word_1_197' title='bbox 2295 1551 2615 1613; x_wconf 81' lang='lat' dir='ltr'><strong>agnoscunt,</strong></span> <span class='ocrx_word' id='word_1_198' title='bbox 2664 1540 2823 1609; x_wconf 87' lang='lat' dir='ltr'><strong>cujus</strong></span> <span class='ocrx_word' id='word_1_199' title='bbox 2858 1537 3215 1594; x_wconf 87' lang='lat' dir='ltr'><strong>conversione</strong></span> <span class='ocrx_word' id='word_1_200' title='bbox 3250 1536 3614 1590; x_wconf 88' lang='lat' dir='ltr'><strong>animantium</strong></span> 
     </span>
    </p>
   </div>
   <div class='ocr_carea' id='block_1_20' title="bbox 357 1637 2844 1710">
    <p class='ocr_par' dir='ltr' id='par_1_20' title="bbox 357 1637 2844 1710">
     <span class='ocr_line' id='line_1_20' title="bbox 357 1637 2844 1710; baseline -0.002 -16"><span class='ocrx_word' id='word_1_201' title='bbox 357 1638 606 1694; x_wconf 91' lang='lat' dir='ltr'><strong>omnium</strong></span> <span class='ocrx_word' id='word_1_202' title='bbox 660 1648 825 1708; x_wconf 90' lang='lat' dir='ltr'><strong>atque</strong></span> <span class='ocrx_word' id='word_1_203' title='bbox 870 1639 1179 1710; x_wconf 87' lang='lat' dir='ltr'><strong>plantarum</strong></span> <span class='ocrx_word' id='word_1_204' title='bbox 1232 1641 1562 1698; x_wconf 86' lang='lat' dir='ltr'><strong>universitas</strong></span> <span class='ocrx_word' id='word_1_205' title='bbox 1604 1644 1932 1700; x_wconf 88' lang='lat' dir='ltr'><strong>continetur.</strong></span> <span class='ocrx_word' id='word_1_206' title='bbox 1971 1642 2158 1710; x_wconf 88' lang='lat' dir='ltr'><strong>Quode</strong></span> <span class='ocrx_word' id='word_1_207' title='bbox 2190 1639 2459 1694; x_wconf 83' lang='lat' dir='ltr'><strong>Hesiodus</strong></span> <span class='ocrx_word' id='word_1_208' title='bbox 2524 1639 2596 1691; x_wconf 91' lang='lat' dir='ltr'><strong>ita</strong></span> <span class='ocrx_word' id='word_1_209' title='bbox 2625 1637 2844 1702; x_wconf 89' lang='lat' dir='ltr'><strong>cecinit,</strong></span> 
     </span>
    </p>
   </div>
   <div class='ocr_carea' id='block_1_21' title="bbox 353 1750 1885 1825">
    <p class='ocr_par' dir='ltr' id='par_1_21' title="bbox 353 1750 1885 1825">
     <span class='ocr_line' id='line_1_21' title="bbox 353 1750 1885 1825; baseline 0.005 -21"><span class='ocrx_word' id='word_1_210' title='bbox 353 1750 521 1806; x_wconf 78' lang='lat' dir='ltr'><strong>Luna:</strong></span> <span class='ocrx_word' id='word_1_211' title='bbox 548 1751 721 1822; x_wconf 81' lang='lat' dir='ltr'><strong>prima</strong></span> <span class='ocrx_word' id='word_1_212' title='bbox 745 1752 877 1820; x_wconf 76' lang='lat' dir='ltr'><strong>dies,</strong></span> <span class='ocrx_word' id='word_1_213' title='bbox 906 1760 1019 1806; x_wconf 85' lang='lat' dir='ltr'><strong>tum</strong></span> <span class='ocrx_word' id='word_1_214' title='bbox 1042 1763 1235 1821; x_wconf 87' lang='lat' dir='ltr'><strong>quarta</strong></span> <span class='ocrx_word' id='word_1_215' title='bbox 1259 1765 1310 1810; x_wconf 88' lang='lat' dir='ltr'><strong>et</strong></span> <span class='ocrx_word' id='word_1_216' title='bbox 1343 1758 1587 1825; x_wconf 80' lang='lat' dir='ltr'><strong>septima,</strong></span> <span class='ocrx_word' id='word_1_217' title='bbox 1611 1775 1766 1813; x_wconf 75' lang='lat' dir='ltr'><strong>sacra</strong></span> <span class='ocrx_word' id='word_1_218' title='bbox 1789 1768 1885 1814; x_wconf 83' lang='lat' dir='ltr'><strong>est.</strong></span> 
     </span>
    </p>
   </div>
   <div class='ocr_carea' id='block_1_22' title="bbox 326 1842 649 1912">
    <p class='ocr_par' dir='ltr' id='par_1_22' title="bbox 326 1842 649 1912">
     <span class='ocr_line' id='line_1_22' title="bbox 326 1842 649 1912; baseline 0 -15"><span class='ocrx_word' id='word_1_219' title='bbox 326 1884 338 1897; x_wconf 91' lang='lat'><strong>.</strong></span> <span class='ocrx_word' id='word_1_220' title='bbox 351 1842 607 1912; x_wconf 85' lang='lat' dir='ltr'><strong>Idemque</strong></span> <span class='ocrx_word' id='word_1_221' title='bbox 635 1860 649 1897; x_wconf 89' lang='lat'><strong>:</strong></span> 
     </span>
    </p>
   </div>
   <div class='ocr_carea' id='block_1_23' title="bbox 353 1935 1661 2009">
    <p class='ocr_par' dir='ltr' id='par_1_23' title="bbox 353 1935 1661 2009">
     <span class='ocr_line' id='line_1_23' title="bbox 353 1935 1661 2009; baseline 0.004 -18"><span class='ocrx_word' id='word_1_222' title='bbox 353 1935 591 2006; x_wconf 80' lang='lat' dir='ltr'><strong>Septima</strong></span> <span class='ocrx_word' id='word_1_223' title='bbox 604 1937 822 2009; x_wconf 83' lang='lat' dir='ltr'><strong>jamque</strong></span> <span class='ocrx_word' id='word_1_224' title='bbox 851 1939 982 2006; x_wconf 78' lang='lat' dir='ltr'><strong>dies,</strong></span> <span class='ocrx_word' id='word_1_225' title='bbox 1009 1939 1121 1994; x_wconf 67' lang='lat' dir='ltr'><strong>lani</strong></span> <span class='ocrx_word' id='word_1_226' title='bbox 1145 1940 1241 1994; x_wconf 76' lang='lat' dir='ltr'><strong>tua:</strong></span> <span class='ocrx_word' id='word_1_227' title='bbox 1262 1941 1492 1995; x_wconf 85' lang='lat' dir='ltr'><strong>candida</strong></span> <span class='ocrx_word' id='word_1_228' title='bbox 1513 1940 1661 1997; x_wconf 76' lang='lat' dir='ltr'><strong>solis.</strong></span> 
     </span>
    </p>
   </div>
   <div class='ocr_carea' id='block_1_24' title="bbox 351 2027 755 2083">
    <p class='ocr_par' dir='ltr' id='par_1_24' title="bbox 351 2027 755 2083">
     <span class='ocr_line' id='line_1_24' title="bbox 351 2027 755 2083; baseline 0.007 -3"><span class='ocrx_word' id='word_1_229' title='bbox 351 2027 418 2082; x_wconf 78' lang='lat' dir='ltr'><strong>Et</strong></span> <span class='ocrx_word' id='word_1_230' title='bbox 448 2027 718 2083; x_wconf 87' lang='lat' dir='ltr'><strong>Homerus</strong></span> <span class='ocrx_word' id='word_1_231' title='bbox 740 2047 755 2083; x_wconf 91' lang='lat'><strong>:</strong></span> 
     </span>
    </p>
   </div>
   <div class='ocr_carea' id='block_1_25' title="bbox 353 2118 1589 2190">
    <p class='ocr_par' dir='ltr' id='par_1_25' title="bbox 353 2118 1589 2190">
     <span class='ocr_line' id='line_1_25' title="bbox 353 2118 1589 2190; baseline 0.003 -16"><span class='ocrx_word' id='word_1_232' title='bbox 353 2118 589 2190; x_wconf 84' lang='lat' dir='ltr'><strong>Septima</strong></span> <span class='ocrx_word' id='word_1_233' title='bbox 611 2137 767 2175; x_wconf 81' lang='lat' dir='ltr'><strong>sacra</strong></span> <span class='ocrx_word' id='word_1_234' title='bbox 787 2122 899 2176; x_wconf 76' lang='lat' dir='ltr'><strong>dies</strong></span> <span class='ocrx_word' id='word_1_235' title='bbox 923 2131 1153 2178; x_wconf 77' lang='lat' dir='ltr'><strong>reserato</strong></span> <span class='ocrx_word' id='word_1_236' title='bbox 1177 2122 1430 2178; x_wconf 72' lang='lat' dir='ltr'><strong>iunxerat</strong></span> <span class='ocrx_word' id='word_1_237' title='bbox 1453 2123 1589 2180; x_wconf 85' lang='lat' dir='ltr'><strong>orbi.</strong></span> 
     </span>
    </p>
   </div>
   <div class='ocr_carea' id='block_1_26' title="bbox 348 2211 436 2266">
    <p class='ocr_par' dir='ltr' id='par_1_26' title="bbox 348 2211 436 2266">
     <span class='ocr_line' id='line_1_26' title="bbox 348 2211 436 2266; baseline 0.011 -1"><span class='ocrx_word' id='word_1_238' title='bbox 348 2211 436 2266; x_wconf 83' lang='lat' dir='ltr'><strong>Et:</strong></span> 
     </span>
    </p>
   </div>
   <div class='ocr_carea' id='block_1_27' title="bbox 350 2303 913 2375">
    <p class='ocr_par' dir='ltr' id='par_1_27' title="bbox 350 2303 913 2375">
     <span class='ocr_line' id='line_1_27' title="bbox 350 2303 913 2375; baseline 0.005 -17"><span class='ocrx_word' id='word_1_239' title='bbox 350 2303 588 2358; x_wconf 66' lang='lat' dir='ltr'><strong>Septima</strong></span> <span class='ocrx_word' id='word_1_240' title='bbox 612 2321 766 2358; x_wconf 76' lang='lat' dir='ltr'><strong>sacra</strong></span> <span class='ocrx_word' id='word_1_241' title='bbox 789 2305 913 2375; x_wconf 82' lang='lat' dir='ltr'><strong>fuit.</strong></span> 
     </span>
    </p>
   </div>
   <div class='ocr_carea' id='block_1_28' title="bbox 347 2395 687 2452">
    <p class='ocr_par' dir='ltr' id='par_1_28' title="bbox 347 2395 687 2452">
     <span class='ocr_line' id='line_1_28' title="bbox 347 2395 687 2452; baseline 0.012 -3"><span class='ocrx_word' id='word_1_242' title='bbox 347 2395 414 2450; x_wconf 84' lang='lat' dir='ltr'><strong>Et</strong></span> <span class='ocrx_word' id='word_1_243' title='bbox 440 2413 634 2452; x_wconf 88' lang='lat' dir='ltr'><strong>rursus</strong></span> <span class='ocrx_word' id='word_1_244' title='bbox 673 2415 687 2452; x_wconf 91' lang='lat'>:</span> 
     </span>
    </p>
   </div>
   <div class='ocr_carea' id='block_1_29' title="bbox 347 2486 1676 2566">
    <p class='ocr_par' dir='ltr' id='par_1_29' title="bbox 347 2486 1676 2566">
     <span class='ocr_line' id='line_1_29' title="bbox 347 2486 1676 2566; baseline 0.007 -24"><span class='ocrx_word' id='word_1_245' title='bbox 347 2486 583 2554; x_wconf 80' lang='lat' dir='ltr'><strong>Septima</strong></span> <span class='ocrx_word' id='word_1_246' title='bbox 609 2486 703 2541; x_wconf 77' lang='lat' dir='ltr'><strong>lux</strong></span> <span class='ocrx_word' id='word_1_247' title='bbox 727 2487 932 2554; x_wconf 85' lang='lat' dir='ltr'><strong>aderat,</strong></span> <span class='ocrx_word' id='word_1_248' title='bbox 963 2505 1066 2558; x_wconf 88' lang='lat' dir='ltr'><strong>qua</strong></span> <span class='ocrx_word' id='word_1_249' title='bbox 1090 2501 1280 2545; x_wconf 88' lang='lat' dir='ltr'><strong>cuncta</strong></span> <span class='ocrx_word' id='word_1_250' title='bbox 1305 2504 1490 2548; x_wconf 68' lang='lat' dir='ltr'><strong>exacta</strong></span> <span class='ocrx_word' id='word_1_251' title='bbox 1513 2495 1676 2566; x_wconf 75' lang='lat' dir='ltr'><strong>fuere.</strong></span> 
     </span>
    </p>
   </div>
   <div class='ocr_carea' id='block_1_30' title="bbox 345 2577 784 2647">
    <p class='ocr_par' dir='ltr' id='par_1_30' title="bbox 345 2577 784 2647">
     <span class='ocr_line' id='line_1_30' title="bbox 345 2577 784 2647; baseline 0.005 -17"><span class='ocrx_word' id='word_1_252' title='bbox 345 2577 526 2647; x_wconf 84' lang='lat' dir='ltr'><strong>Atque</strong></span> <span class='ocrx_word' id='word_1_253' title='bbox 549 2579 744 2632; x_wconf 87' lang='lat' dir='ltr'><strong>iterum</strong></span> <span class='ocrx_word' id='word_1_254' title='bbox 770 2595 784 2632; x_wconf 90' lang='lat'><strong>:</strong></span> 
     </span>
    </p>
   </div>
   <div class='ocr_carea' id='block_1_31' title="bbox 344 2669 1814 2748">
    <p class='ocr_par' dir='ltr' id='par_1_31' title="bbox 344 2669 1814 2748">
     <span class='ocr_line' id='line_1_31' title="bbox 344 2669 1814 2748; baseline 0.005 -24"><span class='ocrx_word' id='word_1_255' title='bbox 344 2669 583 2739; x_wconf 84' lang='lat' dir='ltr'><strong>Septima</strong></span> <span class='ocrx_word' id='word_1_256' title='bbox 610 2671 698 2724; x_wconf 90' lang='lat' dir='ltr'><strong>ubi</strong></span> <span class='ocrx_word' id='word_1_257' title='bbox 719 2679 837 2724; x_wconf 90' lang='lat' dir='ltr'><strong>orta</strong></span> <span class='ocrx_word' id='word_1_258' title='bbox 862 2671 994 2738; x_wconf 81' lang='lat' dir='ltr'><strong>dies,</strong></span> <span class='ocrx_word' id='word_1_259' title='bbox 1021 2672 1330 2729; x_wconf 78' lang='lat' dir='ltr'><strong>Acherontis</strong></span> <span class='ocrx_word' id='word_1_260' title='bbox 1356 2675 1604 2748; x_wconf 79' lang='lat' dir='ltr'><strong>liquimus</strong></span> <span class='ocrx_word' id='word_1_261' title='bbox 1625 2681 1814 2734; x_wconf 80' lang='lat' dir='ltr'><strong>undas.</strong></span> 
     </span>
    </p>
   </div>
   <div class='ocr_carea' id='block_1_32' title="bbox 345 2761 1407 2837">
    <p class='ocr_par' dir='ltr' id='par_1_32' title="bbox 345 2761 1407 2837">
     <span class='ocr_line' id='line_1_32' title="bbox 345 2761 1407 2837; baseline 0.008 -22"><span class='ocrx_word' id='word_1_262' title='bbox 345 2761 558 2828; x_wconf 87' lang='lat' dir='ltr'><strong>Quibus</strong></span> <span class='ocrx_word' id='word_1_263' title='bbox 598 2763 800 2818; x_wconf 89' lang='lat' dir='ltr'><strong>accinit</strong></span> <span class='ocrx_word' id='word_1_264' title='bbox 826 2761 1198 2821; x_wconf 83' lang='lat' dir='ltr'><strong>Callimachus</strong></span> <span class='ocrx_word' id='word_1_265' title='bbox 1227 2778 1407 2837; x_wconf 90' lang='lat' dir='ltr'><strong>poeta,</strong></span> 
     </span>
    </p>
   </div>
   <div class='ocr_carea' id='block_1_33' title="bbox 344 2853 1813 2931">
    <p class='ocr_par' dir='ltr' id='par_1_33' title="bbox 344 2853 1813 2931">
     <span class='ocr_line' id='line_1_33' title="bbox 344 2853 1813 2931; baseline 0.005 -21"><span class='ocrx_word' id='word_1_266' title='bbox 344 2853 582 2925; x_wconf 85' lang='lat' dir='ltr'><strong>Septima</strong></span> <span class='ocrx_word' id='word_1_267' title='bbox 595 2855 815 2926; x_wconf 84' lang='lat' dir='ltr'><strong>jamque</strong></span> <span class='ocrx_word' id='word_1_268' title='bbox 835 2857 970 2924; x_wconf 79' lang='lat' dir='ltr'><strong>dies,</strong></span> <span class='ocrx_word' id='word_1_269' title='bbox 995 2874 1100 2928; x_wconf 91' lang='lat' dir='ltr'><strong>qua</strong></span> <span class='ocrx_word' id='word_1_270' title='bbox 1122 2871 1312 2914; x_wconf 84' lang='lat' dir='ltr'><strong>cuncta</strong></span> <span class='ocrx_word' id='word_1_271' title='bbox 1344 2873 1554 2931; x_wconf 70' lang='lat' dir='ltr'><strong>exacta,</strong></span> <span class='ocrx_word' id='word_1_272' title='bbox 1579 2863 1813 2917; x_wconf 83' lang='lat' dir='ltr'><strong>rubebat.</strong></span> 
     </span>
    </p>
   </div>
   <div class='ocr_carea' id='block_1_34' title="bbox 343 2943 607 3014">
    <p class='ocr_par' dir='ltr' id='par_1_34' title="bbox 343 2943 607 3014">
     <span class='ocr_line' id='line_1_34' title="bbox 343 2943 607 3014; baseline 0.027 -18"><span class='ocrx_word' id='word_1_273' title='bbox 343 2943 607 3014; x_wconf 82' lang='lat' dir='ltr'><strong>Itemque.</strong></span> 
     </span>
    </p>
   </div>
   <div class='ocr_carea' id='block_1_35' title="bbox 349 3035 1672 3110">
    <p class='ocr_par' dir='ltr' id='par_1_35' title="bbox 349 3035 1672 3110">
     <span class='ocr_line' id='line_1_35' title="bbox 349 3035 1672 3110; baseline 0.005 -20"><span class='ocrx_word' id='word_1_274' title='bbox 349 3035 539 3090; x_wconf 84' lang='lat' dir='ltr'><strong>Omine</strong></span> <span class='ocrx_word' id='word_1_275' title='bbox 566 3035 690 3090; x_wconf 66' lang='lat' dir='ltr'><strong>laeta</strong></span> <span class='ocrx_word' id='word_1_276' title='bbox 713 3036 823 3092; x_wconf 78' lang='lat' dir='ltr'><strong>dies</strong></span> <span class='ocrx_word' id='word_1_277' title='bbox 846 3046 925 3091; x_wconf 82' lang='lat' dir='ltr'><strong>est</strong></span> <span class='ocrx_word' id='word_1_278' title='bbox 956 3039 1204 3108; x_wconf 78' lang='lat' dir='ltr'><strong>septima,</strong></span> <span class='ocrx_word' id='word_1_279' title='bbox 1229 3041 1453 3110; x_wconf 76' lang='lat' dir='ltr'><strong>septima</strong></span> <span class='ocrx_word' id='word_1_280' title='bbox 1479 3058 1672 3096; x_wconf 72' lang='lat' dir='ltr'><strong>rerum.</strong></span> 
     </span>
    </p>
   </div>
   <div class='ocr_carea' id='block_1_36' title="bbox 339 3124 634 3195">
    <p class='ocr_par' dir='ltr' id='par_1_36' title="bbox 339 3124 634 3195">
     <span class='ocr_line' id='line_1_36' title="bbox 339 3124 634 3195; baseline 0.01 -18"><span class='ocrx_word' id='word_1_281' title='bbox 339 3125 508 3195; x_wconf 76' lang='lat'><strong>678</strong></span> <span class='ocrx_word' id='word_1_282' title='bbox 529 3124 595 3179; x_wconf 84' lang='lat' dir='ltr'><strong>Et</strong></span> <span class='ocrx_word' id='word_1_283' title='bbox 619 3142 634 3180; x_wconf 90' lang='lat'><strong>:</strong></span> 
     </span>
    </p>
   </div>
   <div class='ocr_carea' id='block_1_37' title="bbox 345 3217 1553 3288">
    <p class='ocr_par' dir='ltr' id='par_1_37' title="bbox 345 3217 1553 3288">
     <span class='ocr_line' id='line_1_37' title="bbox 345 3217 1553 3288; baseline 0.005 -18"><span class='ocrx_word' id='word_1_284' title='bbox 345 3217 529 3281; x_wconf 76' lang='lat' dir='ltr'><strong>Ortus,</strong></span> <span class='ocrx_word' id='word_1_285' title='bbox 552 3226 602 3270; x_wconf 85' lang='lat' dir='ltr'><strong>et</strong></span> <span class='ocrx_word' id='word_1_286' title='bbox 621 3218 845 3272; x_wconf 73' lang='lat' dir='ltr'><strong>eximias</strong></span> <span class='ocrx_word' id='word_1_287' title='bbox 877 3219 1015 3273; x_wconf 84' lang='lat' dir='ltr'><strong>inter</strong></span> <span class='ocrx_word' id='word_1_288' title='bbox 1035 3219 1268 3288; x_wconf 79' lang='lat' dir='ltr'><strong>perfecta</strong></span> <span class='ocrx_word' id='word_1_289' title='bbox 1287 3232 1553 3277; x_wconf 79' lang='lat' dir='ltr'><strong>coruscat.</strong></span> 
     </span>
    </p>
   </div>
   <div class='ocr_carea' id='block_1_38' title="bbox 342 3305 438 3360">
    <p class='ocr_par' dir='ltr' id='par_1_38' title="bbox 342 3305 438 3360">
     <span class='ocr_line' id='line_1_38' title="bbox 342 3305 438 3360; baseline 0.01 -1"><span class='ocrx_word' id='word_1_290' title='bbox 342 3305 438 3360; x_wconf 80' lang='lat' dir='ltr'><strong>Et:</strong></span> 
     </span>
    </p>
   </div>
   <div class='ocr_carea' id='block_1_39' title="bbox 346 3400 1532 3470">
    <p class='ocr_par' dir='ltr' id='par_1_39' title="bbox 346 3400 1532 3470">
     <span class='ocr_line' id='line_1_39' title="bbox 346 3400 1532 3470; baseline 0.008 -20"><span class='ocrx_word' id='word_1_291' title='bbox 346 3401 538 3452; x_wconf 79' lang='lat' dir='ltr'><strong>Omnia</strong></span> <span class='ocrx_word' id='word_1_292' title='bbox 562 3400 766 3453; x_wconf 74' lang='lat' dir='ltr'><strong>sidereo</strong></span> <span class='ocrx_word' id='word_1_293' title='bbox 792 3411 1008 3470; x_wconf 74' lang='lat' dir='ltr'><strong>septena</strong></span> <span class='ocrx_word' id='word_1_294' title='bbox 1037 3403 1280 3455; x_wconf 81' lang='lat' dir='ltr'><strong>videntur</strong></span> <span class='ocrx_word' id='word_1_295' title='bbox 1310 3403 1363 3456; x_wconf 87' lang='lat' dir='ltr'><strong>in</strong></span> <span class='ocrx_word' id='word_1_296' title='bbox 1391 3404 1532 3468; x_wconf 83' lang='lat' dir='ltr'><strong>orbe,</strong></span> 
     </span>
    </p>
   </div>
   <div class='ocr_carea' id='block_1_40' title="bbox 341 3470 1702 3539">
    <p class='ocr_par' dir='ltr' id='par_1_40' title="bbox 341 3470 1702 3539">
     <span class='ocr_line' id='line_1_40' title="bbox 341 3470 1702 3539; baseline 0.008 -17"><span class='ocrx_word' id='word_1_297' title='bbox 341 3470 575 3523; x_wconf 77' lang='lat' dir='ltr'><strong>Motibus</strong></span> <span class='ocrx_word' id='word_1_298' title='bbox 606 3480 654 3522; x_wconf 87' lang='lat' dir='ltr'><strong>et</strong></span> <span class='ocrx_word' id='word_1_299' title='bbox 683 3473 909 3539; x_wconf 83' lang='lat' dir='ltr'><strong>propriis</strong></span> <span class='ocrx_word' id='word_1_300' title='bbox 938 3484 1106 3526; x_wconf 72' lang='lat' dir='ltr'><strong>certos</strong></span> <span class='ocrx_word' id='word_1_301' title='bbox 1134 3475 1410 3527; x_wconf 81' lang='lat' dir='ltr'><strong>volvuntur</strong></span> <span class='ocrx_word' id='word_1_302' title='bbox 1438 3479 1490 3529; x_wconf 87' lang='lat' dir='ltr'><strong>in</strong></span> <span class='ocrx_word' id='word_1_303' title='bbox 1515 3493 1702 3533; x_wconf 74' lang='lat' dir='ltr'><strong>annos.</strong></span> 
     </span>
    </p>
   </div>
   <div class='ocr_carea' id='block_1_41' title="bbox 339 3573 1918 3654">
    <p class='ocr_par' dir='ltr' id='par_1_41' title="bbox 339 3573 1918 3654">
     <span class='ocr_line' id='line_1_41' title="bbox 339 3573 1918 3654; baseline 0.011 -28"><span class='ocrx_word' id='word_1_304' title='bbox 339 3573 514 3639; x_wconf 88' lang='lat' dir='ltr'><strong>Quam</strong></span> <span class='ocrx_word' id='word_1_305' title='bbox 565 3576 730 3640; x_wconf 86' lang='lat' dir='ltr'><strong>diem,</strong></span> <span class='ocrx_word' id='word_1_306' title='bbox 762 3579 836 3631; x_wconf 87' lang='lat' dir='ltr'><strong>uti</strong></span> <span class='ocrx_word' id='word_1_307' title='bbox 882 3580 1238 3644; x_wconf 86' lang='lat' dir='ltr'><strong>sanctiorem,</strong></span> <span class='ocrx_word' id='word_1_308' title='bbox 1277 3581 1408 3650; x_wconf 81' lang='lat' dir='ltr'><strong>ipsae</strong></span> <span class='ocrx_word' id='word_1_309' title='bbox 1437 3598 1656 3654; x_wconf 90' lang='lat' dir='ltr'><strong>quoque</strong></span> <span class='ocrx_word' id='word_1_310' title='bbox 1700 3587 1918 3646; x_wconf 86' lang='lat' dir='ltr'><strong>Solonis</strong></span> 
     </span>
    </p>
   </div>
   <div class='ocr_carea' id='block_1_42' title="bbox 337 3666 1918 3750">
    <p class='ocr_par' dir='ltr' id='par_1_42' title="bbox 337 3666 1918 3750">
     <span class='ocr_line' id='line_1_42' title="bbox 337 3666 1918 3750; baseline 0.011 -30"><span class='ocrx_word' id='word_1_311' title='bbox 337 3666 524 3737; x_wconf 73' lang='lat' dir='ltr'><strong>elegia:</strong></span> <span class='ocrx_word' id='word_1_312' title='bbox 555 3668 753 3724; x_wconf 90' lang='lat' dir='ltr'><strong>mirum</strong></span> <span class='ocrx_word' id='word_1_313' title='bbox 788 3670 841 3725; x_wconf 92' lang='lat' dir='ltr'><strong>in</strong></span> <span class='ocrx_word' id='word_1_314' title='bbox 872 3673 1088 3726; x_wconf 82' lang='lat' dir='ltr'><strong>modum</strong></span> <span class='ocrx_word' id='word_1_315' title='bbox 1120 3672 1437 3742; x_wconf 68' lang='lat' dir='ltr'><strong>praedicant.</strong></span> <span class='ocrx_word' id='word_1_316' title='bbox 1459 3675 1596 3744; x_wconf 84' lang='lat' dir='ltr'><strong>Quid</strong></span> <span class='ocrx_word' id='word_1_317' title='bbox 1620 3683 1918 3750; x_wconf 65' lang='lat' dir='ltr'><strong>praeterea?</strong></span> 
     </span>
    </p>
   </div>
   <div class='ocr_carea' id='block_1_43' title="bbox 338 3757 1915 3844">
    <p class='ocr_par' dir='ltr' id='par_1_43' title="bbox 338 3757 1915 3844">
     <span class='ocr_line' id='line_1_43' title="bbox 338 3757 1915 3844; baseline 0.012 -32"><span class='ocrx_word' id='word_1_318' title='bbox 338 3757 528 3815; x_wconf 79' lang='lat' dir='ltr'><strong>Nonne</strong></span> <span class='ocrx_word' id='word_1_319' title='bbox 546 3762 718 3816; x_wconf 89' lang='lat' dir='ltr'><strong>sacris</strong></span> <span class='ocrx_word' id='word_1_320' title='bbox 743 3763 934 3818; x_wconf 81' lang='lat' dir='ltr'><strong>litteris</strong></span> <span class='ocrx_word' id='word_1_321' title='bbox 962 3777 1343 3835; x_wconf 76' lang='lat' dir='ltr'><strong>congruenter,</strong></span> <span class='ocrx_word' id='word_1_322' title='bbox 1371 3769 1461 3824; x_wconf 90' lang='lat' dir='ltr'><strong>ubi</strong></span> <span class='ocrx_word' id='word_1_323' title='bbox 1494 3770 1606 3827; x_wconf 70' lang='lat' dir='ltr'><strong>haec</strong></span> <span class='ocrx_word' id='word_1_324' title='bbox 1637 3773 1915 3844; x_wconf 87' lang='lat' dir='ltr'><strong>improbo-</strong></span> 
     </span>
    </p>
   </div>
   <div class='ocr_carea' id='block_1_44' title="bbox 340 3855 1915 3937">
    <p class='ocr_par' dir='ltr' id='par_1_44' title="bbox 340 3855 1915 3937">
     <span class='ocr_line' id='line_1_44' title="bbox 340 3855 1915 3937; baseline 0.011 -31"><span class='ocrx_word' id='word_1_325' title='bbox 340 3868 461 3906; x_wconf 85' lang='lat' dir='ltr'><strong>rum</strong></span> <span class='ocrx_word' id='word_1_326' title='bbox 489 3869 590 3906; x_wconf 83' lang='lat' dir='ltr'><strong>vox</strong></span> <span class='ocrx_word' id='word_1_327' title='bbox 622 3862 746 3909; x_wconf 89' lang='lat' dir='ltr'><strong>est:</strong></span> <span class='ocrx_word' id='word_1_328' title='bbox 775 3874 792 3907; x_wconf 78' lang='grc' dir='ltr'>ι</span> <span class='ocrx_word' id='word_1_329' title='bbox 833 3855 1110 3914; x_wconf 87' lang='lat' dir='ltr'><strong>Tollamus</strong></span> <span class='ocrx_word' id='word_1_330' title='bbox 1131 3859 1340 3929; x_wconf 89' lang='lat' dir='ltr'><strong>justum</strong></span> <span class='ocrx_word' id='word_1_331' title='bbox 1371 3878 1400 3916; x_wconf 89' lang='lat' dir='ltr'><strong>a</strong></span> <span class='ocrx_word' id='word_1_332' title='bbox 1430 3865 1614 3932; x_wconf 88' lang='lat' dir='ltr'><strong>nobis,</strong></span> <span class='ocrx_word' id='word_1_333' title='bbox 1649 3869 1915 3937; x_wconf 92' lang='lat' dir='ltr'><strong>quoniam</strong></span> 
     </span>
    </p>
   </div>
   <div class='ocr_carea' id='block_1_45' title="bbox 344 3943 1912 4016">
    <p class='ocr_par' dir='ltr' id='par_1_45' title="bbox 344 3943 1912 4016">
     <span class='ocr_line' id='line_1_45' title="bbox 344 3943 1912 4016; baseline 0.013 -21"><span class='ocrx_word' id='word_1_334' title='bbox 344 3943 609 4000; x_wconf 86' lang='lat' dir='ltr'><strong>molestus</strong></span> <span class='ocrx_word' id='word_1_335' title='bbox 665 3946 824 4003; x_wconf 86' lang='lat' dir='ltr'><strong>nobis</strong></span> <span class='ocrx_word' id='word_1_336' title='bbox 879 3951 1040 4012; x_wconf 79' lang='lat' dir='ltr'><strong>est‘;</strong></span> <span class='ocrx_word' id='word_1_337' title='bbox 1087 3969 1105 4002; x_wconf 75' lang='grc' dir='ltr'>ι</span> <span class='ocrx_word' id='word_1_338' title='bbox 1159 3949 1314 4008; x_wconf 85' lang='lat' dir='ltr'><strong>Plato</strong></span> <span class='ocrx_word' id='word_1_339' title='bbox 1360 3955 1653 4012; x_wconf 84' lang='lat' dir='ltr'><strong>salutarem</strong></span> <span class='ocrx_word' id='word_1_340' title='bbox 1711 3958 1912 4016; x_wconf 86' lang='lat' dir='ltr'><strong>Christi</strong></span> 
     </span>
    </p>
   </div>
   <div class='ocr_carea' id='block_1_46' title="bbox 336 4035 1915 4122">
    <p class='ocr_par' dir='ltr' id='par_1_46' title="bbox 336 4035 1915 4122">
     <span class='ocr_line' id='line_1_46' title="bbox 336 4035 1915 4122; baseline 0.012 -32"><span class='ocrx_word' id='word_1_341' title='bbox 336 4035 800 4106; x_wconf 84' lang='lat' dir='ltr'><strong>dispensationem</strong></span> <span class='ocrx_word' id='word_1_342' title='bbox 833 4048 1042 4094; x_wconf 90' lang='lat' dir='ltr'><strong>tantum</strong></span> <span class='ocrx_word' id='word_1_343' title='bbox 1073 4058 1181 4096; x_wconf 92' lang='lat' dir='ltr'><strong>non</strong></span> <span class='ocrx_word' id='word_1_344' title='bbox 1213 4048 1604 4113; x_wconf 66' lang='lat' dir='ltr'><strong>praenuntians,</strong></span> <span class='ocrx_word' id='word_1_345' title='bbox 1639 4050 1710 4106; x_wconf 88' lang='lat' dir='ltr'><strong>ita</strong></span> <span class='ocrx_word' id='word_1_346' title='bbox 1742 4052 1915 4122; x_wconf 87' lang='lat' dir='ltr'><strong>loqui-</strong></span> 
     </span>
    </p>
   </div>
   <div class='ocr_carea' id='block_1_47' title="bbox 337 4128 1912 4213">
    <p class='ocr_par' dir='ltr' id='par_1_47' title="bbox 337 4128 1912 4213">
     <span class='ocr_line' id='line_1_47' title="bbox 337 4128 1912 4213; baseline 0.01 -31"><span class='ocrx_word' id='word_1_347' title='bbox 337 4136 426 4182; x_wconf 91' lang='lat' dir='ltr'><strong>tnr</strong></span> <span class='ocrx_word' id='word_1_348' title='bbox 457 4128 695 4183; x_wconf 86' lang='lat' dir='ltr'><strong>secundo</strong></span> <span class='ocrx_word' id='word_1_349' title='bbox 731 4129 807 4184; x_wconf 80' lang='lat' dir='ltr'><strong>De</strong></span> <span class='ocrx_word' id='word_1_350' title='bbox 842 4130 1108 4201; x_wconf 83' lang='lat' dir='ltr'><strong>republica</strong></span> <span class='ocrx_word' id='word_1_351' title='bbox 1135 4150 1155 4187; x_wconf 89' lang='lat'><strong><em>:</em></strong></span> <span class='ocrx_word' id='word_1_352' title='bbox 1195 4151 1214 4186; x_wconf 86' lang='grc' dir='ltr'>ι</span> <span class='ocrx_word' id='word_1_353' title='bbox 1237 4133 1416 4201; x_wconf 82' lang='lat' dir='ltr'><strong>Justo,</strong></span> <span class='ocrx_word' id='word_1_354' title='bbox 1451 4139 1660 4208; x_wconf 83' lang='lat' dir='ltr'><strong>inquit,</strong></span> <span class='ocrx_word' id='word_1_355' title='bbox 1690 4142 1786 4206; x_wconf 89' lang='lat' dir='ltr'><strong>illi,</strong></span> <span class='ocrx_word' id='word_1_356' title='bbox 1819 4144 1912 4213; x_wconf 94' lang='lat' dir='ltr'><strong>qui</strong></span> 
     </span>
    </p>
   </div>
   <div class='ocr_carea' id='block_1_48' title="bbox 337 4221 1910 4303">
    <p class='ocr_par' dir='ltr' id='par_1_48' title="bbox 337 4221 1910 4303">
     <span class='ocr_line' id='line_1_48' title="bbox 337 4221 1910 4303; baseline 0.011 -30"><span class='ocrx_word' id='word_1_357' title='bbox 337 4221 418 4275; x_wconf 82' lang='lat' dir='ltr'><strong>sic</strong></span> <span class='ocrx_word' id='word_1_358' title='bbox 465 4222 651 4276; x_wconf 86' lang='lat' dir='ltr'><strong>animo</strong></span> <span class='ocrx_word' id='word_1_359' title='bbox 697 4236 1048 4294; x_wconf 90' lang='lat' dir='ltr'><strong>comparatus</strong></span> <span class='ocrx_word' id='word_1_360' title='bbox 1097 4227 1241 4296; x_wconf 88' lang='lat' dir='ltr'><strong>erit,</strong></span> <span class='ocrx_word' id='word_1_361' title='bbox 1272 4231 1493 4286; x_wconf 88' lang='lat' dir='ltr'><strong>verbera</strong></span> <span class='ocrx_word' id='word_1_362' title='bbox 1545 4233 1910 4303; x_wconf 83' lang='lat' dir='ltr'><strong>imponentur,</strong></span> 
     </span>
    </p>
   </div>
   <div class='ocr_carea' id='block_1_49' title="bbox 337 4310 1914 4393">
    <p class='ocr_par' dir='ltr' id='par_1_49' title="bbox 337 4310 1914 4393">
     <span class='ocr_line' id='line_1_49' title="bbox 337 4310 1914 4393; baseline 0.012 -29"><span class='ocrx_word' id='word_1_363' title='bbox 337 4310 650 4380; x_wconf 86' lang='lat' dir='ltr'><strong>injicientur</strong></span> <span class='ocrx_word' id='word_1_364' title='bbox 682 4315 918 4380; x_wconf 77' lang='lat' dir='ltr'><strong>vincula,</strong></span> <span class='ocrx_word' id='word_1_365' title='bbox 954 4318 1097 4372; x_wconf 89' lang='lat' dir='ltr'><strong>oculi</strong></span> <span class='ocrx_word' id='word_1_366' title='bbox 1128 4330 1408 4376; x_wconf 91' lang='lat' dir='ltr'><strong>eruentur.</strong></span> <span class='ocrx_word' id='word_1_367' title='bbox 1457 4322 1600 4378; x_wconf 85' lang='lat' dir='ltr'><strong>Idem</strong></span> <span class='ocrx_word' id='word_1_368' title='bbox 1639 4337 1914 4393; x_wconf 88' lang='lat' dir='ltr'><strong>postremo</strong></span> 
     </span>
    </p>
   </div>
   <div class='ocr_carea' id='block_1_50' title="bbox 336 4401 1914 4480">
    <p class='ocr_par' dir='ltr' id='par_1_50' title="bbox 336 4401 1914 4480">
     <span class='ocr_line' id='line_1_50' title="bbox 336 4401 1914 4480; baseline 0.015 -26"><span class='ocrx_word' id='word_1_369' title='bbox 336 4401 452 4457; x_wconf 76' lang='lat' dir='ltr'><strong>haec</strong></span> <span class='ocrx_word' id='word_1_370' title='bbox 477 4405 658 4460; x_wconf 89' lang='lat' dir='ltr'><strong>omnia</strong></span> <span class='ocrx_word' id='word_1_371' title='bbox 693 4422 1002 4476; x_wconf 85' lang='lat' dir='ltr'><strong>perpessus,</strong></span> <span class='ocrx_word' id='word_1_372' title='bbox 1030 4419 1219 4480; x_wconf 81' lang='lat' dir='ltr'><strong>agetur</strong></span> <span class='ocrx_word' id='word_1_373' title='bbox 1241 4413 1294 4467; x_wconf 90' lang='lat' dir='ltr'><strong>in</strong></span> <span class='ocrx_word' id='word_1_374' title='bbox 1319 4429 1556 4470; x_wconf 87' lang='lat' dir='ltr'><strong>crucem.</strong></span> <span class='ocrx_word' id='word_1_375' title='bbox 1575 4417 1914 4478; x_wconf 74' lang='lat' dir='ltr'><strong>iSocraticus</strong></span> 
     </span>
    </p>
   </div>
   <div class='ocr_carea' id='block_1_51' title="bbox 334 4496 1914 4575">
    <p class='ocr_par' dir='ltr' id='par_1_51' title="bbox 334 4496 1914 4575">
     <span class='ocr_line' id='line_1_51' title="bbox 334 4496 1914 4575; baseline 0.015 -29"><span class='ocrx_word' id='word_1_376' title='bbox 334 4496 496 4550; x_wconf 88' lang='lat' dir='ltr'><strong>etiam</strong></span> <span class='ocrx_word' id='word_1_377' title='bbox 519 4498 871 4556; x_wconf 82' lang='lat' dir='ltr'><strong>Antisthenes</strong></span> <span class='ocrx_word' id='word_1_378' title='bbox 897 4502 1043 4557; x_wconf 88' lang='lat' dir='ltr'><strong>illam</strong></span> <span class='ocrx_word' id='word_1_379' title='bbox 1077 4506 1353 4575; x_wconf 74' lang='lat' dir='ltr'><strong>propheta:</strong></span> <span class='ocrx_word' id='word_1_380' title='bbox 1380 4524 1566 4565; x_wconf 87' lang='lat' dir='ltr'><strong>vocem</strong></span> <span class='ocrx_word' id='word_1_381' title='bbox 1599 4527 1614 4566; x_wconf 89' lang='lat'>:</span> <span class='ocrx_word' id='word_1_382' title='bbox 1653 4531 1671 4563; x_wconf 78' lang='grc' dir='ltr'>ι</span> <span class='ocrx_word' id='word_1_383' title='bbox 1696 4512 1794 4566; x_wconf 90' lang='lat' dir='ltr'><strong>Cui</strong></span> <span class='ocrx_word' id='word_1_384' title='bbox 1829 4529 1914 4570; x_wconf 89' lang='lat' dir='ltr'><strong>me</strong></span> 
     </span>
    </p>
   </div>
   <div class='ocr_carea' id='block_1_52' title="bbox 333 4589 1913 4676">
    <p class='ocr_par' dir='ltr' id='par_1_52' title="bbox 333 4589 1913 4676">
     <span class='ocr_line' id='line_1_52' title="bbox 333 4589 1913 4676; baseline 0.012 -34"><span class='ocrx_word' id='word_1_385' title='bbox 333 4589 780 4646; x_wconf 84' lang='lat' dir='ltr'><strong>assimilavistis?</strong></span> <span class='ocrx_word' id='word_1_386' title='bbox 817 4593 947 4649; x_wconf 83' lang='lat' dir='ltr'><strong>dicit</strong></span> <span class='ocrx_word' id='word_1_387' title='bbox 987 4594 1308 4663; x_wconf 81' lang='lat' dir='ltr'><strong>Dominus&#39;,</strong></span> <span class='ocrx_word' id='word_1_388' title='bbox 1361 4620 1380 4652; x_wconf 74' lang='grc' dir='ltr'>ι</span> <span class='ocrx_word' id='word_1_389' title='bbox 1416 4605 1733 4674; x_wconf 85' lang='lat' dir='ltr'><strong>paraphrasi</strong></span> <span class='ocrx_word' id='word_1_390' title='bbox 1778 4623 1913 4676; x_wconf 87' lang='lat' dir='ltr'><strong>qua-</strong></span> 
     </span>
    </p>
   </div>
   <div class='ocr_carea' id='block_1_53' title="bbox 2034 1729 3582 1824">
    <p class='ocr_par' dir='ltr' id='par_1_53' title="bbox 2034 1729 3582 1824">
     <span class='ocr_line' id='line_1_53' title="bbox 2034 1729 3582 1824; baseline -0.007 -14"><span class='ocrx_word' id='word_1_391' title='bbox 2034 1754 2276 1824; x_wconf 67' lang='grc' dir='ltr'><strong>Πρῶτοι⁴</strong></span> <span class='ocrx_word' id='word_1_392' title='bbox 2299 1753 2409 1823; x_wconf 83' lang='grc' dir='ltr'><strong>ἔνη</strong></span> <span class='ocrx_word' id='word_1_393' title='bbox 2430 1792 2445 1816; x_wconf 85' lang='grc'><em>,</em></span> <span class='ocrx_word' id='word_1_394' title='bbox 2476 1751 2683 1820; x_wconf 84' lang='grc' dir='ltr'><em>τετράς</em></span> <span class='ocrx_word' id='word_1_395' title='bbox 2710 1767 2774 1804; x_wconf 86' lang='grc' dir='ltr'><em>τε</em></span> <span class='ocrx_word' id='word_1_396' title='bbox 2811 1749 2909 1804; x_wconf 76' lang='grc' dir='ltr'><strong>καὶ</strong></span> <span class='ocrx_word' id='word_1_397' title='bbox 2939 1729 3180 1819; x_wconf 65' lang='grc' dir='ltr'><em>ἑϐδόμη,</em></span> <span class='ocrx_word' id='word_1_398' title='bbox 3215 1746 3378 1816; x_wconf 76' lang='grc' dir='ltr'><strong>ἱερὸν</strong></span> <span class='ocrx_word' id='word_1_399' title='bbox 3399 1743 3582 1818; x_wconf 80' lang='grc' dir='ltr'><strong>ἦμαρ.</strong></span> 
     </span>
    </p>
   </div>
   <div class='ocr_carea' id='block_1_54' title="bbox 2038 1847 2368 1904">
    <p class='ocr_par' dir='ltr' id='par_1_54' title="bbox 2038 1847 2368 1904">
     <span class='ocr_line' id='line_1_54' title="bbox 2038 1847 2368 1904; baseline -0.015 -1"><span class='ocrx_word' id='word_1_400' title='bbox 2038 1849 2144 1904; x_wconf 73' lang='grc' dir='ltr'><strong>Καὶ</strong></span> <span class='ocrx_word' id='word_1_401' title='bbox 2171 1847 2332 1900; x_wconf 82' lang='grc' dir='ltr'>πάλιν</span> <span class='ocrx_word' id='word_1_402' title='bbox 2352 1861 2368 1878; x_wconf 78' lang='grc'><strong><em>⁸</em></strong></span> 
     </span>
    </p>
   </div>
   <div class='ocr_carea' id='block_1_55' title="bbox 1960 1930 3401 2029">
    <p class='ocr_par' dir='ltr' id='par_1_55' title="bbox 1960 1930 3401 2029">
     <span class='ocr_line' id='line_1_55' title="bbox 1960 1930 3401 2029; baseline -0.006 -37"><span class='ocrx_word' id='word_1_403' title='bbox 1960 1974 2002 2029; x_wconf 75' lang='grc' dir='ltr'><strong>Β</strong></span> <span class='ocrx_word' id='word_1_404' title='bbox 2045 1935 2362 2006; x_wconf 83' lang='grc' dir='ltr'><em>Ἑϐδομάτη</em></span> <span class='ocrx_word' id='word_1_405' title='bbox 2390 1935 2441 1990; x_wconf 83' lang='grc' dir='ltr'><strong>δ’</strong></span> <span class='ocrx_word' id='word_1_406' title='bbox 2475 1930 2648 2002; x_wconf 84' lang='grc' dir='ltr'><strong>αὖθις</strong></span> <span class='ocrx_word' id='word_1_407' title='bbox 2673 1932 2949 2004; x_wconf 74' lang='grc' dir='ltr'><strong>λαμπρὸν</strong></span> <span class='ocrx_word' id='word_1_408' title='bbox 2977 1930 3130 2002; x_wconf 72' lang='grc' dir='ltr'><em>φάος</em></span> <span class='ocrx_word' id='word_1_409' title='bbox 3154 1931 3401 1998; x_wconf 76' lang='grc' dir='ltr'><strong>ἠελίοιο.</strong></span> 
     </span>
    </p>
   </div>
   <div class='ocr_carea' id='block_1_56' title="bbox 2030 2028 2450 2100">
    <p class='ocr_par' dir='ltr' id='par_1_56' title="bbox 2030 2028 2450 2100">
     <span class='ocr_line' id='line_1_56' title="bbox 2030 2028 2450 2100; baseline -0.007 -16"><span class='ocrx_word' id='word_1_410' title='bbox 2030 2031 2140 2085; x_wconf 78' lang='grc' dir='ltr'>Καὶ</span> <span class='ocrx_word' id='word_1_411' title='bbox 2175 2028 2324 2100; x_wconf 81' lang='grc' dir='ltr'><strong>Ὂμη</strong></span> <span class='ocrx_word' id='word_1_412' title='bbox 2333 2046 2423 2100; x_wconf 84' lang='grc' dir='ltr'><em>ρος</em></span> <span class='ocrx_word' id='word_1_413' title='bbox 2438 2043 2450 2056; x_wconf 90' lang='grc'><strong>·</strong></span> 
     </span>
    </p>
   </div>
   <div class='ocr_carea' id='block_1_57' title="bbox 2039 2109 3470 2192">
    <p class='ocr_par' dir='ltr' id='par_1_57' title="bbox 2039 2109 3470 2192">
     <span class='ocr_line' id='line_1_57' title="bbox 2039 2109 3470 2192; baseline -0.007 -16"><span class='ocrx_word' id='word_1_414' title='bbox 2039 2122 2365 2192; x_wconf 82' lang='grc' dir='ltr'><em>Ἐϐδομάτη</em></span> <span class='ocrx_word' id='word_1_415' title='bbox 2390 2120 2443 2174; x_wconf 87' lang='grc' dir='ltr'><strong>δ’</strong></span> <span class='ocrx_word' id='word_1_416' title='bbox 2473 2119 2686 2189; x_wconf 77' lang='grc' dir='ltr'>ἧπειτα</span> <span class='ocrx_word' id='word_1_417' title='bbox 2710 2118 3074 2188; x_wconf 77' lang='grc' dir='ltr'><strong>κατήλυθεν,</strong></span> <span class='ocrx_word' id='word_1_418' title='bbox 3107 2115 3268 2185; x_wconf 72' lang='grc' dir='ltr'><strong>ἱερὸν</strong></span> <span class='ocrx_word' id='word_1_419' title='bbox 3290 2109 3470 2185; x_wconf 82' lang='grc' dir='ltr'><strong>ἦμαρ.</strong></span> 
     </span>
    </p>
   </div>
   <div class='ocr_carea' id='block_1_58' title="bbox 2027 2215 2156 2269">
    <p class='ocr_par' dir='ltr' id='par_1_58' title="bbox 2027 2215 2156 2269">
     <span class='ocr_line' id='line_1_58' title="bbox 2027 2215 2156 2269; baseline -0.008 0"><span class='ocrx_word' id='word_1_420' title='bbox 2027 2215 2156 2269; x_wconf 82' lang='grc' dir='ltr'>Καί·</span> 
     </span>
    </p>
   </div>
   <div class='ocr_carea' id='block_1_59' title="bbox 2039 2299 2585 2375">
    <p class='ocr_par' dir='ltr' id='par_1_59' title="bbox 2039 2299 2585 2375">
     <span class='ocr_line' id='line_1_59' title="bbox 2039 2299 2585 2375; baseline -0.004 -17"><span class='ocrx_word' id='word_1_421' title='bbox 2039 2304 2284 2373; x_wconf 87' lang='grc' dir='ltr'><em>Ἑϐδόμη</em></span> <span class='ocrx_word' id='word_1_422' title='bbox 2323 2299 2404 2375; x_wconf 79' lang='grc' dir='ltr'><strong>ἦν</strong></span> <span class='ocrx_word' id='word_1_423' title='bbox 2436 2302 2585 2372; x_wconf 78' lang='grc' dir='ltr'><strong>ἱερή.</strong></span> 
     </span>
    </p>
   </div>
   <div class='ocr_carea' id='block_1_60' title="bbox 2027 2396 3579 2556">
    <p class='ocr_par' dir='ltr' id='par_1_60' title="bbox 2027 2396 3579 2556">
     <span class='ocr_line' id='line_1_60' title="bbox 2027 2396 3579 2556; baseline -0.002 -16"><span class='ocrx_word' id='word_1_424' title='bbox 2027 2396 2327 2554; x_wconf 43' lang='grc' dir='ltr'><strong>Ξίὲἐδῖλῖῗ</strong></span> <span class='ocrx_word' id='word_1_425' title='bbox 2345 2481 2501 2556; x_wconf 83' lang='grc' dir='ltr'><strong>ἦμαρ</strong></span> <span class='ocrx_word' id='word_1_426' title='bbox 2527 2482 2638 2552; x_wconf 81' lang='grc' dir='ltr'><strong>ἔην</strong></span> <span class='ocrx_word' id='word_1_427' title='bbox 2651 2523 2666 2549; x_wconf 85' lang='grc'>,</span> <span class='ocrx_word' id='word_1_428' title='bbox 2705 2481 2803 2536; x_wconf 79' lang='grc' dir='ltr'><strong>καὶ</strong></span> <span class='ocrx_word' id='word_1_429' title='bbox 2848 2479 2934 2548; x_wconf 85' lang='grc' dir='ltr'><strong>τῷ</strong></span> <span class='ocrx_word' id='word_1_430' title='bbox 2958 2479 3276 2535; x_wconf 78' lang='grc' dir='ltr'><strong>τετέλεστο</strong></span> <span class='ocrx_word' id='word_1_431' title='bbox 3309 2481 3579 2538; x_wconf 77' lang='grc' dir='ltr'><strong>ἅπαντα.</strong></span> 
     </span>
    </p>
   </div>
   <div class='ocr_carea' id='block_1_61' title="bbox 2026 2571 2353 2639">
    <p class='ocr_par' dir='ltr' id='par_1_61' title="bbox 2026 2571 2353 2639">
     <span class='ocr_line' id='line_1_61' title="bbox 2026 2571 2353 2639; baseline -0.009 -9"><span class='ocrx_word' id='word_1_432' title='bbox 2026 2577 2136 2630; x_wconf 73' lang='grc' dir='ltr'>Καὶ</span> <span class='ocrx_word' id='word_1_433' title='bbox 2161 2571 2319 2639; x_wconf 75' lang='grc' dir='ltr'>αὖθις</span> <span class='ocrx_word' id='word_1_434' title='bbox 2339 2592 2353 2606; x_wconf 75' lang='grc' dir='ltr'><strong>ο</strong></span> 
     </span>
    </p>
   </div>
   <div class='ocr_carea' id='block_1_62' title="bbox 2034 2664 3509 2738">
    <p class='ocr_par' dir='ltr' id='par_1_62' title="bbox 2034 2664 3509 2738">
     <span class='ocr_line' id='line_1_62' title="bbox 2034 2664 3509 2738; baseline -0.003 -15"><span class='ocrx_word' id='word_1_435' title='bbox 2034 2666 2359 2738; x_wconf 79' lang='grc' dir='ltr'><em>Ἐϐδομάτη</em></span> <span class='ocrx_word' id='word_1_436' title='bbox 2392 2664 2466 2732; x_wconf 83' lang='grc' dir='ltr'><strong>δή</strong></span> <span class='ocrx_word' id='word_1_437' title='bbox 2499 2669 2553 2720; x_wconf 81' lang='grc' dir='ltr'><em>οὶ</em></span> <span class='ocrx_word' id='word_1_438' title='bbox 2585 2665 2841 2734; x_wconf 77' lang='grc' dir='ltr'><strong>λίπομεν</strong></span> <span class='ocrx_word' id='word_1_439' title='bbox 2864 2665 3017 2732; x_wconf 75' lang='grc' dir='ltr'><em>ῥόον</em></span> <span class='ocrx_word' id='word_1_440' title='bbox 3041 2665 3110 2730; x_wconf 80' lang='grc' dir='ltr'><strong>ἐξ</strong></span> <span class='ocrx_word' id='word_1_441' title='bbox 3151 2664 3509 2734; x_wconf 67' lang='grc' dir='ltr'><em>Ἀχέροντος.</em></span> 
     </span>
    </p>
   </div>
   <div class='ocr_carea' id='block_1_63' title="bbox 2023 2755 3500 2832">
    <p class='ocr_par' dir='ltr' id='par_1_63' title="bbox 2023 2755 3500 2832">
     <span class='ocr_line' id='line_1_63' title="bbox 2023 2755 3500 2832; baseline -0.001 -18"><span class='ocrx_word' id='word_1_442' title='bbox 2023 2762 2131 2815; x_wconf 74' lang='grc' dir='ltr'><strong>Ναὶ</strong></span> <span class='ocrx_word' id='word_1_443' title='bbox 2161 2761 2266 2832; x_wconf 82' lang='grc' dir='ltr'>μὴν</span> <span class='ocrx_word' id='word_1_444' title='bbox 2291 2761 2385 2814; x_wconf 74' lang='grc' dir='ltr'><strong>καὶ</strong></span> <span class='ocrx_word' id='word_1_445' title='bbox 2419 2757 2771 2830; x_wconf 83' lang='grc' dir='ltr'>Καλλίμαχος</span> <span class='ocrx_word' id='word_1_446' title='bbox 2800 2755 2913 2824; x_wconf 78' lang='grc'>(65)</span> <span class='ocrx_word' id='word_1_447' title='bbox 2945 2759 2973 2811; x_wconf 85' lang='grc' dir='ltr'>ὁ</span> <span class='ocrx_word' id='word_1_448' title='bbox 3003 2757 3231 2830; x_wconf 82' lang='grc' dir='ltr'><strong>ποιητὴς</strong></span> <span class='ocrx_word' id='word_1_449' title='bbox 3264 2759 3500 2829; x_wconf 78' lang='grc' dir='ltr'><strong>γράφει·</strong></span> 
     </span>
    </p>
   </div>
   <div class='ocr_carea' id='block_1_64' title="bbox 2033 2850 3397 2924">
    <p class='ocr_par' dir='ltr' id='par_1_64' title="bbox 2033 2850 3397 2924">
     <span class='ocr_line' id='line_1_64' title="bbox 2033 2850 3397 2924; baseline -0.001 -18"><span class='ocrx_word' id='word_1_450' title='bbox 2033 2852 2351 2924; x_wconf 82' lang='grc' dir='ltr'><em>Ἑϐδομάτη</em></span> <span class='ocrx_word' id='word_1_451' title='bbox 2383 2852 2452 2906; x_wconf 87' lang='grc' dir='ltr'><strong>δὲ</strong></span> <span class='ocrx_word' id='word_1_452' title='bbox 2479 2852 2610 2920; x_wconf 76' lang='grc' dir='ltr'><strong>ἔην,</strong></span> <span class='ocrx_word' id='word_1_453' title='bbox 2636 2851 2736 2905; x_wconf 70' lang='grc' dir='ltr'><strong>καὶ</strong></span> <span class='ocrx_word' id='word_1_454' title='bbox 2768 2854 2821 2905; x_wconf 82' lang='grc' dir='ltr'><em>οι</em></span> <span class='ocrx_word' id='word_1_455' title='bbox 2850 2850 3126 2905; x_wconf 80' lang='grc' dir='ltr'><strong>ἐτέτυκτο</strong></span> <span class='ocrx_word' id='word_1_456' title='bbox 3159 2851 3397 2906; x_wconf 77' lang='grc' dir='ltr'><em>ἅπαντα</em></span> 
     </span>
    </p>
   </div>
   <div class='ocr_carea' id='block_1_65' title="bbox 2022 2945 2359 3000">
    <p class='ocr_par' dir='ltr' id='par_1_65' title="bbox 2022 2945 2359 3000">
     <span class='ocr_line' id='line_1_65' title="bbox 2022 2945 2359 3000; baseline -0.003 -1"><span class='ocrx_word' id='word_1_457' title='bbox 2022 2947 2132 3000; x_wconf 73' lang='grc' dir='ltr'><strong>Καὶ</strong></span> <span class='ocrx_word' id='word_1_458' title='bbox 2165 2945 2324 3000; x_wconf 83' lang='grc' dir='ltr'>πάλιν</span> <span class='ocrx_word' id='word_1_459' title='bbox 2346 2964 2359 2976; x_wconf 90' lang='grc'><strong>·</strong></span> 
     </span>
    </p>
   </div>
   <div class='ocr_carea' id='block_1_66' title="bbox 2033 3037 3574 3108">
    <p class='ocr_par' dir='ltr' id='par_1_66' title="bbox 2033 3037 3574 3108">
     <span class='ocr_line' id='line_1_66' title="bbox 2033 3037 3574 3108; baseline 0.003 -18"><span class='ocrx_word' id='word_1_460' title='bbox 2033 3037 2277 3108; x_wconf 89' lang='grc' dir='ltr'><em>Ἑϐδόμη</em></span> <span class='ocrx_word' id='word_1_461' title='bbox 2312 3041 2405 3092; x_wconf 80' lang='grc' dir='ltr'>ειν</span> <span class='ocrx_word' id='word_1_462' title='bbox 2437 3037 2710 3108; x_wconf 72' lang='grc' dir='ltr'><strong>ἀγαθοῖς,</strong></span> <span class='ocrx_word' id='word_1_463' title='bbox 2743 3038 2842 3091; x_wconf 76' lang='grc' dir='ltr'><strong>καὶ</strong></span> <span class='ocrx_word' id='word_1_464' title='bbox 2871 3037 3090 3107; x_wconf 78' lang='grc' dir='ltr'><em>ἑϐδόμη</em></span> <span class='ocrx_word' id='word_1_465' title='bbox 3123 3037 3258 3091; x_wconf 75' lang='grc' dir='ltr'><strong>ἐστὶ</strong></span> <span class='ocrx_word' id='word_1_466' title='bbox 3291 3038 3574 3107; x_wconf 67' lang='grc' dir='ltr'><strong>γενέθλη.</strong></span> 
     </span>
    </p>
   </div>
   <div class='ocr_carea' id='block_1_67' title="bbox 2021 3126 2162 3180">
    <p class='ocr_par' dir='ltr' id='par_1_67' title="bbox 2021 3126 2162 3180">
     <span class='ocr_line' id='line_1_67' title="bbox 2021 3126 2162 3180; baseline -0.007 0"><span class='ocrx_word' id='word_1_467' title='bbox 2021 3126 2162 3180; x_wconf 85' lang='grc' dir='ltr'><strong>Καί·</strong></span> 
     </span>
    </p>
   </div>
   <div class='ocr_carea' id='block_1_68' title="bbox 2031 3217 3497 3290">
    <p class='ocr_par' dir='ltr' id='par_1_68' title="bbox 2031 3217 3497 3290">
     <span class='ocr_line' id='line_1_68' title="bbox 2031 3217 3497 3290; baseline 0.002 -19"><span class='ocrx_word' id='word_1_468' title='bbox 2031 3217 2278 3288; x_wconf 87' lang='grc' dir='ltr'><em>Ἑϐδόμη</em></span> <span class='ocrx_word' id='word_1_469' title='bbox 2302 3219 2372 3273; x_wconf 83' lang='grc' dir='ltr'><strong>ἐν</strong></span> <span class='ocrx_word' id='word_1_470' title='bbox 2399 3219 2701 3289; x_wconf 83' lang='grc' dir='ltr'><strong>πρώτοισι,</strong></span> <span class='ocrx_word' id='word_1_471' title='bbox 2731 3219 2831 3274; x_wconf 74' lang='grc' dir='ltr'><strong>καὶ</strong></span> <span class='ocrx_word' id='word_1_472' title='bbox 2860 3218 3078 3290; x_wconf 79' lang='grc' dir='ltr'><em>ἑϐδόμη</em></span> <span class='ocrx_word' id='word_1_473' title='bbox 3112 3219 3243 3274; x_wconf 76' lang='grc' dir='ltr'><strong>ἐστὶ</strong></span> <span class='ocrx_word' id='word_1_474' title='bbox 3275 3219 3497 3274; x_wconf 77' lang='grc' dir='ltr'>τελεία.</span> 
     </span>
    </p>
   </div>
   <div class='ocr_carea' id='block_1_69' title="bbox 1950 3311 2165 3378">
    <p class='ocr_par' dir='ltr' id='par_1_69' title="bbox 1950 3311 2165 3378">
     <span class='ocr_line' id='line_1_69' title="bbox 1950 3311 2165 3378; baseline -0.005 -13"><span class='ocrx_word' id='word_1_475' title='bbox 1950 3321 1992 3378; x_wconf 84' lang='lat' dir='ltr'><strong>C</strong></span> <span class='ocrx_word' id='word_1_476' title='bbox 2025 3311 2165 3365; x_wconf 72' lang='lat' dir='ltr'><strong>Kai&#39;</strong></span> 
     </span>
    </p>
   </div>
   <div class='ocr_carea' id='block_1_70' title="bbox 2031 3403 3608 3471">
    <p class='ocr_par' dir='ltr' id='par_1_70' title="bbox 2031 3403 3608 3471">
     <span class='ocr_line' id='line_1_70' title="bbox 2031 3403 3608 3471; baseline -0.002 -13"><span class='ocrx_word' id='word_1_477' title='bbox 2031 3405 2213 3459; x_wconf 83' lang='grc' dir='ltr'><em>Ἑπτὰ</em></span> <span class='ocrx_word' id='word_1_478' title='bbox 2253 3403 2322 3458; x_wconf 84' lang='grc' dir='ltr'><em>δέ</em></span> <span class='ocrx_word' id='word_1_479' title='bbox 2351 3403 2560 3459; x_wconf 75' lang='grc' dir='ltr'><em>πάντα</em></span> <span class='ocrx_word' id='word_1_480' title='bbox 2588 3403 2830 3458; x_wconf 83' lang='grc' dir='ltr'><em>τέτυκτο</em></span> <span class='ocrx_word' id='word_1_481' title='bbox 2866 3405 2937 3458; x_wconf 81' lang='grc' dir='ltr'><strong>ἐν</strong></span> <span class='ocrx_word' id='word_1_482' title='bbox 2965 3403 3198 3471; x_wconf 75' lang='grc' dir='ltr'><strong>οὐρανῷ</strong></span> <span class='ocrx_word' id='word_1_483' title='bbox 3231 3404 3608 3471; x_wconf 72' lang='grc' dir='ltr'><strong>ἀστερόεντι,</strong></span> 
     </span>
    </p>
   </div>
   <div class='ocr_carea' id='block_1_71' title="bbox 2032 3473 3606 3544">
    <p class='ocr_par' dir='ltr' id='par_1_71' title="bbox 2032 3473 3606 3544">
     <span class='ocr_line' id='line_1_71' title="bbox 2032 3473 3606 3544; baseline 0 -15"><span class='ocrx_word' id='word_1_484' title='bbox 2032 3476 2134 3529; x_wconf 72' lang='grc' dir='ltr'><em>Ἑν</em></span> <span class='ocrx_word' id='word_1_485' title='bbox 2166 3476 2443 3529; x_wconf 74' lang='grc' dir='ltr'><strong>κύκλοισι</strong></span> <span class='ocrx_word' id='word_1_486' title='bbox 2483 3473 2726 3544; x_wconf 67' lang='grc' dir='ltr'><strong>φανέντ’</strong></span> <span class='ocrx_word' id='word_1_487' title='bbox 2767 3475 3253 3544; x_wconf 76' lang='grc' dir='ltr'><strong>ἐπιτελλομένοις</strong></span> <span class='ocrx_word' id='word_1_488' title='bbox 3284 3473 3606 3540; x_wconf 69' lang='grc' dir='ltr'><strong>ἐνιαυτοῖς.</strong></span> 
     </span>
    </p>
   </div>
   <div class='ocr_carea' id='block_1_72' title="bbox 2031 3585 3609 3658">
    <p class='ocr_par' dir='ltr' id='par_1_72' title="bbox 2031 3585 3609 3658">
     <span class='ocr_line' id='line_1_72' title="bbox 2031 3585 3609 3658; baseline 0 -19"><span class='ocrx_word' id='word_1_489' title='bbox 2031 3586 2189 3639; x_wconf 85' lang='grc' dir='ltr'>Ἀλλὰ</span> <span class='ocrx_word' id='word_1_490' title='bbox 2215 3586 2307 3640; x_wconf 79' lang='grc' dir='ltr'><strong>καὶ</strong></span> <span class='ocrx_word' id='word_1_491' title='bbox 2336 3588 2392 3639; x_wconf 77' lang='grc' dir='ltr'><strong>αἱ</strong></span> <span class='ocrx_word' id='word_1_492' title='bbox 2421 3586 2655 3649; x_wconf 83' lang='grc' dir='ltr'><em>Σόλωνος</em></span> <span class='ocrx_word' id='word_1_493' title='bbox 2685 3586 2967 3657; x_wconf 76' lang='grc' dir='ltr'><strong>Ἔλεγεῖαι</strong></span> <span class='ocrx_word' id='word_1_494' title='bbox 2986 3585 3092 3657; x_wconf 85' lang='grc'><strong>(66)</strong></span> <span class='ocrx_word' id='word_1_495' title='bbox 3113 3586 3317 3658; x_wconf 74' lang='grc' dir='ltr'>σφόδρα</span> <span class='ocrx_word' id='word_1_496' title='bbox 3332 3585 3432 3656; x_wconf 82' lang='grc' dir='ltr'><strong>τὴν</strong></span> <span class='ocrx_word' id='word_1_497' title='bbox 3458 3586 3609 3639; x_wconf 74' lang='grc' dir='ltr'><strong>ἑϐδο-</strong></span> 
     </span>
    </p>
   </div>
   <div class='ocr_carea' id='block_1_73' title="bbox 2021 3677 3607 3752">
    <p class='ocr_par' dir='ltr' id='par_1_73' title="bbox 2021 3677 3607 3752">
     <span class='ocr_line' id='line_1_73' title="bbox 2021 3677 3607 3752; baseline -0.001 -20"><span class='ocrx_word' id='word_1_498' title='bbox 2021 3678 2161 3749; x_wconf 80' lang='grc' dir='ltr'>μάδα</span> <span class='ocrx_word' id='word_1_499' title='bbox 2192 3677 2550 3742; x_wconf 76' lang='grc' dir='ltr'><strong>ὲκθειάζουσι.</strong></span> <span class='ocrx_word' id='word_1_500' title='bbox 2581 3677 2660 3731; x_wconf 82' lang='grc' dir='ltr'><strong>Τὰ</strong></span> <span class='ocrx_word' id='word_1_501' title='bbox 2682 3677 2735 3730; x_wconf 84' lang='grc' dir='ltr'><strong>δὲ</strong></span> <span class='ocrx_word' id='word_1_502' title='bbox 2759 3678 2876 3748; x_wconf 77' lang='grc' dir='ltr'>οὐχὶ</span> <span class='ocrx_word' id='word_1_503' title='bbox 2903 3678 3257 3750; x_wconf 84' lang='grc' dir='ltr'>παραπλήσια</span> <span class='ocrx_word' id='word_1_504' title='bbox 3276 3681 3342 3748; x_wconf 82' lang='grc' dir='ltr'>τῇ</span> <span class='ocrx_word' id='word_1_505' title='bbox 3366 3678 3607 3752; x_wconf 78' lang='grc' dir='ltr'><strong>λεγούσῃ</strong></span> 
     </span>
    </p>
   </div>
   <div class='ocr_carea' id='block_1_74' title="bbox 2017 3770 3606 3843">
    <p class='ocr_par' dir='ltr' id='par_1_74' title="bbox 2017 3770 3606 3843">
     <span class='ocr_line' id='line_1_74' title="bbox 2017 3770 3606 3843; baseline -0.016 3"><span class='ocrx_word' id='word_1_506' title='bbox 2017 3771 2206 3843; x_wconf 76' lang='grc' dir='ltr'>Γραφῇ</span> <span class='ocrx_word' id='word_1_507' title='bbox 2228 3787 2242 3835; x_wconf 70' lang='grc' dir='ltr'><strong>ἶ</strong></span> <span class='ocrx_word' id='word_1_508' title='bbox 2279 3789 2296 3822; x_wconf 77' lang='grc' dir='ltr'>ι</span> <span class='ocrx_word' id='word_1_509' title='bbox 2325 3772 2582 3843; x_wconf 76' lang='grc' dir='ltr'><strong>’Ᾱρωμεν</strong></span> <span class='ocrx_word' id='word_1_510' title='bbox 2605 3771 2698 3838; x_wconf 83' lang='grc' dir='ltr'><strong>ἀφ’</strong></span> <span class='ocrx_word' id='word_1_511' title='bbox 2726 3770 2882 3841; x_wconf 81' lang='grc' dir='ltr'><strong>ἡμῶν</strong></span> <span class='ocrx_word' id='word_1_512' title='bbox 2899 3770 2989 3824; x_wconf 81' lang='grc' dir='ltr'><strong>τὸν</strong></span> <span class='ocrx_word' id='word_1_513' title='bbox 3011 3770 3236 3833; x_wconf 78' lang='grc' dir='ltr'>δίκαιον,</span> <span class='ocrx_word' id='word_1_514' title='bbox 3262 3771 3344 3824; x_wconf 78' lang='grc' dir='ltr'>ὅτι</span> <span class='ocrx_word' id='word_1_515' title='bbox 3365 3771 3606 3842; x_wconf 76' lang='grc' dir='ltr'><strong>δύσχρη-</strong></span> 
     </span>
    </p>
   </div>
   <div class='ocr_carea' id='block_1_75' title="bbox 2020 3863 3604 3935">
    <p class='ocr_par' dir='ltr' id='par_1_75' title="bbox 2020 3863 3604 3935">
     <span class='ocr_line' id='line_1_75' title="bbox 2020 3863 3604 3935; baseline 0 -18"><span class='ocrx_word' id='word_1_516' title='bbox 2020 3880 2143 3926; x_wconf 79' lang='grc' dir='ltr'><em>στος</em></span> <span class='ocrx_word' id='word_1_517' title='bbox 2170 3864 2299 3934; x_wconf 81' lang='grc' dir='ltr'>ἡμῖν</span> <span class='ocrx_word' id='word_1_518' title='bbox 2325 3865 2490 3916; x_wconf 78' lang='grc' dir='ltr'>ἐστιν.</span> <span class='ocrx_word' id='word_1_519' title='bbox 2518 3881 2534 3912; x_wconf 79' lang='grc' dir='ltr'>ι</span> <span class='ocrx_word' id='word_1_520' title='bbox 2579 3863 2636 3915; x_wconf 89' lang='lat'><strong>&#39;0</strong></span> <span class='ocrx_word' id='word_1_521' title='bbox 2664 3863 2905 3927; x_wconf 85' lang='grc' dir='ltr'><strong>Πλάτων,</strong></span> <span class='ocrx_word' id='word_1_522' title='bbox 2932 3863 3214 3934; x_wconf 75' lang='grc' dir='ltr'><strong>μονονουχὶ</strong></span> <span class='ocrx_word' id='word_1_523' title='bbox 3241 3864 3604 3935; x_wconf 73' lang='grc' dir='ltr'><strong>προφητεύων</strong></span> 
     </span>
    </p>
   </div>
   <div class='ocr_carea' id='block_1_76' title="bbox 2016 3953 3594 4026">
    <p class='ocr_par' dir='ltr' id='par_1_76' title="bbox 2016 3953 3594 4026">
     <span class='ocr_line' id='line_1_76' title="bbox 2016 3953 3594 4026; baseline 0 -20"><span class='ocrx_word' id='word_1_524' title='bbox 2016 3953 2114 4023; x_wconf 80' lang='grc' dir='ltr'>τὴν</span> <span class='ocrx_word' id='word_1_525' title='bbox 2151 3955 2415 4025; x_wconf 87' lang='grc' dir='ltr'><strong>σωτήριον</strong></span> <span class='ocrx_word' id='word_1_526' title='bbox 2446 3954 2786 4024; x_wconf 81' lang='grc' dir='ltr'><strong>οἰκονομίαν,</strong></span> <span class='ocrx_word' id='word_1_527' title='bbox 2825 3956 2882 4007; x_wconf 79' lang='grc' dir='ltr'><strong>ὲν</strong></span> <span class='ocrx_word' id='word_1_528' title='bbox 2913 3953 2991 4025; x_wconf 85' lang='grc' dir='ltr'>τῷ</span> <span class='ocrx_word' id='word_1_529' title='bbox 3021 3953 3259 4026; x_wconf 79' lang='grc' dir='ltr'><strong>δευτέρῳ</strong></span> <span class='ocrx_word' id='word_1_530' title='bbox 3289 3955 3389 4026; x_wconf 79' lang='grc' dir='ltr'>τῆς</span> <span class='ocrx_word' id='word_1_531' title='bbox 3425 3959 3594 4009; x_wconf 76' lang='grc' dir='ltr'><em>Πολι-</em></span> 
     </span>
    </p>
   </div>
   <div class='ocr_carea' id='block_1_77' title="bbox 2016 4041 3600 4114">
    <p class='ocr_par' dir='ltr' id='par_1_77' title="bbox 2016 4041 3600 4114">
     <span class='ocr_line' id='line_1_77' title="bbox 2016 4041 3600 4114; baseline 0.001 -18"><span class='ocrx_word' id='word_1_532' title='bbox 2016 4043 2176 4108; x_wconf 81' lang='grc' dir='ltr'><em>τείας</em></span> <span class='ocrx_word' id='word_1_533' title='bbox 2211 4041 2351 4096; x_wconf 78' lang='grc' dir='ltr'><strong>οὗτω</strong></span> <span class='ocrx_word' id='word_1_534' title='bbox 2389 4043 2585 4114; x_wconf 76' lang='grc' dir='ltr'><strong>φησίν·</strong></span> <span class='ocrx_word' id='word_1_535' title='bbox 2646 4064 2664 4094; x_wconf 84' lang='grc'><em>‹</em></span> <span class='ocrx_word' id='word_1_536' title='bbox 2691 4044 2848 4097; x_wconf 73' lang='grc' dir='ltr'><strong>Οὕτω</strong></span> <span class='ocrx_word' id='word_1_537' title='bbox 2887 4043 2944 4096; x_wconf 84' lang='grc' dir='ltr'>δὲ</span> <span class='ocrx_word' id='word_1_538' title='bbox 2987 4044 3329 4114; x_wconf 80' lang='grc' dir='ltr'><strong>διακείμενος</strong></span> <span class='ocrx_word' id='word_1_539' title='bbox 3364 4044 3600 4108; x_wconf 76' lang='grc' dir='ltr'>δίκαιος,</span> 
     </span>
    </p>
   </div>
   <div class='ocr_carea' id='block_1_78' title="bbox 2019 4134 3598 4208">
    <p class='ocr_par' dir='ltr' id='par_1_78' title="bbox 2019 4134 3598 4208">
     <span class='ocr_line' id='line_1_78' title="bbox 2019 4134 3598 4208; baseline 0.001 -20"><span class='ocrx_word' id='word_1_540' title='bbox 2019 4134 2448 4208; x_wconf 82' lang='grc' dir='ltr'>μαστιγώσεται,</span> <span class='ocrx_word' id='word_1_541' title='bbox 2476 4135 2784 4208; x_wconf 81' lang='grc' dir='ltr'>δεδήσεται,</span> <span class='ocrx_word' id='word_1_542' title='bbox 2816 4137 3176 4208; x_wconf 81' lang='grc' dir='ltr'>ἐκκοπήσεται</span> <span class='ocrx_word' id='word_1_543' title='bbox 3205 4135 3282 4189; x_wconf 86' lang='grc' dir='ltr'><strong>τὼ</strong></span> <span class='ocrx_word' id='word_1_544' title='bbox 3310 4136 3598 4207; x_wconf 78' lang='grc' dir='ltr'>ὀφθαλμὼ,</span> 
     </span>
    </p>
   </div>
   <div class='ocr_carea' id='block_1_79' title="bbox 2014 4226 3592 4300">
    <p class='ocr_par' dir='ltr' id='par_1_79' title="bbox 2014 4226 3592 4300">
     <span class='ocr_line' id='line_1_79' title="bbox 2014 4226 3592 4300; baseline 0.001 -20"><span class='ocrx_word' id='word_1_545' title='bbox 2014 4226 2278 4282; x_wconf 82' lang='grc' dir='ltr'><strong>τελευτῶν</strong></span> <span class='ocrx_word' id='word_1_546' title='bbox 2307 4227 2486 4282; x_wconf 84' lang='grc' dir='ltr'>πάντα</span> <span class='ocrx_word' id='word_1_547' title='bbox 2515 4229 2660 4282; x_wconf 70' lang='grc' dir='ltr'>κακὰ</span> <span class='ocrx_word' id='word_1_548' title='bbox 2691 4228 2900 4292; x_wconf 79' lang='grc' dir='ltr'>παθὼν,</span> <span class='ocrx_word' id='word_1_549' title='bbox 2929 4228 3592 4300; x_wconf 78' lang='grc' dir='ltr'>ἀνασχινδυλευθήσεται.»</span> 
     </span>
    </p>
   </div>
   <div class='ocr_carea' id='block_1_80' title="bbox 2017 4320 3597 4394">
    <p class='ocr_par' dir='ltr' id='par_1_80' title="bbox 2017 4320 3597 4394">
     <span class='ocr_line' id='line_1_80' title="bbox 2017 4320 3597 4394; baseline 0.001 -21"><span class='ocrx_word' id='word_1_550' title='bbox 2017 4320 2084 4374; x_wconf 81' lang='grc' dir='ltr'>Ὀ</span> <span class='ocrx_word' id='word_1_551' title='bbox 2106 4338 2165 4373; x_wconf 90' lang='grc' dir='ltr'><strong>τε</strong></span> <span class='ocrx_word' id='word_1_552' title='bbox 2189 4321 2534 4394; x_wconf 83' lang='grc' dir='ltr'>Σωκρατικὸς</span> <span class='ocrx_word' id='word_1_553' title='bbox 2567 4321 2926 4393; x_wconf 80' lang='grc' dir='ltr'><strong>Ἀντισθένης,</strong></span> <span class='ocrx_word' id='word_1_554' title='bbox 2951 4322 3324 4393; x_wconf 74' lang='grc' dir='ltr'><strong>παραφράζων</strong></span> <span class='ocrx_word' id='word_1_555' title='bbox 3344 4321 3443 4393; x_wconf 82' lang='grc' dir='ltr'><strong>τὴν</strong></span> <span class='ocrx_word' id='word_1_556' title='bbox 3465 4339 3597 4393; x_wconf 82' lang='grc' dir='ltr'>προ-</span> 
     </span>
    </p>
   </div>
   <div class='ocr_carea' id='block_1_81' title="bbox 2016 4412 3596 4486">
    <p class='ocr_par' dir='ltr' id='par_1_81' title="bbox 2016 4412 3596 4486">
     <span class='ocr_line' id='line_1_81' title="bbox 2016 4412 3596 4486; baseline 0.003 -22"><span class='ocrx_word' id='word_1_557' title='bbox 2016 4412 2248 4484; x_wconf 76' lang='grc' dir='ltr'>φητικὴν</span> <span class='ocrx_word' id='word_1_558' title='bbox 2277 4413 2491 4484; x_wconf 83' lang='grc' dir='ltr'>ἐκείνην</span> <span class='ocrx_word' id='word_1_559' title='bbox 2522 4417 2756 4486; x_wconf 85' lang='grc' dir='ltr'><strong>γραφήν·</strong></span> <span class='ocrx_word' id='word_1_560' title='bbox 2789 4434 2806 4465; x_wconf 85' lang='grc' dir='ltr'>ι</span> <span class='ocrx_word' id='word_1_561' title='bbox 2833 4414 2950 4468; x_wconf 87' lang='grc' dir='ltr'>Τίνι</span> <span class='ocrx_word' id='word_1_562' title='bbox 2979 4432 3046 4486; x_wconf 87' lang='grc' dir='ltr'><strong>με</strong></span> <span class='ocrx_word' id='word_1_563' title='bbox 3069 4414 3388 4485; x_wconf 81' lang='grc' dir='ltr'>ὠμοιὼσατε</span> <span class='ocrx_word' id='word_1_564' title='bbox 3409 4433 3424 4481; x_wconf 79' lang='grc' dir='ltr'>ς</span> <span class='ocrx_word' id='word_1_565' title='bbox 3447 4415 3596 4484; x_wconf 76' lang='grc' dir='ltr'>λέγει</span> 
     </span>
    </p>
   </div>
   <div class='ocr_carea' id='block_1_82' title="bbox 2015 4503 3595 4578">
    <p class='ocr_par' dir='ltr' id='par_1_82' title="bbox 2015 4503 3595 4578">
     <span class='ocr_line' id='line_1_82' title="bbox 2015 4503 3595 4578; baseline 0.003 -23"><span class='ocrx_word' id='word_1_566' title='bbox 2015 4503 2237 4576; x_wconf 79' lang='grc' dir='ltr'><strong>Κύριος,</strong></span> <span class='ocrx_word' id='word_1_567' title='bbox 2264 4524 2282 4556; x_wconf 76' lang='grc' dir='ltr'>ι</span> <span class='ocrx_word' id='word_1_568' title='bbox 2314 4504 2445 4558; x_wconf 83' lang='grc' dir='ltr'>Θεὸν</span> <span class='ocrx_word' id='word_1_569' title='bbox 2476 4506 2652 4558; x_wconf 75' lang='grc' dir='ltr'>οὐδενὶ</span> <span class='ocrx_word' id='word_1_570' title='bbox 2701 4505 2936 4559; x_wconf 80' lang='grc' dir='ltr'>ἑοικέναι</span> <span class='ocrx_word' id='word_1_571' title='bbox 2987 4506 3150 4576; x_wconf 77' lang='grc' dir='ltr'>φησί’</span> <span class='ocrx_word' id='word_1_572' title='bbox 3209 4505 3397 4578; x_wconf 82' lang='grc' dir='ltr'>διόπερ</span> <span class='ocrx_word' id='word_1_573' title='bbox 3433 4507 3595 4560; x_wconf 75' lang='grc' dir='ltr'>αὐτὸν</span> 
     </span>
    </p>
   </div>
   <div class='ocr_carea' id='block_1_83' title="bbox 2015 4590 3595 4666">
    <p class='ocr_par' dir='ltr' id='par_1_83' title="bbox 2015 4590 3595 4666">
     <span class='ocr_line' id='line_1_83' title="bbox 2015 4590 3595 4666; baseline 0.004 -22"><span class='ocrx_word' id='word_1_574' title='bbox 2015 4592 2188 4656; x_wconf 74' lang='grc' dir='ltr'>οὐδεὶς</span> <span class='ocrx_word' id='word_1_575' title='bbox 2227 4593 2488 4665; x_wconf 73' lang='grc' dir='ltr'>ἐκμαθεῖν</span> <span class='ocrx_word' id='word_1_576' title='bbox 2522 4594 2582 4659; x_wconf 77' lang='grc' dir='ltr'><strong>ἐξ</strong></span> <span class='ocrx_word' id='word_1_577' title='bbox 2622 4594 2827 4657; x_wconf 84' lang='grc' dir='ltr'><strong>εἰκόνος</strong></span> <span class='ocrx_word' id='word_1_578' title='bbox 2856 4590 3099 4648; x_wconf 70' lang='grc' dir='ltr'>δύναταιζ</span> <span class='ocrx_word' id='word_1_579' title='bbox 3121 4594 3203 4648; x_wconf 77' lang='grc' dir='ltr'><strong>Τὰ</strong></span> <span class='ocrx_word' id='word_1_580' title='bbox 3230 4595 3286 4648; x_wconf 82' lang='grc' dir='ltr'><strong>δὲ</strong></span> <span class='ocrx_word' id='word_1_581' title='bbox 3309 4596 3473 4666; x_wconf 85' lang='grc' dir='ltr'>ὃμοια</span> <span class='ocrx_word' id='word_1_582' title='bbox 3501 4597 3595 4650; x_wconf 75' lang='grc' dir='ltr'><strong>καὶ</strong></span> 
     </span>
    </p>
   </div>
   <div class='ocr_carea' id='block_1_84' title="bbox 333 4666 1898 4766">
    <p class='ocr_par' dir='ltr' id='par_1_84' title="bbox 333 4681 1898 4766">
     <span class='ocr_line' id='line_1_84' title="bbox 333 4681 1898 4766; baseline 0.013 -32"><span class='ocrx_word' id='word_1_583' title='bbox 333 4681 459 4736; x_wconf 91' lang='lat' dir='ltr'><strong>dam</strong></span> <span class='ocrx_word' id='word_1_584' title='bbox 511 4685 827 4754; x_wconf 82' lang='lat' dir='ltr'><strong>explicans,</strong></span> <span class='ocrx_word' id='word_1_585' title='bbox 889 4686 1056 4742; x_wconf 92' lang='lat' dir='ltr'><strong>Deum</strong></span> <span class='ocrx_word' id='word_1_586' title='bbox 1099 4691 1303 4747; x_wconf 89' lang='lat' dir='ltr'><strong>nemini</strong></span> <span class='ocrx_word' id='word_1_587' title='bbox 1358 4695 1593 4752; x_wconf 85' lang='lat' dir='ltr'><strong>similem</strong></span> <span class='ocrx_word' id='word_1_588' title='bbox 1638 4713 1761 4754; x_wconf 84' lang='lat' dir='ltr'><strong>esse</strong></span> <span class='ocrx_word' id='word_1_589' title='bbox 1799 4700 1898 4766; x_wconf 77' lang='lat' dir='ltr'><strong>ait,</strong></span> 
     </span>
    </p>
   </div>
   <div class='ocr_carea' id='block_1_85' title="bbox 2020 4666 3592 4766">
    <p class='ocr_par' dir='ltr' id='par_1_85' title="bbox 2020 4683 3592 4758">
     <span class='ocr_line' id='line_1_85' title="bbox 2020 4683 3592 4758; baseline -0.003 -16"><span class='ocrx_word' id='word_1_590' title='bbox 2020 4683 2258 4754; x_wconf 76' lang='grc' dir='ltr'><strong>Ξενοφῶν</strong></span> <span class='ocrx_word' id='word_1_591' title='bbox 2285 4686 2396 4756; x_wconf 79' lang='grc'>(67)</span> <span class='ocrx_word' id='word_1_592' title='bbox 2425 4689 2452 4740; x_wconf 87' lang='grc' dir='ltr'><strong>ό</strong></span> <span class='ocrx_word' id='word_1_593' title='bbox 2485 4685 2762 4758; x_wconf 83' lang='grc' dir='ltr'><strong>Ἀθηναῖος</strong></span> <span class='ocrx_word' id='word_1_594' title='bbox 2789 4686 2929 4740; x_wconf 82' lang='grc' dir='ltr'>κατὰ</span> <span class='ocrx_word' id='word_1_595' title='bbox 2953 4685 3096 4753; x_wconf 76' lang='grc' dir='ltr'>λέξιν</span> <span class='ocrx_word' id='word_1_596' title='bbox 3119 4686 3297 4756; x_wconf 82' lang='grc' dir='ltr'>λέγει·</span> <span class='ocrx_word' id='word_1_597' title='bbox 3332 4709 3349 4738; x_wconf 84' lang='grc' dir='ltr'>ι</span> <span class='ocrx_word' id='word_1_598' title='bbox 3373 4689 3432 4740; x_wconf 87' lang='grc' dir='ltr'><strong>Ὀ</strong></span> <span class='ocrx_word' id='word_1_599' title='bbox 3461 4689 3592 4757; x_wconf 74' lang='grc' dir='ltr'><em>γοῦν</em></span> 
     </span>
    </p>
   </div>
   <div class='ocr_carea' id='block_1_86' title="bbox 408 4816 1329 4890">
    <p class='ocr_par' dir='ltr' id='par_1_86' title="bbox 408 4816 1329 4890">
     <span class='ocr_line' id='line_1_86' title="bbox 408 4816 1329 4890; baseline 0.014 -19"><span class='ocrx_word' id='word_1_600' title='bbox 408 4818 422 4848; x_wconf 84' lang='grc'>¹</span> <span class='ocrx_word' id='word_1_601' title='bbox 453 4816 580 4889; x_wconf 86' lang='lat' dir='ltr'><strong>Sap.</strong></span> <span class='ocrx_word' id='word_1_602' title='bbox 613 4835 673 4887; x_wconf 87' lang='lat' dir='ltr'><strong>ll,</strong></span> <span class='ocrx_word' id='word_1_603' title='bbox 707 4820 793 4874; x_wconf 68' lang='lat'><strong>1‘2.</strong></span> <span class='ocrx_word' id='word_1_604' title='bbox 904 4824 923 4854; x_wconf 80' lang='lat'><strong>’</strong></span> <span class='ocrx_word' id='word_1_605' title='bbox 953 4822 1055 4879; x_wconf 88' lang='lat' dir='ltr'><strong>lsa.</strong></span> <span class='ocrx_word' id='word_1_606' title='bbox 1085 4841 1175 4890; x_wconf 69' lang='lat' dir='ltr'><strong>xc,</strong></span> <span class='ocrx_word' id='word_1_607' title='bbox 1199 4827 1289 4882; x_wconf 72' lang='lat'><strong>9.5.</strong></span> <span class='ocrx_word' id='word_1_608' title='bbox 1325 4883 1329 4886; x_wconf 13' lang='grc' dir='ltr'>ι</span> 
     </span>
    </p>
   </div>
   <div class='ocr_carea' id='block_1_87' title="bbox 405 4931 1908 5012">
    <p class='ocr_par' dir='ltr' id='par_1_87' title="bbox 405 4931 1908 5012">
     <span class='ocr_line' id='line_1_87' title="bbox 405 4931 1908 5012; baseline 0.011 -26"><span class='ocrx_word' id='word_1_609' title='bbox 405 4931 516 5001; x_wconf 84' lang='grc'><strong>(65)</strong></span> <span class='ocrx_word' id='word_1_610' title='bbox 551 4937 960 5006; x_wconf 65' lang='grc' dir='ltr'><strong>Καλλίμαχος.</strong></span> <span class='ocrx_word' id='word_1_611' title='bbox 1012 4938 1210 5012; x_wconf 89' lang='lat' dir='ltr'><strong>Supra,</strong></span> <span class='ocrx_word' id='word_1_612' title='bbox 1260 4942 1398 4999; x_wconf 91' lang='lat' dir='ltr'><strong>Lino</strong></span> <span class='ocrx_word' id='word_1_613' title='bbox 1435 4945 1775 5001; x_wconf 88' lang='lat' dir='ltr'><strong>tribuebatur</strong></span> <span class='ocrx_word' id='word_1_614' title='bbox 1819 4946 1908 5003; x_wconf 89' lang='lat' dir='ltr'><strong>hic</strong></span> 
     </span>
    </p>
   </div>
   <div class='ocr_carea' id='block_1_88' title="bbox 331 5017 545 5058">
    <p class='ocr_par' dir='ltr' id='par_1_88' title="bbox 331 5017 545 5058">
     <span class='ocr_line' id='line_1_88' title="bbox 331 5017 545 5058; baseline 0.014 -3"><span class='ocrx_word' id='word_1_615' title='bbox 331 5017 545 5058; x_wconf 67' lang='lat' dir='ltr'><strong>VOI‘SIIS.</strong></span> 
     </span>
    </p>
   </div>
   <div class='ocr_carea' id='block_1_89' title="bbox 403 5073 1904 5149">
    <p class='ocr_par' dir='ltr' id='par_1_89' title="bbox 403 5073 1904 5149">
     <span class='ocr_line' id='line_1_89' title="bbox 403 5073 1904 5149; baseline 0.01 -21"><span class='ocrx_word' id='word_1_616' title='bbox 403 5073 512 5144; x_wconf 83' lang='grc'>(66)</span> <span class='ocrx_word' id='word_1_617' title='bbox 544 5075 822 5144; x_wconf 73' lang='grc' dir='ltr'><em>Σόλωνος</em></span> <span class='ocrx_word' id='word_1_618' title='bbox 856 5079 1142 5149; x_wconf 83' lang='grc' dir='ltr'>Ἐλεγεῖαι.</span> <span class='ocrx_word' id='word_1_619' title='bbox 1171 5083 1268 5138; x_wconf 82' lang='lat' dir='ltr'><strong>Adi</strong></span> <span class='ocrx_word' id='word_1_620' title='bbox 1303 5085 1552 5139; x_wconf 88' lang='lat' dir='ltr'><strong>eumdem</strong></span> <span class='ocrx_word' id='word_1_621' title='bbox 1572 5086 1904 5143; x_wconf 90' lang='lat' dir='ltr'><strong>Clementem</strong></span> 
     </span>
    </p>
   </div>
   <div class='ocr_carea' id='block_1_90' title="bbox 331 5146 1904 5222">
    <p class='ocr_par' dir='ltr' id='par_1_90' title="bbox 331 5146 1904 5222">
     <span class='ocr_line' id='line_1_90' title="bbox 331 5146 1904 5222; baseline 0.008 -22"><span class='ocrx_word' id='word_1_622' title='bbox 331 5146 426 5222; x_wconf 78' lang='lat' dir='ltr'><strong>lib.</strong></span> <span class='ocrx_word' id='word_1_623' title='bbox 458 5162 532 5222; x_wconf 77' lang='lat' dir='ltr'><strong>vi,</strong></span> <span class='ocrx_word' id='word_1_624' title='bbox 565 5162 687 5216; x_wconf 77' lang='lat' dir='ltr'><strong>pag.</strong></span> <span class='ocrx_word' id='word_1_625' title='bbox 731 5149 836 5203; x_wconf 70' lang='grc'>494</span> <span class='ocrx_word' id='word_1_626' title='bbox 858 5192 873 5215; x_wconf 87' lang='grc'><em>,</em></span> <span class='ocrx_word' id='word_1_627' title='bbox 905 5146 1031 5216; x_wconf 86' lang='lat' dir='ltr'><strong>ubi,</strong></span> <span class='ocrx_word' id='word_1_628' title='bbox 1075 5156 1365 5222; x_wconf 88' lang='lat' dir='ltr'><strong>septenarii</strong></span> <span class='ocrx_word' id='word_1_629' title='bbox 1401 5157 1611 5210; x_wconf 87' lang='lat' dir='ltr'><strong>numeri</strong></span> <span class='ocrx_word' id='word_1_630' title='bbox 1648 5159 1904 5222; x_wconf 82' lang='lat' dir='ltr'><strong>mysteria</strong></span> 
     </span>
    </p>
   </div>
   <div class='ocr_carea' id='block_1_91' title="bbox 331 5217 1906 5294">
    <p class='ocr_par' dir='ltr' id='par_1_91' title="bbox 331 5217 1906 5294">
     <span class='ocr_line' id='line_1_91' title="bbox 331 5217 1906 5294; baseline 0.006 -24"><span class='ocrx_word' id='word_1_631' title='bbox 331 5217 555 5294; x_wconf 68' lang='lat' dir='ltr'><strong>uberius</strong></span> <span class='ocrx_word' id='word_1_632' title='bbox 582 5222 1037 5294; x_wconf 81' lang='lat' dir='ltr'><strong>pe_rsequeus_._de</strong></span> <span class='ocrx_word' id='word_1_633' title='bbox 1071 5217 1269 5278; x_wconf 52' lang='lat' dir='ltr'><strong>So&#39;lune</strong></span> <span class='ocrx_word' id='word_1_634' title='bbox 1295 5227 1376 5279; x_wconf 88' lang='lat' dir='ltr'><strong>sic</strong></span> <span class='ocrx_word' id='word_1_635' title='bbox 1405 5228 1644 5294; x_wconf 89' lang='lat' dir='ltr'><strong>loquitur</strong></span> <span class='ocrx_word' id='word_1_636' title='bbox 1671 5245 1683 5279; x_wconf 92' lang='lat'>:</span> <span class='ocrx_word' id='word_1_637' title='bbox 1707 5217 1819 5291; x_wconf 71' lang='grc' dir='ltr'><strong>Τάς</strong></span> <span class='ocrx_word' id='word_1_638' title='bbox 1848 5246 1906 5284; x_wconf 84' lang='grc' dir='ltr'><strong>τε</strong></span> 
     </span>
    </p>
   </div>
   <div class='ocr_carea' id='block_1_92' title="bbox 328 5285 1901 5368">
    <p class='ocr_par' dir='ltr' id='par_1_92' title="bbox 328 5285 1901 5368">
     <span class='ocr_line' id='line_1_92' title="bbox 328 5285 1901 5368; baseline 0.01 -31"><span class='ocrx_word' id='word_1_639' title='bbox 328 5285 439 5368; x_wconf 48' lang='lat' dir='ltr'><strong>Etim</strong></span> <span class='ocrx_word' id='word_1_640' title='bbox 469 5285 1087 5368; x_wconf 46' lang='grc' dir='ltr'>ἡλιακῷν-μεταρολᾲς)</span> <span class='ocrx_word' id='word_1_641' title='bbox 1115 5295 1256 5368; x_wconf 52' lang='grc' dir='ltr'>δρατὰ</span> <span class='ocrx_word' id='word_1_642' title='bbox 1300 5285 1569 5368; x_wconf 55' lang='grc' dir='ltr'><strong>ἑϐδομάδα</strong></span> <span class='ocrx_word' id='word_1_643' title='bbox 1599 5285 1901 5368; x_wconf 66' lang='grc' dir='ltr'>γίγνεσθαι,</span> 
     </span>
    </p>
   </div>
   <div class='ocr_carea' id='block_1_93' title="bbox 329 5356 1585 5434">
    <p class='ocr_par' dir='ltr' id='par_1_93' title="bbox 329 5356 1585 5434">
     <span class='ocr_line' id='line_1_93' title="bbox 329 5356 1585 5434; baseline 0.01 -26"><span class='ocrx_word' id='word_1_644' title='bbox 329 5356 568 5434; x_wconf 56' lang='grc' dir='ltr'><strong>ξρλευνος</strong></span> <span class='ocrx_word' id='word_1_645' title='bbox 588 5356 964 5434; x_wconf 38' lang='grc' dir='ltr'><strong>αἱμἙξὶεγιεῖαι</strong></span> <span class='ocrx_word' id='word_1_646' title='bbox 991 5356 1260 5434; x_wconf 77' lang='grc' dir='ltr'>δηλοῦσιν.</span> <span class='ocrx_word' id='word_1_647' title='bbox 1291 5360 1391 5420; x_wconf 80' lang='grc' dir='ltr'><strong>ὧδέ</strong></span> <span class='ocrx_word' id='word_1_648' title='bbox 1423 5356 1537 5430; x_wconf 60' lang='lat' dir='ltr'><strong>ire);</strong></span> <span class='ocrx_word' id='word_1_649' title='bbox 1573 5387 1585 5422; x_wconf 93' lang='lat'><strong>:</strong></span> 
     </span>
    </p>
   </div>
   <div class='ocr_carea' id='block_1_94' title="bbox 328 5426 1870 5506">
    <p class='ocr_par' dir='ltr' id='par_1_94' title="bbox 328 5426 1870 5506">
     <span class='ocr_line' id='line_1_94' title="bbox 328 5426 1870 5506; baseline 0.008 -26"><span class='ocrx_word' id='word_1_650' title='bbox 328 5426 481 5506; x_wconf 66' lang='grc' dir='ltr'><strong>Παῖς</strong></span> <span class='ocrx_word' id='word_1_651' title='bbox 499 5429 616 5498; x_wconf 77' lang='grc' dir='ltr'><strong>μὲν</strong></span> <span class='ocrx_word' id='word_1_652' title='bbox 639 5426 856 5506; x_wconf 71' lang='grc' dir='ltr'><em>ᾇνηϐος</em></span> <span class='ocrx_word' id='word_1_653' title='bbox 888 5433 1004 5486; x_wconf 78' lang='grc' dir='ltr'><strong>ἐὼν</strong></span> <span class='ocrx_word' id='word_1_654' title='bbox 1030 5426 1116 5488; x_wconf 68' lang='grc' dir='ltr'><strong>ἔτι</strong></span> <span class='ocrx_word' id='word_1_655' title='bbox 1142 5436 1380 5503; x_wconf 79' lang='grc' dir='ltr'><em>νήπιος,</em></span> <span class='ocrx_word' id='word_1_656' title='bbox 1411 5426 1585 5506; x_wconf 53' lang='grc' dir='ltr'><em>ἕρκος</em></span> <span class='ocrx_word' id='word_1_657' title='bbox 1610 5440 1870 5493; x_wconf 80' lang='grc' dir='ltr'><em>ὀδόντων</em></span> 
     </span>
    </p>
   </div>
   <div class='ocr_carea' id='block_1_95' title="bbox 401 5499 1698 5572">
    <p class='ocr_par' dir='ltr' id='par_1_95' title="bbox 401 5499 1698 5572">
     <span class='ocr_line' id='line_1_95' title="bbox 401 5499 1698 5572; baseline 0.009 -22"><span class='ocrx_word' id='word_1_658' title='bbox 401 5499 628 5572; x_wconf 53' lang='lat' dir='ltr'><strong>ditique,</strong></span> <span class='ocrx_word' id='word_1_659' title='bbox 652 5501 931 5572; x_wconf 67' lang='grc' dir='ltr'><strong>ἐκϐάλλει</strong></span> <span class='ocrx_word' id='word_1_660' title='bbox 967 5499 1210 5572; x_wconf 77' lang='grc' dir='ltr'><strong>πρώτου</strong></span> <span class='ocrx_word' id='word_1_661' title='bbox 1231 5508 1303 5560; x_wconf 79' lang='grc' dir='ltr'><strong>ἐν</strong></span> <span class='ocrx_word' id='word_1_662' title='bbox 1333 5499 1459 5562; x_wconf 56' lang='grc' dir='ltr'><strong>ἔπθ</strong></span> <span class='ocrx_word' id='word_1_663' title='bbox 1480 5499 1698 5562; x_wconf 71' lang='grc' dir='ltr'><strong>ἐτεσιν·</strong></span> 
     </span>
    </p>
   </div>
   <div class='ocr_carea' id='block_1_96' title="bbox 337 5567 1901 5721">
    <p class='ocr_par' dir='ltr' id='par_1_96' title="bbox 337 5567 1901 5721">
     <span class='ocr_line' id='line_1_96' title="bbox 337 5567 1901 5721; baseline 0.008 -100"><span class='ocrx_word' id='word_1_664' title='bbox 337 5567 481 5634; x_wconf 79' lang='grc' dir='ltr'><em>Τοὺς</em></span> <span class='ocrx_word' id='word_1_665' title='bbox 508 5568 560 5621; x_wconf 76' lang='grc' dir='ltr'><strong>δ’</strong></span> <span class='ocrx_word' id='word_1_666' title='bbox 584 5571 846 5642; x_wconf 78' lang='grc' dir='ltr'><strong>ἑτέρους,</strong></span> <span class='ocrx_word' id='word_1_667' title='bbox 886 5574 984 5629; x_wconf 84' lang='grc' dir='ltr'><strong>ὅτε</strong></span> <span class='ocrx_word' id='word_1_668' title='bbox 1004 5567 1088 5644; x_wconf 77' lang='grc' dir='ltr'><em>δὴ</em></span> <span class='ocrx_word' id='word_1_669' title='bbox 1131 5578 1348 5648; x_wconf 69' lang='grc' dir='ltr'><strong>τελέσῃ</strong></span> <span class='ocrx_word' id='word_1_670' title='bbox 1389 5578 1522 5645; x_wconf 76' lang='grc' dir='ltr'><em>θεὸς</em></span> <span class='ocrx_word' id='word_1_671' title='bbox 1549 5580 1676 5721; x_wconf 66' lang='lat' dir='ltr'><strong>Extl&#39;</strong></span> <span class='ocrx_word' id='word_1_672' title='bbox 1704 5581 1901 5666; x_wconf 42' lang='grc' dir='ltr'>ἐνναυ-</span> 
     </span>
     <span class='ocr_line' id='line_1_97' title="bbox 404 5670 1831 5721; baseline -0.003 0"><span class='ocrx_word' id='word_1_673' title='bbox 404 5709 514 5721; x_wconf 84' lang='grc'><strong>----</strong></span> <span class='ocrx_word' id='word_1_674' title='bbox 621 5713 633 5721; x_wconf 93' lang='grc'>.</span> <span class='ocrx_word' id='word_1_675' title='bbox 774 5715 783 5721; x_wconf 84' lang='grc'><strong>.</strong></span> <span class='ocrx_word' id='word_1_676' title='bbox 1007 5717 1016 5721; x_wconf 83' lang='grc'><em>,</em></span> <span class='ocrx_word' id='word_1_677' title='bbox 1671 5670 1831 5718; x_wconf 67' lang='grc' dir='ltr'><em>τους,</em></span> 
     </span>
    </p>
   </div>
   <div class='ocr_carea' id='block_1_97' title="bbox 1671 5670 1831 5718">
    <p class='ocr_par' dir='ltr' id='par_1_97' title="bbox 1671 5670 1831 5718">
     <span class='ocr_line' id='line_1_98' title="bbox 1671 5670 1831 5718; baseline 0 -14"><span class='ocrx_word' id='word_1_678' title='bbox 1671 5670 1831 5718; x_wconf 77' lang='grc' dir='ltr'><em>τους,</em></span> 
     </span>
    </p>
   </div>
   <div class='ocr_carea' id='block_1_98' title="bbox 404 5709 1710 5791">
    <p class='ocr_par' dir='ltr' id='par_1_98' title="bbox 404 5709 1710 5791">
     <span class='ocr_line' id='line_1_99' title="bbox 404 5709 1710 5791; baseline 0.009 -28"><span class='ocrx_word' id='word_1_679' title='bbox 404 5709 583 5780; x_wconf 80' lang='grc' dir='ltr'><em>Ἥϐης</em></span> <span class='ocrx_word' id='word_1_680' title='bbox 606 5713 872 5781; x_wconf 61' lang='grc' dir='ltr'><strong>ἐκφαίνει</strong></span> <span class='ocrx_word' id='word_1_681' title='bbox 899 5717 1210 5789; x_wconf 78' lang='grc' dir='ltr'><strong>σπέρματα</strong></span> <span class='ocrx_word' id='word_1_682' title='bbox 1239 5721 1572 5791; x_wconf 62' lang='grc' dir='ltr'><strong>γινομένης,</strong></span> <span class='ocrx_word' id='word_1_683' title='bbox 1609 5709 1710 5776; x_wconf 71' lang='lat' dir='ltr'><strong>cie.</strong></span> 
     </span>
    </p>
   </div>
   <div class='ocr_carea' id='block_1_99' title="bbox 2084 4947 3588 5024">
    <p class='ocr_par' dir='ltr' id='par_1_99' title="bbox 2084 4947 3588 5024">
     <span class='ocr_line' id='line_1_100' title="bbox 2084 4947 3588 5024; baseline 0.005 -21"><span class='ocrx_word' id='word_1_684' title='bbox 2084 4947 2195 5019; x_wconf 88' lang='lat'><strong>(67)</strong></span> <span class='ocrx_word' id='word_1_685' title='bbox 2220 4948 2519 5018; x_wconf 71' lang='grc' dir='ltr'><em>Ξενοφῶν.</em></span> <span class='ocrx_word' id='word_1_686' title='bbox 2571 4948 2694 5024; x_wconf 59' lang='lat' dir='ltr'><strong>Hice</strong></span> <span class='ocrx_word' id='word_1_687' title='bbox 2738 4951 2956 5024; x_wconf 67' lang='lat' dir='ltr'><strong>totidem</strong></span> <span class='ocrx_word' id='word_1_688' title='bbox 3006 4953 3197 5024; x_wconf 81' lang='lat' dir='ltr'><strong>verbis</strong></span> <span class='ocrx_word' id='word_1_689' title='bbox 3227 4955 3367 5024; x_wconf 88' lang='lat' dir='ltr'><strong>apud</strong></span> <span class='ocrx_word' id='word_1_690' title='bbox 3408 4955 3588 5010; x_wconf 79' lang='lat' dir='ltr'><strong>Xeno-</strong></span> 
     </span>
    </p>
   </div>
   <div class='ocr_carea' id='block_1_100' title="bbox 2013 5020 3583 5091">
    <p class='ocr_par' dir='ltr' id='par_1_100' title="bbox 2013 5020 3583 5091">
     <span class='ocr_line' id='line_1_101' title="bbox 2013 5020 3583 5091; baseline 0.003 -19"><span class='ocrx_word' id='word_1_691' title='bbox 2013 5020 2271 5091; x_wconf 88' lang='lat' dir='ltr'><strong>phontem</strong></span> <span class='ocrx_word' id='word_1_692' title='bbox 2312 5037 2420 5074; x_wconf 89' lang='lat' dir='ltr'><strong>non</strong></span> <span class='ocrx_word' id='word_1_693' title='bbox 2480 5023 2713 5091; x_wconf 88' lang='lat' dir='ltr'><strong>reperio.</strong></span> <span class='ocrx_word' id='word_1_694' title='bbox 2765 5021 2860 5077; x_wconf 88' lang='lat' dir='ltr'><strong>Est</strong></span> <span class='ocrx_word' id='word_1_695' title='bbox 2909 5034 3084 5078; x_wconf 90' lang='lat' dir='ltr'><strong>tamen</strong></span> <span class='ocrx_word' id='word_1_696' title='bbox 3142 5020 3476 5079; x_wconf 77' lang='lat' dir='ltr'><strong>Memorabil.</strong></span> <span class='ocrx_word' id='word_1_697' title='bbox 3513 5043 3583 5088; x_wconf 81' lang='lat' dir='ltr'><strong>iv,</strong></span> 
     </span>
    </p>
   </div>
   <div class='ocr_carea' id='block_1_101' title="bbox 2013 5090 3584 5158">
    <p class='ocr_par' dir='ltr' id='par_1_101' title="bbox 2013 5090 3584 5158">
     <span class='ocr_line' id='line_1_102' title="bbox 2013 5090 3584 5158; baseline 0.006 -17"><span class='ocrx_word' id='word_1_698' title='bbox 2013 5106 2132 5158; x_wconf 71' lang='lat' dir='ltr'><strong>pag.</strong></span> <span class='ocrx_word' id='word_1_699' title='bbox 2162 5090 2286 5154; x_wconf 79' lang='lat'><strong>802,</strong></span> <span class='ocrx_word' id='word_1_700' title='bbox 2325 5091 2478 5146; x_wconf 85' lang='lat' dir='ltr'><strong>locus</strong></span> <span class='ocrx_word' id='word_1_701' title='bbox 2513 5090 2641 5147; x_wconf 83' lang='lat' dir='ltr'><strong>huic</strong></span> <span class='ocrx_word' id='word_1_702' title='bbox 2672 5091 2964 5148; x_wconf 87' lang='lat' dir='ltr'><strong>admodum</strong></span> <span class='ocrx_word' id='word_1_703' title='bbox 3004 5093 3210 5149; x_wconf 76' lang='lat' dir='ltr'><strong>amnis:</strong></span> <span class='ocrx_word' id='word_1_704' title='bbox 3257 5096 3318 5147; x_wconf 90' lang='lat'><strong>&#39;0</strong></span> <span class='ocrx_word' id='word_1_705' title='bbox 3345 5095 3436 5150; x_wconf 80' lang='grc' dir='ltr'>τὸν</span> <span class='ocrx_word' id='word_1_706' title='bbox 3465 5095 3584 5150; x_wconf 82' lang='grc' dir='ltr'>ὃλσν</span> 
     </span>
    </p>
   </div>
   <div class='ocr_carea' id='block_1_102' title="bbox 2011 5160 3582 5236">
    <p class='ocr_par' dir='ltr' id='par_1_102' title="bbox 2011 5160 3582 5236">
     <span class='ocr_line' id='line_1_103' title="bbox 2011 5160 3582 5236; baseline 0.003 -21"><span class='ocrx_word' id='word_1_707' title='bbox 2011 5160 2247 5236; x_wconf 51' lang='grc' dir='ltr'><strong>κρσμονἱ</strong></span> <span class='ocrx_word' id='word_1_708' title='bbox 2288 5161 2498 5236; x_wconf 69' lang='lat' dir='ltr'><strong>inquit,</strong></span> <span class='ocrx_word' id='word_1_709' title='bbox 2537 5163 2842 5236; x_wconf 73' lang='grc' dir='ltr'>συντάττων</span> <span class='ocrx_word' id='word_1_710' title='bbox 2889 5181 2978 5226; x_wconf 89' lang='grc' dir='ltr'>τε,</span> <span class='ocrx_word' id='word_1_711' title='bbox 3026 5164 3122 5217; x_wconf 77' lang='grc' dir='ltr'><strong>καὶ</strong></span> <span class='ocrx_word' id='word_1_712' title='bbox 3170 5165 3407 5236; x_wconf 77' lang='grc' dir='ltr'>συνέχων</span> <span class='ocrx_word' id='word_1_713' title='bbox 3448 5206 3461 5218; x_wconf 94' lang='grc'><strong>.</strong></span> <span class='ocrx_word' id='word_1_714' title='bbox 3507 5207 3522 5220; x_wconf 92' lang='grc'><strong>.</strong></span> <span class='ocrx_word' id='word_1_715' title='bbox 3566 5207 3582 5220; x_wconf 92' lang='grc'><strong>.</strong></span> 
     </span>
    </p>
   </div>
   <div class='ocr_carea' id='block_1_103' title="bbox 2007 5227 3585 5304">
    <p class='ocr_par' dir='ltr' id='par_1_103' title="bbox 2007 5227 3585 5304">
     <span class='ocr_line' id='line_1_104' title="bbox 2007 5227 3585 5304; baseline 0.004 -20"><span class='ocrx_word' id='word_1_716' title='bbox 2007 5227 2160 5304; x_wconf 72' lang='grc' dir='ltr'><em>οὗτος</em></span> <span class='ocrx_word' id='word_1_717' title='bbox 2193 5230 2263 5284; x_wconf 73' lang='grc' dir='ltr'>τὰ</span> <span class='ocrx_word' id='word_1_718' title='bbox 2289 5227 2520 5304; x_wconf 51' lang='lat' dir='ltr'><strong>mm</strong></span> <span class='ocrx_word' id='word_1_719' title='bbox 2552 5233 2650 5303; x_wconf 84' lang='grc' dir='ltr'><strong>μὲν</strong></span> <span class='ocrx_word' id='word_1_720' title='bbox 2680 5234 2935 5304; x_wconf 83' lang='grc' dir='ltr'><strong>πράττων</strong></span> <span class='ocrx_word' id='word_1_721' title='bbox 2972 5236 3180 5304; x_wconf 82' lang='grc' dir='ltr'>ὁρᾶται.</span> <span class='ocrx_word' id='word_1_722' title='bbox 3208 5227 3327 5288; x_wconf 83' lang='grc' dir='ltr'><strong>τόδέ</strong></span> <span class='ocrx_word' id='word_1_723' title='bbox 3359 5237 3415 5289; x_wconf 86' lang='grc' dir='ltr'>δὲ</span> <span class='ocrx_word' id='word_1_724' title='bbox 3443 5239 3585 5290; x_wconf 83' lang='grc' dir='ltr'><em>οἰκο-</em></span> 
     </span>
    </p>
   </div>
   <div class='ocr_carea' id='block_1_104' title="bbox 2008 5250 3582 5374">
    <p class='ocr_par' dir='ltr' id='par_1_104' title="bbox 2008 5250 3582 5374">
     <span class='ocr_line' id='line_1_105' title="bbox 2008 5250 3582 5304; baseline 0.004 -20"><span class='ocrx_word' id='word_1_725' title='bbox 2008 5250 2160 5294; x_wconf 85' lang='grc' dir='ltr'><em>ουτος</em></span> <span class='ocrx_word' id='word_1_726' title='bbox 2193 5250 2263 5284; x_wconf 85' lang='grc' dir='ltr'><strong>τα</strong></span> <span class='ocrx_word' id='word_1_727' title='bbox 2330 5250 2520 5300; x_wconf 85' lang='grc' dir='ltr'>εγιστα</span> <span class='ocrx_word' id='word_1_728' title='bbox 2552 5250 2650 5303; x_wconf 87' lang='grc' dir='ltr'>μεν</span> <span class='ocrx_word' id='word_1_729' title='bbox 2680 5250 2722 5286; x_wconf 85' lang='grc' dir='ltr'>π</span> <span class='ocrx_word' id='word_1_730' title='bbox 2761 5250 2935 5288; x_wconf 87' lang='grc' dir='ltr'>αττων</span> <span class='ocrx_word' id='word_1_731' title='bbox 2972 5250 3180 5304; x_wconf 84' lang='grc' dir='ltr'>οραται.</span> <span class='ocrx_word' id='word_1_732' title='bbox 3208 5250 3326 5288; x_wconf 85' lang='grc' dir='ltr'><em>τοοε</em></span> <span class='ocrx_word' id='word_1_733' title='bbox 3359 5250 3415 5289; x_wconf 87' lang='grc' dir='ltr'><em>οε</em></span> <span class='ocrx_word' id='word_1_734' title='bbox 3443 5250 3582 5290; x_wconf 79' lang='grc' dir='ltr'><em>οικο-</em></span> 
     </span>
     <span class='ocr_line' id='line_1_106' title="bbox 2008 5250 3582 5374; baseline 0.003 -18"><span class='ocrx_word' id='word_1_735' title='bbox 2008 5301 2223 5374; x_wconf 85' lang='grc' dir='ltr'>νομῶν,</span> <span class='ocrx_word' id='word_1_736' title='bbox 2275 5250 2501 5374; x_wconf 48' lang='grc' dir='ltr'><strong>ὣρατος</strong></span> <span class='ocrx_word' id='word_1_737' title='bbox 2550 5305 2690 5374; x_wconf 68' lang='grc' dir='ltr'>ἡμῖν</span> <span class='ocrx_word' id='word_1_738' title='bbox 2725 5251 2891 5357; x_wconf 55' lang='grc' dir='ltr'>ἔστιν.</span> <span class='ocrx_word' id='word_1_739' title='bbox 2931 5305 3127 5359; x_wconf 87' lang='grc' dir='ltr'>Ἑννόει</span> <span class='ocrx_word' id='word_1_740' title='bbox 3167 5306 3258 5368; x_wconf 82' lang='grc' dir='ltr'><strong>δὲ,</strong></span> <span class='ocrx_word' id='word_1_741' title='bbox 3305 5307 3386 5359; x_wconf 81' lang='grc' dir='ltr'>ὅτι</span> <span class='ocrx_word' id='word_1_742' title='bbox 3434 5309 3525 5361; x_wconf 77' lang='grc' dir='ltr'>καὶ</span> <span class='ocrx_word' id='word_1_743' title='bbox 3557 5309 3582 5360; x_wconf 79' lang='grc' dir='ltr'><em>ὁ</em></span> 
     </span>
    </p>
   </div>
   <div class='ocr_carea' id='block_1_105' title="bbox 2009 5370 3582 5450">
    <p class='ocr_par' dir='ltr' id='par_1_105' title="bbox 2009 5370 3582 5450">
     <span class='ocr_line' id='line_1_107' title="bbox 2009 5370 3582 5450; baseline 0.005 -26"><span class='ocrx_word' id='word_1_744' title='bbox 2009 5370 2142 5450; x_wconf 49' lang='lat' dir='ltr'><strong>adiat</strong></span> <span class='ocrx_word' id='word_1_745' title='bbox 2161 5370 2411 5450; x_wconf 61' lang='grc' dir='ltr'><strong>Δφανερὸς</strong></span> <span class='ocrx_word' id='word_1_746' title='bbox 2441 5370 2614 5450; x_wconf 73' lang='grc' dir='ltr'><em>δοκῶν</em></span> <span class='ocrx_word' id='word_1_747' title='bbox 2642 5370 2778 5450; x_wconf 52' lang='lat' dir='ltr'><strong>sive}</strong></span> <span class='ocrx_word' id='word_1_748' title='bbox 2814 5375 2964 5450; x_wconf 75' lang='grc' dir='ltr'><em>ἥλιος</em></span> <span class='ocrx_word' id='word_1_749' title='bbox 2982 5416 2996 5436; x_wconf 85' lang='grc'>,</span> <span class='ocrx_word' id='word_1_750' title='bbox 3024 5378 3443 5450; x_wconf 13' lang='grc' dir='ltr'><strong>ουκίὲπιτρὲπει</strong></span> <span class='ocrx_word' id='word_1_751' title='bbox 3474 5380 3582 5444; x_wconf 68' lang='grc' dir='ltr'><strong>τοῖς</strong></span> 
     </span>
    </p>
   </div>
   <div class='ocr_carea' id='block_1_106' title="bbox 2005 5441 3581 5516">
    <p class='ocr_par' dir='ltr' id='par_1_106' title="bbox 2005 5441 3581 5516">
     <span class='ocr_line' id='line_1_108' title="bbox 2005 5441 3581 5516; baseline 0.007 -22"><span class='ocrx_word' id='word_1_752' title='bbox 2005 5441 2532 5516; x_wconf 50' lang='grc' dir='ltr'><strong>ᾀνθριῖέποιςεαυτὸν</strong></span> <span class='ocrx_word' id='word_1_753' title='bbox 2573 5445 2814 5516; x_wconf 79' lang='grc' dir='ltr'><strong>ἀκριϐῶς</strong></span> <span class='ocrx_word' id='word_1_754' title='bbox 2839 5441 3000 5516; x_wconf 66' lang='grc' dir='ltr'><em>ορᾷν·</em></span> <span class='ocrx_word' id='word_1_755' title='bbox 3030 5447 3146 5500; x_wconf 76' lang='grc' dir='ltr'>ἀλλ’</span> <span class='ocrx_word' id='word_1_756' title='bbox 3177 5441 3384 5513; x_wconf 79' lang='grc' dir='ltr'>ὲάν’τις</span> <span class='ocrx_word' id='word_1_757' title='bbox 3422 5441 3581 5505; x_wconf 76' lang='grc' dir='ltr'>αὑτὸν</span> 
     </span>
    </p>
   </div>
   <div class='ocr_carea' id='block_1_107' title="bbox 2004 5461 3575 5592">
    <p class='ocr_par' dir='ltr' id='par_1_107' title="bbox 2004 5461 3575 5592">
     <span class='ocr_line' id='line_1_109' title="bbox 2005 5461 3575 5518; baseline 0.006 -22"><span class='ocrx_word' id='word_1_758' title='bbox 2005 5461 2312 5513; x_wconf 77' lang='grc' dir='ltr'><strong>ανυρωποις</strong></span> <span class='ocrx_word' id='word_1_759' title='bbox 2341 5461 2531 5496; x_wconf 88' lang='grc' dir='ltr'>εαυτον</span> <span class='ocrx_word' id='word_1_760' title='bbox 2573 5461 2644 5497; x_wconf 88' lang='grc' dir='ltr'><strong>ακ</strong></span> <span class='ocrx_word' id='word_1_761' title='bbox 2686 5461 2814 5508; x_wconf 69' lang='lat' dir='ltr'><strong>tow;</strong></span> <span class='ocrx_word' id='word_1_762' title='bbox 2849 5461 3000 5518; x_wconf 69' lang='grc' dir='ltr'><em>ορᾳνο</em></span> <span class='ocrx_word' id='word_1_763' title='bbox 3030 5461 3146 5500; x_wconf 74' lang='grc' dir='ltr'>αλλ’</span> <span class='ocrx_word' id='word_1_764' title='bbox 3177 5461 3272 5502; x_wconf 67' lang='lat' dir='ltr'><strong>say</strong></span> <span class='ocrx_word' id='word_1_765' title='bbox 3299 5467 3384 5513; x_wconf 88' lang='grc' dir='ltr'>τις</span> <span class='ocrx_word' id='word_1_766' title='bbox 3422 5461 3575 5505; x_wconf 78' lang='grc' dir='ltr'>αὑτὸν</span> 
     </span>
     <span class='ocr_line' id='line_1_110' title="bbox 2004 5461 3575 5592; baseline 0.007 -28"><span class='ocrx_word' id='word_1_767' title='bbox 2004 5513 2480 5592; x_wconf 39' lang='grc' dir='ltr'><strong>ᾀναι-δῷςεγχειρῇ</strong></span> <span class='ocrx_word' id='word_1_768' title='bbox 2507 5461 2758 5592; x_wconf 26' lang='grc' dir='ltr'><strong>βεᾶσέῌαι,</strong></span> <span class='ocrx_word' id='word_1_769' title='bbox 2801 5517 2897 5588; x_wconf 81' lang='grc' dir='ltr'><strong>τὴν</strong></span> <span class='ocrx_word' id='word_1_770' title='bbox 2920 5517 3040 5586; x_wconf 75' lang='grc' dir='ltr'><strong>ὄψιν</strong></span> <span class='ocrx_word' id='word_1_771' title='bbox 3074 5519 3408 5592; x_wconf 73' lang='grc' dir='ltr'>ἀφαιρεῖται.</span> <span class='ocrx_word' id='word_1_772' title='bbox 3442 5521 3575 5575; x_wconf 84' lang='grc' dir='ltr'>Τιιιιι</span> 
     </span>
    </p>
   </div>
   <div class='ocr_carea' id='block_1_108' title="bbox 2003 5584 3574 5657">
    <p class='ocr_par' dir='ltr' id='par_1_108' title="bbox 2003 5584 3574 5657">
     <span class='ocr_line' id='line_1_111' title="bbox 2003 5584 3574 5657; baseline 0.007 -21"><span class='ocrx_word' id='word_1_773' title='bbox 2003 5586 2069 5637; x_wconf 82' lang='lat' dir='ltr'><strong>de</strong></span> <span class='ocrx_word' id='word_1_774' title='bbox 2106 5584 2350 5648; x_wconf 79' lang='lat' dir='ltr'><strong>fulmine,</strong></span> <span class='ocrx_word' id='word_1_775' title='bbox 2379 5584 2572 5657; x_wconf 70' lang='lat' dir='ltr'><strong>ventis,</strong></span> <span class='ocrx_word' id='word_1_776' title='bbox 2601 5587 2805 5651; x_wconf 87' lang='lat' dir='ltr'><strong>animo,</strong></span> <span class='ocrx_word' id='word_1_777' title='bbox 2836 5584 2973 5656; x_wconf 65' lang='lat' dir='ltr'><strong>quae</strong></span> <span class='ocrx_word' id='word_1_778' title='bbox 2991 5603 3086 5657; x_wconf 86' lang='lat' dir='ltr'><strong>per</strong></span> <span class='ocrx_word' id='word_1_779' title='bbox 3111 5584 3230 5645; x_wconf 76' lang='lat' dir='ltr'><strong>sese</strong></span> <span class='ocrx_word' id='word_1_780' title='bbox 3255 5591 3423 5646; x_wconf 87' lang='lat' dir='ltr'><strong>videri</strong></span> <span class='ocrx_word' id='word_1_781' title='bbox 3454 5607 3574 5646; x_wconf 90' lang='lat' dir='ltr'><strong>cum</strong></span> 
     </span>
    </p>
   </div>
   <div class='ocr_carea' id='block_1_109' title="bbox 2005 5655 3576 5722">
    <p class='ocr_par' dir='ltr' id='par_1_109' title="bbox 2005 5655 3576 5722">
     <span class='ocr_line' id='line_1_112' title="bbox 2005 5655 3576 5722; baseline 0.009 -16"><span class='ocrx_word' id='word_1_782' title='bbox 2005 5663 2308 5722; x_wconf 84' lang='lat' dir='ltr'><strong>nequeant,</strong></span> <span class='ocrx_word' id='word_1_783' title='bbox 2345 5655 2695 5711; x_wconf 81' lang='lat' dir='ltr'><strong>admirabiles</strong></span> <span class='ocrx_word' id='word_1_784' title='bbox 2743 5655 2924 5711; x_wconf 83' lang='lat' dir='ltr'><strong>tamen</strong></span> <span class='ocrx_word' id='word_1_785' title='bbox 2953 5655 3176 5716; x_wconf 79' lang='lat' dir='ltr'><strong>eil&#39;ectus</strong></span> <span class='ocrx_word' id='word_1_786' title='bbox 3221 5661 3421 5717; x_wconf 84' lang='lat' dir='ltr'><strong>virium</strong></span> <span class='ocrx_word' id='word_1_787' title='bbox 3451 5676 3576 5721; x_wconf 59' lang='lat' dir='ltr'><strong>sua-</strong></span> 
     </span>
    </p>
   </div>
   <div class='ocr_carea' id='block_1_110' title="bbox 2005 5725 3308 5804">
    <p class='ocr_par' dir='ltr' id='par_1_110' title="bbox 2005 5725 3308 5804">
     <span class='ocr_line' id='line_1_113' title="bbox 2005 5725 3308 5804; baseline 0.004 -26"><span class='ocrx_word' id='word_1_788' title='bbox 2005 5742 2123 5778; x_wconf 90' lang='lat' dir='ltr'><strong>rum</strong></span> <span class='ocrx_word' id='word_1_789' title='bbox 2151 5725 2446 5804; x_wconf 26' lang='lat' dir='ltr'><strong>indiccslac</strong></span> <span class='ocrx_word' id='word_1_790' title='bbox 2483 5734 2647 5781; x_wconf 81' lang='lat' dir='ltr'><strong>testes</strong></span> <span class='ocrx_word' id='word_1_791' title='bbox 2683 5728 3013 5797; x_wconf 84' lang='lat' dir='ltr'><strong>relinquunt.</strong></span> <span class='ocrx_word' id='word_1_792' title='bbox 3303 5767 3308 5772; x_wconf 84' lang='lat'><em>-</em></span> 
     </span>
    </p>
   </div>
  </div>
