3872 6368
265 308 407 362 N25

334 422 465 485 Νὺξ
492 421 1104 493 αἱολόχρωςηᾶκριτός
1136 425 1184 476 τ’
1218 424 1453 493 ἄστρων

342 494 559 560 Ὄχλος
586 490 917 560 ἐνδελεχῶς
944 490 1348 564 ἀμφιχορεύειξ

282 648 543 703 Ἐνταῦθα
590 651 698 723 γὰρ
750 649 838 704 τὸν
892 650 988 721 μὲν
1041 648 1307 719 αὐτοφυῆ,
1365 649 1455 703 τὸν
1511 650 1838 722 δημιουργὸν

269 742 391 796 νοῦν
423 742 644 814 εἴρηκε·
681 744 750 798 τὰ
780 744 825 798 δ’
874 744 998 815 ἑξῆς
1041 745 1132 797 ἐπὶ
1171 741 1265 797 τοῦ
1313 742 1515 814 κόσμου
1559 745 1836 809 τάσσεται,

267 838 326 889 ἐν
358 829 401 903 ᾧ
430 837 523 889 καί⁵
552 839 607 889 αἱ
650 836 1019 908 ἐναντιότητες
1050 837 1224 905 φωτός
1256 854 1313 889 τε
1360 837 1453 890 καὶ
1498 838 1739 902 σκότους.
1771 838 1839 891 Ὅ

269 946 329 982 τε
364 930 707 1001 Εὐφορίωνος
743 928 853 1000 (82)
886 928 1169 1000 Αἰσχύλος,
1200 931 1291 985 ἐπὶ
1326 929 1419 983 τοῦ
1459 930 1593 984 Θεοῦ
1630 931 1843 1002 σεμνῶς

272 1020 475 1094 σφόδρα
504 1021 656 1093 φησί·

270 1138 420 1220 {suc
447 1137 624 1220 ἐστιν.
645 1138 838 1220 αίθῂρ,
878 1139 1027 1205 Ζεὺς
1058 1139 1125 1219 δὲ
1158 1139 1436 1220 {anesi},
1470 1139 1522 1192 δ’
1564 1140 1839 1208 οὐρανὸς,

272 1209 423 1274 Ζεύς
451 1226 537 1261 τοι
568 1209 637 1262 τὰ
674 1208 893 1271 πάντα,
921 1209 1098 1278 χωρεῖ
1124 1208 1293 1264 τῶνδ’
1326 1212 1676 1281 ὑπέρτερον.

272 1315 404 1373 Οἶδα
468 1319 579 1390 ἐγὼ
629 1322 723 1374 καὶ
781 1322 1040 1375 Πλάτωνα
1099 1323 1623 1395 προσμαρτυροῦντα
1674 1322 1844 1395 Ἦρα-

272 1414 469 1483 κλείτῳ
502 1414 801 1487 γράφοντι·
845 1434 863 1465 ι
908 1415 1001 1467 Ἓν
1038 1415 1099 1468 τὸ
1134 1416 1315 1485 σοφὸν,
1354 1415 1546 1487 μοῦνον
1594 1413 1846 1483 λέγεσθαι

271 1510 370 1561 οὐκ
422 1507 617 1573 ἐθέλει,
672 1507 767 1561 καὶ
802 1507 973 1561 ὲθέλει
1008 1507 1175 1577 Ζηνὸς
1216 1504 1383 1578 ὄνομα
1405 1524 1421 1537 ’
1459 1528 1478 1559 ι
1526 1509 1619 1562 καὶ
1653 1508 1842 1562 πάλινε

278 1620 297 1653 ι
332 1602 515 1672 Νόμος
540 1602 633 1654 καὶ
676 1600 833 1673 βουλῇ
874 1599 1157 1653 πείθεσθαι
1202 1601 1337 1665 ἑνός.
1382 1621 1401 1653 ι
1437 1601 1555 1654 Κᾶν
1598 1602 1657 1654 τὸ
1687 1601 1847 1672 ῥητὸν

274 1694 451 1747 ἐκεῖνο
492 1694 787 1763 ἀναγαγεῖν
839 1694 1026 1766 ἐθέλῃς
1048 1710 1061 1722 ’
1105 1713 1122 1744 ι
1170 1692 1227 1746 Ὀ
1272 1693 1407 1765 ἔχων
1455 1688 1569 1747 ὦτα
1599 1693 1840 1755 ἀκούειν,

1459 304 1777 361 PREPAR.
1822 302 2071 359 EVANG.
2114 303 2240 358 LIB.
2283 302 2418 358 XIII.

1861 432 1912 489 Α
2013 424 2080 478 Et
2117 425 2461 485 multicolor;
2494 440 2744 494 quemque
2782 436 3049 481 astrorum

3379 307 3517 366 H26

2023 495 2133 561 Vis,
2169 513 2271 549 non
2306 512 2412 548 uno
2441 495 2636 547 lumine
2669 495 2895 564 fulgens,

2010 566 2223 622 Circum
2247 566 2464 619 assiduo
2491 566 2716 618 volvitur
2737 566 2878 620 orbe.

1941 659 2040 714 liic
2069 659 2214 713 enim
2245 674 2311 712 ex
2347 672 2469 712 sese
2513 669 2715 721 ortum,
2751 658 3012 714 artiﬁcem
3056 661 3385 717 intellectum
3416 676 3515 716 vo-
3618 692 3623 699 κ

1941 752 2104 807 cavit.
2158 750 2289 816 Qua!
2338 759 2673 819 sequuntur,
2712 752 2778 804 ad
2830 753 3092 807 mundum
3138 755 3427 822 pertinent,
3460 755 3514 809 in

1943 857 2052 911 quo
2081 841 2219 895 lucis
2244 842 2405 894 etiam
2432 847 2517 894 est
2544 842 2998 912 teuebrarumque
3021 843 3325 898 conﬂictus.
3354 844 3517 898 Simi-

1944 934 2067 987 liter
2099 931 2394 1004 Eschylus
2430 931 2800 1004 Euphorionis
2831 935 2995 1001 (ilius,
3022 936 3095 989 ita
3126 936 3192 990 de
3230 935 3357 1003 Deo,
3387 952 3520 993 sane

1944 1040 2108 1096 quam
2136 1026 2374 1096 graviter
2398 1044 2410 1081 :

1945 1136 2158 1209 {Ethen
2189 1137 2458 1209 solumque
2487 1148 2586 1199 est,
2621 1149 2775 1209 atque
2800 1138 2983 1193 ccelum
3007 1138 3274 1209 luppiter,

1946 1206 2148 1261 Cuncta
2180 1208 2341 1261 simul
2371 1206 2505 1262 idem
2530 1218 2630 1274 est,
2660 1206 2832 1278 majus
2862 1220 2909 1263 et
2938 1213 2982 1263 si
3014 1206 3141 1281 quid
3171 1228 3347 1281 super.

1947 1320 2228 1376 Platonem
2263 1337 2480 1391 quoque
2509 1323 2633 1375 novi
2662 1323 2862 1378 sentire
2891 1340 3012 1378 cum
3048 1323 3339 1391 Heraclito,
3379 1326 3525 1384 hunc

1949 1414 2001 1467 in
2054 1414 2277 1467 modum
2328 1413 2641 1467 scribente:
2685 1434 2702 1463 ι
2742 1413 2896 1480 Quod
2949 1432 3117 1469 unum
3165 1417 3381 1485 sapiens
3417 1428 3523 1482 est,

1950 1506 2127 1560 solum
2163 1515 2342 1559 tamen
2377 1506 2482 1560 dici
2519 1522 2627 1560 non
2679 1509 2809 1572 vult,
2847 1509 3099 1578 idemque
3141 1507 3292 1563 .Invis
3329 1525 3523 1564 nomen

1950 1608 2129 1664 amat;
2169 1619 2185 1649 ι
2220 1608 2382 1669 atque
2433 1602 2625 1654 iterum
2661 1620 2675 1659 :
2714 1619 2732 1651 ι
2787 1601 2893 1655 Lex
2947 1611 3069 1669 est,
3116 1602 3314 1672 inquit,
3365 1604 3526 1673 huius

1951 1692 2115 1746 unius
2148 1707 2336 1761 parere
2357 1692 2641 1747 consilio.»
2666 1692 2822 1760 Quod
2850 1694 2893 1749 si
2925 1694 3116 1748 altiore
3138 1710 3295 1748 sensu
3321 1695 3525 1750 dictum

273 1786 539 1850 ἀκουέτω,
582 1757 620 1838 ι.
651 1757 831 1857 εῦροις
876 1787 941 1841 ἂν
968 1757 1084 1839 ἰἷιδε
1126 1757 1522 1856 ἐμφαινόμενον
1568 1786 1704 1859 πρὸς
1749 1786 1843 1841 τοῦ

1961 1783 2077 1837 llud
2112 1783 2357 1853 accipere
2386 1785 2658 1838 volueris:
2689 1802 2705 1833 ι
2740 1786 2842 1850 Qui
2874 1784 3034 1838 habet
3056 1800 3216 1839 aures
3249 1786 3527 1851 audiendi,

285 1878 531 1947 Ἐφεσίου
551 1895 563 1907 ·
598 1896 615 1927 ι
654 1877 920 1943 Ἀξύνετοι
950 1877 1279 1940 ἀκούσαντες
1311 1882 1569 1946 κωφοῖσιν
1603 1879 1812 1933 ἐοίκασι
1833 1898 1846 1911 ·

276 1971 435 2039 φάτις
462 1971 671 2024 αὐτοῖσι
722 1974 988 2041 μαρτυρεῖ
1036 1970 1335 2039 παρεόντας
1366 1973 1606 2024 ἀπεῖναι.
1647 1990 1665 2023 ι
1712 1972 1850 2024 Ἀλλ’

277 2066 534 2137 ἄντικρυς
561 2066 688 2135 μίαν
720 2064 892 2135 ἀρχὴν
920 2066 1014 2117 καὶ
1039 2064 1163 2133 παρ’
1208 2064 1472 2134 Ἐλλήνων
1501 2063 1729 2116 ἀκοῦσαι
1758 2081 1853 2117 πο-

275 2157 407 2223 θεῖς,
432 2156 658 2227 Τίμαιος
685 2157 713 2208 ὁ
744 2156 949 2227 Λοκρὸς
984 2158 1041 2208 ὲν
1071 2155 1149 2226 τῷ
1182 2155 1421 2221 Φυσικῷ
1439 2156 1851 2226 συγγράμματι,

273 2249 416 2303 κατὰ
458 2248 602 2314 λέξιν
652 2242 756 2303 ὧδέ
795 2267 883 2319 μοι
929 2251 1293 2321 μαρτυρήσει’
1336 2266 1353 2298 ι
1397 2248 1509 2301 Μία
1546 2249 1689 2319 ἀρχὰ
1737 2248 1847 2316 (83)

274 2343 493 2395 πάντων
528 2343 676 2394 ἐστὶν
706 2342 1028 2414 ἀγέννητος·
1067 2344 1115 2394 εί
1148 2342 1257 2412 γὰρ
1296 2340 1528 2408 ἐγένετο,
1559 2342 1657 2393 οὐκ
1686 2339 1750 2393 ἂν
1781 2335 1849 2411 ἦν

275 2430 354 2482 ἔτι
384 2430 548 2500 ἀρχὰ,
578 2430 689 2483 ἀλλ’
720 2431 921 2485 ὲκείνα.
952 2431 1008 2497 ἐξ
1036 2426 1104 2502 ἦς
1148 2430 1184 2484 ἃ.
1229 2430 1371 2501 ἀρχὰ
1401 2430 1635 2498 ἐγένετο.
1663 2449 1681 2481 ι
1729 2431 1850 2501 Ἐρ-

279 2520 396 2591 ρύει
438 2521 548 2591 γὰρ
601 2521 870 2591 ὲκείθενὴ
909 2521 1094 2592 δόξαὴ
1134 2519 1359 2591 ἀληθινή
1385 2539 1397 2551 ·
1440 2539 1459 2571 ι
1493 2522 1712 2585 Ἄκουε,
1749 2538 1852 2592 φη-

277 2613 378 2675 σιν,
427 2611 658 2683 Ἰσραὴλ,
690 2612 892 2685 Κύριος
922 2616 950 2667 ὁ
977 2613 1108 2677 Θεός
1143 2630 1233 2666 σου
1270 2607 1350 2676 εἷς
1377 2614 1517 2678 ἐστι,
1560 2614 1657 2667 καὶ
1702 2612 1851 2685 αὐτῷ

280 2703 426 2774 μόνῳ
460 2703 794 2775 λατρεύσεις.
835 2724 854 2758 ι

1947 1876 2199 1939 audiat’,
2253 1896 2271 1928 ι
2323 1876 2403 1930 sic
2451 1877 2519 1930 ab
2568 1876 2804 1945 Ephesio
2856 1878 3186 1932 illustratum
3240 1878 3524 1931 invenies:

1954 1985 1971 2017 ι
1997 1966 2099 2033 Qui
2133 1967 2276 2036 quod
2320 1968 2569 2030 audiunt,
2598 1968 2957 2038 intelligentia
3004 1983 3110 2021 non
3138 1978 3528 2037 assequuntur,

1949 2058 2132 2114 eurdis
2166 2059 2241 2113 illi
2288 2059 2495 2114 similes
2528 2069 2656 2113 sunt
2688 2079 2700 2114 :
2753 2061 2805 2114 in
2835 2076 2973 2129 quos
3007 2061 3195 2114 tritum
3241 2061 3368 2114 illud
3397 2075 3531 2114 con-

1950 2153 2151 2216 veniat,
2194 2161 2489 2223 praesentes
2533 2154 2743 2208 abesse.
2784 2173 2801 2203 ι
2840 2151 2981 2207 Num
3031 2169 3162 2207 vero
3219 2152 3529 2208 Graecorum

1955 2247 2118 2300 etiam
2150 2260 2213 2298 ex
2263 2260 2357 2299 ore
2390 2246 2715 2315 principium
2748 2262 2917 2299 unum
2967 2247 3155 2300 audire
3186 2247 3397 2317 gestis?
3425 2246 3529 2299 Tc-

1955 2346 2090 2392 stem
2145 2336 2286 2391 dabo
2336 2336 2599 2391 Timaeum
2642 2337 2901 2401 Locrum,
2938 2339 3031 2409 qui
3061 2339 3199 2393 lihro
3233 2338 3307 2393 De
3339 2349 3533 2392 natura

1956 2429 2036 2484 sic
2061 2429 2126 2483 ad
2155 2431 2381 2483 verbum
2415 2430 2691 2499 loquitur:
2720 2429 2895 2485 Unum
2928 2433 3171 2485 omnium
3204 2432 3531 2502 principium

1956 2529 2059 2585 est,
2091 2522 2235 2591 quod
2267 2530 2388 2575 ortu
2417 2532 2604 2589 caret;
2638 2538 2763 2575 nam
2811 2523 2856 2577 si
2894 2524 3113 2579 aliunde
3155 2536 3332 2579 ortum
3369 2535 3532 2591 esset,

1961 2611 2287 2681 principium
2331 2610 2443 2679 jam
2487 2627 2593 2666 non
2641 2623 2805 2677 esset,
2844 2615 2936 2667 sed
2985 2614 3115 2667 illud
3160 2616 3359 2685 potius,
3394 2617 3536 2671 unde

1962 2713 2139 2758 ortum
2181 2703 2422 2758 haberet.
2454 2702 2587 2769 Quze
2608 2704 2813 2773 Opinio,
2830 2720 2960 2759 sane
2990 2722 3135 2771 vera,
3164 2725 3230 2762 ex
3258 2709 3403 2764 dicto
3446 2710 3539 2764 illo

276 2796 520 2868 profecta
541 2805 623 2851 est
654 2816 669 2852 :
710 2816 727 2847 ι
752 2796 914 2862 Audi,
962 2797 1159 2867 inquit,
1196 2799 1360 2853 Israel
1388 2840 1402 2865 ,
1426 2797 1690 2853 Dominus
1716 2797 1861 2852 Deus
1895 2807 2021 2853 tuus
2067 2814 2209 2853 unus
2248 2807 2351 2864 est,
2376 2798 2534 2867 eique
2566 2799 2666 2853 soli
2702 2798 2906 2853 servies
2927 2801 2967 2850 '.
3008 2818 3025 2849 ι

281 2952 471 3023 Οὗτος
494 2955 621 3010 ἰδοὺ
641 2956 937 3010 πάντεσσι
951 2956 1178 3027 σαφὴς,
1193 2960 1561 3027 ἀπλάνητος,
1580 2961 1851 3033 ὑπάρχει,

278 3091 352 3156 ὥς
387 3109 552 3163 φησιν
598 3095 631 3164 ἡ
661 3092 907 3148 Σιϐύλλα.
936 3093 1275 3167 Ξενοκράτης
1309 3115 1366 3151 τε
1400 3101 1428 3151 ὁ
1462 3101 1850 3171 Καρχηδόνιος,

279 3184 367 3238 τὸν
400 3185 500 3255 μὲν
535 3184 738 3238 ὐπατον
777 3188 895 3247 Δία,
931 3188 1021 3240 τὸν
1066 3188 1121 3240 δὲ
1162 3189 1348 3242 νέατον
1396 3190 1593 3254 καλῶν,
1623 3193 1855 3263 ἔμφασιν

280 3277 493 3347 Πατρὺς
518 3277 802 3331 ἀπολείπει
847 3280 941 3332 καὶ
970 3279 1120 3332 Υίοῦ.
1168 3282 1279 3334 Καὶ
1312 3282 1371 3335 τὸ
1402 3284 1853 3354 παραδοξότατον,

280 3368 568 3437 γινώσκειν
594 3370 700 3439 (84)
728 3370 1053 3439 φαίνεταιτὸ
1070 3372 1220 3425 Θεῑον
1247 3373 1857 3440 ὁάνθρωποπαθείςείσ-

281 3462 428 3528 ἀγων
456 3463 579 3523 τοὺς
601 3460 782 3525 θεούς·
807 3460 865 3515 δν
895 3463 1001 3515 οὐδ’
1029 3462 1198 3528 οὕτως
1234 3465 1461 3519 αἰδεῖται
1514 3467 1852 3539 Ἐπίκουρος.

280 3555 416 3624 Φησὶ
444 3552 574 3625 γάρ·

290 3880 461 3957 Τι’ρτζε
484 3896 560 3957 [ιε
577 3878 707 3957 (85),
730 3881 1088 3957 ηῃλέοςνυίὲ,
1104 3884 1290 3939 ποσὶν
1307 3886 1589 3956 ταχέεσσι
1606 3887 1853 3957 διώκεις,

285 3952 475 4031 itinde
501 3950 719 4031 arma;
741 3953 1018 4031 ξων-θεὸν
1040 3950 1528 4024 ἅμϐροτον;’ὸύδέ
1557 3962 1631 4014 νύ
1661 3961 1751 4013 πώ

290 4022 537 4091 Ἔγνως,
563 4022 641 4087 ὡς
668 4024 800 4089 θεός
823 4027 957 4094 εἰμι.

284 4138 396 4206 Οὐχ
428 4136 633 4189 ἁλωτὸν
678 4137 784 4209 γὰρ
822 4134 959 4193 εἶναι
1000 4140 1196 4213 θνητῷ,
1242 4144 1363 4197 οὐδὲ
1410 4147 1751 4218 καταληπτὸν
1800 4149 1860 4202 τὸ

286 4226 458 4289 Θείον,
484 4227 605 4281 οὔτε
637 4230 812 4294 ποσὶν,
846 4229 967 4284 οὐτε
990 4236 1194 4305 χερσὶν,
1228 4235 1351 4289 οὔτε
1397 4238 1715 4309 ὀφθαλμοῖς,
1744 4240 1856 4294 οὐθ’

286 4320 417 4384 ὅλως
450 4320 521 4392 τῷ
558 4321 788 4392 σώματι,
833 4324 1115 4396 δεδήλωκε.
1169 4348 1186 4378 ι
1224 4329 1339 4382 Τίνι
1382 4330 1699 4400 ὠμοιώσατε
1745 4333 1858 4385 Κύ-

1969 2958 2222 3015 Omnibus
2245 2977 2357 3014 ecce
2384 2971 2549 3031 patet,
2575 2960 2823 3031 nulloque
2848 2978 3025 3015 errore
3047 2971 3291 3031 vagatur,

1962 3107 2023 3151 ut
2056 3096 2256 3169 Sibylla
2295 3098 2511 3153 cecinit.
2551 3096 2887 3153 Xenocrates
2921 3100 3083 3154 etiam
3120 3098 3535 3168 Carthaginien-

1965 3187 2062 3253 sis,
2097 3190 2189 3257 qui
2244 3205 2517 3243 summum
2550 3188 2735 3243 Jovem
2774 3207 2942 3245 unum
2985 3191 3239 3259 appellat,
3290 3190 3536 3242 intimum

1964 3278 2219 3344 alterum,
2249 3277 2427 3335 Patris
2463 3280 2781 3335 nonnullam
2814 3281 2904 3335 dat
2939 3296 3003 3334 ac
3034 3278 3155 3333 Filii
3187 3279 3541 3347 signiﬁcatio-

1965 3386 2109 3425 nem.
2159 3370 2421 3441 Quodque
2466 3384 2659 3442 praeter
2707 3390 2923 3427 omnem
2957 3373 3265 3443 opinionem
3295 3380 3396 3435 est,
3432 3370 3543 3425 IIo-

1964 3477 2148 3516 merus
2175 3464 2340 3533 682
2390 3464 2504 3533 ipse
2557 3465 2766 3519 Numen
2818 3481 3113 3535 agnoscere
3166 3464 3395 3529 videtur,
3447 3464 3541 3533 qui

1964 3550 2095 3606 deos
2119 3551 2416 3606 introducit
2444 3554 2683 3607 humano
2721 3570 2873 3608 more
2900 3568 3173 3623 sensuque
3212 3560 3539 3617 commotos,

1966 3660 2126 3714 quem
2158 3653 2336 3699 tamen
2370 3660 2437 3699 ne
2467 3645 2546 3699 sic
2572 3646 2788 3714 quidem
2816 3653 3095 3701 reveretur
3123 3645 3411 3714 Epicurus.
3443 3642 3543 3698 Est

1967 3738 2111 3793 enim
2129 3736 2347 3792 Homeri
2378 3739 2521 3807 quod
2551 3733 2836 3809 sequittir:

1968 3894 2109 3961 Quid
2148 3912 2228 3948 me
2260 3894 2609 3948 immortalem
2639 3912 2818 3966 porro,
2849 3896 3091 3949 mortalis
3127 3895 3378 3954 Achilles,

1966 3965 2241 4037 Brwcipiti
2279 3982 2436 4019 cursu
2467 3965 2757 4037 insequeris
2783 3967 2807 4019 ἱ)
2836 3983 2951 4019 mea
2982 3966 3199 4019 numina
3227 3965 3460 4019 nondum

1974 4034 2176 4089 Scilicet
2208 4038 2435 4106 agnosti.

1967 4154 2087 4221 Quo
2128 4154 2344 4223 quidem
2397 4151 2606 4206 Numen
2636 4152 2903 4221 ejusmodi
2938 4167 3061 4207 esse
3106 4153 3363 4210 declarat.
3397 4152 3541 4220 quod

1970 4262 2068 4301 nec
2120 4245 2369 4315 pedibus,
2418 4261 2518 4299 nec
2570 4246 2843 4309 manibus,
2899 4260 2997 4298 nec
3041 4244 3247 4308 oculis,
3281 4258 3380 4297 nec
3426 4252 3539 4296 toto

1967 4352 2236 4407 corpore,
2291 4336 2537 4389 mortalis
2604 4336 2895 4405 quisquam
2956 4335 3172 4402 assequi
3240 4349 3543 4403 capereque

290 4429 430 4482 ριον;
460 4413 493 4484 ἢ
522 4414 633 4466 τίνι
662 4415 966 4487 ὁμοιώματι
1000 4419 1318 4489 ὡμοιώσατε
1354 4423 1551 4489 αὐτόν;
1588 4444 1605 4476 ι
1640 4426 1851 4495 φησὶνῆ

1966 4428 2158 4498 possit.
2195 4447 2213 4479 ι
2261 4427 2363 4482 Cui
2414 4428 2646 4482 similem
2682 4427 2891 4483 fecistis
2932 4426 3267 4482 Dominum?
3316 4435 3409 4479 aut
3454 4426 3545 4481 cui

289 4506 498 4579 Γραφή.
560 4526 576 4558 ι
608 4511 697 4581 Μὴ
740 4512 920 4565 εἰκόνα
951 4514 1172 4585 ἐποίησε
1219 4516 1443 4580 τέκτων,
1487 4519 1862 4590 ἢχρυσοχόος,

1972 4521 2194 4589 imagini
2241 4521 2643 4575 assimilavistis
2686 4523 2863 4574 eum?
2904 4540 2921 4571 ι
2963 4521 3141 4590 inquit
3199 4517 3478 4587 Scriptura
3502 4519 3541 4574 ³.

288 4601 563 4671 χωνεύσας
595 4604 835 4673 χρυσίον,
870 4606 1306 4685 περιεχρύσωσεν
1350 4611 1553 4676 αὐτόν;
1594 4632 1611 4664 ι
1663 4613 1755 4666 καὶ
1796 4613 1851 4665 τὸ

1976 4632 1997 4665 ι
2049 4613 2320 4684 Numquid
2372 4614 2621 4682 sculptile
2671 4612 2925 4667 conﬂavit
2973 4613 3142 4677 faber,
3192 4621 3285 4665 aut
3332 4610 3543 4664 aurifex

290 4695 379 4746 ἐπὶ
406 4693 632 4758 τούτοις.
665 4696 732 4749 Ὅ
770 4714 829 4749 τε
862 4700 1103 4770 κωμικὸς
1142 4700 1478 4773 Ἐπίχαρμος
1514 4702 1700 4773 σαφῶς
1730 4706 1859 4774 περὶ

289 4783 381 4836 τοῦ
406 4786 581 4854 Λόγου
607 4789 664 4839 ἐν
698 4791 763 4859 τῇ
787 4791 1060 4858 Πολιτείᾳ
1091 4790 1236 4859 λέγει
1262 4785 1365 4845 ὧδέ
1395 4810 1511 4857 πως
1532 4812 1544 4824 ·

364 5026 380 5056 ⁸
407 5025 593 5081 Matth.
629 5045 703 5095 xu,
735 5029 819 5083 15.
897 5031 916 5059 ²
946 5029 1103 5085 Deut.
1134 5048 1207 5098 vi,
1239 5035 1294 5088 4.
1412 5035 1432 5066 ³
1462 5035 1561 5091 lsa.
1592 5055 1665 5103 ιν,
1705 5040 1790 5095 18.

362 5185 474 5267 (82)
518 5187 1132 5267 Εὐφορίωνοςκιὶεοιε.
1171 5190 1303 5267 Ριιῇ
1337 5196 1503 5267 enim,
1535 5204 1589 5247 ut
1622 5206 1858 5264 constat,

292 5257 658 5331 Euphorionis
699 5257 856 5312 ﬁlius
904 5259 1215 5331 Aischylus.
1260 5263 1409 5315 Tolle
1442 5280 1572 5330 ergo
1602 5257 1860 5322 mendum

385 5328 681 5461 (llggiceute,
717 5331 859 5397 apud
889 5347 1050 5401 quem
1079 5328 1251 5402 leges,
1283 5334 1311 5384 ὅ
1338 5350 1396 5385 τε
1427 5328 1725 5407 Εὐφορίων,
1759 5339 1860 5391 ὅτε

291 5439 306 5451 .
360 5416 459 5468 σχυ
558 5437 572 5450 .

652 5469 827 5538 ἀρχά.
870 5468 1024 5554 Plato
1056 5472 1108 5527 in
1144 5472 1391 5538 Phtedra,
1429 5491 1549 5563 pag.
1578 5477 1704 5538 5H,
1738 5480 1855 5533 eod.

294 5555 449 5592 nemo
480 5557 493 5592 :
555 5540 707 5592 Λογὴ
751 5541 837 5592 δὲ.
868 5553 1071 5592 ιηιιιιιι.
1102 5540 1384 5592 ἀγένητον-
1438 5546 1524 5592 ‘E:
1558 5548 1733 5592 dravi:
1756 5548 1855 5592 νὸι

294 5540 449 5637 genia
480 5557 493 5592 :
542 5540 708 5624 Ἀρχὴ
751 5541 837 5605 δὲ,
868 5542 1071 5611 inquit,
1102 5540 1385 5615 ἀγένητον.
1430 5540 1527 5634 Ἓξ
1558 5548 1733 5634 ἀρχῇἧς
1756 5548 1864 5635 γὰρ

293 5610 503 5691 αναγιιη
532 5626 640 5691 παν
675 5611 736 5691 το
766 5612 1082 5691 γιγνόμενον
1112 5613 1415 5691 γίγνεσθαι,
1450 5618 1618 5691 αυτὴν
1650 5620 1714 5691 οὲγ
1742 5623 1863 5691 μήοέ

294 5680 351 5746 ἐξ
384 5680 521 5762 ἐμός.
563 5680 624 5732 Ei
658 5682 765 5752 γὰρ
815 5682 877 5735 ἐκ
908 5680 1001 5735 του
1025 5680 1194 5809 ’ἀρέἧ
1218 5680 1508 5771 γίγνοιτο,
1554 5680 1655 5742 οὐκ
1692 5680 1758 5742 ἂν
1804 5680 1864 5771 ξξ

294 5752 465 5809 tiam:
488 5750 744 5809 γίγνοιτο.
776 5751 955 5809 Forte.
984 5772 1083 5808 ουκ
1149 5774 1177 5809 ν
1206 5758 1348 5809 amrin
1387 5759 1645 5809 γίγνοιτο.
1679 5770 1736 5809 ιιι
1776 5759 1864 5809 Τι-

292 5750 465 5822 ἀρχῆς
488 5750 744 5819 γίγνοιτοέ
776 5751 955 5822 Forte,
984 5750 1348 5830 οὐχ’ἂνάρχὴ
1387 5750 1645 5828 γίγνοιτο,
1679 5770 1736 5815 ιιι
1776 5750 1865 5813 Ti:

1973 4721 2111 4760 auro
2140 4707 2261 4760 fuso
2294 4706 2568 4761 inauravit
2599 4708 2770 4761 eum?
2803 4727 2820 4758 ι
2861 4716 2913 4762 et
2945 4722 3066 4776 quae
3096 4714 3421 4774 sequuntur.
3475 4702 3543 4757 Et

1971 4792 2333 4865 Epicharmus
2357 4798 2600 4853 comicus
2629 4797 2682 4851 in
2712 4796 3021 4866 Republica,
3049 4797 3128 4850 sic
3150 4796 3216 4850 de
3243 4792 3392 4864 L030
3421 4809 3536 4864 per.

1972 4902 2159 4957 spncue
2192 4906 2205 4941 :

1970 5216 2131 5255 mirus
2164 5201 2295 5273 hic,
2339 5202 2440 5254 οὐκ
2481 5202 2544 5255 ἂν
2574 5198 2641 5273 ἦν
2677 5202 2755 5255 ἔτι
2802 5201 2964 5272 ἀρχά.
3007 5200 3181 5273 Atque
3231 5199 3303 5253 ita
3334 5196 3543 5273 Tuliius

1970 5272 2221 5335 reddidit,
2255 5271 2466 5330 Tuscul.
2506 5289 2542 5327 ιι
2578 5271 2607 5330 :V
2632 5272 2739 5325 Nec
2773 5277 2909 5325 enim
2942 5284 3075 5325 esset
3113 5271 3165 5324 id
3203 5272 3540 5339 principium,

1970 5342 2106 5411 quod
2150 5342 2461 5410 gignebatur
2502 5342 2733 5396 aliunde.
2775 5341 3003 5410 Vulgata
3049 5352 3226 5396 tamen
3263 5341 3421 5394 lectio
3453 5344 3546 5393 de-

1972 5411 2115 5463 fendi
2142 5422 2351 5484 putest.
2384 5413 2599 5484 Ἐπειδὴ
2622 5414 2678 5466 δὲ
2708 5413 2970 5483 ἀγένητόν
3003 5414 3140 5477 ἐστι,
3178 5411 3271 5465 καὶ
3294 5410 3547 5480 ἀδιαφθο-

1975 5480 2232 5554 ροναύτὸί
2258 5483 2472 5554 ἀνάγκη
2500 5480 2658 5547 εἶναι,
2686 5494 2787 5538 etc.

2044 5550 2153 5624 (βό)
2186 5550 2535 5624 Γινώσκειν,
2564 5556 2815 5609 Clemens
2839 5554 3086 5624 Ὄμηρος
3114 5551 3421 5621 γινώσκειν.

2044 5554 2132 5619 (84
2186 5554 2535 5608 Γινώσκειν.
2564 5556 2815 5609 Clemens
2839 5554 2953 5624 "Op.
2995 5570 3086 5624 ρος
3114 5554 3421 5621 γινώσκειν.

2044 5554 2154 5695 (85;
2189 5623 2357 5675 Τίπτε
2385 5640 2473 5690 με.
2503 5623 2667 5677 Iliad.
2694 5625 2758 5690 X,
2789 5640 2820 5679 v
2874 5625 2926 5680 9.
2955 5572 3148 5695 Xpollo
3173 5624 3546 5693 insequentem

1973 5692 2235 5747 Achillem
2270 5695 2575 5763 compellat.
