3872 6368
237 390 346 442 1155

1320 381 1637 437 ΡΒᾹΞΡΑΒ.
1681 379 1934 434 EVANG.
1992 377 2120 430 LIB.
2152 377 2286 431 XIII.

3316 381 3452 436 H34

234 499 304 552 τοῦ
349 496 500 550 Θεοῦ.
550 497 899 567 Παραφράζει
942 495 995 548 δὲ
1043 494 1256 557 ὲκείνας
1301 495 1397 556 τὰς
1435 491 1775 564 προφητικάς

1897 490 1989 546 )co
2041 491 2340 546 tribuenda:
2386 494 2730 548 occasionem
2783 495 2950 549 dedit.
3010 495 3275 549 Caeterum
3331 495 3450 548 illas

234 588 440 660 γραφὰς,
487 589 588 658 τήν
630 603 688 639 τε
728 585 816 639 διὰ
849 586 1005 656 Ὠσηέ
1036 585 1133 653 (4)·
1169 604 1186 636 ‹
1235 585 1363 638 Ἰδοὺ
1403 584 1512 653 ἐγὼ
1542 583 1776 654 στερεῶν

236 680 455 751 βροντὴν,
491 679 583 732 καὶ
621 677 817 741 κτίζων
843 677 1080 747 πνεῦμα,
1110 671 1170 729 οὗ
1201 679 1254 730 αἱ
1287 679 1464 747 χεῖρες
1493 675 1590 746 τὴν
1616 692 1780 746 στρα-

233 773 329 826 τιὰν
357 771 447 824 τοῦ
473 770 698 842 οὐρανοῦ
735 770 1118 840 ἐθεμελίωσαν.
1165 791 1181 821 ι
1219 770 1328 821 Καὶ
1363 770 1461 839 τὴν
1492 767 1581 822 διὰ
1612 769 1778 821 Maiia-

235 864 369 926 σέως,
394 883 412 913 ι
454 864 641 926 Ἴδετε,
667 862 820 926 ῖδετε,
845 864 926 916 ὅτι
954 861 1064 929 ἐγώ
1091 864 1223 930 εἰμι,
1260 861 1351 913 καὶ
1385 861 1483 913 οὐκ
1513 859 1627 912 ἔστι
1650 859 1781 921 Θεὸς

235 954 394 1025 ἕτερος
421 954 557 1024 πλὴν
582 953 738 1024 ἐμοῦ.
782 953 920 1022 Ἐγὼ
949 953 1250 1011 ἀποκτενῶ,
1283 952 1376 1004 καὶ
1401 950 1500 1021 ζῇν
1535 951 1742 1019 ποιήσω
1763 965 1776 978 °

233 1045 451 1112 πατάξω,
493 1044 649 1114 κάγὼ
680 1047 918 1116 ἰάσομαι.
959 1045 1066 1097 Καὶ
1116 1045 1213 1096 οὐκ
1248 1043 1392 1095 ἔστιν
1429 1043 1487 1104 ὃς
1529 1040 1782 1105 ὲξελεῖται

230 1137 286 1190 ὲκ
311 1138 411 1190 τῶν
434 1138 630 1207 χειρῶν
666 1154 789 1208 μου.
825 1156 842 1187 ι

229 1314 403 1380 Αὐτὸς
424 1314 476 1366 δ’
502 1315 569 1377 ἐξ
598 1312 836 1382 ἀγαθοῖο
870 1311 1059 1364 κακὸν
1083 1310 1350 1378 θνητοῖσι
1381 1309 1643 1378 φυτεύει,

229 1386 324 1438 Καὶ
350 1378 610 1453 πόλεμον
637 1378 946 1451 κρίνετεντα.

230 1475 370 1529 Κατὰ
424 1476 513 1528 τὸν
555 1476 773 1546 ὐρζοέα.
806 1475 1039 1527 Τοιαῦτα
1083 1475 1176 1526 καὶ
1225 1472 1426 1543 Πάριος
1483 1469 1787 1540 Ἀρχίλοχος

229 1566 360 1634 λέγει
379 1583 395 1598 ·

229 1678 296 1736 Ὠ
321 1681 447 1739 Ζεῦ.
477 1680 593 1732 σι¹ν
620 1679 734 1747 μὲν
766 1678 1022 1744 οὐρανοῦ
1050 1677 1281 1745 κράτος,
1311 1676 1390 1729 σὺ
1425 1675 1475 1728 δ’
1503 1676 1648 1747 ἔργα

241 1753 351 1805 Ἐπ’
383 1745 730 1818 ἀνθρώπους
751 1751 900 1816 psic,
934 1748 1161 1817 λεωργά
1195 1765 1252 1800 τε
1285 1747 1377 1799 καὶ
1410 1745 1714 1812 ἀθέμιστα.

230 1865 383 1919 Πάλιν
410 1867 542 1935 ἡμῖν
575 1863 758 1934 ᾀσὰτω
783 1864 812 1915 6
845 1862 1078 1934 Θράκιος
1121 1859 1351 1932 Ὀρφεύς
1373 1877 1385 1889 ·

227 1977 391 2044 Χεῖρα
418 1975 484 2029 δὲ
516 1974 823 2043 δεξιτερὴν
845 1977 942 2029 ἐπὶ
975 1975 1257 2044 τέρματος
1279 1973 1594 2044 ,Ὠκεανοῖο

233 2043 522 2100 Πάντοθεν
549 2046 895 2100 ἑκτέτακεν·
927 2043 1142 2115 quino”
1176 2043 1294 2098 ὑπὸ
1338 2044 1525 2096 ποσσὶ
1549 2043 1792 2108 βέϐηκε.

233 2160 406 2215 Ταῦτα
451 2159 706 2231 ἐμφανῶς
742 2157 946 2212 ἐκεῖθεν
1002 2158 1286 2227 εἴληπται·
1328 2175 1345 2206 ι
1388 2156 1590 2229 Κύριος
1636 2154 1797 2208 σώσει

233 2252 406 2315 πόλεις
440 2251 885 2322 κατοικουμένας,
918 2250 1013 2305 καὶ
1043 2254 1142 2320 τήν
1168 2247 1488 2317 οἰκουμένην
1532 2245 1658 2315 ὅλην
1696 2261 1797 2298 κα-

227 2343 513 2414 ταλήψεται
537 2346 601 2415 τῇ
630 2344 772 2415 χειρὶ
809 2343 884 2404 ὡς
907 2341 1124 2394 νοσσιὰν
1151 2339 1249 2409 (5).
1283 2338 1483 2408 Κύριος
1516 2339 1544 2389 6
1570 2337 1798 2406 ποιήσας

230 2431 320 2504 τὴν
362 2435 465 2503 γῆν
510 2435 568 2485 ἐν
614 2436 679 2503 τῇ
733 2431 879 2501 ἰσχύϊ
925 2431 1110 2496 αὐτοῦ,
1142 2450 1158 2482 ι
1195 2429 1270 2492 ὥς
1312 2445 1474 2499 φησιν
1511 2427 1797 2498 Ἱερεμίας,

235 2543 256 2578 ε
276 2541 363 2579 και
388 2522 702 2594 ἀνορθώσας
723 2523 818 2594 τὴν
845 2520 1167 2592 οἰκουμένην
1195 2523 1252 2574 ὲν
1275 2523 1340 2591 τῇ
1374 2519 1534 2590 σοφίᾳ
1563 2517 1750 2572 αὐτοῦ.
1776 2537 1794 2569 ι

257 2621 348 2670 Et:
388 2615 525 2685 πρὸς
562 2616 736 2667 τοῖσδε
770 2613 1081 2684 Φωκυλίδης
1116 2613 1212 2683 μὲν
1243 2613 1368 2675 τοὺς
1394 2611 1658 2679 ἀγγέλους
1685 2609 1801 2662 δαί-

232 2725 391 2779 μονας
429 2706 632 2769 καλῶν,
671 2708 797 2768 τοὺς
847 2707 943 2777 μὲν
995 2701 1132 2757 εἶναι
1175 2704 1411 2773 ἀγαθοὺς
1449 2703 1648 2765 αὐτῶν,
1677 2701 1803 2763 τοὺς

230 2800 284 2852 δὲ
310 2797 564 2868 φαύλους,
597 2797 684 2849 διὰ
713 2797 915 2849 τούτων
943 2795 1268 2866 παρίστησιν
1290 2834 1304 2858 ,
1347 2793 1468 2846 ἐπεὶ
1510 2793 1604 2846 καὶ
1644 2793 1802 2861 ἡμεῖς

230 2891 538 2953 ἀποστάτας
566 2891 718 2952 τινὰς
745 2887 1185 2961 παρειλήφαμεν·

243 3003 391 3056 Ἀλλ’
423 3000 536 3070 ἄρα
573 3001 850 3072 δαίμονές
878 3002 1034 3053 εἰσιν
1076 3000 1169 3052 ἐπ’
1210 2997 1804 3072 ἀνδράσιν-,ξυλοθεν

235 3145 297 3220 οι
310 3141 427 3211 μὲν
445 3141 844 3211 ἐπερχομένου
870 3141 942 3212 (6)
967 3140 1154 3194 κακὸν
1173 3140 1384 3208 ἀνέρος
1404 3068 1796 3192 magicae

231 3235 423 3298 Καλῶς
471 3230 564 3288 οὖν
611 3235 705 3289 καὶ
751 3233 1002 3305 Φιλήμων
1034 3234 1062 3285 6
1095 3233 1355 3303 κωμικὸς,
1394 3233 1492 3302 τὴν
1523 3231 1799 3284 εἰδωλολα-

230 3329 413 3399 τρείαν
448 3328 701 3381 ἐκκόπτει
740 3326 827 3380 διὰ
859 3325 1062 3379 τούτων

233 3439 353 3492 Οὐκ
378 3439 548 3490 ἐστιν
576 3437 720 3505 ἡμῖν
753 3436 999 3504 οὐδεμία
1023 3436 1172 3504 τύχη
1209 3436 1362 3500 θεὸς,

234 3511 353 3562 Οὐκ
386 3507 573 3570 ἔστιν,
606 3506 764 3560 ἀλλὰ
795 3507 1162 3574 ταυτόματον
1188 3505 1218 3558 ὃ
1247 3506 1505 3575 γίγνεται

239 3577 333 3642 Ὠς
357 3579 576 3644 ἔτυχεν
604 3575 856 3642 ἑκάστῳ,
884 3577 1383 3644 προσαγορεύεται
1420 3577 1591 3643 τύχη.

230 3667 506 3738 Σοφοκλῆς
537 3666 592 3719 δὲ
620 3667 648 3718 ὁ
683 3664 1109 3736 τραγῳδοποιός·

232 3772 386 3826 Οὐδὲ
411 3771 586 3838 θεοῖς,
623 3771 788 3839 λέγει,
823 3773 1139 3840 αὐθαίρετα
1163 3772 1356 3827 πάντα
1381 3774 1684 3838 πέλονται,

228 3859 427 3926 Νόσεοι
450 3861 581 3925 Διός
596 3858 831 3928 ’,κεῖνος
853 3860 960 3930 γὰρ
987 3862 1108 3930 ἔχει
1135 3859 1305 3927 τέλος
1323 3861 1430 3929 ἠδὲ
1457 3862 1555 3915 καὶ
1582 3864 1796 3933 ἀρχήν.

230 4019 299 4070 '0
337 4035 398 4070 τε
443 4019 704 4091 Ὀρφεύςο

231 4134 346 4186 Ἓν
379 4132 614 4201 κράτος,
644 4129 730 4200 εἷς
755 4134 982 4205 δαίμων
1007 4135 1269 4205 γέγονεν,
1304 4135 1804 4238 μέγαςΐοῒιέρανὸς

1392 4205 1398 4207 .
1684 4213 1697 4238 1
1781 4205 1788 4206 ,

239 4274 344 4327 Ἐν
371 4272 442 4327 δὲ
468 4273 538 4327 τὰ
578 4274 772 4328 πάντα
818 4276 1111 4339 τέτυκται,
1139 4275 1210 4329 ἐν
1235 4268 1283 4342 ᾧ
1309 4275 1448 4329 τάδε
1465 4205 1803 4358 Γσίιῗέἓῖινθίυ-

1465 4345 1731 4418 [κλεῖται.

226 4413 380 4481 Πῦρ,
409 4415 504 4467 καὶ
538 4414 712 4483 ὕδωρ,
739 4415 836 4468 καὶ
877 4417 1031 4485 γαΐα.

1880 598 2096 652 quoque
2140 584 2528 653 prophetarum
2580 600 2744 640 voces
2791 585 3059 651 illustrat;
3108 585 3278 654 Osee,
3320 588 3448 642 dum

1881 677 1978 741 ait,
2020 696 2037 728 ι
2074 675 2214 732 Ecce
2236 692 2337 748 ego
2365 677 2593 733 firmans
2623 679 2852 741 tonitru,
2876 688 2927 733 et
2959 694 3152 734 creans
3176 681 3450 749 spiritum,

1883 769 2039 838 cujus
2075 785 2269 825 manus
2315 771 2612 826 exercitum
2662 771 2787 825 cmli
2842 770 3206 826 fundaverunt
3247 773 3301 838 ³,
3342 793 3360 824 ι
3400 784 3455 827 et

1882 864 2085 936 Moysis
2105 904 2118 927 ,
2149 879 2241 933 per
2266 879 2426 934 quem
2467 866 2539 918 ita
2571 863 2714 918 Deus
2736 908 2750 930 ,
2794 883 2810 914 ι
2830 862 3033 929 Videte,
3069 864 3242 918 videte
3263 905 3278 928 ,
3316 881 3453 934 quo-

1884 956 2032 1009 niam
2063 971 2163 1026 ego
2205 971 2348 1019 sum,
2396 961 2449 1009 et
2497 970 2606 1008 non
2649 964 2732 1010 est
2767 953 2909 1009 Deus
2953 954 3094 1009 alius
3125 962 3321 1022 prmter
3349 970 3453 1008 me.

1886 1043 1997 1114 Ego
2035 1044 2357 1097 interficiant
2381 1085 2395 1108 ,
2451 1052 2505 1097 ct
2535 1044 2719 1098 vivere
2762 1043 2960 1097 iaciam
2993 1060 3010 1096 :
3043 1044 3338 1112 percutiam
3360 1083 3374 1107 ,
3406 1055 3458 1096 ct

1884 1150 1984 1203 ego
2024 1136 2247 1189 sanabo.
2293 1133 2355 1188 Et
2407 1150 2513 1187 non
2561 1144 2644 1188 est
2689 1136 2781 1204 qui
2833 1134 3045 1189 auferat
3088 1135 3155 1188 de
3207 1135 3457 1188 manibus

1887 1227 2023 1278 meis
2054 1225 2092 1277 ’⁵.
2133 1245 2150 1276 ο

1889 1319 1928 1370 Α
1968 1317 2102 1372 laetis
2127 1317 2254 1369 solet
2282 1317 2366 1369 hic
2393 1324 2555 1369 duras
2584 1315 2888 1369 submittere
2925 1318 3072 1369 rebus
3093 1357 3108 1381 ,

1888 1389 1964 1441 Ac
1997 1391 2170 1440 tristes
2203 1387 2326 1440 belli
2360 1387 2553 1454 furias,
3058 1416 3062 1418 ~

1892 1478 1960 1532 Ut
1999 1480 2229 1532 canebat
2279 1477 2550 1546 Orpheus.
2612 1477 2785 1544 Quam
2825 1478 2876 1530 in
2926 1493 3037 1530 rem
3082 1476 3270 1530 Parius
3299 1475 3460 1530 etiam

1891 1569 2247 1622 Archilochus
2275 1570 2345 1621 ita
2371 1569 2580 1631 scribit,

1893 1679 2024 1732 Caeli
2055 1680 2263 1749 quidem
2290 1680 2562 1747 imperium
2592 1690 2741 1733 tuum
2772 1693 2846 1734 est
2875 1697 2891 1732 :
2923 1691 2976 1732 at
3017 1697 3133 1733 vero
3163 1681 3286 1733 inde

1893 1749 2094 1803 Acerba
2136 1752 2188 1802 in
2215 1749 2449 1804 homines
2491 1761 2649 1820 atque
2682 1752 2908 1818 infanda
2947 1751 3136 1803 mittis.

1895 1865 1963 1917 At
1996 1880 2187 1917 rursus
2214 1862 2506 1917 Thracium
2545 1864 2817 1934 Orpheum
2853 1865 3162 1928 audiamus,

1900 1971 2094 2026 Oceani
2129 1984 2389 2027 extremos
2418 1973 2785 2042 complectitur
2817 1974 3043 2042 undique
3072 1973 3200 2040 ﬁnes

1897 2042 2148 2108 Dextera,
2179 2043 2543 2113 subjectasque
2581 2047 2766 2112 premit
2792 2043 2978 2112 planta
3009 2044 3179 2095 ardua
3205 2051 3394 2095 terras.

1896 2158 2029 2225 Qua:
2071 2157 2291 2228 quidem
2327 2171 2394 2210 ea
2424 2156 2532 2210 illis
2562 2155 2852 2210 manifeste
2885 2156 3103 2221 hausit,
3149 2173 3168 2207 ι
3204 2155 3466 2209 Dominus

1899 2251 2137 2308 servabit
2172 2250 2440 2312 civitates,
2475 2264 2598 2318 quae
2637 2249 2973 2310 habitantur,
3019 2256 3072 2302 et
3117 2247 3300 2302 orbem
3340 2247 3467 2302 uni-

1899 2359 2115 2397 versum
2144 2341 2566 2411 comprehendet
2594 2357 2756 2394 manu
2781 2382 2796 2407 ,
2830 2340 2988 2410 quasi
3013 2340 3222 2395 nidum.
3285 2339 3471 2394 Domi-

1901 2450 2004 2488 nus
2026 2434 2118 2504 qui
2152 2433 2278 2490 fecit
2305 2445 2505 2488 terram
2538 2433 2591 2486 in
2626 2433 2945 2488 fortitudine
2978 2449 3110 2498 sua,
3145 2452 3162 2484 ι
3203 2442 3260 2487 ut
3294 2433 3469 2503 inquit

1899 2523 2186 2587 Jeremias,
2210 2543 2228 2576 ι
2255 2533 2309 2578 et
2335 2523 2509 2579 erexit
2536 2525 2722 2579 orbem
2753 2527 2808 2579 in
2838 2526 3099 2594 sapientia
3125 2540 3223 2578 sua
3257 2525 3299 2580 '.
3323 2543 3343 2578 >
3373 2522 3471 2579 His

1902 2613 2246 2684 Phocylidem
2296 2614 2561 2686 adiungas
2591 2615 2735 2681 licet,
2766 2616 2859 2685 qui
2908 2616 3129 2685 angelos
3163 2616 3468 2669 daemonum

1903 2706 2180 2776 appellans
2211 2707 2468 2772 nomine,
2501 2708 2676 2762 bonos
2705 2722 2772 2762 ex
2809 2707 2918 2763 illis
2949 2708 3113 2770 alios,
3157 2708 3293 2762 alios
3339 2721 3472 2762 vero

1904 2798 2079 2852 malos
2118 2798 2190 2852 ita
2219 2799 2525 2870 distinguit,
2567 2799 2837 2869 siquidem
2872 2814 2973 2855 nos
2997 2814 3218 2870 quoque
3243 2799 3471 2854 rebelles

1906 2890 2196 2944 nonnullos
2226 2891 2556 2960 accepimus,

1906 3001 2242 3056 Dtemonibus
2272 3020 2429 3072 genus
2453 3005 2507 3056 in
2533 3013 2769 3057 nostrum
2797 3019 2898 3056 non
2929 3018 3036 3054 una
3076 3011 3308 3070 potestas

1912 3072 2150 3144 Namque
2173 3073 2295 3127 aliis
2313 3075 2406 3143 jus
2436 3084 2512 3128 est
2541 3075 2826 3128 venientem
2854 3083 3082 3126 avertere
3122 3082 3335 3142 pestem.

1829 3183 1875 3243 ο
1904 3205 2034 3261 Jure
2075 3222 2202 3277 ergo
2251 3207 2610 3261 idololatriam
2658 3204 2941 3260 Philemon
2979 3205 3222 3259 comicus
3255 3201 3328 3257 ita
3381 3217 3471 3256 re-

1906 3299 2124 3364 scindit,

1913 3413 2150 3466 Fortuna
2181 3429 2282 3465 non
2311 3421 2386 3465 est
2418 3411 2529 3464 ulla
2561 3427 2676 3480 qua:
2711 3411 2881 3479 fertur
2917 3407 3044 3468 Dea.

1911 3482 2032 3536 Non
2062 3493 2157 3536 est.
2200 3485 2264 3536 At
2288 3483 2487 3534 homini
2523 3477 2800 3551 quidquid.
2837 3488 2892 3532 ut
2929 3493 3083 3532 casus
3122 3477 3263 3540 tulit,

1909 3553 2174 3606 Acciderit
2208 3553 2348 3605 ultro
2379 3553 2584 3621 cuique,
2619 3555 2888 3620 [ogtunam
2921 3556 3125 3604 vocant.

1910 3646 1974 3700 Et
2009 3646 2246 3714 tragicus
2281 3642 2600 3712 Sophocles,

1905 3757 2074 3828 688
2106 3755 2215 3828 Nec
2242 3755 2480 3828 Superis,
2505 3755 2727 3828 inquit,
2745 3771 2839 3823 pro
2881 3756 3012 3807 cotis
3053 3769 3230 3807 omnia
3260 3753 3472 3816 cedunt,

1909 3826 2140 3881 Eiceoto
2167 3826 2315 3890 Jove,
2344 3827 2661 3895 principium
2693 3827 2948 3895 ﬁnemque
2987 3834 3189 3878 tenente

1910 4029 1976 4082 Et
2003 4029 2274 4099 Orpheus,

1924 4140 2008 4194 Vis
2038 4158 2142 4194 una
2176 4151 2274 4206 est,
2310 4155 2601 4209 numenque
2629 4153 2812 4204 unum,
2843 4135 2955 4190 σαξιὶ
2987 4135 3138 4209 ignea
3179 4133 3361 4209 moles.

1912 4210 2113 4280 Cuncta
2147 4228 2241 4264 suo
2262 4205 2383 4280 qua:
2411 4205 2539 4262 nata
2568 4210 2687 4263 sinu
2710 4209 2974 4262 ~convertit
3016 4207 3071 4258 in
3111 4205 3305 4269 orbem,

1913 4279 2112 4350 Ignem,
2154 4279 2344 4345 inulas,
2382 4292 2598 4333 terram.

224 4529 339 4582 Kal.
361 4527 432 4582 τὰ
455 4529 546 4582 ἐπὶ
582 4528 811 4592 τούτοις.
841 4529 1101 4597 Πίνδαρος
1128 4531 1182 4584 δὲ
1216 4533 1242 4584 6
1273 4531 1574 4602 μελοποιὸς,
1596 4529 1704 4588 οἷον
1726 4535 1786 4588 ὲκ

1921 4539 1984 4593 Et
2012 4555 2132 4608 quae
2161 4547 2482 4606 sequuntur.
2522 4534 2748 4607 Lyricus
2774 4537 2898 4588 item
2934 4531 3204 4586 Pindarus
3239 4534 3472 4604 quodam

225 4621 560 4696 ϐακχεύεται
592 4625 846 4697 ἄντικρυς
870 4623 1036 4680 εἰπών
1053 4642 1066 4656 ·

309 4805 372 4858 Τί
402 4806 581 4869 Θεός;
614 4805 684 4857 Ὅ
711 4821 766 4856 τι
801 4805 865 4858 τὸ
887 4804 1036 4858 πᾶν·

225 4897 328 4950 καὶ
362 4896 525 4950 πάλιν
545 4914 557 4926 ·

307 5009 457 5073 Θεος
484 5012 516 5062 ὀ
541 5009 736 5062 πάντα
760 5010 986 5077 τεύχων
1006 5009 1268 5080 βροτοῖς.

223 5099 376 5154 ἐπὰν
410 5099 466 5152 δὲ
498 5099 625 5171 εἴπῃ
645 5116 658 5129 ·

226 5191 299 5243 T1
329 5191 542 5245 ἔλπεαι
585 5191 809 5260 σοφίαν
839 5193 1043 5260 ὀλίγον
1091 5209 1145 5244 τι
1195 5190 1350 5260 ἀνὴρ
1393 5190 1812 5276 ὐπὲρνὰνδρὸς

1523 5260 1736 5333 [ἔχωνς

223 5330 319 5386 Τὰ
373 5329 525 5386 θεῶν
566 5331 952 5401 ,ϐουλεύματα
999 5328 1314 5398 ἐρευνᾶσαι
1362 5328 1585 5398 βροτέα
1633 5332 1811 5397 φύσει

1393 5401 1736 5472 [δύσκολον.

218 5469 472 5538 Graqu
500 5471 552 5524 δ’
581 5472 699 5525 ἀπὸ
724 5470 947 5540 ματρὸς
979 5469 1114 5540 ἔφυ.

232 5563 487 5620 Ἐκεῖθεν
519 5563 727 5616 ἕσπακε
770 5562 866 5632 τὴν
910 5562 1174 5616 διάνοιαν*
1209 5580 1227 5613 ι
1254 5561 1350 5627 Τίς
1380 5562 1521 5630 ἔγνω
1550 5561 1672 5615 νοῦν
1714 5563 1814 5616 Κυ-

860 5657 880 5683 δ
918 5657 1071 5709 Deut.
1127 5669 1310 5717 xxxii,
1357 5654 1448 5708 59.
1525 5655 1546 5685 ⁸
1577 5670 1694 5723 cap.
1730 5669 1784 5719 κ,
1819 5668 1959 5708 vers.
1989 5649 2077 5703 12.

298 5655 324 5686 ⁸
349 5657 546 5710 Amos.
578 5671 653 5719 tv,
680 5654 762 5709 15.

303 5771 386 5843 (4)
419 5774 522 5844 Διὰ
564 5775 757 5841 Ὠσηὲ.
799 5774 1144 5844 Μνημονικὸν
1177 5772 1476 5843 ἁμάρτημα
1508 5782 1610 5827 est.
1637 5770 1811 5827 Locus

217 5844 382 5898 enim
415 5843 644 5900 habetur
674 5846 839 5899 Amos
871 5843 944 5910 tv,
975 5845 1055 5898 l5.
1154 5873 1157 5876 -

1911 4629 2069 4699 quasi
2102 4628 2363 4682 Bacchico
2401 4627 2584 4680 furore
2627 4631 2910 4678 correctus
2950 4621 3023 4674 ita
3069 4620 3267 4674 diserte
3299 4621 3474 4691 loqui-

1915 4731 2030 4785 tur,

1983 4813 2124 4880 Quid
2151 4812 2288 4866 Deus
2309 4814 2334 4866 .9
2366 4811 2696 4866 Universum.

1911 4907 1977 4962 Et
2009 4923 2220 4973 rursus,

1988 5001 2126 5054 Deus
2164 5001 2339 5054 omnia
2364 5013 2641 5066 procreans
2673 4993 3006 5050 mortalibus.

1916 5093 2051 5148 Dum
2088 5103 2268 5147 autem
2303 5093 2414 5146 haec
2438 5091 2534 5153 ait,

1916 5187 2054 5252 Quid
2093 5188 2338 5244 exiguam
2370 5185 2464 5238 tibi
2511 5182 2825 5252 sapientiam
2853 5180 2916 5234 ab
2948 5179 3153 5234 homine
3178 5177 3329 5300 [tanta
3359 5194 3484 5282 pq.-9

3295 5265 3471 5300 κει-ιε.

1923 5248 1954 5252 Ὗ
2574 5248 2583 5252 ⁷
3272 5248 3472 5301 ιὶεετὶεὲ

1922 5327 2086 5380 Deum
2132 5326 2353 5378 consilia
2393 5325 2577 5376 rimari
2617 5321 2831 5375 mortali
2870 5331 3076 5375 natura:
3109 5248 3330 5387 dif/ictuc
3377 5327 3472 5372 est.

1919 5397 2014 5450 Est
2042 5397 2181 5450 enim
2203 5395 2418 5448 mortali
2448 5405 2613 5447 matre
2637 5404 2777 5446 sata.

1921 5558 2000 5613 Ex
2037 5559 2128 5613 illo
2159 5557 2309 5612 Isaiae
2336 5557 2458 5611 loco
2481 5555 2800 5611 sententiam
2827 5556 2967 5611 hanc
2994 5554 3280 5614 derivavit,
3320 5549 3487 5618 «Quis

1993 5768 2068 5835 (5)
2098 5767 2289 5831 Clem.,
2315 5765 2578 5818 νεοσσιάν.

1999 5769 2047 5835 (5
2098 5768 2289 5831 Clem.,
2315 5768 2578 5818 νεοσσιὰν.

1999 5768 2072 5906 (ul
2100 5835 2258 5891 Forte
2283 5836 2662 5902 ἐπερχόμενον.
