3994 6384
219 394 348 449 ΜΗ

1341 395 1678 468 ιΡιΜΕΡΑΒ.
1723 395 1974 453 EVANG.
2015 393 2142 450 LIB.
2189 396 2315 451 XI".

3363 392 3500 448 1549.

218 512 326 566 τῶν
365 513 663 584 Ἀθηναίων
695 515 1100 588 συνωθούμενον
1123 535 1134 546 ·
1180 517 1253 582 ὡς
1291 521 1364 589 μὴ
1403 518 1808 590 διατρέπεσθαι,

1930 534 2154 590 namque
2185 532 2398 578 vocem,
2430 524 2538 586 qua
2571 530 2629 569 se
2660 513 2826 585 hujus
2857 513 3097 568 universi
3128 521 3409 582 parentem
3439 527 3502 567 ac

217 605 306 657 τὸν
341 607 641 678 Σωκράτην
684 608 985 678 καταϐῆναι
1031 610 1208 679 φάντα
1247 611 1325 672 εἰς
1375 612 1606 682 Πειραιᾶ
1642 629 1810 682 προσο

220 698 511 768 ευξόμενον
553 703 616 771 τῇ
667 700 794 771 θεῷ,
841 703 934 755 καὶ
981 702 1079 772 τὴν
1124 701 1394 774 βάρϐαρον
1440 703 1633 774 ἑορτὴν
1686 704 1814 767 τοὺς

221 788 445 851 πολίτας
475 791 598 842 τότε
649 791 866 862 πρῶτον
905 791 1286 854 ἐπιτελοῦντας
1327 790 1684 862 θεασόμενον,
1721 792 1815 844 καὶ

223 879 312 931 τὸν
367 879 709 952 ἀλεκτρυόνα
759 881 837 951 τῷ
880 881 1194 953 Ἀσκληπιῷ
1237 881 1396 936 θῦσαι
1423 863 1815 953 ’ὁμολογοῦντα

227 971 550 1041 προστάξαι,
583 973 675 1025 τόν
708 989 768 1025 τε
814 974 1044 1044 πάτριον
1080 973 1344 1044 Ἑλλήνων
1389 973 1683 1046 ἐξηγητὴν,
1725 975 1814 1028 τὸν

223 1061 602 1132 ἐγκαθήμενον
645 1065 704 1116 ἐν
753 1063 974 1132 Δελιξοῖς
1003 1065 1230 1136 δαίμονα
1266 1065 1570 1130 θειάζοντα.
1598 1065 1690 1118 Διὸ
1724 1065 1814 1118 καὶ

223 1153 449 1218 εἰκότως
497 1157 594 1226 τῆς
655 1156 982 1227 ἀφιλοσόφου
1034 1157 1271 1229 πληθύος
1321 1158 1419 1228 τὴν
1449 1159 1656 1212 αἰτίαν
1715 1159 1814 1229 τῆς

220 1246 619 1318 δεισιδαίμονος
654 1249 862 1320 πλάνης
884 1250 1248 1322 ἐπιγράψαιτο
1282 1250 1365 1304 ἄν.
1394 1251 1652 1304 Ἀνάλσιεε
1684 1251 1814 1320 γοῦν

225 1336 460 1410 σμικρὸν
493 1338 699 1393 ἄνωθεν
734 1339 825 1393 τὸν
859 1340 1034 1408 λόγον,
1071 1341 1164 1393 καὶ
1193 1339 1291 1394 θέα
1326 1335 1414 1393 οῗά
1443 1357 1523 1392 σοι
1559 1341 1586 1392 ὁ
1616 1341 1816 1393 πάνσοο-

225 1446 342 1493 φος,
383 1430 528 1499 μετὰ
562 1430 660 1494 τὰς
694 1432 1019 1502 ἀσωμάτους
1053 1433 1146 1486 καὶ
1178 1433 1488 1504 ἁσθάρτους
1519 1431 1690 1496 ἰδέας,
1726 1435 1819 1486 καὶ

226 1522 363 1592 μετὰ
376 1520 512 1574 Θεὸν
531 1523 763 1594 πρῶτον,
783 1526 878 1577 καὶ
893 1523 1143 1594 δεύτερον
1161 1524 1350 1586 αἴτιον,
1368 1524 1461 1576 καί
1477 1522 1616 1593 μετά
1629 1540 1712 1574 νθε
1723 1525 1818 1594 ρᾶς

226 1613 317 1665 καὶ
363 1612 672 1676 ἀθανάτους
715 1614 902 1678 οὐσίας
928 1651 943 1674 ,
987 1615 1109 1685 περὶ
1159 1612 1258 1682 τῆς
1303 1612 1584 1682 πανδήμου
1640 1609 1817 1680 δόξης,

227 1704 572 1774 ἐνομοθέτει,
615 1704 788 1773 λέγων
818 1722 832 1736 ο
872 1724 889 1755 ι
923 1706 1058 1775 Περὶ
1102 1704 1158 1757 δε
1194 1705 1300 1757 τῶν
1336 1704 1510 1757 ἄλλων
1555 1703 1820 1774 δαιμόνων

227 1799 419 1860 εἰπεῖν,
452 1798 546 1850 καὶ
577 1797 782 1865 γνῶναι
812 1799 909 1868 τὴν
943 1796 1180 1866 γένεσιν,
1209 1797 1391 1868 μεῖζον
1429 1797 1461 1869 ἢ
1495 1797 1612 1850 καθ’
1653 1799 1818 1866 ἡμᾶς.

226 1886 554 1940 Πιστευτέον
582 1889 637 1940 δέ
661 1892 773 1951 τοίς
798 1888 1077 1960 εἰρηκόσιν
1103 1886 1433 1958 ἔμπροσθεν,
1459 1886 1704 1955 ἐκγόνοις
1728 1886 1825 1956 μὲν
1858 1879 1900 1934 Β

229 1977 366 2030 θεῶν
401 1972 580 2041 οὖσιν,
612 1979 687 2042 ὡς
719 1977 947 2048 ἔφασαν,
986 1978 1172 2048 σαφῶς
1221 1977 1276 2030 δέ
1318 1995 1418 2030 που
1451 1979 1577 2040 τοὺς
1619 1976 1826 2031 ἑαυτῶν

231 2068 530 2140 προγόνους
566 2070 784 2123 εἰδόσιν.
834 2069 1120 2124 Ἀδύνατον
1152 2064 1242 2121 οὖν
1289 2068 1425 2122 θεῶν
1469 2070 1656 2123 παισὶν
1700 2071 1829 2122 ἀπι-

234 2165 406 2223 στεῖν,
448 2163 649 2233 καίπερ
691 2163 819 2216 ἄνευ
857 2163 1082 2215 εἰκότων
1118 2164 1212 2216 καὶ
1255 2163 1568 2231 ἀναγκαίων
1615 2163 1860 2216 ἁποδεί-..

234 2254 365 2317 ξεων
411 2254 666 2323 λέγουσιν
689 2272 701 2284 ·
750 2255 863 2309 ἀλλ’
895 2256 970 2318 ὡς
1007 2257 1183 2308 οἰκεῖα
1214 2255 1514 2323 φάσκουσιν
1551 2255 1828 2323 ἀπαγγελ-

233 2345 381 2411 λειν,
440 2348 742 2418 ἑπομένους
805 2348 882 2418 τῷ
936 2348 1085 2418 νόμῳ
1141 2346 1693 2411 πιστευτέον.οὖτως
1735 2343 1827 2400 οὖν

235 2442 352 2492 κατ’
392 2441 639 2502 ἐκείνους
670 2444 802 2512 ἡμῖν
836 2445 868 2511 ὴ
907 2442 1119 2509 γένεσις
1155 2442 1282 2510 περὶ
1317 2442 1523 2496 τούτων
1556 2442 1663 2496 τῶν
1692 2442 1828 2495 θεῶν

235 2533 436 2602 ἐχέτω.
472 2535 566 2586 καὶ
601 2534 870 2602 λεγέσθω·
929 2535 1034 2605 Γῆς
1069 2553 1125 2588 τε
1149 2574 1181 2598 ,_
1213 2537 1306 2590 καὶ
1356 2535 1597 2607 Οὐρανοῦ
1643 2537 1828 2598 παῖδες

247 2628 498 2690 Ὠκεανός
520 2646 577 2682 τε
607 2631 702 2683 καὶ
732 2628 911 2698 Τηθὺς
941 2631 1232 2700 ἐγενέσθην
1253 2649 1264 2660 ·
1294 2629 1495 2682 τούτων
1517 2630 1574 2682 δέ
1595 2631 1826 2700 Φόρκυς,

236 2723 440 2794 Κρόνος
463 2740 545 2786 τε,
582 2725 674 2777 καὶ
720 2724 880 2785 ἰ’ἐα,
937 2727 1028 2777 καὶ
1056 2727 1167 2778 ὅσοι
1216 2725 1352 2795 μετὰ
1391 2725 1626 2779 τούτων·
1669 2728 1734 2778 ἐκ
1764 2726 1819 2778 δὲ

237 2814 445 2884 Κῴνου
485 2816 772 2879 καὶῬέας.
813 2816 970 2878 Ζεὺς,
1004 2816 1152 2886 ’Ἡρα
1181 2833 1264 2879 τε,
1302 2816 1396 2868 καὶ
1425 2815 1646 2878 πάντες,
1675 2817 1828 2879 ὅσους,

239 2905 392 2974 ἴσμεν
427 2909 638 2970 πάντας
691 2907 956 2975 ἀδελφούς
1017 2905 1345 2977 λεγομένους
1398 2905 1607 2968 αὐτῶν,
1651 2905 1729 2958 ἔτι
1771 2923 1832 2958 τε

237 3003 361 3064 τοὺς
391 3002 602 3054 τούτων
651 3000 840 3063 ἄλλους
879 3002 1155 3068 ἐκγόνους.
1195 3019 1212 3050 ι
1260 2999 1357 3052 Διὰ
1386 2998 1450 3068 δὴ
1486 2997 1660 3052 ταῦτα
1698 2999 1832 3052 ἁπο-

237 3093 488 3156 λειπτέος
523 3095 654 3163 ἡμῖν
683 3095 710 3145 ό
735 3092 1053 3161 φιλόσοφος,
1088 3092 1150 3144 ού
1195 3090 1337 3143 κατὰ
1369 3089 1656 3159 φιλόσοφον
1675 3131 1689 3152 ,
1719 3089 1832 3143 οὐδ’

239 3185 398 3248 αὐτὸς
446 3185 594 3255 αὐτῷ
626 3183 968 3254 συμφώνως,
1002 3184 1102 3246 τὰς
1155 3182 1386 3254 μυθικὰς
1441 3181 1548 3235 τῶν
1593 3181 1830 3252 ποιητῶν

240 3277 586 3345 γενεαλογίας
616 3275 1177 3346 καθυποκρινὰμενος.
1204 3273 1375 3328 Αὐτοῦ
1412 3273 1509 3344 μὲν
1533 3275 1641 3345 γὰρ
1665 3276 1830 3328 ἄκου-

241 3387 327 3422 σαι
361 3369 564 3437 φάντος
597 3371 652 3421 ἐν
689 3367 967 3435 Πολιτείᾳ
1011 3366 1139 3421 τάδε
1161 3386 1173 3397 ·
1213 3388 1230 3416 ι
1274 3369 1361 3420 Ἐν
1393 3369 1503 3429 τοῖς
1549 3365 1825 3436 μείζοσιν,

238 3457 304 3532 ῆν
329 3462 373 3514 δ’
419 3461 550 3530 ἐγὼ,
589 3461 778 3532 μύθοις
806 3460 1048 3530 ὀψόμεθα
1092 3461 1186 3513 καὶ
1231 3461 1358 3522 τοὺς
1412 3459 1687 3520 ἐλάττους.
1741 3459 1833 3509 Δεῖ

241 3555 346 3625 γὰρ
375 3554 442 3624 δὴ
490 3555 580 3607 τὸν
610 3554 772 3607 αὐτὸν
810 3551 986 3606 τύπον
1014 3548 1153 3604 εἶναι
1172 3592 1186 3612 ,
1232 3553 1326 3605 καὶ
1353 3553 1547 3605 ταυτὸν
1572 3550 1834 3605 δύνασθαι

240 3647 362 3711 τούς
410 3665 469 3699 τε
517 3646 735 3717 μείζους
781 3645 875 3698 καὶ
928 3645 1054 3707 τοὺς
1098 3643 1376 3706 ἐλάττους.
1410 3645 1480 3696 Ἢ
1535 3644 1635 3696 ουκ
1683 3642 1830 3706 eiet;

241 3739 546 3806 ο-Ἐνωγε
566 3778 578 3800 ,
626 3737 728 3806 ἔψη
749 3754 761 3766 ·
795 3734 912 3788 ἀλλ’
938 3736 1038 3788 οὐκ
1070 3734 1254 3787 ἐννοῶ.
1291 3732 1411 3786 οὐδὲ
1445 3735 1571 3796 τοὺς
1612 3730 1828 3802 μείζους

241 3831 394 3894 τίνας
423 3829 622 3897 λέγεις.
644 3826 834 3890 -Οὒς
864 3826 1104 3889 Ἡσίοδός
1140 3843 1198 3878 τε
1228 3825 1322 3878 καὶ
1352 3825 1616 3895 Ὅμηρος,
1654 3822 1826 3888 εἷπον,

243 3924 375 3994 ἡμῖν
405 3921 682 3988 ἐλεγέτην,
715 3920 807 3972 καὶ
842 3921 890 3972 οἱ
921 3919 1068 3973 ἄλλοι
1094 3918 1332 3989 ποιηταί.
1369 3913 1535 3972 Οὗτοι
1563 3919 1670 3989 γάρ
1702 3935 1826 3983 που,

247 4012 448 4084 μύθους
474 4013 688 4082 ψευδεῖς
734 4015 842 4076 τοῖς
887 4009 1192 4081 ἀνθρώποις
1231 4008 1602 4073 συντιθέντες,
1645 4010 1830 4078 ἔλεγόν

243 4123 298 4158 τε
360 4106 452 4159 καὶ
499 4106 749 4170 λέγουσι’
795 4105 862 4158 τὰ
916 4103 1098 4174 μικρῷ
1155 4102 1390 4171 πρόσθεν
1447 4101 1754 4172 τεθειμένα,
1807 4122 1823 4153 ι

245 4197 412 4250 Πάλιν
442 4213 498 4249 τε
530 4195 694 4249 αύτοῦ
724 4192 792 4267 ἦν
822 4196 915 4248 καὶ
947 4195 1016 4247 τὰ
1059 4194 1124 4246 δι’
1153 4189 1226 4246 ὧν
1267 4193 1468 4263 ἔφησεν
1488 4211 1500 4222 ο
1533 4213 1550 4244 ι
1596 4193 1831 4257 Ἐξαλεί-

244 4289 414 4359 ψομεν
435 4289 560 4359 ἄρα,
577 4283 643 4359 ἦν
667 4287 712 4339 δ’
740 4285 872 4356 ἐγὼ,
892 4284 1178 4340 ἀπὸτοῦδε
1203 4283 1296 4338 τοῦ
1321 4284 1484 4348 ἔπους
1509 4283 1828 4355 ἀρξάμενοι,

246 4383 423 4435 πάντα
449 4380 515 4435 τὰ
539 4379 765 4435 τοιαῦτα
786 4397 802 4411 ο

1916 611 2223 666 molitorem
2258 622 2420 663 nosse
2449 605 2828 669 aiIirmaverat,
2859 605 2938 660 sic
2978 616 3240 674 tanquam
3268 618 3335 658 ex
3384 603 3498 656 fur-

1917 703 2131 759 uicibus
2156 701 2262 756 illis
2288 707 2481 755 nostro
2511 699 2615 753 hoc
2659 698 2790 752 orbe
2837 696 3216 767 superioribus
3241 695 3503 750 deturba-

1919 808 2055 864 tum,
2099 800 2152 850 in
2189 794 2454 849 altissima
2489 791 2598 846 Deo
2631 806 2813 846 exosa:
2845 789 3168 844 idololatria;
3213 788 3499 859 voragine,

1917 904 2043 945 eum
2082 887 2405 942 Atheniensi
2450 885 2653 955 populo
2694 883 2950 938 volutari.
3023 882 3115 938 Sic
3161 881 3407 952 quidem,
3442 888 3504 936 ut

1917 997 2041 1037 eum
2083 980 2324 1036 scribere
2353 993 2458 1032 non
2495 975 2770 1046 puduerit,
2803 974 3108 1039 Socratem,
3136 988 3260 1028 cum
3286 979 3347 1026 ut
3385 972 3502 1042 ipse

1917 1085 2107 1131 votum
2141 1073 2256 1127 dere
2296 1080 2662 1140 nuncuparet,
2693 1081 2805 1125 tum
2855 1077 2914 1123 ut
2954 1067 3190 1122 barbaro
3223 1066 3298 1120 illi
3339 1064 3501 1132 festo,

1920 1169 2066 1240 quod
2097 1183 2125 1221 τι
2161 1165 2372 1222 civibus
2411 1174 2525 1218 tum
2555 1165 2791 1233 primum
2827 1145 3505 1229 celebrabatur,'praesens

1919 1263 2227 1323 interesset,
2278 1258 2331 1311 in
2360 1257 2594 1311 Piraeum
2635 1253 2989 1309 descendisse
3018 1270 3031 1306 :
3061 1268 3161 1306 nec
3192 1251 3504 1317 erubescat,

1923 1359 2020 1406 aut
2073 1349 2329 1404 eumdem
2397 1358 2456 1402 ut
2515 1345 2841 1416 [Esculapio
2900 1345 3091 1414 gallus
3125 1341 3504 1398 immolaretur

1918 1441 2174 1513 jussisse,
2211 1440 2482 1504 conﬁteri,
2515 1450 2611 1493 aut
2635 1438 2938 1492 daemonem
2984 1438 3136 1491 illum
3172 1435 3392 1506 Delphis
3419 1435 3504 1490 in-

1924 1535 2214 1599 sidentem,
2256 1533 2417 1604 quasi
2465 1532 2700 1602 patrium
2737 1531 3028 1602 quemdam
3061 1529 3378 1584 Graecorum
3426 1529 3510 1583 in--

1925 1629 2249 1691 terprctem,
2306 1620 2470 1675 deum
2519 1620 2814 1690 appellare.
2857 1619 3223 1685 Quamobrem
3272 1618 3327 1672 in
3377 1632 3503 1672 eum

1921 1713 2064 1782 jure,
2123 1713 2491 1783 superstitiosi
2545 1712 2770 1775 erroris,
2829 1712 2923 1781 qui
2991 1711 3244 1766 stolidam
3313 1709 3509 1780 agebat

1928 1802 2358 1868 multitudinem,
2383 1804 2543 1872 culpa
2574 1801 2911 1856 conferatur.
2953 1801 3031 1856 Ac
3081 1801 3215 1855 mibi
3257 1810 3313 1855 tu
3346 1801 3510 1870 paulo

1929 1893 2188 1961 superius
2226 1893 2529 1947 orationem
2576 1906 2814 1955 arcesse,
2860 1907 2924 1945 ac
2956 1891 3178 1957 videsis,
3217 1906 3340 1959 quae
3383 1900 3509 1945 tan-

1929 1987 2052 2040 dem
2089 2000 2142 2039 et
2165 1985 2474 2055 cujusmodi
2519 1986 2650 2051 sint,
2677 2000 2798 2055 qua
2827 1995 2952 2055 post
2983 1985 3336 2054 incorporeas
3365 1985 3508 2049 illas,

1929 2088 2093 2147 atque
2157 2077 2412 2132 interitus
2461 2077 2640 2132 omnis
2699 2077 3172 2147 expertesidcas.
3232 2089 3356 2146 post
3411 2075 3508 2132 Dei

1928 2170 2113 2241 primi,
2170 2171 2508 2241 secundique
2551 2170 2804 2240 prinCipii
2839 2170 3199 2235 mentionem,
3246 2177 3368 2238 post
3396 2169 3508 2238 spi-

1929 2263 2118 2318 ritales
2150 2262 2598 2332 immortalesque
2631 2275 2882 2328 naturas,
2913 2262 2980 2316 de
3019 2261 3267 2331 populari
3296 2262 3399 2316 hac
3452 2271 3509 2316 et

1929 2356 2145 2426 publica
2178 2354 2458 2424 opinione,
2493 2354 2610 2409 suis
2665 2355 2830 2409 etiam
2892 2354 3102 2422 legibus
3161 2353 3389 2408 saneita-
3419 2367 3514 2408 vo-

1930 2450 2115 2503 luerit.
2181 2448 2479 2502 o-Miorum
2526 2457 2708 2501 autem
2766 2449 3099 2512 daemonum,
3167 2446 3346 2514 inquit
3402 2446 3514 2512 ille,

1929 2541 2366 2611 procreationem
2405 2539 2488 2593 vel
2523 2539 2820 2607 explicare,
2854 2539 2935 2592 vel
2972 2553 3159 2600 nosse,
3192 2554 3280 2593 res
3315 2546 3399 2593 est
3427 2554 3518 2593 no-

1931 2644 2042 2688 stra
2081 2633 2340 2687 facultate
2369 2630 2564 2700 major.
2613 2629 2795 2696 Quare
2827 2630 2932 2684 hoc
2981 2630 3035 2683 in
3068 2645 3286 2700 genere,
3319 2630 3518 2700 priscis

1933 2725 2040 2779 illis
2092 2724 2324 2778 testibus
2375 2723 2684 2777 adhibenda
2727 2721 2880 2786 ﬁdes,
2911 2722 3005 2790 qui
3041 2733 3099 2776 ut
3125 2720 3338 2788 Deum,
3364 2722 3513 2792 quod

1933 2817 2034 2887 ipsi
2061 2817 2235 2881 aiunt,
2262 2825 2488 2885 nepotes
2517 2824 2696 2878 erant,
2735 2816 2809 2868 ita
2843 2815 3081 2884 majores
3117 2831 3251 2871 suos
3276 2816 3518 2872 maxime

1933 2919 2096 2963 notos
2145 2909 2474 2962 habuerunt.
2554 2905 2666 2961 Nec
2731 2907 2848 2961 ﬁeri
2907 2909 3135 2960 omnino
3199 2916 3398 2976 potest,
3460 2917 3520 2963 ut

1934 3001 2068 3056 iides
2105 3015 2296 3054 eorum
2333 2998 2460 3054 ﬁliis
2487 2999 2825 3062 detrahatur,
2851 2999 3064 3053 etiamsi
3095 2999 3260 3053 nullis
3290 3000 3520 3053 demon-

1935 3092 2295 3147 strationibus
2347 3091 2706 3155 necessariis,
2749 3106 2813 3146 ac
2849 3107 2917 3144 ne
2973 3091 3352 3160 probabilibus
3397 3092 3521 3161 qui-

1934 3183 2055 3236 dem
2095 3180 2434 3253 argumentis
2482 3181 2725 3252 ipsorum
2790 3182 3102 3236 testimonia
3163 3181 3518 3250 comproben-

1933 3285 2054 3338 tur;
2097 3273 2189 3327 sed
2244 3287 2470 3328 necesse
2506 3273 2667 3341 plane
2717 3281 2821 3337 est,
2883 3280 2942 3326 ut
2991 3272 3078 3338 iis,
3115 3273 3396 3342 quomodo
3429 3273 3516 3326 lex

1929 3365 2181 3432 imperat,
2224 3370 2485 3432 tanquam
2531 3378 2755 3416 suarum
2793 3364 2847 3416 in
2890 3378 3072 3418 rerum
3116 3377 3522 3417 commemora-

1935 3456 2082 3510 tione
2111 3455 2424 3511 credamus.
2477 3455 2698 3512 I’Ilorum
2735 3472 2866 3528 ergo
2908 3458 3138 3512 deorum
3179 3462 3521 3528 procreatio-

1943 3561 2067 3601 nem
2108 3547 2254 3615 quod
2314 3547 2526 3613 attinet,
2589 3548 2666 3601 uti
2719 3558 2891 3617 poeta:
2941 3549 3212 3609 scribunt.
3284 3549 3354 3603 ila
3420 3566 3520 3604 nos

1939 3654 2160 3708 quoque
2188 3639 2255 3692 de
2283 3655 2344 3692 ea
2379 3649 2687 3695 statuamus
2717 3657 2780 3695 ac
2811 3643 3124 3712 loquamur.
3165 3641 3351 3697 Terrae
3389 3642 3520 3696 (ἐω-

1936 3738 2084 3808 lique
2133 3738 2288 3793 liberi
2324 3736 2578 3793 Oceanus
2607 3749 2660 3794 et
2719 3739 2945 3812 Tethys,
2998 3740 3197 3793 horum
3249 3738 3522 3809 Phorcyn,

1938 3828 2233 3894 Saturnus,
2267 3839 2322 3885 et
2370 3831 2503 3901 Ops,
2549 3832 2846 3902 caeterique
2888 3832 3110 3887 fratres.
3171 3831 3249 3885 Ex
3285 3832 3523 3886 Saturno

1935 3932 1988 3976 et
2021 3919 2136 3992 Ope
2174 3920 2404 3991 Jupiter,
2443 3920 2608 3988 Juno,
2666 3939 2749 3978 ,ac
2797 3924 3014 3994 reliqui,
3063 3938 3203 3994 quos
3239 3923 3524 3990 utriuSque

1940 4014 2138 4069 fratres
2215 4016 2482 4086 appellari
2551 4018 2776 4080 scimus,
2835 4017 3126 4086 procreati.
3208 4016 3385 4086 Atque
3449 4017 3524 4071 ita

1939 4107 2197 4176 deinceps
2230 4109 2296 4162 de
2333 4117 2440 4163 tota
2491 4119 2748 4178 nepotum
2798 4109 2994 4163 serie.»
3058 4107 3363 4178 Eapropter
3392 4124 3526 4163 sane

1940 4197 2028 4253 hic
2060 4199 2218 4253 nobis
2263 4200 2626 4271 philosophus
2668 4201 3065 4270 relinquendus
3112 4199 3236 4267 fuit,
3285 4201 3378 4270 qui
3425 4215 3527 4255 nec

1940 4288 2018 4342 uti
2067 4290 2454 4360 philosophum
2488 4292 2691 4356 decuit,
2737 4307 2836 4345 nec
2885 4307 3073 4346 secum
3121 4292 3237 4360 ipse
3287 4306 3524 4346 censen-

1938 4381 2104 4446 tiens,
2143 4380 2424 4438 fabulosas
2456 4384 2509 4437 in
2547 4384 2653 4439 diis
2695 4392 2979 4453 poetarum
3020 4383 3370 4454 genealogias
3401 4399 3530 4452 pro-

245 4476 668 4547 pagationesque
725 4474 1018 4530 simularit.
1083 4473 1217 4529 Nam
1263 4472 1472 4528 audiSIs
1513 4473 1974 4542 quemadmodum
2031 4476 2172 4530 idem
2228 4479 2485 4547 loquatur
2548 4479 2599 4531 in
2661 4477 2971 4548 Republica,
3039 4476 3146 4531 «In
3199 4477 3524 4547 majoribus,

247 4569 443 4641 inquit,
473 4569 669 4625 fabulis
702 4570 941 4625 minores
975 4570 1138 4624 etiam
1193 4569 1353 4623 facile
1411 4567 1734 4624 videbimus.
1785 4567 2018 4626 Necesse
2076 4574 2220 4628 enim
2277 4583 2384 4637 est,
2446 4574 2684 4644 speciem
2736 4589 2899 4629 unam
2929 4574 3168 4644 aliquam
3211 4589 3352 4636 esse,
3389 4574 3526 4626 vim-

246 4678 350 4734 que
402 4665 708 4719 minoribus
753 4679 905 4734 aeque
962 4664 1376 4734 majoribusque.
1435 4677 1802 4719 communem.
1867 4663 2063 4719 Annon
2112 4666 2184 4721 ita
2225 4669 2434 4722 sentis?
2467 4700 2540 4710 —
2581 4667 2868 4739 Equidem,
2903 4667 3080 4737 inquit
3107 4666 3334 4720 illezsed
3363 4664 3526 4736 693

245 4772 456 4830 quastu
480 4761 716 4832 majores
742 4761 1050 4824 dicas,.uon
1082 4760 1260 4830 capio.
1302 4785 1372 4798 --
1412 4757 1560 4824 Quas
1577 4756 1870 4828 Hesiodus,
1914 4761 2159 4833 inquam,
2199 4773 2363 4834 atque
2395 4762 2696 4827 Homerus,
2753 4766 3045 4832 eaeteriqne
3081 4770 3252 4832 poetae
3287 4774 3529 4814 comme-

247 4869 488 4915 morant.
536 4860 616 4914 llli
677 4860 823 4914 enim
865 4857 1036 4914 falsas
1080 4856 1401 4912 hominibus
1459 4855 1674 4911 fabulas
1725 4860 2076 4923 icommenti,
2152 4871 2205 4917 et
2260 4860 2559 4916 narrabant
2623 4860 2751 4914 olim
2801 4859 3070 4929 hodieque
3145 4864 3393 4911 narrant.
3451 4852 3525 4908 lia

247 4957 515 5020 videlicet,
556 4972 679 5028 quae
717 4957 881 5026 paulo
934 4965 1061 5011 ante
1119 4953 1429 5010 retulimus.
1471 4952 1726 5010 )RUI‘SUS
1791 4955 2037 5026 ejusdem
2089 4967 2142 5014 et
2193 4959 2299 5012 alia
2367 4958 2457 5012 illa
2508 4965 2656 5013 sunt.
2687 4975 2706 5009 ι
2745 4953 2870 5011 [late
2918 4955 3082 5025 igitur
3133 4951 3319 5008 omnia
3349 4948 3530 5005 delea-

250 5071 392 5119 mus,
421 5055 667 5124 inquam,
693 5054 761 5108 ab
800 5055 909 5109 isto
941 5067 1102 5106 versu
1131 5050 1476 5116 inchoantes,

316 5149 664 5215 Βουλοίμην
688 5145 791 5217 (24
817 5145 835 5217 )
860 5147 914 5198 κ’
966 5141 1303 5213 ἐπάρουρος
1352 5141 1470 5196 ἐὼν
1509 5141 1825 5285 θῗέῗὲἱρῗφ

2020 5142 2211 5198 Malim
2247 5140 2488 5213 equidem
2520 5141 2684 5195 cuivis
2716 5139 2813 5193 alii
2843 5139 3038 5193 servire
3063 5137 3298 5191 colonus.
3335 5155 3354 5188 ι

250 5314 357 5365 Καὶ
389 5310 456 5364 τὰ
480 5310 624 5381 ἑξῆς·
658 5310 723 5363 δι’
754 5302 836 5361 ὧν
863 5326 920 5361 τε
949 5306 1189 5372 ἐπιλέγει
1221 5325 1235 5361 τ
1270 5325 1286 5355 ι
1309 5305 1475 5359 Πάλιν
1495 5304 1558 5376 δὴ
1597 5304 1825 5376 Ὀμήρου

1944 5303 2159 5374 Ειαιιαι
2186 5312 2510 5373 sequuntur.
2582 5300 2719 5354 Tum
2772 5300 2888 5354 htec
2919 5307 3182 5368 praeterea
3229 5309 3348 5366 quae
3395 5295 3529 5350 sub-

248 5404 552 5474 δεησόμεθα
586 5405 680 5457 καὶ
713 5403 819 5456 τῶν
851 5401 1023 5456 ἄλλων
1052 5398 1311 5470 ποιητῶν,
1350 5399 1425 5468 μὴ
1456 5400 1627 5452 ποιεῖν
1662 5397 1836 5468 ’Δχιλ-

250 5497 344 5551 λέα
379 5498 518 5560 Θεᾶς
554 5496 738 5556 παῖδα,

256 5589 495 5644 Ἀλλοΐ
528 5588 638 5656 (‘25)
672 5587 770 5641 ἐπὶ
816 5589 1082 5651 πλευρας
1113 5582 1596 5656 κατακείμενοξχη
1617 5581 1839 5656 dyon;

1511 5651 1598 5724 [δ’
1624 5647 1768 5706 αὖτε

254 5733 275 5750 ”
291 5735 504 5785 Υπτισι·
540 5750 555 5778 ι

325 5829 437 5894 (9.4)
492 5827 851 5895 Βωκίοίμην.
898 5823 1161 5879 liornerus
1229 5822 1420 5885 Odyss.
1471 5821 1509 5872 Δ
1541 5860 1553 5882 ,
1603 5835 1651 5870 ι’.
1709 5817 1832 5870 L83.

255 5900 490 5953 Arhillcs
529 5900 668 5967 apud
705 5901 907 5950 inferos
940 5897 1199 5954 lounitur.

1940 5395 2444 5468 jungit-.«lterum
2505 5395 2574 5449 ab
2619 5393 2881 5456 Homero,
2947 5388 3144 5459 inquit,
3207 5387 3529 5455 exterisque

1945 5488 2124 5559 poetis
2151 5487 2544 5559 ﬂagitabimus,
2576 5485 2656 5540 uti
2685 5499 2752 5539 ne
2774 5481 3039 5538 Achillem
3069 5480 3170 5534 dea
3206 5487 3386 5534 satum
3425 5475 3530 5532 tin-

1949 5593 2098 5653 gain,

1958 5693 2116 5749 Nunc
2141 5697 2193 5749 in
2226 5709 2504 5767 utrumque
2529 5694 2691 5756 latus,
2729 5706 2866 5744 nam:
2895 5700 2941 5743 el
2965 5687 3202 5756 jacut'ase
3225 5684 3525 5755 supinum.»

2021 5817 2134 5886 ('23)
2168 5814 2421 5870 '}t.l.ior'.
2460 5811 2598 5866 Iliad
2655 5811 2714 5872 Ω,
2748 5825 2811 5862 v.-
2835 5806 2915 5861 10.
