3994 6384
536 321 676 377 1165
1164 326 1435 383 EUSEBII
1473 328 1952 385 C/ESARIENSIS
1987 327 2138 384 OPP.
2179 328 2359 384 PARS
2396 327 2461 386 11.
2501 360 2571 370 --
2606 328 3103 386 APOLOGETICA.
3646 330 3768 385 illi

535 437 605 495 Et
630 451 845 495 caetera.
887 440 1096 508 Quibus
1129 444 1202 499 ita
1239 446 1444 507 subdit,
1481 464 1501 497 ε
1525 446 1633 500 Aut
1657 445 1867 512 Jovem,
1902 446 2090 515 inquit.

2209 446 2318 499 Καὶ
2346 445 2414 498 τά
2442 445 2648 510 τούτοις
2680 446 2943 517 ἑπόμενα.
2975 439 3071 509 Οἷς
3099 444 3308 513 ἐπάγει
3328 458 3344 475 ·
3380 459 3403 493 ι
3424 443 3494 495 Ἦ
3530 442 3622 495 Δία
3640 483 3653 506 ,
3682 463 3767 497 κα-

536 532 932 589 dormieutibus
979 536 1210 602 caeteris,
1259 546 1368 591 tam
1400 537 1530 601 diis,
1567 554 1733 608 quam
1766 538 2090 593 hominibus.

2209 536 2499 590 θευδόντων
2530 538 2637 591 τῶν
2667 538 2840 592 ἄλλων
2869 537 3007 591 θεῶν
3030 554 3086 590 τε
3109 536 3214 590 καὶ
3241 532 3570 606 ἀνθρώπων,
3599 534 3667 598 ὡς
3696 538 3771 605 μό-

536 639 659 692 ηιιαι
681 624 832 679 solus
875 626 1108 697 vigilans
1155 643 1341 683 secum
1409 630 1525 699 ipse
1576 638 1862 693 statuerat,
1912 644 2090 685 eorun

2206 645 2296 692 νος
2322 627 2637 701 ἐγρηγορὼς
2656 629 2693 684 ἃ
2710 627 3083 694 ἐϐουλεύσατο,
3108 626 3326 681 τούτων
3353 625 3573 677 πάντων
3597 626 3770 695 ῥαδίως

534 713 694 769 facile
727 716 972 771 omnium
1005 719 1056 772 vi
1100 721 1337 789 quadam
1388 721 1629 776 libidinis
1674 720 1959 790 impotenti
1990 736 2090 775 me

2206 719 2610 791 ἐπιλαθόμενον,
2636 720 2722 774 διά
2745 720 2843 792 τὴν
2869 719 2977 774 τῶν
2991 717 3330 790 ἀφροδισίων
3350 715 3642 785 ἐπιθυμίαν
3656 732 3669 744 ·
3689 720 3771 771 καὶ

534 805 765 859 moriam
819 807 1156 875 excussisse;
1200 811 1381 879 itaque
1430 807 1666 863 Juuouis
1710 818 1930 878 aspectu
1976 822 2104 877 per-

532 895 747 950 culsum
784 911 925 962 esse,
962 907 1023 953 ut
1050 914 1119 954 ne
1148 899 1370 955 domum
1417 900 1639 971 quidem
1691 908 1954 970 repetere,
2008 898 2102 954 sed

532 987 589 1039 in
612 987 802 1042 eodem
855 991 974 1059 ipso
1010 992 1152 1055 loco.
1190 994 1364 1056 humi,
1414 1003 1476 1047 ut
1513 993 1723 1047 alaudte
1769 992 1969 1057 solent,
2010 1007 2102 1044 vo-

530 1077 722 1147 luptati
755 1081 963 1137 servire
1011 1085 1275 1150 voluerit;
1326 1100 1452 1139 cum
1501 1101 1623 1139 eam
1669 1099 1730 1139 se
1778 1084 2102 1154 cupiditatis

529 1171 640 1225 vim
673 1172 877 1228 sentire
895 1173 1120 1242 diceret,
1153 1192 1315 1245 quam
1350 1192 1418 1231 ne
1452 1187 1563 1231 tum
1601 1176 1818 1246 quidem
1846 1185 1992 1231 esset
2011 1192 2104 1230 ex-

529 1269 739 1329 pertus,
773 1276 894 1317 cum
935 1263 1078 1320 inter
1110 1280 1230 1320 sese
1270 1265 1505 1335 primum
1547 1274 1937 1328 convenerant,
1962 1265 2099 1319 cha-

526 1364 715 1405 rerum
752 1351 905 1407 obliti
930 1362 1217 1423 parentum
1246 1372 1261 1409 :
1296 1369 1397 1409 nec
1438 1354 1658 1408 vincula
1693 1353 1852 1409 Marti
1894 1369 1958 1409 ac
1992 1353 2096 1408 Ve-

527 1440 644 1495 neri
691 1457 723 1496 a
768 1441 1014 1499 Vulcano
1067 1445 1287 1515 injecta,
1334 1460 1435 1500 nec
1480 1445 1629 1500 aliud
1677 1446 1977 1516 quidquam
2040 1445 2093 1500 id

527 1545 753 1599 genus.»
812 1531 943 1598 Quae
966 1549 1091 1589 cum
1125 1534 1242 1604 ipse
1271 1533 1525 1597 dixisset,
1546 1533 1680 1603 quid
1719 1533 1941 1589 tandem
1988 1533 2093 1587 sibi

526 1622 661 1688 vult,
697 1624 843 1692 quod
890 1634 1074 1694 poetas
1116 1625 1345 1680 deorum
1394 1624 1599 1679 liberos
1645 1623 1878 1680 subinde
1914 1635 2093 1692 vocat,

523 1712 753 1783 ﬁerique
800 1724 958 1786 negat
980 1729 1163 1785 posse,
1196 1716 1328 1784 quin
1359 1715 1490 1770 ﬁdes
1527 1715 1594 1771 iis
1629 1716 1916 1784 habeatur,
1967 1733 2091 1772 cum

2205 808 2377 873 οὕτως
2405 810 2744 883 ἐκπλαγέντα
2778 810 2951 863 ἰδόντα
2976 809 3073 880 τὴν
3105 810 3295 879 Ἥραν
3315 846 3331 869 ,
3374 804 3518 858 ὣστε
3555 807 3669 875 μηδ’
3705 810 3772 873 εἰς

2202 900 2266 954 τδ
2294 901 2561 972 δωμάτιον
2609 901 2814 955 ἐθέλειν
2856 900 3065 964 ἐλθεῖν,
3111 899 3236 954 ἀλλ’
3271 896 3445 952 αὑτοῦ
3478 896 3774 967 βουλόμενον

2203 994 2379 1065 χαμαὶ
2425 992 2769 1062 συγγίνεσθαι
2796 992 3020 1065 κορύδου
3047 991 3204 1063 δίκην
3225 1007 3240 1020 ·
3278 989 3380 1042 καὶ
3413 987 3665 1056 λέγοντα,
3708 991 3773 1054 ὼς

2201 1086 2374 1149 οὕτως
2398 1085 2502 1138 ὑπὸ
2516 1084 2809 1156 ἐπιθυμίας
2830 1084 3031 1155 ἔχεται,
3055 1083 3130 1146 ὡς
3148 1080 3277 1135 ούδέ
3299 1081 3392 1132 ὅτε
3416 1078 3628 1149 πρῶτον
3648 1079 3774 1146 ἐφοί-

2200 1194 2308 1231 των
2354 1176 2490 1249 πρὸς
2534 1176 2830 1247 ἀλλήλους,
2880 1175 3067 1245 φίλους
3105 1173 3341 1245 λήθοντε
3388 1169 3595 1240 τοκῆας
3617 1186 3631 1199 ’
3668 1171 3774 1224 ούδέ

2205 1267 2416 1337 Ἀρεως
2433 1283 2493 1319 τε
2511 1265 2621 1337 (26)
2643 1266 2738 1320 καὶ
2764 1264 3083 1336 Ἀφροδίτης
3101 1262 3210 1317 ὑπὸ
3237 1259 3547 1328 Ἡφαίστου
3566 1259 3771 1329 δεσμόν·

2198 1356 2480 1428 οὐδ’ἒτερα
2496 1356 2737 1410 τοιαῦτα.
2752 1375 2771 1408 ι
2792 1348 2892 1408 Ὧν
2910 1354 3096 1408 τοῦτον
3123 1354 3216 1407 τὸν
3236 1353 3449 1423 τρόπον
3472 1351 3587 1420 είρη
3596 1350 3772 1420 μένων,

2198 1449 2251 1503 τί
2273 1448 2408 1519 δῆτα
2441 1447 2682 1519 βούλεται
2715 1447 2861 1518 αὐτῷ
2889 1450 2922 1517 ἡ
2957 1445 3094 1516 μετά
3126 1444 3309 1498 ταῦτα
3341 1442 3519 1511 φωνὴ,
3542 1443 3662 1502 τοὺς
3686 1441 3774 1509 μὲν

2200 1540 2427 1611 ποιητὰς
2452 1538 2587 1592 θεῶν
2618 1538 2813 1601 παῖδας
2836 1537 3196 1609 ὁνομάζουσα,
3231 1534 3335 1589 καὶ
3362 1533 3426 1585 τό
3448 1549 3509 1584 τε
3535 1531 3642 1599 (27)
3662 1532 3771 1585 ἀπιο

2199 1635 2343 1685 στεῖν
2385 1633 2568 1694 αὐτοῖς
2606 1629 2864 1684 ἀδύνατον
2907 1625 3043 1682 εἶναι
3075 1629 3307 1699 φήσασα
3334 1665 3351 1688 ,
3409 1626 3613 1695 καίπερ
3660 1624 3773 1677 ἄνευ

2196 1724 2419 1777 εἰκότων
2451 1723 2545 1776 καὶ
2576 1721 2887 1790 ἀναγκαίων
2915 1721 3112 1783 αὐτοὺς
3142 1715 3490 1781 ἀποδείξεων
3515 1716 3638 1778 τοὺς
3660 1716 3771 1786 περὶ

522 1782 750 1875 ipsemet
784 1782 894 1862 bas'
920 1782 1119 1863 abillis
1148 1782 1355 1878 absque
1387 1808 1498 1862 ulla
1529 1808 1615 1863 vel
1643 1782 1977 1874 necessaria,
2005 1810 2090 1865 vel

2197 1812 2333 1866 θεῶν
2369 1811 2568 1883 μύθους
2596 1782 2765 1865 πάλαι
2792 1810 2904 1881 (‘28)
2945 1808 3387 1882 μαρτυραμένηῖ
3424 1807 3491 1859 Τί
3524 1806 3581 1859 δὲ
3606 1808 3638 1876 ἦ

523 1898 795 1968 probabili
834 1899 1319 1964 demonstratione,
1359 1900 1621 1957 conﬁctas
1659 1900 1889 1956 deorum
1933 1899 2092 1955 fabu-

519 1993 605 2045 las
634 2005 755 2047 esse
803 1992 1072 2047 testatur?
1115 1991 1259 2057 Quid
1313 2002 1495 2046 autem
1541 1991 1946 2046 inconsiderata
1999 1991 2090 2046 illa

521 2081 676 2144 ﬁdes.
712 2099 879 2153 quam
907 2085 1070 2139 etiam
1103 2085 1280 2155 legum
1312 2093 1457 2139 metu
1488 2090 1699 2153 septam
1730 2099 1795 2138 ae
1822 2084 2088 2138 munitam

521 2189 642 2230 esse
663 2175 868 2230 voluit?
892 2176 995 2243 Qui
1027 2193 1215 2233 verum
1247 2170 1529 2247 praeterea,
1556 2175 1783 2231 deorum
1813 2175 2093 2246 principes

521 2265 731 2322 Caelum
758 2283 823 2323 ac
838 2267 1063 2324 Terram
1084 2285 1225 2333 esse,
1250 2278 1362 2324 tum
1390 2284 1577 2324 eorum
1598 2268 1795 2324 deinde
1818 2268 2087 2333 sobolem,

520 2357 818 2425 Oceanum,
852 2361 1089 2434 Tethyn,
1149 2361 1470 2429 Saturnum,
1503 2360 1696 2432 Opem,
1728 2359 1939 2428 Jovem,
1984 2377 2063 2416 ea:

522 2459 775 2519 terosque
818 2449 1074 2520 deinceps
1132 2465 1346 2512 omnes,
1386 2448 1682 2512 lunonem,
1718 2458 1775 2504 et
1822 2459 2092 2520 quotquot

517 2538 787 2596 Homerus
827 2549 988 2611 atque
1017 2539 1307 2605 Hesiodus,
1337 2543 1565 2597 istorum
1606 2542 1830 2605 liberos,
1894 2540 2092 2599 fratres

518 2646 586 2687 ac
623 2640 849 2702 nepotes
881 2631 1224 2699 fabulantur,
1268 2648 1393 2688 cum
1450 2633 1540 2688 illa
1598 2634 1718 2702 ipsa
1770 2643 2081 2689 commenta

517 2722 765 2781 funditus
791 2725 876 2780 bis
913 2726 1095 2782 verbis
1143 2726 1456 2782 sustulerit.
1527 2725 1669 2779 «Cui
1716 2740 1838 2796 ego,
1886 2726 2087 2796 inquit,

518 2812 747 2886 quod‘et
772 2816 1032 2887 primum,
1073 2826 1128 2873 et
1150 2816 1394 2871 omnium
1432 2817 1673 2873 maxime
1694 2818 2090 2887 reprehenden-

516 2904 647 2962 dum
672 2917 776 2975 est,
808 2909 1108 2977 prasertim
1140 2908 1230 2962 ubi
1262 2907 1386 2977 quis
1405 2923 1514 2961 non
1549 2915 1696 2963 recte
1713 2908 2024 2962 mentiatur.
2063 2927 2084 2960 ι

514 3029 589 3041 --
616 2998 755 3067 Quid
807 3000 935 3055 illud
978 3000 1184 3070 porro?
1226 3029 1298 3039 —
1351 2998 1450 3054 Ubi
1500 2999 1627 3069 quis
1672 2999 1811 3054 male
1859 2999 2082 3054 deorum

515 3093 855 3161 heroumque
885 3101 1136 3145 naturam
1159 3090 1404 3145 oratione
1447 3097 1823 3158 repraesentat,
1858 3090 2085 3159 perinde
2112 3129 2156 3189 C

513 3193 577 3241 ut
629 3184 804 3255 pictor
854 3182 1079 3243 faceret.
1121 3182 1213 3252 qui
1273 3181 1524 3236 tabellam
1585 3182 1633 3236 ei
1689 3182 1767 3236 rei
1808 3183 1954 3237 nulla
2013 3198 2081 3239 ex

511 3285 667 3346 parte
696 3273 925 3329 similem
956 3270 1123 3343 695.
1165 3271 1428 3341 pingeret,
1473 3287 1639 3342 quam
1690 3272 1945 3342 penicillo
1986 3287 2081 3327 ex—

2192 1922 2288 1974 γος
2318 1904 2492 1957 ἐθέλει
2519 1903 2728 1967 πίστις,
2757 1903 2863 1955 δέει
2885 1902 2986 1972 τῆς
3011 1902 3119 1955 ἀπὸ
3149 1901 3260 1953 τῶν
3296 1899 3488 1969 νόμων
3518 1897 3768 1968 τιμωρίας

2191 1995 2626 2068 προϐεϐλημένη;
2653 1995 2779 2059 Πῶς
2803 1995 2859 2048 δὲ
2891 1994 3030 2047 θεῶν
3055 1994 3288 2066 οὐρανὸς
3323 1991 3423 2045 καὶ
3456 1990 3528 2061 γῆ
3562 1988 3768 2060 πρῶτοι,

2191 2087 2383 2140 ἔπειτα
2407 2086 2610 2139 τούτων
2640 2086 2882 2155 ἔγγονοι,
2927 2086 3178 2148 Ὠκεανὸς
3196 2123 3212 2147 ,
3254 2083 3360 2137 καὶ
3393 2081 3611 2151 Τηθὺς,
3641 2079 3770 2151 Κρό-

2191 2194 2281 2241 νος
2306 2194 2396 2243 τε,
2440 2177 2537 2229 καὶ⁷
2575 2176 2731 2239 Ῥέα,
2767 2176 2860 2228 καὶ
2888 2176 3054 2237 Ζεὺς,
3088 2173 3225 2245 μετά
3250 2172 3489 2235 τούτους
3520 2171 3765 2234 ἅπαντας,

2193 2269 2341 2339 ’Ἥρα
2366 2285 2458 2332 τε,
2488 2268 2582 2321 καὶ
2618 2268 2817 2331 πάντες
2851 2267 2901 2319 οἱ
2941 2266 3078 2337 πρὸς
3118 2267 3366 2336 Ὀμήρου
3404 2262 3505 2316 καὶ
3543 2261 3766 2314 Ἡσιόδου

2195 2356 2549 2428 μυθευόμενοι
2583 2357 2771 2420 παῖδες
2799 2357 2890 2410 καὶ
2913 2355 3151 2425 ἀδελφοὶ,
3186 2355 3284 2408 καὶ
3313 2353 3535 2421 ἔγγονοι
3557 2352 3761 2415 τούτων,

2189 2447 2350 2501 ὁπότε
2377 2447 2549 2502 ταῦτα
2575 2448 2717 2501 αύτά
2738 2447 2928 2519 ἀνῄρει
2952 2447 3123 2516 λέγων
3143 2463 3156 2477 ·
3204 2447 3448 2516 (On-sp,
3481 2440 3551 2514 ἦν
3573 2443 3616 2496 δ’
3646 2442 3763 2510 ἐγὼ,

2191 2543 2295 2617 χρὴ
2319 2543 2532 2615 πρῶτον
2556 2544 2649 2597 καὶ
2674 2543 2904 2613 μάλιστα
2928 2542 3261 2613 μέμφεσθαι,
3284 2539 3470 2602 ἄλλως
3488 2556 3547 2591 τε
3575 2538 3661 2590 καὶ
3677 2537 3763 2589 ἐάν

2190 2654 2274 2701 τις
2307 2636 2381 2708 μὴ
2408 2635 2587 2700 καλῶς
2613 2635 2892 2708 ψεύδηται.
2918 2667 2987 2676 -
3006 2634 3070 2687 Τί
3096 2632 3291 2698 τοῦτο;
3322 2663 3398 2673 —-—
3432 2632 3601 2684 Ὅταν
3626 2629 3760 2682 εἰκά-

2191 2729 2259 2802 ζῃ
2280 2745 2363 2792 τις
2389 2726 2574 2791 κακῶς
2603 2725 2683 2798 τῷ
2712 2726 2853 2797 λόγῳ
2885 2726 3014 2797 περὶ
3048 2724 3186 2779 θεῶν
3208 2741 3269 2778 τε
3299 2725 3400 2778 καὶ
3433 2721 3643 2794 ἡρώων,
3668 2716 3759 2775 οῗοί

2189 2822 2357 2879 εἰσιν,
2399 2818 2588 2890 ὥσπερ
2628 2819 2870 2889 γραφεὺς
2900 2817 3064 2889 μηδὲν
3091 2817 3305 2871 ἐοικότα
3340 2816 3572 2888 γράφων
3598 2807 3673 2875 οἷς
3700 2811 3759 2864 ἂν

2188 2911 2346 2982 ὃμοια
2374 2910 2604 2982 βουληθῇ
2637 2909 2873 2982 γράψαι·
2897 2929 2918 2960 ι
2965 2909 3056 2962 καὶ
3084 2908 3274 2962 πάλιν·
3341 2927 3361 2959 ε
3389 2906 3612 2977 Πρῶτον
3648 2903 3755 2974 μὲν,

2187 2996 2255 3073 ἦν
2279 3001 2321 3054 δ’
2349 3000 2490 3069 ἐγὼ,
2539 3001 2599 3055 τὸ
2631 3001 2883 3071 μέγιστον
2913 2999 3106 3070 ψεῦδος
3128 3041 3143 3066 ,
3177 3000 3206 3052 ὃ
3239 2998 3415 3053 εἰπὼν
3439 3038 3455 3062 ,
3504 2998 3563 3051 οὐ
3592 2994 3759 3058 καλῶς

2190 3092 2486 3164 ἐψεύσατο,
2534 3092 2610 3156 ὡς
2638 3093 2880 3164 Οὐρανός
2914 3109 2972 3144 τε
3004 3092 3299 3165 εἰργάσατο
3322 3134 3338 3159 ,
3377 3091 3553 3161 ἀφῆσι
3582 3088 3755 3159 δρᾶσαι

2188 3185 2351 3237 αὐτὸν
2389 3184 2654 3246 Ἡσίοδος,
2686 3184 2718 3239 ὃ
2741 3200 2799 3236 τε
2831 3180 2898 3236 αὖ
2932 3182 3135 3254 Κρόνος
3161 3183 3237 3247 ὡς
3257 3183 3642 3254 ἐτιμωρήσατο
3672 3179 3758 3232 αύ-

2183 3278 2300 3331 τόν·
2326 3296 2345 3328 ι
2383 3278 2477 3330 καὶ
2526 3276 2594 3333 τὰ
2622 3275 2829 3341 τούτοις
2858 3275 3015 3347 ἐξῆςο
3051 3297 3069 3329 ι
3090 3277 3215 3341 Πῶς
3236 3278 3284 3330 oi
3316 3260 3419 3330 νῖἷν
3444 3273 3652 3344 ψευδεῖς
3676 3271 3755 3322 καὶ

512 3371 855 3442 primendam
924 3369 1276 3438 suscepisset.
1346 3366 1609 3436 Itemque,
1663 3364 1937 3432 primum,
1998 3366 2083 3420 iu-

2193 3370 2284 3423 ούκ
2312 3369 2529 3440 ἀληθεῖς
2563 3372 2785 3443 ποιηταὶ
2812 3371 2971 3425 πάλιν
3003 3373 3052 3424 οἱ
3084 3371 3237 3424 αὐτοὶ
3270 3370 3414 3423 θεῶν
3444 3368 3650 3435 ἔγγονοι
3675 3362 3754 3415 λέ-

514 3479 702 3534 quam,
735 3462 1038 3517 maximum
1065 3460 1219 3524 illud,
1251 3457 1618 3528 maximisque
1641 3457 1710 3513 de
1739 3458 1905 3513 rebus
1927 3473 2082 3514 men-

512 3558 752 3619 dacium,
814 3555 908 3626 qui
949 3552 1194 3609 narravit
1260 3550 1547 3618 Hesiodus,
1626 3549 1758 3620 quid
1821 3549 2077 3605 videlicet

512 3662 695 3706 aetum
724 3665 756 3705 a
783 3647 938 3704 Ccelo
974 3645 1157 3709 fuerit,
1185 3659 1462 3715 quamque
1490 3641 1732 3699 vicissim
1780 3642 1829 3697 ei
1864 3658 2080 3712 poenam

509 3735 786 3795 Saturnus
833 3738 1156 3808 reposuerit,
1183 3750 1465 3806 perperam
1493 3733 1717 3789 omnino
1744 3733 2040 3789 conﬁnxit.
2058 3752 2079 3785 ι

512 3831 579 3886 Ει
609 3846 732 3902 quae
771 3838 1099 3901 sequuntur.
1147 3826 1251 3894 Qui
1304 3827 1519 3882 tandem
1549 3826 1767 3892 amabo,
1815 3841 1958 3896 quos
1990 3827 2078 3882 hic

2185 3461 2349 3529 Υοιντ’
2375 3461 2475 3526 ἇν;
2504 3479 2524 3514 ι
2569 3460 2728 3515 Ἀλλὰ
2760 3462 2866 3533 γάρ
2898 3463 3101 3515 τούτων
3128 3461 3191 3532 δὴ
3221 3460 3384 3532 χάριν
3415 3452 3755 3515 ἀπολειπτέος

2194 3554 2293 3625 μὲν
2319 3557 2448 3625 ἡμῖν
2469 3548 2640 3620 οὗτος,
2657 3555 2766 3608 δέει
2791 3555 3021 3609 θανάτου
3042 3555 3131 3608 τον
3162 3553 3463 3623 Ἀθηναίων
3483 3551 3649 3619 δῆμον
3666 3562 3755 3598 κα-

2190 3645 2671 3718 θυπκρινὰμενος·
2696 3648 2949 3719 τιμητέος
2967 3647 3022 3700 δὲ
3036 3647 3297 3715 Μωῦσῆς.
3320 3646 3394 3699 τά
3416 3662 3479 3697 τε
3507 3638 3754 3711 Ἐϐραίων

2190 3739 2345 3807 λόγια
2375 3738 2621 3809 καθαρᾶς
2653 3739 2943 3810 ἐξεχόμενα
2973 3740 3146 3793 διόλου
3179 3738 3278 3809 τῆς
3324 3737 3498 3807 μόνης
3538 3728 3750 3803 diutini:

2184 3831 2279 3883 καὶ
2304 3830 2577 3894 ἀπλανοῦς
2601 3831 2897 3895 εὐσεϐείας.
2932 3831 3043 3884 Θέα
3074 3830 3140 3902 δὴ
3163 3831 3256 3884 καὶ
3284 3829 3433 3883 ἄλλο.

511 3943 684 3983 vanos
710 3942 775 3982 ac
801 3924 1090 3981 mendaces
1122 3921 1374 3992 appellat,
1434 3919 1597 3975 iidem
1649 3919 1751 3989 ipsi
1791 3929 1966 3989 poeta:
2029 3920 2255 3976 deorum
2296 3932 2522 3993 nepotes
2564 3924 2904 3980 habeantur?
2940 3922 3071 3977 Jure
3120 3923 3381 3977 nimirum
3446 3933 3512 3973 ac
3570 3914 3749 3969 merito

512 4022 904 4095 relinquendus
936 4021 1038 4075 iste
1069 4018 1245 4085 nobis,
1277 4017 1370 4086 qui
1411 4015 1604 4071 mortis
1633 4026 1781 4091 metu
1843 4016 2106 4085 populum
2146 4018 2532 4075 Atheniensem
2565 4020 2890 4075 histrionum
2946 4034 3099 4074 more
3161 4017 3544 4072 demulcebat:
3579 4012 3748 4067 obser-

511 4118 726 4172 vandus
748 4122 938 4169 contra
969 4110 1205 4183 Moyses,
1253 4118 1308 4165 et
1366 4108 1739 4178 amplectenda
1770 4096 2121 4165 Hebraeoium
2162 4112 2407 4176 oracula,
2464 4128 2585 4183 quae
2613 4114 2827 4168 sincera
2869 4128 3119 4184 prorsus,
3161 4128 3374 4183 unaque
3417 4112 3574 4177 adeo,
3605 4120 3746 4162 vera-

513 4225 640 4280 que,
691 4218 745 4261 et
774 4207 843 4260 ab
885 4205 1031 4257 onmi
1068 4218 1253 4257 errore
1282 4217 1452 4256 vacua
1488 4201 1686 4270 pietate
1709 4201 2077 4258 'antecellunt.
2121 4204 2240 4261 Jam
2274 4207 2421 4261 aliud
2474 4207 2578 4262 hoc
2611 4207 2843 4261 intuere.

1111 4314 1338 4370 CAPUT
1373 4313 1492 4368 XV.

518 4437 639 4493 Non.
674 4436 727 4487 5n
757 4434 997 4486 omnibus
1025 4428 1289 4492 Plutonis,
1321 4425 1411 4480 sed
1447 4425 1812 4487 Ilebra’orum,
1850 4431 2082 4494 proban-

586 4508 709 4559 dam
735 4521 845 4558 esse
872 4506 937 4553 de
960 4497 1290 4569 spiritalibus
1320 4496 1525 4550 naturis
1554 4496 1991 4566 disputationem.

583 4616 842 4679 Naturas,
877 4614 1016 4667 inter
1042 4609 1270 4664 rationis
1317 4608 1632 4678 participes,
1665 4608 1897 4672 medias,
1928 4619 2087 4664 ortus

517 4709 602 4765 sui
632 4706 962 4778 principium
998 4703 1256 4757 habuisse
1313 4700 1523 4755 llebrazi
1575 4700 1793 4755 docent.
1856 4700 2087 4756 Easdem

518 4802 577 4857 iu
606 4799 789 4856 varios
823 4794 1150 4863 spiritalium
1179 4792 1613 4848 substantiarum
1645 4791 1868 4846 ordines
1895 4792 2086 4847 distri-

518 4894 705 4957 butas,
739 4888 988 4959 spiritus,
1014 4887 1266 4951 virtutes,
1298 4884 1391 4939 Dei
1435 4884 1808 4950 administros,
1870 4884 2091 4954 angelos

519 4994 685 5055 atque
715 4979 1075 5050 archangelos
1103 4978 1409 5032 nominant.
1455 4975 1576 5040 Quo
1602 4990 1668 5029 ex
1699 4990 1946 5035 nurnero,
1984 4974 2086 5044 qui

520 5081 713 5145 suapte
762 5072 917 5140 culpa
947 5070 1279 5133 ceciderunt,
1336 5070 1642 5123 daemonum
1687 5083 1752 5122 es
1801 5067 1868 5122 iis
1896 5082 2089 5136 genus,

520 5169 741 5236 vimque
794 5178 1010 5218 omnem
1052 5159 1368 5215 hominibus
1399 5159 1676 5213 inimicam
1728 5157 2092 5226 infestamque

520 5259 747 5312 ducunt.
789 5256 1058 5322 Quocirca
1101 5269 1200 5307 nec
1244 5269 1338 5307 eos
1387 5253 1614 5307 deorum
1655 5252 1708 5305 iu
1744 5252 1863 5306 loco
1896 5250 2081 5305 haberi

518 5351 824 5422 patiuntur,
865 5348 957 5418 qui
992 5362 1098 5399 non
1139 5362 1204 5401 ex
1235 5361 1353 5399 sese
1394 5344 1558 5398 modo
1606 5344 1829 5398 insitum
1882 5352 2092 5399 naturae

523 5458 636 5496 sua:
684 5457 748 5495 ac
806 5440 1087 5495 Dl‘ODl'lUlll
1147 5440 1437 5492 honestum
1491 5438 1804 5504 bonumque
1852 5452 1958 5490 non
1992 5438 2090 5491 ba-

595 5615 707 5686 (Ξϐ)
742 5618 953 5685 Ἄρεώς
987 5635 1082 5682 τε,
1118 5626 1223 5673 etc.
1258 5615 1335 5670 Ita
1358 5618 1506 5671 hunc
1543 5614 1724 5668 locum
1758 5629 1821 5667 ex
1870 5615 2093 5686 Platone.

522 5684 881 5751 restituimus,
913 5704 1038 5742 eum
1067 5701 1193 5741 ante
1219 5702 1503 5756 personam
1545 5686 1811 5756 legeretur
1840 5701 1860 5756 εί
1882 5684 2091 5756 ’Ἄρεώς

522 5773 583 5809 τε
615 5758 708 5811 καὶ
749 5758 1041 5826 Ἡφαίστου
1088 5758 1191 5811 ὑπὸ
1220 5753 1549 5826 Ἃφροδίτης
1591 5753 1810 5824 δεσμδν,
1843 5755 1909 5807 δι’
1931 5753 2092 5824 ἕτερα

2694 4298 3086 4351 ΚΕΦΑΛΑῘΟΝ
3127 4295 3229 4349 ιε’.

2193 4410 2321 4462 Ὀτι
2354 4410 2440 4482 μὴ
2484 4410 2744 4482 καθόλου
2782 4408 2967 4482 ὀρθῶς
2995 4410 3026 4460 ό
3066 4405 3457 4482 (ﬂuitem-td):
3484 4403 3611 4482 περὶ
3641 4399 3746 4482 ζῶν

2187 4479 2421 4547 νοητῶν
2452 4477 2677 4533 οὐσιῶν
2706 4479 3009 4546 ἑφώδευσε
3046 4478 3262 4546 λόγονζ
3306 4477 3444 4530 ἀλλ’
3491 4477 3738 4543 Ἑϐραῖοι.

2272 4591 2509 4663 Ἑϐραῖοι
2541 4591 2638 4660 τὴν
2671 4589 2842 4661 μέσην
2883 4587 2988 4640 τῶν
3021 4587 3251 4656 λογικῶν
3281 4588 3444 4657 φύσιν
3474 4584 3740 4657 γεννητὴν,

2190 4681 2301 4734 ἀλλ’
2332 4681 2429 4734 οὐκ
2458 4680 2748 4749 ἀγέννητον
2776 4674 2912 4731 εἷναί
2945 4695 3097 4747 φασι.
3133 4678 3352 4750 Ταύτην
3387 4678 3443 4731 δὲ
3472 4682 3550 4740 είς
3572 4672 3742 4745 νοερᾶς

2190 4773 2373 4836 οὐσίας
2392 4771 2720 4843 διαιροῦντες
2744 4769 2822 4841 τῷ
2844 4770 2986 4840 λόγῳ
3003 4810 3016 4832 ,
3044 4768 3344 4839 πνεύματα,
3367 4771 3463 4822 καὶ
3485 4766 3737 4835 δυνάμεις,

2191 4864 2284 4917 καὶ
2310 4860 2445 4915 Θεοῦ
2472 4860 2843 4932 λειτουργοὺς.
2889 4859 3151 4926 ἀγγέλους
3180 4875 3239 4932 τε
3272 4858 3366 4910 καὶ
3394 4852 3743 4929 ἀρχαγγέλους

2191 4955 2636 5027 ἐπονομάζουσιν.
2700 4956 2791 5008 Ἐκ
2831 4954 2888 5007 δὲ
2915 4954 3015 5024 τῆς
3041 4955 3245 5006 τούτων
3274 4952 3634 5011 ἁποπτώσεως
3657 4942 3741 4999 καὶ

2193 5050 2553 5120 παρατροπῆς
2577 5049 2637 5102 τὸ
2657 5047 2923 5118 δαιμόνων
2947 5046 3122 5115 γένος,
3155 5045 3248 5099 καὶ
3276 5047 3383 5098 πᾶν
3410 5045 3470 5097 τὸ
3490 5045 3585 5113 τῆς
3605 5041 3740 5093 ἐναν-

2190 5143 2308 5206 τίας
2331 5144 2424 5196 καὶ
2455 5140 2733 5213 μοχθηρᾶς
2754 5140 3031 5212 ἐνεργείας
3061 5136 3199 5203 ε’δος
3231 5139 3529 5206 εἰσάγουσι,
3563 5133 3743 5198 Διόπερ

2192 5234 2311 5287 οὐδὲ
2335 5231 2490 5294 θεοὺς
2534 5231 2913 5302 ἐπιτρέπουσιν
2950 5229 3199 5301 ἡγεῖσθαι
3234 5230 3361 5293 τοὺς
3407 5228 3479 5300 μὴ
3511 5227 3569 5281 τὸ
3596 5219 3743 5278 καλὸν

2193 5325 2286 5377 καὶ
2308 5321 2508 5391 ἀγαθὸν
2524 5320 2822 5392 ἀχώριστον
2850 5320 3060 5390 φύσεως
3102 5319 3493 5391 ἐπαγομένους,
3516 5313 3638 5372 ἀλλὰ
3654 5304 3733 5365 καὶ

2193 5414 2251 5468 τδ
2280 5410 2415 5467 εἶναι
2444 5413 2505 5465 οὐ
2532 5412 2660 5483 παρ’
2695 5411 2897 5466 ἑαυτῶν
2922 5451 2937 5474 ,
2963 5411 3112 5482 παρὰ
3140 5411 3197 5465 δὲ
3228 5410 3319 5466 τοῦ
3352 5412 3563 5466 πάντων
3586 5403 3739 5461 αἰτίαι

2192 5612 2433 5667 τοιαῦτα.

2266 5682 2379 5750 (27)
2415 5681 2573 5735 Forte
2606 5681 2711 5734 del.
2740 5696 2818 5732 τε.

2266 5754 2376 5817 (28)
2414 5751 2573 5807 Forte
2602 5751 2845 5817 ποιῆσαι,
