3994 6384
201 362 380 417 ηδε»

197 477 706 552 ἑπενηνεγμένους
727 499 739 513 ο
765 482 826 536 τό
849 499 905 535 τε
933 477 990 536 εὖ
1020 477 1159 536 εἶναι
1187 483 1279 535 καὶ
1298 483 1396 554 τὴν
1420 486 1622 557 ἀρετὴν
1645 525 1659 548 ,
1692 485 1822 536 αὐτό
1850 495 1893 547 Α

199 585 274 622 τε
305 574 388 625 τὸ
409 573 690 637 ἀθάνατον,
713 573 834 626 οὔτε
858 574 936 645 τῷ
955 576 1045 628 ἐπὶ
1068 575 1281 628 πάντων
1305 575 1422 646 Θεῷ
1441 577 1642 645 ὁμοίως
1658 615 1671 636 ,
1693 574 1815 628 οὔτε

198 659 284 713 δι’
320 660 395 718 οὗ
416 664 484 716 τὰ
507 665 680 718 πάντα
704 666 928 734 συνέστη
952 667 1393 738 ἐπιφερομένους.
1433 667 1490 719 '0
1512 667 1566 720 δέ
1593 685 1654 735 γε
1678 667 1818 720 Πλά-

199 766 340 802 των
384 754 705 822 ἀσωμάτους
750 755 846 824 μὲν
887 757 982 808 καὶ
1019 756 1215 826 νοητὰς
1251 756 1436 820 ούσίας
1464 757 1560 820 τὰς
1597 756 1817 824 λογικάς

204 843 432 909 φύσεις
463 846 664 914 ὁμοίιος
708 845 978 916 Ἑϐραίοις
1011 847 1263 917 ὑφίστησι
1285 889 1298 911 ,
1327 848 1600 900 διαπίπτει
1633 849 1686 900 δὲ
1719 852 1818 919 τῆς

202 934 561 999 ἀκολουθίας
579 955 592 966 ο
613 937 825 1008 πρῶτον
854 937 951 1008 μὲν
975 941 1298 1009 ἀγεννήτους
1324 935 1458 992 εἶναι
1481 939 1699 1008 φάσκων
1726 941 1820 993 αὐ-

202 1020 331 1084 τὰς
362 1062 375 1083 ν
411 1022 601 1095 ὥσπερ
647 1025 740 1078 καὶ
784 1027 959 1078 πᾶσαν
989 1026 1195 1098 ψυχήν·
1238 1027 1406 1080 ἔπειτ’
1437 1028 1494 1094 ἐξ
1522 1030 1820 1100 ἀπορροίας

201 1115 332 1181 τῆς
368 1115 461 1166 τοῦ
495 1115 708 1188 πρώτου
741 1117 914 1170 αἰτίου
950 1120 1208 1189 συστῆναι
1236 1119 1407 1187 λέγων
1433 1137 1446 1149 ·
1471 1121 1590 1173 οὐδὲ
1621 1121 1727 1194 γὰρ
1756 1125 1820 1175 ἐκ

204 1207 327 1262 τοῦ
368 1211 443 1281 μὴ
473 1211 619 1274 ὄντος
653 1211 820 1274 αύτάς
855 1212 1136 1279 γεγονέναι
1164 1205 1359 1265 διδόναι
1401 1213 1664 1282 βούλεται.
1731 1215 1820 1268 Διὸ

207 1299 330 1352 καὶ
359 1301 621 1354 πλειόνων
649 1301 784 1354 θεῶν
808 1303 1120 1355 ὑποτίθεται
1149 1297 1288 1355 εἶναι
1318 1302 1491 1371 γένος,
1523 1305 1820 1376 ἀπορροίας

207 1408 316 1443 τιν
327 1392 394 1456 ἃς
411 1394 505 1445 καὶ
521 1392 789 1464 προϐολὰς
807 1393 900 1446 τοῦ
921 1391 1135 1462 πρώτου
1158 1396 1251 1448 καὶ
1269 1395 1362 1448 τοῦ
1380 1397 1629 1467 δευτέρου
1648 1397 1819 1449 αἰτίου

209 1483 308 1577 τῷ
347 1484 492 1555 λόγῳ
520 1485 918 1555 ὑφιστάμενος·
952 1481 1091 1538 εἷναί
1135 1503 1194 1538 τε
1241 1487 1450 1555 ἀγαθάς
1497 1489 1593 1560 τὴν
1640 1489 1818 1558 φύσιν,

210 1576 492 1647 οὐδαμῶς
520 1595 578 1630 τε
601 1578 718 1640 οἵας
741 1595 799 1630 τε
825 1578 925 1646 τῆς
959 1579 1166 1640 οἰκείας
1197 1579 1452 1649 ἐκστῆναι
1484 1580 1684 1651 ἀρετῆς
1703 1619 1716 1642 ,
1739 1581 1823 1634 ἐν·

213 1665 326 1718 θεν
357 1669 554 1731 αὐτοὺς
585 1670 678 1722 καὶ
710 1667 863 1732 θεοὺς
886 1665 1026 1722 εἶναι
1059 1669 1288 1734 δοξάζει.
1313 1671 1527 1724 Τούτων
1553 1673 1608 1724 δὲ
1638 1673 1821 1744 ἓτερον

214 1754 375 1812 εἶναι
409 1760 472 1812 τὸ
497 1760 763 1830 δαιμόνων
799 1760 962 1830 φῦλον
1001 1763 1244 1832 ἡγεῖται,
1280 1763 1612 1833 φαυλότητος
1641 1763 1700 1816 ὃν
1729 1765 1822 1816 καὶ

221 1851 581 1922 μοχθηρίας,
614 1853 709 1904 καὶ
754 1853 853 1922 τῆς
883 1854 975 1905 ἐπὶ
999 1854 1060 1905 τὸ
1097 1857 1279 1925 χεῖρον
1314 1855 1520 1925 τροπῆς
1547 1853 1822 1906 δεκτικόν·
1860 1847 1900 1901 Β

216 1936 307 1994 ὧν
342 1945 468 2006 τοὺς
513 1944 608 2013 μὲν
651 1945 888 2013 ἀγαθοὺς
909 1985 924 2008 ,
957 1946 1081 2007 τοὺς
1109 1946 1166 1998 δὲ
1204 1946 1440 2014 φαύλους
1473 1941 1614 1999 εἶναί
1647 1963 1704 1998 τε
1733 1947 1828 1999 κοιλ⁸

218 2035 617 2106 ὀνομάζεσθαι.
653 2038 834 2090 Ταῦτα
859 2038 915 2090 δὲ
953 2036 1102 2108 παρὰ
1131 2039 1198 2091 τὲ
1245 2039 1512 2109 Ἑϐραίοις
1539 2038 1820 2100 δοκοῦντα,

221 2127 425 2179 τοῑτον
455 2129 785 2199 ὑποθέμενος
815 2129 904 2182 τὸν
935 2129 1154 2199 τρόπον,
1182 2131 1283 2183 ούκ
1311 2130 1634 2183 ἀποδίδωσιν
1653 2171 1666 2194 ,
1697 2129 1825 2182 ὁπό-

225 2217 327 2270 θεν
352 2220 651 2290 ὑποστῆναι
669 2222 832 2290 φάναι
854 2221 999 2284 εἰκὸς
1021 2223 1146 2285 τοὺς
1164 2221 1442 2292 δαίμονας.
1483 2223 1575 2274 Ἐκ
1600 2223 1696 2292 μὲν
1716 2221 1826 2291 γὰρ

223 2309 335 2378 τῆς
350 2309 456 2361 τῶν
473 2311 776 2379 ἀσωμάτων
793 2311 901 2380 (‘29)
922 2308 1051 2380 ὕλης
1074 2310 1250 2373 οὐδεὶς
1275 2310 1339 2363 ἂν
1359 2311 1478 2363 νοῦν
1506 2311 1640 2380 ἔχων
1663 2312 1822 2364 εἴποι·

228 2401 429 2467 ἆλογσς
471 2401 580 2471 γὰρ
623 2401 790 2470 αὕτη·
836 2400 1028 2468 λογικὰ
1061 2401 1104 2453 δ’
1139 2403 1238 2454 ούκ
1271 2401 1335 2454 ἄν
1377 2419 1506 2454 ποτε
1541 2403 1599 2466 ea
1628 2403 1823 2470 ἀλόγου

229 2492 478 2562 τεχθείη,
496 2493 701 2560 λογικοὶ
721 2492 775 2545 δὲ
795 2493 842 2544 οἰ
863 2493 1136 2562 δαίμονες.
1159 2493 1220 2544 Εἰ
1239 2493 1283 2544 δ’
1300 2495 1364 2544 ἐκ
1384 2493 1482 2563 τῆς
1503 2493 1610 2545 τῶν
1645 2511 1826 2565 κρειτ-

234 2585 410 2636 τόνων
430 2585 730 2656 ἀπορροίας
755 2579 921 2646 οὗτοι,
941 2586 1036 2638 καὶ
1058 2585 1174 2647 πῶς
1193 2585 1252 2638 οὐ
1285 2585 1394 2638 θεοὶ
1420 2586 1514 2639 καὶ
1536 2587 1687 2639 αὐτοὶ
1711 2590 1826 2651 τοῖς

236 2676 622 2744 γεγεννηκόσιν
647 2676 702 2742 ἐξ
722 2677 832 2728 ἴσου
855 2695 868 2740 ;
889 2676 1080 2740 πῶς’δ“,
1097 2677 1306 2746 ἀγαθῆς
1325 2676 1490 2748 οὔσης
1507 2679 1708 2749 πηγῆς,
1729 2679 1824 2749 οὐχ

237 2768 401 2836 ὃμοια
429 2768 521 2820 καὶ
543 2767 610 2820 τὰ
637 2768 764 2838 παρ’
789 2768 987 2837 αύτῆς;
1011 2769 1207 2831 κακίας
1225 2769 1268 2821 δ’
1287 2770 1344 2820 ὲν
1373 2772 1483 2831 τοῖς
1499 2769 1766 2838 δευτέροις
1788 2773 1820 2841 ἡ

242 2858 446 2931 βλάστη
483 2859 644 2911 πόθεν
691 2859 853 2928 ἐξέφυ
875 2899 888 2922 ,
935 2859 1037 2928 τῆς
1069 2859 1225 2930 ῥίζης
1255 2859 1460 2913 ἄνωθεν
1495 2859 1552 2926 ἐξ
1603 2860 1824 2928 ἀγαθῶν

244 2949 462 3020 ἰούσης;
491 2949 606 3013 πῶς
629 2950 671 3002 δ’
688 2949 753 3003 ἂν
778 2950 986 3013 γένοιτο
1013 2951 1205 3021 πικρὸν
1229 2951 1336 3004 ἀπὸ
1363 2950 1454 3005 τοῦ
1486 2951 1738 3019 γλυκέοςς
1761 2953 1822 3004 Εἰ

240 3041 300 3094 δὲ
323 3041 386 3117 δὴ
415 3042 636 3104 σκότους
659 3040 856 3104 παντὸς
879 3042 971 3094 καὶ
994 3042 1218 3113 πικρίας
1243 3043 1423 3113 πάσης
1445 3043 1573 3112 χαλε
1584 3061 1822 3114 πίω-τερον

241 3131 306 3186 τὸ
331 3133 438 3185 τῶν
475 3133 759 3204 μοχθηρῶν
788 3133 1052 3203 δαιμόνων
1081 3135 1261 3201 γένος,
1297 3134 1413 3197 πῶς
1445 3135 1504 3198 ἐξ
1527 3135 1822 3206 ἀπορροίας

241 3223 444 3293 λέγοιτ’
469 3223 532 3276 ἂν
556 3224 654 3293 τῆς
677 3225 785 3275 τῶν
807 3225 1125 3294 κρειττόνων
1153 3225 1393 3292 φύσεωςς
1421 3228 1467 3278 εἰ
1495 3226 1538 3278 δ’
1562 3227 1624 3278 ἐκ
1664 3226 1822 3296 τῆσδε

239 3309 336 3388 ἦν,
359 3315 465 3368 οὐδ’
488 3315 552 3368 ἂν
575 3316 783 3386 ἐτράπη
809 3317 905 3386 τῆς
931 3317 1136 3380 οἰκείας
1157 3318 1340 3382 ἕξεως.
1373 3318 1432 3368 Εἰ
1451 3317 1493 3368 δ’
1516 3316 1821 3386 ἠλλοίωται,

242 3407 356 3460 οὐδ’
384 3403 452 3476 ἦν
484 3407 580 3478 τὴν
612 3407 784 3478 ἀρχὴν
817 3407 1024 3470 ἀπαθὲς
1048 3408 1147 3478 τὴν
1181 3408 1358 3476 φύσιν.
1398 3409 1458 3460 Εἰ
1492 3407 1534 3458 δ’
1556 3409 1616 3460 ού
1647 3409 1822 3460 τοιάδε

247 3499 360 3571 (50)
387 3496 456 3570 ἦν
475 3539 488 3556 .
523 3500 616 3552 καὶ
647 3499 762 3561 πῶς
791 3497 900 3551 θεοὶ
927 3495 1055 3562 εἷεν,
1091 3499 1138 3551 οἳ
1161 3499 1225 3570 δὴ
1256 3499 1463 3568 φαύλης
1493 3494 1591 3552 οἶοί
1627 3499 1683 3552 τέ
1719 3502 1822 3552 εἰσι

293 3594 497 3661 ετέχειν
539 3591 766 3662 μοίρας;
816 3590 955 3642 Ἀλλ’
986 3592 1033 3642 εἰ
1073 3593 1207 3660 μήτε
1240 3591 1337 3660 τῆς
1369 3591 1473 3644 τῶν
1501 3592 1822 3662 κρειττόνων

243 3681 562 3752 ἀπορροίας.
594 3681 711 3751 μηδ’
747 3675 812 3734 αὖ
847 3681 943 3750 τῆς
971 3680 1078 3732 τῶν
1109 3681 1371 3750 σωμάτων
1398 3681 1492 3751 ὕλη
1501 3699 1526 3744 ς
1551 3678 1677 3746 εἷεν,
1705 3682 1822 3753 ὥρα

245 3773 278 3843 ἥ
305 3775 629 3843 ἀγεννήτους
662 3772 874 3840 λέγειν,
905 3773 998 3824 καὶ
1032 3773 1164 3842 πρὸς
1181 3776 1244 3843 τῇ
1276 3774 1554 3842 ἀγεννήτῳ
1585 3773 1683 3846 ὕλῃ
1716 3774 1821 3827 τῶν

248 3866 532 3936 σωμάτων,
547 3865 724 3935 τρίτον
747 3867 929 3932 στῖφος
947 3864 1175 3932 λογικῶν
1195 3866 1498 3936 ἀγεννήτων
1520 3866 1820 3935 ἀντιπαρα-

243 3957 455 4009 τάττειν
477 3955 553 4026 τῷ
574 3955 691 4026 Θεῷ
705 3973 717 3985 ·
741 3955 922 4008 οὐκέτι
941 3972 998 4007 τε
1023 3954 1110 4008 τὸν
1128 3955 1258 4007 Θεὸν
1280 3956 1494 4008 πάντων
1515 3951 1650 4008 εἶναι
1667 3973 1822 4026 ποιη-

241 4049 344 4119 τὴν
365 4048 458 4101 καὶ
481 4048 808 4118 δημιουργὸν
831 4047 938 4100 τῶν
962 4046 1096 4100 ὅλων
1119 4045 1424 4098 ἀποδιδόναι
1441 4064 1453 4076 ’
1478 4048 1508 4118 ἢ
1532 4047 1674 4099 τοῦθ’
1695 4050 1822 4117 ὁμο-

243 4137 557 4208 λογοῦντας,
582 4141 673 4192 καὶ
697 4139 762 4192 τὰ
785 4139 856 4210 μὴ
880 4139 1004 4192 ὄντα
1026 4140 1198 4190 ποιεῖν
1229 4137 1388 4190 αὑτὸν
1415 4142 1523 4201 τοῖς
1557 4139 1820 4210 Ἐϐραίων

245 4231 550 4303 συμφώνως
581 4230 858 4300 ὁμολογεῖν
891 4228 1083 4296 λόγοις.
1122 4228 1254 4280 Τίνα
1293 4228 1348 4280 δὲ
1394 4228 1499 4280 οἵδε
1530 4231 1655 4300 περὶ
1684 4231 1818 4282 τῶν·

241 4323 297 4377 δε
327 4323 732 4384 ὲκδιδάσκουσι;
777 4320 869 4391 τὴν
899 4319 1068 4390 μέσην
1101 4318 1207 4370 τῶν
1235 4318 1468 4385 λογικῶν
1502 4319 1680 4387 φύσιν,
1708 4319 1818 4372 οὔτ’

243 4416 309 4469 ἐκ
331 4415 428 4486 τῆς
445 4414 552 4467 τῶν
573 4414 834 4482 σωμάτων
855 4411 1004 4474 ὕλης,
1022 4408 1133 4463 οὔτ’
1153 4410 1212 4473 ἐξ
1231 4410 1524 4478 ἀπορροίας
1544 4410 1640 4476 τῆς
1661 4411 1819 4478 ἀγεν-

241 4507 436 4579 νήτου,
486 4506 577 4558 καὶ
617 4506 702 4556 ἀεὶ
737 4502 874 4555 κατά
901 4501 968 4554 τὰ
999 4501 1134 4553 αὑτᾶ
1171 4498 1263 4552 καὶ
1288 4498 1548 4560 ὡσαύτως
1593 4500 1822 4571 ἐχούσης
1855 4510 1895 4564 υ

240 4600 451 4662 οὐσίας,
481 4595 779 4666 ὑποστῆναί
797 4611 926 4662 φασι
947 4611 959 4624 ο
989 4591 1062 4664 μὴ
1084 4589 1248 4644 οὖσαν
1270 4591 1328 4642 δὲ
1352 4590 1632 4662 πρότερον,
1656 4591 1816 4645 δυνά·-

226 4685 338 4762 “μει
365 4689 674 4761 δραστηρίῳ
701 4686 794 4740 τοῦ
828 4688 1041 4740 πάντων
1074 4686 1246 4739 αἰτίου
1275 4684 1572 4752 γεγονέναι.
1633 4684 1816 4755 Ταύτῃ

240 4799 303 4835 τε
343 4783 417 4852 μὴ
451 4780 605 4843 θεοὺς
644 4776 813 4843 εἶναι,
849 4779 980 4849 μηδὲ
1014 4776 1214 4846 κυρίως
1239 4775 1396 4844 τῆσδε
1424 4775 1520 4845 τῆς
1547 4790 1818 4844 προσηγο-

244 4875 369 4946 ρίας
389 4873 671 4942 ἠξιῶσθαι.
695 4874 775 4924 ὅτι
803 4872 933 4942 μηδὲ
958 4870 1054 4941 τὴν
1077 4869 1236 4938 φύσιν
1260 4866 1467 4920 ἰσοῦται
1486 4866 1562 4936 τῷ
1585 4882 1814 4936 πεποιη-

243 4967 384 5028 κότι,
411 4965 530 5035 μηδ’
552 4965 851 5035 ἀχώριστον
872 4962 1070 5032 ὁμοίως
1093 4961 1168 5030 τῷ
1193 4958 1329 5029 Θεῷ,
1350 4959 1410 5011 τὸ
1431 4958 1631 5028 ἀγαθὸν
1657 4955 1814 5026 ἐφελ-

244 5075 397 5111 κεται
416 5098 430 5122 ,
461 5057 522 5109 τό
557 5074 614 5109 τε
645 5056 722 5126 τῷ
755 5055 902 5125 καλῷ
933 5054 1170 5107 ἐναντίον
1203 5052 1347 5104 ἔστιν
1388 5051 1475 5104 ὅτε
1510 5051 1601 5104 καὶ
1631 5051 1815 5115 δέξατ’

242 5147 310 5202 ἂν
349 5147 607 5217 ὀλιγωρία
629 5149 727 5218 τῆς
761 5147 889 5217 περὶ
922 5146 980 5198 τὸ
1007 5147 1250 5214 κρεῖττον
1287 5143 1478 5215 σχολῆς
1499 5184 1512 5207 ,
1562 5143 1627 5213 ἣν
1656 5143 1817 5207 αὐτὸς

243 5238 473 5292 ἕκαστος
495 5238 640 5308 αὐτῷ
666 5239 1072 5308 κατείργασται,
1096 5237 1194 5306 τῆς
1217 5235 1421 5297 οἰκείας
1443 5234 1618 5304 ὁρμῆς
1639 5251 1697 5286 τε
1725 5234 1818 5287 καὶ

241 5330 470 5402 γνώμης
503 5329 757 5399 πεφυκὼς
790 5329 996 5400 κύριος.
1030 5327 1212 5380 Ταῦτα
1243 5326 1337 5379 καὶ
1366 5325 1492 5396 περὶ
1519 5326 1659 5380 τάδε.
1702 5327 1811 5378 Με-

255 5426 460 5495 τίωμεν
489 5425 544 5478 δὲ
580 5426 674 5478 καὶ
699 5423 782 5493 ἐφ’
812 5423 996 5491 ἕτερα.

1397 367 1722 424 ΡΒᾹΞΡΑΠ.
1758 368 2007 425 EVANG.
2046 365 2174 424 LIB.
2214 369 2350 425 XIII.

3343 368 3485 424 1146

1926 487 2122 552 beant,
2168 503 2355 542 verum
2387 487 2550 540 etiam
2580 501 2647 542 ne
2678 487 2788 543 sint
2823 487 2927 558 ipsi
2973 483 3189 556 quidem
3230 497 3325 552 per
3351 499 3494 548 sese,

1925 579 2015 632 sed
2040 595 2067 631 a
2105 594 2288 631 rerum
2330 579 2707 632 universarum
2739 578 3039 638 conditore,
3073 583 3132 626 ut
3164 580 3366 632 essent,
3399 585 3485 624 ae-

1928 671 2169 738 ceperint
2210 688 2224 723 :
2259 670 2352 740 qui
2384 670 2638 739 denique,
2674 682 2732 723 ut
2759 669 2896 722 bene
2930 666 3061 730 sint,
3092 663 3390 724 utvirtute,
3436 669 3497 714 ut

1929 759 2344 813 immortalitate
2373 758 2674 828 gaudeant,
2713 773 2781 812 ne
2811 757 3026 810 dotibus
3057 752 3275 822 quidem
3309 750 3497 802 fruan-

1927 861 2017 904 tur
2051 851 2174 915 illis,
2212 852 2488 917 quomodo
2535 859 2628 903 aut
2670 857 2975 918 praepotens
3019 859 3200 898 rerum
3251 841 3493 895 omnium

1928 936 2090 1001 Deus,
2128 945 2223 989 aut
2257 935 2487 989 Verbum
2521 936 2674 999 illud,
2719 934 2876 1001 cujus
2913 931 2960 983 vi
2997 929 3180 983 omnia
3217 924 3493 979 exstitere.

1929 1027 1999 1081 At
2027 1027 2201 1090 Plato,
2241 1026 2364 1079 licet
2391 1041 2515 1080 cum
2564 1023 2803 1078 Heln-mis
2844 1031 3066 1074 naturas
3101 1016 3367 1086 quasdam
3404 1029 3491 1066 ra-

1928 1119 2078 1172 tione
2106 1117 2388 1186 praeditas,
2421 1117 2774 1184 incorporeas
2823 1130 2884 1166 ac
2915 1111 3187 1181 spiritales
3223 1121 3345 1161 esse
3383 1113 3495 1159 sta-

1929 1219 2064 1272 tuat,
2099 1209 2242 1262 haud
2281 1219 2459 1261 tamen
2511 1216 2873 1260 conscntauee
2925 1203 3188 1271 loquitur,
3216 1200 3342 1251 dum
3374 1211 3496 1249 eas-

1926 1303 2072 1368 dem,
2129 1302 2309 1371 primo
2366 1299 2822 1370 quemadmodum
2869 1308 2923 1351 et
2963 1295 3198 1348 animam
3252 1303 3492 1350 onmem,

1927 1396 2076 1449 nullo
2130 1403 2252 1448 ortu
2319 1403 2623 1463 generatas,
2677 1391 2872 1445 deinde
2933 1387 3164 1458 quadam
3215 1400 3280 1437 ex
3333 1380 3493 1450 primi

1927 1488 2178 1559 principii
2227 1486 2465 1540 ﬂuxione
2510 1494 2655 1539 satas
2701 1498 2822 1537 esse
2873 1482 3050 1536 docet.
3114 1477 3298 1545 Neque
3341 1473 3489 1528 enim

1928 1584 2049 1637 illas
2079 1595 2304 1651 prorsus
2325 1578 2540 1633 cnihilo
2562 1575 2838 1631 exstitisse
2865 1571 3134 1628 concedit.
3167 1568 3352 1636 Itaque
3379 1565 3499 1633 plu—

1927 1677 2069 1730 riu-m
2105 1675 2332 1728 deorum
2402 1673 2677 1725 nationem
2743 1664 3050 1724 constituit,
3117 1677 3256 1731 quos
3305 1669 3498 1711 omnes

1929 1768 2088 1838 primi
2126 1765 2462 1834 secundique
2507 1760 2759 1832 principii
2812 1758 3079 1812 ﬂuxiones
3125 1751 3388 1824 quasdam
3433 1763 3498 1803 ac

1929 1856 2419 1932 proseminationes
2449 1869 2571 1909 esse
2596 1853 2745 1913 vult,
2778 1865 2899 1919 qua:
2928 1847 3074 1918 quod
3104 1854 3295 1914 suapte
3329 1840 3495 1913 695

1928 1960 2122 2006 natura
2154 1949 2310 2003 bona:
2345 1948 2474 2007 sint,
2504 1961 2604 1999 nec
2638 1945 2746 1997 ullo
2785 1957 3026 2010 unquam
3081 1938 3242 1992 modo
3278 1933 3494 2004 propria

1927 2041 2130 2094 virtute
2179 2035 2400 2106 spoliari
2437 2041 2660 2102 queant,
2687 2030 2756 2084 ab
2781 2043 2847 2082 eo
2888 2034 3172 2097 propterea
3225 2022 3299 2076 dii
3346 2017 3497 2088 judi-

1928 2139 2125 2186 cantur
2209 2128 2286 2183 Ab
2334 2125 2420 2180 his
2465 2123 2736 2176 diversam
2770 2119 3079 2173 dtemonum
3124 2113 3339 2168 turbam
3367 2123 3494 2164 esse

1926 2229 2100 2292 putat,
2130 2234 2251 2288 quae
2295 2215 2693 2285 improbitatem
2737 2227 2800 2264 ac
2839 2209 3016 2265 scelus
3044 2205 3347 2266 admittere,
3413 2207 3495 2254 at-

1928 2291 2034 2386 que
2077 2314 2130 2366 in
2166 2311 2409 2366 deterius
2439 2307 2637 2360 mutari
2675 2304 2847 2375 possit
2877 2321 2888 2356 :
2915 2317 2980 2354 ex
3030 2298 3230 2368 quibus
3270 2291 3497 2364 proinde

1929 2382 2058 2458 boni
2093 2402 2340 2470 quidam,
2371 2396 2604 2467 improbi
2652 2395 2742 2448 alii
2787 2393 2896 2446 sint
2921 2405 2984 2444 ac
3035 2394 3320 2442 vocentur.
3364 2382 3499 2448 Quae

1926 2511 2049 2550 cum
2079 2496 2212 2563 ipse,
2254 2499 2446 2561 praeter
2480 2488 2830 2542 liebrreorum
2875 2491 3106 2537 mentem
3157 2495 3219 2533 ac
3247 2491 3492 2537 sensum,

1926 2588 1999 2641 ita
2046 2585 2254 2648 statuit,
2304 2581 2446 2635 unde
2478 2580 2692 2633 tandem
2729 2592 2851 2630 cum
2910 2575 3092 2643 aliqua
3144 2572 3254 2625 veri
3298 2568 3480 2637 Specie

1925 2678 2199 2732 daemones
2223 2673 2494 2728 exstitisse
2523 2671 2792 2730 dicantus,
2835 2682 2941 2720 non
2979 2664 3233 2734 explicat.
3262 2660 3394 2712 Nam
3419 2673 3486 2712 ex

1925 2782 2311 2838 corporearum
2361 2765 2578 2834 quidem
2610 2777 2790 2814 rerum
2841 2758 3065 2812 materia
3122 2768 3283 2809 nemo
3325 2765 3496 2806 sanus

1924 2859 2156 2924 dixerit;
2192 2866 2275 2912 est
2303 2858 2446 2909 enim
2479 2856 2565 2908 illa
2594 2853 2824 2906 rationis
2857 2865 3052 2918 expers
3080 2866 3092 2901 :
3128 2846 3272 2914 quod
3309 2852 3490 2896 autem

1925 2952 2134 3006 ratione
2165 2949 2449 3019 praeditum
2475 2956 2577 3008 est,
2618 2946 2667 2998 id
2693 2960 2754 2996 ex
2785 2957 2851 2996 eo
2877 2940 3016 3010 quod
3057 2940 3269 2991 ratione
3299 2941 3488 2989 careat

1925 3045 2068 3114 gigni
2102 3059 2206 3096 non
2242 3050 2437 3111 potest,
2487 3039 2693 3091 ratione
2738 3046 2918 3090 autem
2972 3029 3184 3101 praediti
3216 3029 3493 3082 dannoncs

1927 3144 2077 3191 sunt.
2123 3133 2215 3188 Sin
2267 3143 2446 3186 autem
2493 3130 2836 3199 superiorum
2872 3136 3187 3179 naturarum
3224 3134 3487 3190 propaga-

1929 3230 2070 3283 tione
2121 3228 2220 3281 sati
2274 3227 2346 3278 illi
2383 3234 2528 3286 sunt,
2574 3223 2760 3292 quidni
2803 3236 2954 3289 aeque
3012 3234 3073 3270 ac
3107 3223 3378 3286 parentes,
3413 3211 3489 3264 dii

1925 3329 2052 3377 sunt
2085 3319 2184 3387 ipsi
2220 3317 2476 3386 quoque?
2503 3317 2593 3385 qui
2628 3315 2686 3368 ﬁt
2720 3323 2777 3366 ut
2804 3328 2866 3365 ex
2896 3312 3037 3363 bono
3073 3309 3218 3360 fonte
3244 3305 3343 3359 rivi
3385 3302 3493 3356 dis-

1925 3415 2133 3468 similes
2167 3411 2448 3464 oriantur?
2508 3407 2650 3460 uude
2703 3407 2756 3458 in
2816 3399 3209 3472 posterioribus
3272 3409 3490 3465 germen

1925 3506 2055 3559 illud
2091 3501 2456 3572 improbitatis
2484 3499 2732 3566 emergit,
2769 3496 2863 3566 qui
2910 3494 3146 3548 radicem
3205 3489 3426 3551 habent,
3457 3501 3490 3540 a

1924 3604 2071 3649 tanta
2107 3595 2264 3663 primi
2295 3608 2464 3661 usque.
2489 3589 2740 3658 principii
2763 3586 3072 3654 integritate
3096 3589 3448 3651 prapagatam
3466 3575 3493 3629 ‘P

1923 3700 2032 3754 quo
2084 3685 2318 3752 denique
2373 3681 2534 3735 modo
2578 3696 2642 3733 ex
2695 3677 2946 3731 dulcibus
3000 3690 3182 3726 amara
3252 3683 3491 3724 nascun-

1927 3774 2053 3827 tur?
2116 3773 2441 3835 Enimvero,
2487 3770 2529 3824 si
2582 3767 2821 3821 tenebris
2867 3765 3165 3824 omnibus,
3230 3762 3273 3814 si
3336 3757 3489 3813 omni

1923 3864 2218 3919 acerbitate
2257 3862 2475 3931 gravius
2513 3867 2595 3912 est
2642 3857 3016 3927 improborum
3051 3855 3360 3906 daemonum
3397 3865 3490 3918 ge-

1924 3975 2047 4021 nus,
2071 3957 2194 4025 quis
2250 3957 2380 4008 illud
2416 3970 2479 4007 ex
2525 3953 2810 4006 meliorum
2841 3965 2902 4003 ac
2931 3949 3261 4000 diviniorum
3293 3954 3484 3997 natura

1921 4050 2143 4104 ﬂuxisse
2189 4048 2372 4102 dicat?
2406 4063 2467 4099 ex
2503 4061 2612 4114 quo
2647 4059 2778 4097 sane
2808 4043 2850 4096 si
2902 4040 3169 4095 ﬂuxisset.
3205 4051 3486 4102 nunquam

1921 4158 1986 4196 ex
2033 4141 2253 4210 proprio
2285 4148 2340 4192 et
2371 4137 2602 4191 naturali
2656 4144 2796 4188 statu
2849 4133 3158 4185 excidisset.
3226 4128 3381 4194 Quod
3439 4127 3488 4180 si

1923 4241 2130 4286 tantum
2159 4229 2479 4284 nudatiouis
2504 4227 2687 4280 subire
2713 4226 2907 4294 potuit,
2944 4237 3049 4275 non
3093 4223 3256 4291 igitur
3279 4217 3488 4287 princi~

1921 4326 2010 4393 pio
2043 4335 2291 4377 naturam
2326 4320 2536 4382 habuit,
2571 4319 2640 4371 ab
2688 4317 2836 4371 omni
2871 4314 3111 4384 patiendi
3166 4312 3490 4365 necessitate

1920 4417 2170 4470 liberam.
2226 4413 2547 4481 Cuiusmodi
2591 4415 2636 4466 si
2689 4412 2967 4465 dmmoncs
3018 4409 3104 4461 isti
3154 4422 3260 4458 non
3307 4414 3484 4465 erant,

1926 4509 2016 4577 qui
2052 4523 2213 4576 porro
2261 4508 2332 4560 tlii
2380 4522 2502 4560 esse
2549 4506 2778 4575 possint,
2831 4505 2923 4573 qui
2982 4501 3370 4556 sceleratorum
3429 4499 3484 4550 in

1924 4601 2154 4655 classem
2194 4601 2342 4654 abire
2374 4598 2709 4668 potuerunt?
2762 4595 2880 4649 Jam
2920 4609 3068 4658 vero,
3106 4593 3150 4645 si
3181 4606 3352 4659 neque
3383 4603 3490 4643 men

1920 4690 2152 4744 lioribus
2192 4691 2296 4744 illis
2345 4707 2407 4743 ac
2463 4689 2840 4758 superioribus
2903 4701 2965 4739 ex
3023 4684 3257 4743 naturis,
3304 4695 3481 4750 neque

1923 4798 2214 4851 corporum
2269 4797 2333 4835 ex
2387 4782 2612 4834 materia
2669 4790 2847 4833 ortum
2911 4777 3176 4838 habuere,
3239 4781 3488 4840 superest

1926 4875 2172 4937 omnino,
2212 4883 2270 4927 ut
2321 4875 2401 4926 vel
2456 4890 2549 4926 eos
2600 4888 2877 4941 nunquam
2917 4871 3127 4939 genitos
3172 4883 3292 4921 esse
3345 4868 3489 4920 dica-

1922 4982 2047 5020 mus
2069 5006 2083 5030 ,
2120 4975 2282 5034 atque
2317 4965 2387 5017 ita
2413 4974 2604 5032 przcter
2637 4963 2782 5015 illam
2835 4976 3126 5029 corporum
3174 4959 3486 5023 materiam,

1923 5076 2084 5131 quam
2111 5069 2231 5113 ortu
2263 5075 2448 5114 carere
2479 5059 2686 5119 volunt,
2713 5056 2928 5110 tertiam
2972 5056 3112 5108 hanc
3137 5062 3483 5112 naturarum,

1922 5168 2044 5221 quae
2071 5152 2280 5204 ratione
2308 5152 2562 5219 praeditzc,
2591 5160 2710 5202 ortu
2741 5148 2992 5203 similiter
3035 5153 3277 5205 careant,
3309 5144 3485 5197 natio-

1923 5259 2070 5308 nem,
2115 5259 2236 5295 cum
2292 5241 2398 5294 Deo
2448 5256 2862 5310 componamus,
2927 5237 3205 5304 Deumque
3255 5233 3487 5303 proinde

1919 5349 2098 5386 rerum
2130 5348 2356 5404 prorsus
2386 5332 2628 5384 oxnnium
2671 5329 3009 5384 conditorem
3042 5340 3186 5389 esse,
3224 5341 3287 5378 ac
3322 5322 3448 5376 moli

1918 5430 2089 5474 torem
2133 5437 2434 5490 negemus:
2490 5421 2573 5474 vel
2625 5421 2670 5475 si
2741 5421 3122 5474 universorum
3200 5424 3479 5485 parentem

245 5520 618 5590 agnoscimus.
665 5533 852 5571 eorum
891 5517 1054 5570 etiam
1123 5530 1245 5584 quae
1283 5515 1427 5567 nulla
1475 5524 1640 5578 sunt,
1701 5524 1760 5568 ut
1805 5513 2154 5572 Hebraeorum
2212 5519 2399 5574 litterae
2447 5517 2775 5589 praedicant,
2825 5527 3101 5571 auctorem
3170 5513 3321 5566 illum
3356 5524 3479 5562 esse

247 5610 537 5666 iateanmr.
591 5611 847 5676 Quzenam
899 5623 1028 5662 vero
1073 5607 1161 5660 illa
1211 5613 1358 5670 sunt,
1418 5621 1539 5676 quae
1591 5607 1658 5660 ab
1704 5607 1837 5660 insis
1891 5607 1960 5663 de
2022 5622 2338 5666 naturarum
2379 5612 2604 5667 istarum
2651 5609 2958 5666 conditione
2994 5607 3325 5663 traduntur?
3373 5601 3480 5657 Eas

317 5725 430 5794 {99)
477 5723 850 5794 ‘Ao’wya'rtor.
890 5722 1032 5775 Malo
1068 5721 1331 5794 σωμάτων
1361 5737 1422 5775 cx
1458 5736 1559 5794 ms.

318 5788 428 5866 (50)
461 5788 677 5852 Τοιάδε.
725 5793 914 5856 Forte,
945 5788 1160 5845 τοιοίδεζ
1191 5790 1321 5845 Nam
1365 5795 1430 5845 de
1472 5791 1806 5846 thetnmiibus
1845 5788 2102 5859 loquitur.
