3872 6368
301 341 438 406 1149

1423 351 1746 410 ΡΒᾸΞΡΔΒ.
1789 351 2048 410 EVANG.
2091 354 2219 413 LIB.
2261 354 2398 414 XIII.

3411 355 3548 410 “50

298 463 436 519 δνων
468 464 598 539 γένη
629 468 845 523 καὶτῶν
869 468 1126 523 τοιούτων
1162 469 1363 542 θηρίων
1395 472 1538 537 είκὸς
1565 474 1871 528 ἐνδύεσθαιο

1976 473 2138 545 697
2167 491 2331 545 quam
2376 475 2768 533 circumferant
2798 492 3072 548 corporeae
3112 476 3250 531 labis
3281 477 3550 546 cupidita-

299 557 332 628 ἢ
367 559 468 612 οὐκ
498 560 634 628 οἴει;
669 593 734 602 -
765 563 913 615 Πάνυ
951 562 1050 632 μὲν
1102 559 1195 616 οῦν
1242 564 1388 626 εἰκὸς
1415 564 1613 633 λέγεις.
1647 599 1713 608 -—
1739 568 1875 631 Τοὺς

299 649 355 702 δέ
386 667 450 718 γε
479 651 712 718 ἀδικίας,
754 657 847 706 καὶ
884 655 1228 726 τυραννίδας,
1266 657 1358 708 καὶ
1397 657 1647 726 ἁρπαγὰς
1679 675 1876 729 προτε-

301 741 617 810 τιμηκότας,
668 744 748 804 εἰς
791 743 858 795 τὰ
889 746 996 796 τῶν
1026 745 1202 798 λύκων
1235 763 1314 805 τε.
1352 747 1444 799 καὶ
1494 748 1744 815 ἱεράκων,
1781 749 1874 802 καὶ

302 830 518 883 ίκτίνων
551 832 682 903 γένη
702 850 714 862 ·
746 833 777 903 ἢ
809 838 898 887 ποῖ
925 835 1187 913 ἃνᾶλλοσε
1207 841 1405 905 φαῖμεν
1422 837 1519 900 τὰς
1541 840 1792 902 τοιαύτας
1810 840 1876 892 ἰέ-

299 937 482 984 ναις-
498 923 730 992 Ἀμέλει,
755 925 857 994 ἔφη
877 926 1116 996 ὁΚέϐης,
1138 929 1216 990 εἰς
1232 929 1297 980 τά
1327 927 1870 994 τοιαῦτα-Οὐκοῦν,

297 1007 332 1081 ἦ
366 1011 411 1062 δ’
429 1012 508 1074 ὃς,
539 1013 737 1085 δηλαδὴ
769 1018 860 1069 κα)⁸
883 1016 1068 1080 τᾶλλα,
1168 1019 1231 1072 ἂν
1251 1019 1455 1089 ἑκάστη
1485 1020 1574 1082 ἴοι,
1605 1021 1743 1074 κατά
1775 1023 1872 1085 τὰς

297 1101 475 1154 αὐτῶν
487 1105 809 1174 ὁμοιότητας
824 1107 924 1176 τῆς
949 1107 1455 1181 μελέτης-Δῆλον
1468 1111 1552 1182 δὴ,
1583 1113 1686 1181 ἔφη
1706 1130 1719 1142 ο
1756 1113 1871 1176 πῶς

296 1187 342 1238 δ’
389 1186 484 1251 05;
519 1221 591 1230 —-—
617 1191 824 1244 Οὐκοῦν
854 1194 1344 1264 εὐδαιμονέστατοι,
1388 1198 1630 1268 ἐφη,καὶ
1667 1201 1870 1254 τούτων

297 1279 423 1342 εἰσὶ,
461 1281 552 1332 καὶ
584 1281 663 1342 εἰς
694 1281 965 1350 βέλτιστον
1009 1284 1171 1337 τόπον
1217 1287 1402 1352 ἰόντες,
1437 1292 1486 1341 οἱ
1524 1291 1622 1360 τὴν
1651 1291 1712 1359 δη
1723 1309 1872 1360 μοτι-

298 1367 401 1433 κὴν
455 1369 550 1420 καὶ
592 1370 870 1443 πολιτικὴν
913 1374 1113 1445 ἀρετὴν
1154 1377 1648 1449 ἐπιτετηδευκύτες,
1700 1385 1764 1452 ἣν
1807 1381 1868 1454 δὴ

299 1459 522 1512 καλοῦσι
557 1465 907 1535 σωφροσύνην
936 1483 995 1518 τε
1035 1470 1126 1521 καὶ
1155 1470 1515 1540 δικαιοσύνην,
1546 1475 1604 1539 ἐξ
1636 1474 1788 1538 ἔθους
1811 1493 1868 1528 τε

300 1553 394 1603 καὶ
432 1553 662 1624 μελέτης
699 1560 1002 1624 γεγονυῖαν,
1027 1559 1151 1612 ἄνευ
1185 1562 1498 1630 φιλοσοφίας
1529 1581 1588 1617 τε
1618 1566 1714 1618 καὶ
1753 1567 1866 1630 νοῦς

300 1642 450 1712 -Πῇ
479 1643 540 1713 δὴ
561 1639 703 1698 οὗτοι
721 1647 1185 1718 εὐδαιμονέστατοι
1205 1669 1218 1717 ;
1242 1655 1444 1706 --⁹ὐτι
1478 1656 1697 1720 τούτους
1725 1659 1869 1721 εἰκός

302 1735 446 1785 ἐστιν
479 1737 557 1796 είς
602 1736 840 1790 τοιοῦτον
884 1740 1042 1793 πάλιν
1081 1743 1422 1809 ἀφικνεῖσθαι
1469 1747 1740 1800 πολιτικὸν
1776 1750 1868 1802 καὶ

1978 572 2050 629 te,
2087 567 2302 635 corpori
2353 583 2546 622 rursus
2596 568 2890 639 illigentur.
2961 565 3202 622 Moribus
3239 582 3436 635 porro,
3467 570 3545 622 uti

1975 669 2075 724 par
2098 668 2199 719 est,
2223 675 2346 714 cum
2383 661 2449 716 iis
2487 661 2933 716 convenientibus
2969 660 3164 730 illigari
3197 659 3388 722 solent,
3419 662 3544 729 qui-

1976 745 2078 799 bus
2118 747 2244 800 dum
2300 749 2557 815 viverent,
2615 750 2926 804 utebantur.
2972 779 3041 788 —
3074 747 3226 814 Quos
3263 757 3317 802 tu
3365 764 3545 805 mores

1976 834 2240 904 loqueris,
2273 852 2306 891 o
2329 837 2616 893 Socrates?
2663 869 2734 879 -—
2761 838 3003 907 Exempli
3042 853 3228 902 causa,
3263 838 3354 906 qui
3383 853 3442 892 se
3487 837 3542 892 in

1975 925 2203 996 ﬂagitia,
2243 929 2296 981 in
2346 931 2549 985 ventris
2596 931 2840 1000 grtiasque
2887 931 3190 998 voluptates
3232 929 3309 982 sic
3351 928 3546 984 effude-

1974 1021 2102 1083 rint,
2135 1021 2340 1076 nullam
2377 1031 2433 1076 ut
2457 1023 2680 1092 pudoris
2710 1023 2794 1077 sui
2825 1022 3092 1076 rationem
3140 1020 3420 1082 haberent,
3455 1034 3546 1074 eos

1973 1128 2075 1182 ego
2116 1113 2295 1168 simile
2320 1114 2430 1167 veri
2459 1115 2716 1178 arbitror,
2742 1115 3222 1182 asinorumpostea
3253 1110 3544 1165 similium-

1973 1218 2078 1272 que
2111 1203 2346 1258 ferarum
2375 1206 2557 1260 vultus
2584 1222 2651 1260 ac
2704 1205 2906 1260 formas
2963 1205 3206 1258 induere.
3236 1200 3356 1256 Tibi
3417 1215 3546 1255 vero

1972 1311 2100 1347 num
2136 1295 2276 1350 idem
2303 1296 2515 1349 videtur
2539 1296 2562 1348 ?
2597 1325 2668 1334 —
2692 1295 2996 1348 Admodum
3028 1303 3084 1347 tu
3110 1293 3327 1360 quidem
3351 1290 3546 1346 verisi~

1971 1385 2119 1439 milia
2143 1386 2404 1454 loqueris.
2421 1415 2491 1427 —
2509 1385 2718 1451 Quibus
2743 1397 2922 1440 autem
2943 1384 3176 1452 injuriae,
3204 1382 3541 1453 tyrannides,

1970 1475 2380 1546 alienarumquc
2429 1476 2771 1531 fortunarum
2834 1475 3167 1542 direptiones
3223 1472 3544 1543 placuerint.

1972 1581 2068 1622 eos
2097 1567 2150 1620 in
2174 1568 2450 1637 luporum,
2507 1577 2598 1622 aut
2643 1568 2988 1636 accipitrum,
3028 1576 3188 1635 atque
3256 1565 3544 1618 milvorum

1973 1673 2144 1727 genus
2173 1658 2488 1712 transcribi.
2539 1656 2659 1723 Quo
2711 1657 2854 1710 enim
2919 1655 3026 1708 alio
3067 1670 3161 1708 eos
3186 1652 3547 1722 commigrare

1985 1745 2282 1800 dixerimus
2304 1747 2326 1799 ?
2346 1776 2416 1784 —
2445 1745 2697 1811 Prorsus,
2723 1745 2897 1814 inquit
2933 1744 3124 1805 Cebes,
3169 1743 3270 1796 hoc
3305 1741 3357 1794 in
3377 1755 3547 1809 genus

299 1824 506 1895 ἥμερον
538 1827 710 1896 γένος,
738 1829 878 1899 ἦπου
912 1831 1192 1899 μελιττῶν.
1233 1835 1263 1902 ἢ
1307 1837 1550 1905 σφηκῶν,
1579 1837 1611 1907 ἣ
1655 1840 1871 1909 μυρμή-

1976 1839 2334 1891 animantium
2351 1837 2473 1907 jure
2500 1833 3120 1905 commigrent.-—Ergo,
3151 1833 3328 1902 inquit
3351 1831 3460 1896 ille,
3478 1831 3546 1883 de

302 1933 432 1979 κων,
460 1916 493 1986 ῆ
522 1920 612 1971 καὶ
635 1921 918 1982 εἰςταυτόν
949 1939 1010 1989 γε
1030 1924 1192 1975 πάλιν
1218 1927 1276 1976 τὸ
1303 1926 1643 1996 ἀνθρώπινον
1664 1930 1835 1995 γένος.
1853 1949 1870 1980 ι

305 2007 408 2059 Καὶ
450 2011 508 2061 ἐν
555 2011 632 2079 τῷ
666 2011 893 2078 Φαίδρῳ
941 2013 996 2066 δὲ
1049 2015 1346 2069 ἐπάκουσον
1389 2020 1549 2071 ὁποῖα
1602 2019 1872 2083 διέξεισιν·

307 2115 327 2148 ι
369 2098 460 2160 Εἰς
496 2099 595 2167 μὲν
626 2102 732 2172 γάρ
757 2102 816 2155 τὸ
851 2105 979 2156 αὐτὸ
1006 2105 1116 2173 (56)
1156 2106 1276 2158 ὅθεν
1313 2108 1437 2177 ἥκει
1475 2109 1620 2180 ψυχὴ
1650 2112 1873 2182 ἑκάστη,

301 2189 399 2240 οῦκ
423 2191 725 2257 ἀςικνεῖται
754 2194 890 2246 ἐτῶν
919 2197 1128 2266 μυρίων
1164 2199 1274 2268 (57)
1297 2216 1310 2228 ο
1337 2201 1395 2251 ού
1436 2200 1542 2271 γὰρ
1583 2203 1875 2271 πτεροῦται

304 2279 408 2348 πρὸ
453 2282 709 2334 τοσούτου
745 2283 958 2356 χρόνου,
1020 2287 1156 2357 πλὴν
1196 2291 1228 2359 ὴ
1273 2290 1368 2342 τοῦ
1417 2291 1876 2364 φιλοσοφήσαντος

301 2369 522 2432 ἀδόλως,
563 2371 596 2441 ἢ
623 2374 1151 2445 παιδεραστήσαντος
1177 2380 1315 2450 μετὰ
1355 2381 1685 2451 φιλοσοφίας.
1709 2380 1874 2439 Αῦται

297 2461 355 2513 δέ
381 2463 537 2534 τρίτῃ
579 2466 811 2536 περιόδῳ
839 2473 904 2540 τῇ
933 2471 1170 2543 χιλιετεῙ,
1198 2474 1290 2528 ἐάν
1331 2475 1556 2530 ἕλωνται
1587 2481 1705 2550 τρὶς
1751 2483 1870 2548 €33:-

301 2550 399 2620 ξῆς
427 2553 521 2606 τὸν
551 2554 664 2624 βίον
687 2557 893 2622 τοῦτον,
917 2560 1061 2612 οὕτω
1114 2565 1473 2635 πτερωθεῖσαι
1502 2570 1875 2641 τρισχιλιοστῷ

301 2643 410 2696 ἔτει
443 2647 792 2717 ἀπέρχονται,
827 2652 881 2703 αἱ
923 2651 978 2705 δέ
1011 2652 1186 2716 ἄλλαι,
1211 2656 1337 2708 ὅταν
1376 2659 1465 2711 τὸν
1500 2661 1715 2731 πρῶτον
1762 2661 1874 2731 βίον

300 2736 680 2806 τελευτήσωσι,
706 2741 940 2810 κρίσεως
985 2743 1189 2812 ἔτυχον.
1233 2746 1515 2816 Κριθεῖσαι
1556 2751 1630 2813 δὲ,
1668 2753 1722 2805 αἱ
1755 2754 1872 2822 μὲν,

301 2829 380 2890 είς
399 2829 469 2880 τὰ
504 2828 608 2880 ὑπὸ
635 2829 740 2899 γῆς
761 2832 1018 2904 δικαιωτή
1030 2855 1118 2905 ρια
1136 2837 1405 2903 ἐλθοῦσαι,
1430 2839 1584 2912 δίκην
1614 2843 1871 2896 τίνουσιν·

302 2921 357 2971 αἱ
392 2918 458 2978 δ’,
507 2920 584 2983 διε,
619 2922 712 2974 τοῦ
771 2924 1000 2994 ούρανοῦ
1043 2945 1162 2980 τινα
1199 2929 1363 2983 τόπον
1409 2932 1514 2983 ὑπὸ
1565 2933 1661 3002 τῆς
1720 2935 1874 3005 δίκης

301 3008 698 3077 κουφισθεῖσαι,
734 3011 1008 3082 διάγουσιν
1051 3017 1214 3082 ἀξίως
1241 3014 1300 3072 οῦ
1322 3021 1380 3071 ἐν
1418 3021 1705 3092 ἀνθρώπου
1746 3023 1875 3078 εῖδει

301 3099 537 3152 ἐϐίωσαν
569 3100 702 3169 βίου.
748 3103 836 3173 Τῷ
869 3105 924 3157 δὲ
964 3105 1233 3178 χιλιοστῷ,
1281 3110 1584 3182 ἀμφότεραι
1619 3115 1874 3182 ἀφικνού-

307 3209 460 3258 μεναι
495 3193 586 3244 ἐπὶ
611 3193 885 3265 κλήρωσίν
917 3214 973 3249 τε
1001 3198 1088 3250 καὶ
1107 3201 1313 3271 αἵρεσιν
1339 3202 1432 3254 τοῦ
1451 3203 1700 3275 δευτέρου
1733 3207 1870 3276 βίου,

301 3283 654 3353 αίροῦνταιὸν
684 3285 748 3338 ἀν
777 3287 932 3359 ἐθέλη
957 3290 1180 3360 ἑκάστη.
1201 3292 1365 3346 Ἔνθα
1388 3295 1450 3366 δὴ
1477 3297 1567 3349 καὶ
1588 3298 1666 3359 εἰς
1686 3296 1871 3368 θηρίου

308 3374 420 3444 βίον
453 3375 764 3447 ἀνθρωπίνη
796 3379 941 3450 ψυχὴ
981 3381 1304 3450 ἀφικνεῖται,
1338 3387 1432 3438 καὶ
1478 3388 1542 3440 ἐκ
1581 3389 1789 3459 θηρίου,
1820 3392 1879 3453 ὃς

306 3483 434 3518 ποτε
466 3465 751 3538 ἄνθρωπος
781 3466 868 3540 ἦν,
895 3472 1055 3524 πάλιν
1081 3475 1158 3535 είς
1193 3474 1496 3544 ἄνθρωπον.
1531 3497 1548 3526 ι
1575 3481 1681 3532 Καὶ
1707 3480 1876 3533 ταῦτα

309 3556 402 3624 μὲν
426 3559 483 3608 έν
518 3557 767 3624 φαίδρῳ.
812 3560 898 3611 Ἐν
924 3560 978 3612 δὲ
1005 3565 1070 3632 τῇ
1105 3566 1382 3630 Πολιτείᾳ
1420 3566 1594 3620 τοιάδε
1639 3571 1876 3638 γράφον-

305 3663 392 3710 τος
423 3648 582 3700 ἄκουε
601 3665 614 3677 ⁸
639 3667 657 3699 ι
691 3650 839 3702 Ἰδεῖν
873 3652 970 3722 μὲν
995 3653 1102 3724 γὰρ
1124 3655 1234 3724 (58)
1268 3654 1369 3728 ἔφη
1397 3657 1592 3728 ψυχὴν,
1619 3661 1716 3729 τήν
1749 3676 1875 3712 ποτε

319 3739 560 3809 Ὀρφέως
594 3741 908 3812 γενομένην,
939 3742 1134 3796 κύκνου
1185 3745 1298 3814 βίον
1341 3749 1685 3820 αἱρουμένην,
1731 3752 1877 3820 μίσει

305 3831 394 3882 τοῦ
426 3837 731 3899 γυναικείου
755 3834 964 3902 γένους,
999 3836 1086 3888 διὰ
1116 3837 1205 3890 τὸν
1240 3840 1331 3891 ὑπ’
1366 3841 1584 3894 ἐκείνων
1627 3841 1874 3904 θάνατον,

303 3923 402 3974 οὐκ
460 3923 748 3976 ἐθέλουσαν
815 3926 872 3976 ἐν
929 3927 1148 3993 γυναικὶ
1195 3929 1543 4000 γεννηθεῖσαν
1601 3933 1871 3999 γενέσθαι.

319 4013 462 4066 Ἰδεῖν
490 4015 546 4067 δὲ
566 4016 662 4086 τὴν
689 4017 942 4087 Θαμύρου
970 4020 1190 4090 ἀηδόνος
1213 4021 1470 4094 ἑλομένην
1491 4040 1503 4052 ·
1539 4023 1664 4076 ἰδεῖν
1698 4024 1752 4077 δὲ
1784 4027 1878 4079 καὶ

305 4105 500 4158 κύκνον
551 4110 629 4171 εἰς
668 4107 1004 4180 ἀνθρωπίνου
1044 4113 1158 4182 βίου
1205 4115 1408 4183 αἵρεσιν
1455 4117 1873 4186 μεταϐάλλοντα,

306 4199 395 4250 καὶ
429 4197 562 4250 ἄλλα
589 4197 699 4262 ζῶα
747 4202 982 4270 μουσικὰ
1021 4203 1297 4266 ὡσαύτως,
1341 4205 1414 4269 ὡς
1469 4206 1528 4258 τὸ
1572 4209 1733 4271 εἰκός.
1767 4208 1875 4279 Τὴν

300 4289 357 4341 δέ
389 4288 658 4360 λαχοῦσαν
689 4291 865 4362 ψυχὴν
898 4294 1109 4347 ἑλέσθαι
1149 4295 1358 4359 λέοντος
1395 4296 1525 4366 βίον,
1549 4294 1685 4351 εἶναι
1707 4299 1874 4370 δὲτὴν

301 4383 528 4444 Αἴαντος
559 4383 652 4435 τοῦ
693 4385 1037 4454 Τελαμωνίου
1075 4387 1207 4455 (59),
1243 4387 1548 4456 φεύγουσαν
1591 4390 1873 4460 ἄνθρωπον

1977 1928 2185 1982 caeteris
2213 1928 2406 1981 eodem
2439 1927 2600 1981 modo
2635 1923 3155 1996 philosophandum,
3177 1931 3336 1992 prout
3353 1935 3546 1975 eorum

1977 2019 2042 2072 ad
2066 2019 2502 2084 similitudinem,
2525 2019 2882 2087 suisquaaque
2899 2016 3092 2072 studiis
3114 2016 3335 2084 abrepta
3360 2012 3544 2068 fuerit.

1974 2109 2229 2174 ——-Sane,
2262 2110 2472 2179 inquit:
2505 2110 2626 2179 quis
2651 2111 2794 2163 enim
2828 2110 2880 2162 id
2939 2107 3229 2178 neget?—-
3259 2104 3396 2159 Tum
3433 2105 3544 2170 ille,

1976 2199 2229 2270 Nunquid
2270 2216 2400 2255 vero
2425 2217 2491 2256 ex
2524 2203 2590 2255 iis
2641 2201 2798 2268 longe
2849 2197 3146 2253 felicissimi
3177 2205 3323 2256 sunt,
3350 2206 3403 2249 et
3451 2210 3548 2264 op-

1977 2293 2168 2346 timum
2201 2293 2256 2346 in
2285 2292 2461 2346 locum
2485 2293 2668 2356 delati,
2715 2291 2806 2360 qui
2858 2289 3174 2359 popularem
3227 2287 3548 2354 civilemque

1978 2382 2230 2435 virtutem
2251 2422 2267 2446 ,
2305 2395 2466 2450 quam
2501 2380 2909 2449 temperantiam
2943 2377 3320 2446 justitiamque
3352 2381 3548 2428 vocant

1978 2471 2127 2525 nullo
2159 2471 2512 2540 philosophiae
2560 2471 2862 2538 mentisque
2896 2469 3178 2538 prresidio,
3208 2483 3309 2520 ttsu
3336 2474 3546 2520 tantum

1976 2569 2031 2614 ct
2051 2560 2441 2616 exercitatione
2488 2568 2694 2628 partam
2751 2557 3014 2626 complexi
3070 2556 3308 2610 fuerint?
3354 2553 3548 2619 —Qui

1976 2659 2034 2706 tu
2074 2651 2416 2705 felicissimos
2448 2651 2610 2704 hosce
2633 2664 2793 2704 vocas
2813 2650 2918 2702 ?-—
2935 2647 3090 2713 Quod
3119 2663 3216 2700 eos
3241 2662 3424 2700 verum
3454 2647 3546 2712 sit,

1976 2747 2029 2798 iu
2061 2743 2220 2797 civile
2239 2757 2430 2796 rursus
2449 2740 2667 2810 aliquod
2689 2750 2849 2809 atque
2868 2749 3235 2800 mansuetum,
3271 2746 3330 2790 ut
3357 2753 3543 2807 apum,

1976 2842 2036 2886 ut
2067 2848 2380 2902 vesparum,
2404 2841 2462 2885 ut
2487 2830 2860 2892 formicarum,
2881 2829 3154 2883 autetiam
3186 2829 3238 2880 in
3262 2829 3544 2882 hominum

1975 2923 2150 2976 simile
2181 2925 2360 2976 denuo
2409 2937 2577 2992 genus
2621 2921 2934 2990 remigrare.
2979 2938 2998 2970 ι
3062 2918 3316 2984 Iltccillc,
3347 2919 3546 2988 quibus

1977 3013 2241 3082 adjungas
2275 3013 2419 3079 licet,
2447 3027 2569 3081 qua:
2599 3020 2902 3080 sequuntur
2933 3026 2996 3064 ex
3051 3010 3298 3062 Plia’dro.
3349 3027 3366 3059 ι
3410 3007 3544 3061 Eum

1978 3103 2033 3157 in
2064 3113 2287 3168 statum,
2328 3104 2524 3172 inquit,
2561 3102 2799 3167 animus,
2845 3118 2910 3155 ex
2939 3116 3050 3170 quo
3103 3100 3334 3169 quisque
3371 3099 3547 3168 profe-

1979 3213 2100 3254 ctus
2129 3200 2218 3266 sit,
2244 3198 2476 3252 nonnisi
2503 3198 2685 3251 decent
2710 3211 2978 3249 annorum
3007 3195 3236 3248 millium
3263 3193 3545 3246 intervallo

1979 3291 2268 3345 revertitur
2295 3309 2307 3343 :
2336 3305 2435 3344 nec
2453 3289 2596 3342 enim
2629 3298 2753 3342 ante
2782 3291 2917 3341 hanc
2946 3287 3202 3355 temporis
3227 3285 3544 3339 conversio-

1977 3395 2098 3434 nem
2129 3380 2559 3444 alisinstruitnr,
2601 3379 2644 3431 si
2673 3388 2849 3432 tamen
2902 3393 3088 3431 eorum
3147 3376 3238 3446 qui
3265 3384 3404 3429 castr
3458 3373 3546 3428 itt-

1981 3483 2231 3541 tegrequc
2293 3471 2652 3540 philosophati
2713 3471 2841 3534 sint,
2875 3485 3145 3538 aepueros
3185 3484 3250 3522 ex
3308 3469 3547 3537 philoso-

1979 3563 2140 3632 phian~
2166 3561 2480 3632 praescripto
2519 3562 2838 3625 amaverint,
2915 3561 3129 3614 animos
3185 3560 3448 3630 excipias.
3481 3559 3545 3614 Ili

1978 3654 2126 3707 enim
2159 3655 2316 3708 tertio
2349 3654 2566 3706 demum
2593 3649 2895 3704 millenario
2932 3651 3184 3716 circuitu,
3213 3651 3258 3706 si
3322 3659 3402 3706 ter
3445 3651 3548 3705 hoc

1980 3745 2106 3796 vita:
2159 3758 2331 3812 genus
2371 3750 2686 3796 constanter
2734 3740 3061 3809 OpIaVCl‘IllI,
3118 3755 3262 3794 anno
3314 3741 3546 3805 denique

1978 3834 2367 3897 termillesimo,
2405 3834 2506 3888 alis
2539 3833 2785 3886 instructi
2810 3833 3045 3886 evolant.
3075 3835 3144 3886 At
3169 3836 3372 3900 cancri,
3396 3841 3550 3902 post-

1977 3943 2205 3996 eaquam
2251 3927 2449 3995 prioris
2486 3927 2610 3979 vitae.
2643 3927 2800 3978 linem
2837 3925 3102 3990 fecerunt,
3135 3935 3249 3980 tum
3279 3926 3543 3995 judicium

1978 4019 2231 4082 subeunt,
2251 4027 2576 4087 acceptaque
2595 4019 2878 4083 sententia,
2904 4019 3097 4087 partim
3119 4018 3171 4071 in
3196 4017 3546 4073 subterranea

1977 4110 2362 4180 suppliciorum
2393 4111 2504 4163 loca
2525 4111 2708 4173 delati,
2734 4111 3328 4182 poenasluuntmartim
3357 4111 3546 4181 judicii

1977 4199 2236 4256 facilitate
2257 4201 2546 4266 sublevati,
2574 4201 2625 4254 iu
2659 4201 2894 4271 aliquem
2922 4203 3046 4256 εωιὶ
3075 4203 3253 4256 locum
3300 4203 3544 4257 evehun-

1977 4307 2088 4361 tur,
2126 4297 2220 4363 ,ubi
2261 4312 2360 4366 pro
2383 4298 2522 4366 ejus,
2548 4313 2713 4366 quam
2743 4299 2982 4353 humana
3031 4299 3211 4367 specie
3227 4299 3499 4353 duxerunt
3528 4340 3544 4365 ,

1975 4390 2098 4444 vita:
2126 4390 2383 4458 dignitate
2419 4398 2719 4443 versentur.
2741 4387 2966 4460 Utrique
2993 4406 3152 4460 porro
3197 4391 3298 4446 sub
3342 4405 3546 4444 annum

303 4475 574 4541 γενέσθαι,
607 4477 956 4546 μεμνημένην
996 4478 1093 4546 τῆς
1131 4477 1236 4530 τῶν
1277 4479 1452 4531 ὃπλων
1489 4479 1736 4550 κρίσεως.
1763 4483 1871 4554 Τὴν

1976 4481 2302 4535 conditionis
2331 4479 2490 4549 hujus
2520 4480 2886 4543 millesimum,
2922 4481 2989 4534 ad
3039 4478 3429 4536 instituendam
3459 4494 3546 4534 se-

299 4565 355 4616 δέ
391 4567 484 4618 ἐπὶ
516 4566 688 4636 τούτῳ
721 4568 812 4620 τοῦ
860 4568 1275 4636 Ἀγαμέμνονος,
1324 4570 1522 4640 ἐχθρὰν
1551 4573 1643 4624 καί
1671 4574 1872 4642 ταύτην

299 4656 391 4710 τοῦ
416 4657 752 4726 ἀνθρωπίνου
781 4658 968 4726 γένους
1004 4659 1090 4712 διὰ
1121 4659 1189 4712 τὰ
1213 4660 1379 4729 πάθη,
1413 4661 1572 4714 ἀετοῦ
1599 4663 1873 4728 διαλλάξαι

301 4749 433 4818 βίον.
483 4751 570 4803 Ἐν
612 4750 793 4820 μέσοις
819 4751 874 4803 δέ
904 4751 1168 4821 λαχοῦσαν
1195 4753 1290 4824 τὴν
1329 4755 1656 4826 Ἀταλάντης
1675 4757 1870 4827 ψυχὴν,

299 4841 621 4896 κατιδοῦσαν
654 4843 892 4912 μεγάλας
919 4843 1083 4913 τιμὰς
1129 4844 1360 4913 ἀθλητοῦ
1389 4846 1598 4916 ἀνδρὸς,
1629 4849 1686 4899 ού
1717 4848 1873 4900 δύνα-

301 4937 420 4989 σθαι
449 4937 764 5009 παρελθεῖν,
815 4936 948 4990 ἀλλά
984 4936 1186 4989 λαϐεῖν.
1223 4938 1377 4992 Μετά
1423 4939 1478 4992 δέ
1516 4938 1716 5010 ταύτην
1747 4939 1872 4992 ἰδεῖν

297 5026 392 5095 τὴν
421 5025 636 5078 Ἐπειοῦ
665 5027 773 5096 (i0)
803 5027 896 5079 τοῦ
925 5027 1216 5090 Πανοπέως
1244 5029 1322 5091 εἰς
1342 5028 1597 5098 τεχνικῆς
1619 5029 1873 5098 γυναικὸς

625 5158 751 5236 μὲν
780 5161 890 5236 γίφ
917 5161 1198 5236 τὸ-αὺτό,
1229 5161 1291 5216 In
1325 5161 1570 5236 Pltwdro,
1602 5179 1650 5230 p.
1677 5163 1780 5236 5ίῦ

369 5229 479 5304 (5.7)
521 5229 698 5304 Ὲτῴν
711 5232 964 5304 εμυρίωικΔ
991 5231 1297 5300 chcndum
1328 5233 1578 5304 existimo
1597 5229 1711 5304 πρὸ
1737 5235 1872 5287 ἐτῶν

301 5299 530 5373 μυρίων,
564 5300 644 5350 vel
680 5302 727 5351 εἰ
777 5302 850 5370 μὴ
899 5301 966 5373 δι’
997 5299 1239 5373 ἐτέμυρ.
1273 5304 1355 5354 vel
1404 5303 1606 5370 aliquid
1644 5299 1819 5358 simile
1854 5323 1865 5358 :

294 5371 495 5438 alioqui
530 5379 748 5436 negaret
778 5372 920 5438 qnml
957 5371 1221 5425 afﬁrmare
1252 5374 1516 5426 videatur.

365 5438 686 5565 gigazﬁcir
705 5440 822 5508 μὲν
854 5440 980 5508 γάρ.
1017 5440 1133 5495 Lib.
1159 5458 1190 5494 x
1222 5441 1296 5494 De
1332 5441 1508 5512 repub.
1547 5444 1649 5497 sub
1685 5445 1866 5508 finem,

295 5523 414 5578 pag.
445 5523 568 5565 οτι.

364 5580 474 5652 (ὅθ)
499 5578 750 5652 Αἴαντος
775 5580 880 5652 rm?
915 5581 1305 5650 Τελαμωνίου.
1341 5579 1482 5652 Lege
1515 5581 1863 5638 Plutarchum

297 5649 388 5703 lih.
422 5647 750 5718 Symposiac.
779 5651 831 5712 9,
867 5647 1125 5715 ιιι-μωρίη.
1154 5653 1186 5704 5
1224 5670 1236 5704 :
1267 5651 1365 5704 Διά
1393 5647 1447 5704 τί
1476 5654 1698 5707 Πλάτων
1728 5656 1867 5706 sim-

298 5719 424 5793 σῖῇν
458 5719 559 5793 ἔφη
587 5719 762 5793 ψυχὴν
797 5721 889 5773 τοῦ
921 5722 1144 5783 Αἴαντος
1177 5722 1267 5773 ἐπὶ
1302 5721 1391 5774 τὸν
1435 5723 1634 5793 κλῆρον
1672 5723 1863 5784 ἐλθεῖν,

299 5790 382 5840 ubi
415 5791 609 5851 partim
646 5789 847 5844 facetas
876 5802 925 5844 et
969 5793 1247 5850 ridiculus.
1293 5797 1485 5853 partim
1520 5789 1688 5847 serias
1717 5809 1859 5848 uua:-

1974 4571 2166 4625 cunda:
2195 4571 2316 4624 vita:
2343 4570 2682 4624 sortitionem
2722 4579 2886 4640 atque
2924 4571 3241 4625 electionem
3284 4568 3547 4640 profecti,

1974 4677 2095 4733 quae
2126 4661 2322 4731 cuique
2347 4661 2633 4731 placuerit,
2664 4663 2887 4733 eligunt.
2925 4662 3023 4718 Hic
3075 4662 3201 4718 etin
3244 4661 3428 4716 bestia:
3465 4661 3547 4716 vi-

1976 4763 2084 4806 tam
2119 4751 2392 4808 humanus
2429 4754 2735 4808 traducitur
2767 4755 3007 4818 animus,
3038 4763 3094 4808 et
3123 4769 3187 4807 ex
3221 4753 3417 4817 bestia,
3453 4753 3546 4824 qui

1975 4842 2139 4897 homo
2165 4843 2442 4913 quondam
2491 4843 2687 4907 fuerat,
2719 4845 2770 4897 in
2801 4844 3076 4898 hominem
3102 4845 3282 4898 denuo
3316 4844 3550 4897 revolvi-

1976 4941 2084 4988 tur.
2118 4953 2136 4986 ι
2168 4933 2439 4991 Hactenus
2478 4937 2528 4988 in
2548 4935 2796 4989 Plrwdro.
2831 4935 3004 5000 Quem
3053 4935 3303 4989 eumdem
3358 4934 3413 4988 iu
3449 4933 3550 4987 Ile-

1973 5024 2182 5094 publica
2202 5026 2280 5081 sic
2301 5027 2610 5096 loquentem
2641 5027 2788 5081 audi.
2806 5026 2975 5097 693
3008 5045 3027 5077 ι
3047 5026 3327 5091 Animum,
3351 5024 3546 5096 inquit,

1974 5159 2168 5214 stionis
2201 5160 2364 5228 hujus
2392 5161 2696 5215 solutiones
2721 5159 3156 5213 comminiscitur
3185 5174 3198 5210 :
3234 5157 3326 5211 sed
3353 5157 3543 5214 inanes

1973 5246 2185 5285 omnes.
2223 5229 2289 5283 Ut
2327 5233 2591 5283 tamenin
2645 5245 2701 5283 re
2749 5231 2905 5294 ficta,
2952 5245 3057 5282 nou
3105 5228 3369 5282 absimilis
3413 5228 3547 5295 veri,

1972 5316 2137 5368 quam
2188 5299 2402 5354 Marcus
2445 5300 2846 5354 Grammaticus
2886 5299 3170 5363 aﬂcrcbat;
3219 5299 3272 5350 in
3324 5296 3546 5368 Homeri

1971 5367 2181 5439 νεκυίᾳ,
2213 5371 2257 5423 si
2291 5370 2570 5438 Elpenoris
2603 5385 2666 5422 ac
2689 5369 2913 5422 Tiresia:
2945 5369 3156 5422 animas
3199 5367 3547 5439 subduxeris,

1971 5437 2204 5508 quorum
2237 5437 2373 5493 alter
2407 5441 2585 5493 adhuc
2629 5440 2930 5506 insepultus
2989 5446 3153 5500 esset,
3186 5438 3320 5490 alter
3357 5437 3545 5506 singu-

1972 5511 2070 5562 Ιηιὴ
2123 5510 2473 5576 [ιι-ξεινοᾳιιιίνει
2524 5517 2794 5571 uteretur;
2849 5508 3027 5577 Ajacis
3075 5509 3313 5560 animam
3356 5508 3546 5562 ordine

1969 5579 2282 5634 vicesimam
2317 5578 2602 5649 Ulyssisvin
2635 5590 2988 5649 conspectum
3021 5579 3250 5632 venisse.

2044 5649 2156 5719 (40)
2201 5647 2456 5719 Ἐπειοῦ.
2506 5648 2629 5719 F_uit
2677 5649 2721 5700 is
2758 5650 2882 5715 equi
2916 5647 3136 5717 'I‘rojani
3167 5647 3540 5716 architectus;

1970 5720 2034 5774 de
2055 5717 2172 5789 quo
2202 5717 2385 5787 Virgil.
2423 5735 2456 5771 ll
2487 5717 2705 5772 Λίιιεὲιι.
2733 5732 2751 5769 :

2079 5787 2095 5842 ζ
2139 5830 2152 5842 .
2198 5829 2210 5841 .
2258 5789 2322 5841 Et
2354 5791 2460 5845 ἕψε
2494 5788 2602 5841 doli
2635 5788 2927 5852 fabricator
2961 5787 3149 5857 Epeus.
