3872 6368
234 352 365 410 “Si

864 351 1137 410 EUSEBﬂ
1178 354 1656 412 CrESARlENSlS
1693 357 1841 412 ΟΙῬ.
1885 358 2063 414 PARS
2103 358 2168 415 Ιῐ.
2199 392 2267 401 -
2303 360 2802 418 APOLOGETICA.

3347 366 3495 419 “32

232 474 406 541 ii‘ium,
438 475 529 545 qui
556 471 755 545 Orphei
813 477 1088 546 quondam
1119 477 1316 543 fuerat,
1351 479 1552 534 vidisse
1578 496 1635 534 se
1658 478 1798 534 refe-

1923 481 2089 536 οὖσαν
2136 482 2317 552 φύσιν.
2377 483 2572 554 Πόρῤω
2617 484 2673 537 δὲ
2720 486 2776 535 ὲν
2810 484 3082 546 ὑστάτοις,
3114 483 3241 536 ἰδεῖν
3264 482 3362 553 τὴν
3391 482 3493 536 τοῦ

231 571 551 634 rebat,cum
578 567 745 623 oloris
802 569 969 622 vitam
1013 570 1259 639 eligeret,
1301 571 1445 640 quod
1508 572 1801 627 mulierum

244 663 393 727 odio,
415 676 645 730 quarum
678 661 793 730 ipse
820 661 1073 716 manibus
1104 662 1425 717 interfectus
1445 672 1580 725 erat,
1612 665 1806 719 mulie—

230 755 307 809 ris
344 762 462 808 satu
498 753 745 822 generari
789 754 974 808 nollet.
1009 752 1265 826 Thamyri
1295 770 1514 825 quoque
1556 756 1802 811 animum

229 845 460 908 vidisse,
495 845 587 914 qui
619 844 1413 928 Philomelae‘vitam‘optaret,
1444 847 1559 900 imo
1582 854 1638 900 et
1689 846 1806 901 olo-

232 952 347 992 rem
380 940 690 1007 quemdam,
724 939 815 1007 qui
841 923 1007 992 homo
1044 923 1235 992 rursus
1284 939 1396 991 fieri
1434 938 1638 1001 mallet,
1678 954 1804 993 cum

234 1029 358 1084 aliis
387 1030 606 1083 canoris
630 1030 1020 1095 animantibus,
1053 1046 1171 1099 quae
1198 1031 1320 1085 vita:
1346 1029 1563 1092 similis,
1598 1039 1657 1084 ut
1711 1046 1807 1099 par

234 1129 372 1185 erat,
413 1120 683 1175 desiderio
735 1121 1076 1175 tenebantur.
1108 1120 1291 1188 Ajacis
1335 1119 1634 1176 Telamenii
1690 1120 1809 1176 ani-

235 1223 328 1262 mo
358 1208 531 1263 leonis
562 1209 725 1262 vitam
760 1209 1052 1278 placuisse,
1098 1212 1243 1279 quod
1278 1210 1424 1265 illius
1475 1212 1543 1264 de
1576 1212 1806 1267 Achillis

237 1301 406 1356 armis
422 1300 613 1370 judicii
647 1315 874 1360 memor.
930 1302 1092 1355 homo
1134 1316 1256 1355 esse
1301 1303 1487 1357 nollet.
1545 1303 1801 1357 Secutum

236 1390 363 1446 inde
387 1391 811 1461 Agamemnonis
844 1394 1110 1456 animum,
1151 1393 1241 1463 qui
1272 1405 1490 1463 propter
1511 1394 1808 1463 superioris

235 1483 360 1537 vita:
388 1484 682 1548 molestias,
715 1484 935 1538 humani
999 1486 1211 1555 generis
1227 1495 1488 1556 pertresus
1525 1487 1641 1555 ipse
1672 1502 1809 1556 quo-

237 1590 345 1647 que
364 1575 529 1630 vitam
565 1577 762 1645 aquilae
806 1587 1139 1646 capesseret.
1171 1577 1439 1633 Atalanta:
1470 1579 1713 1632 animqu
1749 1580 1804 1633 in

237 1668 415 1723 media
445 1669 787 1724 sortientium
828 1669 1010 1735 turba,
1042 1686 1287 1725 summos
1321 1670 1541 1727 athleta:
1574 1673 1807 1727 honores

239 1776 361 1816 cum
398 1761 658 1827 vidisset,
692 1771 873 1817 tenere
898 1777 955 1816 se
980 1778 1084 1815 non
1110 1763 1372 1832 potuisse,
1396 1765 1528 1834 quin
1554 1765 1657 1819 hoc
1688 1765 1809 1819 vita:

1911 574 2269 639 γελωτοποιοῦ
2317 575 2598 646 Θερσίτου,
2661 575 2890 645 πίθηκον
2941 573 3287 644 ἐνδυομένην.
3329 573 3495 627 Κατὰ

1911 664 2077 735 τύχην
2119 665 2195 729 δὲ,
2217 665 2314 735 τὴν
2357 665 2652 729 Ὀδυσσέως
2685 665 2954 736 λαχοῦσαν
3000 664 3187 718 πασῶν
3226 665 3490 735 ὑστάτην,

1911 755 2277 831 αἱρησομένην
2316 755 2480 807 ἰέναι’
2519 758 2708 830 μνήμῃ
2744 756 2800 809 δὲ
2829 755 2935 810 τῶν
2970 756 3248 828 προτέρων
3285 757 3489 820 πόνων,

1912 846 2221 917 φιλοτιμίας
2263 847 2655 916 λελωφηκυῖαν,
2690 846 2891 917 ζητεῖν,
2936 848 3254 919 περιιοῦσαν
3296 848 3494 918 χρόνον

1912 938 2097 1001 πολὺν,
2135 938 2247 1008 βίον
2262 938 2452 1010 ἀνδρὸς
2482 937 2687 991 ἰδιώτου
2707 939 2798 992 καὶ
2817 939 3188 1011 ἀπράγμονος,
3206 940 3302 992 καὶ
3330 940 3493 1009 μόγις

1913 1033 2091 1103 εὑρεῖν
2148 1032 2396 1102 κείμενόν
2434 1048 2557 1093 που,
2617 1032 2712 1084 καὶ
2746 1032 3201 1102 παρημελημένον
3243 1031 3349 1084 ὑπὸ
3378 1031 3493 1085 τῶν

1912 1124 2105 1190 ἄλλων,
2150 1124 2244 1178 καὶ
2290 1126 2464 1177 εἰπεῖν
2502 1123 2736 1187 ἰδοῦσαν,
2767 1124 2848 1177 ὅτι
2879 1123 3031 1178 ταῦτ’
3060 1122 3126 1178 ἂν
3155 1122 3360 1194 ἔπραξε
3392 1123 3493 1177 καὶ

1914 1215 2102 1287 πρώτη
2152 1214 2391 1285 λαχοῦσα
2410 1232 2422 1245 ·
2471 1213 2567 1267 καὶ
2600 1215 2843 1285 ἁσμένην
2873 1215 3107 1269 ἑλέσθαι.
3153 1216 3264 1269 Καὶ
3291 1217 3356 1268 ὲκ
3379 1216 3493 1270 τῶν

1913 1303 2086 1358 ἄλλων
2109 1303 2164 1355 δὲ
2197 1303 2399 1375 θηρίων
2447 1301 2710 1366 ὡσαύτως
2752 1305 2832 1368 εἰς
2858 1303 3177 1376 ἀνθρώπους
3206 1305 3364 1368 ἰέναι,
3396 1306 3493 1358 καὶ

1914 1396 1994 1458 εἰς
2021 1394 2221 1465 ἄλληλα
2245 1411 2259 1424 ·
2289 1394 2359 1447 τὰ
2401 1396 2500 1465 μὲν
2526 1395 2684 1450 ἄδικα
2712 1396 2792 1458 εἰς
2817 1394 2884 1448 τά
2913 1395 3098 1467 ἄγρια,
3124 1396 3193 1449 τά
3224 1396 3281 1448 δὲ
3304 1396 3496 1451 δίκαια

1914 1489 1992 1550 εἰς
2012 1487 2081 1540 τά
2106 1488 2291 1557 ἥμερα
2332 1486 2718 1557 μεταϐαλόντα,
2754 1486 2848 1540 καὶ
2879 1486 3057 1550 πάσας
3103 1487 3278 1556 μίξεις
3309 1488 3495 1557 μίγνυ-

1916 1578 2057 1633 σθαι.
2094 1599 2111 1630 )
2148 1578 2398 1632 Τοσαῦτα
2440 1580 2567 1651 περὶ
2593 1579 2771 1648 ψυχῆς
2797 1579 2826 1630 ό
2854 1578 3076 1632 Πλάτων
3101 1577 3292 1642 εἰπὼν,
3332 1578 3495 1648 δῆλός

1914 1669 2061 1721 ἔστιν
2097 1665 2471 1735 αἰγυπτιάζων
2514 1668 2592 1737 τῷ
2622 1667 2873 1738 δόγματι.
2903 1668 2977 1720 Ού
3016 1666 3122 1739 γάρ
3163 1667 3434 1739 Ἐϐραίων
3464 1670 3495 1721 ὁ

1914 1759 2089 1829 λόγος,
2140 1760 2221 1812 ὅτι
2273 1758 2407 1829 μηδὲ
2465 1758 2690 1829 ἀληθείᾳ
2719 1758 2890 1827 φίλος.
2931 1759 3098 1812 Τοῦτο
3134 1759 3178 1812 δ’
3208 1760 3270 1813 οὐ
3300 1761 3497 1831 καιρὸς

238 1868 410 1924 genus
439 1853 723 1922 arriperet.
746 1851 883 1906 Tum
902 1852 1031 1922 Epci
1056 1852 1428 1923 Panopeensis
1457 1855 1725 1920 animum,
1753 1856 1809 1910 in

1922 1850 2257 1921 ἀπελέγχειν,
2290 1851 2372 1902 ὅτι
2400 1849 2521 1920 μηδ’
2550 1850 2713 1912 αὐτὸς
2742 1849 2807 1901 δι’
2831 1850 3153 1916 ἀποδείξεων
3179 1852 3496 1923 ἐνεχείρησε

237 1942 458 1999 feminae
495 1960 755 1998 manuum
786 1943 1015 1999 artificio
1067 1946 1375 2014 praestantis
1418 1955 1667 2002 naturam
1714 1947 1817 2000 im-

239 2034 527 2105 migrasse.
567 2033 637 2087 At
666 2034 857 2104 procul
890 2044 1163 2089 extremos
1212 2036 1354 2090 inter
1400 2037 1613 2091 ridiculi
1647 2036 1818 2092 Ther—

240 2126 359 2183 sita:
381 2127 623 2180 animum
665 2126 895 2192 vidisse,
930 2128 1022 2196 qui
1056 2127 1230 2183 simire
1263 2127 1493 2183 formam
1539 2128 1813 2184 indueret:

241 2217 451 2291 Ulyssis
465 2234 609 2280 vero,
624 2234 750 2273 cum
765 2219 814 2274 ei
830 2219 994 2275 sortis
1009 2218 1225 2275 fortuna
1250 2228 1559 2289 postremus
1572 2220 1815 2276 omnium

239 2312 395 2367 locus
412 2311 796 2381 obtigisset,ad
828 2312 1133 2382 eligendum
1166 2312 1503 2367 accessisse:
1528 2312 1674 2367 hunc
1694 2314 1818 2366 vitm

240 2401 441 2472 prioris
478 2416 752 2456 arumnas
804 2401 1071 2456 memoria
1120 2410 1473 2471 repetentem,
1517 2402 1666 2455 omni
1703 2400 1816 2470 jam

241 2490 537 2545 ambitione
561 2490 827 2561 deposita,
859 2492 1046 2560 privati
1085 2506 1151 2546 ac
1191 2491 1354 2545 soluti
1386 2490 1630 2545 hominis
1652 2490 1815 2545 vitam

242 2587 448 2655 passim
469 2585 777 2639 oberrando
796 2584 986 2655 perdiu
1027 2586 1331 2654 quaesiissc,
1367 2584 1690 2654 tandemque
1728 2584 1818 2653 ja-

243 2684 453 2731 centem
482 2675 704 2740 alicubi,
740 2686 909 2745 atque
940 2692 969 2730 a
996 2677 1209 2730 cmteris
1233 2676 1532 2746 neglectam
1563 2690 1704 2743 aegre
1725 2675 1815 2728 ad-

243 2767 464 2822 modum
494 2766 783 2834 reperisse,
828 2781 992 2835 quam
1049 2766 1139 2820 tibi
1210 2766 1455 2827 vidisset,
1515 2765 1819 2818 afﬁrmasse

242 2858 525 2922 continuo,
556 2858 598 2912 si
627 2857 708 2911 vel
727 2865 853 2911 ante
869 2873 1058 2912 omnes
1075 2857 1176 2912 sibi
1196 2873 1318 2912 sors
1334 2856 1650 2916 addixisset,
1679 2857 1816 2910 idem

244 2965 305 3007 se
331 2949 556 3004 omnino
587 2948 881 3013 facturum,
933 2964 998 3002 ac
1030 2949 1109 3002 sic
1142 2964 1260 3002 eam
1293 2949 1525 3001 lihenter
1559 2948 1815 3013 elegisse.

246 3040 325 3096 Ex
356 3041 477 3096 aliis
504 3041 631 3095 item
674 3040 882 3102 bestiis,
933 3040 1015 3094 vel
1059 3041 1111 3093 in
1171 3041 1441 3101 homines,
1491 3041 1570 3092 vel
1611 3040 1661 3092 in
1700 3055 1820 3095 sese

247 3143 440 3189 mutuo
470 3133 833 3202 commigrare
852 3132 1045 3187 solitos
1078 3150 1091 3184 :
1117 3132 1197 3186 sic
1253 3133 1495 3200 quidem.
1522 3142 1582 3185 ut
1630 3132 1815 3200 injusti

250 3220 306 3273 in
332 3228 597 3289 agrestes,
624 3218 678 3272 in
705 3218 917 3274 cicures
931 3218 1067 3285 justi
1092 3219 1390 3273 transirent
1411 3228 1572 3289 atque
1592 3220 1662 3274 ita
1701 3235 1819 3273 om-

246 3312 305 3366 ni
332 3326 524 3366 omues
558 3309 827 3364 mislionis
848 3326 1045 3379 genere
1070 3309 1406 3378 permisceri.
1469 3329 1489 3362 ι
1516 3311 1637 3366 llaec
1670 3311 1818 3366 Plato

247 3418 374 3458 cum
400 3386 678 3457 deanimo
701 3402 964 3470 disputat,
992 3402 1128 3456 satis
1160 3401 1398 3456 ostendit
1426 3404 1491 3456 ad
1534 3402 1819 3474 Egyptio-

247 3508 371 3548 rum
403 3508 461 3548 se
485 3492 789 3547 doctrinam
841 3492 1231 3547 adhaerescere.
1292 3491 1475 3562 Neque
1519 3495 1664 3547 enim
1713 3492 1819 3548 He-

247 3583 518 3638 braeorum
548 3581 638 3635 illa
672 3580 794 3646 fuit,
826 3596 999 3650 neque
1050 3590 1134 3636 est
1167 3581 1460 3651 c0ujuucta
1488 3598 1612 3638 cum
1670 3600 1817 3638 vero.

250 3674 423 3738 Quam
451 3680 630 3725 tamen
663 3688 843 3727 causa:
882 3672 1018 3725 nihil
1066 3681 1169 3735 est,
1208 3673 1564 3740 quamobrem
1612 3672 1718 3727 hoc
1751 3673 1823 3728 lo-

249 3779 317 3820 co
358 3762 694 3827 refellamus,
747 3778 872 3817 cum
917 3762 1081 3817 nullis
1106 3763 1171 3816 ad
1216 3779 1335 3817 eam
1391 3764 1820 3818 continuandam

248 3851 588 3922 argumentis
620 3852 955 3906 incubuerit.
1011 3850 1191 3906 Unum
1239 3852 1344 3906 hoc
1387 3852 1824 3907 animadvertere

246 3944 469 4016 juverit,
496 3960 737 4014 pugnare
763 3959 948 3999 secum
981 3945 1132 3999 illum
1178 3955 1338 4015 atque
1383 3944 1694 4015 conﬂigere,
1731 3945 1825 4015 qui

251 4054 376 4094 cum
420 4039 709 4109 impiorum
727 4039 941 4095 animos
967 4050 1093 4096 ante
1128 4041 1413 4107 docuerit,
1476 4040 1640 4095 simul
1664 4049 1827 4111 atque

254 4129 610 4200 migrareriut
636 4146 667 4184 e
690 4145 940 4200 corpore,
978 4140 1140 4199 atque
1174 4131 1273 4185 has
1326 4140 1596 4185 terrarum
1640 4131 1826 4201 plagas

252 4223 615 4287 deseruerint,
657 4238 846 4292 poenas
873 4222 1017 4292 apud
1040 4221 1245 4277 inferos
1277 4223 1568 4277 criminum
1598 4238 1825 4278 suorum

254 4317 385 4372 dare
414 4315 814 4384 sempiternas;
850 4313 1068 4368 eosdem
1118 4325 1301 4368 contra
1339 4313 1534 4368 deinde
1584 4313 1825 4380 scribat,

255 4424 457 4464 novum
488 4408 578 4463 hic
627 4408 751 4462 vita:
777 4422 948 4477 genus
990 4422 1090 4461 suo
1123 4421 1394 4476 quemque
1440 4405 1666 4461 arbitrio
1703 4405 1825 4461 dili-

1917 1941 1994 2013 τῷ
2046 1940 2411 2012 προϐλήματι.
2462 1938 2724 1994 Τοσοῦτον
2748 1940 2791 1991 δ’
2824 1939 3056 2009 εὐλόγως
3079 1957 3162 2004 τις
3199 1940 3265 1994 ἂν
3294 1944 3497 2012 ἐπιση-

1921 2035 2167 2105 μήναιτο,
2198 2032 2273 2097 ὼς
2296 2033 2396 2086 οὐκ
2415 2028 2482 2104 ἦν
2510 2031 2796 2103 σύμφωνα,
2830 2031 2919 2085 τὸν
2957 2032 3117 2086 αὐτὸν
3149 2032 3351 2101 λέγειν,
3380 2032 3499 2104 ἅμα

1916 2127 1983 2196 τῇ
2033 2124 2258 2196 τελευτῇ
2323 2124 2423 2187 τὰς
2472 2122 2649 2193 ψυχὰς
2675 2123 2784 2175 τῶν
2821 2123 3053 2187 ἀσεϐῶν,
3087 2124 3297 2177 ἐνθένδε
3322 2124 3501 2177 ἀπαλ-

1916 2218 2272 2288 λαττομένας,
2299 2215 2452 2280 δίκας
2485 2219 2562 2280 είς
2596 2216 2720 2287 ᾆδου
2759 2209 2834 2271 ὧν
2864 2216 3097 2288 ἔδρασαν
3133 2215 3354 2280 διδόναι,
3390 2217 3500 2270 κά-

1917 2310 2067 2362 κεῖσε
2097 2309 2454 2380 τιμωρεῖσθαι
2499 2309 2578 2372 εἰς
2624 2308 2849 2379 ἄπειρον
2868 2324 2882 2339 ο
2926 2309 3022 2362 καὶ
3053 2307 3215 2362 πάλιν
3243 2309 3500 2377 φάσκειν,

1919 2400 2089 2464 αὑτὰς
2109 2402 2235 2464 τοὺς
2262 2400 2493 2454 ἐνταῦθα
2520 2400 2671 2482 βίους
2690 2400 2831 2455 κατά
2850 2398 3074 2470 γνώμην
3095 2399 3302 2452 οἰκείαν
3329 2402 3502 2470 αἱρεῖ-

1921 2490 2060 2545 σθαι.
2108 2490 2415 2545 Ἐνδύεσθαι
2448 2490 2555 2563 γάρ
2600 2490 2770 2553 αὐτάς
2802 2490 2880 2553 εἰς
2925 2489 3086 2559 σῶμά
3113 2506 3278 2560 φησιν
3307 2488 3501 2542 ἐπιθυ-

1922 2580 2021 2652 μίᾳ
2045 2580 2138 2634 τοῦ
2174 2580 2595 2652 σωματοειδοῦςο
2625 2580 2720 2635 καὶ
2747 2580 2846 2643 τάς
2869 2580 2967 2649 μὲν
2984 2579 3139 2651 ὕϐρει
3162 2580 3258 2634 καὶ
3279 2597 3503 2652 γαστριο

1923 2673 2131 2747 μαργίᾳ
2156 2673 2515 2745 ὲντραφείσας
2536 2673 2687 2736 ὅνους
2709 2671 2976 2742 γίνεσθαι,
2999 2671 3204 2742 θηρίων
3236 2688 3296 2724 τε
3321 2671 3503 2725 ἄλλων

1920 2766 2198 2820 ὑποδύνειν
2235 2764 2482 2834 σώματα,
2527 2764 2668 2817 κατά
2696 2763 2939 2834 γνώμην,
2963 2761 3075 2817 ἀλλ’
3101 2763 3161 2816 ού
3186 2764 3326 2815 κατὰ
3343 2762 3503 2834 δίκην

1919 2859 2091 2912 ταῦτα
2139 2856 2506 2929 αἱρουμέναςο
2560 2856 2687 2918 τοὺς
2745 2854 2803 2907 δὲ
2838 2854 3054 2917 ἀδίκους
3088 2854 3179 2906 καὶ
3220 2854 3499 2925 διρπαγας,

1918 2950 2114 3010 λύκους
2151 2950 2244 3002 καὶ
2300 2948 2503 3010 ἰκτῖνας
2550 2945 2852 3016 γίγνεσθαι,
2900 2944 3182 3006 ἐθέλοντας
3225 2945 3317 2997 ἐπὶ
3355 2944 3503 2997 τοῦτ’

1920 3041 2193 3103 ἐλθόντας.
2252 3036 2384 3092 Εἶτα
2450 3038 2689 3109 Ὀρφέως
2746 3037 2843 3107 μὲν
2898 3036 3076 3107 ψυχὴν
3110 3035 3308 3089 κύκνον
3363 3031 3505 3090 εἶναι

1923 3133 2173 3204 θελῆσαιο
2210 3129 2464 3201 Θαμύρου
2493 3129 2568 3191 δὲ,
2598 3128 2819 3199 ἀηδόνος
2837 3145 2850 3158 ·
2886 3126 3151 3199 Θερσίτην
3177 3126 3233 3178 δὲ
3265 3125 3504 3196 πιθήκου

1844 3186 1886 3242 C
1924 3186 2047 3296 βίον.
2084 3186 2318 3278 ἑλέσθαι..
2366 3186 2475 3275 ίΙοῦ
2521 3186 2565 3274 δζ
2601 3186 2667 3274 ἂν
2712 3186 2814 3274 οῦν-
2849 3218 2934 3291 εἴη
2963 3186 3048 3271 ’τά
3091 3186 3189 3289 τῆς
3239 3186 3505 3288 μετάῖτὴν

1925 3318 2135 3373 ἐνθένδε
2161 3315 2478 3385 ἀπαλλαγὴν
2502 3314 2755 3386 κρίσεως,
2791 3312 2857 3383 ἢν
2880 3313 2938 3364 ὲν
2963 3312 3060 3382 μὲν
3093 3310 3173 3381 τῷ
3218 3308 3357 3377 Περί
3379 3312 3505 3377 ψυ-

1921 3411 2038 3481 χῆς
2078 3409 2409 3480 ὑπογράφων
2451 3407 2634 3477 φησὶν,
2666 3425 2683 3456 ι
2732 3405 2819 3467 Ὡς
2852 3402 3068 3456 ὲπειδάν
3112 3401 3416 3470 ἀφίκωνται
3452 3401 3505 3453 οἰ

1920 3501 2367 3573 τετελευτηκότες
2420 3500 2500 3562 εἰς
2542 3498 2631 3551 τὸν
2671 3496 2857 3560 τόπον,
2895 3489 2950 3548 οἵ
2983 3496 3012 3547 ὁ
3035 3494 3242 3564 δαίμων
3272 3492 3507 3545 ἕκαστον

1922 3593 2221 3666 κομίζει,οἳ
2261 3592 2358 3664 μὲν
2380 3590 2446 3644 ἂν
2478 3589 2669 3654 δόξωσι
2703 3588 2882 3659 μέσως
2923 3584 3264 3656 βεϐιωκέναι,
3299 3600 3509 3652 πορευ-

1922 3686 2103 3748 θέντες
2156 3685 2248 3737 ἐπὶ
2301 3683 2391 3735 τὸν
2425 3681 2739 3752 Ἀχέροντα,
2779 3678 3078 3741 ἀναϐάντες
3120 3678 3157 3730 ἃ
3197 3678 3262 3748 δὴ
3314 3679 3507 3741 αὐτοῖς

1923 3779 2175 3851 ὀχήματά
2202 3780 2368 3840 ἐστιν,
2404 3775 2495 3828 ἐπὶ
2524 3773 2727 3827 τούτων
2769 3770 3118 3839 ἀφικνοῦνται
3146 3772 3230 3834 είς
3257 3770 3356 3841 τὴν
3382 3769 3506 3840 λίμ-

1925 3889 2043 3942 νην,
2084 3872 2178 3924 καὶ
2208 3871 2326 3922 ἐκεῖ
2356 3866 2564 3920 οἰκοῦσί
2606 3883 2689 3929 τε,
2726 3866 2820 3918 καὶ
2867 3863 3272 3934 καθαιρόμενοι,
3304 3862 3412 3915 τῶν
3442 3878 3507 3915 τε

1926 3961 2275 4033 ἀδικημάτων
2304 3958 2533 4020 διδόντες
2555 3956 2727 4019 δίκας,
2752 3953 3096 4016 ἀπολύονται,
3126 3954 3177 4006 εἴ
3206 3953 3292 4016 τίς
3325 3969 3378 4005 τι
3399 3950 3507 4021 ὴδίυ

1927 4071 2082 4126 κησε,
2116 4052 2222 4105 τῶν
2268 4068 2325 4104 τε
2359 4047 2686 4120 εὐεργεσιῶν
2738 4047 2904 4118 τιμὰς
2949 4045 3202 4117 φέρονται
3234 4043 3375 4098 κατά
3406 4043 3510 4114 τὴν

1930 4148 2086 4214 ἀξίαν
2126 4147 2382 4205 ἕκαστος·
2425 4142 2474 4194 οἳ
2531 4141 2574 4192 δ’
2607 4140 2672 4192 ἂν
2698 4139 2921 4205 δόξωσιν
2958 4139 3192 4199 ἀνιάτως
3222 4136 3363 4206 ἔχειν
3418 4135 3510 4189 διά

1928 4238 1997 4292 τά
2030 4237 2233 4309 μεγέθη
2277 4234 2385 4288 τῶν
2436 4232 2869 4305 ἁμαρτημάτων,
2909 4229 2941 4300 ἢ
2980 4230 3283 4301 ἱεροσυλίας
3307 4227 3510 4292 πολλὰς

1930 4332 2023 4385 καὶ
2058 4329 2316 4400 μεγάλας,
2342 4326 2375 4397 ἢ
2405 4325 2596 4394 φόνους
2623 4323 2838 4385 ἀδίκους
2869 4321 2963 4374 καὶ
2998 4321 3346 4392 παρανόμους
3380 4320 3510 4373 πολ-

1928 4423 2054 4485 λοὺς
2111 4416 2610 4492 ὲξειργασμένοι,ἥ
2661 4415 2795 4468 ἄλλα
2830 4416 2930 4466 ὅσα
2983 4413 3208 4466 τοιαῦτα
3252 4414 3511 4482 τυγχάνει

255 4521 403 4578 gere.
434 4504 540 4561 Eos
586 4504 730 4558 enim
784 4517 1212 4573 corporearum,
1263 4516 1426 4571 quam
1473 4500 1651 4555 adhuc
1691 4501 1818 4555 reti-

1929 4516 2089 4569 ὄνταο
2126 4512 2347 4574 τούτους
2373 4510 2428 4563 δὲ
2468 4509 2872 4580 ἠπροσήκουσα
2909 4509 3073 4578 μοῖρα
3110 4506 3285 4577 ῥίπτει
3316 4507 3396 4569 εἰς
3416 4504 3513 4559 τὸν

257 4606 443 4663 neant,
478 4596 780 4651 formarum
813 4594 1143 4663 cupiditate,
1179 4607 1380 4661 corpus
1417 4591 1641 4646 induere
1677 4605 1828 4646 asse-

256 4688 357 4752 rit,
412 4689 483 4741 ita
528 4686 768 4754 quidem,
792 4693 853 4737 ut
889 4684 982 4753 qui
1024 4682 1261 4737 lascivia:
1300 4682 1583 4750 ventrique
1623 4680 1819 4735 servieo

258 4780 388 4845 rint,
416 4789 512 4833 aut
556 4778 859 4842 asinorum,
907 4785 1000 4828 aut
1032 4776 1318 4829 brutarum
1356 4774 1623 4839 aliarum,
1659 4771 1827 4843 699

258 4870 353 4927 sed
375 4882 555 4925 tamen
586 4886 724 4940 quas
752 4869 968 4939 ipsimet
992 4866 1316 4936 optaverint,
1353 4880 1457 4919 non
1486 4880 1623 4934 quas
1654 4879 1830 4933 piente

257 4962 381 5018 loco
421 4961 589 5031 judex
626 4960 926 5029 imperarit,
981 4958 1189 5013 formas
1241 4958 1585 5026 suscipiant:
1638 4955 1828 5024 iujusti

259 5053 510 5109 similiter
531 5062 694 5123 atque
726 5067 969 5121 rapaces,
1000 5050 1113 5119 lupi
1147 5049 1340 5104 deinde
1390 5048 1651 5116 milvique
1677 5047 1831 5110 fiant,

259 5146 354 5203 sed
382 5147 436 5201 iu
483 5161 546 5201 ea
586 5160 815 5213 corpora
866 5153 1058 5214 sponte
1101 5141 1547 5210 commigrando:
1582 5150 1695 5193 tum
1728 5137 1832 5191 Or-

259 5238 384 5308 phei
411 5236 615 5303 animo,
649 5237 847 5307 cygni;
882 5234 1163 5306 Thamyri,
1212 5231 1569 5297 Philomelae;
1611 5227 1834 5284 Thersi-

262 5341 332 5389 ιε
387 5332 532 5387 simii
588 5331 752 5384 vitam
798 5329 1090 5400 placuisse.
1125 5327 1374 5392 Quonam
1414 5325 1578 5394 igitur
1602 5339 1685 5387 ea,
1716 5337 1837 5392 quae

260 5426 329 5481 de
364 5425 671 5479 animorum
701 5421 817 5477 suis
845 5436 874 5475 e
902 5420 1226 5490 corporibus
1270 5417 1648 5487 migrationem
1687 5415 1834 5469 exci-

262 5512 441 5581 piente
466 5512 696 5581 judicio,
734 5511 787 5565 in
821 5510 1037 5579 dialogo
1077 5508 1153 5562 De
1178 5508 1353 5562 animo
1397 5506 1561 5560 tradit
1598 5505 1687 5559 his
1715 5520 1836 5558 ver-

262 5601 386 5659 bis?
416 5619 435 5653 ι
475 5600 544 5657 Ut
574 5603 833 5672 primum,
861 5601 1056 5671 inquit,
1086 5616 1151 5656 eo
1193 5598 1394 5655 mortui
1416 5598 1701 5662 devenere,
1726 5610 1834 5665 quo

1928 4608 2233 4679 Τάρταρον,
2293 4602 2414 4656 ὅθεν
2457 4599 2517 4653 οῦ
2560 4600 2678 4651 ποτ’
2720 4596 3046 4650 ἐκϐαίνουσι.
3085 4616 3103 4647 ι
3136 4596 3247 4649 Καὶ
3303 4594 3372 4647 τά
3412 4595 3511 4665 μὲν

1930 4698 2185 4771 περὶτῶν
2211 4694 2419 4749 ἀσεϐῶν
2444 4687 2546 4746 ὧδέ
2582 4710 2657 4762 πη
2685 4690 2864 4762 διῆλθε
2892 4707 2905 4719 ο
2938 4689 3066 4761 περὶ⁵
3111 4689 3168 4741 δὲ
3208 4687 3317 4740 τῶν
3352 4688 3510 4740 εὐσε-

1932 4793 2061 4857 ϐῶν,
2090 4790 2391 4844 ἐπάκουσον
2442 4786 2517 4850 ὣς
2543 4800 2693 4857 φησι’
2732 4805 2749 4835 ι
2792 4783 3006 4836 Τούτων
3035 4782 3091 4835 δὲ
3124 4780 3302 4834 αὐτῶν
3341 4783 3389 4832 οἱ
3422 4798 3512 4847 φι-

1931 4884 2156 4953 λοσοφίᾳ
2184 4880 2382 4942 ἱκανῶς
2422 4878 2808 4948 καθηράμενοι,
2835 4874 2962 4928 ἄνευ
2991 4890 3052 4926 τε
3082 4872 3346 4942 καμάτων
3374 4871 3513 4935 ζῶσι

1933 4976 1995 5030 τὸ
2034 4974 2297 5041 παράπαν
2329 4972 2409 5034 είς
2435 4970 2526 5023 τὸν
2573 4968 2764 5020 ἔπειτα
2800 4965 3010 5036 χρόνον,
3040 4964 3135 5017 καὶ
3158 4964 3235 5025 εἰς
3268 4965 3516 5032 οἰκήσεις

1931 5066 2012 5119 ἔτι
2064 5062 2266 5118 τούτων
2318 5059 2567 5121 καλλίους
2615 5056 2988 5127 ἀφικνοῦνται,
3036 5052 3101 5116 ἃς
3154 5050 3279 5103 οὗτε
3331 5050 3514 5122 ῥᾴδιον

1932 5156 2192 5229 δηλῶσαι,
2223 5153 2349 5207 οῦτε
2387 5154 2415 5205 ὁ
2452 5150 2641 5222 χρόνος
2676 5147 2860 5208 ἱκανὸς
2879 5148 2937 5198 ὲν
2960 5144 3039 5215 τῷ
3064 5143 3310 5214 παρόντι.
3348 5162 3365 5191 ι
3400 5142 3515 5194 Καὶ

1934 5250 1991 5301 ὲν
2029 5246 2107 5317 τῷ
2141 5245 2362 5314 Γοργίᾳ
2413 5242 2467 5294 δὲ
2524 5240 2759 5313 πρόσχες
2791 5238 2843 5290 τί
2877 5236 2970 5289 καί
3011 5252 3165 5306 φησι,
3203 5253 3222 5285 ι
3261 5234 3366 5285 Τὸν
3415 5233 3514 5303 μὲν

1934 5340 2157 5402 δικαίως
2188 5337 2298 5405 (41)
2351 5335 2440 5389 τὸν
2490 5332 2603 5403 βίον
2644 5329 2918 5382 διελθόντα
2954 5328 3047 5381 καὶ
3068 5327 3251 5389 ὁσίως,
3290 5324 3515 5377 ἐπειδάν

1938 5433 2257 5502 τελευτήσῃ,
2290 5432 2369 5493 εἰς
2425 5428 2684 5499 μακάρων
2708 5426 2905 5494 νήσους
2943 5421 3190 5482 ἀπιόντα,
3245 5420 3413 5471 οἰκεῖν
3457 5419 3516 5470 ἐν

1941 5526 2087 5595 πάσῃ
2140 5520 2470 5591 εὐδαιμονίᾳ,
2516 5518 2671 5581 ἐκτὸς
2705 5515 2924 5568 κακῶν·
2956 5512 3046 5565 τὸν
3080 5510 3135 5563 δὲ
3183 5509 3384 5571 ἀδίκως
3419 5509 3516 5561 καὶ

1942 5616 2135 5678 ἀθέως,
2195 5612 2275 5674 εἰς
2326 5609 2384 5662 τὸ
2439 5610 2533 5681 τῆς
2568 5607 2760 5670 τίσεώς
2798 5622 2857 5658 τε
2902 5604 2995 5658 καὶ
3037 5600 3191 5673 δίκης
3228 5600 3515 5671 δεσμωτή-

337 5803 448 5869 (ιιι
481 5806 591 5861 τὸν
618 5806 734 5878 μὲν
780 5806 1037 5873 δικαίως.
1072 5805 1221 5864 Plato
1272 5804 1325 5861 in
1367 5803 1579 5871 (Ξουθία,
1614 5815 1666 5868 ιι.
1703 5797 1818 5859 5ης

1922 5796 1966 5849 ib
1996 5792 2188 5855 diaiogi
2228 5791 2405 5846 linem.
