4034 6390
1475 338 1793 394 ΡΒᾸΞΡΑΒ.
1837 341 1857 394 I

1965 333 2092 393 .NG.
2133 339 2265 398 LIB.
2301 341 2418 397 XIII
3410 339 3550 396 ιιδι

247 485 415 537 ριον,
475 471 504 522 ὃ
549 471 612 542 δὴ
647 473 930 545 Τάρταρον
987 477 1264 541 καλοῦσιν,
1322 478 1477 530 ἱέναι.
1521 479 1583 531 Οἳ
1629 479 1672 531 δ’
1701 478 1767 532 ἂν
1794 478 1857 531 τὰ

1965 459 2177 516 daemon
2206 477 2477 532 quemque
2521 462 2680 532 rapit,
2718 462 2811 532 qui
2855 461 3087 516 mediam
3114 462 3234 516 vita:
3277 461 3546 516 rationem

249 558 480 632 ἔσχατα
530 563 849 634 ἀδικήσωσι,
905 568 998 620 καὶ
1033 568 1120 621 διὰ
1163 569 1232 622 τὰ
1275 567 1501 622 τοιαῦτα
1551 570 1857 640 ἀδικήματα

1968 554 2212 609 tenuisse
2237 555 2522 608 videantur
2548 593 2563 617 ,
2617 554 2653 608 ii
2698 555 3060 608 Acheruntem
3111 565 3374 624 petentes,
3409 569 3550 608 con-

247 653 485 708 ἀνίατοι
528 656 811 724 γένωνται,
841 661 904 712 ὲκ
931 660 1134 714 τούτων
1149 661 1216 714 τὰ
1247 661 1665 733 παραδείγματα
1685 662 1857 730 γίγνε·

1968 646 2178 701 sccusis
2201 646 2272 700 ibi
2299 647 2414 701 suis
2442 647 2644 717 quique
2677 647 2946 701 vehiculis
2974 647 3041 700 ad
3083 648 3333 716 paludem
3372 661 3548 717 usque

247 763 380 802 ται.
407 750 519 802 Καὶ
550 745 691 804 οὗτοι
721 753 873 805 αὐτοὶ
905 755 1003 824 μὲν
1034 755 1214 807 οὐκέτι
1241 755 1535 818 ὀνίνανται,
1570 754 1665 808 ἅτε
1715 753 1857 808 ἀνία-

1966 737 2304 790 deferuntur.
2343 737 2416 789 lbi
2470 737 2674 807 degunt
2735 737 3088 806 aliquandiu,
3120 738 3294 792 donec
3322 753 3548 806 prorsus

249 856 353 893 τοι
383 842 565 906 ὄντες·
601 843 749 897 ἄλλοι
771 845 827 898 δὲ
842 846 1258 916 ὀνίνανται(ιί2),
1285 849 1334 900 οἱ
1367 847 1584 911 τούτους
1609 847 1857 918 ὁρῶντες,

1966 826 2188 895 expiati,
2233 827 2518 896 pmuisque
2581 828 2872 881 criminum
2916 827 3229 896 persolutis,
3280 827 3547 897 quidquid

250 918 360 984 διὰ
407 933 507 998 τὰς
562 935 835 1007 ἁμαρτίας
892 937 991 1001 τὰς
1042 938 1330 1008 μεγίστας,
1366 939 1461 992 καί
1501 938 1857 1010 ὀδυνηρότατα

1967 929 2092 972 ante
2137 919 2499 989 peccaverint,
2547 921 2904 974 absolvuntur
2938 938 2950 974 :
2984 921 3122 990 quin
3163 921 3326 974 etiam
3353 920 3547 975 beneﬁ-

253 1024 367 1076 καὶ
433 1025 787 1098 φοϐερώτατα
843 1028 992 1099 πάθη
1047 1031 1355 1101 πάσχοντας
1401 1031 1491 1085 τὸν
1531 1030 1616 1084 ἀεὶ
1648 1008 1857 1101 χρόνον,

1967 1008 2179 1063 ciorum
2207 1024 2426 1078 quoque
2470 1025 2697 1065 suorqu
2748 1011 3005 1080 praemia,
3038 1027 3138 1081 pro
3191 1029 3288 1065 sua
3339 1013 3547 1081 quique

253 1117 514 1188 ἀτεχνῶς
576 1121 992 1191 παραδείγματα
1032 1123 1446 1194 ἀνηρτημένους
1483 1125 1599 1176 ἐκεῖ
1637 1123 1693 1175 ἐν
1733 1121 1857 1192 ᾅδου

1966 1102 2227 1172 dignitate
2250 1101 2456 1158 ferunt.
2488 1104 2672 1175 Atqui
2705 1115 2927 1176 propter
2970 1107 3236 1160 scelerum
3282 1109 3544 1161 atrocita~

257 1210 329 1262 ἑν
364 1210 443 1280 τῷ
467 1211 846 1283 δεσμωτηρίῳ,
883 1217 995 1277 τοῖς
1036 1215 1122 1267 ἀεὶ
1154 1215 1264 1269 τῶν
1299 1215 1498 1269 ἀδίκων
1527 1215 1857 1286 ἀφικνουμέ-

1968 1204 2097 1260 tem,
2125 1197 2306 1251 locum
2339 1199 2581 1253 remedio
2619 1199 2827 1252 nullum
2879 1200 3168 1268 reliquisse
3217 1200 3543 1265 videantur,

259 1319 388 1366 νοις
435 1302 685 1373 θεάματα
734 1305 827 1356 καὶ
874 1305 1274 1376 νουθετήματα,
1329 1325 1347 1358 ι
1402 1305 1586 1359 Ταῦτα
1636 1307 1754 1370 πῶς
1798 1307 1857 1359 ἂν

1969 1295 2156 1355 utpote
2183 1287 2388 1341 crebris
2417 1297 2470 1341 et
2508 1288 2843 1343 immanibus
2887 1291 3208 1360 sacrilegiis,
3246 1301 3340 1343 aut
3373 1291 3545 1360 pluri-

259 1394 494 1448 δύναιτο
519 1396 761 1467 συνᾴδειν
800 1399 909 1460 τοῖς
942 1399 1070 1468 περὶ
1101 1399 1336 1469 ἀμοιϐῆς
1371 1399 1658 1468 σωμάτων,
1699 1398 1734 1452 ἃ
1767 1400 1857 1470 τὴν

1967 1378 2072 1432 ruis
2099 1379 2340 1433 caedibus
2386 1377 2592 1433 nefarie
2621 1391 2672 1434 et
2709 1391 2894 1434 contra
2936 1381 3080 1450 leges
3123 1397 3316 1435 omnes
3355 1397 3547 1450 perpe-

262 1483 456 1556 ψυχῆν
498 1486 790 1557 μετιοῦσαν
844 1488 1114 1558 αἱρεῖσθαι
1144 1489 1432 1556 φάσκουσι,
1479 1488 1690 1556 λόγοι;;
1742 1488 1866 1552 Πῶς

264 1578 385 1648 γὰρ
418 1577 484 1630 ἂν
509 1580 541 1647 ἡ
569 1578 707 1648 αὑτὴ
721 1579 1010 1649 τιμωρίας.
1038 1580 1128 1631 καὶ
1155 1578 1523 1649 δεσμωτήρια,
1558 1579 1651 1630 καὶ
1680 1577 1868 1630 τοσαύ-

262 1685 375 1739 την
403 1669 560 1740 δίκην
583 1671 662 1733 είς
680 1668 771 1723 τὸν
800 1670 887 1724 ἀεὶ
916 1671 1127 1740 χρόνον,
1153 1670 1290 1741 μετὰ
1311 1670 1410 1742 τὴν
1436 1670 1647 1724 ἐνθένδε
1677 1671 1864 1723 τελευ-

264 1761 394 1832 τὴν,
429 1760 637 1830 ὐςςέξει,
665 1763 758 1815 καὶ
787 1761 949 1814 πάλιν
977 1763 1064 1816 οἵα
1091 1779 1172 1826 τις
1202 1763 1482 1832 ἀνειμένη,
1517 1763 1612 1815 καὶ
1649 1762 1865 1834 δεσμῶν

1968 1471 2147 1534 tratis,
2177 1481 2229 1524 et
2272 1471 2395 1525 aliis
2417 1471 2686 1540 ejusmodi
2712 1472 2942 1540 piaculis
2971 1473 3194 1540 obligati
3223 1491 3236 1525 :
3281 1473 3382 1527 bos
3417 1488 3548 1527 vero

1967 1565 2129 1633 digna
2181 1564 2340 1633 plane
2389 1580 2510 1618 sors
2562 1565 2615 1618 in
2677 1565 3002 1633 Tartarum,
3059 1568 3204 1621 unde
3263 1584 3547 1638 nunquam

1967 1665 2268 1726 emergant,
2315 1657 2620 1736 praccipites
2653 1658 2781 1727 agit.
2817 1677 2835 1709 ι
2861 1658 2940 1713 Ac
2986 1659 3053 1713 de
3106 1659 3289 1729 impiis
3323 1661 3546 1729 quidem

1970 1748 2083 1801 haec
2137 1747 2318 1802 habet.
2379 1747 2449 1802 De
2495 1749 2597 1817 piis
2632 1765 2760 1804 vero
2808 1751 2937 1819 quid
2995 1750 3327 1822 subiungat,
3375 1753 3546 1808 audi:

267 1831 560 1925 ἰλευθέρα,
590 1853 737 1924 βίους
757 1853 821 1908 ἂν
849 1853 1012 1907 ἕλοιθ’
1044 1854 1138 1918 οὓς
1162 1853 1228 1908 ἂν
1263 1831 1419 1924 ὲθέλη
1439 1831 1456 1919 ;ί
1489 1856 1550 1907 Et
1573 1854 1629 1907 δὲ
1652 1855 1721 1908 τὰ
1741 1831 1857 1909 καθ’

1975 1860 1993 1890 ι
2021 1839 2139 1906 Quo
2162 1840 2322 1894 etiam
2348 1856 2411 1894 ex
2445 1857 2674 1896 numero
2694 1883 2709 1907 ,
2754 1842 2845 1912 qui
2875 1844 3235 1913 philosophiae
3260 1861 3421 1914 opera
3445 1861 3544 1900 ex-

263 1945 468 2018 ήδονὴν
538 1947 718 2018 μέλλοι
772 1949 933 2003 πάλιν
985 1947 1274 2018 αἱρεῖσθαι,
1340 1947 1433 2001 καὶ
1489 1945 1590 1999 ποῦ
1654 1946 1715 1999 τὸ
1764 1946 1864 2016 τῆς

264 2036 470 2102 τίσεὼς
497 2057 556 2092 τε
596 2041 690 2092 καὶ
734 2039 889 2112 δίκης
918 2039 1322 2112 δεσμωτήριον;
1385 2039 1555 2110 μυρία
1584 2039 1628 2090 δ’
1664 2038 1728 2092 ἂν
1770 2040 1866 2092 καὶ

266 2127 409 2183 ιλλα
434 2146 518 2193 τις
563 2129 654 2184 ἐπὶ
689 2131 886 2201 σχολῆς
922 2131 1218 2184 ἐπιλάϐοιτ’
1251 2131 1315 2184 ἃν
1358 2130 1452 2183 τοῦ
1484 2131 1664 2199 λόγου,
1700 2123 1774 2183 ὧν
1799 2131 1858 2183 οὐ

268 2222 466 2294 καιρὸς
495 2221 592 2294 τὴν
630 2223 869 2276 διάνοιαν
905 2223 1187 2293 μηκύνειν.
1239 2222 1352 2276 Καὶ
1393 2221 1454 2274 τὸ
1500 2221 1596 2292 μὲν
1647 2220 1862 2293 πρῶτον

264 2314 543 2385 ὀλίσθημα
564 2314 672 2384 ’τῆς
696 2315 788 2367 τοῦ
821 2314 1102 2378 Πλάτωνος
1137 2314 1263 2386 περὶ
1293 2313 1460 2366 τῶνδε
1484 2312 1662 2382 δόξης,
1689 2310 1862 2382 ταύτῃ

268 2423 348 2478 πη
382 2407 684 2475 πέφανταιο
737 2407 798 2458 τὸ
843 2406 886 2458 δ’
925 2407 1108 2478 ἕτερον
1145 2407 1243 2476 τῆς
1304 2404 1398 2458 τοῦ
1437 2406 1707 2474 δόγματος
1739 2403 1856 2455 δια-

273 2499 495 2568 σκευῆς,
535 2497 603 2550 δι’
630 2490 690 2550 οὗ
725 2498 785 2550 τὺ
822 2498 919 2568 μέν
945 2516 996 2551 τι
1031 2497 1172 2550 θεῖον
1219 2497 1314 2550 καὶ
1354 2496 1568 2564 λογικὸν
1607 2493 1741 2548 εἶναι
1764 2497 1862 2565 τῆς

268 2590 470 2661 ψυχῆς,
509 2589 570 2642 τὸ
601 2590 656 2642 δέ
694 2608 748 2642 τι
783 2591 949 2661 μέρος
984 2590 1155 2660 αὐτῆς
1197 2589 1392 2657 ἄλογον
1434 2588 1528 2641 καὶ
1563 2586 1863 2658 παθητικὸν

266 2683 562 2754 τυγχάνειν
609 2683 866 2754 ὡρίσατο,
915 2683 1009 2736 καὶ
1062 2682 1198 2753 πρὸς
1231 2681 1336 2735 τῶν
1383 2681 1545 2734 αὐτοῦ
1572 2680 1863 2750 γνωρίμων

265 2777 665 2846 κατέγνωσται,
684 2777 758 2839 ὡς
773 2775 962 2846 μαθεῖν
985 2774 1190 2827 ἔνεστιν
1203 2773 1310 2828 ἀπὸ
1320 2773 1427 2826 τῶν
1443 2772 1656 2826 τοιῶνδε
1669 2771 1861 2840 λόγων.

1973 1936 2102 2006 piati
2133 1935 2358 1989 omnino
2409 1934 2732 2004 purgatique
2771 1935 3144 1999 discesserint,
3179 1938 3213 1991 ii
3246 1956 3351 1993 non
3385 1939 3548 1994 modo

1973 2031 2088 2085 sine
2137 2029 2261 2082 ullis
2309 2043 2537 2098 prorsus
2596 2027 2861 2082 molestiis
2899 2045 3014 2083 aevo
3067 2032 3398 2100 sempiterno
3461 2031 3547 2086 vi-

1969 2124 2125 2178 vunt,
2154 2115 2246 2170 sed
2277 2115 2444 2168 etiam
2469 2115 2522 2168 iu
2554 2115 2829 2170 domicilia
2868 2118 3028 2188 longe
3067 2118 3248 2174 adhuc
3276 2121 3547 2177 nobiliora

1969 2207 2324 2276 perveniunt,
2367 2221 2491 2275 quae
2519 2221 2617 2260 nec
2669 2207 2849 2261 verbis
2891 2208 3202 2264 describere
3258 2210 3414 2264 facile
3452 2211 3546 2278 sit,

1970 2313 2070 2350 nec
2120 2313 2216 2366 per
2268 2306 2484 2366 tempus
2517 2313 2951 2354 commemorare
2995 2300 3126 2354 mihi
3157 2301 3269 2370 jam
3302 2302 3481 2357 liceat.
3521 2321 3542 2356 ι

1969 2392 2178 2460 Quibus
2209 2394 2376 2447 addas
2401 2394 2522 2447 licet
2540 2409 2661 2462 quae
2689 2395 2879 2449 scribit
2903 2395 2956 2449 in
2982 2394 3178 2466 Gorgia
3199 2412 3245 2449 ιι
3271 2395 3376 2463 Qui
3397 2399 3551 2465 juste

1966 2487 2135 2541 vitam
2167 2495 2459 2555 sancteque
2506 2486 2851 2551 traduxerit,
2887 2503 3013 2540 eum
3059 2489 3242 2542 statim
3274 2491 3342 2543 ab
3369 2491 3547 2556 obitu,

1969 2579 2022 2632 in
2056 2577 2338 2632 beatorum
2372 2577 2581 2630 insulas
2613 2578 2910 2646 proﬁcisci,
2944 2578 3034 2632 ubi
3058 2596 3231 2633 aevum
3265 2581 3548 2652 deinceps,

1972 2670 2091 2727 sine
2114 2669 2241 2724 mali
2274 2669 2598 2740 cujusquam
2630 2672 2898 2736 molestia,
2931 2686 3055 2724 cum
3097 2672 3247 2726 omni
3291 2671 3552 2730 felicitate

1973 2764 2158 2820 ducat.
2192 2761 2294 2828 Qui
2323 2770 2504 2814 autem
2537 2761 2737 2830 injuste
2765 2771 2815 2816 ct
2862 2763 3024 2833 impie
3071 2765 3288 2830 vixerit,
3334 2782 3460 2820 eum
3491 2767 3549 2822 in

265 2872 554 2926 cruciatus
616 2885 680 2924 ac
723 2868 976 2939 supplicii
1023 2882 1339 2930 carcerem,
1384 2881 1543 2935 quem
1603 2862 1893 2917 Tartarum
1949 2866 2182 2919 vocant,
2223 2853 2457 2908 detrudi.
2511 2852 2801 2909 Postremo
2836 2855 2929 2924 qui
2980 2857 3254 2910 teterrima
3315 2874 3550 2928 quaeque

266 2962 655 3034 perpetrarint,
706 2977 771 3017 ac
820 2970 1108 3032 propterea
1154 2959 1488 3014 insanabiles
1526 2956 1747 3019 fuerint,
1781 2971 1847 3009 ex
1882 2953 1950 3008 its
1989 2953 2210 3006 demum
2238 2946 2483 3016 exempla
2509 2955 2843 3001 statuuntur.
2876 2945 3013 3002 Nam
3055 2958 3112 3003 ut
3140 2950 3275 3004 nihil
3307 2953 3546 3022 amplius

260 3061 528 3132 juventur
582 3059 728 3130 ipsi,
761 3059 906 3129 quod
966 3058 1171 3112 nullius
1219 3055 1505 3111 medicinae
1549 3054 1602 3110 vi
1657 3052 1841 3108 sanari
1869 3057 2126 3122 :queaut,
2155 3047 2248 3101 alii
2285 3055 2431 3100 certe
2457 3044 2744 3114 juvantur,
2775 3044 2904 3098 dum
2940 3059 3036 3100 eos
3086 3047 3379 3111 maximas,
3428 3065 3547 3103 om-

268 3154 439 3224 nique
486 3153 783 3208 acerbitate
830 3167 894 3208 ac
939 3152 1158 3206 diritate
1210 3151 1521 3207 teterrimas
1579 3149 1849 3204 scelerum
1916 3160 2142 3202 suorum
2188 3157 2383 3214 poenas
2434 3141 2488 3194 in
2537 3155 2756 3194 omnem
2824 3143 3212 3210 consequentis
3283 3144 3548 3213 temporis

267 3247 687 3318 perpetuitatem
761 3247 1034 3302 sustinere
1085 3245 1310 3301 vident:
1362 3261 1588 3316 prorsus
1627 3253 1688 3298 ut
1730 3244 1784 3298 in
1841 3243 1934 3296 illo
1973 3240 2272 3296 inferorum
2323 3236 2600 3306 ergastulo
2665 3252 2932 3306 suspensa
2999 3239 3246 3307 quaedam
3295 3241 3542 3312 exempla

267 3339 401 3405 sint,
431 3356 666 3410 quorum
722 3351 951 3411 aspectu
976 3351 1239 3410 quotquot
1264 3341 1451 3395 eodem
1481 3338 1711 3410 improbi
1739 3338 1959 3394 assidue
1989 3335 2314 3400 deveniunt,
2347 3332 2508 3388 oﬂicii
2539 3342 2990 3387 commoueantur
3019 3335 3126 3389 sui.
3164 3356 3182 3386 ι
3208 3337 3372 3406 700
3395 3335 3538 3403 Haec,

269 3434 488 3498 amabo,
523 3434 616 3505 qui
671 3435 886 3489 tandem
929 3450 1052 3490 cum
1115 3435 1234 3490 aliis
1273 3435 1380 3489 illis
1426 3435 1721 3490 convenire
1762 3434 1997 3504 possint,
2053 3432 2253 3502 quibus
2298 3429 2364 3484 de
2424 3429 2825 3500 permutatione
2871 3443 3164 3499 corporum
3207 3432 3280 3485 ita
3348 3434 3541 3503 dispu.

269 3529 409 3587 tant,
439 3541 630 3579 eorum
665 3535 722 3579 ut
753 3526 1073 3580 electionem
1099 3542 1126 3592 ,0
1153 3527 1462 3580 animorum
1500 3527 1784 3595 potestatis
1815 3537 1869 3580 et
1907 3525 2130 3579 arbitris
2157 3533 2324 3578 totam
2354 3538 2478 3577 esse
2509 3521 2714 3574 velint?
2747 3520 3038 3587 Quomoio
3068 3524 3214 3577 enim
3261 3527 3542 3582 cruciatus

271 3612 414 3669 idem
445 3625 500 3670 ct
525 3631 796 3682 carceres,
825 3627 1144 3688 tantamque
1166 3635 1451 3688 pteuarum
1477 3620 1842 3682 atrocitatem,
1885 3628 2247 3688 posteaquam
2301 3616 2430 3670 hinc
2477 3615 2796 3681 excesserit,
2851 3627 3113 3686 perpetuo
3173 3619 3462 3685 sustineat,
3490 3632 3544 3679 et

271 3709 436 3767 simul
465 3718 720 3779 tanquam
762 3711 975 3767 solutus
1017 3711 1359 3782 vinculisque
1390 3712 1548 3778 liber,
1572 3712 1717 3782 quod
1767 3711 1869 3766 sibi
1910 3711 2084 3780 magis
2125 3707 2452 3772 collibucrit,
2507 3708 2632 3760 vitae
2669 3722 2840 3778 genus
2873 3718 3040 3778 optet.
3081 3708 3183 3774 Qui
3235 3711 3279 3763 si
3319 3711 3546 3766 delicias

271 3821 466 3860 rursus
497 3821 562 3860 ac
593 3805 898 3876 voluptates
945 3820 1238 3876 secuturus
1283 3808 1372 3876 sit,
1429 3825 1540 3880 quo
1591 3809 1726 3864 mihi
1775 3818 1886 3863 tum
1953 3809 2084 3862 illud
2137 3805 2388 3875 supplicii
2426 3820 2488 3858 ac
2521 3820 2806 3874 pinnarum
2849 3807 3228 3873 ergastulum?
3260 3806 3383 3864 llaec
3410 3809 3546 3863 alia--

271 3913 378 3969 que
403 3907 656 3952 sexcenta
683 3899 946 3953 adversus
986 3899 1126 3953 hanc
1148 3899 1849 3970 philosophandirationem
1889 3899 2064 3954 otiose
2105 3898 2286 3967 quivis
2331 3894 2618 3965 objecerit,
2655 3910 2776 3964 quae
2830 3895 3080 3964 pluribus
3127 3901 3380 3968 persequi
3439 3901 3544 3957 hoc

273 3993 522 4048 locouon
545 4002 722 4048 vacat.
756 3994 942 4064 Itaque
967 3994 1178 4064 primus
1203 3994 1292 4050 hie
1326 3996 1380 4049 in
1421 4011 1486 4050 eo
1521 4011 1718 4068 genere
1759 3995 2004 4050 Platonis
2030 4009 2184 4049 error
2206 4010 2270 4048 ae
2300 3993 2488 4060 lapsus
2531 4000 2663 4045 esto.
2727 3992 2882 4046 Alius
2929 4009 3084 4059 vero,
3117 3996 3210 4064 qui
3273 3997 3438 4066 hujus
3486 3997 3543 4054 in

271 4083 542 4156 dogmatis
574 4086 950 4141 euueleatione
982 4097 1250 4154 versatur,
1284 4105 1392 4158 quo
1423 4100 1634 4158 partem
1677 4089 1845 4144 animi
1908 4089 2132 4143 alteram
2177 4087 2436 4147 divinam,
2499 4101 2562 4140 ac
2604 4085 2816 4140 ratione
2862 4088 3165 4155 praeditam,
3214 4089 3440 4144 alteram
3485 4096 3543 4146 et

270 4189 547 4250 expertem
599 4179 847 4245 rationis,
896 4191 950 4235 et
1003 4181 1509 4250 perturbationibus
1565 4181 1859 4236 obnoxiam
1899 4195 2019 4236 esse
2073 4180 2287 4244 statuit,
2320 4179 2400 4233 vel
2455 4177 2861 4233 Platonicorum
2897 4181 3139 4249 ipsorum
3180 4192 3263 4237 est
3293 4184 3543 4239 oratione

271 4267 590 4336 damnatus,
615 4277 676 4323 ut
711 4284 778 4324 ex
809 4269 1166 4340 sequentibus
1197 4278 1454 4328 constare
1479 4274 1676 4342 potest.

793 4425 1187 4481 ΚΕΦΑΛΑΙΟΝ
1231 4428 1328 4483 IZ’.

274 4582 416 4662 Ὅτι.
428 4581 577 4664 aratri
601 4582 887 4664 ῌλάτῳνα
904 4584 993 4664 μὴ
1011 4585 1082 4664 ἐξ
1103 4586 1214 4664 (ιβ)
1237 4585 1508 4664 ἀπαθοῦς
1550 4585 1649 4638 καὶ
1675 4588 1854 4664 διαθη-

345 4655 452 4724 τῆς
494 4655 712 4724 οὐσίας
762 4655 799 4720 ή
858 4655 968 4721 τῆς
1011 4656 1221 4724 ψυχῆς
1271 4657 1613 4722 συνέστηκε
1648 4657 1850 4724 φύσις.

341 4723 488 4863 ἒ.πρ
576 4722 695 4778 τῶν
768 4722 1032 4794 Σεϐήρού
1103 4722 1210 4780 τοῦ
1268 4722 1660 4780 Πλατωνικοῦ
1720 4722 1858 4797 Περὶ

387 4811 534 4863 υχης.

387 4811 534 4864 υχης-

349 4927 369 4962 t
407 4909 542 4982 Περὶ
570 4908 627 4962 δὲ
657 4908 754 4978 τῆς
801 4909 939 4962 κατὰ
973 4908 1235 4962 Πλάτωνα
1265 4907 1461 4980 ψυχῆς,
1495 4909 1560 4978 ἥν
1590 4907 1856 4978 φησιν-ἐξ

273 4999 519 5062 ἀπαθοῦς
539 5000 633 5053 καὶ
658 5000 902 5071 παθητῆς
943 4999 1128 5063 οὐσίας
1165 5001 1425 5071 συστῆναι
1461 5001 1564 5056 ὑπὸ
1583 5000 1674 5053 τοῦ
1696 4998 1853 5063 Θεοῦ,

271 5088 348 5154 ὡς
383 5093 446 5144 ἐκ
469 5090 662 5143 λευκοῦ
693 5091 786 5144 καὶ
824 5091 1049 5161 μέλανος
1078 5091 1184 5144 τῶν
1221 5092 1398 5162 μέσων
1437 5109 1490 5144 τι
1521 5091 1850 5163 χρωμάτων,

275 5187 455 5238 ἐκεῖνα
507 5183 698 5253 ἔχομεν
750 5185 921 5236 εἰπεῖν
946 5200 959 5213 ι
1000 5184 1121 5236 ’Ὁτι
1151 5185 1384 5254 ἀνάγκη,
1419 5185 1594 5255 χρόνῳ
1628 5183 1851 5236 διαστά-

277 5291 411 5336 σεως
443 5274 620 5325 αὐτῶν
647 5274 993 5345 γιγνομένης,
1027 5275 1388 5344 ἀφανισθῆναι
1429 5274 1616 5344 αὐτὴν,
1646 5273 1720 5336 ὡς
1752 5272 1852 5344 τὴν

273 5363 364 5416 τοῦ
392 5364 554 5434 μέσου
578 5363 865 5436 χρώματος
902 5364 1179 5428 σύστασιν,
1208 5367 1298 5418 ἐπὶ
1322 5365 1390 5418 τὰ
1419 5367 1594 5418 οἰκεῖα
1620 5365 1850 5418 ἑκάστου

348 5579 698 5648 (42)Ἀ.1.ἶοι
744 5580 812 5632 δὲ
855 5581 1176 5634 ὀνίνανται.
1216 5580 1355 5645 Qui?
1401 5589 1494 5633 aut
1541 5579 1849 5649 quomodo?

277 5649 525 5704 Defuncti
576 5651 861 5714 nimirum,
897 5652 989 5705 sed
1039 5652 1331 5705 levioribus
1378 5651 1700 5703 criminibus
1748 5651 1848 5703 ob-

277 5720 446 5783 noxii,
495 5721 586 5788 qui
637 5730 924 5789 postquam
973 5723 1152 5776 denuo
1192 5723 1526 5784 revixerunt,
1573 5729 1845 5773 tantorum

277 5791 618 5846 cruciatuum
671 5807 960 5860 memores,
1007 5793 1210 5848 castius
1256 5801 1309 5848 et
1363 5791 1608 5847 sanctius
1650 5805 1846 5846 novam

2522 4418 2754 4474 CAPUT
2805 4419 2970 4476 XVII.

1962 4581 2108 4645 Non,
2132 4582 2576 4650 quemuemodum
2613 4580 2826 4634 Platoni
2854 4580 3017 4632 visunt
3051 4589 3150 4643 est,
3177 4581 3345 4633 animi
3378 4591 3528 4635 natu-

2033 4669 2148 4704 ram
2183 4651 2388 4704 duabus
2429 4669 2492 4706 ea;
2520 4651 2760 4722 partibus
2781 4693 2795 4714 ,
2828 4666 3054 4722 quorum
3095 4650 3264 4705 altera
3295 4654 3531 4720 patiendi

2033 4723 2342 4776 necessitate
2368 4723 2555 4784 libera,
2587 4722 2824 4790 patibilis
2855 4721 3023 4773 altera
3048 4722 3139 4785 sit,
3173 4738 3286 4776 esse
3325 4724 3534 4791 con/la-

2033 4802 2164 4846 tam.
2203 4792 2288 4846 Ea:
2325 4791 2500 4846 Severi
2538 4793 2805 4846 Platonici
2833 4791 3195 4860 disputatione
3220 4792 3294 4847 De
3323 4795 3531 4848 animo.

2038 4924 2056 4958 ι
2081 4904 2199 4960 Jam
2228 4920 2378 4971 vero,
2411 4906 2588 4976 inquit
2610 4905 2864 4972 Severus,
2895 4903 2963 4959 de
2989 4905 3175 4961 animo
3216 4905 3330 4969 illo,
3367 4921 3530 4974 quem

1959 5016 1990 5055 a
2016 4998 2127 5056 Deo
2156 5001 2312 5055 nobis
2341 5001 2544 5070 duplici
2574 5018 2639 5055 ex
2674 5010 2846 5069 parte,
2891 5000 3058 5053 altera
3086 4998 3323 5068 patiendi
3350 5014 3537 5054 neces-

1959 5092 2174 5148 sitatem
2235 5092 2598 5157 excludente,
2661 5093 2830 5145 altera
2897 5093 3166 5145 subeunte
3213 5090 3528 5155 conﬂatum,

1958 5183 2115 5254 quasi
2157 5181 2392 5236 medium
2417 5187 2704 5252 quemdam
2737 5197 2801 5235 ex
2835 5179 2958 5235 albo
3001 5182 3263 5252 nigroque
3293 5183 3530 5236 colorem

1958 5271 2202 5326 obtrudit
2237 5271 2412 5337 Plato,
2444 5271 2557 5325 haec
2584 5270 2636 5324 in
2669 5269 2956 5339 praesentia
2986 5285 3106 5340 quae
3138 5271 3408 5336 dicamus,
3440 5289 3531 5324 oc-

1958 5371 2206 5419 currunt.
2246 5361 2487 5418 Partium
2520 5363 2733 5417 illarum
2764 5378 3055 5433 progressu
3115 5363 3374 5432 temporis
3417 5365 3536 5418 illa-

1953 5578 2098 5634 hanc
2129 5579 2295 5633 vitam
2345 5581 2647 5642 iustituent,
2692 5597 2759 5634 nc
2802 5581 3000 5635 iterum
3032 5581 3245 5634 'mortui
3293 5594 3528 5650 quorum

1955 5650 2158 5704 scelera
2193 5651 2384 5704 imitati
2410 5659 2611 5713 essent,
2633 5666 2823 5706 eorum
2849 5653 3011 5707 etiam
3036 5667 3226 5723 pcenas
3255 5652 3528 5709 sustinere

1955 5729 2300 5774 εοιιθιιειιιυι.

2023 5762 2345 5859 ῖῐὲῖὲἵι-ἰο
2384 5789 2478 5858 μὴ,
2507 5791 2644 5845 κατὰ
2673 5791 2770 5845 [ιλ.
2801 5791 2880 5859 te.
