  <div class='ocr_page' id='page_1' title='image "/cluster/home/n/w/nwhite01/storage/ocr_20150623/21/hvd.32044073501165/591.png"; bbox 0 0 3872 6368; ppageno 0'>
   <div class='ocr_carea' id='block_1_1' title="bbox 415 359 552 413">
    <p class='ocr_par' dir='ltr' id='par_1_1' title="bbox 415 359 552 413">
     <span class='ocr_line' id='line_1_1' title="bbox 415 359 552 413; baseline 0.007 -1"><span class='ocrx_word' id='word_1_1' title='bbox 415 359 552 413; x_wconf 69' lang='grc'><strong>1155</strong></span> 
     </span>
    </p>
   </div>
   <div class='ocr_carea' id='block_1_2' title="bbox 1096 347 1993 406">
    <p class='ocr_par' dir='ltr' id='par_1_2' title="bbox 1096 348 1993 406">
     <span class='ocr_line' id='line_1_2' title="bbox 1096 348 1993 406; baseline -0.001 -1"><span class='ocrx_word' id='word_1_2' title='bbox 1096 348 1363 406; x_wconf 69' lang='grc' dir='ltr'>Ειῖειῖιιιι</span> <span class='ocrx_word' id='word_1_3' title='bbox 1406 349 1887 406; x_wconf 64' lang='lat' dir='ltr'><strong>CIE’SARlE-NSIS</strong></span> <span class='ocrx_word' id='word_1_4' title='bbox 1927 351 1993 404; x_wconf 84' lang='grc'><strong>01</strong></span> 
     </span>
    </p>
   </div>
   <div class='ocr_carea' id='block_1_3' title="bbox 2097 347 3035 406">
    <p class='ocr_par' dir='ltr' id='par_1_3' title="bbox 2118 347 3035 404">
     <span class='ocr_line' id='line_1_3' title="bbox 2118 347 3035 404; baseline -0.001 -1"><span class='ocrx_word' id='word_1_5' title='bbox 2118 347 2301 403; x_wconf 69' lang='lat' dir='ltr'><strong>PARS</strong></span> <span class='ocrx_word' id='word_1_6' title='bbox 2343 347 2405 402; x_wconf 84' lang='grc'><strong>11.</strong></span> <span class='ocrx_word' id='word_1_7' title='bbox 2440 347 3035 404; x_wconf 54' lang='grc' dir='ltr'><strong>-ΑΡΟΙΑΟΟΕΤΙΟΑ,</strong></span> 
     </span>
    </p>
   </div>
   <div class='ocr_carea' id='block_1_4' title="bbox 3543 357 3672 410">
    <p class='ocr_par' dir='ltr' id='par_1_4' title="bbox 3543 357 3672 410">
     <span class='ocr_line' id='line_1_4' title="bbox 3543 357 3672 410; baseline 0.031 -4"><span class='ocrx_word' id='word_1_8' title='bbox 3543 357 3672 410; x_wconf 76' lang='grc'><strong>1153</strong></span> 
     </span>
    </p>
   </div>
   <div class='ocr_carea' id='block_1_5' title="bbox 405 458 1993 539">
    <p class='ocr_par' dir='ltr' id='par_1_5' title="bbox 405 467 1993 539">
     <span class='ocr_line' id='line_1_5' title="bbox 405 467 1993 539; baseline -0.003 -13"><span class='ocrx_word' id='word_1_9' title='bbox 405 470 568 526; x_wconf 83' lang='lat' dir='ltr'><strong>bente</strong></span> <span class='ocrx_word' id='word_1_10' title='bbox 593 470 846 539; x_wconf 84' lang='lat' dir='ltr'><strong>dissidio,</strong></span> <span class='ocrx_word' id='word_1_11' title='bbox 873 470 1098 525; x_wconf 88' lang='lat' dir='ltr'><strong>interire</strong></span> <span class='ocrx_word' id='word_1_12' title='bbox 1129 468 1373 523; x_wconf 90' lang='lat' dir='ltr'><strong>animum</strong></span> <span class='ocrx_word' id='word_1_13' title='bbox 1407 468 1704 536; x_wconf 83' lang='lat' dir='ltr'><strong>Oportebit,</strong></span> <span class='ocrx_word' id='word_1_14' title='bbox 1731 467 1993 538; x_wconf 84' lang='lat' dir='ltr'><strong>quemad-</strong></span> 
     </span>
    </p>
   </div>
   <div class='ocr_carea' id='block_1_6' title="bbox 2097 458 3672 539">
    <p class='ocr_par' dir='ltr' id='par_1_6' title="bbox 2104 458 3672 537">
     <span class='ocr_line' id='line_1_6' title="bbox 2104 458 3672 537; baseline 0.005 -21"><span class='ocrx_word' id='word_1_15' title='bbox 2104 464 2160 530; x_wconf 80' lang='grc' dir='ltr'>ἐξ</span> <span class='ocrx_word' id='word_1_16' title='bbox 2191 458 2266 517; x_wconf 82' lang='grc' dir='ltr'>ὧν</span> <span class='ocrx_word' id='word_1_17' title='bbox 2298 464 2552 537; x_wconf 78' lang='grc' dir='ltr'><strong>συνέστη,</strong></span> <span class='ocrx_word' id='word_1_18' title='bbox 2584 467 2640 519; x_wconf 86' lang='grc' dir='ltr'><strong>ἐν</strong></span> <span class='ocrx_word' id='word_1_19' title='bbox 2693 465 2871 537; x_wconf 86' lang='grc' dir='ltr'>χρόνῳ</span> <span class='ocrx_word' id='word_1_20' title='bbox 2911 464 3070 533; x_wconf 80' lang='grc' dir='ltr'>φύσει</span> <span class='ocrx_word' id='word_1_21' title='bbox 3103 464 3492 536; x_wconf 74' lang='grc' dir='ltr'>χωριζομένου.</span> <span class='ocrx_word' id='word_1_22' title='bbox 3529 467 3585 520; x_wconf 76' lang='grc' dir='ltr'>ΕΞ</span> <span class='ocrx_word' id='word_1_23' title='bbox 3619 471 3672 524; x_wconf 68' lang='grc' dir='ltr'><strong>δὲ</strong></span> 
     </span>
    </p>
   </div>
   <div class='ocr_carea' id='block_1_7' title="bbox 406 559 1988 629">
    <p class='ocr_par' dir='ltr' id='par_1_7' title="bbox 406 559 1988 629">
     <span class='ocr_line' id='line_1_7' title="bbox 406 559 1988 629; baseline -0.003 -13"><span class='ocrx_word' id='word_1_24' title='bbox 406 566 631 616; x_wconf 64' lang='lat' dir='ltr'><strong>modum</strong></span> <span class='ocrx_word' id='word_1_25' title='bbox 667 563 816 617; x_wconf 80' lang='lat' dir='ltr'><strong>illam</strong></span> <span class='ocrx_word' id='word_1_26' title='bbox 863 562 1065 617; x_wconf 89' lang='lat' dir='ltr'><strong>coloris</strong></span> <span class='ocrx_word' id='word_1_27' title='bbox 1129 560 1291 614; x_wconf 90' lang='lat' dir='ltr'><strong>medii</strong></span> <span class='ocrx_word' id='word_1_28' title='bbox 1329 559 1817 629; x_wconf 81' lang='lat' dir='ltr'><strong>teniperationem,</strong></span> <span class='ocrx_word' id='word_1_29' title='bbox 1863 573 1988 614; x_wconf 90' lang='lat' dir='ltr'><strong>cum</strong></span> 
     </span>
    </p>
   </div>
   <div class='ocr_carea' id='block_1_8' title="bbox 405 652 1987 724">
    <p class='ocr_par' dir='ltr' id='par_1_8' title="bbox 405 652 1987 724">
     <span class='ocr_line' id='line_1_8' title="bbox 405 652 1987 724; baseline -0.003 -15"><span class='ocrx_word' id='word_1_30' title='bbox 405 654 482 710; x_wconf 89' lang='lat' dir='ltr'><strong>illi</strong></span> <span class='ocrx_word' id='word_1_31' title='bbox 505 671 568 709; x_wconf 81' lang='lat' dir='ltr'><strong>ex</strong></span> <span class='ocrx_word' id='word_1_32' title='bbox 596 655 796 724; x_wconf 86' lang='lat' dir='ltr'><strong>quibus</strong></span> <span class='ocrx_word' id='word_1_33' title='bbox 839 667 965 709; x_wconf 91' lang='lat' dir='ltr'><strong>ante</strong></span> <span class='ocrx_word' id='word_1_34' title='bbox 992 653 1216 717; x_wconf 76' lang='lat' dir='ltr'><strong>coaluit,</strong></span> <span class='ocrx_word' id='word_1_35' title='bbox 1245 662 1438 723; x_wconf 82' lang='lat' dir='ltr'><strong>suapte</strong></span> <span class='ocrx_word' id='word_1_36' title='bbox 1469 661 1663 706; x_wconf 84' lang='lat' dir='ltr'><strong>natura</strong></span> <span class='ocrx_word' id='word_1_37' title='bbox 1703 652 1987 720; x_wconf 81' lang='lat' dir='ltr'><strong>paulatim,</strong></span> 
     </span>
    </p>
   </div>
   <div class='ocr_carea' id='block_1_9' title="bbox 405 744 1988 817">
    <p class='ocr_par' dir='ltr' id='par_1_9' title="bbox 405 744 1988 817">
     <span class='ocr_line' id='line_1_9' title="bbox 405 744 1988 817; baseline -0.003 -17"><span class='ocrx_word' id='word_1_38' title='bbox 405 745 462 800; x_wconf 89' lang='lat' dir='ltr'><strong>in</strong></span> <span class='ocrx_word' id='word_1_39' title='bbox 522 762 685 801; x_wconf 88' lang='lat' dir='ltr'><strong>suum</strong></span> <span class='ocrx_word' id='word_1_40' title='bbox 741 747 975 817; x_wconf 87' lang='lat' dir='ltr'><strong>quisque</strong></span> <span class='ocrx_word' id='word_1_41' title='bbox 1025 762 1196 816; x_wconf 81' lang='lat' dir='ltr'><strong>genus</strong></span> <span class='ocrx_word' id='word_1_42' title='bbox 1239 745 1634 816; x_wconf 85' lang='lat' dir='ltr'><strong>propriumque</strong></span> <span class='ocrx_word' id='word_1_43' title='bbox 1683 744 1988 808; x_wconf 84' lang='lat' dir='ltr'><strong>solvuntur,</strong></span> 
     </span>
    </p>
   </div>
   <div class='ocr_carea' id='block_1_10' title="bbox 403 835 1983 908">
    <p class='ocr_par' dir='ltr' id='par_1_10' title="bbox 403 835 1983 908">
     <span class='ocr_line' id='line_1_10' title="bbox 403 835 1983 908; baseline -0.003 -16"><span class='ocrx_word' id='word_1_44' title='bbox 403 839 589 908; x_wconf 81' lang='lat' dir='ltr'><strong>perire</strong></span> <span class='ocrx_word' id='word_1_45' title='bbox 642 853 866 893; x_wconf 87' lang='lat' dir='ltr'><strong>necesse</strong></span> <span class='ocrx_word' id='word_1_46' title='bbox 914 847 1020 892; x_wconf 90' lang='lat' dir='ltr'><strong>est.</strong></span> <span class='ocrx_word' id='word_1_47' title='bbox 1067 838 1120 892; x_wconf 92' lang='lat' dir='ltr'><strong>ld</strong></span> <span class='ocrx_word' id='word_1_48' title='bbox 1167 837 1314 908; x_wconf 90' lang='lat' dir='ltr'><strong>quod</strong></span> <span class='ocrx_word' id='word_1_49' title='bbox 1360 837 1405 891; x_wconf 89' lang='lat' dir='ltr'><strong>si</strong></span> <span class='ocrx_word' id='word_1_50' title='bbox 1447 837 1615 891; x_wconf 89' lang='lat' dir='ltr'><strong>semel</strong></span> <span class='ocrx_word' id='word_1_51' title='bbox 1645 835 1983 905; x_wconf 83' lang='lat' dir='ltr'><strong>probabitur,</strong></span> 
     </span>
    </p>
   </div>
   <div class='ocr_carea' id='block_1_11' title="bbox 405 927 1988 994">
    <p class='ocr_par' dir='ltr' id='par_1_11' title="bbox 405 927 1988 994">
     <span class='ocr_line' id='line_1_11' title="bbox 405 927 1988 994; baseline -0.004 -8"><span class='ocrx_word' id='word_1_52' title='bbox 405 931 574 986; x_wconf 86' lang='lat' dir='ltr'><strong>morti</strong></span> <span class='ocrx_word' id='word_1_53' title='bbox 623 940 770 985; x_wconf 87' lang='lat' dir='ltr'><strong>certe</strong></span> <span class='ocrx_word' id='word_1_54' title='bbox 801 931 1124 994; x_wconf 81' lang='lat' dir='ltr'><strong>obnoxium,</strong></span> <span class='ocrx_word' id='word_1_55' title='bbox 1173 945 1280 982; x_wconf 84' lang='lat' dir='ltr'><strong>non</strong></span> <span class='ocrx_word' id='word_1_56' title='bbox 1325 929 1687 982; x_wconf 85' lang='lat' dir='ltr'><strong>immortalem</strong></span> <span class='ocrx_word' id='word_1_57' title='bbox 1743 927 1988 980; x_wconf 92' lang='lat' dir='ltr'><strong>animum</strong></span> 
     </span>
    </p>
   </div>
   <div class='ocr_carea' id='block_1_12' title="bbox 405 1019 1988 1094">
    <p class='ocr_par' dir='ltr' id='par_1_12' title="bbox 405 1019 1988 1094">
     <span class='ocr_line' id='line_1_12' title="bbox 405 1019 1988 1094; baseline -0.005 -16"><span class='ocrx_word' id='word_1_58' title='bbox 405 1039 528 1080; x_wconf 90' lang='lat' dir='ltr'><strong>esse</strong></span> <span class='ocrx_word' id='word_1_59' title='bbox 559 1039 848 1094; x_wconf 89' lang='lat' dir='ltr'><strong>ponemus.</strong></span> <span class='ocrx_word' id='word_1_60' title='bbox 888 1023 1100 1077; x_wconf 87' lang='lat' dir='ltr'><strong>Etenim</strong></span> <span class='ocrx_word' id='word_1_61' title='bbox 1163 1023 1205 1076; x_wconf 87' lang='lat' dir='ltr'><strong>si</strong></span> <span class='ocrx_word' id='word_1_62' title='bbox 1250 1037 1349 1091; x_wconf 88' lang='lat' dir='ltr'><strong>pro</strong></span> <span class='ocrx_word' id='word_1_63' title='bbox 1393 1019 1649 1075; x_wconf 81' lang='lat' dir='ltr'><strong>confesso</strong></span> <span class='ocrx_word' id='word_1_64' title='bbox 1701 1019 1988 1079; x_wconf 87' lang='lat' dir='ltr'><strong>habeatur,</strong></span> 
     </span>
    </p>
   </div>
   <div class='ocr_carea' id='block_1_13' title="bbox 407 1111 1986 1182">
    <p class='ocr_par' dir='ltr' id='par_1_13' title="bbox 407 1111 1986 1182">
     <span class='ocr_line' id='line_1_13' title="bbox 407 1111 1986 1182; baseline -0.007 -11"><span class='ocrx_word' id='word_1_65' title='bbox 407 1115 590 1171; x_wconf 85' lang='lat' dir='ltr'><strong>hacin</strong></span> <span class='ocrx_word' id='word_1_66' title='bbox 620 1131 802 1169; x_wconf 88' lang='lat' dir='ltr'><strong>rerum</strong></span> <span class='ocrx_word' id='word_1_67' title='bbox 833 1126 1052 1176; x_wconf 91' lang='lat' dir='ltr'><strong>natura,</strong></span> <span class='ocrx_word' id='word_1_68' title='bbox 1079 1112 1226 1182; x_wconf 84' lang='lat' dir='ltr'><strong>quod</strong></span> <span class='ocrx_word' id='word_1_69' title='bbox 1259 1111 1538 1166; x_wconf 87' lang='lat' dir='ltr'><strong>contrario</strong></span> <span class='ocrx_word' id='word_1_70' title='bbox 1568 1118 1786 1174; x_wconf 92' lang='lat' dir='ltr'><strong>careat,</strong></span> <span class='ocrx_word' id='word_1_71' title='bbox 1827 1124 1986 1179; x_wconf 90' lang='lat' dir='ltr'><strong>pror-</strong></span> 
     </span>
    </p>
   </div>
   <div class='ocr_carea' id='block_1_14' title="bbox 407 1201 1992 1276">
    <p class='ocr_par' dir='ltr' id='par_1_14' title="bbox 407 1201 1992 1276">
     <span class='ocr_line' id='line_1_14' title="bbox 407 1201 1992 1276; baseline -0.008 -13"><span class='ocrx_word' id='word_1_72' title='bbox 407 1223 504 1264; x_wconf 86' lang='lat' dir='ltr'><strong>sus</strong></span> <span class='ocrx_word' id='word_1_73' title='bbox 535 1223 656 1262; x_wconf 88' lang='lat' dir='ltr'><strong>esse</strong></span> <span class='ocrx_word' id='word_1_74' title='bbox 688 1207 846 1273; x_wconf 84' lang='lat' dir='ltr'><strong>nihil,</strong></span> <span class='ocrx_word' id='word_1_75' title='bbox 887 1222 1117 1276; x_wconf 83' lang='lat' dir='ltr'><strong>quaeque</strong></span> <span class='ocrx_word' id='word_1_76' title='bbox 1164 1204 1350 1257; x_wconf 90' lang='lat' dir='ltr'><strong>mundi</strong></span> <span class='ocrx_word' id='word_1_77' title='bbox 1386 1203 1593 1256; x_wconf 75' lang='lat' dir='ltr'><strong>ambitu</strong></span> <span class='ocrx_word' id='word_1_78' title='bbox 1638 1201 1992 1254; x_wconf 81' lang='lat' dir='ltr'><strong>continentur</strong></span> 
     </span>
    </p>
   </div>
   <div class='ocr_carea' id='block_1_15' title="bbox 407 1290 1990 1366">
    <p class='ocr_par' dir='ltr' id='par_1_15' title="bbox 407 1290 1990 1366">
     <span class='ocr_line' id='line_1_15' title="bbox 407 1290 1990 1366; baseline -0.006 -13"><span class='ocrx_word' id='word_1_79' title='bbox 407 1299 628 1365; x_wconf 89' lang='lat' dir='ltr'><strong>omnia,</strong></span> <span class='ocrx_word' id='word_1_80' title='bbox 675 1313 742 1352; x_wconf 82' lang='lat' dir='ltr'><strong>ex</strong></span> <span class='ocrx_word' id='word_1_81' title='bbox 791 1298 1040 1352; x_wconf 75' lang='lat' dir='ltr'><strong>adversis</strong></span> <span class='ocrx_word' id='word_1_82' title='bbox 1099 1295 1580 1366; x_wconf 77' lang='lat' dir='ltr'><strong>pugnantibusque</strong></span> <span class='ocrx_word' id='word_1_83' title='bbox 1634 1291 1845 1345; x_wconf 90' lang='lat' dir='ltr'><strong>naturis</strong></span> <span class='ocrx_word' id='word_1_84' title='bbox 1896 1290 1990 1344; x_wconf 90' lang='lat' dir='ltr'><strong>Dei</strong></span> 
     </span>
    </p>
   </div>
   <div class='ocr_carea' id='block_1_16' title="bbox 411 1381 1991 1458">
    <p class='ocr_par' dir='ltr' id='par_1_16' title="bbox 411 1381 1991 1458">
     <span class='ocr_line' id='line_1_16' title="bbox 411 1381 1991 1458; baseline -0.006 -14"><span class='ocrx_word' id='word_1_85' title='bbox 411 1404 580 1445; x_wconf 85' lang='lat' dir='ltr'><strong>manu</strong></span> <span class='ocrx_word' id='word_1_86' title='bbox 629 1396 928 1458; x_wconf 85' lang='lat' dir='ltr'><strong>temperata</strong></span> <span class='ocrx_word' id='word_1_87' title='bbox 959 1402 1103 1450; x_wconf 88' lang='lat' dir='ltr'><strong>esse,</strong></span> <span class='ocrx_word' id='word_1_88' title='bbox 1140 1387 1234 1455; x_wconf 85' lang='lat' dir='ltr'><strong>qui</strong></span> <span class='ocrx_word' id='word_1_89' title='bbox 1282 1393 1524 1439; x_wconf 89' lang='lat' dir='ltr'><strong>mutuam</strong></span> <span class='ocrx_word' id='word_1_90' title='bbox 1563 1383 1666 1436; x_wconf 89' lang='lat' dir='ltr'><strong>illis</strong></span> <span class='ocrx_word' id='word_1_91' title='bbox 1691 1381 1991 1436; x_wconf 86' lang='lat' dir='ltr'><strong>amicitiam</strong></span> 
     </span>
    </p>
   </div>
   <div class='ocr_carea' id='block_1_17' title="bbox 408 1474 1989 1547">
    <p class='ocr_par' dir='ltr' id='par_1_17' title="bbox 408 1474 1989 1547">
     <span class='ocr_line' id='line_1_17' title="bbox 408 1474 1989 1547; baseline -0.005 -11"><span class='ocrx_word' id='word_1_92' title='bbox 408 1489 464 1536; x_wconf 89' lang='lat' dir='ltr'><strong>et</strong></span> <span class='ocrx_word' id='word_1_93' title='bbox 509 1480 956 1535; x_wconf 87' lang='lat' dir='ltr'><strong>communionem</strong></span> <span class='ocrx_word' id='word_1_94' title='bbox 1019 1478 1298 1547; x_wconf 86' lang='lat' dir='ltr'><strong>injccerit,</strong></span> <span class='ocrx_word' id='word_1_95' title='bbox 1349 1485 1409 1530; x_wconf 92' lang='lat' dir='ltr'><strong>ut</strong></span> <span class='ocrx_word' id='word_1_96' title='bbox 1465 1475 1611 1530; x_wconf 86' lang='lat' dir='ltr'><strong>sicco</strong></span> <span class='ocrx_word' id='word_1_97' title='bbox 1649 1485 1703 1529; x_wconf 91' lang='lat' dir='ltr'><strong>et</strong></span> <span class='ocrx_word' id='word_1_98' title='bbox 1743 1474 1989 1538; x_wconf 87' lang='lat' dir='ltr'><strong>humido,</strong></span> 
     </span>
    </p>
   </div>
   <div class='ocr_carea' id='block_1_18' title="bbox 406 1564 1991 1640">
    <p class='ocr_par' dir='ltr' id='par_1_18' title="bbox 406 1564 1991 1640">
     <span class='ocr_line' id='line_1_18' title="bbox 406 1564 1991 1640; baseline -0.006 -12"><span class='ocrx_word' id='word_1_99' title='bbox 406 1571 590 1628; x_wconf 88' lang='lat' dir='ltr'><strong>calido</strong></span> <span class='ocrx_word' id='word_1_100' title='bbox 623 1581 676 1625; x_wconf 88' lang='lat' dir='ltr'><strong>et</strong></span> <span class='ocrx_word' id='word_1_101' title='bbox 709 1570 926 1640; x_wconf 73' lang='lat' dir='ltr'><strong>frigido,</strong></span> <span class='ocrx_word' id='word_1_102' title='bbox 963 1569 1114 1638; x_wconf 81' lang='lat' dir='ltr'><strong>gravi</strong></span> <span class='ocrx_word' id='word_1_103' title='bbox 1154 1576 1207 1621; x_wconf 92' lang='lat' dir='ltr'><strong>et</strong></span> <span class='ocrx_word' id='word_1_104' title='bbox 1243 1567 1367 1631; x_wconf 89' lang='lat' dir='ltr'><strong>levi,</strong></span> <span class='ocrx_word' id='word_1_105' title='bbox 1402 1567 1526 1620; x_wconf 90' lang='lat' dir='ltr'><strong>albo</strong></span> <span class='ocrx_word' id='word_1_106' title='bbox 1556 1575 1609 1620; x_wconf 89' lang='lat' dir='ltr'><strong>et</strong></span> <span class='ocrx_word' id='word_1_107' title='bbox 1637 1567 1813 1636; x_wconf 87' lang='lat' dir='ltr'><strong>nigro,</strong></span> <span class='ocrx_word' id='word_1_108' title='bbox 1847 1564 1991 1619; x_wconf 89' lang='lat' dir='ltr'><strong>dulci</strong></span> 
     </span>
    </p>
   </div>
   <div class='ocr_carea' id='block_1_19' title="bbox 407 1659 1991 1730">
    <p class='ocr_par' dir='ltr' id='par_1_19' title="bbox 407 1659 1991 1730">
     <span class='ocr_line' id='line_1_19' title="bbox 407 1659 1991 1730; baseline -0.004 -11"><span class='ocrx_word' id='word_1_109' title='bbox 407 1671 465 1719; x_wconf 88' lang='lat' dir='ltr'><strong>et</strong></span> <span class='ocrx_word' id='word_1_110' title='bbox 493 1663 713 1730; x_wconf 91' lang='lat' dir='ltr'><strong>acerbo,</strong></span> <span class='ocrx_word' id='word_1_111' title='bbox 746 1663 884 1717; x_wconf 91' lang='lat' dir='ltr'><strong>duro</strong></span> <span class='ocrx_word' id='word_1_112' title='bbox 913 1671 966 1715; x_wconf 94' lang='lat' dir='ltr'><strong>et</strong></span> <span class='ocrx_word' id='word_1_113' title='bbox 993 1661 1167 1725; x_wconf 91' lang='lat' dir='ltr'><strong>molli,</strong></span> <span class='ocrx_word' id='word_1_114' title='bbox 1206 1670 1416 1714; x_wconf 79' lang='lat' dir='ltr'><strong>natura:</strong></span> <span class='ocrx_word' id='word_1_115' title='bbox 1460 1659 1696 1728; x_wconf 90' lang='lat' dir='ltr'><strong>denique</strong></span> <span class='ocrx_word' id='word_1_116' title='bbox 1749 1659 1991 1729; x_wconf 88' lang='lat' dir='ltr'><strong>patiendi</strong></span> 
     </span>
    </p>
   </div>
   <div class='ocr_carea' id='block_1_20' title="bbox 408 1750 1989 1825">
    <p class='ocr_par' dir='ltr' id='par_1_20' title="bbox 408 1750 1989 1825">
     <span class='ocr_line' id='line_1_20' title="bbox 408 1750 1989 1825; baseline -0.004 -14"><span class='ocrx_word' id='word_1_117' title='bbox 408 1754 643 1825; x_wconf 80' lang='lat' dir='ltr'><strong>experti,</strong></span> <span class='ocrx_word' id='word_1_118' title='bbox 691 1763 746 1809; x_wconf 89' lang='lat' dir='ltr'><strong>et</strong></span> <span class='ocrx_word' id='word_1_119' title='bbox 797 1763 1004 1807; x_wconf 73' lang='lat' dir='ltr'><strong>natura:</strong></span> <span class='ocrx_word' id='word_1_120' title='bbox 1032 1755 1098 1806; x_wconf 77' lang='lat' dir='ltr'><strong>ad</strong></span> <span class='ocrx_word' id='word_1_121' title='bbox 1155 1751 1468 1821; x_wconf 84' lang='lat' dir='ltr'><strong>patiendum</strong></span> <span class='ocrx_word' id='word_1_122' title='bbox 1511 1759 1677 1820; x_wconf 64' lang='lat' dir='ltr'><strong>apta},</strong></span> <span class='ocrx_word' id='word_1_123' title='bbox 1709 1766 1882 1820; x_wconf 85' lang='lat' dir='ltr'><strong>eaque</strong></span> <span class='ocrx_word' id='word_1_124' title='bbox 1939 1750 1989 1804; x_wconf 92' lang='lat' dir='ltr'><strong>id</strong></span> 
     </span>
    </p>
   </div>
   <div class='ocr_carea' id='block_1_21' title="bbox 2097 554 3674 634">
    <p class='ocr_par' dir='ltr' id='par_1_21' title="bbox 2097 554 3674 634">
     <span class='ocr_line' id='line_1_21' title="bbox 2097 554 3674 634; baseline 0.004 -26"><span class='ocrx_word' id='word_1_125' title='bbox 2097 554 2276 620; x_wconf 86' lang='grc' dir='ltr'>τοῦτο,</span> <span class='ocrx_word' id='word_1_126' title='bbox 2303 555 2547 629; x_wconf 73' lang='grc' dir='ltr'>φθαρτὴν</span> <span class='ocrx_word' id='word_1_127' title='bbox 2571 556 2977 627; x_wconf 67' lang='grc' dir='ltr'>ἀποφανοῦμεν,</span> <span class='ocrx_word' id='word_1_128' title='bbox 3006 556 3118 610; x_wconf 85' lang='grc' dir='ltr'>ἀλλ’</span> <span class='ocrx_word' id='word_1_129' title='bbox 3157 558 3260 610; x_wconf 76' lang='grc' dir='ltr'><strong>οὐκ</strong></span> <span class='ocrx_word' id='word_1_130' title='bbox 3294 557 3556 612; x_wconf 62' lang='grc' dir='ltr'>ἀθάνατον</span> <span class='ocrx_word' id='word_1_131' title='bbox 3584 563 3674 634; x_wconf 74' lang='grc' dir='ltr'><strong>τὴν</strong></span> 
     </span>
    </p>
   </div>
   <div class='ocr_carea' id='block_1_22' title="bbox 2095 647 3671 725">
    <p class='ocr_par' dir='ltr' id='par_1_22' title="bbox 2095 647 3671 725">
     <span class='ocr_line' id='line_1_22' title="bbox 2095 647 3671 725; baseline 0.005 -26"><span class='ocrx_word' id='word_1_132' title='bbox 2095 647 2294 721; x_wconf 73' lang='grc' dir='ltr'>ψυχήν.</span> <span class='ocrx_word' id='word_1_133' title='bbox 2327 651 2388 702; x_wconf 83' lang='grc' dir='ltr'><strong>ΕΞ</strong></span> <span class='ocrx_word' id='word_1_134' title='bbox 2415 650 2522 719; x_wconf 81' lang='grc' dir='ltr'><strong>γὰρ</strong></span> <span class='ocrx_word' id='word_1_135' title='bbox 2550 648 2708 701; x_wconf 90' lang='grc' dir='ltr'>τοῦτο</span> <span class='ocrx_word' id='word_1_136' title='bbox 2758 649 3123 718; x_wconf 66' lang='grc' dir='ltr'><strong>ὁμολογεῖται,</strong></span> <span class='ocrx_word' id='word_1_137' title='bbox 3182 650 3350 719; x_wconf 77' lang='grc' dir='ltr'>μηδὲν</span> <span class='ocrx_word' id='word_1_138' title='bbox 3378 652 3483 703; x_wconf 83' lang='grc' dir='ltr'>τῶν</span> <span class='ocrx_word' id='word_1_139' title='bbox 3528 654 3582 706; x_wconf 84' lang='grc' dir='ltr'><strong>ἐν</strong></span> <span class='ocrx_word' id='word_1_140' title='bbox 3609 658 3671 725; x_wconf 80' lang='grc' dir='ltr'>τῇ</span> 
     </span>
    </p>
   </div>
   <div class='ocr_carea' id='block_1_23' title="bbox 2094 737 3674 816">
    <p class='ocr_par' dir='ltr' id='par_1_23' title="bbox 2094 737 3674 816">
     <span class='ocr_line' id='line_1_23' title="bbox 2094 737 3674 816; baseline 0.003 -23"><span class='ocrx_word' id='word_1_141' title='bbox 2094 740 2254 810; x_wconf 77' lang='grc' dir='ltr'>φύσει</span> <span class='ocrx_word' id='word_1_142' title='bbox 2289 740 2459 793; x_wconf 73' lang='grc' dir='ltr'>ὄντων</span> <span class='ocrx_word' id='word_1_143' title='bbox 2508 741 2636 794; x_wconf 81' lang='grc' dir='ltr'>ἄνευ</span> <span class='ocrx_word' id='word_1_144' title='bbox 2691 740 2784 793; x_wconf 88' lang='grc' dir='ltr'><strong>τοῦ</strong></span> <span class='ocrx_word' id='word_1_145' title='bbox 2841 741 3086 794; x_wconf 78' lang='grc' dir='ltr'>ἐναντίου</span> <span class='ocrx_word' id='word_1_146' title='bbox 3117 737 3282 803; x_wconf 80' lang='grc' dir='ltr'>εἶναι,</span> <span class='ocrx_word' id='word_1_147' title='bbox 3313 742 3384 794; x_wconf 69' lang='grc' dir='ltr'><strong>τά.</strong></span> <span class='ocrx_word' id='word_1_148' title='bbox 3429 761 3485 796; x_wconf 85' lang='grc' dir='ltr'><strong>τε</strong></span> <span class='ocrx_word' id='word_1_149' title='bbox 3519 747 3571 797; x_wconf 86' lang='grc' dir='ltr'><strong>ἐν</strong></span> <span class='ocrx_word' id='word_1_150' title='bbox 3601 746 3674 816; x_wconf 82' lang='grc' dir='ltr'>τῷ</span> 
     </span>
    </p>
   </div>
   <div class='ocr_carea' id='block_1_24' title="bbox 2093 831 3669 902">
    <p class='ocr_par' dir='ltr' id='par_1_24' title="bbox 2093 831 3669 902">
     <span class='ocr_line' id='line_1_24' title="bbox 2093 831 3669 902; baseline 0.003 -17"><span class='ocrx_word' id='word_1_151' title='bbox 2093 833 2283 902; x_wconf 75' lang='grc' dir='ltr'>κόσμῳ</span> <span class='ocrx_word' id='word_1_152' title='bbox 2322 834 2385 884; x_wconf 82' lang='grc' dir='ltr'><strong>ἐκ</strong></span> <span class='ocrx_word' id='word_1_153' title='bbox 2415 831 2512 901; x_wconf 73' lang='grc' dir='ltr'>τῆς</span> <span class='ocrx_word' id='word_1_154' title='bbox 2541 831 2649 885; x_wconf 81' lang='grc' dir='ltr'>τῶν</span> <span class='ocrx_word' id='word_1_155' title='bbox 2692 833 2949 885; x_wconf 83' lang='grc' dir='ltr'>ἐναντίων</span> <span class='ocrx_word' id='word_1_156' title='bbox 2980 832 3195 900; x_wconf 75' lang='grc' dir='ltr'>φύσεως</span> <span class='ocrx_word' id='word_1_157' title='bbox 3231 834 3339 886; x_wconf 72' lang='grc' dir='ltr'>ὑπὸ</span> <span class='ocrx_word' id='word_1_158' title='bbox 3369 834 3501 888; x_wconf 79' lang='grc' dir='ltr'>Θεοῦ</span> <span class='ocrx_word' id='word_1_159' title='bbox 3523 854 3669 890; x_wconf 81' lang='grc' dir='ltr'>κεκο-</span> 
     </span>
    </p>
   </div>
   <div class='ocr_carea' id='block_1_25' title="bbox 2093 923 3672 997">
    <p class='ocr_par' dir='ltr' id='par_1_25' title="bbox 2093 923 3672 997">
     <span class='ocr_line' id='line_1_25' title="bbox 2093 923 3672 997; baseline 0.004 -21"><span class='ocrx_word' id='word_1_160' title='bbox 2093 923 2354 995; x_wconf 78' lang='grc' dir='ltr'>σμῆσθαι,</span> <span class='ocrx_word' id='word_1_161' title='bbox 2394 924 2576 992; x_wconf 80' lang='grc' dir='ltr'>φιλίαν</span> <span class='ocrx_word' id='word_1_162' title='bbox 2601 925 2783 987; x_wconf 80' lang='grc' dir='ltr'>αὐτοῖς</span> <span class='ocrx_word' id='word_1_163' title='bbox 2817 925 2912 977; x_wconf 71' lang='grc' dir='ltr'><strong>καὶ</strong></span> <span class='ocrx_word' id='word_1_164' title='bbox 2953 925 3242 978; x_wconf 75' lang='grc' dir='ltr'>κοινωνίαν</span> <span class='ocrx_word' id='word_1_165' title='bbox 3285 927 3672 997; x_wconf 69' lang='grc' dir='ltr'><strong>ἐμποιήσαντος</strong></span> 
     </span>
    </p>
   </div>
   <div class='ocr_carea' id='block_1_26' title="bbox 2092 1013 3671 1092">
    <p class='ocr_par' dir='ltr' id='par_1_26' title="bbox 2092 1013 3671 1092">
     <span class='ocr_line' id='line_1_26' title="bbox 2092 1013 3671 1092; baseline 0.003 -21"><span class='ocrx_word' id='word_1_166' title='bbox 2092 1017 2281 1080; x_wconf 77' lang='grc' dir='ltr'>αὑτοῦ,</span> <span class='ocrx_word' id='word_1_167' title='bbox 2312 1013 2421 1069; x_wconf 73' lang='grc' dir='ltr'>οἷον</span> <span class='ocrx_word' id='word_1_168' title='bbox 2469 1016 2545 1087; x_wconf 77' lang='grc' dir='ltr'>τῷ</span> <span class='ocrx_word' id='word_1_169' title='bbox 2585 1016 2733 1087; x_wconf 80' lang='grc' dir='ltr'><strong>ξηρῷ</strong></span> <span class='ocrx_word' id='word_1_170' title='bbox 2765 1018 2902 1088; x_wconf 71' lang='grc' dir='ltr'>πρὸς</span> <span class='ocrx_word' id='word_1_171' title='bbox 2931 1017 2990 1069; x_wconf 79' lang='grc' dir='ltr'><strong>τὸ</strong></span> <span class='ocrx_word' id='word_1_172' title='bbox 3022 1017 3188 1088; x_wconf 69' lang='grc' dir='ltr'>ὑγρὸν</span> <span class='ocrx_word' id='word_1_173' title='bbox 3210 1061 3224 1083; x_wconf 83' lang='grc'><strong>,</strong></span> <span class='ocrx_word' id='word_1_174' title='bbox 3259 1018 3356 1071; x_wconf 76' lang='grc' dir='ltr'><strong>καὶ</strong></span> <span class='ocrx_word' id='word_1_175' title='bbox 3386 1019 3465 1089; x_wconf 78' lang='grc' dir='ltr'>τῷ</span> <span class='ocrx_word' id='word_1_176' title='bbox 3498 1020 3671 1092; x_wconf 80' lang='grc' dir='ltr'>θερμῴ</span> 
     </span>
    </p>
   </div>
   <div class='ocr_carea' id='block_1_27' title="bbox 2096 1109 3672 1186">
    <p class='ocr_par' dir='ltr' id='par_1_27' title="bbox 2096 1109 3672 1186">
     <span class='ocr_line' id='line_1_27' title="bbox 2096 1109 3672 1186; baseline 0.002 -23"><span class='ocrx_word' id='word_1_177' title='bbox 2096 1112 2230 1184; x_wconf 71' lang='grc' dir='ltr'>πρὸς</span> <span class='ocrx_word' id='word_1_178' title='bbox 2264 1111 2324 1163; x_wconf 78' lang='grc' dir='ltr'><strong>τὸ</strong></span> <span class='ocrx_word' id='word_1_179' title='bbox 2353 1111 2578 1181; x_wconf 70' lang='grc' dir='ltr'>ψυχρὸν,</span> <span class='ocrx_word' id='word_1_180' title='bbox 2603 1109 2681 1180; x_wconf 80' lang='grc' dir='ltr'>τῷ</span> <span class='ocrx_word' id='word_1_181' title='bbox 2704 1127 2763 1161; x_wconf 88' lang='grc' dir='ltr'><strong>τε</strong></span> <span class='ocrx_word' id='word_1_182' title='bbox 2793 1109 2950 1182; x_wconf 75' lang='grc' dir='ltr'><strong>βαρεῖ</strong></span> <span class='ocrx_word' id='word_1_183' title='bbox 2983 1111 3118 1180; x_wconf 75' lang='grc' dir='ltr'>πρὸς</span> <span class='ocrx_word' id='word_1_184' title='bbox 3153 1111 3216 1163; x_wconf 77' lang='grc' dir='ltr'><strong>τὸ</strong></span> <span class='ocrx_word' id='word_1_185' title='bbox 3251 1110 3474 1179; x_wconf 58' lang='grc' dir='ltr'>κοῦφον,</span> <span class='ocrx_word' id='word_1_186' title='bbox 3509 1113 3672 1186; x_wconf 84' lang='grc' dir='ltr'>λευκῷ</span> 
     </span>
    </p>
   </div>
   <div class='ocr_carea' id='block_1_28' title="bbox 2094 1201 3670 1276">
    <p class='ocr_par' dir='ltr' id='par_1_28' title="bbox 2094 1201 3670 1276">
     <span class='ocr_line' id='line_1_28' title="bbox 2094 1201 3670 1276; baseline -0.001 -21"><span class='ocrx_word' id='word_1_187' title='bbox 2094 1219 2153 1255; x_wconf 88' lang='grc' dir='ltr'><strong>τε</strong></span> <span class='ocrx_word' id='word_1_188' title='bbox 2188 1201 2322 1272; x_wconf 72' lang='grc' dir='ltr'>πρὸς</span> <span class='ocrx_word' id='word_1_189' title='bbox 2347 1203 2404 1254; x_wconf 69' lang='grc' dir='ltr'>τὸ</span> <span class='ocrx_word' id='word_1_190' title='bbox 2431 1202 2617 1272; x_wconf 88' lang='grc' dir='ltr'>μέλαν,</span> <span class='ocrx_word' id='word_1_191' title='bbox 2648 1203 2841 1270; x_wconf 88' lang='grc' dir='ltr'>γλυκεῖ</span> <span class='ocrx_word' id='word_1_192' title='bbox 2867 1220 2926 1254; x_wconf 90' lang='grc' dir='ltr'><strong>τε</strong></span> <span class='ocrx_word' id='word_1_193' title='bbox 2947 1203 3080 1274; x_wconf 80' lang='grc' dir='ltr'>πρὸς</span> <span class='ocrx_word' id='word_1_194' title='bbox 3113 1203 3176 1255; x_wconf 78' lang='grc' dir='ltr'>τὸ</span> <span class='ocrx_word' id='word_1_195' title='bbox 3214 1203 3433 1274; x_wconf 78' lang='grc' dir='ltr'>πικρὸν,</span> <span class='ocrx_word' id='word_1_196' title='bbox 3467 1204 3670 1276; x_wconf 78' lang='grc' dir='ltr'>σκληρῷ</span> 
     </span>
    </p>
   </div>
   <div class='ocr_carea' id='block_1_29' title="bbox 2092 1293 3669 1366">
    <p class='ocr_par' dir='ltr' id='par_1_29' title="bbox 2092 1293 3669 1366">
     <span class='ocr_line' id='line_1_29' title="bbox 2092 1293 3669 1366; baseline 0.001 -19"><span class='ocrx_word' id='word_1_197' title='bbox 2092 1311 2152 1347; x_wconf 89' lang='grc' dir='ltr'><strong>τε</strong></span> <span class='ocrx_word' id='word_1_198' title='bbox 2185 1294 2317 1365; x_wconf 61' lang='grc' dir='ltr'>πρδς</span> <span class='ocrx_word' id='word_1_199' title='bbox 2337 1293 2396 1346; x_wconf 75' lang='grc' dir='ltr'>τὸ</span> <span class='ocrx_word' id='word_1_200' title='bbox 2429 1293 2668 1364; x_wconf 71' lang='grc' dir='ltr'>μαλακὸν</span> <span class='ocrx_word' id='word_1_201' title='bbox 2689 1294 3083 1364; x_wconf 67' lang='grc' dir='ltr'>(41),κα1.π5ἱσι</span> <span class='ocrx_word' id='word_1_202' title='bbox 3107 1298 3224 1358; x_wconf 81' lang='grc' dir='ltr'>τοῖς</span> <span class='ocrx_word' id='word_1_203' title='bbox 3257 1295 3523 1359; x_wconf 75' lang='grc' dir='ltr'>τοιούτοις</span> <span class='ocrx_word' id='word_1_204' title='bbox 3553 1296 3669 1366; x_wconf 83' lang='grc' dir='ltr'>μίαν</span> 
     </span>
    </p>
   </div>
   <div class='ocr_carea' id='block_1_30' title="bbox 2093 1383 3664 1458">
    <p class='ocr_par' dir='ltr' id='par_1_30' title="bbox 2093 1383 3664 1458">
     <span class='ocr_line' id='line_1_30' title="bbox 2093 1383 3664 1458; baseline 0.001 -20"><span class='ocrx_word' id='word_1_205' title='bbox 2093 1384 2258 1454; x_wconf 85' lang='grc' dir='ltr'>ἄλλην</span> <span class='ocrx_word' id='word_1_206' title='bbox 2297 1383 2510 1436; x_wconf 72' lang='grc' dir='ltr'>πάντων</span> <span class='ocrx_word' id='word_1_207' title='bbox 2548 1386 2850 1447; x_wconf 72' lang='grc' dir='ltr'>κοινωνίαν,</span> <span class='ocrx_word' id='word_1_208' title='bbox 2882 1389 2947 1456; x_wconf 82' lang='grc' dir='ltr'>τῇ</span> <span class='ocrx_word' id='word_1_209' title='bbox 2997 1403 3054 1439; x_wconf 90' lang='grc' dir='ltr'><strong>τε</strong></span> <span class='ocrx_word' id='word_1_210' title='bbox 3089 1385 3297 1438; x_wconf 80' lang='grc' dir='ltr'>ἀπαθεῖ</span> <span class='ocrx_word' id='word_1_211' title='bbox 3349 1387 3505 1457; x_wconf 64' lang='grc' dir='ltr'>οὐσία</span> <span class='ocrx_word' id='word_1_212' title='bbox 3538 1387 3664 1458; x_wconf 76' lang='grc' dir='ltr'>πρδς</span> 
     </span>
    </p>
   </div>
   <div class='ocr_carea' id='block_1_31' title="bbox 2091 1474 3668 1549">
    <p class='ocr_par' dir='ltr' id='par_1_31' title="bbox 2091 1474 3668 1549">
     <span class='ocr_line' id='line_1_31' title="bbox 2091 1474 3668 1549; baseline 0.002 -22"><span class='ocrx_word' id='word_1_213' title='bbox 2091 1475 2188 1546; x_wconf 79' lang='grc' dir='ltr'><strong>τὴν</strong></span> <span class='ocrx_word' id='word_1_214' title='bbox 2225 1474 2505 1546; x_wconf 75' lang='grc' dir='ltr'>παθητὴν·</span> <span class='ocrx_word' id='word_1_215' title='bbox 2557 1476 2623 1528; x_wconf 74' lang='grc' dir='ltr'><strong>τὰ</strong></span> <span class='ocrx_word' id='word_1_216' title='bbox 2657 1477 2713 1530; x_wconf 82' lang='grc' dir='ltr'>δὲ</span> <span class='ocrx_word' id='word_1_217' title='bbox 2759 1477 3029 1548; x_wconf 78' lang='grc' dir='ltr'>κραθέντα</span> <span class='ocrx_word' id='word_1_218' title='bbox 3070 1479 3165 1530; x_wconf 76' lang='grc' dir='ltr'><strong>καὶ</strong></span> <span class='ocrx_word' id='word_1_219' title='bbox 3218 1478 3478 1548; x_wconf 74' lang='grc' dir='ltr'>μιχθέντα</span> <span class='ocrx_word' id='word_1_220' title='bbox 3517 1496 3668 1549; x_wconf 81' lang='grc' dir='ltr'>χωρι-</span> 
     </span>
    </p>
   </div>
   <div class='ocr_carea' id='block_1_32' title="bbox 2095 1568 3665 1642">
    <p class='ocr_par' dir='ltr' id='par_1_32' title="bbox 2095 1568 3665 1642">
     <span class='ocr_line' id='line_1_32' title="bbox 2095 1568 3665 1642; baseline 0.001 -21"><span class='ocrx_word' id='word_1_221' title='bbox 2095 1569 2228 1637; x_wconf 78' lang='grc' dir='ltr'>σμὸν</span> <span class='ocrx_word' id='word_1_222' title='bbox 2257 1568 2346 1622; x_wconf 76' lang='grc' dir='ltr'>τὸν</span> <span class='ocrx_word' id='word_1_223' title='bbox 2378 1570 2470 1622; x_wconf 83' lang='grc' dir='ltr'><strong>ἀπ’</strong></span> <span class='ocrx_word' id='word_1_224' title='bbox 2499 1569 2743 1641; x_wconf 80' lang='grc' dir='ltr'>ἀλλήλων</span> <span class='ocrx_word' id='word_1_225' title='bbox 2779 1573 2836 1624; x_wconf 85' lang='grc' dir='ltr'><strong>ἐν</strong></span> <span class='ocrx_word' id='word_1_226' title='bbox 2868 1571 3048 1642; x_wconf 79' lang='grc' dir='ltr'>χρόνῳ</span> <span class='ocrx_word' id='word_1_227' title='bbox 3077 1571 3240 1639; x_wconf 77' lang='grc' dir='ltr'>φύσει</span> <span class='ocrx_word' id='word_1_228' title='bbox 3281 1570 3610 1641; x_wconf 79' lang='grc' dir='ltr'>ἐπιδέχεται·</span> <span class='ocrx_word' id='word_1_229' title='bbox 3638 1572 3665 1641; x_wconf 77' lang='grc' dir='ltr'><strong>ἡ</strong></span> 
     </span>
    </p>
   </div>
   <div class='ocr_carea' id='block_1_33' title="bbox 2091 1662 3663 1736">
    <p class='ocr_par' dir='ltr' id='par_1_33' title="bbox 2091 1662 3663 1736">
     <span class='ocr_line' id='line_1_33' title="bbox 2091 1662 3663 1736; baseline -0.003 -20"><span class='ocrx_word' id='word_1_230' title='bbox 2091 1662 2148 1716; x_wconf 81' lang='grc' dir='ltr'><strong>δὲ</strong></span> <span class='ocrx_word' id='word_1_231' title='bbox 2194 1663 2337 1736; x_wconf 66' lang='grc' dir='ltr'>ψυχὴ</span> <span class='ocrx_word' id='word_1_232' title='bbox 2373 1665 2432 1729; x_wconf 82' lang='grc' dir='ltr'>ἐξ</span> <span class='ocrx_word' id='word_1_233' title='bbox 2477 1665 2717 1728; x_wconf 75' lang='grc' dir='ltr'>ἀπαθοῦς</span> <span class='ocrx_word' id='word_1_234' title='bbox 2761 1666 2852 1718; x_wconf 71' lang='grc' dir='ltr'><strong>καὶ</strong></span> <span class='ocrx_word' id='word_1_235' title='bbox 2887 1664 3135 1736; x_wconf 81' lang='grc' dir='ltr'>παθητῆς</span> <span class='ocrx_word' id='word_1_236' title='bbox 3185 1665 3376 1727; x_wconf 73' lang='grc' dir='ltr'>οὐσίας</span> <span class='ocrx_word' id='word_1_237' title='bbox 3409 1663 3663 1732; x_wconf 81' lang='grc' dir='ltr'>γεγονέναι</span> 
     </span>
    </p>
   </div>
   <div class='ocr_carea' id='block_1_34' title="bbox 2095 1755 3666 1827">
    <p class='ocr_par' dir='ltr' id='par_1_34' title="bbox 2095 1755 3666 1827">
     <span class='ocr_line' id='line_1_34' title="bbox 2095 1755 3666 1827; baseline 0.001 -21"><span class='ocrx_word' id='word_1_238' title='bbox 2095 1755 2443 1809; x_wconf 81' lang='grc' dir='ltr'>ὑποκείσεται</span> <span class='ocrx_word' id='word_1_239' title='bbox 2463 1774 2475 1786; x_wconf 79' lang='grc'><em>’</em></span> <span class='ocrx_word' id='word_1_240' title='bbox 2508 1757 2742 1826; x_wconf 75' lang='grc' dir='ltr'>ἀνάγκη,</span> <span class='ocrx_word' id='word_1_241' title='bbox 2775 1758 2850 1820; x_wconf 83' lang='grc' dir='ltr'>ὼς</span> <span class='ocrx_word' id='word_1_242' title='bbox 2881 1757 2942 1809; x_wconf 76' lang='grc' dir='ltr'><strong>τὸ</strong></span> <span class='ocrx_word' id='word_1_243' title='bbox 2980 1756 3143 1826; x_wconf 82' lang='grc' dir='ltr'>μέσον</span> <span class='ocrx_word' id='word_1_244' title='bbox 3179 1755 3399 1827; x_wconf 79' lang='grc' dir='ltr'>χρῶμα,</span> <span class='ocrx_word' id='word_1_245' title='bbox 3425 1755 3560 1808; x_wconf 71' lang='grc' dir='ltr'>οὕτω</span> <span class='ocrx_word' id='word_1_246' title='bbox 3585 1755 3666 1808; x_wconf 69' lang='grc' dir='ltr'><strong>καί</strong></span> 
     </span>
    </p>
   </div>
   <div class='ocr_carea' id='block_1_35' title="bbox 314 1820 1993 1919">
    <p class='ocr_par' dir='ltr' id='par_1_35' title="bbox 314 1840 1989 1916">
     <span class='ocr_line' id='line_1_35' title="bbox 314 1840 1989 1916; baseline -0.005 -15"><span class='ocrx_word' id='word_1_247' title='bbox 314 1882 322 1890; x_wconf 90' lang='lat'><strong><em>-</em></strong></span> <span class='ocrx_word' id='word_1_248' title='bbox 411 1861 583 1916; x_wconf 79' lang='lat' dir='ltr'><strong>genus</strong></span> <span class='ocrx_word' id='word_1_249' title='bbox 608 1845 796 1899; x_wconf 87' lang='lat' dir='ltr'><strong>omnia</strong></span> <span class='ocrx_word' id='word_1_250' title='bbox 821 1858 928 1897; x_wconf 91' lang='lat' dir='ltr'><strong>una</strong></span> <span class='ocrx_word' id='word_1_251' title='bbox 945 1841 1179 1908; x_wconf 82' lang='lat' dir='ltr'><strong>quadam</strong></span> <span class='ocrx_word' id='word_1_252' title='bbox 1207 1841 1362 1911; x_wconf 79' lang='lat'><strong>701</strong></span> <span class='ocrx_word' id='word_1_253' title='bbox 1397 1841 1500 1893; x_wconf 89' lang='lat' dir='ltr'><strong>alia</strong></span> <span class='ocrx_word' id='word_1_254' title='bbox 1537 1856 1716 1893; x_wconf 84' lang='lat' dir='ltr'><strong>rerum</strong></span> <span class='ocrx_word' id='word_1_255' title='bbox 1745 1840 1989 1894; x_wconf 86' lang='lat' dir='ltr'><strong>omnium</strong></span> 
     </span>
    </p>
   </div>
   <div class='ocr_carea' id='block_1_36' title="bbox 2097 1820 3666 1919">
    <p class='ocr_par' dir='ltr' id='par_1_36' title="bbox 2097 1847 3666 1919">
     <span class='ocr_line' id='line_1_36' title="bbox 2097 1847 3666 1919; baseline -0.001 -20"><span class='ocrx_word' id='word_1_256' title='bbox 2097 1847 2297 1917; x_wconf 76' lang='grc' dir='ltr'>ταύτην</span> <span class='ocrx_word' id='word_1_257' title='bbox 2331 1849 2386 1900; x_wconf 87' lang='grc' dir='ltr'><strong>ἐν</strong></span> <span class='ocrx_word' id='word_1_258' title='bbox 2418 1849 2593 1919; x_wconf 81' lang='grc' dir='ltr'><strong>χρόνῳ</strong></span> <span class='ocrx_word' id='word_1_259' title='bbox 2635 1850 2794 1918; x_wconf 73' lang='grc' dir='ltr'>φύσει</span> <span class='ocrx_word' id='word_1_260' title='bbox 2828 1849 3218 1918; x_wconf 65' lang='grc' dir='ltr'>ἀφανισθῆναι,</span> <span class='ocrx_word' id='word_1_261' title='bbox 3261 1847 3368 1900; x_wconf 78' lang='grc' dir='ltr'>τῶν</span> <span class='ocrx_word' id='word_1_262' title='bbox 3399 1849 3456 1899; x_wconf 78' lang='grc' dir='ltr'><strong>ἐν</strong></span> <span class='ocrx_word' id='word_1_263' title='bbox 3487 1850 3548 1917; x_wconf 81' lang='grc' dir='ltr'>τῇ</span> <span class='ocrx_word' id='word_1_264' title='bbox 3582 1865 3666 1898; x_wconf 84' lang='grc' dir='ltr'>συ-</span> 
     </span>
    </p>
   </div>
   <div class='ocr_carea' id='block_1_37' title="bbox 409 1932 1994 2002">
    <p class='ocr_par' dir='ltr' id='par_1_37' title="bbox 409 1932 1994 2002">
     <span class='ocr_line' id='line_1_37' title="bbox 409 1932 1994 2002; baseline -0.006 -7"><span class='ocrx_word' id='word_1_265' title='bbox 409 1937 796 1995; x_wconf 90' lang='lat' dir='ltr'><strong>communione</strong></span> <span class='ocrx_word' id='word_1_266' title='bbox 845 1935 1188 1999; x_wconf 84' lang='lat' dir='ltr'><strong>devinxerit;</strong></span> <span class='ocrx_word' id='word_1_267' title='bbox 1238 1941 1498 2002; x_wconf 84' lang='lat' dir='ltr'><strong>praeterea</strong></span> <span class='ocrx_word' id='word_1_268' title='bbox 1555 1932 1600 1986; x_wconf 88' lang='lat' dir='ltr'><strong>si</strong></span> <span class='ocrx_word' id='word_1_269' title='bbox 1648 1948 1769 2002; x_wconf 80' lang='lat' dir='ltr'><strong>qua:</strong></span> <span class='ocrx_word' id='word_1_270' title='bbox 1802 1942 1994 1986; x_wconf 92' lang='lat' dir='ltr'><strong>mutuo</strong></span> 
     </span>
    </p>
   </div>
   <div class='ocr_carea' id='block_1_38' title="bbox 411 2023 1990 2101">
    <p class='ocr_par' dir='ltr' id='par_1_38' title="bbox 411 2023 1990 2101">
     <span class='ocr_line' id='line_1_38' title="bbox 411 2023 1990 2101; baseline -0.007 -15"><span class='ocrx_word' id='word_1_271' title='bbox 411 2039 709 2101; x_wconf 88' lang='lat' dir='ltr'><strong>temperata</strong></span> <span class='ocrx_word' id='word_1_272' title='bbox 746 2038 894 2092; x_wconf 90' lang='lat' dir='ltr'><strong>sunt,</strong></span> <span class='ocrx_word' id='word_1_273' title='bbox 931 2036 1095 2096; x_wconf 88' lang='lat' dir='ltr'><strong>atque</strong></span> <span class='ocrx_word' id='word_1_274' title='bbox 1119 2026 1261 2078; x_wconf 79' lang='lat' dir='ltr'><strong>inter</strong></span> <span class='ocrx_word' id='word_1_275' title='bbox 1294 2040 1411 2080; x_wconf 88' lang='lat' dir='ltr'><strong>sese</strong></span> <span class='ocrx_word' id='word_1_276' title='bbox 1436 2023 1718 2093; x_wconf 87' lang='lat' dir='ltr'><strong>permista,</strong></span> <span class='ocrx_word' id='word_1_277' title='bbox 1742 2033 1990 2076; x_wconf 87' lang='lat' dir='ltr'><strong>mutuum</strong></span> 
     </span>
    </p>
   </div>
   <div class='ocr_carea' id='block_1_39' title="bbox 409 2115 1995 2192">
    <p class='ocr_par' dir='ltr' id='par_1_39' title="bbox 409 2115 1995 2192">
     <span class='ocr_line' id='line_1_39' title="bbox 409 2115 1995 2192; baseline -0.004 -15"><span class='ocrx_word' id='word_1_278' title='bbox 409 2136 631 2192; x_wconf 88' lang='lat' dir='ltr'><strong>quoque</strong></span> <span class='ocrx_word' id='word_1_279' title='bbox 656 2121 917 2190; x_wconf 84' lang='lat' dir='ltr'><strong>temporis</strong></span> <span class='ocrx_word' id='word_1_280' title='bbox 937 2117 1319 2189; x_wconf 81' lang='lat' dir='ltr'><strong>progressione</strong></span> <span class='ocrx_word' id='word_1_281' title='bbox 1340 2115 1632 2170; x_wconf 85' lang='lat' dir='ltr'><strong>divortium</strong></span> <span class='ocrx_word' id='word_1_282' title='bbox 1657 2131 1754 2185; x_wconf 88' lang='lat' dir='ltr'><strong>pro</strong></span> <span class='ocrx_word' id='word_1_283' title='bbox 1787 2125 1995 2170; x_wconf 67' lang='lat' dir='ltr'><strong>natura:</strong></span> 
     </span>
    </p>
   </div>
   <div class='ocr_carea' id='block_1_40' title="bbox 410 2206 1992 2279">
    <p class='ocr_par' dir='ltr' id='par_1_40' title="bbox 410 2206 1992 2279">
     <span class='ocr_line' id='line_1_40' title="bbox 410 2206 1992 2279; baseline -0.004 -12"><span class='ocrx_word' id='word_1_284' title='bbox 410 2227 526 2268; x_wconf 66' lang='lat' dir='ltr'><strong>sum</strong></span> <span class='ocrx_word' id='word_1_285' title='bbox 581 2212 894 2266; x_wconf 83' lang='lat' dir='ltr'><strong>conditione</strong></span> <span class='ocrx_word' id='word_1_286' title='bbox 941 2209 1282 2279; x_wconf 86' lang='lat' dir='ltr'><strong>suscipiunt;</strong></span> <span class='ocrx_word' id='word_1_287' title='bbox 1337 2209 1580 2262; x_wconf 91' lang='lat' dir='ltr'><strong>animum</strong></span> <span class='ocrx_word' id='word_1_288' title='bbox 1629 2206 1890 2279; x_wconf 80' lang='lat' dir='ltr'><strong>profecto,</strong></span> <span class='ocrx_word' id='word_1_289' title='bbox 1947 2208 1992 2262; x_wconf 91' lang='lat' dir='ltr'><strong>si</strong></span> 
     </span>
    </p>
   </div>
   <div class='ocr_carea' id='block_1_41' title="bbox 410 2301 1993 2375">
    <p class='ocr_par' dir='ltr' id='par_1_41' title="bbox 410 2301 1993 2375">
     <span class='ocr_line' id='line_1_41' title="bbox 410 2301 1993 2375; baseline -0.005 -15"><span class='ocrx_word' id='word_1_290' title='bbox 410 2305 646 2375; x_wconf 86' lang='lat' dir='ltr'><strong>partium</strong></span> <span class='ocrx_word' id='word_1_291' title='bbox 677 2304 892 2358; x_wconf 91' lang='lat' dir='ltr'><strong>illarum</strong></span> <span class='ocrx_word' id='word_1_292' title='bbox 917 2301 970 2356; x_wconf 91' lang='lat' dir='ltr'><strong>in</strong></span> <span class='ocrx_word' id='word_1_293' title='bbox 1007 2318 1070 2357; x_wconf 80' lang='lat' dir='ltr'><strong>eo</strong></span> <span class='ocrx_word' id='word_1_294' title='bbox 1102 2303 1510 2357; x_wconf 89' lang='lat' dir='ltr'><strong>concretionem</strong></span> <span class='ocrx_word' id='word_1_295' title='bbox 1541 2302 1831 2370; x_wconf 88' lang='lat' dir='ltr'><strong>ponimus,</strong></span> <span class='ocrx_word' id='word_1_296' title='bbox 1866 2315 1993 2368; x_wconf 86' lang='lat' dir='ltr'><strong>per-</strong></span> 
     </span>
    </p>
   </div>
   <div class='ocr_carea' id='block_1_42' title="bbox 409 2394 1996 2464">
    <p class='ocr_par' dir='ltr' id='par_1_42' title="bbox 409 2394 1996 2464">
     <span class='ocr_line' id='line_1_42' title="bbox 409 2394 1996 2464; baseline -0.004 -14"><span class='ocrx_word' id='word_1_297' title='bbox 409 2395 536 2451; x_wconf 88' lang='lat' dir='ltr'><strong>inde</strong></span> <span class='ocrx_word' id='word_1_298' title='bbox 568 2395 646 2450; x_wconf 89' lang='lat' dir='ltr'><strong>uti</strong></span> <span class='ocrx_word' id='word_1_299' title='bbox 703 2395 942 2450; x_wconf 83' lang='lat' dir='ltr'><strong>colorem</strong></span> <span class='ocrx_word' id='word_1_300' title='bbox 997 2394 1234 2464; x_wconf 88' lang='lat' dir='ltr'><strong>aliquem</strong></span> <span class='ocrx_word' id='word_1_301' title='bbox 1291 2394 1552 2458; x_wconf 89' lang='lat' dir='ltr'><strong>medium,</strong></span> <span class='ocrx_word' id='word_1_302' title='bbox 1619 2403 1830 2445; x_wconf 73' lang='lat' dir='ltr'><strong>natura:</strong></span> <span class='ocrx_word' id='word_1_303' title='bbox 1881 2405 1996 2444; x_wconf 67' lang='lat' dir='ltr'><strong>sum</strong></span> 
     </span>
    </p>
   </div>
   <div class='ocr_carea' id='block_1_43' title="bbox 409 2482 1994 2544">
    <p class='ocr_par' dir='ltr' id='par_1_43' title="bbox 409 2482 1994 2544">
     <span class='ocr_line' id='line_1_43' title="bbox 409 2482 1994 2544; baseline -0.006 0"><span class='ocrx_word' id='word_1_304' title='bbox 409 2489 547 2544; x_wconf 86' lang='lat' dir='ltr'><strong>vitio</strong></span> <span class='ocrx_word' id='word_1_305' title='bbox 585 2487 805 2543; x_wconf 89' lang='lat' dir='ltr'><strong>tandem</strong></span> <span class='ocrx_word' id='word_1_306' title='bbox 836 2486 1060 2541; x_wconf 89' lang='lat' dir='ltr'><strong>interire</strong></span> <span class='ocrx_word' id='word_1_307' title='bbox 1112 2500 1334 2540; x_wconf 88' lang='lat' dir='ltr'><strong>necesse</strong></span> <span class='ocrx_word' id='word_1_308' title='bbox 1362 2483 1505 2539; x_wconf 87' lang='lat' dir='ltr'><strong>erit:</strong></span> <span class='ocrx_word' id='word_1_309' title='bbox 1559 2484 1855 2538; x_wconf 88' lang='lat' dir='ltr'><strong>contrariis</strong></span> <span class='ocrx_word' id='word_1_310' title='bbox 1886 2482 1994 2535; x_wconf 89' lang='lat' dir='ltr'><strong>illis</strong></span> 
     </span>
    </p>
   </div>
   <div class='ocr_carea' id='block_1_44' title="bbox 409 2566 1993 2652">
    <p class='ocr_par' dir='ltr' id='par_1_44' title="bbox 409 2566 1993 2652">
     <span class='ocr_line' id='line_1_44' title="bbox 409 2566 1993 2652; baseline -0.007 -14"><span class='ocrx_word' id='word_1_311' title='bbox 409 2597 481 2638; x_wconf 82' lang='lat' dir='ltr'><strong>ex</strong></span> <span class='ocrx_word' id='word_1_312' title='bbox 513 2581 715 2652; x_wconf 89' lang='lat' dir='ltr'><strong>quibus</strong></span> <span class='ocrx_word' id='word_1_313' title='bbox 745 2580 860 2650; x_wconf 91' lang='lat' dir='ltr'><strong>ipse</strong></span> <span class='ocrx_word' id='word_1_314' title='bbox 889 2578 1182 2640; x_wconf 83' lang='lat' dir='ltr'><strong>constabit,</strong></span> <span class='ocrx_word' id='word_1_315' title='bbox 1211 2577 1276 2631; x_wconf 84' lang='lat' dir='ltr'><strong>ad</strong></span> <span class='ocrx_word' id='word_1_316' title='bbox 1313 2576 1597 2646; x_wconf 89' lang='lat' dir='ltr'><strong>proprium</strong></span> <span class='ocrx_word' id='word_1_317' title='bbox 1635 2566 1840 2629; x_wconf 73' lang='lat' dir='ltr'><strong>natura:</strong></span> <span class='ocrx_word' id='word_1_318' title='bbox 1880 2589 1993 2628; x_wconf 72' lang='lat' dir='ltr'><strong>sua:</strong></span> 
     </span>
    </p>
   </div>
   <div class='ocr_carea' id='block_1_45' title="bbox 412 2665 1995 2742">
    <p class='ocr_par' dir='ltr' id='par_1_45' title="bbox 412 2665 1995 2742">
     <span class='ocr_line' id='line_1_45' title="bbox 412 2665 1995 2742; baseline -0.008 -12"><span class='ocrx_word' id='word_1_319' title='bbox 412 2683 616 2731; x_wconf 83' lang='lat' dir='ltr'><strong>statum</strong></span> <span class='ocrx_word' id='word_1_320' title='bbox 675 2688 772 2742; x_wconf 91' lang='lat' dir='ltr'><strong>per</strong></span> <span class='ocrx_word' id='word_1_321' title='bbox 825 2687 944 2727; x_wconf 86' lang='lat' dir='ltr'><strong>sese</strong></span> <span class='ocrx_word' id='word_1_322' title='bbox 992 2669 1433 2741; x_wconf 87' lang='lat' dir='ltr'><strong>properantibus.</strong></span> <span class='ocrx_word' id='word_1_323' title='bbox 1478 2667 1616 2734; x_wconf 85' lang='lat' dir='ltr'><strong>Quid</strong></span> <span class='ocrx_word' id='word_1_324' title='bbox 1648 2667 1840 2721; x_wconf 87' lang='lat' dir='ltr'><strong>enim?</strong></span> <span class='ocrx_word' id='word_1_325' title='bbox 1882 2665 1995 2718; x_wconf 84' lang='lat' dir='ltr'><strong>An-</strong></span> 
     </span>
    </p>
   </div>
   <div class='ocr_carea' id='block_1_46' title="bbox 411 2757 1995 2830">
    <p class='ocr_par' dir='ltr' id='par_1_46' title="bbox 411 2757 1995 2830">
     <span class='ocr_line' id='line_1_46' title="bbox 411 2757 1995 2830; baseline -0.007 -10"><span class='ocrx_word' id='word_1_326' title='bbox 411 2780 523 2820; x_wconf 90' lang='lat' dir='ltr'><strong>non</strong></span> <span class='ocrx_word' id='word_1_327' title='bbox 556 2763 610 2818; x_wconf 90' lang='lat' dir='ltr'><strong>id</strong></span> <span class='ocrx_word' id='word_1_328' title='bbox 638 2763 909 2825; x_wconf 80' lang='lat' dir='ltr'><strong>videmus,</strong></span> <span class='ocrx_word' id='word_1_329' title='bbox 931 2763 1074 2830; x_wconf 91' lang='lat' dir='ltr'><strong>quod</strong></span> <span class='ocrx_word' id='word_1_330' title='bbox 1105 2768 1296 2828; x_wconf 88' lang='lat' dir='ltr'><strong>suapte</strong></span> <span class='ocrx_word' id='word_1_331' title='bbox 1317 2767 1512 2813; x_wconf 89' lang='lat' dir='ltr'><strong>natura</strong></span> <span class='ocrx_word' id='word_1_332' title='bbox 1549 2773 1710 2828; x_wconf 79' lang='lat' dir='ltr'><strong>grave</strong></span> <span class='ocrx_word' id='word_1_333' title='bbox 1750 2757 1840 2823; x_wconf 87' lang='lat' dir='ltr'><strong>sit,</strong></span> <span class='ocrx_word' id='word_1_334' title='bbox 1868 2757 1995 2811; x_wconf 87' lang='lat' dir='ltr'><strong>licet</strong></span> 
     </span>
    </p>
   </div>
   <div class='ocr_carea' id='block_1_47' title="bbox 413 2846 1994 2923">
    <p class='ocr_par' dir='ltr' id='par_1_47' title="bbox 413 2846 1994 2923">
     <span class='ocr_line' id='line_1_47' title="bbox 413 2846 1994 2923; baseline -0.007 -12"><span class='ocrx_word' id='word_1_335' title='bbox 413 2871 442 2910; x_wconf 85' lang='lat' dir='ltr'><strong>a</strong></span> <span class='ocrx_word' id='word_1_336' title='bbox 477 2856 658 2920; x_wconf 82' lang='lat' dir='ltr'><strong>nobis,</strong></span> <span class='ocrx_word' id='word_1_337' title='bbox 696 2862 791 2909; x_wconf 89' lang='lat' dir='ltr'><strong>aut</strong></span> <span class='ocrx_word' id='word_1_338' title='bbox 819 2854 925 2908; x_wconf 86' lang='lat' dir='ltr'><strong>alia</strong></span> <span class='ocrx_word' id='word_1_339' title='bbox 955 2853 1150 2923; x_wconf 86' lang='lat' dir='ltr'><strong>quavis</strong></span> <span class='ocrx_word' id='word_1_340' title='bbox 1181 2853 1525 2916; x_wconf 81' lang='lat' dir='ltr'><strong>extrinsecus</strong></span> <span class='ocrx_word' id='word_1_341' title='bbox 1559 2850 1726 2904; x_wconf 87' lang='lat' dir='ltr'><strong>indita</strong></span> <span class='ocrx_word' id='word_1_342' title='bbox 1764 2846 1994 2902; x_wconf 88' lang='lat' dir='ltr'><strong>naturali</strong></span> 
     </span>
    </p>
   </div>
   <div class='ocr_carea' id='block_1_48' title="bbox 413 2943 1996 3017">
    <p class='ocr_par' dir='ltr' id='par_1_48' title="bbox 413 2943 1996 3017">
     <span class='ocr_line' id='line_1_48' title="bbox 413 2943 1996 3017; baseline -0.008 -10"><span class='ocrx_word' id='word_1_343' title='bbox 413 2951 652 3017; x_wconf 82' lang='lat' dir='ltr'><strong>levitate,</strong></span> <span class='ocrx_word' id='word_1_344' title='bbox 679 2963 900 3004; x_wconf 87' lang='lat' dir='ltr'><strong>sursum</strong></span> <span class='ocrx_word' id='word_1_345' title='bbox 933 2955 1146 3017; x_wconf 79' lang='lat' dir='ltr'><strong>agatur,</strong></span> <span class='ocrx_word' id='word_1_346' title='bbox 1192 2953 1252 2998; x_wconf 89' lang='lat' dir='ltr'><strong>ut</strong></span> <span class='ocrx_word' id='word_1_347' title='bbox 1296 2954 1479 2998; x_wconf 90' lang='lat' dir='ltr'><strong>tamen</strong></span> <span class='ocrx_word' id='word_1_348' title='bbox 1503 2943 1758 2997; x_wconf 84' lang='lat' dir='ltr'><strong>deorsum</strong></span> <span class='ocrx_word' id='word_1_349' title='bbox 1787 2953 1996 2995; x_wconf 70' lang='lat' dir='ltr'><strong>naturae</strong></span> 
     </span>
    </p>
   </div>
   <div class='ocr_carea' id='block_1_49' title="bbox 415 3035 1995 3110">
    <p class='ocr_par' dir='ltr' id='par_1_49' title="bbox 415 3035 1995 3110">
     <span class='ocr_line' id='line_1_49' title="bbox 415 3035 1995 3110; baseline -0.008 -11"><span class='ocrx_word' id='word_1_350' title='bbox 415 3059 530 3100; x_wconf 75' lang='lat' dir='ltr'><strong>sua:</strong></span> <span class='ocrx_word' id='word_1_351' title='bbox 556 3043 606 3096; x_wconf 85' lang='lat' dir='ltr'><strong>vi</strong></span> <span class='ocrx_word' id='word_1_352' title='bbox 651 3057 716 3096; x_wconf 84' lang='lat' dir='ltr'><strong>ae</strong></span> <span class='ocrx_word' id='word_1_353' title='bbox 755 3040 996 3110; x_wconf 89' lang='lat' dir='ltr'><strong>pondere</strong></span> <span class='ocrx_word' id='word_1_354' title='bbox 1020 3036 1300 3107; x_wconf 83' lang='lat' dir='ltr'><strong>rapiatur?</strong></span> <span class='ocrx_word' id='word_1_355' title='bbox 1328 3035 1772 3104; x_wconf 88' lang='lat' dir='ltr'><strong>Similiter,quod</strong></span> <span class='ocrx_word' id='word_1_356' title='bbox 1804 3041 1995 3102; x_wconf 78' lang='lat' dir='ltr'><strong>suapte</strong></span> 
     </span>
    </p>
   </div>
   <div class='ocr_carea' id='block_1_50' title="bbox 415 3125 1991 3198">
    <p class='ocr_par' dir='ltr' id='par_1_50' title="bbox 415 3125 1991 3198">
     <span class='ocr_line' id='line_1_50' title="bbox 415 3125 1991 3198; baseline -0.008 -7"><span class='ocrx_word' id='word_1_357' title='bbox 415 3145 612 3191; x_wconf 80' lang='lat' dir='ltr'><strong>natura</strong></span> <span class='ocrx_word' id='word_1_358' title='bbox 669 3134 786 3188; x_wconf 88' lang='lat' dir='ltr'><strong>leve</strong></span> <span class='ocrx_word' id='word_1_359' title='bbox 840 3133 939 3198; x_wconf 85' lang='lat' dir='ltr'><strong>sit,</strong></span> <span class='ocrx_word' id='word_1_360' title='bbox 980 3131 1110 3185; x_wconf 89' lang='lat' dir='ltr'><strong>licet</strong></span> <span class='ocrx_word' id='word_1_361' title='bbox 1158 3128 1504 3183; x_wconf 79' lang='lat' dir='ltr'><strong>extrinsecus</strong></span> <span class='ocrx_word' id='word_1_362' title='bbox 1554 3125 1718 3181; x_wconf 88' lang='lat' dir='ltr'><strong>simili</strong></span> <span class='ocrx_word' id='word_1_363' title='bbox 1755 3125 1991 3194; x_wconf 87' lang='lat' dir='ltr'><strong>quadam</strong></span> 
     </span>
    </p>
   </div>
   <div class='ocr_carea' id='block_1_51' title="bbox 417 3218 1993 3298">
    <p class='ocr_par' dir='ltr' id='par_1_51' title="bbox 417 3218 1993 3298">
     <span class='ocr_line' id='line_1_51' title="bbox 417 3218 1993 3298; baseline -0.006 -16"><span class='ocrx_word' id='word_1_364' title='bbox 417 3226 727 3298; x_wconf 87' lang='lat' dir='ltr'><strong>impellente</strong></span> <span class='ocrx_word' id='word_1_365' title='bbox 754 3239 943 3288; x_wconf 87' lang='lat' dir='ltr'><strong>causa,</strong></span> <span class='ocrx_word' id='word_1_366' title='bbox 978 3223 1235 3277; x_wconf 88' lang='lat' dir='ltr'><strong>deorsum</strong></span> <span class='ocrx_word' id='word_1_367' title='bbox 1280 3219 1522 3283; x_wconf 77' lang='lat' dir='ltr'><strong>feratur,</strong></span> <span class='ocrx_word' id='word_1_368' title='bbox 1555 3228 1612 3273; x_wconf 93' lang='lat' dir='ltr'><strong>ut</strong></span> <span class='ocrx_word' id='word_1_369' title='bbox 1661 3230 1841 3272; x_wconf 87' lang='lat' dir='ltr'><strong>tamen</strong></span> <span class='ocrx_word' id='word_1_370' title='bbox 1879 3218 1993 3272; x_wconf 79' lang='lat' dir='ltr'><strong>suis</strong></span> 
     </span>
    </p>
   </div>
   <div class='ocr_carea' id='block_1_52' title="bbox 417 3311 1995 3390">
    <p class='ocr_par' dir='ltr' id='par_1_52' title="bbox 417 3311 1995 3390">
     <span class='ocr_line' id='line_1_52' title="bbox 417 3311 1995 3390; baseline -0.004 -17"><span class='ocrx_word' id='word_1_371' title='bbox 417 3334 637 3390; x_wconf 90' lang='lat' dir='ltr'><strong>quoque</strong></span> <span class='ocrx_word' id='word_1_372' title='bbox 666 3316 874 3372; x_wconf 88' lang='lat' dir='ltr'><strong>viribus</strong></span> <span class='ocrx_word' id='word_1_373' title='bbox 909 3330 1128 3370; x_wconf 89' lang='lat' dir='ltr'><strong>sursum</strong></span> <span class='ocrx_word' id='word_1_374' title='bbox 1161 3313 1436 3368; x_wconf 84' lang='lat' dir='ltr'><strong>enitatur?</strong></span> <span class='ocrx_word' id='word_1_375' title='bbox 1472 3311 1686 3366; x_wconf 88' lang='lat' dir='ltr'><strong>Etenim</strong></span> <span class='ocrx_word' id='word_1_376' title='bbox 1716 3326 1838 3380; x_wconf 77' lang='lat' dir='ltr'><strong>qua:</strong></span> <span class='ocrx_word' id='word_1_377' title='bbox 1860 3311 1995 3366; x_wconf 92' lang='lat' dir='ltr'><strong>duo-</strong></span> 
     </span>
    </p>
   </div>
   <div class='ocr_carea' id='block_1_53' title="bbox 417 3403 1992 3474">
    <p class='ocr_par' dir='ltr' id='par_1_53' title="bbox 417 3403 1992 3474">
     <span class='ocr_line' id='line_1_53' title="bbox 417 3403 1992 3474; baseline -0.006 -8"><span class='ocrx_word' id='word_1_378' title='bbox 417 3412 522 3467; x_wconf 88' lang='lat' dir='ltr'><strong>bus</strong></span> <span class='ocrx_word' id='word_1_379' title='bbox 547 3427 614 3466; x_wconf 71' lang='lat' dir='ltr'><strong>ex</strong></span> <span class='ocrx_word' id='word_1_380' title='bbox 665 3408 957 3465; x_wconf 90' lang='lat' dir='ltr'><strong>contrariis</strong></span> <span class='ocrx_word' id='word_1_381' title='bbox 995 3423 1163 3461; x_wconf 91' lang='lat' dir='ltr'><strong>unum</strong></span> <span class='ocrx_word' id='word_1_382' title='bbox 1191 3407 1247 3462; x_wconf 89' lang='lat' dir='ltr'><strong>in</strong></span> <span class='ocrx_word' id='word_1_383' title='bbox 1289 3404 1494 3474; x_wconf 90' lang='lat' dir='ltr'><strong>aliquid</strong></span> <span class='ocrx_word' id='word_1_384' title='bbox 1528 3403 1692 3458; x_wconf 90' lang='lat' dir='ltr'><strong>simul</strong></span> <span class='ocrx_word' id='word_1_385' title='bbox 1742 3403 1992 3467; x_wconf 80' lang='lat' dir='ltr'><strong>coierint,</strong></span> 
     </span>
    </p>
   </div>
   <div class='ocr_carea' id='block_1_54' title="bbox 417 3494 1993 3570">
    <p class='ocr_par' dir='ltr' id='par_1_54' title="bbox 417 3494 1993 3570">
     <span class='ocr_line' id='line_1_54' title="bbox 417 3494 1993 3570; baseline -0.007 -12"><span class='ocrx_word' id='word_1_386' title='bbox 417 3501 533 3558; x_wconf 76' lang='lat' dir='ltr'><strong>ﬁeri</strong></span> <span class='ocrx_word' id='word_1_387' title='bbox 564 3517 672 3556; x_wconf 89' lang='lat' dir='ltr'><strong>non</strong></span> <span class='ocrx_word' id='word_1_388' title='bbox 691 3508 888 3570; x_wconf 88' lang='lat' dir='ltr'><strong>potest,</strong></span> <span class='ocrx_word' id='word_1_389' title='bbox 909 3507 968 3552; x_wconf 89' lang='lat' dir='ltr'><strong>ut</strong></span> <span class='ocrx_word' id='word_1_390' title='bbox 996 3498 1186 3551; x_wconf 89' lang='lat' dir='ltr'><strong>eodem</strong></span> <span class='ocrx_word' id='word_1_391' title='bbox 1218 3511 1276 3550; x_wconf 85' lang='lat' dir='ltr'><strong>se</strong></span> <span class='ocrx_word' id='word_1_392' title='bbox 1298 3494 1463 3551; x_wconf 87' lang='lat' dir='ltr'><strong>modo</strong></span> <span class='ocrx_word' id='word_1_393' title='bbox 1497 3509 1710 3564; x_wconf 89' lang='lat' dir='ltr'><strong>semper</strong></span> <span class='ocrx_word' id='word_1_394' title='bbox 1737 3494 1993 3560; x_wconf 87' lang='lat' dir='ltr'><strong>habeant,</strong></span> 
     </span>
    </p>
   </div>
   <div class='ocr_carea' id='block_1_55' title="bbox 417 3585 1994 3669">
    <p class='ocr_par' dir='ltr' id='par_1_55' title="bbox 417 3585 1994 3669">
     <span class='ocr_line' id='line_1_55' title="bbox 417 3585 1994 3669; baseline -0.009 -19"><span class='ocrx_word' id='word_1_395' title='bbox 417 3594 526 3650; x_wconf 83' lang='lat' dir='ltr'><strong>nisi</strong></span> <span class='ocrx_word' id='word_1_396' title='bbox 573 3608 605 3647; x_wconf 89' lang='lat' dir='ltr'><strong>e</strong></span> <span class='ocrx_word' id='word_1_397' title='bbox 649 3605 834 3669; x_wconf 75' lang='lat' dir='ltr'><strong>rerum</strong></span> <span class='ocrx_word' id='word_1_398' title='bbox 879 3599 1070 3643; x_wconf 91' lang='lat' dir='ltr'><strong>natura</strong></span> <span class='ocrx_word' id='word_1_399' title='bbox 1128 3588 1346 3642; x_wconf 87' lang='lat' dir='ltr'><strong>tertium</strong></span> <span class='ocrx_word' id='word_1_400' title='bbox 1392 3585 1598 3655; x_wconf 84' lang='lat' dir='ltr'><strong>aliquid</strong></span> <span class='ocrx_word' id='word_1_401' title='bbox 1631 3600 1755 3638; x_wconf 87' lang='lat' dir='ltr'><strong>cum</strong></span> <span class='ocrx_word' id='word_1_402' title='bbox 1801 3585 1994 3639; x_wconf 87' lang='lat' dir='ltr'><strong>iisdem</strong></span> 
     </span>
    </p>
   </div>
   <div class='ocr_carea' id='block_1_56' title="bbox 417 3677 1995 3758">
    <p class='ocr_par' dir='ltr' id='par_1_56' title="bbox 417 3677 1995 3758">
     <span class='ocr_line' id='line_1_56' title="bbox 417 3677 1995 3758; baseline -0.006 -19"><span class='ocrx_word' id='word_1_403' title='bbox 417 3694 680 3758; x_wconf 88' lang='lat' dir='ltr'><strong>perpetuo</strong></span> <span class='ocrx_word' id='word_1_404' title='bbox 716 3680 1104 3750; x_wconf 74' lang='lat' dir='ltr'><strong>coniungatur.</strong></span> <span class='ocrx_word' id='word_1_405' title='bbox 1166 3678 1272 3734; x_wconf 83' lang='lat' dir='ltr'><strong>Sed</strong></span> <span class='ocrx_word' id='word_1_406' title='bbox 1325 3680 1543 3732; x_wconf 89' lang='lat' dir='ltr'><strong>animus</strong></span> <span class='ocrx_word' id='word_1_407' title='bbox 1589 3678 1808 3732; x_wconf 81' lang='lat' dir='ltr'><strong>tertium</strong></span> <span class='ocrx_word' id='word_1_408' title='bbox 1864 3677 1995 3746; x_wconf 89' lang='lat' dir='ltr'><strong>quid</strong></span> 
     </span>
    </p>
   </div>
   <div class='ocr_carea' id='block_1_57' title="bbox 417 3766 1996 3850">
    <p class='ocr_par' dir='ltr' id='par_1_57' title="bbox 417 3766 1996 3850">
     <span class='ocr_line' id='line_1_57' title="bbox 417 3766 1996 3850; baseline -0.008 -18"><span class='ocrx_word' id='word_1_409' title='bbox 417 3775 664 3850; x_wconf 80' lang='lat' dir='ltr'><strong>profecto</strong></span> <span class='ocrx_word' id='word_1_410' title='bbox 692 3789 799 3829; x_wconf 92' lang='lat' dir='ltr'><strong>non</strong></span> <span class='ocrx_word' id='word_1_411' title='bbox 837 3783 940 3836; x_wconf 81' lang='lat' dir='ltr'><strong>est,</strong></span> <span class='ocrx_word' id='word_1_412' title='bbox 989 3771 1205 3826; x_wconf 90' lang='lat' dir='ltr'><strong>duobus</strong></span> <span class='ocrx_word' id='word_1_413' title='bbox 1253 3785 1319 3824; x_wconf 79' lang='lat' dir='ltr'><strong>ex</strong></span> <span class='ocrx_word' id='word_1_414' title='bbox 1367 3769 1660 3824; x_wconf 86' lang='lat' dir='ltr'><strong>contrariis</strong></span> <span class='ocrx_word' id='word_1_415' title='bbox 1707 3766 1996 3837; x_wconf 84' lang='lat' dir='ltr'><strong>pugnanti—</strong></span> 
     </span>
    </p>
   </div>
   <div class='ocr_carea' id='block_1_58' title="bbox 418 3857 1994 3938">
    <p class='ocr_par' dir='ltr' id='par_1_58' title="bbox 418 3857 1994 3938">
     <span class='ocr_line' id='line_1_58' title="bbox 418 3857 1994 3938; baseline -0.008 -16"><span class='ocrx_word' id='word_1_416' title='bbox 418 3869 631 3938; x_wconf 85' lang='lat' dir='ltr'><strong>busque</strong></span> <span class='ocrx_word' id='word_1_417' title='bbox 660 3865 1048 3934; x_wconf 89' lang='lat' dir='ltr'><strong>compositum,</strong></span> <span class='ocrx_word' id='word_1_418' title='bbox 1085 3861 1179 3918; x_wconf 89' lang='lat' dir='ltr'><strong>sed</strong></span> <span class='ocrx_word' id='word_1_419' title='bbox 1207 3862 1384 3931; x_wconf 91' lang='lat' dir='ltr'><strong>potius</strong></span> <span class='ocrx_word' id='word_1_420' title='bbox 1414 3875 1580 3914; x_wconf 88' lang='lat' dir='ltr'><strong>unum</strong></span> <span class='ocrx_word' id='word_1_421' title='bbox 1628 3859 1830 3929; x_wconf 86' lang='lat' dir='ltr'><strong>aliquid</strong></span> <span class='ocrx_word' id='word_1_422' title='bbox 1858 3857 1994 3913; x_wconf 89' lang='lat' dir='ltr'><strong>sim—</strong></span> 
     </span>
    </p>
   </div>
   <div class='ocr_carea' id='block_1_59' title="bbox 419 3950 1994 4029">
    <p class='ocr_par' dir='ltr' id='par_1_59' title="bbox 419 3950 1994 4029">
     <span class='ocr_line' id='line_1_59' title="bbox 419 3950 1994 4029; baseline -0.004 -19"><span class='ocrx_word' id='word_1_423' title='bbox 419 3957 565 4029; x_wconf 81' lang='lat' dir='ltr'><strong>plex,</strong></span> <span class='ocrx_word' id='word_1_424' title='bbox 597 3963 902 4024; x_wconf 90' lang='lat' dir='ltr'><strong>naturaque</strong></span> <span class='ocrx_word' id='word_1_425' title='bbox 932 3969 1031 4008; x_wconf 90' lang='lat' dir='ltr'><strong>sua</strong></span> <span class='ocrx_word' id='word_1_426' title='bbox 1075 3952 1143 4006; x_wconf 89' lang='lat' dir='ltr'><strong>ab</strong></span> <span class='ocrx_word' id='word_1_427' title='bbox 1179 3951 1329 4006; x_wconf 92' lang='lat' dir='ltr'><strong>omni</strong></span> <span class='ocrx_word' id='word_1_428' title='bbox 1376 3961 1429 4006; x_wconf 88' lang='lat' dir='ltr'><strong>et</strong></span> <span class='ocrx_word' id='word_1_429' title='bbox 1480 3950 1718 4020; x_wconf 88' lang='lat' dir='ltr'><strong>patiendi</strong></span> <span class='ocrx_word' id='word_1_430' title='bbox 1751 3950 1994 4004; x_wconf 73' lang='lat' dir='ltr'><strong>necessi-</strong></span> 
     </span>
    </p>
   </div>
   <div class='ocr_carea' id='block_1_60' title="bbox 420 4044 1999 4117">
    <p class='ocr_par' dir='ltr' id='par_1_60' title="bbox 420 4044 1999 4117">
     <span class='ocr_line' id='line_1_60' title="bbox 420 4044 1999 4117; baseline -0.005 -12"><span class='ocrx_word' id='word_1_431' title='bbox 420 4059 552 4115; x_wconf 87' lang='lat' dir='ltr'><strong>tate,</strong></span> <span class='ocrx_word' id='word_1_432' title='bbox 587 4057 642 4104; x_wconf 92' lang='lat' dir='ltr'><strong>et</strong></span> <span class='ocrx_word' id='word_1_433' title='bbox 675 4047 918 4117; x_wconf 87' lang='lat' dir='ltr'><strong>corporis</strong></span> <span class='ocrx_word' id='word_1_434' title='bbox 965 4045 1109 4099; x_wconf 89' lang='lat' dir='ltr'><strong>mole</strong></span> <span class='ocrx_word' id='word_1_435' title='bbox 1156 4044 1388 4098; x_wconf 88' lang='lat' dir='ltr'><strong>liberum</strong></span> <span class='ocrx_word' id='word_1_436' title='bbox 1423 4061 1437 4097; x_wconf 90' lang='lat'><strong>:</strong></span> <span class='ocrx_word' id='word_1_437' title='bbox 1481 4055 1536 4097; x_wconf 89' lang='lat' dir='ltr'><strong>ut</strong></span> <span class='ocrx_word' id='word_1_438' title='bbox 1568 4059 1688 4098; x_wconf 88' lang='lat' dir='ltr'><strong>eum</strong></span> <span class='ocrx_word' id='word_1_439' title='bbox 1718 4051 1999 4112; x_wconf 86' lang='lat' dir='ltr'><strong>propterea</strong></span> 
     </span>
    </p>
   </div>
   <div class='ocr_carea' id='block_1_61' title="bbox 418 4131 1997 4205">
    <p class='ocr_par' dir='ltr' id='par_1_61' title="bbox 418 4131 1997 4205">
     <span class='ocr_line' id='line_1_61' title="bbox 418 4131 1997 4205; baseline -0.006 -12"><span class='ocrx_word' id='word_1_440' title='bbox 418 4137 576 4193; x_wconf 86' lang='lat' dir='ltr'><strong>Plato</strong></span> <span class='ocrx_word' id='word_1_441' title='bbox 603 4135 960 4205; x_wconf 88' lang='lat' dir='ltr'><strong>Platonisque</strong></span> <span class='ocrx_word' id='word_1_442' title='bbox 988 4142 1318 4199; x_wconf 88' lang='lat' dir='ltr'><strong>sectatores,</strong></span> <span class='ocrx_word' id='word_1_443' title='bbox 1349 4131 1712 4185; x_wconf 88' lang='lat' dir='ltr'><strong>immortalem</strong></span> <span class='ocrx_word' id='word_1_444' title='bbox 1738 4146 1857 4185; x_wconf 90' lang='lat' dir='ltr'><strong>esse</strong></span> <span class='ocrx_word' id='word_1_445' title='bbox 1883 4138 1997 4184; x_wconf 88' lang='lat' dir='ltr'><strong>sta-</strong></span> 
     </span>
    </p>
   </div>
   <div class='ocr_carea' id='block_1_62' title="bbox 420 4223 2001 4298">
    <p class='ocr_par' dir='ltr' id='par_1_62' title="bbox 420 4223 2001 4298">
     <span class='ocr_line' id='line_1_62' title="bbox 420 4223 2001 4298; baseline -0.008 -11"><span class='ocrx_word' id='word_1_446' title='bbox 420 4232 645 4288; x_wconf 86' lang='lat' dir='ltr'><strong>tuerint.</strong></span> <span class='ocrx_word' id='word_1_447' title='bbox 673 4231 741 4284; x_wconf 83' lang='lat' dir='ltr'><strong>At</strong></span> <span class='ocrx_word' id='word_1_448' title='bbox 781 4227 1041 4298; x_wconf 89' lang='lat' dir='ltr'><strong>quoniam</strong></span> <span class='ocrx_word' id='word_1_449' title='bbox 1076 4235 1129 4280; x_wconf 89' lang='lat' dir='ltr'><strong>et</strong></span> <span class='ocrx_word' id='word_1_450' title='bbox 1161 4225 1438 4279; x_wconf 90' lang='lat' dir='ltr'><strong>hominem</strong></span> <span class='ocrx_word' id='word_1_451' title='bbox 1481 4239 1546 4276; x_wconf 85' lang='lat' dir='ltr'><strong>ex</strong></span> <span class='ocrx_word' id='word_1_452' title='bbox 1578 4223 1763 4276; x_wconf 85' lang='lat' dir='ltr'><strong>animo</strong></span> <span class='ocrx_word' id='word_1_453' title='bbox 1805 4237 2001 4292; x_wconf 85' lang='lat' dir='ltr'><strong>corpo-</strong></span> 
     </span>
    </p>
   </div>
   <div class='ocr_carea' id='block_1_63' title="bbox 419 4315 2002 4394">
    <p class='ocr_par' dir='ltr' id='par_1_63' title="bbox 419 4315 2002 4394">
     <span class='ocr_line' id='line_1_63' title="bbox 419 4315 2002 4394; baseline -0.006 -17"><span class='ocrx_word' id='word_1_454' title='bbox 419 4336 588 4394; x_wconf 84' lang='lat' dir='ltr'><strong>reque</strong></span> <span class='ocrx_word' id='word_1_455' title='bbox 619 4330 896 4385; x_wconf 89' lang='lat' dir='ltr'><strong>constare,</strong></span> <span class='ocrx_word' id='word_1_456' title='bbox 921 4335 1028 4374; x_wconf 78' lang='lat' dir='ltr'><strong>vox</strong></span> <span class='ocrx_word' id='word_1_457' title='bbox 1058 4325 1141 4372; x_wconf 91' lang='lat' dir='ltr'><strong>est</strong></span> <span class='ocrx_word' id='word_1_458' title='bbox 1174 4317 1419 4370; x_wconf 89' lang='lat' dir='ltr'><strong>omnium</strong></span> <span class='ocrx_word' id='word_1_459' title='bbox 1448 4331 1556 4370; x_wconf 87' lang='lat' dir='ltr'><strong>una</strong></span> <span class='ocrx_word' id='word_1_460' title='bbox 1583 4315 1914 4378; x_wconf 90' lang='lat' dir='ltr'><strong>communis,</strong></span> <span class='ocrx_word' id='word_1_461' title='bbox 1947 4323 2002 4368; x_wconf 92' lang='lat' dir='ltr'><strong>et</strong></span> 
     </span>
    </p>
   </div>
   <div class='ocr_carea' id='block_1_64' title="bbox 418 4406 2000 4487">
    <p class='ocr_par' dir='ltr' id='par_1_64' title="bbox 418 4406 2000 4487">
     <span class='ocr_line' id='line_1_64' title="bbox 418 4406 2000 4487; baseline -0.008 -17"><span class='ocrx_word' id='word_1_462' title='bbox 418 4430 547 4487; x_wconf 70' lang='lat' dir='ltr'><strong>qua:</strong></span> <span class='ocrx_word' id='word_1_463' title='bbox 572 4413 710 4468; x_wconf 89' lang='lat' dir='ltr'><strong>citra</strong></span> <span class='ocrx_word' id='word_1_464' title='bbox 743 4412 990 4480; x_wconf 85' lang='lat' dir='ltr'><strong>corporis</strong></span> <span class='ocrx_word' id='word_1_465' title='bbox 1031 4409 1448 4472; x_wconf 63' lang='lat' dir='ltr'><strong>con&#39;ii&#39;nercium,</strong></span> <span class='ocrx_word' id='word_1_466' title='bbox 1497 4406 1550 4460; x_wconf 91' lang='lat' dir='ltr'><strong>in</strong></span> <span class='ocrx_word' id='word_1_467' title='bbox 1585 4407 1742 4460; x_wconf 88' lang='lat' dir='ltr'><strong>nobis</strong></span> <span class='ocrx_word' id='word_1_468' title='bbox 1772 4406 2000 4460; x_wconf 87' lang='lat' dir='ltr'><strong>volenti-</strong></span> 
     </span>
    </p>
   </div>
   <div class='ocr_carea' id='block_1_65' title="bbox 2097 1937 3664 2010">
    <p class='ocr_par' dir='ltr' id='par_1_65' title="bbox 2097 1937 3664 2010">
     <span class='ocr_line' id='line_1_65' title="bbox 2097 1937 3664 2010; baseline 0 -20"><span class='ocrx_word' id='word_1_469' title='bbox 2097 1937 2282 1991; x_wconf 76' lang='grc' dir='ltr'>στάσει</span> <span class='ocrx_word' id='word_1_470' title='bbox 2330 1939 2500 2009; x_wconf 70' lang='grc' dir='ltr'>αὐτῆς</span> <span class='ocrx_word' id='word_1_471' title='bbox 2527 1941 2785 1993; x_wconf 86' lang='grc' dir='ltr'>ἐναντίων</span> <span class='ocrx_word' id='word_1_472' title='bbox 2820 1939 2910 1992; x_wconf 75' lang='grc' dir='ltr'><strong>ἐπὶ</strong></span> <span class='ocrx_word' id='word_1_473' title='bbox 2943 1939 3042 2010; x_wconf 80' lang='grc' dir='ltr'>τὴν</span> <span class='ocrx_word' id='word_1_474' title='bbox 3086 1938 3297 1992; x_wconf 81' lang='grc' dir='ltr'>οἰκείαν</span> <span class='ocrx_word' id='word_1_475' title='bbox 3343 1937 3499 2007; x_wconf 68' lang='grc' dir='ltr'>φύσιν</span> <span class='ocrx_word' id='word_1_476' title='bbox 3530 1939 3664 1990; x_wconf 82' lang='grc' dir='ltr'>ἐπει-</span> 
     </span>
    </p>
   </div>
   <div class='ocr_carea' id='block_1_66' title="bbox 2094 2029 3663 2109">
    <p class='ocr_par' dir='ltr' id='par_1_66' title="bbox 2094 2029 3663 2109">
     <span class='ocr_line' id='line_1_66' title="bbox 2094 2029 3663 2109; baseline 0.003 -28"><span class='ocrx_word' id='word_1_477' title='bbox 2094 2031 2360 2100; x_wconf 78' lang='grc' dir='ltr'>γομένων.</span> <span class='ocrx_word' id='word_1_478' title='bbox 2395 2031 2464 2082; x_wconf 87' lang='grc' dir='ltr'>Ἢ</span> <span class='ocrx_word' id='word_1_479' title='bbox 2492 2029 2597 2101; x_wconf 74' lang='grc' dir='ltr'>γὰρ</span> <span class='ocrx_word' id='word_1_480' title='bbox 2623 2032 2720 2100; x_wconf 76' lang='grc' dir='ltr'><strong>οὐχ</strong></span> <span class='ocrx_word' id='word_1_481' title='bbox 2745 2030 2960 2109; x_wconf 61' lang='grc' dir='ltr'>ὁρῷμεν</span> <span class='ocrx_word' id='word_1_482' title='bbox 2990 2031 3083 2084; x_wconf 69' lang='grc' dir='ltr'><strong>καὶ</strong></span> <span class='ocrx_word' id='word_1_483' title='bbox 3118 2031 3180 2084; x_wconf 87' lang='grc' dir='ltr'><strong>τὸ</strong></span> <span class='ocrx_word' id='word_1_484' title='bbox 3205 2030 3365 2100; x_wconf 67' lang='grc' dir='ltr'>φύσει</span> <span class='ocrx_word' id='word_1_485' title='bbox 3394 2030 3547 2102; x_wconf 72' lang='grc' dir='ltr'>βαρὺ,</span> <span class='ocrx_word' id='word_1_486' title='bbox 3575 2030 3663 2085; x_wconf 77' lang='grc' dir='ltr'><strong>κᾶν</strong></span> 
     </span>
    </p>
   </div>
   <div class='ocr_carea' id='block_1_67' title="bbox 2095 2120 3664 2195">
    <p class='ocr_par' dir='ltr' id='par_1_67' title="bbox 2095 2120 3664 2195">
     <span class='ocr_line' id='line_1_67' title="bbox 2095 2120 3664 2195; baseline -0.001 -19"><span class='ocrx_word' id='word_1_487' title='bbox 2095 2124 2183 2193; x_wconf 77' lang='grc' dir='ltr'><strong>ὑφ’</strong></span> <span class='ocrx_word' id='word_1_488' title='bbox 2229 2124 2387 2195; x_wconf 78' lang='grc' dir='ltr'>ἡμῶν</span> <span class='ocrx_word' id='word_1_489' title='bbox 2432 2124 2464 2194; x_wconf 77' lang='grc' dir='ltr'>ἣ</span> <span class='ocrx_word' id='word_1_490' title='bbox 2513 2141 2657 2186; x_wconf 85' lang='grc' dir='ltr'>τινος</span> <span class='ocrx_word' id='word_1_491' title='bbox 2711 2123 2906 2187; x_wconf 77' lang='grc' dir='ltr'>ἔξωθεν</span> <span class='ocrx_word' id='word_1_492' title='bbox 2957 2123 3196 2192; x_wconf 76' lang='grc' dir='ltr'>φυσικῆς</span> <span class='ocrx_word' id='word_1_493' title='bbox 3248 2120 3664 2194; x_wconf 77' lang='grc' dir='ltr'>προσγενομένης</span> 
     </span>
    </p>
   </div>
   <div class='ocr_carea' id='block_1_68' title="bbox 2094 2212 3662 2285">
    <p class='ocr_par' dir='ltr' id='par_1_68' title="bbox 2094 2212 3662 2285">
     <span class='ocr_line' id='line_1_68' title="bbox 2094 2212 3662 2285; baseline -0.003 -17"><span class='ocrx_word' id='word_1_494' title='bbox 2094 2214 2242 2285; x_wconf 72' lang='grc' dir='ltr'>αὐτῷ</span> <span class='ocrx_word' id='word_1_495' title='bbox 2280 2214 2612 2284; x_wconf 78' lang='grc' dir='ltr'>κουφότητος</span> <span class='ocrx_word' id='word_1_496' title='bbox 2640 2213 2751 2267; x_wconf 79' lang='grc' dir='ltr'><strong>ἅνω</strong></span> <span class='ocrx_word' id='word_1_497' title='bbox 2792 2213 3043 2284; x_wconf 74' lang='grc' dir='ltr'>φέρηται,</span> <span class='ocrx_word' id='word_1_498' title='bbox 3075 2215 3152 2278; x_wconf 81' lang='grc' dir='ltr'>ὡς</span> <span class='ocrx_word' id='word_1_499' title='bbox 3193 2213 3325 2266; x_wconf 76' lang='grc' dir='ltr'>αὐτὸ</span> <span class='ocrx_word' id='word_1_500' title='bbox 3366 2213 3557 2282; x_wconf 72' lang='grc' dir='ltr'>ὁμοίως</span> <span class='ocrx_word' id='word_1_501' title='bbox 3583 2212 3662 2264; x_wconf 75' lang='grc' dir='ltr'><strong>ἐπὶ</strong></span> 
     </span>
    </p>
   </div>
   <div class='ocr_carea' id='block_1_69' title="bbox 2093 2303 3663 2379">
    <p class='ocr_par' dir='ltr' id='par_1_69' title="bbox 2093 2303 3663 2379">
     <span class='ocr_line' id='line_1_69' title="bbox 2093 2303 3663 2379; baseline -0.003 -19"><span class='ocrx_word' id='word_1_502' title='bbox 2093 2307 2190 2378; x_wconf 83' lang='grc' dir='ltr'><strong>τὴν</strong></span> <span class='ocrx_word' id='word_1_503' title='bbox 2216 2309 2423 2361; x_wconf 72' lang='grc' dir='ltr'>οἰκείαν</span> <span class='ocrx_word' id='word_1_504' title='bbox 2451 2307 2613 2379; x_wconf 80' lang='grc' dir='ltr'>φύσιν</span> <span class='ocrx_word' id='word_1_505' title='bbox 2639 2307 2788 2360; x_wconf 85' lang='grc' dir='ltr'>κάτω</span> <span class='ocrx_word' id='word_1_506' title='bbox 2825 2306 3105 2376; x_wconf 79' lang='grc' dir='ltr'>βιάζεται;</span> <span class='ocrx_word' id='word_1_507' title='bbox 3153 2305 3392 2376; x_wconf 84' lang='grc' dir='ltr'>Ὀμοίως</span> <span class='ocrx_word' id='word_1_508' title='bbox 3418 2305 3470 2358; x_wconf 77' lang='grc' dir='ltr'><strong>δὲ</strong></span> <span class='ocrx_word' id='word_1_509' title='bbox 3499 2304 3584 2362; x_wconf 72' lang='grc' dir='ltr'><strong>καὶ</strong></span> <span class='ocrx_word' id='word_1_510' title='bbox 3612 2303 3663 2356; x_wconf 80' lang='grc' dir='ltr'>τὸ</span> 
     </span>
    </p>
   </div>
   <div class='ocr_carea' id='block_1_70' title="bbox 2095 2394 3661 2470">
    <p class='ocr_par' dir='ltr' id='par_1_70' title="bbox 2095 2394 3661 2470">
     <span class='ocr_line' id='line_1_70' title="bbox 2095 2394 3661 2470; baseline -0.004 -17"><span class='ocrx_word' id='word_1_511' title='bbox 2095 2399 2254 2470; x_wconf 76' lang='grc' dir='ltr'>φύσει</span> <span class='ocrx_word' id='word_1_512' title='bbox 2286 2399 2508 2468; x_wconf 73' lang='grc' dir='ltr'>κοῦφον,</span> <span class='ocrx_word' id='word_1_513' title='bbox 2543 2397 2685 2451; x_wconf 78' lang='grc' dir='ltr'>κατὰ</span> <span class='ocrx_word' id='word_1_514' title='bbox 2718 2397 2816 2460; x_wconf 83' lang='grc' dir='ltr'>τὰς</span> <span class='ocrx_word' id='word_1_515' title='bbox 2859 2397 3050 2467; x_wconf 81' lang='grc' dir='ltr'>ὁμοίας</span> <span class='ocrx_word' id='word_1_516' title='bbox 3082 2395 3286 2463; x_wconf 72' lang='grc' dir='ltr'>ἔξωθεν</span> <span class='ocrx_word' id='word_1_517' title='bbox 3331 2397 3503 2459; x_wconf 85' lang='grc' dir='ltr'>αἰτίας</span> <span class='ocrx_word' id='word_1_518' title='bbox 3530 2394 3661 2447; x_wconf 73' lang='grc' dir='ltr'>κάτω</span> 
     </span>
    </p>
   </div>
   <div class='ocr_carea' id='block_1_71' title="bbox 2097 2487 3657 2563">
    <p class='ocr_par' dir='ltr' id='par_1_71' title="bbox 2097 2487 3657 2563">
     <span class='ocr_line' id='line_1_71' title="bbox 2097 2487 3657 2563; baseline -0.003 -20"><span class='ocrx_word' id='word_1_519' title='bbox 2097 2492 2414 2563; x_wconf 76' lang='grc' dir='ltr'>φερόμενον,</span> <span class='ocrx_word' id='word_1_520' title='bbox 2453 2490 2528 2554; x_wconf 86' lang='grc' dir='ltr'>ὼς</span> <span class='ocrx_word' id='word_1_521' title='bbox 2563 2489 2693 2542; x_wconf 75' lang='grc' dir='ltr'>αὐτὸ</span> <span class='ocrx_word' id='word_1_522' title='bbox 2748 2488 2951 2558; x_wconf 82' lang='grc' dir='ltr'>ὁμοίως</span> <span class='ocrx_word' id='word_1_523' title='bbox 3003 2489 3094 2540; x_wconf 74' lang='grc' dir='ltr'><strong>ἐπὶ</strong></span> <span class='ocrx_word' id='word_1_524' title='bbox 3138 2487 3212 2541; x_wconf 81' lang='grc' dir='ltr'><strong>τὰ</strong></span> <span class='ocrx_word' id='word_1_525' title='bbox 3243 2489 3356 2541; x_wconf 81' lang='grc' dir='ltr'>ἄνω</span> <span class='ocrx_word' id='word_1_526' title='bbox 3399 2487 3657 2558; x_wconf 78' lang='grc' dir='ltr'>βιάζεταις</span> 
     </span>
    </p>
   </div>
   <div class='ocr_carea' id='block_1_72' title="bbox 2095 2579 3658 2654">
    <p class='ocr_par' dir='ltr' id='par_1_72' title="bbox 2095 2579 3658 2654">
     <span class='ocr_line' id='line_1_72' title="bbox 2095 2579 3658 2654; baseline -0.003 -18"><span class='ocrx_word' id='word_1_527' title='bbox 2095 2583 2176 2636; x_wconf 80' lang='grc' dir='ltr'>Τὰ</span> <span class='ocrx_word' id='word_1_528' title='bbox 2204 2582 2309 2654; x_wconf 71' lang='grc' dir='ltr'>γὰρ</span> <span class='ocrx_word' id='word_1_529' title='bbox 2341 2585 2404 2634; x_wconf 86' lang='grc' dir='ltr'><strong>ἐκ</strong></span> <span class='ocrx_word' id='word_1_530' title='bbox 2449 2583 2541 2636; x_wconf 75' lang='grc' dir='ltr'><strong>δύο</strong></span> <span class='ocrx_word' id='word_1_531' title='bbox 2587 2581 2748 2635; x_wconf 80' lang='grc' dir='ltr'>τινῶν</span> <span class='ocrx_word' id='word_1_532' title='bbox 2794 2580 3044 2650; x_wconf 82' lang='grc' dir='ltr'>ἀλλήλοις</span> <span class='ocrx_word' id='word_1_533' title='bbox 3084 2582 3347 2634; x_wconf 74' lang='grc' dir='ltr'>ἐναντίων</span> <span class='ocrx_word' id='word_1_534' title='bbox 3381 2583 3458 2644; x_wconf 83' lang='grc' dir='ltr'><strong>είς</strong></span> <span class='ocrx_word' id='word_1_535' title='bbox 3485 2579 3658 2632; x_wconf 73' lang='grc' dir='ltr'>ταυτὸν</span> 
     </span>
    </p>
   </div>
   <div class='ocr_carea' id='block_1_73' title="bbox 2095 2671 3656 2745">
    <p class='ocr_par' dir='ltr' id='par_1_73' title="bbox 2095 2671 3656 2745">
     <span class='ocr_line' id='line_1_73' title="bbox 2095 2671 3656 2745; baseline -0.003 -18"><span class='ocrx_word' id='word_1_536' title='bbox 2095 2673 2427 2745; x_wconf 79' lang='grc' dir='ltr'>συναχθέντα</span> <span class='ocrx_word' id='word_1_537' title='bbox 2466 2673 2723 2727; x_wconf 76' lang='grc' dir='ltr'>ἀδύνατον</span> <span class='ocrx_word' id='word_1_538' title='bbox 2762 2676 2820 2726; x_wconf 85' lang='grc' dir='ltr'><strong>ἐν</strong></span> <span class='ocrx_word' id='word_1_539' title='bbox 2850 2673 2927 2744; x_wconf 79' lang='grc' dir='ltr'>τῷ</span> <span class='ocrx_word' id='word_1_540' title='bbox 2958 2673 3106 2742; x_wconf 81' lang='grc' dir='ltr'>αὑτῷ</span> <span class='ocrx_word' id='word_1_541' title='bbox 3139 2674 3232 2726; x_wconf 77' lang='grc' dir='ltr'>ἀεὶ</span> <span class='ocrx_word' id='word_1_542' title='bbox 3265 2671 3424 2735; x_wconf 79' lang='grc' dir='ltr'>εἶναι,</span> <span class='ocrx_word' id='word_1_543' title='bbox 3457 2672 3524 2743; x_wconf 84' lang='grc' dir='ltr'><strong>μὴ</strong></span> <span class='ocrx_word' id='word_1_544' title='bbox 3555 2687 3656 2742; x_wconf 87' lang='grc' dir='ltr'>τρι-</span> 
     </span>
    </p>
   </div>
   <div class='ocr_carea' id='block_1_74' title="bbox 2095 2765 3656 2836">
    <p class='ocr_par' dir='ltr' id='par_1_74' title="bbox 2095 2765 3656 2836">
     <span class='ocr_line' id='line_1_74' title="bbox 2095 2765 3656 2836; baseline -0.002 -16"><span class='ocrx_word' id='word_1_545' title='bbox 2095 2784 2186 2820; x_wconf 86' lang='grc' dir='ltr'><strong>του</strong></span> <span class='ocrx_word' id='word_1_546' title='bbox 2220 2767 2364 2830; x_wconf 78' lang='grc' dir='ltr'>τινὸς</span> <span class='ocrx_word' id='word_1_547' title='bbox 2399 2766 2501 2836; x_wconf 83' lang='grc' dir='ltr'>τῆς</span> <span class='ocrx_word' id='word_1_548' title='bbox 2538 2766 2646 2818; x_wconf 83' lang='grc' dir='ltr'><strong>τῶν</strong></span> <span class='ocrx_word' id='word_1_549' title='bbox 2691 2765 2862 2816; x_wconf 72' lang='grc' dir='ltr'>ὄντων</span> <span class='ocrx_word' id='word_1_550' title='bbox 2894 2765 3082 2827; x_wconf 75' lang='grc' dir='ltr'>οὐσίας</span> <span class='ocrx_word' id='word_1_551' title='bbox 3115 2765 3208 2817; x_wconf 72' lang='grc' dir='ltr'>ἀεὶ</span> <span class='ocrx_word' id='word_1_552' title='bbox 3245 2766 3452 2827; x_wconf 83' lang='grc' dir='ltr'>ἐνόντος</span> <span class='ocrx_word' id='word_1_553' title='bbox 3476 2765 3656 2827; x_wconf 79' lang='grc' dir='ltr'>αὐτοῖς.</span> 
     </span>
    </p>
   </div>
   <div class='ocr_carea' id='block_1_75' title="bbox 2106 2852 3659 2929">
    <p class='ocr_par' dir='ltr' id='par_1_75' title="bbox 2106 2852 3659 2929">
     <span class='ocr_line' id='line_1_75' title="bbox 2106 2852 3659 2929; baseline -0.003 -17"><span class='ocrx_word' id='word_1_554' title='bbox 2106 2858 2267 2912; x_wconf 83' lang='grc' dir='ltr'>Ἀλλὰ</span> <span class='ocrx_word' id='word_1_555' title='bbox 2291 2858 2398 2928; x_wconf 82' lang='grc' dir='ltr'>γὰρ</span> <span class='ocrx_word' id='word_1_556' title='bbox 2426 2859 2525 2911; x_wconf 72' lang='grc' dir='ltr'><strong>οὐκ</strong></span> <span class='ocrx_word' id='word_1_557' title='bbox 2565 2857 2679 2910; x_wconf 80' lang='grc' dir='ltr'>ἔστι</span> <span class='ocrx_word' id='word_1_558' title='bbox 2725 2857 2870 2928; x_wconf 71' lang='grc' dir='ltr'>ψυχὴ</span> <span class='ocrx_word' id='word_1_559' title='bbox 2902 2858 3082 2929; x_wconf 87' lang='grc' dir='ltr'>τρίτον</span> <span class='ocrx_word' id='word_1_560' title='bbox 3126 2875 3182 2910; x_wconf 91' lang='grc' dir='ltr'><strong>τι</strong></span> <span class='ocrx_word' id='word_1_561' title='bbox 3227 2859 3455 2928; x_wconf 73' lang='grc' dir='ltr'>πρᾶγμα</span> <span class='ocrx_word' id='word_1_562' title='bbox 3485 2857 3542 2909; x_wconf 83' lang='grc' dir='ltr'>ὲκ</span> <span class='ocrx_word' id='word_1_563' title='bbox 3578 2852 3659 2908; x_wconf 81' lang='grc' dir='ltr'>δύο</span> 
     </span>
    </p>
   </div>
   <div class='ocr_carea' id='block_1_76' title="bbox 2095 2945 3657 3021">
    <p class='ocr_par' dir='ltr' id='par_1_76' title="bbox 2095 2945 3657 3021">
     <span class='ocr_line' id='line_1_76' title="bbox 2095 2945 3657 3021; baseline -0.004 -17"><span class='ocrx_word' id='word_1_564' title='bbox 2095 2951 2352 3004; x_wconf 80' lang='grc' dir='ltr'>ἐναντίων</span> <span class='ocrx_word' id='word_1_565' title='bbox 2385 2949 2630 3021; x_wconf 84' lang='grc' dir='ltr'>ἀλλήλοις</span> <span class='ocrx_word' id='word_1_566' title='bbox 2661 2949 2930 3011; x_wconf 77' lang='grc' dir='ltr'>σύνθετον,</span> <span class='ocrx_word' id='word_1_567' title='bbox 2971 2948 3180 3002; x_wconf 88' lang='grc' dir='ltr'>ἁπλοῦν</span> <span class='ocrx_word' id='word_1_568' title='bbox 3213 2949 3270 3002; x_wconf 77' lang='grc' dir='ltr'><strong>δὲ</strong></span> <span class='ocrx_word' id='word_1_569' title='bbox 3296 2949 3388 3001; x_wconf 72' lang='grc' dir='ltr'><strong>καὶ</strong></span> <span class='ocrx_word' id='word_1_570' title='bbox 3415 2950 3476 3019; x_wconf 81' lang='grc' dir='ltr'>τῇ</span> <span class='ocrx_word' id='word_1_571' title='bbox 3511 2945 3657 3000; x_wconf 81' lang='grc' dir='ltr'>αὑτοῦ</span> 
     </span>
    </p>
   </div>
   <div class='ocr_carea' id='block_1_77' title="bbox 2096 3040 3657 3113">
    <p class='ocr_par' dir='ltr' id='par_1_77' title="bbox 2096 3040 3657 3113">
     <span class='ocr_line' id='line_1_77' title="bbox 2096 3040 3657 3113; baseline -0.003 -17"><span class='ocrx_word' id='word_1_572' title='bbox 2096 3043 2255 3112; x_wconf 77' lang='grc' dir='ltr'>φύσει</span> <span class='ocrx_word' id='word_1_573' title='bbox 2287 3042 2494 3105; x_wconf 80' lang='grc' dir='ltr'>ἀπαθὲς</span> <span class='ocrx_word' id='word_1_574' title='bbox 2521 3045 2615 3095; x_wconf 71' lang='grc' dir='ltr'><strong>καὶ</strong></span> <span class='ocrx_word' id='word_1_575' title='bbox 2645 3040 2960 3113; x_wconf 82' lang='grc' dir='ltr'>ἀσώματον.</span> <span class='ocrx_word' id='word_1_576' title='bbox 3000 3041 3163 3095; x_wconf 86' lang='grc' dir='ltr'>Ὅθεν</span> <span class='ocrx_word' id='word_1_577' title='bbox 3204 3041 3450 3104; x_wconf 84' lang='grc' dir='ltr'>Πλάτων,</span> <span class='ocrx_word' id='word_1_578' title='bbox 3495 3040 3580 3092; x_wconf 73' lang='grc' dir='ltr'>καὶ</span> <span class='ocrx_word' id='word_1_579' title='bbox 3616 3040 3657 3091; x_wconf 87' lang='grc' dir='ltr'>οἱ</span> 
     </span>
    </p>
   </div>
   <div class='ocr_carea' id='block_1_78' title="bbox 2101 3129 3658 3207">
    <p class='ocr_par' dir='ltr' id='par_1_78' title="bbox 2101 3129 3658 3207">
     <span class='ocr_line' id='line_1_78' title="bbox 2101 3129 3658 3207; baseline -0.004 -19"><span class='ocrx_word' id='word_1_580' title='bbox 2101 3137 2220 3207; x_wconf 76' lang='grc' dir='ltr'>μετ’</span> <span class='ocrx_word' id='word_1_581' title='bbox 2271 3135 2456 3198; x_wconf 81' lang='grc' dir='ltr'>αὑτοῦ,</span> <span class='ocrx_word' id='word_1_582' title='bbox 2491 3133 2757 3189; x_wconf 82' lang='grc' dir='ltr'>ἀθάνατον</span> <span class='ocrx_word' id='word_1_583' title='bbox 2801 3134 2968 3205; x_wconf 78' lang='grc' dir='ltr'>αὐτὴν</span> <span class='ocrx_word' id='word_1_584' title='bbox 3016 3133 3228 3202; x_wconf 73' lang='grc' dir='ltr'>ἔφασαν</span> <span class='ocrx_word' id='word_1_585' title='bbox 3271 3129 3424 3188; x_wconf 79' lang='grc' dir='ltr'>εἶναι.</span> <span class='ocrx_word' id='word_1_586' title='bbox 3465 3129 3658 3199; x_wconf 83' lang='grc' dir='ltr'>Ἐπειδὴ</span> 
     </span>
    </p>
   </div>
   <div class='ocr_carea' id='block_1_79' title="bbox 2097 3223 3712 3296">
    <p class='ocr_par' dir='ltr' id='par_1_79' title="bbox 2097 3223 3712 3296">
     <span class='ocr_line' id='line_1_79' title="bbox 2097 3223 3712 3296; baseline -0.003 -18"><span class='ocrx_word' id='word_1_587' title='bbox 2097 3225 2153 3278; x_wconf 80' lang='grc' dir='ltr'><strong>δὲ</strong></span> <span class='ocrx_word' id='word_1_588' title='bbox 2180 3225 2269 3278; x_wconf 81' lang='grc' dir='ltr'><strong>τὸν</strong></span> <span class='ocrx_word' id='word_1_589' title='bbox 2298 3225 2581 3296; x_wconf 78' lang='grc' dir='ltr'>ἄνθρωπον</span> <span class='ocrx_word' id='word_1_590' title='bbox 2615 3226 2678 3278; x_wconf 84' lang='grc' dir='ltr'><strong>ἐκ</strong></span> <span class='ocrx_word' id='word_1_591' title='bbox 2703 3224 2880 3295; x_wconf 71' lang='grc' dir='ltr'>ψυχῆς</span> <span class='ocrx_word' id='word_1_592' title='bbox 2911 3224 3005 3276; x_wconf 65' lang='grc' dir='ltr'><strong>καὶ</strong></span> <span class='ocrx_word' id='word_1_593' title='bbox 3054 3223 3310 3295; x_wconf 83' lang='grc' dir='ltr'>σώματος</span> <span class='ocrx_word' id='word_1_594' title='bbox 3355 3224 3522 3288; x_wconf 85' lang='grc' dir='ltr'>κοινός</span> <span class='ocrx_word' id='word_1_595' title='bbox 3556 3224 3658 3274; x_wconf 83' lang='grc' dir='ltr'>ἐστι</span> <span class='ocrx_word' id='word_1_596' title='bbox 3709 3227 3712 3230; x_wconf 40' lang='grc' dir='ltr'><strong>ί</strong></span> 
     </span>
    </p>
   </div>
   <div class='ocr_carea' id='block_1_80' title="bbox 2099 3315 3658 3388">
    <p class='ocr_par' dir='ltr' id='par_1_80' title="bbox 2099 3315 3658 3388">
     <span class='ocr_line' id='line_1_80' title="bbox 2099 3315 3658 3388; baseline -0.003 -16"><span class='ocrx_word' id='word_1_597' title='bbox 2099 3318 2314 3372; x_wconf 81' lang='grc' dir='ltr'>πάντων</span> <span class='ocrx_word' id='word_1_598' title='bbox 2341 3317 2498 3386; x_wconf 83' lang='grc' dir='ltr'>λόγος</span> <span class='ocrx_word' id='word_1_599' title='bbox 2521 3318 2823 3386; x_wconf 86' lang='grc' dir='ltr'>γεγονέναι,</span> <span class='ocrx_word' id='word_1_600' title='bbox 2856 3317 2922 3371; x_wconf 77' lang='grc' dir='ltr'>τὰ</span> <span class='ocrx_word' id='word_1_601' title='bbox 2958 3319 3002 3371; x_wconf 79' lang='grc' dir='ltr'><strong>δ’</strong></span> <span class='ocrx_word' id='word_1_602' title='bbox 3029 3319 3086 3373; x_wconf 81' lang='grc' dir='ltr'><strong>ἐν</strong></span> <span class='ocrx_word' id='word_1_603' title='bbox 3109 3320 3248 3388; x_wconf 78' lang='grc' dir='ltr'>ἡμῖν</span> <span class='ocrx_word' id='word_1_604' title='bbox 3275 3317 3400 3371; x_wconf 82' lang='grc' dir='ltr'>ἄνευ</span> <span class='ocrx_word' id='word_1_605' title='bbox 3433 3315 3658 3386; x_wconf 82' lang='grc' dir='ltr'>σώματος</span> 
     </span>
    </p>
   </div>
   <div class='ocr_carea' id='block_1_81' title="bbox 2105 3403 3660 3477">
    <p class='ocr_par' dir='ltr' id='par_1_81' title="bbox 2105 3403 3660 3477">
     <span class='ocr_line' id='line_1_81' title="bbox 2105 3403 3660 3477; baseline -0.004 -15"><span class='ocrx_word' id='word_1_606' title='bbox 2105 3408 2366 3472; x_wconf 71' lang='grc' dir='ltr'>ἑκουσίως</span> <span class='ocrx_word' id='word_1_607' title='bbox 2404 3409 2498 3462; x_wconf 73' lang='grc' dir='ltr'><strong>καὶ</strong></span> <span class='ocrx_word' id='word_1_608' title='bbox 2531 3408 2798 3472; x_wconf 84' lang='grc' dir='ltr'>ἀκουσίως</span> <span class='ocrx_word' id='word_1_609' title='bbox 2841 3408 3137 3477; x_wconf 85' lang='grc' dir='ltr'>γιγνόμενα</span> <span class='ocrx_word' id='word_1_610' title='bbox 3177 3407 3323 3477; x_wconf 77' lang='grc' dir='ltr'>πάθη</span> <span class='ocrx_word' id='word_1_611' title='bbox 3367 3408 3463 3477; x_wconf 81' lang='grc' dir='ltr'>τῆς</span> <span class='ocrx_word' id='word_1_612' title='bbox 3501 3403 3660 3474; x_wconf 76' lang='grc' dir='ltr'>ψυχῆς</span> 
     </span>
    </p>
   </div>
   <div class='ocr_carea' id='block_1_82' title="bbox 2099 3498 3658 3572">
    <p class='ocr_par' dir='ltr' id='par_1_82' title="bbox 2099 3498 3658 3572">
     <span class='ocr_line' id='line_1_82' title="bbox 2099 3498 3658 3572; baseline -0.001 -20"><span class='ocrx_word' id='word_1_613' title='bbox 2099 3498 2236 3553; x_wconf 84' lang='grc' dir='ltr'>εἷναι</span> <span class='ocrx_word' id='word_1_614' title='bbox 2277 3499 2515 3568; x_wconf 87' lang='grc' dir='ltr'>λέγεται,</span> <span class='ocrx_word' id='word_1_615' title='bbox 2565 3502 2614 3552; x_wconf 83' lang='grc' dir='ltr'>οἱ</span> <span class='ocrx_word' id='word_1_616' title='bbox 2657 3501 2756 3570; x_wconf 75' lang='grc' dir='ltr'><strong>μὲν</strong></span> <span class='ocrx_word' id='word_1_617' title='bbox 2806 3498 3012 3563; x_wconf 67' lang='grc' dir='ltr'>πόλλοὶ,</span> <span class='ocrx_word' id='word_1_618' title='bbox 3045 3499 3224 3572; x_wconf 78' lang='grc' dir='ltr'>τούτῳ</span> <span class='ocrx_word' id='word_1_619' title='bbox 3261 3498 3658 3569; x_wconf 81' lang='grc' dir='ltr'>τεκμαιρόμενοι</span> 
     </span>
    </p>
   </div>
   <div class='ocr_carea' id='block_1_83' title="bbox 2099 3588 3658 3664">
    <p class='ocr_par' dir='ltr' id='par_1_83' title="bbox 2099 3588 3658 3664">
     <span class='ocr_line' id='line_1_83' title="bbox 2099 3588 3658 3664; baseline -0.003 -19"><span class='ocrx_word' id='word_1_620' title='bbox 2099 3591 2177 3663; x_wconf 79' lang='grc' dir='ltr'>τῷ</span> <span class='ocrx_word' id='word_1_621' title='bbox 2211 3591 2321 3663; x_wconf 69' lang='grc'><strong>(45)</strong></span> <span class='ocrx_word' id='word_1_622' title='bbox 2353 3591 2599 3663; x_wconf 78' lang='grc' dir='ltr'>παθητὴν</span> <span class='ocrx_word' id='word_1_623' title='bbox 2626 3588 2882 3664; x_wconf 74' lang='grc' dir='ltr'>εἶναιτὴν</span> <span class='ocrx_word' id='word_1_624' title='bbox 2903 3593 3091 3655; x_wconf 75' lang='grc' dir='ltr'>οὐσίαν</span> <span class='ocrx_word' id='word_1_625' title='bbox 3125 3593 3319 3662; x_wconf 73' lang='grc' dir='ltr'>αὐτῆς,</span> <span class='ocrx_word' id='word_1_626' title='bbox 3357 3590 3544 3661; x_wconf 78' lang='grc' dir='ltr'>θνητὴν</span> <span class='ocrx_word' id='word_1_627' title='bbox 3571 3589 3658 3642; x_wconf 72' lang='grc' dir='ltr'><strong>αὺ-</strong></span> 
     </span>
    </p>
   </div>
   <div class='ocr_carea' id='block_1_84' title="bbox 2102 3679 3658 3755">
    <p class='ocr_par' dir='ltr' id='par_1_84' title="bbox 2102 3679 3658 3755">
     <span class='ocr_line' id='line_1_84' title="bbox 2102 3679 3658 3755; baseline -0.004 -17"><span class='ocrx_word' id='word_1_628' title='bbox 2102 3684 2199 3755; x_wconf 86' lang='grc' dir='ltr'>τὴν</span> <span class='ocrx_word' id='word_1_629' title='bbox 2224 3679 2363 3737; x_wconf 76' lang='grc' dir='ltr'>εἶναι</span> <span class='ocrx_word' id='word_1_630' title='bbox 2391 3684 2627 3751; x_wconf 83' lang='grc' dir='ltr'>λέγουσι,</span> <span class='ocrx_word' id='word_1_631' title='bbox 2657 3685 2749 3737; x_wconf 80' lang='grc' dir='ltr'><strong>καὶ</strong></span> <span class='ocrx_word' id='word_1_632' title='bbox 2796 3684 3155 3755; x_wconf 82' lang='grc' dir='ltr'>σωματοειδῆ,</span> <span class='ocrx_word' id='word_1_633' title='bbox 3193 3684 3304 3738; x_wconf 84' lang='grc' dir='ltr'>ἀλλ’</span> <span class='ocrx_word' id='word_1_634' title='bbox 3333 3684 3430 3736; x_wconf 80' lang='grc' dir='ltr'><strong>οὐκ</strong></span> <span class='ocrx_word' id='word_1_635' title='bbox 3456 3681 3658 3752; x_wconf 80' lang='grc' dir='ltr'>ἀσώμα-</span> 
     </span>
    </p>
   </div>
   <div class='ocr_carea' id='block_1_85' title="bbox 2101 3774 3657 3847">
    <p class='ocr_par' dir='ltr' id='par_1_85' title="bbox 2101 3774 3657 3847">
     <span class='ocr_line' id='line_1_85' title="bbox 2101 3774 3657 3847; baseline -0.002 -19"><span class='ocrx_word' id='word_1_636' title='bbox 2101 3793 2192 3828; x_wconf 90' lang='grc' dir='ltr'><strong>τον</strong></span> <span class='ocrx_word' id='word_1_637' title='bbox 2216 3792 2230 3805; x_wconf 87' lang='grc'><strong>·</strong></span> <span class='ocrx_word' id='word_1_638' title='bbox 2265 3777 2294 3828; x_wconf 88' lang='grc' dir='ltr'>ὁ</span> <span class='ocrx_word' id='word_1_639' title='bbox 2333 3774 2389 3827; x_wconf 80' lang='grc' dir='ltr'>δὲ</span> <span class='ocrx_word' id='word_1_640' title='bbox 2431 3775 2678 3836; x_wconf 79' lang='grc' dir='ltr'>Πλάτων,</span> <span class='ocrx_word' id='word_1_641' title='bbox 2712 3776 2790 3847; x_wconf 81' lang='grc' dir='ltr'>τῷ</span> <span class='ocrx_word' id='word_1_642' title='bbox 2819 3776 2978 3846; x_wconf 75' lang='grc' dir='ltr'>φύσει</span> <span class='ocrx_word' id='word_1_643' title='bbox 3018 3777 3192 3847; x_wconf 78' lang='grc' dir='ltr'>αὐτῆς</span> <span class='ocrx_word' id='word_1_644' title='bbox 3222 3775 3424 3830; x_wconf 81' lang='grc' dir='ltr'>ἀπαθεῖ</span> <span class='ocrx_word' id='word_1_645' title='bbox 3472 3788 3657 3845; x_wconf 80' lang='grc' dir='ltr'>προση-</span> 
     </span>
    </p>
   </div>
   <div class='ocr_carea' id='block_1_86' title="bbox 2103 3862 3657 3940">
    <p class='ocr_par' dir='ltr' id='par_1_86' title="bbox 2103 3862 3657 3940">
     <span class='ocr_line' id='line_1_86' title="bbox 2103 3862 3657 3940; baseline -0.005 -19"><span class='ocrx_word' id='word_1_646' title='bbox 2103 3866 2386 3938; x_wconf 82' lang='grc' dir='ltr'>ναγκάσθη</span> <span class='ocrx_word' id='word_1_647' title='bbox 2427 3867 2525 3938; x_wconf 81' lang='grc' dir='ltr'>τὴν</span> <span class='ocrx_word' id='word_1_648' title='bbox 2561 3867 2807 3939; x_wconf 79' lang='grc' dir='ltr'>παθητὴν</span> <span class='ocrx_word' id='word_1_649' title='bbox 2834 3869 3022 3922; x_wconf 83' lang='grc' dir='ltr'>οὐσίαν</span> <span class='ocrx_word' id='word_1_650' title='bbox 3063 3870 3424 3940; x_wconf 71' lang='grc' dir='ltr'>προσυφᾶναι.</span> <span class='ocrx_word' id='word_1_651' title='bbox 3462 3867 3572 3918; x_wconf 87' lang='grc' dir='ltr'>Ὅτι</span> <span class='ocrx_word' id='word_1_652' title='bbox 3608 3862 3657 3915; x_wconf 76' lang='grc' dir='ltr'><strong>δέ</strong></span> 
     </span>
    </p>
   </div>
   <div class='ocr_carea' id='block_1_87' title="bbox 2107 3955 3656 4034">
    <p class='ocr_par' dir='ltr' id='par_1_87' title="bbox 2107 3955 3656 4034">
     <span class='ocr_line' id='line_1_87' title="bbox 2107 3955 3656 4034; baseline -0.015 -6"><span class='ocrx_word' id='word_1_653' title='bbox 2107 3959 2182 4031; x_wconf 84' lang='grc' dir='ltr'>μὴ</span> <span class='ocrx_word' id='word_1_654' title='bbox 2221 3960 2420 4032; x_wconf 76' lang='grc' dir='ltr'>ἑτέρως</span> <span class='ocrx_word' id='word_1_655' title='bbox 2457 3959 2592 4030; x_wconf 78' lang='grc' dir='ltr'>ἔχει,</span> <span class='ocrx_word' id='word_1_656' title='bbox 2642 3961 2699 4028; x_wconf 79' lang='grc' dir='ltr'>ἐξ</span> <span class='ocrx_word' id='word_1_657' title='bbox 2747 3955 2821 4016; x_wconf 83' lang='grc' dir='ltr'>ὧν</span> <span class='ocrx_word' id='word_1_658' title='bbox 2867 3963 3116 4034; x_wconf 80' lang='grc' dir='ltr'>ἑκάτεροι</span> <span class='ocrx_word' id='word_1_659' title='bbox 3153 3963 3426 4034; x_wconf 81' lang='grc' dir='ltr'>εἰρήκασι,</span> <span class='ocrx_word' id='word_1_660' title='bbox 3455 3959 3656 4012; x_wconf 81' lang='grc' dir='ltr'>Πλάτων</span> 
     </span>
    </p>
   </div>
   <div class='ocr_carea' id='block_1_88' title="bbox 2104 4049 3657 4125">
    <p class='ocr_par' dir='ltr' id='par_1_88' title="bbox 2104 4049 3657 4125">
     <span class='ocr_line' id='line_1_88' title="bbox 2104 4049 3657 4125; baseline 0 -22"><span class='ocrx_word' id='word_1_661' title='bbox 2104 4068 2164 4104; x_wconf 91' lang='grc' dir='ltr'><strong>τε</strong></span> <span class='ocrx_word' id='word_1_662' title='bbox 2211 4053 2303 4104; x_wconf 77' lang='grc' dir='ltr'>καὶ</span> <span class='ocrx_word' id='word_1_663' title='bbox 2348 4053 2398 4104; x_wconf 75' lang='lat' dir='ltr'><strong>oi</strong></span> <span class='ocrx_word' id='word_1_664' title='bbox 2429 4051 2596 4116; x_wconf 84' lang='grc' dir='ltr'>ἄλλοι,</span> <span class='ocrx_word' id='word_1_665' title='bbox 2639 4052 3010 4125; x_wconf 77' lang='grc' dir='ltr'>πειρασόμεθα</span> <span class='ocrx_word' id='word_1_666' title='bbox 3037 4053 3115 4124; x_wconf 83' lang='grc' dir='ltr'>τῷ</span> <span class='ocrx_word' id='word_1_667' title='bbox 3143 4054 3307 4123; x_wconf 80' lang='grc' dir='ltr'>λόγῳ,</span> <span class='ocrx_word' id='word_1_668' title='bbox 3335 4054 3430 4115; x_wconf 81' lang='grc' dir='ltr'><strong>τὰς</strong></span> <span class='ocrx_word' id='word_1_669' title='bbox 3454 4051 3507 4104; x_wconf 85' lang='grc' dir='ltr'>ὲν</span> <span class='ocrx_word' id='word_1_670' title='bbox 3540 4049 3657 4119; x_wconf 73' lang='grc' dir='ltr'><strong>ἡμῖν</strong></span> 
     </span>
    </p>
   </div>
   <div class='ocr_carea' id='block_1_89' title="bbox 2103 4139 3650 4214">
    <p class='ocr_par' dir='ltr' id='par_1_89' title="bbox 2103 4139 3650 4214">
     <span class='ocr_line' id='line_1_89' title="bbox 2103 4139 3650 4214; baseline -0.004 -20"><span class='ocrx_word' id='word_1_671' title='bbox 2103 4139 2430 4212; x_wconf 75' lang='grc' dir='ltr'>ἐνεργούσας</span> <span class='ocrx_word' id='word_1_672' title='bbox 2473 4141 2732 4212; x_wconf 80' lang='grc' dir='ltr'>δυνάμεις</span> <span class='ocrx_word' id='word_1_673' title='bbox 2786 4141 3163 4213; x_wconf 83' lang='grc' dir='ltr'>παραθέντες,</span> <span class='ocrx_word' id='word_1_674' title='bbox 3226 4140 3590 4214; x_wconf 78' lang='grc' dir='ltr'>προσϐιϐἀσαι.</span> <span class='ocrx_word' id='word_1_675' title='bbox 3634 4156 3650 4187; x_wconf 76' lang='lat' dir='ltr'><strong>i</strong></span> 
     </span>
    </p>
   </div>
   <div class='ocr_carea' id='block_1_90' title="bbox 2104 4226 3655 4303">
    <p class='ocr_par' dir='ltr' id='par_1_90' title="bbox 2104 4226 3655 4303">
     <span class='ocr_line' id='line_1_90' title="bbox 2104 4226 3655 4303; baseline -0.003 -21"><span class='ocrx_word' id='word_1_676' title='bbox 2104 4229 2291 4283; x_wconf 84' lang='grc' dir='ltr'>Ταῦτά</span> <span class='ocrx_word' id='word_1_677' title='bbox 2323 4247 2412 4300; x_wconf 88' lang='grc' dir='ltr'><strong>μοι</strong></span> <span class='ocrx_word' id='word_1_678' title='bbox 2453 4230 2561 4284; x_wconf 83' lang='grc' dir='ltr'><strong>ἀπὸ</strong></span> <span class='ocrx_word' id='word_1_679' title='bbox 2608 4231 2716 4285; x_wconf 82' lang='grc' dir='ltr'>τῶν</span> <span class='ocrx_word' id='word_1_680' title='bbox 2751 4232 2991 4303; x_wconf 77' lang='grc' dir='ltr'>Σεϐήρου</span> <span class='ocrx_word' id='word_1_681' title='bbox 3041 4233 3135 4286; x_wconf 87' lang='grc' dir='ltr'><strong>τοῦ</strong></span> <span class='ocrx_word' id='word_1_682' title='bbox 3167 4229 3503 4286; x_wconf 80' lang='grc' dir='ltr'>Πλατωνικοῦ</span> <span class='ocrx_word' id='word_1_683' title='bbox 3545 4226 3655 4298; x_wconf 53' lang='grc' dir='ltr'>περὶ</span> 
     </span>
    </p>
   </div>
   <div class='ocr_carea' id='block_1_91' title="bbox 2103 4319 3654 4397">
    <p class='ocr_par' dir='ltr' id='par_1_91' title="bbox 2103 4319 3654 4397">
     <span class='ocr_line' id='line_1_91' title="bbox 2103 4319 3654 4397; baseline -0.001 -24"><span class='ocrx_word' id='word_1_684' title='bbox 2103 4319 2282 4392; x_wconf 78' lang='grc' dir='ltr'>ψυχῆς</span> <span class='ocrx_word' id='word_1_685' title='bbox 2328 4321 2659 4392; x_wconf 88' lang='grc' dir='ltr'>προκείσθω.</span> <span class='ocrx_word' id='word_1_686' title='bbox 2701 4323 2903 4392; x_wconf 77' lang='grc' dir='ltr'>Σκέψαι</span> <span class='ocrx_word' id='word_1_687' title='bbox 2946 4325 3001 4378; x_wconf 80' lang='grc' dir='ltr'>δὲ</span> <span class='ocrx_word' id='word_1_688' title='bbox 3039 4324 3175 4397; x_wconf 78' lang='grc' dir='ltr'>πρὸς</span> <span class='ocrx_word' id='word_1_689' title='bbox 3221 4329 3332 4388; x_wconf 85' lang='grc' dir='ltr'>τοῖς</span> <span class='ocrx_word' id='word_1_690' title='bbox 3376 4321 3654 4395; x_wconf 78' lang='grc' dir='ltr'>εἰρημένοις</span> 
     </span>
    </p>
   </div>
   <div class='ocr_carea' id='block_1_92' title="bbox 2107 4407 3650 4484">
    <p class='ocr_par' dir='ltr' id='par_1_92' title="bbox 2107 4407 3650 4484">
     <span class='ocr_line' id='line_1_92' title="bbox 2107 4407 3650 4484; baseline 0.001 -25"><span class='ocrx_word' id='word_1_691' title='bbox 2107 4407 2201 4460; x_wconf 74' lang='grc' dir='ltr'><strong>καὶ</strong></span> <span class='ocrx_word' id='word_1_692' title='bbox 2234 4407 2371 4470; x_wconf 87' lang='grc' dir='ltr'>τόδε,</span> <span class='ocrx_word' id='word_1_693' title='bbox 2401 4410 2527 4480; x_wconf 79' lang='grc' dir='ltr'>περὶ</span> <span class='ocrx_word' id='word_1_694' title='bbox 2560 4411 2657 4481; x_wconf 82' lang='grc' dir='ltr'>τῆς</span> <span class='ocrx_word' id='word_1_695' title='bbox 2684 4411 2913 4483; x_wconf 84' lang='grc' dir='ltr'>οὐρανοῦ</span> <span class='ocrx_word' id='word_1_696' title='bbox 2948 4414 3168 4467; x_wconf 72' lang='grc' dir='ltr'>καὶτῶν</span> <span class='ocrx_word' id='word_1_697' title='bbox 3205 4416 3261 4468; x_wconf 82' lang='grc' dir='ltr'><strong>ἐν</strong></span> <span class='ocrx_word' id='word_1_698' title='bbox 3291 4412 3432 4484; x_wconf 82' lang='grc' dir='ltr'>αὐτῷ</span> <span class='ocrx_word' id='word_1_699' title='bbox 3459 4417 3650 4480; x_wconf 57' lang='grc' dir='ltr'>φωστὴ-</span> 
     </span>
    </p>
   </div>
   <div class='ocr_carea' id='block_1_93' title="bbox 422 4482 1993 4571">
    <p class='ocr_par' dir='ltr' id='par_1_93' title="bbox 422 4499 1993 4563">
     <span class='ocr_line' id='line_1_93' title="bbox 422 4499 1993 4563; baseline -0.007 -1"><span class='ocrx_word' id='word_1_700' title='bbox 422 4507 526 4562; x_wconf 75' lang='lat' dir='ltr'><strong>bus</strong></span> <span class='ocrx_word' id='word_1_701' title='bbox 553 4505 865 4561; x_wconf 90' lang='lat' dir='ltr'><strong>nolentibus</strong></span> <span class='ocrx_word' id='word_1_702' title='bbox 890 4502 1291 4558; x_wconf 83' lang='lat' dir='ltr'><strong>commotiones</strong></span> <span class='ocrx_word' id='word_1_703' title='bbox 1324 4500 1618 4563; x_wconf 77' lang='lat' dir='ltr'><strong>exsismnt,</strong></span> <span class='ocrx_word' id='word_1_704' title='bbox 1648 4501 1832 4553; x_wconf 89' lang='lat' dir='ltr'><strong>animo</strong></span> <span class='ocrx_word' id='word_1_705' title='bbox 1860 4499 1993 4552; x_wconf 88' lang='lat' dir='ltr'><strong>assi-</strong></span> 
     </span>
    </p>
   </div>
   <div class='ocr_carea' id='block_1_94' title="bbox 2097 4482 2448 4571">
    <p class='ocr_par' dir='ltr' id='par_1_94' title="bbox 2108 4501 2448 4571">
     <span class='ocr_line' id='line_1_94' title="bbox 2108 4501 2448 4571; baseline 0 -1"><span class='ocrx_word' id='word_1_706' title='bbox 2108 4517 2217 4570; x_wconf 87' lang='grc' dir='ltr'><strong>ρων</strong></span> <span class='ocrx_word' id='word_1_707' title='bbox 2254 4501 2448 4571; x_wconf 65' lang='grc' dir='ltr'><strong>ἀρχῆς.</strong></span> 
     </span>
    </p>
   </div>
   <div class='ocr_carea' id='block_1_95' title="bbox 422 4593 3648 4672">
    <p class='ocr_par' dir='ltr' id='par_1_95' title="bbox 422 4593 3648 4672">
     <span class='ocr_line' id='line_1_95' title="bbox 422 4593 3648 4672; baseline -0.002 -18"><span class='ocrx_word' id='word_1_708' title='bbox 422 4610 658 4672; x_wconf 74' lang='lat' dir='ltr'><strong>gnantur</strong></span> <span class='ocrx_word' id='word_1_709' title='bbox 684 4599 973 4664; x_wconf 87' lang='lat' dir='ltr'><strong>universae,</strong></span> <span class='ocrx_word' id='word_1_710' title='bbox 996 4606 1246 4651; x_wconf 88' lang='lat' dir='ltr'><strong>naturam</strong></span> <span class='ocrx_word' id='word_1_711' title='bbox 1287 4595 1407 4666; x_wconf 87' lang='lat' dir='ltr'><strong>ejus</strong></span> <span class='ocrx_word' id='word_1_712' title='bbox 1440 4594 1697 4666; x_wconf 83' lang='lat' dir='ltr'><strong>patiendo</strong></span> <span class='ocrx_word' id='word_1_713' title='bbox 1744 4593 2038 4648; x_wconf 72' lang='lat' dir='ltr'><strong>obnoxiam</strong></span> <span class='ocrx_word' id='word_1_714' title='bbox 2099 4610 2221 4650; x_wconf 90' lang='lat' dir='ltr'><strong>esse</strong></span> <span class='ocrx_word' id='word_1_715' title='bbox 2268 4597 2621 4666; x_wconf 86' lang='lat' dir='ltr'><strong>conjicientcs</strong></span> <span class='ocrx_word' id='word_1_716' title='bbox 2683 4600 2808 4656; x_wconf 90' lang='lat' dir='ltr'><strong>inde</strong></span> <span class='ocrx_word' id='word_1_717' title='bbox 2870 4602 3147 4672; x_wconf 88' lang='lat' dir='ltr'><strong>plerique,</strong></span> <span class='ocrx_word' id='word_1_718' title='bbox 3207 4602 3479 4659; x_wconf 88' lang='lat' dir='ltr'><strong>mortalem</strong></span> <span class='ocrx_word' id='word_1_719' title='bbox 3516 4599 3648 4652; x_wconf 91' lang='lat' dir='ltr'><strong>illum</strong></span> 
     </span>
    </p>
   </div>
   <div class='ocr_carea' id='block_1_96' title="bbox 421 4691 3650 4768">
    <p class='ocr_par' dir='ltr' id='par_1_96' title="bbox 421 4691 3650 4768">
     <span class='ocr_line' id='line_1_96' title="bbox 421 4691 3650 4768; baseline -0.001 -21"><span class='ocrx_word' id='word_1_720' title='bbox 421 4702 585 4764; x_wconf 85' lang='lat' dir='ltr'><strong>atque</strong></span> <span class='ocrx_word' id='word_1_721' title='bbox 611 4707 956 4764; x_wconf 90' lang='lat' dir='ltr'><strong>corporeum,</strong></span> <span class='ocrx_word' id='word_1_722' title='bbox 993 4709 1102 4747; x_wconf 92' lang='lat' dir='ltr'><strong>non</strong></span> <span class='ocrx_word' id='word_1_723' title='bbox 1158 4691 1406 4762; x_wconf 90' lang='lat' dir='ltr'><strong>corporis</strong></span> <span class='ocrx_word' id='word_1_724' title='bbox 1459 4700 1734 4760; x_wconf 81' lang='lat' dir='ltr'><strong>expertem</strong></span> <span class='ocrx_word' id='word_1_725' title='bbox 1776 4705 1897 4745; x_wconf 90' lang='lat' dir='ltr'><strong>esse</strong></span> <span class='ocrx_word' id='word_1_726' title='bbox 1965 4691 2322 4746; x_wconf 90' lang='lat' dir='ltr'><strong>contendunt.</strong></span> <span class='ocrx_word' id='word_1_727' title='bbox 2381 4691 2535 4750; x_wconf 88' lang='lat' dir='ltr'><strong>Plato</strong></span> <span class='ocrx_word' id='word_1_728' title='bbox 2577 4706 2756 4750; x_wconf 91' lang='lat' dir='ltr'><strong>autem</strong></span> <span class='ocrx_word' id='word_1_729' title='bbox 2810 4698 2876 4752; x_wconf 93' lang='lat' dir='ltr'><strong>ad</strong></span> <span class='ocrx_word' id='word_1_730' title='bbox 2925 4698 3071 4752; x_wconf 85' lang='lat' dir='ltr'><strong>illam</strong></span> <span class='ocrx_word' id='word_1_731' title='bbox 3118 4699 3239 4768; x_wconf 85' lang='lat' dir='ltr'><strong>ejus</strong></span> <span class='ocrx_word' id='word_1_732' title='bbox 3283 4707 3500 4768; x_wconf 83' lang='lat' dir='ltr'><strong>partem,</strong></span> <span class='ocrx_word' id='word_1_733' title='bbox 3548 4706 3650 4763; x_wconf 72' lang='lat' dir='ltr'><strong>qua-</strong></span> 
     </span>
    </p>
   </div>
   <div class='ocr_carea' id='block_1_97' title="bbox 421 4786 3648 4864">
    <p class='ocr_par' dir='ltr' id='par_1_97' title="bbox 421 4786 3648 4864">
     <span class='ocr_line' id='line_1_97' title="bbox 421 4786 3648 4864; baseline -0.002 -20"><span class='ocrx_word' id='word_1_734' title='bbox 421 4797 616 4860; x_wconf 83' lang='lat' dir='ltr'><strong>suapte</strong></span> <span class='ocrx_word' id='word_1_735' title='bbox 661 4799 858 4844; x_wconf 87' lang='lat' dir='ltr'><strong>natura</strong></span> <span class='ocrx_word' id='word_1_736' title='bbox 900 4803 1120 4844; x_wconf 86' lang='lat' dir='ltr'><strong>omnem</strong></span> <span class='ocrx_word' id='word_1_737' title='bbox 1168 4786 1406 4858; x_wconf 73' lang='lat' dir='ltr'><strong>patiendi</strong></span> <span class='ocrx_word' id='word_1_738' title='bbox 1460 4786 1840 4841; x_wconf 89' lang='lat' dir='ltr'><strong>necessitatem</strong></span> <span class='ocrx_word' id='word_1_739' title='bbox 1906 4786 2236 4850; x_wconf 72' lang='lat' dir='ltr'><strong>excluderet,</strong></span> <span class='ocrx_word' id='word_1_740' title='bbox 2287 4787 2520 4843; x_wconf 83' lang='lat' dir='ltr'><strong>alteram</strong></span> <span class='ocrx_word' id='word_1_741' title='bbox 2579 4791 2721 4846; x_wconf 87' lang='lat' dir='ltr'><strong>hanc</strong></span> <span class='ocrx_word' id='word_1_742' title='bbox 2765 4807 2828 4846; x_wconf 74' lang='lat' dir='ltr'><strong>ex</strong></span> <span class='ocrx_word' id='word_1_743' title='bbox 2872 4807 2993 4848; x_wconf 89' lang='lat' dir='ltr'><strong>sese</strong></span> <span class='ocrx_word' id='word_1_744' title='bbox 3042 4794 3330 4864; x_wconf 89' lang='lat' dir='ltr'><strong>patientem</strong></span> <span class='ocrx_word' id='word_1_745' title='bbox 3386 4790 3648 4860; x_wconf 79' lang='lat' dir='ltr'><strong>adjungere</strong></span> 
     </span>
    </p>
   </div>
   <div class='ocr_carea' id='block_1_98' title="bbox 419 4879 3645 4967">
    <p class='ocr_par' dir='ltr' id='par_1_98' title="bbox 419 4879 3645 4967">
     <span class='ocr_line' id='line_1_98' title="bbox 419 4879 3645 4967; baseline -0.002 -29"><span class='ocrx_word' id='word_1_746' title='bbox 419 4892 644 4940; x_wconf 87' lang='lat' dir='ltr'><strong>coactus</strong></span> <span class='ocrx_word' id='word_1_747' title='bbox 673 4888 778 4938; x_wconf 85' lang='lat' dir='ltr'><strong>est.</strong></span> <span class='ocrx_word' id='word_1_748' title='bbox 811 4881 966 4948; x_wconf 84' lang='lat' dir='ltr'><strong>Quod</strong></span> <span class='ocrx_word' id='word_1_749' title='bbox 996 4890 1176 4935; x_wconf 89' lang='lat' dir='ltr'><strong>autem</strong></span> <span class='ocrx_word' id='word_1_750' title='bbox 1217 4880 1333 4935; x_wconf 70' lang='lat' dir='ltr'><strong>haac</strong></span> <span class='ocrx_word' id='word_1_751' title='bbox 1367 4880 1584 4934; x_wconf 88' lang='lat' dir='ltr'><strong>illorum</strong></span> <span class='ocrx_word' id='word_1_752' title='bbox 1618 4879 1873 4945; x_wconf 90' lang='lat' dir='ltr'><strong>utrinque</strong></span> <span class='ocrx_word' id='word_1_753' title='bbox 1906 4895 2006 4933; x_wconf 89' lang='lat' dir='ltr'><strong>nec</strong></span> <span class='ocrx_word' id='word_1_754' title='bbox 2045 4879 2150 4933; x_wconf 91' lang='lat' dir='ltr'><strong>alia</strong></span> <span class='ocrx_word' id='word_1_755' title='bbox 2199 4881 2335 4934; x_wconf 85' lang='lat' dir='ltr'><strong>ratio</strong></span> <span class='ocrx_word' id='word_1_756' title='bbox 2399 4879 2591 4948; x_wconf 80' lang='lat' dir='ltr'><strong>fuerit,</strong></span> <span class='ocrx_word' id='word_1_757' title='bbox 2636 4899 2703 4967; x_wconf 64' lang='grc' dir='ltr'>οξ</span> <span class='ocrx_word' id='word_1_758' title='bbox 2737 4886 2804 4938; x_wconf 90' lang='lat' dir='ltr'><strong>iis</strong></span> <span class='ocrx_word' id='word_1_759' title='bbox 2856 4901 2978 4955; x_wconf 66' lang='lat' dir='ltr'><strong>quae</strong></span> <span class='ocrx_word' id='word_1_760' title='bbox 3015 4901 3139 4940; x_wconf 92' lang='lat' dir='ltr'><strong>cum</strong></span> <span class='ocrx_word' id='word_1_761' title='bbox 3185 4903 3216 4942; x_wconf 91' lang='lat' dir='ltr'><strong>a</strong></span> <span class='ocrx_word' id='word_1_762' title='bbox 3258 4884 3491 4946; x_wconf 88' lang='lat' dir='ltr'><strong>Platone,</strong></span> <span class='ocrx_word' id='word_1_763' title='bbox 3549 4886 3645 4932; x_wconf 86' lang='lat' dir='ltr'><strong>tum</strong></span> 
     </span>
    </p>
   </div>
   <div class='ocr_carea' id='block_1_99' title="bbox 421 4969 3644 5045">
    <p class='ocr_par' dir='ltr' id='par_1_99' title="bbox 421 4969 3644 5045">
     <span class='ocr_line' id='line_1_99' title="bbox 421 4969 3644 5045; baseline -0.004 -14"><span class='ocrx_word' id='word_1_764' title='bbox 421 4975 587 5031; x_wconf 87' lang='lat' dir='ltr'><strong>etiam</strong></span> <span class='ocrx_word' id='word_1_765' title='bbox 651 4974 720 5028; x_wconf 90' lang='lat' dir='ltr'><strong>ab</strong></span> <span class='ocrx_word' id='word_1_766' title='bbox 778 4975 901 5028; x_wconf 91' lang='lat' dir='ltr'><strong>aliis</strong></span> <span class='ocrx_word' id='word_1_767' title='bbox 952 4973 1340 5042; x_wconf 89' lang='lat' dir='ltr'><strong>disputantur,</strong></span> <span class='ocrx_word' id='word_1_768' title='bbox 1389 4973 1708 5035; x_wconf 86' lang='lat' dir='ltr'><strong>ostendere,</strong></span> <span class='ocrx_word' id='word_1_769' title='bbox 1763 4985 1827 5024; x_wconf 90' lang='lat' dir='ltr'><strong>ac</strong></span> <span class='ocrx_word' id='word_1_770' title='bbox 1878 4970 2043 5024; x_wconf 90' lang='lat' dir='ltr'><strong>simul</strong></span> <span class='ocrx_word' id='word_1_771' title='bbox 2082 4969 2383 5026; x_wconf 69' lang='lat' dir='ltr'><strong>effectrices</strong></span> <span class='ocrx_word' id='word_1_772' title='bbox 2434 4974 2576 5039; x_wconf 89' lang='lat' dir='ltr'><strong>illas,</strong></span> <span class='ocrx_word' id='word_1_773' title='bbox 2607 4991 2727 5045; x_wconf 79' lang='lat' dir='ltr'><strong>qua:</strong></span> <span class='ocrx_word' id='word_1_774' title='bbox 2771 4976 2929 5032; x_wconf 87' lang='lat' dir='ltr'><strong>nobis</strong></span> <span class='ocrx_word' id='word_1_775' title='bbox 2978 4977 3155 5032; x_wconf 67' lang='lat' dir='ltr'><strong>insita:</strong></span> <span class='ocrx_word' id='word_1_776' title='bbox 3208 4985 3350 5042; x_wconf 91' lang='lat' dir='ltr'><strong>sunt,</strong></span> <span class='ocrx_word' id='word_1_777' title='bbox 3394 4972 3644 5028; x_wconf 82' lang='lat' dir='ltr'><strong>facultates</strong></span> 
     </span>
    </p>
   </div>
   <div class='ocr_carea' id='block_1_100' title="bbox 421 5059 3643 5140">
    <p class='ocr_par' dir='ltr' id='par_1_100' title="bbox 421 5059 3643 5140">
     <span class='ocr_line' id='line_1_100' title="bbox 421 5059 3643 5140; baseline -0.004 -20"><span class='ocrx_word' id='word_1_778' title='bbox 421 5081 674 5139; x_wconf 87' lang='lat' dir='ltr'><strong>promere</strong></span> <span class='ocrx_word' id='word_1_779' title='bbox 720 5082 785 5121; x_wconf 91' lang='lat' dir='ltr'><strong>ac</strong></span> <span class='ocrx_word' id='word_1_780' title='bbox 814 5064 1059 5136; x_wconf 74' lang='lat' dir='ltr'><strong>proferre</strong></span> <span class='ocrx_word' id='word_1_781' title='bbox 1081 5065 1426 5119; x_wconf 88' lang='lat' dir='ltr'><strong>conabimur.</strong></span> <span class='ocrx_word' id='word_1_782' title='bbox 1470 5082 1487 5114; x_wconf 73' lang='grc' dir='ltr'><strong>ι</strong></span> <span class='ocrx_word' id='word_1_783' title='bbox 1523 5060 1800 5116; x_wconf 84' lang='lat' dir='ltr'><strong>Hactenus</strong></span> <span class='ocrx_word' id='word_1_784' title='bbox 1837 5059 2022 5116; x_wconf 85' lang='lat' dir='ltr'><strong>Severi</strong></span> <span class='ocrx_word' id='word_1_785' title='bbox 2061 5061 2331 5121; x_wconf 90' lang='lat' dir='ltr'><strong>Platonici</strong></span> <span class='ocrx_word' id='word_1_786' title='bbox 2375 5066 2562 5121; x_wconf 87' lang='lat' dir='ltr'><strong>verba.</strong></span> <span class='ocrx_word' id='word_1_787' title='bbox 2611 5065 2730 5121; x_wconf 86' lang='lat' dir='ltr'><strong>Jam</strong></span> <span class='ocrx_word' id='word_1_788' title='bbox 2775 5069 2843 5124; x_wconf 90' lang='lat' dir='ltr'><strong>de</strong></span> <span class='ocrx_word' id='word_1_789' title='bbox 2887 5068 3046 5136; x_wconf 73' lang='lat' dir='ltr'><strong>coeli,</strong></span> <span class='ocrx_word' id='word_1_790' title='bbox 3081 5069 3254 5140; x_wconf 89' lang='lat' dir='ltr'><strong>deque</strong></span> <span class='ocrx_word' id='word_1_791' title='bbox 3295 5061 3643 5122; x_wconf 84' lang='lat' dir='ltr'><strong>collueentium</strong></span> 
     </span>
    </p>
   </div>
   <div class='ocr_carea' id='block_1_101' title="bbox 422 5152 2114 5230">
    <p class='ocr_par' dir='ltr' id='par_1_101' title="bbox 422 5152 2114 5230">
     <span class='ocr_line' id='line_1_101' title="bbox 422 5152 2114 5230; baseline -0.004 -14"><span class='ocrx_word' id='word_1_792' title='bbox 422 5162 497 5217; x_wconf 80' lang='lat' dir='ltr'><strong>toi</strong></span> <span class='ocrx_word' id='word_1_793' title='bbox 526 5152 782 5218; x_wconf 60' lang='lat' dir='ltr'><strong>&#39;siderum</strong></span> <span class='ocrx_word' id='word_1_794' title='bbox 817 5160 1108 5230; x_wconf 89' lang='lat' dir='ltr'><strong>principio,</strong></span> <span class='ocrx_word' id='word_1_795' title='bbox 1156 5157 1290 5228; x_wconf 87' lang='lat' dir='ltr'><strong>quid</strong></span> <span class='ocrx_word' id='word_1_796' title='bbox 1340 5157 1492 5210; x_wconf 81' lang='lat' dir='ltr'><strong>Plato</strong></span> <span class='ocrx_word' id='word_1_797' title='bbox 1535 5156 1772 5210; x_wconf 86' lang='lat' dir='ltr'><strong>senserit</strong></span> <span class='ocrx_word' id='word_1_798' title='bbox 1809 5155 2114 5210; x_wconf 87' lang='lat' dir='ltr'><strong>videamus.</strong></span> 
     </span>
    </p>
   </div>
   <div class='ocr_carea' id='block_1_102' title="bbox 494 5336 1997 5411">
    <p class='ocr_par' dir='ltr' id='par_1_102' title="bbox 494 5336 1997 5411">
     <span class='ocr_line' id='line_1_102' title="bbox 494 5336 1997 5411; baseline -0.003 -19"><span class='ocrx_word' id='word_1_799' title='bbox 494 5340 606 5411; x_wconf 71' lang='grc'><strong>(44)</strong></span> <span class='ocrx_word' id='word_1_800' title='bbox 652 5339 722 5394; x_wconf 84' lang='grc' dir='ltr'><em>Τὸ</em></span> <span class='ocrx_word' id='word_1_801' title='bbox 760 5339 1055 5411; x_wconf 64' lang='grc' dir='ltr'>μαλακόν.</span> <span class='ocrx_word' id='word_1_802' title='bbox 1091 5336 1220 5391; x_wconf 89' lang='lat' dir='ltr'><strong>Post</strong></span> <span class='ocrx_word' id='word_1_803' title='bbox 1249 5336 1579 5411; x_wconf 63' lang='lat' dir='ltr'><strong>haecvcrba,</strong></span> <span class='ocrx_word' id='word_1_804' title='bbox 1611 5336 1997 5411; x_wconf 81' lang='lat' dir='ltr'><strong>duarumsen-</strong></span> 
     </span>
    </p>
   </div>
   <div class='ocr_carea' id='block_1_103' title="bbox 419 5406 1999 5476">
    <p class='ocr_par' dir='ltr' id='par_1_103' title="bbox 419 5406 1999 5476">
     <span class='ocr_line' id='line_1_103' title="bbox 419 5406 1999 5476; baseline -0.005 -12"><span class='ocrx_word' id='word_1_805' title='bbox 419 5406 715 5464; x_wconf 41' lang='lat' dir='ltr'><strong>tentia&#39;rum</strong></span> <span class='ocrx_word' id='word_1_806' title='bbox 763 5406 1142 5476; x_wconf 71' lang='lat' dir='ltr'><strong>traiectionem</strong></span> <span class='ocrx_word' id='word_1_807' title='bbox 1190 5408 1485 5476; x_wconf 78' lang='lat' dir='ltr'><strong>contigisse</strong></span> <span class='ocrx_word' id='word_1_808' title='bbox 1524 5415 1687 5475; x_wconf 84' lang='lat' dir='ltr'><strong>puto;</strong></span> <span class='ocrx_word' id='word_1_809' title='bbox 1745 5406 1999 5476; x_wconf 83' lang='lat' dir='ltr'><strong>proimle-</strong></span> 
     </span>
    </p>
   </div>
   <div class='ocr_carea' id='block_1_104' title="bbox 420 5475 2001 5550">
    <p class='ocr_par' dir='ltr' id='par_1_104' title="bbox 420 5475 2001 5550">
     <span class='ocr_line' id='line_1_104' title="bbox 420 5475 2001 5550; baseline -0.004 -16"><span class='ocrx_word' id='word_1_810' title='bbox 420 5485 530 5550; x_wconf 81' lang='lat' dir='ltr'><strong>q&#39;uc</strong></span> <span class='ocrx_word' id='word_1_811' title='bbox 559 5483 640 5534; x_wconf 83' lang='lat' dir='ltr'><strong>sic</strong></span> <span class='ocrx_word' id='word_1_812' title='bbox 678 5475 1382 5550; x_wconf 53' lang='lat' dir='ltr'><strong>legendtun,‘fopalmam},</strong></span> <span class='ocrx_word' id='word_1_813' title='bbox 1421 5478 1485 5547; x_wconf 83' lang='grc' dir='ltr'>τῇ</span> <span class='ocrx_word' id='word_1_814' title='bbox 1514 5493 1573 5550; x_wconf 79' lang='grc' dir='ltr'><strong>τε</strong></span> <span class='ocrx_word' id='word_1_815' title='bbox 1612 5475 2001 5550; x_wconf 14' lang='grc' dir='ltr'>ἀπαθεῖᾲορσία</span> 
     </span>
    </p>
   </div>
   <div class='ocr_carea' id='block_1_105' title="bbox 423 5544 2002 5622">
    <p class='ocr_par' dir='ltr' id='par_1_105' title="bbox 423 5544 2002 5622">
     <span class='ocr_line' id='line_1_105' title="bbox 423 5544 2002 5622; baseline -0.004 -19"><span class='ocrx_word' id='word_1_816' title='bbox 423 5544 560 5620; x_wconf 61' lang='grc' dir='ltr'>πρὸς</span> <span class='ocrx_word' id='word_1_817' title='bbox 580 5551 678 5622; x_wconf 74' lang='grc' dir='ltr'>τὴν</span> <span class='ocrx_word' id='word_1_818' title='bbox 702 5544 1088 5622; x_wconf 63' lang='grc' dir='ltr'>παθητὴν,’καὶ</span> <span class='ocrx_word' id='word_1_819' title='bbox 1105 5544 1248 5602; x_wconf 77' lang='grc' dir='ltr'>’πᾶσι</span> <span class='ocrx_word' id='word_1_820' title='bbox 1274 5549 1386 5609; x_wconf 88' lang='grc' dir='ltr'>τοῖς</span> <span class='ocrx_word' id='word_1_821' title='bbox 1405 5544 1662 5610; x_wconf 81' lang='grc' dir='ltr'>τοιούτοις</span> <span class='ocrx_word' id='word_1_822' title='bbox 1688 5544 2002 5616; x_wconf 49' lang='lat' dir='ltr'><strong>amatum</strong></span> 
     </span>
    </p>
   </div>
   <div class='ocr_carea' id='block_1_106' title="bbox 2106 5337 3638 5411">
    <p class='ocr_par' dir='ltr' id='par_1_106' title="bbox 2106 5337 3638 5411">
     <span class='ocr_line' id='line_1_106' title="bbox 2106 5337 3638 5411; baseline -0.005 -22"><span class='ocrx_word' id='word_1_823' title='bbox 2106 5337 2321 5411; x_wconf 73' lang='grc' dir='ltr'>πάντων</span> <span class='ocrx_word' id='word_1_824' title='bbox 2361 5338 2646 5411; x_wconf 85' lang='grc' dir='ltr'>κοινωνίαν</span> <span class='ocrx_word' id='word_1_825' title='bbox 2667 5356 2681 5370; x_wconf 88' lang='grc'><strong>·</strong></span> <span class='ocrx_word' id='word_1_826' title='bbox 2703 5340 2770 5394; x_wconf 80' lang='grc' dir='ltr'>τὰ</span> <span class='ocrx_word' id='word_1_827' title='bbox 2808 5339 2865 5393; x_wconf 83' lang='grc' dir='ltr'>δὲ</span> <span class='ocrx_word' id='word_1_828' title='bbox 2891 5341 3180 5411; x_wconf 82' lang='grc' dir='ltr'>κραθέντα,</span> <span class='ocrx_word' id='word_1_829' title='bbox 3209 5352 3307 5399; x_wconf 89' lang='lat' dir='ltr'><strong>etc.</strong></span> <span class='ocrx_word' id='word_1_830' title='bbox 3333 5339 3492 5408; x_wconf 85' lang='lat' dir='ltr'><strong>Quam</strong></span> <span class='ocrx_word' id='word_1_831' title='bbox 3525 5344 3638 5386; x_wconf 87' lang='lat' dir='ltr'><strong>con-</strong></span> 
     </span>
    </p>
   </div>
   <div class='ocr_carea' id='block_1_107' title="bbox 2103 5407 3158 5478">
    <p class='ocr_par' dir='ltr' id='par_1_107' title="bbox 2103 5407 3158 5478">
     <span class='ocr_line' id='line_1_107' title="bbox 2103 5407 3158 5478; baseline 0.008 -16"><span class='ocrx_word' id='word_1_832' title='bbox 2103 5407 2370 5478; x_wconf 76' lang='lat' dir='ltr'><strong>jecturam</strong></span> <span class='ocrx_word' id='word_1_833' title='bbox 2404 5410 2457 5462; x_wconf 91' lang='lat' dir='ltr'><strong>in</strong></span> <span class='ocrx_word' id='word_1_834' title='bbox 2488 5410 2737 5465; x_wconf 85' lang='lat' dir='ltr'><strong>versione</strong></span> <span class='ocrx_word' id='word_1_835' title='bbox 2766 5407 2987 5468; x_wconf 82' lang='lat' dir='ltr'><strong>secutus</strong></span> <span class='ocrx_word' id='word_1_836' title='bbox 3015 5429 3158 5470; x_wconf 89' lang='lat' dir='ltr'><strong>sum.</strong></span> 
     </span>
    </p>
   </div>
   <div class='ocr_carea' id='block_1_108' title="bbox 2182 5477 2897 5548">
    <p class='ocr_par' dir='ltr' id='par_1_108' title="bbox 2182 5477 2897 5548">
     <span class='ocr_line' id='line_1_108' title="bbox 2182 5477 2897 5548; baseline 0.008 -17"><span class='ocrx_word' id='word_1_837' title='bbox 2182 5478 2293 5548; x_wconf 67' lang='grc'><strong>(45)</strong></span> <span class='ocrx_word' id='word_1_838' title='bbox 2335 5477 2496 5534; x_wconf 79' lang='lat' dir='ltr'><strong>Forte</strong></span> <span class='ocrx_word' id='word_1_839' title='bbox 2523 5481 2606 5545; x_wconf 88' lang='grc' dir='ltr'><strong>τό,</strong></span> <span class='ocrx_word' id='word_1_840' title='bbox 2645 5481 2727 5537; x_wconf 89' lang='lat' dir='ltr'><strong>vel</strong></span> <span class='ocrx_word' id='word_1_841' title='bbox 2760 5481 2897 5537; x_wconf 90' lang='lat' dir='ltr'><strong>dele.</strong></span> 
     </span>
    </p>
   </div>
  </div>
