3872 6368
276 339 416 394 H59

930 338 1204 395 EUSEBII
1243 338 1723 395 CESARIENSIS
1758 340 1909 396 OPP.
1948 340 2128 396 PARS
2164 340 2227 399 ll.
2269 372 2337 383 -ο
2376 340 2877 398 A‘POLOGETICA.

3379 344 3518 397 Ηϐυ

276 465 332 513 et
376 473 603 512 numero
649 466 919 529 quatuor,
966 459 1130 526 hujus
1190 460 1376 512 mundi
1422 475 1622 529 corpus
1655 475 1840 515 secum

1963 459 2129 531 ιύκλῳ
2164 460 2229 532 δὴ
2267 460 2376 532 (55)
2414 459 2612 513 κύκλον
2656 461 3041 531 στρεφόμενον,
3083 459 3309 531 ούρανὸν
3363 460 3527 529 μόνον

274 558 400 619 apte
423 551 775 604 consentimus
809 549 1059 604 eﬂectum
1087 559 1206 605 est:
1240 560 1352 605 tum
1391 566 1453 605 ea
1480 566 1602 606 sese
1654 551 1846 605 amici-

275 644 349 699 tia
406 644 635 713 proinde
686 642 1099 711 complectitur,
1160 653 1218 697 ut
1277 643 1329 696 in
1368 660 1535 697 unum
1585 659 1680 713 per
1728 658 1847 698 sese

273 737 609 801 coalescens,
652 736 721 789 ab
779 736 923 801 alio,
976 750 1139 804 quam
1195 735 1263 788 ab
1319 750 1421 798 eo,
1455 734 1615 804 cujus
1680 748 1846 787 manu

275 829 590 897 colligatum
643 836 745 892 est,
797 826 1021 881 dlSsOlVi
1071 841 1348 895 nunquam
1378 826 1571 896 possit.
1611 844 1631 876 ι
1687 822 1846 893 703

275 919 487 986 Quibus
535 919 647 972 haec
698 928 821 988 post
871 918 1134 972 nonnulla
1170 918 1489 987 subjnngit:
1528 936 1546 968 ‹
1588 914 1846 968 Animum

274 1022 455 1068 autem
482 1012 600 1081 ejus
627 1012 679 1065 in
714 1012 892 1065 medio
920 1012 1266 1076 collocatum,
1301 1011 1373 1065 ita
1411 1026 1505 1080 per
1531 1009 1847 1063 universum

275 1105 484 1169 cﬂ‘udit,
514 1115 573 1157 ut
606 1104 784 1173 ipsum
810 1084 1026 1172 quoque
1052 1117 1253 1172 corpus
1281 1102 1625 1156 extrinsecus
1654 1116 1719 1155 eo
1741 1098 1850 1154 cir-

275 1197 642 1253 cumfuderit:
680 1197 926 1265 adeoque
972 1195 1235 1249 mundum
1263 1196 1428 1258 Itunc,
1455 1195 1644 1248 orbem
1679 1209 1847 1247 unum

275 1291 534 1359 aliquem,
556 1288 758 1357 quique
786 1287 839 1339 in
873 1287 1059 1341 orbem
1087 1294 1559 1350 converterentur,
1577 1286 1850 1338 eumdem-

275 1397 383 1454 que
441 1381 616 1436 solum
666 1396 730 1434 ac
772 1380 890 1434 sine
925 1379 1249 1448 cujusquam
1302 1379 1527 1432 alterius
1573 1377 1850 1431 consortio

277 1489 402 1530 esse
438 1475 632 1528 voluit.
664 1492 680 1523 δ
716 1471 891 1542 Atque
920 1472 1114 1525 iterum
1148 1468 1375 1524 inferius
1417 1489 1428 1522 :
1467 1490 1483 1519 ι
1523 1469 1637 1523 Hoc
1662 1470 1847 1539 igitur,

278 1567 478 1638 inquit,
526 1566 722 1619 divinae
773 1562 1125 1645 providentia
1180 1562 1447 1623 consilio,
1498 1562 1573 1615 uti
1633 1572 1850 1628 tempus

276 1661 584 1722 exsisteret,
614 1658 715 1721 sol,
745 1657 896 1717 luna.
926 1670 989 1709 ac
1015 1661 1205 1709 caatera
1231 1655 1472 1724 quinque
1495 1654 1669 1709 sidera
1697 1694 1711 1717 ,
1730 1668 1852 1722 qua:

273 1752 438 1822 vulgo
459 1749 697 1805 errantia
729 1748 1101 1811 nominantur,
1127 1754 1414 1815 procreata
1439 1753 1587 1805 sunt.
1612 1759 1848 1813 quorum

1945 552 2042 607 ἕνα
2071 552 2272 624 ἔρημον
2298 553 2619 622 κατέστησε.
2655 570 2673 603 ι
2710 553 2819 605 Καὶ
2849 550 3013 604 πάλιν
3038 550 3246 614 ὑποϐάς
3273 551 3524 623 ἐπιφέρει

1909 624 1920 636 ’
1945 644 2147 713 λέγων’
2185 666 2203 696 ι
2246 644 2336 711 Ἐξ
2368 640 2460 697 οὖν
2497 644 2657 712 λόγου
2697 644 2807 715 (56)
2850 644 2943 697 καὶ
2981 644 3218 707 διανοίας
3250 643 3385 697 Θεοῦ
3414 662 3529 699 τοι-

1948 737 2117 807 αύτης
2138 738 2272 809 πρὸς
2297 739 2488 809 χρόνου
2512 737 2744 806 γένεσιν,
2773 737 2857 791 ἵνα
2881 736 3083 808 γενηθῇ
3114 738 3326 807 χρόνος,
3351 737 3523 807 ἥλιος,

1948 829 2042 881 καὶ
2080 828 2297 899 σελήνη,
2332 829 2425 880 καὶ
2474 828 2636 881 πέντε
2676 827 2812 881 ἄλλα
2841 828 3037 899 ἄστρα,
3063 827 3295 898 ἐπίκλην
3334 828 3528 897 ἔχοντα

1950 919 2240 991 πλάνητες,
2272 922 2351 984 εἰς
2376 919 2654 991 διορισμὸν
2686 919 2780 973 καὶ
2818 919 3061 989 φυλακὴν
3098 918 3347 990 ἀριθμῶν
3394 919 3528 991 χρό-

1948 1029 2040 1064 νου
2083 1013 2301 1080 γέγονε’
2341 1011 2565 1081 σώματα
2611 1011 2666 1064 δὲ
2709 1011 2887 1063 αὐτῶν
2930 1012 3177 1063 ἑκάστων
3221 1018 3455 1081 ποιήσας
3498 1012 3530 1064 ό

1949 1104 2100 1167 Θεὸς,
2130 1104 2319 1174 έθηκεν
2350 1106 2427 1167 εἰς
2459 1103 2557 1167 τὰς
2586 1102 2908 1175 περιφορὰς,
2940 1104 3006 1167 ἃς
3032 1105 3064 1175 ἡ
3109 1104 3337 1175 θατέρου
3380 1102 3534 1174 περί-

1948 1196 2064 1260 οδος
2115 1196 2217 1268 ᾔει.
2264 1216 2280 1245 ο
2329 1197 2440 1250 Καὶ
2481 1196 2755 1265 ἐπιλέγειν
2809 1215 2829 1247 ι
2869 1198 3098 1267 Δεσμοῖς
3153 1215 3213 1251 τε
3260 1197 3532 1268 ἐμψύχοις

1952 1289 2180 1361 σώματα
2229 1290 2449 1343 δεθέντα
2500 1289 2614 1353 ζῶα
2666 1288 2919 1360 ἐγενήθη,
2974 1289 3033 1342 τό
3089 1306 3149 1342 τε
3219 1288 3531 1360 προταχθὲν

1950 1383 2138 1455 ἔμαθε.
2177 1403 2195 1435 ι
2244 1384 2355 1436 Καὶ
2401 1384 2461 1437 ὲν
2505 1382 2580 1453 τῷ
2623 1382 2834 1454 δεκάτῳ
2883 1381 3001 1436 τῶν
3038 1380 3252 1450 Νόμων
3297 1381 3530 1434 καθόλου

1951 1475 2078 1546 περί
2102 1475 2281 1546 πάσης
2302 1474 2479 1545 ψυχῆς
2507 1475 2886 1543 ἀποφαίνεται,
2922 1473 3094 1541 λέγων
3119 1467 3225 1527 ὧδε
3244 1490 3258 1504 ο
3295 1493 3314 1525 ι
3356 1475 3535 1526 Μετα·

1952 1567 2136 1619 ϐάλλει
2181 1566 2432 1636 μέντοιγε
2474 1566 2583 1635 (57)
2628 1565 2782 1619 πάνθ’
2811 1566 2910 1619 ὅσα
2940 1564 3144 1636 μέτοχά
3172 1567 3287 1619 ἐστι
3326 1564 3531 1636 ψυχῆς,

1952 1661 2010 1712 ἐν
2064 1661 2275 1723 ἑαυτοῖς
2325 1659 2637 1730 κεκτημένα
2682 1660 2782 1730 τὴν
2834 1658 2935 1728 τῆς
2970 1657 3271 1728 μεταϐολῆς
3326 1658 3530 1711 αἰτίαν.

1951 1749 2338 1803 Μεταϐαλόντα
2366 1750 2422 1802 δὲ
2451 1749 2673 1820 φέρεται
2714 1750 2824 1820 (58)
2862 1748 3004 1803 κατὰ
3045 1749 3145 1821 τὴν
3183 1748 3286 1819 τῆς
3334 1752 3537 1821 εἱμαρ-

276 1821 429 1899 motu
462 1854 815 1895 numerorum
862 1837 1122 1906 temporis
1149 1846 1203 1891 et
1229 1849 1448 1890 exstare
1479 1834 1639 1898 rat-io,
1668 1845 1722 1888 et
1749 1835 1850 1887 ob-

1963 1842 2121 1914 μένης
2170 1842 2323 1907 τάξιν
2372 1843 2465 1896 καὶ
2502 1843 2702 1913 νόμον
2756 1845 3056 1914 μικρότερα
3097 1842 3195 1913 μὲν
3243 1840 3355 1894 τῶν
3385 1839 3536 1910 ἠθῶν

276 1923 485 1994 servari
513 1942 713 2005 pos5et.
750 1929 955 1985 Horum
988 1944 1219 1998 corpora
1264 1927 1603 1996 singulorum
1634 1926 1853 1980 molitus

276 2028 445 2095 Deus,
478 2028 546 2082 iis
569 2025 824 2080 manibus
853 2022 1057 2077 servire
1082 2021 1270 2090 jussit,
1302 2036 1441 2089 quos
1468 2018 1693 2072 alterius
1718 2034 1853 2072 con-

275 2122 459 2179 versio
488 2119 744 2175 elIiceret.
779 2136 798 2169 ι
832 2114 901 2170 Et
950 2114 1114 2185 paulo
1162 2122 1285 2184 post
1325 2130 1338 2166 :
1389 2131 1407 2163 ι
1443 2109 1602 2176 Haec,
1652 2110 1852 2179 inquit,

278 2229 511 2285 corpora
545 2209 807 2265 animatis
830 2206 1066 2262 vinculis
1094 2206 1369 2276 colligata,
1401 2204 1698 2259 animantia
1731 2219 1858 2257 eva-

278 2322 420 2372 sere,
450 2315 613 2375 atque
640 2302 890 2373 imperati
922 2301 1025 2356 sibi
1052 2300 1294 2375 rationes
1325 2312 1651 2368 cognovere.
1672 2316 1690 2348 ι
1710 2294 1856 2350 Idem

278 2413 411 2454 vero
441 2374 637 2467 Legum
675 2393 891 2449 decimo
926 2374 1189 2446 universe.
1229 2390 1296 2444 de
1344 2388 1493 2442 omni
1551 2387 1736 2441 animo
1778 2387 1858 2442 sic

277 2489 561 2560 loquitur:
594 2505 613 2539 ι
648 2484 922 2553 Quidquid
956 2483 1140 2536 animo
1176 2479 1462 2551 praeditum
1512 2486 1616 2545 est,
1644 2478 1856 2548 inquit,

276 2581 332 2639 id
363 2595 547 2644 omne,
576 2579 721 2649 quod
756 2575 1075 2631 mutationis
1099 2574 1152 2627 in
1188 2587 1309 2629 sese
1360 2587 1584 2627 causam
1630 2571 1857 2637 habeat,

278 2682 521 2730 ntutetur
567 2686 793 2727 necesse
838 2677 943 2725 est.
994 2665 1114 2731 Quo
1148 2666 1204 2720 in
1258 2663 1579 2719 mutationis
1640 2678 1857 2733 genere,

280 2763 499 2835 singula
528 2761 625 2817 fati
655 2760 904 2816 ordinem
938 2773 1002 2813 ac
1053 2757 1224 2827 legem
1256 2765 1579 2826 sequuntur.
1605 2752 1703 2818 Ita,
1738 2768 1859 2823 quae

278 2855 398 2911 suis
420 2854 473 2908 in
507 2852 758 2907 moribus
791 2851 1005 2903 minora
1033 2856 1244 2901 tantum
1272 2846 1457 2916 aliqua
1492 2846 1857 2911 mutaverint,

278 2962 345 3003 ea
377 2945 563 3001 minus
587 2944 847 3013 depressa
881 2955 977 3011 per
1016 2953 1292 2994 summum
1329 2936 1596 2991 duntaxat
1623 2936 1860 3005 regionis

280 3037 458 3094 solum
506 3034 798 3100 incedunt;
828 3047 950 3102 qua:
987 3030 1144 3100 plura
1189 3027 1549 3100 gravioraque
1597 3041 1858 3096 peccave-

1957 1935 2345 2009 μεταϐαλόντα,
2389 1934 2595 1987 ἐλάττω
2627 1933 2767 1987 κατὰ
2807 1934 2870 1986 τὸ
2906 1932 3005 2003 τῆς
3051 1931 3235 2004 χώρας
3277 1931 3539 1984 ἐπίπεδον

1957 2024 2419 2098 μεταπορεύεται·
2468 2023 2636 2077 πλείω
2683 2023 2740 2077 δὲ
2782 2024 2877 2077 καί
2921 2020 3247 2094 ἀδικώτερα.
3296 2038 3541 2092 μεταπε-

1956 2120 2115 2173 σόντα
2153 2120 2233 2181 εἰς
2275 2115 2457 2186 βάθος.
2492 2134 2511 2168 ι
2547 2116 2609 2169 Εἰ
2647 2115 2711 2186 δὴ
2741 2110 2834 2168 οὖν
2867 2114 3188 2186 μεταϐάλλει
3229 2114 3342 2185 (59)
3375 2114 3538 2168 πάνθ’

1954 2212 2053 2264 ὅσα
2086 2209 2287 2279 μέτοχά
2331 2211 2446 2261 ἐστι
2490 2207 2690 2278 ψυχῆς,
2726 2208 2785 2260 ἐν
2828 2208 3039 2271 ἑαυτοῖς
3091 2206 3407 2278 κεκτημένα
3438 2207 3542 2278 τὴν

1954 2304 2052 2373 τῆς
2095 2301 2395 2373 μεταϐολῆς
2422 2300 2619 2365 αἰτίαν,
2659 2302 2886 2371 οὐρανὸς
2915 2299 2972 2353 δὲ
3004 2301 3099 2353 καὶ
3129 2299 3280 2370 ἥλιος
3312 2299 3409 2353 καὶ
3451 2316 3546 2352 σε-

1955 2393 2087 2465 λήνη
2134 2390 2339 2462 μέτοχά
2364 2392 2481 2444 ἐστι
2522 2387 2722 2459 ψυχῆς,
2761 2389 2879 2443 κατ’
2909 2388 3071 2443 αὑτὸν
3111 2389 3201 2442 τὸν
3237 2390 3540 2443 Πλάτωναο

1956 2487 2052 2539 καὶ
2078 2482 2251 2538 ταῦτα
2282 2483 2391 2554 ἄρα
2423 2481 2741 2551 μεταϐάλλοι
2771 2480 2857 2545 ἂν,
2892 2480 2950 2534 ἐν
2984 2481 3195 2544 ἑαυτοῖς
3222 2480 3543 2552 κεκτημένα

1956 2577 2055 2648 τὴν
2098 2576 2195 2647 τῆς
2242 2572 2545 2646 μεταϐολῆς
2587 2572 2790 2635 αἰτίαν,
2834 2570 2975 2626 κατὰ
3014 2572 3106 2625 τὸν
3154 2570 3319 2625 αὑτοῦ
3356 2572 3540 2640 λόγον.

1957 2669 2082 2732 Πῶς
2113 2662 2206 2721 οὖν
2245 2666 2407 2719 πάλιν
2455 2664 2658 2728 ἀϊδίους
2707 2665 2906 2728 αὐτοὺς
2945 2659 3104 2728 εἶναι,
3132 2665 3227 2718 καὶ
3265 2663 3354 2718 διὰ
3380 2664 3544 2718 τοῦτο

1958 2763 2115 2827 θεούς
2159 2779 2313 2833 φησι,
2348 2759 2552 2830 καίπερ
2596 2759 2652 2811 ἐν
2699 2757 2911 2828 σώματι
2958 2757 3183 2829 φθαρτῷ
3209 2757 3390 2821 ὄντας,
3442 2756 3545 2810 καὶ

1956 2854 2185 2924 λυθῆναι
2235 2852 2380 2916 οἴους
2422 2868 2519 2917 τε;
2554 2850 2716 2919 Λέγει
2747 2848 2790 2902 δ’
2842 2845 2935 2903 οὖν
2968 2849 3130 2902 πάλιν
3176 2851 3235 2901 ἐν
3286 2849 3542 2917 Τιμαίῳο

1965 2965 1983 2999 ι
2031 2945 2181 2999 Ἐπεὶ
2208 2943 2253 2996 δ’
2286 2939 2379 2996 οὖν
2412 2943 2610 3004 πάντες
2638 2942 2752 2993 ὅσοι
2794 2957 2853 2994 τε
2898 2939 3253 3012 περιπολοῦσι
3287 2939 3549 3011 φανερῶς

1959 3036 2055 3091 καὶ
2085 3036 2198 3089 ὅσοι
2230 3034 2528 3102 φαίνονται,
2554 3031 2782 3086 καθόσον
2808 3030 2875 3084 ἂν
2906 3029 3129 3084 ἐθέλωσι
3168 3029 3300 3094 θεοὶ,
3326 3030 3547 3097 γένεσιν

280 3131 414 3198 rint,
438 3126 711 3201 profundo
741 3123 955 3196 gurgite
984 3122 1335 3177 hauriuntur.
1371 3136 1391 3172 ι
1425 3117 1482 3173 Si
1527 3133 1655 3188 ergo
1694 3116 1856 3189 quid-

1963 3129 2138 3200 ἔσχον,
2186 3127 2335 3196 λέγει
2382 3126 2519 3198 πρὸς
2556 3124 2754 3187 αὐτοὺς
2798 3125 2826 3178 ὁ
2869 3122 2983 3176 τόδε
3022 3122 3081 3175 τὸ
3122 3123 3228 3175 πᾶν
3275 3124 3547 3193 γεννήσας

279 3225 412 3297 quid
439 3222 627 3279 animo
647 3218 936 3291 praeditum
965 3225 1069 3280 est,
1097 3214 1238 3269 idem
1260 3221 1344 3268 est
1365 3211 1655 3267 mutationi
1684 3210 1857 3265 obno-

281 3318 459 3381 xium,
496 3313 653 3384 cujus
700 3311 753 3365 in
801 3324 923 3365 sese
953 3321 1177 3363 causam
1210 3304 1483 3369 includat;
1529 3302 1725 3357 coelum
1757 3316 1857 3355 au-

286 3413 418 3467 tem,
450 3401 553 3467 sol,
582 3409 747 3468 atque
780 3397 933 3462 luna,
969 3404 1031 3450 ut
1060 3393 1214 3448 Plato
1265 3392 1379 3461 ipse
1425 3391 1633 3456 statuit,
1672 3389 1856 3445 animo

282 3495 508 3567 praedita
539 3497 701 3558 sunt;
738 3489 927 3544 eadem
963 3499 1184 3557 quoque
1207 3494 1335 3540 sunt
1369 3482 1659 3539 mutationi
1686 3481 1858 3536 obnoo

283 3585 397 3651 xia,
423 3583 579 3652 cujus
607 3582 660 3636 in
692 3595 813 3636 sese
839 3592 1061 3634 causam
1112 3575 1415 3639 includant,
1464 3574 1510 3629 si
1538 3573 1669 3644 quid
1699 3571 1859 3626 eiiicit

281 3674 406 3744 ejus
434 3671 803 3727 ratiocinatio.
836 3668 993 3736 Quod
1021 3667 1068 3722 si
1115 3668 1190 3721 ita
1218 3675 1322 3731 est,
1356 3664 1635 3736 quomodo
1666 3680 1859 3718 rursus

283 3756 645 3821 aeternitatem
666 3762 720 3817 in
746 3762 874 3826 illis,
891 3776 955 3816 ae
975 3759 1201 3830 proinde
1217 3758 1562 3812 divinitatem
1590 3757 1857 3827 agnoscit,

283 3872 412 3912 cum
445 3870 512 3909 ex
563 3844 770 3909 caduco
813 3851 1139 3920 mortalique
1185 3864 1418 3920 corpore
1453 3856 1708 3904 concreta
1743 3848 1859 3901 dis-

286 3947 425 4004 solvi
475 3945 775 4016 aliquando
815 3941 1069 4014 possint?
1101 3940 1237 3996 Nam
1290 3941 1343 3995 in
1389 3939 1585 3996 Timaeo
1639 3938 1858 4008 quidem

290 4039 409 4094 haec
436 4037 597 4107 ipse:
641 4060 660 4087 ι
695 4034 966 4101 Quoniam
1018 4032 1205 4104 igitur,
1262 4032 1480 4101 inquit,
1533 4031 1609 4086 dii
1644 4045 1859 4095 omnes,

288 4141 397 4187 tam
425 4129 519 4200 qui
546 4128 725 4199 palam
758 4127 1050 4182 volvuntur
1073 4126 1128 4179 iu
1162 4123 1322 4189 coelo,
1353 4137 1518 4194 quam
1552 4122 1644 4192 qui
1668 4120 1861 4176 viden-

286 4225 388 4280 dos
421 4238 544 4279 sese
583 4220 742 4276 nobis
777 4235 874 4290 pro
923 4219 1202 4273 voluntate
1233 4217 1496 4287 praebent,
1531 4224 1711 4270 ortum
1759 4215 1861 4269 ba-

288 4316 477 4379 buere,
508 4313 590 4369 sic
625 4326 722 4368 eos
771 4310 1013 4365 universi
1042 4308 1206 4377 hujus
1230 4307 1480 4362 conditor
1513 4303 1812 4374 alloquitur
1844 4320 1859 4358 :

290 4407 417 4464 [iam
449 4422 567 4473 vos,
622 4405 717 4475 qui
768 4404 995 4458 deorum
1037 4411 1158 4455 satu
1201 4400 1307 4455 orti
1350 4398 1519 4463 estis,
1576 4397 1859 4452 attendite.

1955 3224 2117 3281 τάδε·
2153 3222 2277 3275 Θεοὶ
2323 3218 2482 3282 θεῶν,
2518 3212 2591 3271 ὦν
2625 3216 2736 3286 ἐγὼ
2765 3214 3096 3287 δημιουργὸς
3143 3218 3327 3285 πατήρ
3357 3231 3418 3267 τε
3449 3214 3548 3286 ἐρ-

1956 3334 2089 3388 γων,
2123 3315 2293 3369 ἄλυτα
2331 3310 2464 3382 ἐμοῦ
2499 3309 2572 3382 μὴ
2619 3310 2886 3374 θέλοντος,
2927 3308 2988 3363 τὸ
3032 3307 3132 3380 μὲν
3165 3304 3256 3363 οὖν
3296 3307 3362 3378 δὴ
3390 3307 3548 3362 δεθὲν

1958 3409 2066 3462 πᾶν
2091 3404 2269 3458 λυτόν.
2312 3402 2385 3455 Τό
2414 3419 2477 3468 γε
2518 3400 2622 3473 μὴν
2663 3400 2846 3465 καλῶς
2876 3401 3150 3473 ἀρμοσθὲν
3188 3401 3281 3455 καί
3323 3399 3447 3470 ἔχον
3481 3395 3548 3455 εὗ

1956 3496 2104 3551 λύειν
2147 3494 2349 3548 ἐθέλειν
2394 3490 2584 3545 κακοῦ.
2622 3492 2699 3542 Δι’
2738 3489 2774 3544 ἃ
2817 3491 2912 3545 καὶ
2958 3490 3189 3562 ἐπείπερ
3221 3489 3547 3559 γεγένησθε,

1958 3587 2215 3642 ἀθάνατοι
2248 3585 2348 3656 μὲν
2381 3578 2473 3636 οὖν
2505 3580 2606 3636 οὔκ
2645 3584 2790 3645 ἐστε,
2824 3580 2930 3634 οὐδ’
2967 3581 3149 3635 ἄλυτοι
3182 3581 3241 3633 τὸ
3269 3581 3545 3650 πάμπαν*

1957 3677 2074 3732 οὔτι
2111 3676 2209 3747 μέν
2240 3692 2323 3728 τοι
2368 3672 2667 3743 λυθήσεσθέ
2710 3689 2795 3741 γε,
2841 3671 2961 3725 ούδέ
3004 3671 3258 3738 τεύξεσθε
3309 3670 3548 3725 θανάτου

1963 3770 2175 3842 μοίρας,
2207 3768 2304 3835 τῆς
2334 3766 2475 3837 ἐμῆς
2506 3765 2814 3837 βουλήσεως
2848 3764 3091 3835 μείζονος
3119 3764 3198 3816 ἔτι
3225 3763 3426 3819 δεσυοῦ
3450 3764 3547 3816 καὶ

1959 3860 2295 3933 κυριωτέρου
2342 3858 2597 3929 λαχόντες
2648 3857 2871 3910 ἐκείνων
2895 3896 2909 3921 ,
2957 3851 3039 3920 οἷς
3089 3856 3178 3909 ὅτε
3235 3855 3545 3925 ἐγιγνεσθε,

1963 3949 2279 4015 ξυνεδεῖσθε.
2316 3967 2335 4000 ι
2375 3947 2561 4001 Ταῦτα
2590 3947 2619 4000 ὁ
2651 3945 2896 4001 Πλάτων.
2941 3947 3181 4010 Εἰκότως
3212 3947 3347 4017 δῆτα
3374 3948 3548 4002 Μωῦ-

1963 4044 2081 4115 σῆς,
2113 4042 2207 4095 καὶ
2238 4040 2308 4094 τὰ
2342 4038 2607 4110 Ἑϐραίων
2643 4040 2820 4108 λόγια,
2867 4040 3046 4093 σέϐειν
3088 4040 3185 4110 μὲν
3209 4039 3547 4111 ἀπαγορεύει

1960 4132 2150 4195 ταῦτα,
2186 4131 2277 4184 καὶ
2316 4128 2471 4193 θεοὺς
2500 4130 2771 4201 ἡγεῖσθαι.
2799 4131 2911 4185 ἄνω
2943 4130 2999 4183 δὲ
3041 4130 3177 4200 πρὸς
3205 4130 3296 4183 τὸν
3324 4131 3549 4201 παμϐα-

1964 4224 2113 4279 σιλέα
2136 4223 2266 4276 Θεὸν
2296 4222 2585 4290 ἀνάγοντα,
2617 4222 2776 4275 αὑτὸν
2818 4223 2882 4293 δὴ
2928 4222 3018 4275 τὸν
3052 4222 3227 4292 ἡλίου,
3262 4221 3356 4274 καὶ
3388 4221 3551 4292 σελή-

1962 4335 2080 4389 νης,
2113 4316 2207 4370 καὶ
2255 4316 2493 4387 ἄστρων,
2530 4314 2651 4367 ὅλου
2698 4332 2756 4368 τε
2790 4314 3020 4385 ούρανοῦ
3070 4315 3163 4369 καὶ
3204 4315 3412 4385 κόσμου
3434 4312 3547 4385 ’δηι-

1967 4407 2245 4480 μιουργὸν,
2276 4407 2365 4460 τὸν
2392 4407 2457 4477 δὴ
2485 4408 2553 4459 τὰ
2582 4407 2757 4462 πάντα
2785 4406 2910 4473 θείῳ
2935 4407 3077 4478 λόγῳ
3104 4406 3440 4477 συνδήσαντά
3460 4423 3547 4471 τε,

287 4498 534 4569 Quorum
557 4512 784 4569 operum
820 4510 921 4567 ego
951 4508 1152 4564 parens
1179 4490 1509 4561 eﬂ‘ectorquc
1547 4504 1691 4556 sum,
1738 4502 1857 4558 quae

1965 4499 2057 4553 καὶ
2088 4496 2588 4569 συναρμοσάμενον,
2617 4496 2775 4569 μόνον
2799 4496 3051 4568 ἡγεῖσθαι
3083 4498 3236 4563 Θεὸν,
3271 4498 3366 4551 καὶ
3399 4498 3550 4568 μόνῳ

291 4680 427 4737 mihi
452 4677 809 4749 philosophus
831 4676 1065 4749 videtur,
1090 4673 1329 4749 animum
1350 4687 1405 4724 se
1429 4671 1540 4749 ipso
1571 4680 1865 4749 extremum

289 4752 424 4807 illud
456 4740 649 4803 'cwlum
670 4740 733 4799 'iu
769 4748 965 4806 orbem,
1001 4745 1054 4797 id
1079 4746 1223 4797 enim
1254 4751 1356 4802 est,
1390 4740 1596 4811 κύκλῳ,
1635 4740 1867 4810 undique

291 4820 701 4876 circumdedisse
726 4830 743 4868 :
772 4827 932 4883 atque
968 4817 1037 4868 ita
1064 4814 1222 4883 longe
1255 4813 1469 4867 facilius
1499 4812 1645 4881 quod
1671 4811 1868 4879 adjun-

292 4893 371 4959 git.
414 4888 1008 4959 intelligashanintum
1042 4884 1376 4959 sentrtipsum
1397 4884 1464 4959 in
1489 4899 1598 4936 sese
1636 4896 1862 4934 versare.

294 4952 438 5016 Sane
467 4952 703 5015 Titm'eus
736 4956 821 5010 ille
864 4954 1104 5017 Locrus,
1137 4953 1189 5007 in
1236 4968 1336 5007 suo
1383 4952 1459 5005 De
1500 4961 1692 5005 natura
1726 4966 1865 5019 opu-

292 5032 469 5095 sculo,
501 5032 643 5099 quod
674 5022 1465 5099 Platonici_Timtrigqu_oddam
1494 5023 1649 5099 quasi
1681 5036 1865 5099 semen

293 5103 398 5155 dici
433 5091 617 5169 queat,
649 5100 720 5151 ita
754 5096 1076 5169 clarissime,
1122 5091 1224 5169 τάν
1256 5094 1310 5145 δὲ
1338 5093 1415 5164 τῷ
1444 5094 1633 5169 κόσμῳ
1665 5091 1865 5169 ψυχάν,

369 5161 522 5223 σόθεν
562 5168 797 5238 ἐξάψας,
839 5167 1116 5235 ἐπήγαγεν
1150 5164 1282 5228 ἐξω,
1316 5161 1707 5238 περικαλύψας
1738 5161 1869 5238 αὐτὸ

369 5188 522 5223 σουεν
562 5188 797 5238 εςαψας,
839 5188 1116 5235 επηγαγεν
1150 5188 1282 5228 εςω,
1331 5188 1705 5234 περικςυιυψας
1738 5188 1869 5213 ausu

291 5188 411 5296 ξίον
461 5240 631 5309 αὑτᾷ,
687 5239 875 5307 κρᾶμα
916 5238 1085 5309 αύτάν
1124 5234 1639 5309 κερασάμενοςηέκ
1669 5249 1726 5284 τε
1769 5233 1869 5295 τᾶς

292 5303 584 5391 ἀμερίστω
607 5303 817 5426 popa-poi;
844 5348 857 5370 ,
893 5309 986 5358 καὶ
1014 5308 1110 5368 τάς
1154 5303 1412 5426 μεριστήᾶς
1439 5303 1644 5367 οὐσίας.

366 5383 478 5426 15Ξὶ
521 5386 602 5426 Κη
672 5381 874 5426 κύκλα)
917 5376 991 5426 δή
1017 5416 1029 5426 .
1072 5389 1174 5426 clt'.
1209 5375 1453 5426 "ullius.
1484 5376 1644 5426 maloa

366 5373 478 5451 (55)
518 5373 627 5451 Καὶ
672 5373 874 5442 κύκλῳ
903 5376 991 5451 δή
1017 5416 1029 5436 ,
1048 5373 1419 5451 _etr'."l‘uilitts
1440 5415 1453 5438 ,
1484 5376 1711 5451 maloque
1740 5373 1870 5426 soli-

293 5446 515 5523 vayofet
548 5450 783 5512 volubili,
813 5458 862 5501 et
979 5448 1151 5523 urbem
1186 5448 1416 5523 incitata
1440 5446 1739 5523 complexus
1764 5455 1863 5523 est.

294 5515 537 5578 Aerioris
575 5531 716 5574 esset
763 5534 826 5573 ac
874 5518 1174 5572 lideutioris
1221 5518 1452 5585 ingenii,
1501 5516 1616 5570 luet:
1650 5525 1703 5568 et
1761 5515 1867 5568 alia

294 5596 571 5664 pleraque,
607 5606 667 5643 ac
696 5589 1003 5664 philosophi
1033 5589 1196 5664 verba
1252 5588 1621 5664 κριτικότερον
1667 5600 1870 5664 expeti:

296 5656 444 5717 dere.
466 5656 945 5722 ‘l‘autuntmoned,
974 5660 1158 5712 leviter
1189 5656 1508 5712 mutandum
1532 5657 1699 5711 videri
1722 5656 1866 5723 quod

295 5734 436 5802 apud
468 5732 703 5785 Tullium
746 5732 1027 5799 sequitur,
1070 5730 1207 5798 quod
1236 5744 1411 5802 serunt
1449 5730 1619 5797 ipsum
1659 5735 1869 5802 propter

296 5799 541 5859 virtutem
580 5802 735 5869 facile
768 5817 878 5857 esse
906 5810 1100 5870 posset,
1136 5816 1227 5854 nec
1264 5799 1584 5855 desideraret
1618 5799 1865 5865 atzerum,

1967 4673 2101 4727 satis
2135 4672 2235 4727 sibi
2262 4674 2371 4743 ipse
2405 4682 2557 4726 natus
2582 4682 2635 4726 et
2664 4673 2975 4742 familiaris.
3003 4674 3365 4729 Scribendum
3399 4676 3546 4731 enim

1967 4752 2071 4806 est,
2105 4754 2282 4797 notum
2312 4743 2683 4813 etfamiliarc,
2712 4759 2845 4813 nam
2875 4744 2941 4798 de
2971 4745 3403 4813 cmlo'loquitur.

2040 4814 2300 4938 (fid‘éG’Eif
2327 4811 2441 4870 οὖν
2467 4814 2674 4883 λόγου.
2706 4812 2861 4867 Plato
2888 4814 3044 4878 ibid.,
3081 4814 3185 4869 529
3214 4811 3276 4869 F.
3307 4814 3545 4884 Tullius,

1968 4894 2101 4940 δορί.
2130 4894 2219 4940 ⁵26.

2040 4952 2559 5078 ἓὸτὲῖὶξὲταῗίῌλει
2613 4954 2819 5024 μέντοι
2852 4970 2938 5024 γε.
2980 4953 3124 5010 Idem
3145 4998 3161 5019 ,
3204 4955 3297 5010 lib.
3332 4972 3363 5009 ι
3393 4957 3546 5027 Leg.,

2009 5040 2092 5085 ag.
2127 5040 2231 5077 υιτ
2258 5040 2321 5085 ιι,

1968 5041 2614 5168 Ρθὲὃιῖ-ιὶῗιὲτξιὲαλόνςᾳ
2639 5092 2706 5146 δὲ
2734 5094 2992 5163 φέρεται.
3038 5094 3222 5164 Plato,
3274 5098 3547 5168 μεταϐάλ-

1968 5165 2129 5218 λοντα
2162 5164 2217 5216 δὲ
2241 5164 2507 5232 φαίνεται.
2539 5163 2703 5232 Elige.

2042 5236 2155 5305 (59)
2196 5239 2262 5288 Εὶ
2291 5235 2367 5303 δὴ
2396 5231 2509 5288 οὖν
2529 5231 2910 5303 μεταϐάλλει.
2942 5234 3204 5293 Videntur
3229 5241 3341 5296 lucc
3373 5240 3442 5293 ad
3469 5240 3547 5294 si-

1970 5306 2100 5360 mile
2130 5320 2302 5379 tisque
2329 5306 2533 5379 periodi
2568 5307 2945 5379 principiumc
2996 5308 3029 5361 5
3053 5323 3333 5379 perperam
3372 5312 3548 5365 incul-

1970 5384 2110 5429 cata.
2144 5376 2320 5442 Atque
2352 5377 2465 5428 haec
2496 5376 2701 5429 insulsa
2736 5378 2985 5445 repetitio
3029 5375 3378 5435 librariorum
3405 5383 3549 5435 osci-

1972 5447 2154 5517 tantia:
2179 5447 2464 5517 tribuenda
2496 5453 2598 5510 est,
2617 5448 2709 5515 qui
2737 5462 2859 5500 cum
2888 5448 2941 5500 in
2966 5449 3067 5502 hac
3091 5451 3311 5517 periodo
3333 5453 3545 5506 exscri-

1970 5515 2247 5590 benda,ad
2270 5516 2399 5590 illas
2414 5531 2575 5590 voces
2601 5517 2994 5590 pervenissent,
3023 5515 3324 5590 μεταϐολῆς
3344 5521 3545 5584 αἰτίαν,

1971 5603 2090 5654 quae
2120 5586 2231 5653 jam
2267 5602 2332 5640 ex
2369 5584 3057 5658 Platonepraecesserant,
3092 5584 3373 5658 periodum
3410 5593 3549 5645 inte-

1972 5673 2122 5729 graui
2155 5658 2333 5729 denuo
2366 5657 2436 5709 ad
2464 5658 2624 5729 tinem
2655 5657 3273 5729 usque'pgrtexuerunt,
3303 5679 3429 5717 cum
3461 5679 3548 5717 se-

1971 5719 2369 5853 (EllitdCblllSSilg
2395 5741 2462 5783 ex
2494 5719 2754 5799 Eusebio;
2789 5719 3016 5801 ούρἕινὸς
3038 5731 3115 5799 δέ,
3147 5719 3277 5803 etc.,
3308 5749 3433 5804 quae
3456 5735 3546 5789 ba-

2007 5812 2073 5853 en
2103 5812 2169 5852 ur
2205 5813 2255 5853 e.
2366 5835 2381 5851 .

2007 5812 2169 5853 cntur
2205 5813 2255 5854 ο.
2294 5812 2381 5851 ιυ.
