4034 6390
3425 319 3445 368 ‘l
3466 317 3559 370 I69.

317 328 442 380 μοι
1436 385 1438 388 τ
1476 319 1797 374 ΡΒᾹΣΡΛΠ.
1841 321 1872 374 E

1973 313 2097 373 NG.
2133 319 2259 373 LIB.
2300 319 2432 370 XIII.

309 453 405 522 τὴν
459 451 750 519 σεϐάσμιον
794 448 1086 516 ἀπονέμειν
1131 445 1405 516 νομοθετεῖ
1452 445 1638 514 τιμὴν,
1671 444 1872 512 λέγων·

1986 457 2081 512 per
2110 456 2195 496 me
2223 441 2387 506 facta,
2434 456 2543 496 non
2574 450 2701 494 sunt
2731 440 2996 495 dissoluta
3027 456 3113 494 me
3141 440 3310 494 invito
3340 457 3353 492 :
3380 452 3557 507 quan-

313 561 332 590 σ
370 541 461 612 Μὴ
496 540 618 594 ἰδὼν
660 542 752 593 τὸν
781 540 958 608 ἣλιον,
1005 538 1098 590 καὶ⁸
1131 537 1228 608 τὴν
1263 537 1508 608 σελήνην,
1555 536 1649 588 καὶ
1678 535 1884 599 πάντας

305 634 433 694 τοὺς
467 633 718 704 ἀστέρας,
755 631 850 684 καὶ
890 630 1064 684 πάντα
1106 629 1194 681 τὸν
1243 629 1444 698 κόσμον
1490 627 1582 680 τοῦ
1631 626 1882 698 οὑρανοῦ,

307 725 608 794 πλανηθεὶς
663 723 1046 794 προσκυνήσῃς
1108 722 1314 783 αὑτοῖς.
1373 739 1390 771 ι
1453 719 1772 790 Ἐρμηνεὺει
1828 718 1886 772 δὲ

305 818 478 870 ταῦτα
503 817 778 885 διασαφῶν
806 817 885 878 εἰς
921 815 1118 876 πλάτος
1139 816 1167 866 ὁ
1193 814 1260 865 τά
1301 813 1564 884 Ἐϐραίων
1597 811 1884 864 πεπαιδευ-

309 908 467 977 μένος
498 907 685 968 Φίλων,
723 898 825 957 ῶδέ
852 921 926 974 πη
944 904 1114 966 λέγων
1141 903 1276 972 πρὸς
1299 902 1460 965 λέξω
1501 919 1518 950 ‹
1546 901 1702 962 Τινές
1734 901 1884 970 ἥλιον

306 1000 440 1068 (60),
469 999 562 1051 καὶ
587 999 832 1067 σελήνην,
867 1011 959 1049 και
985 997 1109 1059 τους
1134 995 1324 1056 ἄλλους
1355 994 1589 1064 ἀστέρας
1615 992 1882 1046 ὑπέλαϐον

305 1086 439 1143 εἶναι
475 1087 630 1149 θεοὺς
672 1085 1096 1156 αὐτοκράτορας,
1147 1079 1225 1146 οἷς
1256 1084 1353 1146 τὰς
1404 1083 1509 1135 τῶν
1547 1083 1881 1152 γιγνομένων

303 1181 561 1235 ἁπάντων
591 1179 765 1240 αἰτίας
794 1177 1073 1230 ἀνέθεσαν.
1113 1176 1312 1246 Μωῦσῇ
1342 1177 1387 1228 δ’
1415 1178 1442 1228 ὁ
1470 1176 1672 1245 κόσμος
1708 1175 1881 1239 ἔδοξεν

304 1267 444 1324 εἰναι
479 1271 573 1323 καὶ
618 1267 897 1339 γεννητὸς,
929 1268 1024 1320 καὶ
1071 1266 1224 1329 πόλις
1261 1269 1293 1334 ή
1335 1265 1585 1336 μεγίστη,
1620 1266 1880 1335 ἄρχοντας

304 1365 506 1435 ἔχουσα
534 1364 627 1416 καὶ
652 1360 952 1433 ὑπηκόους·
987 1360 1250 1429 ἄρχοντας
1281 1357 1398 1428 μὲν,
1427 1358 1552 1420 τοὺς
1587 1358 1643 1409 ἐν
1669 1355 1880 1426 οὖρανῷ

304 1458 534 1518 πάντας,
561 1449 670 1507 οἷον
702 1453 974 1522 πλάνητας
1010 1450 1102 1503 καὶ
1150 1449 1408 1510 ἀπλανεῖς
1441 1448 1674 1518 ἀστέρας
1694 1465 1707 1477 ο
1743 1448 1880 1517 ὑπη-

304 1550 465 1610 κόους
501 1548 557 1600 δέ
605 1546 701 1608 τάς
737 1543 872 1614 μετά
902 1543 1132 1612 σελήνην
1175 1544 1230 1594 ἐν
1262 1541 1404 1612 ἀέρι,
1436 1541 1531 1593 καὶ
1571 1540 1878 1609 περιγείους

305 1643 517 1712 φύσεις.
557 1640 694 1700 Τοὺς
745 1637 799 1689 δέ
843 1634 1128 1704 λεχθέντας
1176 1634 1439 1703 ἄρχοντας
1487 1633 1586 1684 οὑκ
1629 1631 1879 1695 αὐτεξου-

305 1733 472 1794 σίους,
505 1728 619 1782 ἀλλ’
662 1728 778 1790 ἐνὸς
817 1723 910 1778 τοῦ
959 1724 1173 1777 πάντων
1215 1722 1423 1792 Πατρὸς
1469 1721 1772 1791 ὑπάρχους’
1815 1715 1874 1775 οὗ

306 1823 670 1895 μιμουμένους
701 1818 799 1888 τὴν
829 1816 1166 1871 ἐπιστασίαν.
1191 1812 1485 1879 κατορθοῦν
1519 1813 1877 1882 πρυτανεύον-

301 1933 400 1978 τας
447 1913 587 1967 κατὰ
635 1912 790 1981 δίκην
819 1911 912 1962 καὶ
959 1909 1120 1978 νόμον
1165 1908 1393 1959 ἕκαστον
1425 1905 1531 1957 τῶν
1561 1904 1874 1973 γεγονότων.

304 2008 442 2069 Τοὺς
473 2007 530 2059 δὲ
569 2004 644 2076 μὴ
683 2004 976 2074 βλέποντας
1005 2003 1093 2054 τὸν
1123 1999 1485 2068 ἐπιϐεϐηκότα
1525 1999 1736 2069 ἡνίοχον
1769 2001 1878 2060 τοῖς

304 2095 748 2167 ὑπεζευγμένοις,
796 2094 873 2156 ὡς
919 2092 1260 2162 αὐτουργοῖς,
1311 2090 1418 2144 τῶν
1466 2091 1523 2143 ἐν
1578 2089 1655 2158 τῷ
1690 2089 1878 2159 κόσμῳ

305 2189 601 2260 γινομένων
631 2186 828 2255 ἀνάψαι
876 2185 974 2248 τάς
1009 2186 1203 2246 αἰτίας.
1227 2179 1328 2235 τΩν
1363 2182 1460 2253 τὴν
1495 2184 1714 2250 ἄγνοιαν
1745 2183 1772 2234 ὁ
1800 2184 1876 2234 ἱε-

306 2277 544 2350 ρώτατος
599 2275 892 2346 νομοθέτης
947 2276 1025 2336 εἰς
1078 2273 1386 2342 ἐπιστήμην
1454 2271 1874 2343 μεθαρμόζεται,

304 2368 475 2438 λέγων
517 2357 618 2421 ὧδέ
640 2385 652 2397 ’
691 2385 708 2415 ι
757 2367 848 2434 Μὴ
881 2364 1001 2418 ἰδὼν
1034 2365 1124 2416 τὸν
1155 2363 1324 2434 ήλιον,
1367 2363 1460 2416 καὶ
1500 2364 1597 2434 τὴν
1628 2363 1872 2433 σελήνην,

303 2461 395 2515 καὶ
431 2463 556 2523 τοὺς
587 2457 840 2530 ἀστέρας,
875 2458 968 2510 καὶ
998 2457 1173 2510 πάντα
1213 2455 1302 2508 τὸν
1334 2455 1538 2526 κόσμον
1581 2455 1672 2508 τοῦ
1717 2457 1878 2526 οὑρα-

304 2553 416 2618 νοῦ,
466 2550 755 2622 πλανηθεὶς
803 2550 1190 2620 προσκυνήσῃς
1236 2547 1438 2610 αὑτοῖς.
1483 2565 1500 2598 ι
1563 2546 1878 2610 Εὑθυϐόλως

301 2645 446 2700 πάνυ
472 2645 564 2697 καὶ
597 2642 774 2706 καλῶς
807 2641 1012 2711 πλάνην
1039 2637 1158 2693 εἷπε
1193 2641 1289 2710 τὴν
1327 2639 1434 2692 τῶν
1472 2637 1778 2710 εἰρημένων
1801 2638 1878 2701 ὡς

301 2736 441 2792 θεῶν
475 2735 763 2805 ἀποδοχήν.
825 2734 887 2786 Ol
941 2731 1047 2802 γάρ
1102 2731 1317 2795 ἰδόντες,
1366 2730 1514 2802 ἡλίου
1569 2728 1667 2799 μὲν
1713 2746 1878 2802 προσ-

299 2826 442 2890 όδοις
476 2827 567 2879 καὶ
600 2825 974 2896 ἀναχωρήσεσι
1005 2823 1101 2886 τὰς
1139 2821 1388 2892 ἐτησίους
1439 2820 1587 2893 ὥρας
1627 2837 1876 2874 συνιστα-

305 2921 497 2993 μένας,
540 2920 599 2972 ὲν
645 2911 733 2980 αἷς
778 2918 834 2969 αἱ
883 2915 1055 2980 ζώων,
1106 2916 1199 2966 καὶ
1247 2913 1447 2984 φυτῶν,
1497 2913 1590 2965 κα)⁸
1650 2912 1876 2984 καρπῶν

302 3012 545 3080 γενέσεις
586 3009 916 3080 ὡρισμέναις
954 3007 1160 3079 χρόνων
1207 3005 1474 3076 περιόδοις
1500 3003 1877 3075 τελεσφοροῦν-

297 3122 389 3158 ται
414 3123 426 3135 ο
486 3104 712 3175 σελήνην
746 3103 788 3156 δ’
835 3102 1096 3173 ὑπηρέτιν
1142 3101 1236 3152 καὶ
1284 3097 1524 3166 διάδοχον
1567 3096 1736 3168 ήλίου,
1780 3097 1872 3149 νὺ-
1901 3137 1947 3200 c

299 3214 453 3268 κτωρ
495 3197 592 3267 τὴν
643 3195 958 3266 ἐπιμέλειαν
994 3193 1084 3244 καὶ
1109 3191 1442 3262 προστασίαν
1486 3189 1868 3259 ἀνειληφυῖαν,

295 3281 376 3343 ὧν
428 3288 546 3358 μεθ’
600 3287 809 3358 ἡμέραν
860 3286 1048 3356 ἥλιος,
1089 3286 1181 3337 καὶ
1223 3285 1347 3346 τοὺς
1399 3282 1590 3346 ἀλλους
1639 3283 1875 3352 ἀστέρας

297 3378 444 3433 κατά
493 3378 590 3448 τήν
639 3377 774 3449 πρὸς
819 3376 1075 3444 τάπίγεια
1132 3373 1511 3445 συμπάθειαν,
1563 3375 1730 3445 μυρία
1767 3373 1875 3426 τῶν

299 3471 394 3524 ἐπὶ
427 3471 653 3540 διαμονῇ
682 3469 775 3522 τοῦ
806 3468 1002 3530 παντὸς
1024 3466 1371 3538 ἐνεργοῦντας
1403 3483 1461 3517 τε
1489 3465 1583 3518 καὶ
1613 3465 1872 3536 δρῶντας,

299 3563 509 3634 πλάνην
535 3562 911 3633 ἐπλανήθησαν
941 3562 1220 3631 ἀνήνυτον,
1259 3559 1454 3630 μόνους
1483 3553 1622 3612 εἶναι
1652 3558 1873 3621 τούτους

296 3655 456 3718 θεοὺς
511 3655 968 3724 ὑποτοπήσαντες.
1034 3651 1092 3703 Εἰ
1143 3649 1186 3702 δ’
1245 3649 1580 3702 ἐσπούδασαν
1633 3649 1720 3702 διά
1773 3650 1873 3719 τῆς

298 3745 570 3808 ἀπλανοῦς
599 3743 828 3815 βαδίζειν
851 3741 992 3806 ὁδοῦ,
1023 3741 1126 3795 κᾶν
1149 3739 1307 3803 εὐθὺς
1335 3739 1692 3808 ἕγνωσαν,δτι
1713 3739 1874 3793 καθά-

298 3854 407 3908 περ
458 3835 708 3906 αἴσθησις
748 3834 1093 3896 ὑποδιάκονος
1153 3831 1243 3884 νοῦ
1303 3832 1510 3900 γέγονε,
1564 3833 1654 3884 τὸν
1711 3833 1872 3885 αὑτὸν

294 3929 496 3999 τρόπον
527 3927 620 3979 καὶ
665 3927 714 3980 οἱ
761 3925 1004 3996 αἰσθητοὶ
1033 3925 1228 3986 πάντες
1257 3923 1523 3994 ὑπηρέται
1557 3922 1650 3976 τοῦ
1682 3922 1870 3994 νοητοῦ

300 4019 650 4088 συνέστησαν.
682 4039 699 4069 ι
724 4018 831 4069 Καὶ
861 4017 1054 4084 ἐπάγει
1083 4017 1253 4084 λέγων
1277 4035 1289 4046 ·
1325 4016 1507 4068 ‹“Ωσθ’
1534 4015 1870 4086 ὑπερϐάντες

296 4111 376 4182 τῷ
403 4111 646 4180 λογισμῷ
673 4112 850 4162 πᾶσαν
893 4109 990 4180 τὴν
1034 4111 1234 4180 ὀρατὴν
1265 4108 1470 4171 οὑσίαν,
1519 4109 1611 4160 ἐπὶ
1648 4108 1743 4178 τὴν
1777 4109 1868 4161 τοῦ

293 4201 528 4265 ἀειδοῦς,
561 4203 653 4254 καὶ
684 4202 934 4272 ἀοράτου,
977 4202 1070 4253 καὶ
1117 4202 1251 4272 μόνῃ
1275 4200 1482 4270 διανοίᾳ
1524 4199 1867 4269 καταληπτοῦ

295 4295 462 4366 τιμὴν
491 4293 678 4362 ῐωμεν,
713 4292 770 4355 ὃς
817 4293 876 4344 οὑ
922 4291 1078 4361 μόνον
1113 4292 1243 4354 Θεός
1289 4284 1402 4344 ἔστι
1436 4291 1641 4360 νοητῶν
1684 4309 1740 4343 τε
1776 4293 1867 4344 καὶ

296 4385 590 4456 αἰσθητῶν,
635 4384 772 4437 ἀλλά
822 4384 914 4436 καὶ
964 4384 1213 4436 ἁπάντων
1255 4383 1597 4453 δημιουργός.
1641 4385 1762 4437 Ἐὰν
1809 4383 1866 4435 δέ

1990 550 2152 605 quam
2191 549 2352 587 omne
2390 535 2702 604 colligatum
2739 533 2870 588 solvi
2903 543 3099 603 potest.
3133 532 3238 588 Sed
3276 530 3558 600 haudqua-

1988 642 2149 695 quam
2184 626 2310 679 boni
2342 634 2444 691 est,
2496 625 2705 680 ratione
2751 626 2993 678 vinctum
3049 624 3186 678 velle
3234 622 3552 676 dissolvere.

1989 716 2093 772 Sed
2143 717 2401 787 quoniam
2459 717 2559 771 orti
2602 717 2769 782 estis,
2819 716 3153 771 immortales
3208 730 3304 769 vos
3333 711 3550 783 quidem

1985 823 2126 871 esse,
2173 817 2225 860 et
2259 807 2664 860 indissolubilcs
2701 822 2808 860 non
2866 807 3134 876 potestis:
3185 804 3348 876 704
3380 802 3556 856 neuti-

1985 913 2147 969 quam
2180 907 2358 952 tamen
2387 897 2783 960 dissolvemini,
2827 913 2926 950 nec
2947 912 3044 951 vos
3080 896 3186 949 ulla
3226 894 3417 948 mortis
3446 892 3552 945 fata

1984 991 2271 1061 periment.
2297 990 2597 1044 Consilium
2632 989 2774 1042 enim
2812 1004 2994 1042 meum
3027 986 3206 1055 mjus
3238 995 3323 1039 est
3364 985 3554 1037 vincu-

1985 1085 2096 1137 lum
2131 1081 2197 1134 ad
2228 1081 2642 1150 perpetuitatem
2693 1090 2952 1141 vestram,
2990 1094 3153 1148 quam
3203 1078 3323 1138 illa,
3352 1075 3552 1144 quibus

1983 1173 2143 1240 estis,
2177 1183 2288 1226 tum
2337 1189 2459 1227 cum
2510 1172 2895 1242 gignebamini,
2927 1171 3183 1240 colligati.
3229 1189 3246 1220 ι
3279 1167 3552 1222 Hactenus

1986 1267 2092 1320 ille.
2115 1265 2247 1321 Jure
2279 1280 2406 1336 ergo
2433 1265 2649 1337 Moyses
2682 1264 3143 1335 Hebrmorumque
3168 1264 3389 1320 oracula
3425 1277 3551 1330 pro-

1981 1357 2204 1422 hibent,
2251 1357 2546 1426 quominus
2590 1357 2793 1411 cultum
2835 1357 2902 1410 iis
2939 1372 3003 1411 ac
3051 1356 3392 1410 divinitatem
3446 1353 3548 1404 tri-

1983 1447 2218 1501 buamus
2255 1467 2266 1500 :
2301 1457 2598 1518 contraque
2622 1447 2832 1518 jubent,
2879 1447 2956 1502 uti
3006 1463 3225 1502 sursum
3260 1444 3459 1498 animis
3483 1444 3549 1495 ad

1981 1555 2162 1594 rerum
2220 1540 2463 1593 omnium
2522 1539 2919 1594 moderatorem
2975 1537 3144 1593 Deum
3208 1538 3420 1607 ipsum,
3469 1536 3556 1588 in-

1980 1648 2167 1702 quam,
2199 1632 2352 1696 solis,
2382 1641 2545 1702 atque
2581 1633 2741 1697 lunae,
2781 1629 3136 1702 siderumque
3185 1632 3546 1700 reliquorum,

1981 1725 2094 1778 imo
2135 1725 2256 1780 ραιιί
2321 1725 2618 1794 mundique
2685 1726 2852 1779 totius
2923 1723 3228 1780 effectorem
3277 1723 3547 1782 sublatis,

1983 1832 2151 1870 unum
2200 1817 2374 1882 illum,
2426 1817 2584 1888 cujus
2633 1817 2804 1870 verbo
2847 1826 2971 1886 apta
3021 1834 3086 1870 ex
3123 1831 3242 1871 sese
3300 1831 3548 1885 nexaque

1981 1917 2110 1963 sunt
2148 1910 2355 1973 omnia,
2398 1918 2450 1962 et
2502 1908 2670 1962 Deum
2710 1908 3030 1972 habeamus,
3069 1917 3124 1961 et
3174 1918 3406 1977 angusto
3453 1906 3547 1960 illo

1980 2003 2129 2057 cultu
2155 2017 2575 2072 prosequamur.
2607 2000 2738 2053 Nam
2768 2001 2840 2054 ita
2872 2001 3088 2070 quidem
3117 2000 3327 2070 Moyses
3356 2000 3550 2070 praeci-

1979 2097 2060 2165 pit
2089 2115 2104 2150 :
2136 2115 2154 2147 ‹
2185 2093 2263 2149 Ne
2291 2094 2482 2148 videns
2513 2094 2706 2154 solem,
2731 2102 2782 2145 et
2817 2093 3020 2159 lunam,
3047 2105 3098 2146 et
3122 2107 3313 2146 omnes
3341 2091 3546 2153 stellas,

1977 2197 2032 2243 et
2060 2203 2277 2244 omnem
2322 2197 2577 2241 ornatum
2614 2185 2758 2248 cmli,
2801 2201 2984 2240 errore
3039 2185 3296 2254 deceptus
3351 2186 3546 2239 adores

1978 2295 2042 2336 ea
2081 2283 2126 2334 ¹.
2167 2299 2186 2332 ι
2230 2279 2387 2346 Quod
2430 2281 2548 2349 ejus
2576 2280 2923 2334 interdictum
2978 2278 3198 2331 uberius
3245 2277 3544 2346 explanans

1977 2376 2157 2442 Philo,
2209 2393 2389 2431 rerum
2424 2376 2772 2432 Hebrzearum
2829 2376 3253 2437 scientissimus,
3293 2374 3542 2428 hune.iu

1980 2469 2201 2524 modum
2233 2469 2516 2538 loquitur:
2567 2488 2584 2520 ι
2623 2467 2765 2522 Sunt
2811 2469 2904 2540 qni
2951 2468 3118 2524 solem
3163 2478 3324 2538 atque
3357 2467 3544 2522 lunam

1981 2570 2238 2630 astraque
2290 2569 2508 2624 caetera,
2560 2571 2922 2632 praepotentes
2967 2576 3036 2615 ex
3087 2575 3207 2615 sese
3245 2560 3374 2614 deos
3424 2574 3547 2614 esse

1979 2651 2104 2716 rati,
2141 2665 2334 2705 causas
2370 2651 2472 2720 ipsi
2500 2667 2690 2705 eorum
2721 2667 2840 2721 qua:
2864 2651 2999 2704 ﬁunt
3025 2650 3269 2704 omnium
3302 2651 3548 2720 assigna-

1979 2751 2126 2797 runt.
2165 2742 2234 2796 At
2264 2757 2393 2796 vero
2418 2741 2632 2812 Moyses
2661 2751 2714 2796 et
2737 2743 2974 2812 genitum
3016 2757 3136 2798 esse
3176 2742 3460 2808 mundum,
3493 2751 3548 2795 ct

1978 2834 2149 2888 instar
2188 2848 2397 2902 magna:
2426 2836 2714 2902 cujusdam
2766 2835 3097 2904 reipublicm,
3144 2849 3274 2889 suos
3324 2850 3547 2904 quoque

1975 2925 2248 2996 principes
2276 2940 2340 2980 ac
2369 2925 2618 2980 subditos
2653 2925 2852 2980 habere
2887 2927 3096 2980 statuit.
3122 2927 3188 2979 Et
3216 2927 3399 2980 stellas
3421 2926 3544 2994 qni-

1977 3015 2098 3070 dem
2129 3025 2238 3068 tam
2261 3023 2526 3080 errantes,
2555 3031 2720 3086 quam
2775 3017 2998 3072 orbibus
3028 3016 3142 3072 suis
3171 3017 3377 3083 amxas,
3421 3032 3544 3085 qum

1977 3121 2169 3161 omnes
2196 3105 2248 3160 in
2283 3107 2422 3162 coelo
2446 3117 2755 3173 versantur,
2801 3109 3105 3179 principum
3148 3110 3270 3164 loco
3294 3125 3546 3163 munere-

1978 3213 2083 3268 que
2118 3197 2306 3268 fungi;
2355 3199 2482 3253 luna
2521 3215 2650 3253 vero
2700 3199 2986 3255 inferiores
3031 3210 3275 3263 naturas,
3310 3201 3422 3256 sive
3451 3217 3542 3255 ae-

1977 3305 2090 3343 rem
2127 3299 2366 3356 teneant,
2407 3293 2522 3346 sive
2583 3293 2811 3362 propius
2859 3308 2979 3347 cum
3022 3304 3164 3347 terra
3213 3294 3541 3358 cohaereant,

1977 3382 2319 3436 subditorum
2348 3383 2402 3436 in
2435 3383 2609 3439 classe
2647 3385 2924 3454 graduque
2953 3385 3276 3440 consistere.
3311 3384 3539 3440 Verum-

1974 3480 2155 3528 tamen
2184 3473 2458 3544 principes
2491 3476 2634 3553 illos,
2667 3491 2772 3530 non
2805 3477 3086 3545 potestatis
3111 3479 3334 3531 omnino
3367 3478 3540 3545 juris-

1977 3581 2083 3634 que
2131 3568 2238 3630 sui,
2267 3567 2360 3621 sed
2400 3567 2562 3621 unius
2617 3578 2938 3622 cunctorum
2981 3571 3223 3638 parentis
3272 3572 3538 3640 quosdam

1974 3657 2129 3724 quasi
2161 3657 2440 3726 prazfectos
2466 3674 2610 3722 esse,
2641 3661 2798 3728 cujus
2827 3661 2955 3713 dum
2994 3661 3213 3729 regendi
3249 3663 3538 3717 consilium

1974 3762 2039 3802 ac
2088 3749 2329 3802 rationes
2364 3749 2665 3813 imitantur,
2715 3751 2978 3820 quidquid
3013 3753 3228 3807 exsistit
3272 3738 3541 3809 nascitur-

1973 3843 2080 3908 qué
2118 3855 2323 3905 rerum,
2354 3840 2406 3894 id
2431 3856 2594 3896 omne
2621 3841 2846 3897 feliciter
2887 3859 2953 3898 ex
2991 3846 3266 3914 aequitatis
3299 3846 3539 3918 legisque

1972 3930 2292 3998 praescripto
2338 3929 2630 3983 moderari.
2666 3932 2733 3984 At
2762 3949 2907 3997 vero,
2939 3935 3032 4003 qui
3068 3950 3336 3991 sessorem
3383 3938 3535 3992 illum

1971 4018 2157 4073 frenos
2189 4020 2539 4089 habenasque
2563 4032 2835 4090 regentem
2885 4039 2992 4077 non
3029 4025 3290 4093 viderent,
3313 4043 3408 4083 eos
3439 4029 3534 4098 ju-

1971 4109 2183 4177 galibus
2209 4109 2347 4172 istis,
2382 4110 2538 4178 quasi
2574 4126 2668 4178 per
2693 4127 2814 4165 Sese
2842 4128 2928 4166 res
2963 4113 3255 4178 edicerent,
3290 4118 3534 4172 omnium

1971 4215 2091 4269 qua:
2118 4201 2222 4254 hoc
2253 4200 2307 4253 in
2336 4200 2466 4254 orbe
2502 4200 2711 4267 ﬁerent,
2745 4218 2940 4257 causas
2978 4204 3252 4259 tribuisse.
3291 4207 3533 4273 Quorum

1971 4291 2254 4346 stultitiam
2303 4305 2443 4345 nova
2491 4301 2548 4345 ut
2579 4293 2804 4347 scicntia
2840 4297 3223 4351 sanctissimus
3261 4299 3534 4364 Iegislator

1968 4383 2256 4436 emendet:
2297 4402 2315 4433 ι
2355 4381 2433 4438 Ne
2467 4392 2545 4445 tu,
2572 4384 2766 4454 inquit,
2803 4387 2992 4441 videns
3020 4389 3212 4452 solem,
3245 4399 3296 4444 et
3325 4392 3532 4456 lunam,

293 4495 379 4540 τις
408 4478 506 4547 τὴν
535 4477 628 4528 τοῦ
653 4477 819 4529 ἀϊδίου
845 4477 937 4528 καὶ
968 4475 1186 4544 ποιητοῦ
1213 4474 1504 4542 θεραπείαν
1531 4474 1674 4543 ἀλλῳ
1702 4492 1865 4545 προσ-

1973 4485 2026 4528 et
2055 4475 2258 4536 stellas,
2289 4483 2343 4529 et
2369 4490 2586 4529 omnem
2613 4489 2865 4532 ornatum
2892 4479 3036 4545 caeli,
3059 4496 3241 4535 errore
3275 4483 3532 4552 deceptus

293 4569 434 4640 νέμῃ
466 4569 710 4638 νεωτέρῳ
743 4568 834 4620 καὶ
862 4566 1120 4636 γεννητῷ,
1170 4565 1534 4636 φρενοϐλαϐὴς
1562 4566 1866 4637 ἀναγεγρά-

295 4660 435 4730 φθω,
486 4661 579 4714 καὶ
619 4661 799 4730 ἔνοχος
849 4657 1071 4728 ἀσεϐείᾳ
1109 4661 1174 4728 τῇ
1217 4657 1463 4729 μεγίστῃ.
1505 4677 1521 4707 ι
1557 4657 1740 4711 Ταῦτα
1768 4660 1863 4728 τῆς

303 4752 572 4824 Ἑϐραίων
608 4751 906 4813 εὐσεϐείας,
947 4750 1016 4802 τά
1051 4749 1126 4812 ὡς
1154 4749 1366 4818 ἀληθῶς
1399 4750 1650 4819 ἀκήρατὰ
1674 4767 1730 4802 τε
1771 4751 1864 4802 καὶ

289 4845 413 4898 Θεῖα
455 4845 780 4916 μαθήματα,
832 4841 938 4913 πρὸ
979 4841 1078 4910 τῆς
1119 4841 1504 4911 τετυφωμένης
1551 4841 1863 4910 φιλοσοφίας

367 4960 382 4989 ¹
428 4957 583 5012 Deut.
617 4974 691 5024 tv,
717 4958 806 5013 I9.

366 5069 476 5138 (60)
521 5069 682 5135 Τινὲς
726 5070 921 5135 ἣλιον.
967 5070 1168 5123 Locum
1201 5069 1346 5123 hunc
1373 5067 1617 5122 Philonis
1646 5078 1860 5124 exstare

295 5157 402 5195 non
435 5141 616 5194 credo.
660 5140 887 5194 Exstant
914 5140 1004 5193 alii
1036 5141 1143 5193 duo
1173 5141 1224 5192 in
1261 5141 1351 5191 lib.
1390 5138 1462 5191 De
1500 5139 1681 5192 mundi
1705 5141 1860 5208 opiﬁ-

290 5213 393 5272 cio,
424 5227 655 5278 quorum
700 5211 1052 5278 posteriorem
1095 5210 1398 5264 indicamus
1439 5209 1491 5262 in
1522 5209 1859 5264 observatio-

293 5281 455 5334 nibus
489 5281 556 5334 ad
602 5295 655 5348 p.
687 5281 814 5342 286,
843 5280 1075 5348 priorem
1122 5281 1207 5332 hic
1234 5280 1484 5333 dabimus
1515 5295 1576 5331 ex
1607 5278 1854 5348 Philone,

291 5365 416 5418 pag.
485 5351 538 5412 7,
585 5351 678 5404 ubi
741 5351 1004 5403 rationem
1057 5349 1284 5403 all'erens
1330 5349 1681 5417 quamobrem
1735 5361 1858 5418 post

290 5431 448 5474 terra:
473 5420 738 5490 germina,
762 5421 945 5474 stellas
963 5419 1104 5473 Deus
1131 5420 1400 5490 eﬂ‘ecerit:
1429 5419 1718 5490 Προλαϐῲν
1749 5421 1856 5490 γάρ

287 5491 416 5560 περὶ
443 5483 568 5560 τῶν
597 5483 748 5542 οὔπω
783 5490 1080 5560 γεγονότων
1116 5488 1434 5559 ἀνθρώπων,
1460 5483 1580 5560 οἷοι
1605 5488 1700 5560 τὰς
1727 5483 1857 5556 γνώ-

291 5559 398 5628 μας
427 5559 658 5624 ἔσονται,
695 5559 984 5628 στοχασταὶ
1006 5559 1113 5610 τῶν
1143 5560 1363 5611 εἰκότων
1387 5559 1480 5612 καὶ
1504 5559 1761 5621 πιθανῶν,
1798 5563 1855 5612 ἐν

287 5625 367 5692 οἷς
409 5631 469 5683 τὸ
510 5631 642 5682 πολὺ
672 5631 733 5682 τὸ
765 5625 1017 5696 εῦλογον,
1060 5629 1171 5682 ἀλλ’
1212 5629 1328 5698 οὑχὶ
1374 5629 1471 5697 τῆς
1522 5629 1853 5697 ἀκραιφνοῦς

287 5699 543 5769 ἀληθείας
562 5717 575 5730 ·
606 5701 698 5752 καὶ
722 5701 801 5752 δτι
832 5699 1176 5752 πιστεύσουσι
1207 5703 1317 5760 τοῖς
1344 5700 1682 5769 φαινομένοις
1715 5699 1850 5768 μᾶλ-

288 5768 388 5822 λον
427 5771 458 5840 ἦ
503 5769 650 5840 Θεῷ,
693 5769 1000 5838 σοφιστείαν
1047 5769 1150 5841 πρὸ
1199 5769 1386 5838 σοφίας
1439 5768 1848 5841 θαυμάσαντες·

561 5866 834 5926 Pauor“
865 5864 982 5926 Gn.
1021 5865 1196 5926 XXI.

1967 4567 2160 4621 adores
2186 4584 2268 4620 ea.
2308 4587 2324 4618 ι
2364 4566 2630 4622 Prteclare
2659 4573 2884 4624 omnino
2916 4586 3031 4626 rem
3062 4573 3257 4642 tetigit,
3287 4573 3414 4628 dum
3441 4592 3533 4629 eo.

1967 4674 2110 4718 rum,
2147 4659 2347 4727 quibus
2376 4673 2514 4713 nova
2537 4659 2651 4714 haec
2678 4663 2903 4715 numina
2937 4664 3312 4732 probarentur,
3344 4669 3529 4724 consi-

1966 4751 2096 4803 lium
2129 4767 2366 4805 errorem
2403 4752 2710 4822 appellavit.
2745 4751 2882 4808 Nam
2927 4756 3020 4823 qui
3067 4757 3198 4811 dum
3247 4759 3528 4828 viderent,

1961 4851 2059 4896 aut
2087 4843 2217 4898 solis
2248 4858 2468 4897 accessu
2493 4859 2823 4915 recessuque
2857 4860 3065 4901 annuas
3095 4848 3212 4903 illas
3240 4859 3531 4920 tempesta-

1961 5070 2261 5141 κατιδόντες
2284 5086 2340 5121 τε
2368 5065 2519 5141 αὖθις
2550 5070 2644 5132 τὰς
2672 5069 2818 5138 ήλίου
2859 5071 2950 5122 καὶ
2978 5071 3205 5140 σελήνης
3229 5070 3525 5141 περιόδους,

1960 5141 2025 5193 δι’
2053 5135 2126 5192 ὧν
2153 5139 2304 5208 θέρη,
2356 5139 2657 5211 χειμῶνες,
2693 5135 2867 5210 ’ἔαρος
2891 5181 2904 5202 ,
2942 5135 3256 5211 μετοπώρου
3290 5135 3485 5211 τροπαί
3511 5159 3523 5170 ·

1959 5211 2066 5261 τῶν
2104 5211 2166 5262 ὲκ
2198 5211 2299 5278 γῆς
2343 5209 2446 5280 ἀνά
2475 5211 2579 5280 πᾶν
2617 5209 2732 5271 ἔτος
2767 5211 3048 5280 φυομένων
3095 5209 3187 5263 καὶ
3231 5209 3527 5279 γινομένων

1961 5281 2211 5333 ἀπάντων
2247 5279 2424 5341 αἰτίας
2467 5279 2825 5348 ὑπολήψονται
2847 5279 2997 5342 ,τὰς
3020 5282 3126 5332 τῶν
3154 5284 3272 5332 κατ’
3300 5281 3528 5350 οὐρανὸν

1959 5351 2200 5420 ἀστέρων
2217 5349 2629 5421 περιπολήσεις·
2652 5350 2946 5421 ίναίμηδενί
2973 5351 3215 5420 γεννητῷ
3248 5351 3346 5413 τὰς
3368 5349 3524 5421 πρώ-

1955 5437 2053 5484 τας
2074 5417 2388 5492 ἀνατιθέναι
2423 5417 2565 5492 τινές
2595 5417 2864 5492 τολμῶσιν
2899 5421 3076 5492 αἰτίας
3096 5417 3296 5492 ,λήδιά
3324 5417 3524 5491 θράσος

1955 5491 2330 5562 ἀναίσχυντον,
2417 5488 2482 5540 δι’
2513 5487 3224 5562 ἀμαθίανλὺπερϐάλλουσαν
3245 5508 3262 5562 Ἀ
3289 5487 3524 5562 ἀναδρα-

1959 5561 2204 5632 μέτωσαν
2224 5601 2238 5623 ,
2271 5558 2437 5632 φησὶ,
2469 5562 2585 5619 ταῖς
2601 5558 2864 5632 ,διανοίαις
2896 5558 2996 5613 ἐπὶ
3027 5561 3124 5630 τὴν
3158 5560 3376 5632 πρώτην
3414 5558 3522 5612 τῶν

1955 5629 2091 5683 ὅλων
2119 5629 2363 5697 γένεσιν,
2410 5631 2489 5682 ὅτι
2521 5629 2638 5701 προ
2656 5629 2804 5699 ἡλίου
2826 5672 2840 5695 ,
2879 5633 2972 5682 καὶ
3002 5629 3229 5701 σελήνης
3249 5671 3263 5692 ,
3296 5629 3522 5685 παντοῖα

1957 5701 2054 5770 μὲν
2087 5701 2247 5769 φυτὰ,
2286 5698 2576 5772 παντοίους
2599 5698 2653 5751 δέ
2679 5698 2932 5772 καρποὺς
2964 5698 3246 5772 ἤνεγκενή
3273 5703 3364 5771 γῆ,
3389 5711 3520 5770 om,

1953 5786 2074 5841 quae
2103 5772 2235 5827 satis
2269 5786 2391 5826 eum
2430 5772 2530 5824 hoc
2571 5771 2688 5824 loco
2719 5771 2880 5838 supra
2919 5771 3094 5837 ιιίιρ,
3132 5771 3498 5841 «amomum.

3186 5871 3262 5927 37
