3872 6368
271 273 403 327 1165
910 271 1179 328 EUSEBII
1218 269 1700 327 CAESARI‘ENSIS
1731 268 1846 325 ΟΡῐ

1957 270 2108 327 'A-RS
2145 270 2210 325 ιι.
2250 302 2320 313 ——
2359 270 2861 326 APOLOGETICA.
3382 274 3515 329 HM

262 404 344 447 tes
380 388 645 444 exsistere
669 430 684 456 ,
710 389 910 459 quibus
940 386 1322 453 animantium,
1354 364 1687 457 plantarum,
1724 386 1839 441 fru-

1957 390 2329 462 τετιμήκαμεν.
2380 389 2445 441 Τί
2504 402 2572 459 με
2624 386 2706 440 δεῖ
2751 384 3032 458 μηκύνειν,
3075 384 3169 439 καὶ
3216 384 3383 440 τᾶλλα
3424 387 3520 441 τοῦ

263 486 561 550 ctuumque
615 490 808 546 ortus,
879 478 1247 533 maturitatem
1314 492 1470 532 suam
1536 478 1700 533 certis
1770 493 1835 533 ac

1957 480 2221 545 Ῑλάτωνος
2248 482 2327 544 εἰς
2355 480 2469 549 φῶς
2497 480 2746 548 ἀγαγεῖν,
2786 480 2851 533 ὲκ
2892 478 3079 533 τῶνδε.
3112 478 3286 551 παρὸν
3323 479 3418 532 καὶ
3455 478 3525 533 τὰ

267 574 556 642 descriptis
627 582 934 642 temporum
1006 570 1458 628 conversionibus
1526 586 1837 639 assequun-

1957 573 2060 642 ιμοὶ
2091 571 2186 625 νῦν
2216 570 2549 642 σεσιγημένα
2580 569 3004 642 τεκμαίρεσθαι;
3042 570 3100 623 οὐ
3140 571 3245 641 μὴν
3272 569 3525 640 διαϐολῆς

268 674 356 719 tur
418 682 431 719 :
494 675 587 720 aut
638 665 825 719 lunam
898 663 1030 721 solis
1081 662 1461 719 udministram
1518 674 1680 734 atque
1733 662 1836 717 vi-

1957 664 2099 718 ἱνεκα
2123 664 2301 717 ταῦτα
2324 664 2486 733 φάναι
2513 662 2816 736 προήχθην,
2846 663 2968 716 ἐπεὶ
2998 664 3092 716 καὶ
3123 662 3327 735 σφόδρα
3350 661 3526 731 ἔγωγε

265 758 506 825 cariam,
582 758 782 827 quibus
858 758 976 827 ipse
1039 757 1223 827 pratsit
1289 757 1523 811 interdiu
1561 799 1575 823 ,
1650 771 1836 811 curam

1957 756 2150 827 ἱγαμαι
2191 755 2283 810 τὸν
2335 755 2520 828 ἄνδρα.
2572 756 2700 822 Ναὶ,
2752 755 2969 809 πάντων
3021 755 3218 839 μᾶλλον
3258 755 3526 826 Ἐλλήνων

266 864 455 903 eorum
509 857 672 902 noctu
740 848 1278 917 moderationemque
1313 848 1635 917 suscipere;
1677 847 1838 917 705

267 952 380 997 tum
434 949 625 995 eastera
665 956 883 1009 quoque
922 940 1099 994 sidera
1164 954 1261 1009 pro
1320 955 1421 994 suo
1460 939 1694 1010 quodam
1745 940 1842 993 ad-

268 1047 461 1087 versus
509 1046 598 1086 res
652 1041 895 1086 terrenas
952 1047 1113 1085 sensu
1142 1071 1157 1094 ,
1200 1031 1410 1085 inlinita
1460 1046 1581 1100 qua:
1612 1031 1679 1085 ad
1720 1029 1841 1083 uni-

265 1126 410 1182 versi
438 1125 913 1182 conservationem
945 1124 1285 1193 pertineant,
1315 1124 1484 1178 indita
1513 1124 1617 1178 sibi
1648 1124 1698 1176 vi
1729 1122 1842 1177 elli-

268 1236 424 1287 cerc;
461 1234 586 1274 eum
638 1219 694 1273 in
726 1233 968 1274 errorem
1010 1233 1143 1273 sane
1174 1218 1504 1273 immensum
1533 1217 1797 1272 devenere
1820 1255 1838 1279 ,

269 1310 369 1364 hos
410 1318 469 1364 ut
531 1310 678 1365 solos
710 1310 842 1365 deos
885 1324 1008 1365 esse
1041 1317 1362 1367 statuerent.
1408 1308 1512 1376 Qui
1547 1310 1592 1364 si
1636 1318 1841 1364 rectam

268 1399 409 1453 viam
447 1398 751 1454 studiosius
783 1398 1152 1465 institissent,
1203 1397 1363 1453 facile
1407 1398 1652 1470 profecto
1673 1414 1844 1469 agno.

265 1495 510 1558 vissent,
547 1493 1010 1564 quemadmodum
1054 1493 1253 1548 mentis
1289 1492 1609 1547 administer
1653 1500 1844 1563 suapte

267 1595 463 1642 natura
496 1601 692 1641 sensus
740 1594 855 1653 est,
910 1586 984 1640 ita
1012 1584 1277 1656 quidquid
1323 1587 1377 1640 in
1426 1600 1647 1640 sensum
1678 1586 1840 1650 cadit,

267 1680 389 1749 ejus
424 1677 569 1749 quod
598 1679 713 1733 sola
743 1687 925 1732 mente
959 1677 1279 1747 percipitur,
1306 1676 1689 1731 administrum
1723 1692 1845 1731 esse

1941 848 2091 917 φίλον
2119 847 2379 919 ἡγοῦμαι,
2420 847 2514 900 καὶ
2542 845 2707 917 τιμῶ,
2740 846 2808 899 τὰ
2829 846 2951 917 ἐμοὶ
2982 845 3112 915 φίλα
3138 846 3234 898 καὶ
3268 843 3526 917 συγγενῆ.

1941 943 1988 994 εἰ
2037 941 2131 994 καὶ
2184 940 2259 1012 μὴ
2300 939 2370 993 τὰ
2413 939 2503 993 ἴσα
2557 939 2764 1005 διόλου,
2810 939 3218 1009 πεφρονηκότα·
3282 938 3529 1002 Μωσέως

1941 1032 1985 1085 δ’
2014 1034 2071 1086 ὲν
2103 1030 2420 1103 παραθέσει,
2454 1031 2548 1083 καὶ
2595 1028 2701 1081 τῶν
2738 1032 2864 1100 παρ’
2906 1028 3176 1100 Ἑϐραίοις
3208 1027 3528 1099 προφητῶν,

1941 1123 2002 1177 τὸ
2045 1123 2259 1187 ἐλλιπὲς
2300 1122 2603 1185 ἐπιδεικνὺς
2658 1120 2821 1174 αὐτοῦ
2874 1120 2973 1190 τῆς
3025 1120 3277 1182 διανοίας.
3337 1117 3529 1172 Καίτοι

1944 1216 2126 1287 παρῆν
2166 1212 2243 1284 τῷ
2296 1210 2757 1283 καταμέμφεσθαι
2803 1211 3327 1283 παρεσκευασμένῳ,
3376 1209 3529 1281 μυρί’

1943 1308 2079 1363 ἄττα
2102 1305 2504 1367 καταιτιᾶσθαι,
2531 1286 2618 1358 οἷα
2643 1303 2713 1356 τὰ
2740 1303 2912 1374 σεμνὰ
2938 1304 3031 1356 καὶ
3058 1302 3198 1371 σοφὰ
3227 1302 3377 1373 αὐτῷ
3400 1302 3530 1373 περὶ

1944 1398 2219 1469 γυναικῶν
2261 1399 2318 1450 ὲν
2350 1397 2624 1463 Πολιτείᾳ
2648 1381 3063 1466 διατεταγμένέι,
3097 1394 3130 1466 ἢ
3164 1389 3253 1449 οἶα
3291 1394 3363 1447 τὰ
3401 1396 3531 1464 περὶ

1945 1492 2144 1564 ἔρωτος
2186 1489 2452 1560 ὲκθέσμου
2493 1487 2957 1565 σεμνολογούμενα
2990 1487 3047 1539 ὲν
3080 1486 3328 1555 Φαίδρῳ.
3357 1487 3429 1541 Σὺ
3460 1486 3527 1552 δ’,

1946 1586 1995 1637 εἰ
2027 1585 2121 1636 καὶ
2146 1582 2349 1636 τούτων
2373 1579 2676 1636 ἐπακοῦσαι
2702 1580 2906 1644 ποθεῖς,
2935 1579 3228 1648 ἀνάγνωθι,
3250 1565 3411 1632 τὰἓδε
3428 1578 3530 1633 αὑ-

1946 1676 2040 1730 τοῦ
2072 1673 2252 1728 λαϐὼν
2287 1674 2385 1738 τὰς
2421 1675 2601 1745 φωνάς

266 1773 646 1828 constitutum.
682 1792 701 1822 ι
736 1770 946 1838 Quibus
989 1771 1060 1825 ita
1107 1771 1326 1825 subdit:
1367 1790 1386 1823 ι
1424 1770 1788 1837 Quamobrem
1816 1811 1830 1836 ,
1869 1771 2075 1841 inquit,
2154 1779 2409 1825 naturam
2461 1785 2678 1825 onmem
2752 1768 3139 1839 aspectabilem
3201 1769 3534 1839 cogitatione

265 1866 620 1935 praetervecti,
652 1867 718 1921 ad
752 1867 893 1937 ejus,
948 1866 1061 1937 qui,
1087 1866 1229 1937 quod
1258 1866 1406 1920 omni
1470 1865 1644 1921 forma
1717 1876 1922 1934 careat,
1967 1884 2066 1921 nec
2103 1867 2222 1935 visu
2271 1868 2584 1935 attingatur,
2621 1866 2734 1921 sola
2788 1866 3135 1936 intelligentia
3199 1867 3400 1935 percipi
3435 1881 3533 1935 po.

273 1968 420 2024 tesr,
474 1959 737 2014 honorem
789 1959 1136 2029 aspiremus:
1175 1960 1372 2029 quippe
1392 1959 1484 2030 qui
1519 1959 1662 2016 Deus
1711 1960 1814 2024 sit,
1840 1975 1949 2014 non
1986 1974 2174 2015 eorum
2208 1960 2390 2024 modo,
2448 1974 2569 2029 qum
2613 1960 2697 2012 vel
2758 1968 2957 2021 mente,
2992 1956 3072 2010 vel
3101 1974 3264 2012 sensu
3303 1959 3535 2026 capiuno

266 2059 391 2118 tur,
455 2050 546 2105 sed
617 2050 863 2105 omnium
922 2051 1146 2106 omnino
1196 2062 1528 2122 procreator.
1579 2051 1838 2121 Quisquis
1877 2061 2057 2106 autem
2116 2050 2433 2120 sempiterni
2477 2051 2622 2105 illius
2661 2066 2724 2105 ac
2779 2066 2958 2104 rerum
2993 2050 3265 2105 eﬂ'ectoris
3321 2051 3533 2104 cultum

269 2141 561 2196 recentiori
602 2142 839 2211 cuipiam
897 2143 1189 2214 genitoque
1236 2145 1517 2211 tribuerit,
1555 2146 1601 2200 is
1640 2157 1693 2200 et
1740 2146 2006 2212 insanus,
2068 2155 2122 2201 ct
2176 2161 2405 2201 summae
2458 2159 2586 2200 reus
2664 2144 2956 2214 impietatis
3028 2144 3311 2199 habeatur.
3361 2163 3381 2195 ι
3419 2141 3533 2200 Nos

267 2237 433 2308 igitur
453 2238 567 2291 bare
602 2238 878 2308 religionis
901 2241 1045 2310 apud
1066 2241 1321 2298 Hebraeos
1340 2253 1627 2313 praecepta,
1656 2245 1987 2300 immortalia
2009 2259 2237 2315 prorsus
2268 2258 2332 2299 ac
2361 2242 2549 2299 divina
2569 2289 2586 2313 ,
2651 2243 2860 2299 stolidas
2914 2257 2978 2298 ac
3034 2243 3252 2298 vecordi
3290 2243 3536 2312 pliilosoa

266 2333 409 2403 phim
461 2333 819 2403 prmtulimus.
876 2332 1013 2389 Nam
1058 2336 1186 2405 quid
1228 2352 1314 2391 me
1367 2337 1558 2393 attinet
1599 2341 1704 2393 ista
1745 2340 1996 2411 persequi
2019 2339 2260 2405 diutius,
2288 2355 2352 2395 ac
2388 2348 2613 2396 caeteros
2670 2337 2911 2393 Platonis
2995 2353 3210 2395 errores
3270 2341 3486 2409 aperire
3512 2375 3529 2399 .

268 2443 394 2483 cum
449 2441 515 2482 ex
550 2427 739 2496 paucis
790 2426 897 2482 illis
936 2428 1306 2498 conjecturam
1350 2429 1510 2486 facile
1561 2432 1629 2487 de
1660 2432 1729 2488 iis
1793 2434 1955 2487 etiam
1981 2472 1997 2499 ,
2036 2449 2157 2503 quae
2209 2434 2410 2487 tacitus
2467 2440 2730 2502 praetereo
2756 2469 2771 2495 ,
2811 2430 2991 2487 facere
3046 2431 3279 2502 quisque
3323 2422 3534 2502 possit?

267 2515 328 2574 ld
362 2520 507 2590 quod
548 2535 710 2574 nemo
745 2529 925 2574 tamen
979 2520 1078 2574 abs
1110 2534 1196 2574 me
1239 2521 1608 2575 calumniandi
1654 2522 1840 2577 animo
1874 2522 2076 2578 dictum
2111 2538 2236 2579 esse
2265 2531 2450 2594 putet,
2485 2537 2610 2578 cum
2639 2521 2903 2591 majorem
2964 2522 3018 2576 in
3077 2523 3295 2576 modum
3352 2522 3537 2577 homi-

271 2626 395 2666 nem
437 2610 733 2679 suspiciam
792 2612 908 2682 ipse
961 2626 1199 2682 quoque.
1257 2610 1350 2667 Sic
1404 2621 1520 2678 est,
1561 2614 1810 2684 equidem
1854 2615 2007 2669 illum
2076 2615 2233 2669 nobis
2278 2612 2593 2669 Graecorum
2658 2614 2902 2668 omnium
2956 2613 3349 2669 amicissimum
3416 2614 3535 2670 exi-

271 2705 455 2770 stimo,
478 2716 529 2759 et
553 2717 810 2776 tanquam
844 2722 992 2766 eum.
1023 2706 1117 2777 qui
1142 2707 1189 2762 si
1213 2707 1394 2762 minus
1418 2706 1607 2763 eadem
1640 2724 1867 2777 prorsus
1892 2725 2014 2779 quae
2039 2724 2141 2764 nos
2167 2708 2348 2763 omnia
2373 2747 2388 2773 ,
2412 2707 2593 2762 allinia
2655 2715 2802 2763 certe
2847 2706 3138 2761 admodum
3194 2718 3535 2777 cognataque

268 2797 585 2864 tradiderit,
628 2800 875 2854 observo.
931 2800 1037 2856 Sed
1088 2810 1269 2857 tamen
1319 2803 1415 2857 ubi
1472 2818 1595 2858 cum
1637 2802 1786 2859 Mose
1822 2820 1885 2860 ac
1923 2805 2132 2860 caateris
2184 2802 2535 2861 Hebraeorum
2579 2803 2857 2873 prophetis
2926 2803 3314 2869 committitur,
3366 2818 3534 2873 quam

269 2892 340 2947 iis
382 2891 750 2962 intelligentiae
791 2893 843 2947 vi
886 2893 1149 2959 cesserit,
1179 2895 1386 2965 aperio.
1443 2893 1766 2966 Quanquam
1795 2896 1987 2967 siquis
2015 2911 2141 2951 eum
2193 2895 2533 2967 arguendum
2588 2908 2657 2948 ex
2706 2892 2951 2964 professo
3009 2894 3312 2964 susciperet
3349 2909 3538 2965 posset

267 2997 318 3053 is
351 2988 596 3060 profecto
647 2989 751 3045 alia
803 3001 1057 3044 sexcenta
1117 2991 1548 3061 reprehendere,
1593 2992 1905 3063 cujusmodi
1951 3002 2079 3049 sunt
2125 2992 2342 3065 egregia
2387 2991 2480 3046 illa
2507 2990 2774 3061 plenaque
2810 2990 3146 3061 prudentiae,
3177 3005 3299 3061 qua
3331 2992 3416 3047 vel
3466 2991 3537 3047 de

271 3082 591 3138 mulieribus
612 3083 667 3137 in
701 3082 989 3152 Republica
1018 3084 1237 3149 statuit,
1269 3086 1355 3141 vel
1385 3086 1450 3141 de
1474 3085 1699 3143 infando
1724 3103 1909 3144 amore
1935 3088 1992 3146 in
2035 3086 2265 3144 Phaedro
2295 3096 2405 3142 tam
2437 3087 2680 3157 speciose
2728 3086 3163 3157 philosophatur.
3211 3086 3291 3143 Ex
3334 3088 3536 3159 quibus

271 3178 319 3233 si
356 3178 489 3248 quid
517 3179 681 3233 etiam
698 3177 903 3233 audire
936 3178 1133 3248 placet,
1164 3180 1356 3251 legesis
1385 3198 1508 3252 quae
1537 3183 1604 3236 ab
1640 3198 1707 3237 eo
1735 3170 1957 3239 totidem
1983 3184 2165 3240 verbis
2191 3183 2561 3254 disputantur.

870 3331 1103 3388 CAPUT
1139 3333 1284 3387 XIX.

274 3488 533 3561 Quaenam
566 3488 741 3561 minus
770 3496 906 3561 recte
940 3487 1124 3561 Pluto,
1159 3474 1272 3544 tam
1315 3490 1368 3542 in
1413 3489 1652 3561 Legibus
1685 3507 1845 3560 quam

343 3562 398 3612 in
418 3559 734 3632 Republica,
751 3558 815 3611 de
839 3558 1147 3613 mulieribus
1166 3561 1410 3615 statuerit
1431 3558 1580 3632 :quaa
1602 3558 1848 3615 Hebraeo-

349 3646 464 3683 rum
495 3629 736 3680 doctrina
758 3645 861 3681 non
890 3631 1096 3682 vrobat.

349 3780 515 3851 706
536 3798 552 3831 ι
575 3777 743 3834 Multa
765 3778 1039 3848 fortassis,
1064 3780 1310 3851 inquam,
1329 3795 1396 3836 ex
1416 3780 1486 3836 iis
1499 3797 1621 3852 qua:
1638 3798 1670 3837 a
1691 3779 1848 3840 nobis

277 3872 368 3927 hic
397 3872 675 3938 dicuntur,
700 3872 847 3941 quod
887 3873 1055 3926 alium
1080 3888 1229 3928 nunc
1259 3887 1469 3927 morem
1515 3873 1847 3943 habeamus,

276 3960 503 4017 ridicula
537 3959 889 4026 videbuntur,
930 3960 977 4015 si
1049 3961 1181 4015 ﬁent
1232 3961 1311 4015 uti
1358 3960 1730 4030 praecipimus.
1779 3991 1851 4002 —

273 4051 444 4106 Plane
476 4091 491 4118 ,
536 4050 732 4121 inquit.
766 4079 841 4092 -—
872 4049 985 4120 Ego
1017 4065 1148 4106 vero
1191 4065 1206 4103 :
1236 4050 1378 4117 Quid
1429 4050 1649 4107 tandem
1680 4066 1748 4108 ex
1782 4052 1850 4108 iis

272 4145 512 4197 maxime
540 4142 639 4196 tibi
678 4141 970 4197 ridiculum
1002 4140 1253 4196 videtur?
1281 4139 1439 4211 Illud,
1464 4144 1679 4213 opinor,
1702 4144 1850 4214 quod

273 4233 532 4288 mulieres
562 4232 794 4288 velimus
822 4235 994 4288 nudas
1020 4248 1143 4288 cum
1167 4232 1300 4289 viris
1332 4233 1386 4288 in
1410 4234 1660 4304 palatstra
1690 4247 1847 4289 exer-

275 4319 404 4383 ceri,
430 4334 531 4374 nec
559 4320 809 4390 juniores
831 4320 1014 4385 modo,
1042 4321 1137 4375 sed
1170 4321 1317 4390 ipsas
1342 4338 1560 4392 quoque
1580 4322 1847 4388 seniores;

274 4409 355 4463 uti
376 4408 530 4462 viros
556 4408 669 4478 jam
702 4424 862 4465 senes
889 4410 941 4463 in
967 4410 1270 4482 gymnasiis
1298 4412 1583 4481 videmus,
1617 4428 1848 4484 rugosos

273 4498 437 4567 licet,
473 4509 637 4571 atque
686 4512 912 4572 aspectu
947 4503 1320 4573 injucundos,
1372 4505 1615 4561 studiose
1663 4514 1846 4561 tamen

232 4588 382 4675 “hac
402 4592 458 4645 in
490 4594 880 4649 exercitatione
910 4597 1141 4651 versari.
1177 4616 1196 4648 ι
1238 4596 1378 4652 Tum
1410 4597 1660 4668 pluribus
1681 4599 1848 4655 inter-

270 4681 451 4753 jectis,
489 4685 602 4740 haec
624 4687 841 4751 subdit,
888 4706 906 4738 ι
952 4685 1057 4753 Qui
1085 4688 1187 4756 vir,
1224 4689 1434 4761 inquit,
1462 4691 1721 4746 mulieres
1748 4707 1850 4745 nu-

162 4800 167 4807 ρ
240 4770 241 4773 “
271 4775 376 4830 das
409 4776 625 4832 riserit:
665 4780 806 4834 hanc
858 4778 915 4833 in
946 4780 1389 4838 exercitationem
1422 4783 1639 4839 honesti
1685 4798 1849 4838 causa

273 4867 697 4939 incumbentes,
734 4873 892 4942 quasi
945 4874 1040 4946 qui
1090 4875 1205 4930 risu
1256 4876 1567 4945 captando,
1611 4876 1844 4931 solertiae

278 5182 286 5189 _
328 5108 459 5190 7(51)
482 5110 686 5190 ¹’Ἴοςως
740 5111 1160 5190 δλὶ..ΡΙθιο,-Ιίι).
1196 5130 1229 5167 v
1264 5113 1339 5166 De
1364 5112 1650 5190 repub._,_p.
1677 5113 1843 5170 457C

273 5182 377 5231 ista
446 5178 710 5248 pluribus.
757 5182 957 5237 Eadem
1008 5186 1242 5239 citantur
1306 5199 1369 5238 ac
1419 5178 1757 5238 refelluntur
1810 5202 1838 5238 a

274 5243 645 5322 Tliegdorelo,
662 5252 755 5307 lib.
787 5268 838 5305 Ix
868 5253 941 5306 De
963 5270 1075 5309 cur.
1105 5253 1338 5308 (ἔπεσον.
1373 5254 1574 5322 αῙῙεειη
1594 5270 1714 5322 pag.
1742 5254 1845 5308 1°29

287 5270 306 5299 ι
325 5270 637 5312 ιιι-υίιυιἙιο,
662 5270 755 5307 ιιι).
787 5270 838 5305 lx
868 5270 941 5306 ue
963 5270 1075 5309 cur.
1105 5270 1338 5308 hrwcor.
1373 5270 1574 5322 allect.,
1594 5270 1714 5335 pag.
1742 5270 1845 5308 1‘29

273 5328 325 5401 fit
356 5318 575 5401 i§0.“'0
604 5320 661 5373 δὲ
688 5322 862 5401 ταῦτα
889 5324 1225 5401 νομοθετῶν,
1247 5325 1443 5401 inquit,
1472 5324 1589 5401 esse
1617 5341 1725 5401 των
1746 5324 1845 5394 τῆς

273 5388 585 5476 ιςανδριύῇλου
615 5392 870 5476 γυναικὸς
894 5388 1066 5476 λόγων
1098 5388 1370 5476 ὲμνῄσθξγ·
1400 5395 1582 5476 ἐκείνη
1606 5396 1714 5476 γάρ
1743 5388 1847 5459 τοί,

272 5459 368 5534 ἰτοῇ
407 5459 599 5534 ἀνδρὸς
633 5459 840 5534 γυμνόν
871 5465 921 5516 οἱ
954 5459 1235 5530 δεῖξαίτδ
1268 5459 1428 5534 σῶμα
1465 5459 1849 5534 κελεύσαντος,

320 5482 367 5509 ιυ
407 5482 599 5532 ανορος
638 5482 840 5534 γυμνοί
871 5482 921 5516 οι
954 5482 1121 5530 οειςαι
1160 5482 1222 5519 το
1268 5482 1346 5516 σω
1465 5482 1849 5529 κελευσαντος,

320 5527 422 5581 ἀλα
462 5530 565 5605 ἐερῃ
606 5535 924 5605 σωφρόνως,
967 5536 1048 5589 ὅτι
1092 5482 1431 5605 ἁποδυομῖνῗι
1470 5534 1583 5605 τὸν
1614 5533 1851 5605 χιτῶνα,

285 5600 662 5677 ξυναπώρεται
686 5600 782 5658 καὶ
805 5603 903 5675 τὴν
930 5606 1060 5677 αἰδῶ
1083 5607 1116 5676 ἡ
1142 5600 1309 5677 γυνή.
1331 5600 1688 5677 Τοιγαροῦιζὸ
1710 5604 1856 5677 φιλόέ

277 5684 437 5737 σοφος
482 5671 581 5736 τὰς
630 5671 1043 5743 νυμφευόμένας
1102 5671 1303 5745 γυμνὸἴ
1351 5671 1450 5744 τῆς
1495 5671 1733 5741 ἀιδοῦς,⁷
1760 5675 1855 5731 καὶ

2481 3336 2879 3390 ΚΕΦΑΛΑΙΟΝ
2899 3337 2998 3392 ΙΘ’.

1960 3491 2159 3563 Ὀποῖα
2188 3491 2323 3562 περὶ
2361 3491 2659 3563 γυναικῶν
2696 3494 2807 3547 οὐκ
2851 3493 3037 3562 ὀρθῶς
3082 3498 3117 3551 ὁ
3158 3494 3410 3550 Πλάτων
3445 3496 3536 3552 διο

2020 3562 2294 3639 εζιζξαζο,
2340 3564 2409 3639 ἐν
2457 3562 2582 3639 τοῖς
2628 3562 2841 3639 ΝόμοιςΔ
2887 3564 2987 3617 καὶ
3029 3565 3098 3620 ἐν
3127 3565 3405 3639 Πολιτείᾳκ
3439 3563 3536 3639 οἷς

2032 3633 2310 3702 Ἐϐραίων
2335 3636 2446 3687 οὐκ
2475 3633 2735 3687 ἐπινεύει
2765 3635 2943 3703 λόγος

2025 3806 2046 3840 ι
2083 3790 2243 3853 Ἴσως
2277 3788 2340 3860 δὴ
2373 3788 2506 3860 (61),
2532 3784 2706 3853 εἷπον,
2741 3780 2894 3859 παρα
2920 3790 2979 3844 τὸ
3005 3791 3211 3857 εἰωθὸς,
3241 3791 3425 3860 γελοῖα
3463 3792 3536 3848 ἃν

1951 3876 2195 3947 φαίνοιτο
2226 3877 2396 3932 πολλὰ
2428 3876 2558 3950 περὶ
2589 3877 2657 3931 τὰ
2695 3877 2791 3933 νῦν
2826 3878 2891 3951 δὴ
2930 3879 3217 3951 λεγόμενα,
3249 3883 3298 3934 εί
3332 3882 3535 3954 πράξεο

1950 3985 2039 4021 ται
2127 3968 2362 4038 λέγεται.
2391 3998 2462 4009 -
2479 3970 2590 4023 Καὶ
2615 3970 2779 4041 μάλα,
2803 3970 2929 4043 ἔφη.
2955 3971 3106 4025 -Τί
3136 3973 3202 4035 δ’,
3226 3968 3296 4044 ἦν
3327 3974 3374 4027 δ’
3397 3976 3534 4043 ἐγὼ,

1951 4060 2285 4129 γελοιότατον
2334 4060 2513 4116 αὐτῶν
2560 4065 2728 4135 ὁρᾷς;
2764 4064 2835 4116 Ἢ
2856 4063 3054 4134 δηλαδὴ
3075 4065 3153 4117 ὅτι
3176 4066 3386 4137 γυμνὰς
3431 4067 3534 4131 τὰς

1951 4153 2212 4219 γυναῖκας
2256 4154 2313 4205 ὲν
2355 4155 2477 4215 ταῖς
2527 4152 2888 4225 παλαίστραις
2930 4154 3346 4226 γυμναζομένας
3394 4157 3536 4227 μετὰ
3580 4222 3587 4227 ἴ

1950 4245 2057 4299 τῶν
2088 4245 2317 4318 ἀνδρῶν,
2351 4246 2413 4298 οὐ
2444 4245 2602 4317 μόνον
2641 4246 2740 4310 τὰς
2771 4246 2917 4310 νέας,
2962 4246 3075 4300 ἀλλ’
3113 4248 3213 4319 ἢδη
3260 4249 3357 4302 καὶ
3396 4264 3534 4320 πρε-

1953 4337 2238 4411 σϐυτέρας,
2263 4336 2448 4409 ὥσπερ
2488 4339 2615 4401 τοὺς
2635 4338 2896 4409 γέροντας
2933 4340 2992 4391 ὲν
3031 4342 3143 4402 τοῖς
3187 4341 3533 4411 γυμνασίοις,

1949 4432 2076 4485 ὅταν
2119 4431 2271 4504 ῥυσοὶ
2309 4431 2402 4485 καὶ
2430 4431 2504 4502 μὴ
2538 4430 2681 4502 ἡδεῖς
2719 4430 2816 4502 τὴν
2848 4430 2990 4501 ὄψιν,
3017 4431 3167 4502 ὅμως
3198 4432 3534 4504 φιλογυμνα-

1953 4521 2118 4576 σθῶσι
2174 4522 2306 4593 (62).
2346 4541 2365 4575 ι
2416 4523 2528 4576 Καὶ.
2584 4521 2824 4591 ἐπιλέγει
2874 4522 3033 4595 ἐξῆς’
3069 4541 3087 4574 ι
3127 4524 3187 4577 Ὀ
3238 4523 3296 4577 δὲ
3355 4523 3533 4593 γελῶν

1952 4612 2091 4685 ἀνὴρ
2124 4614 2217 4666 ἐπὶ
2247 4614 2481 4684 γυμναῖς
2504 4615 2623 4676 ταῖς
2659 4612 2890 4682 γυναιξὶ,
2922 4613 3019 4666 τοῦ
3063 4613 3340 4683 βελτίστου
3370 4616 3535 4670 ἕνεκα

1950 4702 2411 4775 γυμναζομέναις,
2442 4686 2537 4757 ἅτε
2571 4702 2635 4773 δὴ
2670 4703 2781 4774 (65)
2820 4703 2916 4756 τοῦ
2948 4703 3156 4771 γελοίου
3189 4704 3381 4773 σοφίας
3406 4706 3533 4777 δρέ-

1954 4811 2069 4847 πων
2115 4792 2354 4864 καρπδν,
2396 4791 2517 4845 οὐδὲ
2562 4786 2723 4858 οἶδεν,
2771 4791 2847 4854 ὡς
2899 4790 3095 4856 ἔοικεν,
3125 4792 3209 4861 ἐφ’
3235 4786 3280 4860 ᾧ
3311 4793 3466 4863 γελᾷ.
3506 4814 3527 4845 ι

1953 4885 2090 4957 Φησὶ
2116 4885 2173 4938 δὲ
2204 4887 2262 4939 ὲν
2289 4884 2501 4954 ἑϐδόμῳ
2527 4884 2636 4936 τῶν
2671 4884 2901 4952 Νόμων,
2934 4882 3010 4947 ὼς
3049 4884 3155 4955 ἄρα
3186 4883 3369 4955 δεήσει
3404 4885 3532 4948 τοὺς

1951 5117 2226 5173 ἀναίδειαν
2281 5118 2604 5173 ἐκδιδάσκει.
2660 5117 2971 5174 Ftedissimi
3021 5119 3185 5189 hujus
3252 5119 3529 5185 instituti.

1890 5242 1903 5250 ,
1952 5190 2095 5245 sicut
2124 5189 2355 5244 aliorum
2403 5191 2793 5259 plurimorum,
2844 5188 3105 5245 auctores
3130 5190 3320 5245 habuit
3363 5188 3533 5247 Lace-

1953 5259 2286 5332 dmmonios;
2344 5270 2404 5332 u_t
2435 5260 2617 5314 videre
2654 5269 2737 5315 est
2786 5260 2935 5332 apud
2975 5259 3275 5332 Thucydid.
3327 5261 3424 5332 lib.
3474 5277 3527 5328 ι,

1958 5328 2229 5404 Plutarch.
2273 5331 2334 5404 in_
2361 5328 2598 5404 Lycurgo
2624 5340 2678 5384 et
2708 5328 3147 5404 Apoplttltegmatl
3191 5330 3291 5404 Qui
3325 5330 3533 5404 ﬂagitio

1953 5399 2159 5471 frustra
2193 5399 2427 5468 speciem
2456 5400 2693 5471 aliquam
2719 5410 2774 5457 et
2803 5399 3040 5471 colerem
3070 5402 3283 5471 quzerit.

2028 5469 2170 5545 (6‘2j
2207 5468 2759 5541 Φιλοατμναονθῶσι.
2824 5469 2987 5527 Malui
3051 5468 3532 5545 φὶλογυμναστῶσι

1956 5557 2079 5597 cum
2114 5539 2337 5595 Platone
2367 5539 2438 5595 et
2456 5556 2559 5594 ms.

2028 5610 2139 5684 (65)
2181 5609 2310 5664 Ἄτε
2341 5609 2438 5679 δή.
2469 5609 2647 5677 Plato,
2671 5611 2854 5684 ἀτελῆ.
