3872 6368
361 332 504 390 H69

1505 343 1821 402 PRIEPAR.
1866 343 2116 401 EVANG.
2161 340 2286 395 LIB.
2332 338 2466 391 Xlli.

3455 334 3590 388 Ητθ

361 453 479 506 κατ’
517 451 690 521 ἰσχὺν,
728 449 848 503 ἀντὶ
881 451 981 520 μὲν
1029 452 1206 522 πάλης
1255 457 1348 508 καὶ
1405 455 1512 508 τῶν
1560 455 1834 520 τοιούτων,
1861 457 1929 509 τὰ

2050 456 2190 509 lierit
2209 457 2502 519 civitatem,
2522 452 2720 508 frustra
2743 453 3003 524 vigilavit,
3022 456 3114 524 qui
3131 454 3365 510 custodit
3383 470 3500 508 eam
3523 453 3557 504 ¹.
3575 473 3593 498 ι

360 541 454 594 νῦν
479 543 579 594 ὅσα
606 541 796 611 βαρέα,
827 543 926 612 τὴν
959 544 1015 596 ἐν
1045 548 1157 607 τοῖς
1185 545 1368 610 ὅπλοις
1409 547 1589 617 μάχην
1638 545 1750 616 (75)
1771 585 1785 610 ,
1835 548 1930 601 ἕνα

360 649 418 685 τε
447 632 580 704 πρὸς
610 634 702 686 ἕνα
735 633 1186 705 διαμαχομένους,
1221 639 1312 690 καὶ
1345 638 1438 691 δύο
1468 639 1604 710 πρὸς
1646 639 1790 692 δύο.»
1824 639 1932 693 Καὶ

365 723 494 794 ἑξῆς
516 724 704 778 εἰπών·
743 743 762 776 ι
784 725 990 778 Ταύτὸν
1022 728 1085 798 δὴ
1116 731 1208 782 καὶ
1259 731 1386 793 τοὺς
1420 732 1548 801 περὶ
1599 730 1932 801 ὁπλομαχίαν

367 817 567 886 ἄκρους
594 807 1042 889 παρακαλοῦντας
1091 820 1195 892 χρὴ
1233 822 1454 886 τούτους
1485 822 1792 892 νομοθετεῖν
1838 839 1930 876 κε-

371 907 597 961 λεύειν’»
637 911 883 989 ἐπιφέρει
912 911 1104 978 λέγων·
1139 931 1156 964 ι
1195 913 1274 966 Τά
1311 914 1448 967 αύτά
1478 914 1533 966 δέ
1559 915 1652 968 καὶ
1680 914 1933 986 περὶτῶν

365 997 594 1067 θηλειῶν
627 998 766 1052 ἔστω
814 1001 1258 1072 νομοθετούμενα,
1291 1002 1399 1056 τῶν
1439 1003 1598 1074 μέχρι
1648 1004 1859 1073 γάμων.
1906 1022 1928 1054 »

363 1084 494 1141 Εἶτα
514 1088 673 1142 πάλιν
694 1091 900 1156 τούτοις
920 1091 1044 1163 ἑξῆς
1081 1092 1318 1162 συνάψας
1343 1094 1466 1157 τοὺς
1497 1110 1562 1145 πε
1571 1093 1624 1163 ρὶ
1654 1091 1936 1146 πελταστι-

365 1181 486 1250 κῆς,
520 1183 615 1234 καὶ
645 1184 1004 1253 παγκρατίου,
1036 1187 1129 1238 καὶ
1181 1184 1356 1248 τόξου,
1389 1184 1549 1237 λίθων
1582 1201 1641 1236 τε
1669 1186 1731 1238 ἐκ
1759 1186 1935 1258 χειρὸς

367 1271 523 1342 βολῆς
550 1274 643 1326 καὶ
666 1273 755 1326 διά
778 1275 1067 1346 σφενδόνης
1096 1275 1312 1346 νόμους,
1340 1276 1519 1329 ἵππων
1541 1293 1598 1328 τε
1627 1277 1757 1346 περὶ
1789 1275 1934 1343 ἀγῶ-

364 1378 474 1427 νος,
509 1363 670 1418 πάλιν
721 1364 993 1420 κάνταῦθα
1048 1367 1171 1436 περὶ
1213 1365 1318 1419 τῶν
1378 1365 1606 1436 θηλειῶν
1633 1367 1824 1435 ἐπάγει
1853 1366 1938 1419 λέ-

366 1475 496 1526 γων’
533 1479 551 1510 ι
589 1459 818 1529 Θηλείας
853 1460 908 1511 δὲ
935 1461 1062 1531 περὶ
1093 1460 1319 1526 τούτων,
1350 1461 1534 1532 νόμοις
1573 1462 1669 1531 μὲν
1696 1461 1789 1513 καὶ
1820 1462 1937 1514 ἐπι-

367 1551 582 1618 τάξεσιν
607 1552 704 1603 ούκ
732 1551 857 1617 ἀξια
907 1552 1208 1621 βιάζεσθαι,
1260 1554 1359 1623 τῆς
1407 1553 1709 1614 κοινωνίας·
1742 1551 1836 1603 ἐάν
1881 1551 1937 1603 δὲ

367 1643 424 1708 ἐξ
458 1644 635 1696 αὐτῶν
658 1643 1094 1714 τῶνέμπροσθεν
1118 1643 1495 1715 παιδευμάτων
1521 1643 1732 1706 είςὲθος
1755 1642 1937 1695 ἰόντων

364 1737 397 1804 ἡ
430 1735 588 1802 φύσις
643 1735 938 1805 ἐνδέχηται,
992 1738 1085 1790 καὶ
1141 1736 1216 1807 μὴ
1269 1736 1613 1808 δυσχεραίνῃ,
1669 1735 1934 1806 παῖδαςῆ

365 1827 665 1898 παρθένους
697 1831 968 1882 κοινωνεῖν
997 1829 1113 1900 ἐᾷν,
1149 1830 1243 1882 καὶ
1275 1830 1348 1901 μὴ
1403 1829 1643 1899 ψέγειν.»
1691 1827 1941 1882 Τοσαῦτα

365 1918 457 1972 τοῦ
487 1919 768 1983 Πλάτωνος
792 1921 858 1973 τὰ
887 1921 1014 1992 περὶ
1044 1921 1336 1989 γυναικῶν.
1364 1920 1470 1974 Τοῦ
1504 1921 1549 1975 δ’
1580 1921 1742 1976 αὐτοῦ
1789 1921 1882 1974 καί
1913 1923 1942 1974 ὁ

367 2010 664 2082 Θαυμάσιος
687 2013 774 2066 ὅδε
811 2014 1069 2083 τυγχάνει
1095 2013 1274 2084 νόμος·
1314 2034 1332 2064 ι
1369 2014 1492 2067 Ἐάν
1516 2031 1599 2076 τις
1621 2013 1817 2076 παῖδας
1831 2012 1941 2082 (76)

365 2103 582 2173 θηλείας
615 2106 936 2179 καταλείπῃ,
991 2107 1056 2160 δι’
1081 2105 1323 2174 ἀδελφῶν
1384 2123 1443 2159 τε
1493 2098 1588 2158 κα).
1646 2104 1941 2174 ἀδελφιδῶν

365 2195 603 2250 ἐπανιὼν
629 2197 760 2267 (77),
786 2197 1092 2267 ἔμπροσθεν
1130 2198 1225 2267 μὲν
1259 2197 1367 2250 τῶν
1432 2198 1694 2269 ἀρρένων,
1720 2198 1942 2270 ὕστερον

362 2287 420 2341 δὲ
446 2288 674 2360 θηλειῶν
707 2291 786 2342 ἐνὶ
819 2291 986 2358 γένει’
1011 2289 1108 2360 τὴν
1135 2289 1191 2341 δὲ
1213 2289 1307 2343 τοῦ
1354 2289 1462 2343 τῶν
1511 2292 1704 2362 γάμων
1750 2293 1942 2363 χρόνου

367 2381 709 2452 συμμετρίαν
733 2399 792 2434 τε
816 2382 909 2434 καὶ
944 2383 1212 2452 ἀμετρίαν
1256 2381 1514 2453 δικαστὴς
1569 2382 1786 2436 σκοπῶν
1821 2399 1941 2454 κρι-

364 2471 521 2533 νέτω,
553 2473 794 2542 γυμνοὺς
828 2473 927 2542 μὲν
978 2473 1104 2534 τοὺς
1138 2472 1391 2542 ἄρρενας,
1426 2470 1638 2542 γυμνὰς
1687 2471 1744 2524 δέ
1769 2472 1946 2541 ὀμφα-

365 2564 457 2618 λοῦ
483 2565 643 2636 μέχρι
673 2564 945 2636 θεώμενος
971 2564 1069 2628 τὰς
1103 2564 1373 2634 θηλείας.»
1410 2564 1569 2618 Ἀλλά
1617 2567 1712 2620 καὶ
1743 2567 1799 2617 ἐν
1829 2567 1946 2628 ταῖς

365 2656 580 2726 ιορταῖς
601 2656 710 2710 δεῖν
757 2657 926 2720 αὐτάς
973 2674 1105 2727 φησι
1145 2657 1358 2728 γυμνὰς
1391 2657 1637 2729 χορεύειν
1697 2659 1756 2709 ἐν
1801 2658 1946 2728 ἒκτῳ

366 2745 473 2799 τῶν
509 2748 739 2816 Νόμων,
770 2747 942 2816 λέγων
981 2747 1131 2801 οῦτω·
1187 2767 1206 2799 ι
1237 2747 1348 2818 Τῆς
1382 2744 1476 2801 οὖν
1528 2747 1782 2817 τοιαύτης
1834 2746 1945 2817 (78)

368 2839 596 2910 σπουδῆς
623 2840 783 2892 ἕνεκα
808 2839 914 2911 χρὴ
940 2840 1034 2893 καὶ
1073 2839 1170 2903 τὰς
1206 2839 1423 2904 παιδιὰς
1455 2839 1723 2892 ποιεῖσθαι
1757 2841 1946 2909 χορεύ-

365 2930 522 2992 οντάς
551 2946 608 2982 τε
635 2930 728 2982 καί
754 2929 1102 3000 χορευούσας,
1137 2930 1363 3002 κούρους
1388 2947 1447 2982 τε
1495 2930 1586 2982 καὶ
1619 2930 1806 3001 κόρας,
1850 2932 1945 2984 καὶ

365 3013 484 3085 ἅμα
505 3015 569 3086 δὴ
595 3014 927 3086 θεωροῦντάς
953 3034 1011 3070 τε
1036 3019 1132 3073 καὶ
1160 3017 1582 3088 θεωρουμένους,
1622 3018 1759 3089 μετά
1786 3019 1944 3088 λόγου

2034 547 2102 602 At
2126 548 2322 602 videsis
2354 561 2549 616 porro,
2583 547 3032 615 quemadmodum
3071 547 3316 618 egregius
3351 546 3590 616 philoso-
3659 602 3666 608 _

2032 641 2174 709 phus
2221 639 2477 693 mulieres
2523 638 2786 708 gymnicis
2830 653 3047 708 quoque
3079 637 3464 692 certaminibus
3498 638 3600 690 im-

2035 731 2278 784 miserat.
2314 747 2332 778 ι
2361 727 2615 783 Mulieres
2640 769 2654 793 ,
2689 729 2902 797 inquit,
2939 729 3084 798 quod
3133 728 3324 782 attinet
3351 766 3365 791 ,
3409 727 3602 797 puellis

2035 822 2213 877 adhuc
2241 821 2618 892 impuberibus
2644 861 2658 886 ,
2692 821 2867 891 iisque
2895 821 3084 887 nudis,
3115 820 3272 874 stadii
3302 860 3318 886 ,
3348 820 3432 873 vel
3473 821 3603 874 sim-

2034 915 2218 984 plicis,
2260 914 2344 968 vel
2373 913 2631 984 geminati
2669 914 3023 979 curriculum,
3057 922 3310 983 equestre
3337 911 3601 976 similiter,

2035 1006 2303 1076 integrum
2340 1005 2574 1075 denique
2621 1005 2750 1059 illud
2802 1021 2865 1060 ac
2905 1006 3111 1075 justum
3165 1002 3562 1073 assignabimus
3590 1041 3602 1058 .

2036 1107 2200 1168 atque
2232 1099 2304 1152 ita
2336 1106 2396 1151 ut
2420 1097 2487 1152 de
2531 1112 2726 1152 cursus
2775 1097 2914 1151 inter
2961 1113 3018 1151 se
3065 1097 3338 1149 celeritate
3381 1100 3607 1148 conten-

2035 1189 2198 1243 dant:
2234 1204 2357 1259 qua:
2384 1205 2512 1244 vero
2542 1205 2744 1244 annum
2769 1189 3044 1258 attigerint
3067 1187 3336 1241 decimum
3365 1185 3604 1247 tertium,

2036 1295 2130 1335 eas
2155 1280 2328 1336 donec
2358 1281 2672 1350 nupserint,
2706 1281 2783 1335 sic
2832 1280 2884 1333 in
2921 1279 3113 1333 harum
3158 1276 3604 1332 exercitationum

2037 1372 2295 1428 societate
2327 1371 2712 1435 retinebimus,
2775 1380 2832 1424 nt
2856 1371 2936 1441 ;iis
2970 1384 3068 1424 nec
3118 1369 3257 1424 ultra
3290 1367 3608 1422 vicesimum

2039 1463 2347 1534 obligentur
2375 1503 2390 1528 ,
2421 1479 2523 1518 nec
2553 1464 2833 1518 solvantur
2855 1471 2978 1516 ante
3017 1461 3286 1516 decimum
3333 1468 3605 1513 octavum.

2038 1551 2127 1608 Ea:
2154 1569 2318 1623 porro
2352 1555 2584 1610 honesto
2613 1553 2900 1610 succincta:
2943 1552 3088 1606 cultu
3143 1552 3197 1605 in
3228 1565 3290 1605 ea
3317 1548 3613 1604 curriculo-

2040 1659 2160 1696 rum
2185 1645 2484 1698 certamina
2506 1644 2857 1699 descendant.
2890 1644 3066 1713 Atque
3097 1641 3149 1696 id
3181 1641 3246 1696 de
3275 1641 3516 1694 virorum
3548 1654 3612 1692 ac

2041 1736 2366 1792 feminarum
2392 1752 2553 1792 cursu
2587 1737 2944 1791 constitutum
2978 1744 3114 1790 esto.
3162 1734 3232 1787 At
3278 1733 3473 1787 virium
3523 1733 3614 1786 tir-

2044 1830 2248 1885 mitatis
2274 1829 2532 1899 augendae
2553 1843 2757 1896 causa,
2803 1829 2964 1883 luctat
3015 1829 3134 1882 loco
3181 1842 3243 1881 ac
3291 1834 3611 1882 cancrorum

2043 1921 2313 1991 ejusmodi
2341 1961 2356 1988 ,
2388 1920 2586 1991 quibus
2621 1936 2768 1976 nunc
2801 1919 3202 1975 molestioribus
3249 1933 3312 1973 ac
3356 1917 3618 1973 diﬁicilio-

2043 2013 2195 2069 ribus
2222 2012 2447 2077 utimur,
2476 2021 2698 2067 armatae
2723 2027 2914 2083 pugnae
2942 2011 3174 2081 speciem
3211 2025 3574 2080 proponemus
3599 2052 3614 2074 ,

2046 2106 2397 2176 singulosque
2421 2119 2548 2160 cum
2575 2104 2827 2175 singulis,
2852 2113 2944 2158 aut
2967 2118 3090 2158 cum
3117 2102 3348 2174 geminis
3369 2103 3616 2173 geminos

2043 2196 2504 2252 tommittemus.»
2542 2194 2680 2250 Tum
2704 2195 2886 2252 statim
2913 2204 3034 2265 post
3062 2195 3177 2249 haec
3208 2193 3407 2248 verba:
3439 2192 3614 2247 «Idem

2047 2287 2221 2357 ipsum
2249 2287 2444 2342 armati
2487 2286 2651 2358 hujus
2693 2287 3006 2342 certaminis
3049 2285 3308 2356 praesides
3335 2326 3350 2351 ,
3400 2293 3460 2339 ut
3502 2285 3618 2354 lege

2044 2381 2315 2435 sancitum
2371 2379 2554 2446 velint,
2607 2379 2882 2434 adhortari
2923 2379 3214 2448 oportebit.
3252 2377 3486 2445 Eadem,
3534 2379 3619 2432 in—

2046 2470 2196 2538 quit,
2233 2469 2298 2523 de
2341 2467 2562 2538 puellis,
2614 2468 2856 2538 quandiu
2902 2469 3141 2538 innuptae
3185 2476 3439 2531 manent,
3486 2482 3616 2522 san-

2044 2561 2315 2614 ciuntur.»
2352 2557 2564 2613 Rursus
2585 2599 2601 2624 ,
2631 2558 2722 2612 ubi
2756 2557 3127 2628 superioribus
3155 2557 3263 2611 illis
3287 2598 3302 2624 ,
3342 2572 3510 2612 novas
3553 2557 3619 2610 de

2046 2651 2349 2722 peltastica,
2379 2650 2446 2705 de
2474 2649 2774 2719 pancratio,
2803 2649 2868 2702 de
2897 2649 3185 2719 sagittandi
3215 2657 3350 2712 arte,
3382 2647 3448 2701 de
3482 2647 3618 2717 lapi-

2046 2746 2206 2800 dibus
2233 2760 2331 2800 seu
2364 2759 2528 2798 manu
2550 2785 2564 2809 ,
2592 2758 2688 2798 seu
2717 2742 2883 2797 funda
2906 2741 3172 2813 jacieudis
3196 2782 3210 2806 ,
3244 2751 3520 2811 postremo
3554 2741 3619 2794 de

2046 2852 2310 2908 equorum
2344 2837 2644 2892 certamine
2669 2835 2813 2906 leges
2842 2833 3066 2901 addidit,
3095 2833 3163 2888 de
3194 2833 3412 2887 feminis
3454 2832 3619 2886 etiam

2045 2929 2120 2984 ita
2143 2929 2456 2984 concludit:
2493 2947 2512 2980 ι
2547 2927 2782 2983 Femina:
2808 2926 3047 2996 quidem,
3080 2936 3140 2980 ut
3176 2925 3228 2981 in
3260 2924 3620 2979 certaminum

2046 3021 2275 3076 istorum
2307 3019 2624 3076 societatem
2659 3017 2913 3081 veniant,
2958 3015 3164 3088 legibus
3186 3013 3485 3069 antedictis
3531 3028 3622 3066 co-

365 3125 423 3161 τε
452 3109 546 3162 καὶ
573 3107 788 3178 ἡλικίας
845 3110 989 3173 τινὸς
1041 3111 1271 3183 ἐχούσης
1321 3111 1560 3175 ἐοικυίας
1608 3115 1940 3183 προφάσεις,

2050 3112 2232 3182 [ςθιιᾱαι
2275 3127 2385 3168 ιιοιι
2414 3118 2612 3167 erunt:
2656 3110 2702 3167 si
2751 3118 2928 3165 tamen
2978 3107 3278 3179 superioris
3321 3105 3623 3175 disciplina:

365 3203 600 3272 γυμνοὺς
630 3202 724 3254 καὶ
786 3204 1020 3272 γυμνὰς,
1077 3204 1236 3275 μέχρι
1297 3221 1404 3274 περ
1446 3204 1627 3268 αἰδοῦς
1670 3205 1940 3276 σώφρονος

366 3293 632 3348 ἑκάστων.
667 3313 684 3343 »
743 3295 886 3365 Πρὸς
949 3295 1157 3360 τούτοις
1227 3297 1430 3350 ἅπασιν
1475 3297 1775 3350 ἐπάκουσον
1850 3299 1940 3353 καὶ

365 3384 530 3439 τῶνδε
561 3385 670 3439 τῶν
720 3388 778 3438 ἐν
812 3387 1092 3454 Πολιτείᾳ
1135 3389 1263 3458 περὶ
1313 3388 1408 3442 τοῦ
1463 3389 1647 3454 κοινὰς
1675 3387 1814 3444 εἶναι
1841 3390 1940 3453 τὰς

367 3483 627 3548 γυναῖκας
650 3481 836 3551 νόμου·
875 3501 894 3533 ι
931 3481 1136 3553 Τούτῳ,
1164 3479 1230 3554 ἦν
1260 3484 1303 3544 δ’
1337 3484 1446 3553 ἐγὼ
1472 3485 1604 3555 (79),
1631 3486 1820 3539 ἕπεται
1855 3486 1938 3538 νόο

367 3594 468 3650 μος
499 3579 596 3632 καὶ
615 3580 728 3640 tot;
761 3577 1070 3650 ἔμπροσθεν
1097 3582 1208 3641 τοῖς
1234 3578 1433 3645 ἄλλοις,
1464 3579 1538 3643 ὡς
1569 3573 1800 3650 ἐγῷμαι,
1832 3581 1939 3633 ὅδε.

366 3698 436 3710 -
455 3667 583 3735 Τίς;
614 3699 684 3708 -
706 3667 817 3731 Τὰς
856 3671 1115 3735 γυναῖκας
1144 3669 1347 3732 ταύτας
1369 3669 1474 3722 τῶν
1509 3671 1714 3741 ἀνδρῶν
1738 3671 1940 3724 τούτων

370 3758 588 3812 πάντων
616 3758 796 3822 πάσας
821 3753 960 3811 εἶναι
992 3761 1196 3822 κοινὰς,
1251 3760 1356 3831 ίδίᾳ
1381 3760 1438 3812 δὲ
1463 3760 1652 3831 μηδενὶ
1677 3761 1942 3832 μηδεμίαν

373 3854 656 3905 συνοικεῖνο
681 3851 774 3904 καὶ
833 3853 958 3915 τοὺς
1009 3852 1205 3916 παῖδας
1255 3848 1322 3906 αὖ
1381 3855 1612 3919 κοινοὺς,
1672 3855 1766 3907 καὶ
1807 3855 1943 3926 μήτε

370 3941 531 4010 γονέα
559 3941 777 4010 ἔκγονον
803 3943 998 3997 εἰδέναι
1030 3943 1120 3996 τὸν
1146 3944 1330 4008 αὐτοῦ,
1363 3945 1500 4016 μήτε
1529 3945 1693 4000 παῖδα
1725 3945 1937 4014 γονέα.»

371 4033 483 4088 Καὶ
505 4033 629 4104 ἐξῆς
655 4035 910 4102 ἐπιλέγειν
945 4055 963 4087 ι
995 4036 1174 4103 Εἰκὸς,
1208 4037 1329 4108 ἐφη.
1350 4039 1504 4090 -Σὺ
1532 4038 1629 4110 μὲν
1651 4037 1847 4102 τοίνυν,
1878 4035 1945 4110 ἦν

368 4126 414 4179 δ’
441 4125 571 4194 ἐγὼ,
606 4128 634 4179 ὁ
656 4127 965 4197 νομοθέτης,
990 4129 1172 4192 αὐτοῖς
1195 4129 1382 4200 ὥσπερ
1409 4132 1535 4194 τοὺς
1567 4131 1784 4201 ἄνδρας,
1805 4132 1947 4185 οῦτω

369 4219 464 4273 καὶ
497 4219 594 4282 τὰς
623 4223 883 4287 γυναῖκας
908 4221 1149 4287 ἐκλέξας,
1194 4223 1535 4293 παραδώσεις
1578 4225 1807 4278 καθόσον
1837 4219 1948 4276 οἷόν

367 4327 428 4364 τε
449 4310 728 4381 ὁμοφυεῖς⁸
755 4313 804 4364 οἱ
836 4312 894 4364 δὲ
934 4312 1026 4365 ἆτε
1055 4315 1233 4378 οἰκίας
1261 4332 1322 4367 τε
1364 4317 1458 4368 καὶ
1510 4315 1755 4381 ξυσσίτια
1796 4316 1950 4369 κοινὰ

370 4397 605 4469 ἔχοντες,
667 4400 770 4471 ἰδία
799 4400 854 4452 δὲ
895 4402 1107 4465 οὐδενὸς
1135 4403 1283 4457 οὐδὲν
1311 4403 1550 4456 τοιοῦτον
1589 4407 1948 4476 κεκτημένου,

2045 3203 2349 3260 rationibus
2378 3204 2493 3275 jam
2521 3204 2573 3258 in
2607 3219 2787 3258 mores
2813 3218 2913 3258 usu
2941 3202 3192 3274 receptis,
3217 3203 3390 3256 aliena
3414 3211 3528 3255 tum
3554 3199 3623 3253 ab

2042 3297 2110 3352 iis
2141 3305 2336 3351 natura
2371 3311 2479 3350 non
2511 3295 2633 3360 erit,
2665 3294 2816 3365 pueri
2845 3293 3006 3349 simul
3045 3309 3108 3348 ac
3136 3294 3325 3363 puellze
3371 3294 3622 3348 sinantur

2043 3387 2098 3440 in
2131 3401 2320 3441 eorum
2340 3385 2660 3440 tractatione
2687 3384 2914 3448 versari,
2936 3382 3246 3454 factumque
3270 3383 3628 3454 reprehendat

2042 3493 2272 3534 nemo.)
2335 3477 2460 3533 llzec
2518 3477 2671 3532 Plato
2723 3477 2789 3533 de
2850 3476 3190 3532 mulieribus.
3246 3475 3409 3546 708
3455 3475 3624 3543 Cujus

2041 3571 2203 3626 etiam
2239 3571 2323 3625 lex
2351 3571 2437 3624 illa
2464 3579 2585 3636 est,
2633 3584 2762 3624 sane
2797 3585 2960 3640 quam
3014 3568 3268 3640 egregia:
3329 3587 3346 3620 ι
3385 3567 3442 3622 Si
3492 3568 3617 3638 quis

2042 3663 2185 3717 filias
2218 3662 2522 3736 requuerit,
2562 3662 2638 3714 uti
2670 3661 2922 3716 similiter
2952 3677 3014 3716 ea
3046 3660 3388 3731 cognationis
3431 3660 3484 3713 in
3518 3660 3625 3714 l'ra-

2043 3765 2188 3810 trum
2236 3762 2290 3810 et
2335 3755 2786 3810 consobrinorum
2842 3753 2979 3810 serie
3029 3753 3166 3806 ratio
3219 3753 3518 3818 habeatur,
3548 3753 3622 3806 uti

2043 3849 2234 3901 eodem
2260 3847 2312 3900 in
2347 3861 2575 3916 genere,
2601 3859 2666 3900 ex
2700 3845 2932 3900 marium
2982 3845 3114 3914 ipsis
3169 3844 3384 3914 primo,
3443 3844 3535 3913 qui
3579 3846 3624 3898 si

2047 3938 2179 3992 nulli
2208 3946 2400 4002 erunt,
2433 3950 2546 3992 tum
2579 3937 2796 3992 demum
2840 3953 2906 3992 ex
2955 3936 3285 3991 feminarum
3320 3937 3487 4004 stirpe
3527 3929 3628 3988 viri

2050 4041 2355 4087 sumantur.
2390 4029 2570 4096 IEtate
2603 4046 2729 4083 vero
2751 4072 2765 4096 ,
2797 4045 2962 4098 quam
2993 4030 3059 4083 ad
3115 4029 3328 4099 nuptias
3381 4028 3466 4082 vel
3511 4028 3626 4096 pari

2051 4125 2196 4188 sint,
2227 4123 2309 4176 vel
2346 4122 2574 4192 impari,
2605 4121 2772 4191 judex
2807 4121 2876 4174 ita
2908 4130 3144 4184 statuat,
3182 4130 3240 4173 ut
3284 4133 3462 4172 mares
3511 4118 3632 4186 qui-

2050 4214 2173 4268 dem
2204 4213 2429 4268 omnino
2457 4212 2652 4279 nudos,
2689 4210 2925 4265 feminas
2971 4220 3152 4266 autem
3185 4209 3445 4264 umbilico
3474 4217 3632 4262 tenus

2053 4308 2326 4378 inspiciat.
2377 4306 2553 4377 Atque
2612 4305 2752 4360 idem
2815 4314 2964 4359 sexto
3024 4303 3100 4357 De
3155 4301 3386 4372 legibus,
3456 4303 3631 4354 nudas

2054 4402 2217 4456 etiam
2248 4400 2370 4454 illas
2398 4399 2592 4454 diebus
2631 4397 2784 4453 festis
2815 4398 3044 4452 choreas
3076 4410 3236 4464 agere
3274 4395 3462 4464 jubet,
3501 4393 3629 4446 dum

369 4491 513 4561 ὁμοῦ
534 4492 598 4562 δὴ
631 4491 860 4544 ἔσονταιο
920 4492 1054 4562 ὁμοῦ
1106 4493 1161 4545 δὲ
1210 4495 1689 4566 ἀναμεμιγμένων,
1755 4498 1848 4549 καὶ
1895 4499 1941 4550 ἐκ.

2056 4493 2164 4546 ait:
2213 4511 2230 4542 ι
2270 4491 2387 4546 Hoc
2434 4502 2636 4546 mutuae
2693 4491 2899 4544 notitize
2946 4490 3182 4543 studium
3227 4486 3544 4556 juvabitur,
3586 4485 3631 4538 si

370 4585 711 4654 γυμνασίοις,
741 4585 836 4637 καὶ
879 4586 934 4636 ὲν
983 4588 1046 4656 τῇ
1107 4587 1242 4659 ἄλλῃ
1301 4591 1496 4658 τροφῇ,
1545 4589 1636 4641 ὑπ’
1690 4589 1953 4660 ἀνάγκης,

372 4669 546 4744 οἶμαι,
576 4675 672 4744 τῆς
711 4674 974 4744 ἐμφύτου,
1011 4675 1225 4738 ἄξονται
1266 4677 1400 4747 πρὸς
1426 4677 1525 4748 τὴν
1562 4678 1804 4744 ἀλλήλων
1864 4681 1953 4748 μί-

375 4767 475 4832 ξιν.
499 4767 570 4818 Ἢ
584 4769 682 4820 οῦκ
707 4769 836 4836 ἀναγ
849 4769 975 4821 καῖά
993 4786 1071 4821 σοι
1093 4770 1232 4822 δοκῶ
1261 4769 1436 4838 λέγειν
1466 4772 1631 4834 ;-Ού
1657 4789 1957 4844 γεωμετρι-

375 4861 496 4921 καῖς
525 4875 610 4926 γε,
649 4853 685 4928 ἦ
719 4858 764 4910 δ’
794 4859 872 4923 ὃς,
903 4860 1016 4913 ἀλλ’
1056 4863 1343 4932 ἐρωτικαῖς
1377 4864 1661 4931 ἀνάγκαις,
1694 4865 1748 4917 αἳ
1779 4865 1956 4918 κινδυ-

373 4947 617 5000 νεύουσιν
643 4947 866 5001 ἐκείνων
889 4949 1215 5020 δριμύτεραι
1270 4948 1429 5013 εἷναι,
1490 4955 1624 5024 πρὸς
1653 4955 1713 5006 τὸ
1749 4955 1956 5008 πείθειν

375 5058 433 5094 τε
461 5041 555 5095 καὶ
579 5041 757 5094 ἐλκειν
796 5041 885 5094 τὸν
920 5044 1086 5096 πολὺν
1142 5044 1331 5096 λεών.»
1397 5045 1556 5100 Ἀλλά
1614 5047 1818 5100 τούτων
1858 5049 1956 5118 μὲν

379 5134 507 5195 ἴσως
540 5151 624 5197 τις
655 5133 856 5204 ἐτέρως
887 5134 1206 5205 διηγήσεται
1235 5138 1332 5207 τὴν
1367 5137 1461 5190 τοῦ
1506 5139 1664 5206 λόγου
1689 5140 1951 5205 διάνοιαν,

453 5250 468 5279 ¹
495 5247 637 5303 Psal.
671 5266 856 5314 cxxvt,
893 5249 945 5304 I.

449 5361 560 5434 (75)
618 5363 738 5429 Τὴν
765 5365 836 5434 ἐν
882 5381 930 5417 τ.
959 5363 1404 5431 ὄπλοιςμάχην.
1434 5364 1950 5434 Subintelligendum

377 5433 486 5504 ἀπδ
517 5434 719 5504 κοινοῦ,
756 5433 1200 5504 θήσομενηιιιιοᾴ
1239 5436 1400 5502 paulo
1432 5447 1553 5490 ante
1581 5433 1875 5504 praecessit.

451 5503 581 5576 (16)_
617 5503 761 5576 ,Ἐάν
789 5502 877 5576 τις
900 5502 1137 5576 παῖδας.
1169 5503 1346 5576 Plato,
1390 5505 1482 5559 lib.
1515 5523 1549 5560 ιι
1582 5502 1730 5576 Leg.,
1770 5523 1821 5576 p.
1850 5509 1952 5564 680

379 5571 584 5627 A.'Sed
615 5575 786 5634 locus.
818 5575 870 5627 in
896 5589 996 5631 suo
1026 5571 1172 5628 fonte
1197 5575 1333 5629 satis
1358 5571 1953 5639 obscurusfobscurior

380 5645 449 5694 ab
486 5643 719 5698 Eusebio
762 5645 940 5697 factus
965 5651 1049 5697 est
1075 5685 1088 5706 ,
1120 5660 1415 5712 paucorum
1449 5647 1734 5702 verborum
1760 5649 1953 5702 decur-

384 5714 606 5766 talionc.
658 5713 795 5780 Lege
838 5729 968 5780 ergo
1008 5729 1129 5768 cum
1162 5713 1336 5779 Plat.,
1366 5715 1624 5781 ὡσαύτως
1670 5719 1726 5770 δέ
1760 5720 1849 5770 καί
1893 5719 1952 5770 τὸ

382 5784 534 5851 γένος
564 5785 645 5836 ἀεὶ
687 5784 996 5854 πορευέσθω
1031 5786 1146 5836 κατ’
1196 5787 1544 5856 ἀγχιστείαν,
1592 5790 1678 5844 Ξὰν
1716 5808 1792 5851 τις
1828 5794 1951 5842 παῖ-

2061 4586 2210 4655 pueri
2242 4584 2404 4640 simul
2435 4599 2495 4639 ac
2520 4583 2711 4653 puella:
2737 4582 2892 4636 ludos
2921 4591 2974 4634 et
3002 4584 3230 4635 choreas
3262 4579 3632 4643 celebrabunt,

2060 4694 2124 4734 ac
2169 4692 2289 4733 sese
2334 4687 2523 4732 mutuo
2582 4675 2797 4730 nudatis
2847 4674 3166 4743 corporibus
3216 4672 3512 4741 aspicient,
3555 4673 3634 4736 sic

2061 4780 2241 4824 tamen
2273 4778 2331 4823 ut
2363 4768 2558 4824 modus
2596 4767 2794 4837 aliquis
2830 4775 3108 4831 teneatur,
3148 4780 3318 4834 eaque
3361 4763 3433 4818 sit
3469 4773 3630 4829 aetas,

2059 4879 2179 4933 qua:
2223 4862 2530 4933 probabiles
2567 4862 2686 4930 ejus
2742 4861 2818 4914 rei
2868 4875 3063 4913 causas
3102 4859 3334 4924 habeat,
3389 4858 3632 4926 adeoque

2059 4971 2271 5025 semper
2291 4959 2519 5010 honesto
2551 4954 2890 5024 singulorum
2921 4951 3112 5020 pudori
3131 4951 3502 5004 consulatur»
3535 4948 3632 5008 His

2059 5049 2197 5105 adde
2239 5049 2494 5104 omnibus
2542 5049 2711 5117 legem
2743 5047 2911 5106 illam.
2941 5060 3045 5114 qua
3075 5043 3396 5112 Reipublicae
3417 5044 3629 5113 quinto,

2058 5155 2376 5194 communes
2400 5139 2629 5206 feminas
2659 5154 2778 5194 esse
2803 5139 2987 5208 jubet,
3016 5137 3100 5194 his
3131 5136 3344 5192 verbis;
3390 5155 3408 5186 ι
3434 5135 3632 5196 Proxi-

2055 5367 2185 5430 δας,
2229 5375 2333 5420 etc.
2383 5365 2648 5434 Loquitur
2678 5375 2855 5419 autem
2901 5365 2970 5418 de
3019 5365 3149 5418 viris
3183 5363 3506 5430 quibuscum
3552 5363 3632 5415 fe-

2055 5439 2219 5490 mina:
2253 5437 2356 5489 illa:
2386 5436 2732 5496 matrimonio
2768 5435 3154 5504 conjungensla:
3187 5435 3313 5489 sint.

2127 5507 2238 5578 (77)
2291 5505 2598 5560 Ἐπανιών.
2651 5505 2866 5576 Repone
2907 5504 3125 5558 ἐπανιόν
3173 5522 3238 5558 ex
3283 5504 3534 5569 Platone;
3572 5505 3634 5556 τὸ

2059 5578 2211 5644 γένος
2241 5578 2467 5632 scilicet.

2128 5647 2238 5714 (78)
2283 5647 2395 5710 Τῆς
2422 5645 2534 5702 οὖν
2562 5649 2858 5712 τοιαύτης.
2909 5646 3051 5700 Idem
3086 5663 3132 5699 γι
3167 5645 3311 5713 ch.,
3351 5662 3402 5712 p.
3435 5645 3531 5698 6‘21
3565 5643 3632 5697 (ἓ.

2126 5719 2236 5778 (79)
2285 5719 2496 5783 Τθῦτις).
2545 5716 2689 5786 ἧνῧ
2724 5719 2851 5786 ἐγώ.
2889 5718 3029 5771 Idem
3075 5719 3164 5770 lib.
3220 5734 3249 5768 ν
3300 5716 3371 5769 De
3432 5716 3632 5783 rr’pttb.,

2057 5805 2175 5858 pag.
2215 5789 2332 5842 2&9.
