3872 6368
324 346 456 407 ΗΠ

955 350 1221 407 EUSEBll
1261 348 1741 406 CESAMENSIS
1780 350 1930 403 OPP.
1972 350 2152 406 PARS
2191 352 2255 407 ll.
2296 384 2364 393 —
2400 322 2908 407 APOLOGETICA'.

3424 352 3563 407 H72

321 481 467 521 mam
505 467 672 534 hanc,
706 468 963 537 inquam,
994 470 1237 540 aliasque
1269 471 1585 541 superiores
1607 512 1622 538 ,
1653 471 1738 525 lex
1774 471 1888 540 Opi-

2022 472 2069 543 ιὴ
2098 471 2159 524 τὸ
2183 471 2535 542 νομιζόμενον
2584 470 2687 539 φὰς
2740 468 3077 523 ὑποϐάλλειν.
3129 468 3218 538 Μὴ
3271 468 3378 540 γὰρ
3411 470 3559 523 ἀδια-

254 636 257 639 λ
322 572 416 611 nor
446 558 547 612 ista
574 562 1159 630 consequitur.~Qu:e
1182 564 1395 618 tandem
1420 561 1605 617 ?—Uti
1641 562 1894 617 mulieres

323 648 441 705 ista:
463 667 653 707 mones
682 670 805 707 eum
838 655 968 710 viris
998 656 1105 709 illis
1130 657 1385 711 omnibus
1412 671 1731 710 communes
1763 656 1892 719 sint,

323 741 580 810 nullaque
608 759 730 798 cum
766 746 875 801 ullo
900 748 1153 817 privatim
1183 765 1248 804 ac
1273 750 1491 819 proprie
1533 759 1892 804 consuescat:

324 834 609 899 similiter,
642 838 717 891 uti
751 854 1071 897 communes
1103 842 1212 897 sint
1238 842 1392 896 liberi
1421 857 1646 903 omnes,
1681 857 1781 895 nec
1811 841 1895 895 sui

322 926 403 978 vel
434 926 575 982 fetus
605 944 633 982 a
664 934 1002 998 parentibus,
1029 935 1109 989 vel
1138 944 1388 1004 parentes
1434 951 1463 988 a
1494 933 1691 988 fetibus
1725 947 1896 1001 agno-

320 1028 565 1072 scantur.
599 1039 617 1071 ι
664 1021 871 1087 Quibus
914 1026 984 1079 ita
1017 1027 1231 1081 subdit:
1284 1046 1301 1078 ‹
1347 1025 1651 1081 Verisimile
1696 1023 1897 1091 id.‘i“i‘

321 1108 442 1162 dem
465 1153 479 1174 ,
512 1111 707 1180 inquit.
738 1146 807 1153 —
840 1115 918 1170 Tu
955 1118 1134 1187 igitur.
1170 1119 1389 1188 inquam
1414 1160 1427 1183 ,
1456 1134 1490 1172 0
1514 1126 1699 1171 noster
1732 1116 1895 1183 legis-

322 1197 495 1265 lator,
534 1205 820 1260 mulierum
868 1210 1089 1277 perinde
1134 1227 1200 1265 ac
1261 1212 1501 1264 virorum
1544 1209 1751 1263 delectu
1798 1208 1896 1260 ha-

323 1286 460 1351 bito,
495 1290 561 1345 iis
584 1310 744 1361 quam
781 1299 1014 1352 maxime
1045 1299 1161 1352 ﬁeri
1196 1300 1413 1369 poterit,
1449 1299 1663 1367 ingenio
1691 1297 1900 1352 similes

321 1378 649 1447 assignabis.
697 1382 733 1435 li
797 1401 955 1453 porro
1008 1388 1201 1443 domos
1238 1389 1701 1457 contuberniaque
1749 1403 1899 1441 com-

327 1471 510 1523 munia
545 1474 672 1525 dum
724 1474 1034 1542 habebunt,
1088 1497 1187 1534 nec
1240 1480 1490 1549 privatim
1542 1480 1683 1533 ullus
1724 1478 1902 1532 simile

325 1564 620 1631 quidquam
656 1570 951 1635 possidebit
974 1610 986 1633 ,
1016 1588 1122 1625 una
1152 1572 1392 1641 profecto
1418 1581 1577 1626 erunt
1603 1590 1615 1624 :
1664 1572 1903 1638 dumque

325 1656 485 1709 simul
517 1665 623 1711 tam
659 1660 711 1712 in
738 1664 1035 1730 gymnasiis
1061 1704 1073 1725 ,
1106 1680 1268 1732 quam
1305 1664 1355 1717 in
1387 1663 1596 1718 exteris
1632 1662 1756 1716 vitae
1785 1662 1901 1716 olli—

328 1748 428 1802 eiis
459 1752 822 1807 versabuntur
845 1796 859 1819 ,
896 1755 961 1809 ad
1009 1767 1286 1822 mutuam,
1322 1756 1513 1825 opinor
1538 1794 1552 1818 ,
1606 1764 1901 1810 consuetu;-

326 1839 506 1893 dinem
548 1842 733 1897 innata
780 1845 1013 1914 quadam
1056 1846 1377 1900 necessitate
1425 1846 1712 1899 ducentur.
1758 1843 1897 1898 Num

326 1946 458 1985 vero
508 1933 602 1987 tibi
659 1937 964 1990 necessaria
1015 1936 1193 1992 dicere
1240 1936 1561 1990 videor?——
1596 1934 1772 2000 Sane,
1818 1935 1901 1988 in-

330 2021 485 2088 quit,
523 2037 710 2077 verum
744 2040 849 2079 non
882 2026 1209 2095 geometrica
1241 2026 1599 2088 necessitate,
1631 2024 1722 2079 sed
1752 2040 1902 2078 ama-

334 2114 469 2168 toria
499 2155 512 2179 ,
565 2132 686 2186 qua:
731 2118 981 2187 quidem,
1040 2119 1105 2171 ad
1155 2120 1526 2189 pellieiendam
1563 2120 1670 2172 vim
1720 2118 1898 2188 p0puli

332 2208 663 2275 maximam,
702 2209 879 2264 acrior
913 2228 1035 2265 esse
1066 2212 1227 2281 vulgo
1259 2228 1421 2281 quam
1451 2211 1571 2273 illa,
1608 2211 1903 2279 potentior-

332 2314 437 2365 que
464 2299 618 2353 solet.
648 2318 666 2349 ›
701 2298 827 2356 llaec
851 2302 957 2355 ille.
993 2302 1097 2356 Sed
1125 2303 1229 2356 erit
1278 2301 1511 2357 fortasse
1550 2317 1661 2357 non
1711 2316 1902 2361 nemo,

330 2388 423 2456 qui
489 2390 799 2461 philosophi
851 2402 1088 2448 mentem
1146 2393 1305 2449 aliter
1356 2391 1627 2463 accipiet,
1676 2408 1905 2461 eamque

330 2496 493 2549 quam
523 2483 682 2553 vulgo
730 2492 955 2552 putant,
1004 2486 1222 2556 negabit
1263 2501 1403 2541 esse.
1450 2483 1562 2541 Nec
1598 2484 1742 2540 enim
1777 2500 1903 2554 pro-

1998 563 2197 626 στόλως
2228 565 2419 625 εἰπεῖν,
2447 562 2626 623 πάσας
2658 556 2795 613 εἶναι
2823 558 3009 622 κοινὰς
3042 557 3140 621 τάς
3176 561 3460 625 γυναῖκας,
3491 559 3563 622 ὡς

1997 656 2090 708 mi.
2115 658 2227 718 τοῖς
2257 654 2508 725 τυχοῦσιν
2540 652 2946 707 ἀκολασταίνειν
2985 649 3202 715 ἐξεῖναι,
3238 649 3354 702 ἀλλ’
3382 650 3476 703 ἐπὶ
3500 653 3562 720 τῇ

1997 744 2102 797 τῶν
2123 745 2394 815 ἀρχόντων
2430 742 2646 811 ἐξουσίᾳ
2674 739 2885 793 κεῖσθαι
2917 739 3014 808 τὴν
3038 737 3172 808 πρὸς
3201 738 3327 799 τοὺς
3370 736 3567 807 ἄνδρας

1996 836 2312 907 διανέμησιν
2342 834 2538 888 αὐτῶν.
2567 832 2723 886 Οὕτω
2746 831 2854 903 γὰρ
2881 827 3019 883 εἶναι
3052 829 3257 893 κοινὰς,
3280 828 3356 890 ὡς
3382 827 3450 881 ἂν
3480 828 3568 879 καὶ

1997 926 2065 979 τά
2097 925 2329 995 δημόσια
2363 925 2618 995 χρήματα
2648 922 2781 992 φαίη
2802 939 2885 983 τις
2907 916 3044 974 εἶναι
3080 918 3254 983 κοινὰ,
3292 911 3373 980 οἷς
3402 932 3570 987 προσ-

1999 1019 2121 1087 ήκει
2150 1017 2513 1088 διανεμόμενα
2550 1015 2683 1086 πρὸς
2718 1014 2824 1067 τῶν
2852 1012 3348 1084 ἐπιτετραμμένων.
3374 1010 3482 1064 Καὶ
3507 1009 3573 1079 δὴ

1998 1106 2149 1160 ταῦθ’
2179 1106 2349 1169 οὕτως
2406 1106 2593 1175 ἐχέτω.
2626 1106 2691 1157 Τί
2752 1104 2796 1157 δ’
2830 1104 2893 1157 ἂν
2923 1104 3093 1165 εἴποις
3126 1100 3329 1172 μαθὼν,
3368 1100 3442 1164 ὼς
3479 1098 3573 1153 καὶ

2003 1201 2076 1271 μὴ
2104 1201 2356 1270 ἐκφέρειν
2385 1200 2463 1261 εἰς
2492 1198 2605 1266 φῶς
2623 1197 2692 1248 τὰ
2720 1196 2990 1266 κυούμενα
3016 1194 3372 1266 προστάττει;
3400 1190 3573 1258 λέγων

1998 1286 2118 1345 ὦδε·
2160 1310 2179 1343 ι
2221 1292 2441 1343 Γυναικὶ
2476 1290 2573 1360 μὲν
2605 1289 2737 1359 (80),
2772 1286 2839 1359 ἦν
2879 1288 2921 1341 δ’
2948 1287 3079 1356 ἐγὼ,
3124 1286 3403 1357 ἀρξαμένῃ
3465 1284 3577 1337 ἀπὸ

1999 1382 2371 1444 εἰκοσαέτιδος,
2412 1381 2569 1449 μέχρι
2628 1378 3200 1450 τεσσαρακονταέτιδος
3248 1378 3455 1429 τίκτειν
3507 1378 3574 1445 τῇ

2004 1475 2173 1527 πόλει·
2202 1474 2356 1543 ἀνδρὶ
2385 1472 2464 1535 δὲ,
2493 1470 2711 1524 ἐπειδὰν
2765 1470 2862 1541 τὴν
2912 1470 3170 1538 ὀξυτάτην
3220 1469 3418 1539 δρόμον
3461 1466 3574 1536 (81)

2002 1568 2182 1639 ἀκμὴν
2222 1571 2393 1638 παρῇ,
2427 1568 2489 1620 τὸ
2525 1566 2632 1619 ἀπὸ
2673 1566 2859 1618 τούτου
2902 1566 3093 1633 γεννᾷν
3119 1565 3184 1632 τῇ
3228 1560 3381 1613 πόλει
3413 1559 3579 1629 μέχρι

2004 1659 2159 1712 πέντε
2188 1660 2281 1712 καὶ
2304 1657 2809 1727 πεντηκονταέτους·
2827 1676 2845 1707 ι
2870 1652 2950 1719 οἷς
2978 1654 3240 1721 ἐπιλέγει·
3272 1671 3289 1702 ‹
3328 1653 3498 1703 Ὅταν
3522 1648 3580 1703 δὲ

2002 1752 2087 1821 δὴ,
2118 1748 2287 1821 οἶμαι,
2318 1753 2379 1804 αἵ
2410 1770 2468 1804 τε
2494 1754 2771 1820 γυναῖκες,
2803 1751 2897 1805 καὶ
2950 1752 2997 1802 οἱ
3026 1750 3217 1820 ἄνδρες
3263 1747 3357 1800 τοῦ
3384 1748 3585 1815 γεννᾷν

2006 1841 2207 1895 ἐκϐῶσι
2255 1844 2355 1913 τὴν
2408 1842 2640 1913 ἡλικίαν,
2679 1840 2958 1914 ἀφήσομέν
2989 1858 3088 1894 που
3138 1838 3453 1910 ἐλευθέρους
3486 1838 3582 1889 αὑ-

2006 1934 2131 1995 τοὺς
2172 1933 2519 2002 συγγίνεσθαι
2664 1934 2728 1988 ἂν
2797 1934 3041 1988 ἐθέλωσι.
3090 1952 3109 1983 ι
3153 1932 3259 1985 Καὶ
3313 1930 3585 1995 ἐπιλέγει·

2013 2045 2031 2076 ε
2060 2026 2545 2099 Διακελευσάμενοι
2574 2026 2966 2098 προθυμεῖσθαι
2994 2025 3227 2096 μάλιστα
3273 2022 3370 2093 μὲν
3400 2020 3476 2092 μὴ
3507 2022 3583 2083 είς

2010 2116 2124 2185 φῶς
2183 2118 2437 2188 ἐκφέρειν
2493 2119 2679 2190 κύημα
2740 2120 2924 2190 μηδὲν,
2984 2118 3076 2172 ὲάν
3114 2117 3358 2188 γένηται·
3397 2115 3494 2169 ἐὰν
3530 2114 3585 2167 δέ

2010 2226 2091 2273 τις
2119 2210 2228 2279 (89.)
2265 2210 2541 2282 βιάσηται,
2587 2211 2729 2265 οὕτω
2782 2212 3082 2276 ἐκτιθέναι,
3140 2211 3214 2273 ὡς
3261 2209 3362 2262 οὐκ
3419 2206 3587 2278 οὔσης

2012 2306 2216 2373 τροφῆς
2249 2302 2326 2373 τῷ
2357 2305 2602 2373 τοιούτῳ.
2643 2324 2661 2357 ι
2717 2305 2828 2357 Καὶ
2870 2304 2938 2357 τά
2984 2305 3082 2375 μὲν
3128 2303 3257 2373 περὶ
3305 2299 3595 2369 γυναικῶν

2012 2394 2234 2464 ἀγωγῆς
2264 2395 2504 2449 τοιαῦτα.
2544 2395 2624 2448 Τά
2654 2395 2710 2448 δὲ
2750 2396 2877 2467 περὶ
2930 2394 3129 2463 ἔρωτος
3187 2391 3458 2461 ἐκθέσμου
3490 2390 3586 2441 ὲπ-

2014 2485 2243 2538 ἀκουσον
2271 2480 2360 2540 οἶα
2383 2488 2658 2558 τυγχάνει.

334 2575 542 2630 miscue
574 2594 892 2633 communes
918 2578 1149 2636 feminas
1181 2596 1372 2636 omnes
1415 2594 1536 2635 esse
1584 2580 1750 2645 velle,
1781 2578 1938 2649 quasi
1978 2579 2216 2636 libidinis
2266 2598 2331 2637 ac
2367 2582 2556 2652 ﬂagitii
2588 2584 2811 2638 liberam
2846 2580 3019 2636 cuivis
3040 2588 3357 2649 potestatem
3386 2575 3553 2631 faciat
3575 2612 3591 2645 ε

330 2666 424 2719 sed
456 2676 662 2721 tantum
698 2671 1045 2741 magistratus
1091 2682 1283 2742 suopte
1327 2674 1550 2727 arbitrio
1594 2687 1748 2726 suam
1802 2672 1995 2741 cuique
2068 2672 2177 2725 viro
2226 2673 2503 2745 assignare
2557 2690 2736 2744 posse.
2791 2673 2883 2729 Sic
2946 2673 3089 2727 enim
3134 2669 3358 2741 perinde
3433 2681 3589 2723 com-

331 2776 525 2816 munes
562 2763 682 2818 illas
728 2762 871 2832 fore,
917 2775 977 2820 ut
1021 2768 1250 2837 publica
1295 2770 1538 2837 pecuniae
1576 2782 1895 2823 communes
1933 2769 2114 2823 vocari
2171 2779 2398 2839 possunt
2422 2810 2437 2833 .
2491 2785 2611 2840 quae
2649 2771 2701 2824 in
2734 2785 2876 2839 quos
2901 2768 3200 2838 Oportuerit
3234 2782 3265 2819 a
3308 2762 3591 2835 quaestori-

335 2856 436 2910 bus
466 2858 798 2915 dividantur.
832 2860 1034 2919 Demus
1085 2864 1189 2919 hoc
1242 2880 1389 2918 vero.
1427 2862 1568 2929 Quid
1618 2864 1833 2918 tandem
1894 2880 1955 2920 es
2022 2865 2306 2931 dicturus,
2357 2882 2481 2921 eum
2527 2866 2743 2932 audies,
2795 2865 2945 2919 illum
2989 2862 3184 2922 etiam,
3237 2874 3304 2913 ne
3340 2854 3592 2925 concepti

336 2960 493 3007 utero
525 2954 665 3011 fetus
699 2958 753 3011 in
793 2959 966 3014 lucem
1011 2960 1175 3030 709
1214 2961 1479 3025 edantur,
1536 2960 1903 3014 interdicere?
1957 2961 2118 3031 Atqui
2182 2971 2309 3015 sunt
2361 2963 2476 3016 bace
2521 2962 2639 3031 ejus
2682 2962 2877 3013 verba:
2926 2977 2944 3009 ι
2984 2956 3325 3017 Statuimus,
3378 2952 3595 3021 inquit.

335 3050 411 3102 uti
448 3051 703 3108 mulieres
733 3070 763 3107 a
798 3054 1058 3110 vicesimo
1098 3071 1242 3110 anno
1282 3057 1347 3110 ad
1388 3057 1894 3126 quadragesimum,
1961 3057 2269 3127 reipublicae
2328 3058 2523 3112 liberos
2576 3057 2822 3126 pariant:
2862 3054 2961 3109 viri
3016 3061 3195 3108 autem
3232 3049 3397 3104 simul
3428 3057 3598 3116 atque

334 3156 398 3196 ex
445 3160 659 3201 summo
710 3147 801 3202 illo
844 3165 908 3204 ac
974 3150 1252 3205 levissimo
1313 3152 1490 3205 aetatis
1541 3150 1671 3206 llore
1707 3152 2067 3216 excesserint,
2128 3154 2191 3207 ad
2255 3169 2455 3207 annum
2514 3153 2766 3223 deinceps
2817 3153 3068 3221 quintum
3108 3157 3161 3203 et
3200 3142 3596 3217 quinquagesi-

338 3255 512 3305 mum,
538 3246 891 3311 procreandis
919 3246 1233 3315 reipublicae
1262 3247 1449 3301 liberis
1478 3262 1698 3316 operam
1731 3248 1881 3302 dent.
1914 3266 1931 3299 ι
1987 3246 2196 3313 Quibus
2237 3249 2349 3302 brec
2402 3248 2681 3317 subjungit
2728 3267 2739 3301 .-
2785 3266 2803 3298 ι
2841 3247 2909 3300 At
2949 3245 3041 3299 ubi
3080 3252 3186 3296 tam
3229 3240 3363 3306 viri,
3422 3253 3591 3308 quam

339 3336 593 3391 mulieres
617 3337 821 3407 justam
861 3339 1004 3394 illam
1044 3342 1333 3410 generandi
1377 3353 1591 3397 nitatem
1632 3344 1997 3411 prteterierint
2040 3362 2053 3397 :
2088 3344 2221 3397 viris
2250 3344 2444 3399 exinde
2495 3344 2725 3399 liberum
2778 3352 2914 3406 esto,
2978 3341 3353 3410 cujuscunque
3406 3335 3595 3388 volue-

338 3425 447 3480 rint
500 3433 944 3486 consuetudinem
1000 3443 1311 3502 expetcre.»
1361 3435 1627 3504 Additque
1677 3445 1933 3504 praetcrea

1974 3455 1986 3489 :
2034 3455 2051 3487 ε
2089 3436 2399 3491 Cavendum
2451 3435 2582 3491 illud
2626 3435 2785 3490 etiam
2846 3434 3160 3504 diligenter,
3218 3426 3487 3498 principio
3525 3439 3599 3479 ne

338 3522 484 3575 ullus
525 3538 587 3576 ea
630 3534 784 3578 :etate
829 3527 1005 3595 fetus,
1052 3529 1097 3582 si
1153 3530 1247 3599 qui
1302 3528 1439 3584 forte
1495 3532 1795 3596 exstiterit,
1861 3532 1913 3586 in
1962 3533 2137 3586 lucem
2174 3532 2368 3586 edatur
2410 3552 2423 3586 :

2479 3532 2705 3596 deinde,
2757 3531 2800 3585 si
2854 3545 2970 3598 quae
3011 3525 3251 3598 pariendi
3296 3521 3602 3577 necessitas

338 3615 531 3683 fuerit,
568 3630 627 3673 ut
663 3632 966 3689 exponatur
999 3624 1290 3690 continuo,
1329 3625 1475 3693 quod
1516 3626 1723 3680 nullum
1776 3626 1904 3680 huic
1960 3636 2148 3695 partus
2201 3630 2386 3697 generi
2433 3626 2749 3681 alimentum
2801 3624 3077 3678 debeatur.
3108 3639 3127 3672 ι
3168 3619 3244 3673 Ac
3295 3617 3362 3670 de
3402 3614 3601 3668 mulie-

342 3724 462 3762 rum
501 3712 803 3767 rationibus
859 3715 1119 3771 hactenus
1166 3716 1336 3773 Plato.
1376 3718 1493 3773 Jam
1544 3719 1673 3789 quid
1713 3720 1780 3774 de
1818 3720 2040 3773 infando
2075 3736 2261 3775 amore
2288 3719 2585 3784 censuerit,
2624 3718 2923 3771 videamus.

932 3810 1159 3865 CAPUT
1185 3811 1304 3866 XX.

346 3921 604 3987 Quaenam
637 3925 795 3979 Plato
828 3929 891 3982 de
922 3930 1141 3997 infando
1170 3947 1346 3983 amore
1375 3933 1429 3984 in
1460 3930 1686 3987 thdro
1718 3939 1919 3987 statue—

490 3996 559 4047 rit
583 4013 600 4048 :
628 3999 814 4066 quibus
843 3996 1115 4053 contraria
1146 4014 1265 4054 sunt
1302 4018 1333 4053 a
1368 4001 1511 4055 Mose
1541 4004 1768 4057 sancito.

423 4107 441 4136 ς
476 4087 579 4154 Qui
608 4090 651 4143 si
682 4091 915 4156 diutius,
944 4094 1147 4162 inquit,
1184 4092 1237 4145 id
1267 4093 1508 4149 factitare
1539 4095 1813 4164 perget,si
1833 4109 1923 4147 ac-
1951 4104 1992 4159 ο

346 4183 499 4237 cedet
529 4184 751 4253 propius
774 4227 787 4246 ,
822 4186 864 4238 si
895 4196 1001 4239 tam
1032 4186 1085 4238 in
1113 4187 1411 4257 gymnasiis
1433 4228 1447 4251 ,
1479 4202 1641 4255 quam
1692 4187 1744 4239 in
1789 4186 1918 4240 reli-

347 4290 453 4345 qua
492 4277 885 4332 consuetudine
926 4278 1078 4332 illum
1119 4279 1423 4349 continget:
1483 4287 1594 4330 tum
1645 4277 1921 4330 enimvero

349 4370 606 4426 ﬂuxionis
672 4372 816 4425 illius
875 4370 1041 4437 fons,
1114 4388 1276 4441 quem
1338 4370 1650 4440 cupidinem
1714 4368 1923 4438 Jupiter

349 4462 677 4533 Ganymedis
729 4478 915 4518 amore
984 4472 1267 4533 correptus
1324 4463 1639 4533 appellavit,
1694 4463 1821 4517 dum
1869 4461 1923 4514 vi

350 4554 585 4622 quadam
632 4554 1037 4609 vehementiore
1078 4564 1377 4609 amatorem
1420 4555 1680 4619 inundat,
1724 4553 1921 4624 partim

353 4646 407 4698 in
468 4661 591 4698 eum
653 4647 870 4715 penitus
927 4647 1197 4712 illabitur,
1256 4647 1451 4715 partim
1500 4662 1566 4701 eo
1598 4646 1722 4715 fjam
1766 4646 1925 4715 pleno

354 4738 520 4793 ellluit
550 4754 613 4792 ac
645 4738 905 4793 redundat
934 4746 1106 4793 extra.
1136 4739 1313 4809 Atque
1338 4748 1397 4792 ut
1430 4740 1653 4809 spiritus
1681 4738 1924 4807 quidam,

357 4839 449 4881 aut
479 4832 614 4883 echo
643 4846 708 4885 ex
742 4831 950 4885 levibus
980 4832 1273 4902 solidisque
1302 4832 1887 4902 corporibusassiliens
1908 4871 1922 4895 ,

360 4920 501 4973 unde
534 4921 768 4987 primum
795 4922 1030 4985 exstitit,
1081 4938 1146 4976 eo
1190 4922 1421 4977 refertur
1463 4924 1673 4978 denuo:
1721 4924 1801 4977 sic
1838 4922 1926 4975 illa

360 5010 778 5080 puichritudinis
809 5013 977 5067 fluxio
1001 5054 1015 5079 ,
1049 5014 1102 5068 in
1135 5014 1421 5084 pulchrum
1450 5016 1642 5069 iterum
1675 5030 1769 5083 per
1805 5029 1930 5068 ocu-

360 5102 441 5158 los
466 5104 758 5169 relabitur,
795 5121 915 5175 qua:
953 5118 1239 5176 postquam
1272 5107 1325 5159 in
1350 5108 1589 5161 animum
1610 5150 1623 5171 ,
1662 5122 1768 5176 qua
1793 5107 1928 5160 solet

356 5199 443 5253 via
481 5197 731 5264 subierit,
760 5207 874 5253 tum
905 5215 1033 5254 vero
1061 5199 1323 5269 quidquid
1354 5199 1452 5252 alis
1487 5207 1762 5266 permeat,
1802 5197 1931 5250 huic

356 5291 520 5345 etiam
556 5290 803 5360 adjungit
829 5292 945 5346 alas
966 5332 979 5356 ,
1029 5292 1280 5362 rigatque
1328 5290 1588 5344 continuo
1618 5332 1633 5355 ,
1666 5290 1931 5358 novisque

360 5384 593 5440 subinde
638 5386 830 5455 pennis
884 5384 1153 5454 pullulare
1201 5384 1395 5452 gestit,
1440 5398 1502 5436 ac
1541 5382 1701 5437 simili
1747 5396 1932 5436 amore

361 5477 527 5531 amati
559 5478 801 5531 animum
833 5477 1036 5545 implet.
1070 5475 1228 5528 Amat
1258 5474 1417 5543 igitur
1454 5475 1541 5529 ille
1565 5515 1580 5536 ,
1627 5490 1724 5528 nec
1756 5484 1935 5528 tamen

588 5658 837 5708 er-auri
865 5658 998 5725 μέν.
1036 5657 1187 5712 Plato
1215 5657 1368 5719 ibid.,
1402 5672 1525 5726 pag.
1559 5656 1680 5710 460.

436 5722 546 5797 (8!)
586 5726 670 5797 Αι-
699 5722 920 5797 5.06909-

440 5794 551 5867 (δτι)
591 5795 674 5848 Al.
710 5813 783 5847 τι.

2562 3810 2951 3865 ΚΕΦΑΛΛΙΟΝ
2978 3809 3028 3859 Κ
3049 3844 3063 3860 .

2036 3928 2232 3981 Ὀποῖα
2264 3928 2393 4005 περὶ
2423 3928 2638 4005 ἕρωζος
2664 3926 2962 4005 ἐκθέσμοιί
2990 3920 3170 3986 αὐτὸς
3195 3916 3503 4005 διετάξατο
3532 3912 3601 3967 ἐν

2247 3994 2481 4069 Φαίδρῳ,
2508 3995 2596 4062 οἷς
2622 4001 2653 4050 ό
2683 3994 2907 4060 Μωσῆς
2933 3994 3384 4059 ἁντινομοθετεῐ.

2102 4114 2117 4142 ι
2154 4095 2321 4143 Ὅταν
2373 4091 2428 4143 δὲ
2491 4090 2711 4161 χρονίζῃ
2776 4087 2882 4158 (85)
2919 4086 3075 4139 τοῦτο
3118 4085 3278 4156 δρῶν,
3323 4082 3417 4134 καὶ
3464 4078 3603 4151 πλη-

2028 4183 2185 4254 σιάζῃ
2217 4182 2353 4253 μετά
2379 4182 2471 4234 τοῦ
2506 4182 2793 4243 ἅπτεσθαι,
2828 4180 2884 4232 ἐν
2930 4197 2989 4232 τε
3047 4175 3363 4248 γυμνασίοις
3416 4172 3510 4226 καὶ
3544 4174 3605 4225 έν

2024 4278 2143 4337 ταῖς
2167 4274 2349 4337 ἄλλαις
2370 4274 2627 4345 ὁμιλίαις,
2659 4274 2777 4325 τότε
2804 4272 2866 4342 δὴ
2914 4273 2947 4341 ἡ
2976 4269 3068 4322 τοῦ
3105 4269 3371 4340 ῥεύματος
3390 4264 3606 4318 ἐκείνου

2031 4365 2197 4436 πηγὴ,
2236 4367 2294 4418 ὃν
2356 4366 2545 4437 ἵμερον
2598 4368 2730 4428 Ζεὺς
2786 4363 3131 4433 Γανυμήδους
3159 4360 3298 4430 ὲρὼν
3327 4358 3603 4428 ὠνόμασε,

2029 4458 2193 4527 πολλὴ
2223 4460 2494 4531 φερομένη
2521 4458 2654 4530 πρὸς
2687 4459 2776 4511 τὸν
2819 4456 3076 4527 ἐραστὴν.
3113 4457 3144 4523 ἡ
3186 4454 3283 4521 μὲν
3333 4452 3411 4513 εἰς
3440 4450 3604 4503 αὑτὸν

2029 4552 2203 4622 ﬁmi)
2260 4552 2305 4603 δ’
2338 4552 2838 4621 ἁπομεστουμένου,
2897 4550 3000 4616 ἔξω
3053 4550 3301 4619 ἀπορρεῖ·
3352 4547 3448 4598 καὶ
3495 4540 3606 4596 οἷον

2030 4645 2264 4715 πνεῦμα,
2364 4662 2444 4707 τις
2470 4645 2603 4713 ἠχὼ,
2632 4645 2737 4697 ἀπὸ
2769 4644 2927 4696 λείων
2952 4660 3010 4694 τε
3077 4644 3167 4694 καὶ
3233 4639 3464 4711 στερεῶν
3513 4638 3583 4690 ἀλ

2028 4737 2227 4807 λομένη
2264 4736 2397 4806 (84),
2433 4735 2588 4788 πάλιν
2615 4734 2736 4786 ὅθεν
2771 4732 3001 4804 ὡρμήθη
3047 4732 3287 4802 φέρεται·
3345 4729 3486 4781 οὓτω
3548 4728 3604 4779 τὸ

2030 4831 2121 4885 τοῦ
2149 4830 2376 4892 κάλλους
2405 4830 2600 4900 ῥεῦμα.
2626 4828 2785 4881 πάλιν
2812 4830 2891 4890 εἰς
2923 4826 3013 4879 τὸν
3041 4825 3202 4879 καλὸν
3234 4823 3321 4877 διὰ
3367 4822 3476 4875 τῶν
3499 4823 3573 4890 ὀμ
3591 4850 3602 4859 -

2036 4924 2217 4993 μάτων
2249 4922 2343 4985 ἰὸν,
2444 4921 2685 4989 πέφυκεν
2719 4919 2808 4971 ἐπὶ
2848 4918 2944 4989 τὴν
2973 4917 3147 4987 ψυχὴν
3182 4915 3312 4968 ἰέναι
3334 4912 3602 4982 ἀφικόμε-

2033 5032 2141 5079 νον,
2168 5014 2260 5065 ml.
2287 5011 2695 5083 ἀειαπτεροῦσαν
2726 5010 2821 5073 τὰς
2844 5009 3042 5072 διόδους
3082 5005 3188 5059 τῶν
3237 5005 3471 5076 πτερῶν,
3503 5005 3603 5073 ἄρ-

2032 5106 2111 5158 δει
2139 5122 2198 5157 τε
2250 5106 2343 5157 καὶ
2364 5104 2587 5174 ὥρμησε
2617 5104 2958 5173 πτεροφυεῖν,
2992 5102 3085 5154 καὶ
3137 5099 3227 5168 τὴν
3269 5096 3363 5150 τοῦ
3392 5096 3601 5165 ἐρωμέ-

2033 5216 2124 5251 νου
2154 5192 2218 5249 αὗ
2248 5195 2423 5266 ψυχὴν
2458 5195 2657 5266 ἔρωτος
2685 5194 3000 5263 ἐνέπλησεν.
3044 5193 3173 5262 Ἐρᾷ
3207 5190 3304 5261 μὲν
3337 5185 3451 5252 οὖν,
3482 5190 3603 5240 ὅτου

2034 5288 2090 5341 δὲ
2121 5267 2333 5357 ἀπορεῖ,
2388 5290 2479 5340 καὶ
2506 5286 2616 5339 οὔθ’
2656 5287 2683 5339 ὃ
2744 5304 2796 5337 τι
2829 5283 3115 5345 πέπονθεν,
3150 5278 3307 5345 οἶδεν,
3342 5279 3452 5333 οὐδ’
3495 5279 3604 5350 ἔχει

2038 5382 2262 5453 φράσαι·
2289 5378 2400 5432 ἀλλ’
2427 5374 2536 5432 οἷον
2567 5380 2662 5431 ἀπ’
2692 5378 2849 5431 ἄλλου
2876 5376 3177 5445 ὀφθαλμίας
3200 5370 3601 5433 ἀπολελαυκὼς.

2039 5474 2308 5544 πρόφασιν
2356 5474 2530 5524 εἰπεῖν
2572 5472 2669 5523 οὐκ
2719 5470 2850 5539 ἔχει.
2909 5489 2925 5519 ›
2989 5469 3096 5520 Καὶ
3158 5464 3397 5531 ἐπιλέγει
3458 5463 3599 5531 ἐξῆςο

2114 5650 2225 5719 (85)
2270 5650 2445 5699 Ὅταν
2475 5645 2542 5719 δὲ
2570 5664 2735 5719 χροῇ
2781 5647 2920 5700 Idem
2960 5645 3025 5719 in
3050 5643 3295 5701 Pllwdro.
3327 5655 3383 5719 p:
3550 5636 3586 5687 D

2114 5708 2220 5783 iSii
2274 5708 2620 5786 Ἀλλομένὴῖ
2676 5717 2859 5785 Longe
2908 5716 3099 5770 melius
3131 5729 3291 5782 quam
3326 5708 3597 5779 ἀλωμένη

2046 5804 2103 5847 ut
2130 5789 2269 5859 apud
2300 5789 2595 5841 Platonem.
