3872 6368
327 362 466 418 “73

1430 358 1750 413 PIUEPAR.
1793 358 2045 415 EVANG.
2090 357 2216 414 LIB.
2262 357 2394 412 XIII.

3441 359 3578 413 H74

329 497 350 533 ι
389 480 674 552 Ἐπιθυμεῖ
705 484 760 538 δὲ
785 484 976 555 ἐκείνῳ
1007 484 1402 556 παραπλησίως
1462 483 1556 552 μὲν
1584 481 1901 535 ἀσθενεστέ-

2007 488 2097 534 aut
2127 481 2254 550 quid
2283 490 2446 544 amet,
2479 489 2572 532 aut
2602 496 2709 549 quo
2737 495 2899 533 sensu
2933 490 3214 534 moveatur
3235 520 3250 546 ,
3280 479 3360 532 vel
3394 495 3576 542 nosse,

328 590 437 644 ρως
492 574 568 637 δὲ,
609 576 760 647 ὁρᾷν,
813 577 1100 640 ἅπτεσθαι,
1160 577 1352 646 φιλεῖν,
1415 573 1893 643 συγκατακεῖσθαι·

325 665 420 716 καὶ
449 664 533 736 δὴ,
551 659 661 717 οἷον
691 666 855 734 εἰκὸς,
882 671 1021 721 ποιεῖ
1055 669 1114 722 τὸ
1155 665 1292 738 μετά
1322 665 1478 719 τοῦτο
1507 666 1642 734 ταχὺ
1671 662 1894 716 ταῦτα.»

338 757 426 810 Ἐν
452 753 544 810 οὖν
567 760 632 828 τῇ
661 763 1037 830 συγκοιμήσει,
1063 759 1154 812 τοῦ
1192 759 1287 829 μὲν
1309 755 1533 828 ἐραστοῦ
1563 757 1589 807 ό
1606 755 1901 815 ἀκόλαστος

328 850 492 913 ῖππος
526 849 636 919 ἔχει
689 851 717 904 ὃ
746 869 795 902 τι
822 851 967 920 λέγοι
1020 851 1154 923 πρὸς
1185 850 1274 903 τὸν
1328 849 1559 919 ἡνίοχον,
1611 847 1703 902 καὶ
1764 845 1903 910 ἀξιοῖ

325 941 444 996 ἀντὶ
494 942 702 996 πολλῶν
747 944 922 997 πόνων
965 944 1171 1014 σμικρά
1220 941 1543 996 ἀπολαῦσαι·
1610 942 1638 992 ὁ
1689 940 1745 992 δὲ
1792 938 1901 990 τῶν

326 1026 587 1079 παιδικῶν
619 1026 730 1095 ἕχει
762 1029 857 1097 μὲν
879 1028 1028 1081 οὐδὲν
1057 1028 1249 1092 εἰπεῖν,
1281 1025 1539 1096 σπαργῶν
1563 1023 1619 1076 δὲ
1654 1024 1744 1075 καὶ
1767 1025 1898 1075 ἀπο-

327 1116 434 1188 ρῶν
466 1117 780 1188 περιϐάλλει
824 1118 913 1170 τὸν
939 1119 1194 1188 ἐραστὴν,
1247 1119 1340 1170 καὶ
1387 1114 1548 1184 φιλεῖ,
1581 1113 1654 1177 ὡς
1701 1113 1902 1182 σφόδρα

324 1207 512 1261 εὔνουν
540 1208 934 1280 ἀσπαζόμενος.
962 1212 1128 1263 Ὅταν
1157 1229 1214 1263 τε
1248 1211 1743 1277 συγκατακέωνται,
1794 1204 1902 1271 οἷός

323 1298 441 1350 ἐστι
473 1298 546 1368 μὴ
580 1298 982 1369 ἀπαρνηθῆναι,
1017 1297 1074 1350 τὸ
1113 1297 1277 1350 αὑτοῦ
1331 1298 1511 1368 μέρος,
1572 1295 1901 1366 χαρίσασθαι

320 1389 402 1460 τῷ
428 1390 644 1460 ἐρῶντι,
677 1392 724 1443 εί
762 1390 976 1461 δεηθείη
1030 1391 1342 1459 τυγχάνειν.
1413 1388 1538 1443 Ἐὰν
1572 1391 1669 1459 μὲν
1714 1387 1778 1458 δὴ
1808 1383 1900 1440 οῦν

322 1481 402 1544 εις
434 1482 769 1551 τεταγμένην
827 1481 1036 1536 δίαιταν
1092 1482 1185 1534 καὶ
1224 1481 1539 1549 φιλοσοφίαν
1594 1482 1789 1550 νικήσῃ
1834 1479 1902 1532 τὰ

325 1570 519 1640 βελτίω
550 1572 650 1641 τῆς
685 1572 941 1637 διανοίας,
977 1573 1242 1643 μακάριον
1297 1574 1390 1626 καὶ
1423 1573 1773 1643 ὁμονοητικὺν
1813 1573 1902 1626 τὸν

322 1661 511 1717 ἐνθάδε
541 1665 654 1735 βίον
685 1665 986 1733 διάγουσιν,
1016 1669 1300 1738 ἐγκρατεῖς
1328 1666 1534 1719 ἑαυτῶν
1565 1666 1658 1718 καὶ
1686 1665 1901 1736 κόσμιοι

321 1755 527 1819 ὄντες.»
562 1753 694 1811 Εἶτα
726 1757 840 1828 μεθ’
878 1758 1039 1829 ἕτερα
1097 1757 1359 1826 ἐπιλέγει*
1398 1777 1415 1809 ι
1463 1758 1586 1811 Ἐὰν
1637 1757 1694 1810 δέ
1724 1757 1903 1828 διαίτῃ

323 1848 700 1921 φορτικωτέρᾳ
721 1867 779 1902 τε
814 1851 907 1903 καὶ
934 1851 1262 1920 ἀφιλοσόςρῳ,
1291 1850 1553 1920 φιλοτίμῳ
1579 1849 1634 1902 δέ
1660 1851 1903 1920 χρήσων-
1937 1838 1974 1891 Β

320 1956 432 2002 ται,
460 1939 580 2010 τάχ’
607 1941 673 1994 ἄν
706 1959 806 1994 που
831 1943 887 1994 ἐν
931 1942 1140 2012 μέθαις,
1183 1943 1215 2014 ἣ
1249 1961 1353 1996 τινι
1380 1943 1514 2013 ἄλλῃ
1551 1941 1801 2013 ἀμελείᾳ,
1824 1941 1900 1994 τὼ

321 2032 605 2086 ἀκολάστω
629 2034 809 2092 αὐτοῖν
829 2034 1126 2104 ὑποζυγίω,
1142 2035 1363 2088 λαϐόντε
1380 2035 1478 2098 τὰς
1501 2033 1680 2104 ψυχὰς
1701 2033 1901 2105 ἀφροῦ-

327 2141 472 2195 ρους,
506 2127 869 2195 συναγαγόντε
922 2129 1000 2190 είς
1027 2127 1214 2193 ταὺτὸ,
1263 2127 1362 2199 τὴν
1393 2126 1499 2179 ὑπὸ
1532 2127 1640 2179 τῶν
1691 2125 1901 2178 πολλῶν

328 2217 668 2288 μακαριστὴν
695 2219 905 2290 αἵρεσιν
937 2219 1179 2289 είλέσθην
1210 2220 1305 2272 καὶ
1347 2218 1770 2290 διεπραξάσθην·
1811 2219 1903 2274 καὶ

319 2305 767 2380 διαπραξαμένω,
813 2310 870 2363 τὸ
927 2309 1111 2362 λοιπὸν
1169 2310 1268 2381 ἤδη
1318 2310 1556 2381 χρῶνται
1611 2311 1710 2381 μὲν
1741 2311 1899 2380 αὐτῇ,

324 2399 528 2454 σπάνια
555 2399 633 2462 δὲ,
661 2401 754 2454 ἅτε
781 2402 840 2454 οὐ
878 2402 1024 2471 πάσῃ
1057 2401 1350 2472 δεδογμένα
1379 2405 1441 2472 τῇ
1496 2402 1704 2474 διανοίᾳ
1730 2402 1902 2474 πράτ-

321 2510 529 2558 τοντες.
565 2495 706 2548 Φίλω
737 2495 836 2567 μὲν
864 2491 956 2548 οὖν
995 2497 1088 2548 καὶ
1132 2494 1328 2560 τούτω,
1362 2491 1523 2565 ἦττον
1547 2495 1603 2548 δέ
1658 2496 1900 2560 ἐκείνων,

327 2586 572 2658 ἀλλήλοιν
599 2587 689 2640 διά
732 2605 790 2640 τε
821 2587 916 2641 τοῦ
960 2587 1161 2659 ἔρωτος
1184 2587 1278 2639 καὶ
1337 2587 1441 2651 ἔξω
1473 2587 1746 2658 γενομένω
1790 2589 1904 2642 διά-

324 2695 498 2746 γουσι,
530 2678 739 2742 πίστεις
772 2678 871 2742 τὰς
908 2680 1166 2750 μεγίστας
1213 2679 1498 2750 ἡγουμένω
1548 2678 1793 2751 ἀλλήλοιν
1821 2681 1906 2732 δε-

325 2769 555 2823 δωκέναι
589 2788 647 2824 τε
681 2771 775 2824 καὶ
825 2770 1088 2840 δεδέχθαι,
1139 2769 1204 2834 ἀς
1259 2771 1320 2823 οὐ
1371 2769 1587 2840 θεμιτὸν
1636 2766 1772 2823 εἶναι
1807 2770 1901 2822 λύ-

325 2879 526 2925 σαντας
561 2864 641 2927 είς
701 2862 897 2935 ἔχθραν
922 2862 1051 2916 ποτέ
1109 2863 1300 2916 ἐλθεῖν.
1353 2864 1440 2916 Ἐν
1469 2863 1524 2915 δὲ
1566 2864 1630 2932 τῇ
1656 2861 1901 2932 τελευτῇ,

325 2954 549 3027 ἄπτεροι
587 2955 704 3026 μὲν,
732 2955 1052 3027 ὡρμηκότες
1103 2955 1158 3008 δὲ
1188 2954 1534 3027 πτεροῦσθαι,
1596 2952 1903 3008 ἐκϐαίνουσι

326 3046 417 3099 τοῦ
446 3046 712 3118 σώματος.
739 3048 898 3100 Ὥστε
927 3048 987 3100 οὐ
1024 3048 1253 3118 σμικρὸν
1297 3045 1455 3102 ἆθλον
1508 3049 1608 3118 τῆς
1637 3049 1905 3119 ἐρωτικῆς

331 3139 528 3209 μανίας
559 3139 828 3209 φέρονται.
862 3141 956 3202 Εἰς
1009 3140 1117 3211 γὰρ
1148 3140 1338 3193 σκότον
1395 3142 1487 3193 καὶ
1516 3142 1614 3212 τὴν
1649 3141 1755 3193 ὑπὸ
1802 3141 1904 3210 γῆν

329 3233 574 3304 πορείαν,
601 3233 660 3286 οῦ
683 3233 845 3303 νόμος
887 3234 1034 3286 ἐστὶν
1055 3234 1132 3286 ἔτι
1169 3234 1340 3288 ἐλθεῖν
1368 3239 1477 3299 τοῖς
1506 3253 1640 3306 κατη
1653 3253 1713 3306 ργ
1725 3236 1904 3306 μένοις

328 3323 429 3394 ἤδη
451 3327 551 3395 τῆς
577 3325 900 3396 ὑπουρανίου
935 3327 1176 3397 πορείας,
1208 3327 1342 3380 ἀλλὰ
1369 3327 1531 3396 τρανὸν
1580 3328 1690 3398 βίον
1720 3328 1906 3396 διαγα-

331 3418 546 3484 γόντας,
573 3418 906 3489 εὐδαιμονεῖν
939 3419 1054 3489 μετ’
1085 3418 1328 3488 ἀλλήλων
1361 3418 1780 3489 πορευομένους,
1811 3419 1904 3471 καὶ

328 3509 662 3580 ὁμοπτέρους
708 3510 907 3582 ἔρωτος
947 3511 1124 3583 χάριν.
1169 3511 1355 3564 Ταῦτα
1411 3511 1666 3573 τοσαῦτα,
1701 3505 1745 3563 ὦ
1786 3512 1902 3573 παῖ,

331 3605 424 3658 καὶ
441 3603 583 3656 οὕτω
609 3603 727 3658 θεῖά
757 3621 836 3657 σοι
868 3603 1169 3674 δωρήσεται
1202 3605 1234 3674 ἡ
1260 3602 1386 3672 παρ’
1421 3602 1648 3674 ἐραστοῦ
1681 3601 1850 3670 φιλία.
1881 3621 1900 3654 ο

329 3696 564 3748 Τοιαῦτα
597 3695 695 3766 μὲν
721 3696 790 3748 τὰ
823 3695 1126 3760 Πλάτωνος·
1162 3696 1275 3749 ἀλλ’
1306 3696 1368 3748 οὐ
1415 3696 1483 3749 τά
1537 3697 1799 3760 Μωσέως,
1848 3698 1906 3760 ὃς

328 3788 624 3860 διαρρήδην
653 3787 861 3852 τούτοις
883 3788 1096 3842 ἐναντία
1134 3788 1428 3858 νομοθετεῖ,
1463 3788 1670 3859 μεγάλῃ
1699 3792 1764 3859 τῇ
1797 3807 1909 3856 φω-

331 3882 398 3950 νῇ
428 3879 523 3952 τὴν
557 3880 694 3934 κατὰ
753 3881 1129 3951 παιδεραστῶν
1192 3883 1571 3952 προσήκουσαν
1605 3881 1907 3952 προσφερό-

339 3990 498 4043 μενος
551 3975 722 4046 δίκην.
773 3976 909 4045 Φησὶ
961 3974 1108 4043 γοῦν·
1152 3993 1170 4023 ι
1215 3976 1304 4037 Ὃς
1355 3974 1419 4027 ἂν
1475 3974 1709 4045 κοιμηθῇ
1770 3975 1909 4046 μετά

335 4065 560 4135 ἄρσενος
585 4066 768 4137 κοίτην
789 4066 1062 4135 γυναικὸς,
1119 4065 1391 4136 βδέλυγμα
1449 4065 1708 4134 ἐποίησαν
1734 4065 1909 4135 ἀμφό-

332 4174 502 4226 τεροι·
555 4157 767 4229 θανάτῳ
821 4158 1289 4220 θανατούσθωσαν,
1336 4157 1506 4227 ἔνοχοί
1559 4160 1726 4211 εἰσι.»
1757 4157 1903 4210 Καί·

338 4268 357 4291 σ
383 4250 807 4320 Ἐπικατάρατος
836 4252 942 4313 πᾶς
970 4252 998 4302 ό
1027 4249 1363 4319 κοιμώμενος
1388 4249 1525 4319 μετά
1542 4248 1766 4320 ἄρσενος
1798 4249 1911 4302 κοί-

332 4357 430 4410 την
463 4340 737 4408 γυναικός.
775 4358 791 4390 ι
835 4340 898 4392 Τί
932 4341 1011 4392 δεῖ
1052 4339 1216 4392 τανῦν
1264 4338 1606 4408 ἀπελέγχειν,
1637 4336 1711 4401 ὡς
1770 4353 1909 4406 παρ-

333 4434 411 4495 εὶς
461 4435 489 4485 ὁ
545 4431 851 4500 σοφώτατος
897 4433 986 4484 τὸν
1039 4429 1402 4500 παιδεραστὴν
1432 4472 1446 4493 ,
1511 4428 1630 4481 οὐδὲ
1691 4427 1799 4498 γὰρ
1850 4430 1906 4480 ἐν

2005 572 2085 625 vel
2113 573 2380 641 explicare
2429 580 2634 640 potest:
2679 558 2772 624 sed
2815 572 3038 640 perinde
3086 588 3150 626 ac
3191 571 3237 626 si
3291 586 3357 624 ex
3401 570 3578 625 alieno

2003 671 2220 726 asper-tn
2272 657 2645 726 lippitudinem
2696 656 3091 720 contraxisset,
3141 672 3361 711 causam
3418 655 3576 725 ejus,

2001 767 2166 822 quam
2195 751 2382 804 allerat
2409 751 2608 804 nullam
2638 750 2814 803 habet.
2834 769 2851 800 ι
2884 750 3191 818 Iterumque
3218 760 3336 819 post
3359 765 3530 818 pauca
3562 768 3573 802 :

2009 864 2025 896 ι
2049 843 2417 913 Concupiscit,
2439 841 2636 911 inquit,
2663 842 2844 897 minus
2877 843 3219 896 vehementer
3245 843 3296 896 id
3320 843 3576 912 quidem;

2004 936 2096 991 sed
2145 944 2325 990 tamen
2379 934 2572 988 all‘ectu
2624 935 2918 1003 persimili,
2955 934 3167 998 videre,
3224 935 3576 1004 contingere,

2003 1028 2275 1091 osculari,
2301 1027 2502 1097 jacenti
2531 1027 2921 1081 adhmrescere.
2957 1026 3086 1092 Qua:
3113 1026 3330 1095 quidem
3360 1026 3542 1080 omnia
3561 1068 3578 1092 ,

2005 1135 2127 1172 cum
2183 1119 2417 1189 primum
2479 1119 2731 1183 licuerit,
2795 1119 2870 1171 uti
2925 1118 3080 1171 facile
3138 1117 3317 1185 quivis
3383 1117 3580 1170 intelli-

2004 1210 2101 1279 git,
2149 1210 2326 1279 reipsa
2360 1210 2591 1277 perlicit.
2666 1210 2829 1279 lgitur
2887 1209 3128 1277 ejusdem
3175 1209 3228 1261 in
3278 1208 3402 1262 lecti
3439 1223 3580 1262 com-

2004 1304 2283 1368 munione,
2321 1304 2768 1373 intemperantior
2803 1304 3064 1358 amatoris
3091 1303 3254 1373 710
3278 1317 3452 1370 equus
3480 1301 3581 1356 ha-

2002 1398 2093 1451 bet
2125 1397 2268 1466 quod
2313 1397 2381 1451 ab
2413 1398 2602 1467 auriga
2645 1405 2789 1466 petat
2835 1396 3073 1465 aliquid,
3127 1397 3231 1450 hoc
3279 1404 3362 1450 est
3394 1402 3454 1449 ut
3503 1403 3585 1448 tot

2003 1486 2107 1541 sibi
2133 1487 2379 1540 laborum
2403 1487 2618 1541 brevem
2651 1487 2886 1556 aliquem
2912 1485 3148 1540 fructum
3179 1500 3372 1555 capere
3401 1485 3578 1539 liceat.

2001 1578 2181 1633 Amati
2209 1593 2337 1633 vero
2363 1593 2558 1648 equus,
2588 1579 2731 1649 quod
2761 1579 2906 1632 dicat
2942 1578 3104 1632 habet
3140 1570 3318 1631 nihil:
3369 1587 3579 1632 tantum

2001 1679 2306 1724 commotus
2336 1670 2451 1739 ipse
2482 1685 2720 1740 quoque,
2750 1686 2848 1724 nec
2876 1671 3011 1724 satis
3044 1670 3127 1724 sui
3155 1686 3400 1740 compos,
3426 1687 3580 1725 ama-

2004 1769 2174 1813 torem
2218 1760 2367 1813 illum
2424 1769 2684 1829 tanquam
2736 1760 2821 1814 sui
2874 1759 3337 1814 studiosissimum
3379 1761 3583 1830 ample.

2005 1851 2170 1904 ctitur
2216 1859 2378 1920 atque
2416 1851 2714 1905 osculatur.
2769 1852 2848 1906 Ac
2887 1851 3017 1906 dum
3057 1853 3219 1905 simul
3253 1852 3466 1920 jacent,
3508 1853 3581 1906 ita

2007 1940 2224 2010 quidem
2257 1953 2608 2010 cetnparatus
2638 1951 2740 2008 est,
2773 1942 2907 1996 nihil
2937 1951 2995 1996 ut
3027 1943 3279 2006 amatori,
3315 1951 3582 2012 quantum

2007 2031 2061 2084 in
2095 2048 2153 2087 se
2179 2032 2302 2099 erit,
2335 2043 2630 2104 negaturus
2656 2033 2923 2097 videatur,
2957 2035 3100 2103 quod
3131 2035 3200 2088 ab
3235 2035 3325 2088 illo
3350 2045 3581 2089 conten-

2005 2124 2165 2179 derit.
2222 2125 2376 2191 Quod
2432 2127 2478 2180 si
2526 2126 2715 2180 vicerit
2757 2141 2912 2180 mens
2950 2127 3040 2180 illa
3091 2127 3302 2193 melior,
3357 2143 3476 2197 quae
3516 2127 3582 2181 ad

2005 2218 2351 2272 modestioris
2395 2228 2445 2273 et
2491 2234 2615 2272 cum
2658 2219 3001 2288 philosophia
3053 2221 3407 2288 congruentis
3462 2220 3585 2276 vita!

2006 2309 2244 2362 rationes
2276 2309 2496 2374 imitat;
2524 2318 2636 2362 tum
2669 2325 2799 2364 vero
2834 2311 3042 2362 beatam
3083 2309 3167 2362 hic
3192 2319 3355 2378 atque
3394 2311 3586 2364 unani-

2006 2408 2146 2446 mem
2171 2393 2336 2445 vitam
2357 2402 2544 2462 agunt,
2572 2393 2655 2447 sui
2681 2404 2943 2459 potentes,
2971 2394 3238 2464 planeque
3260 2394 3579 2449 moderati.»

2005 2481 2246 2551 Itemque
2278 2485 2466 2552 paucis
2495 2485 2789 2539 admodum
2820 2487 3117 2554 interjectis
3145 2505 3154 2538 :
3195 2505 3212 2535 ι
3247 2486 3341 2539 Sin
3367 2495 3583 2550 coatra,

2004 2572 2202 2642 inquit,
2236 2573 2466 2627 alterum
2496 2575 2624 2628 illud
2657 2574 2947 2644 iniquioris
2972 2577 3093 2629 vitae
3124 2592 3316 2645 genus,
3348 2588 3455 2631 tam
3483 2579 3584 2630 ab-

2008 2663 2240 2721 horrens
2265 2684 2294 2720 a
2324 2667 2686 2738 phil050phia,
2715 2683 2878 2734 quam
2910 2669 3260 2721 ambitiosum
3290 2669 3582 2738 placuerit;

2008 2756 2268 2813 continuo
2296 2759 2508 2829 jugales
2541 2774 2730 2813 eorum
2761 2759 3008 2812 indomiti
3035 2800 3050 2824 ,
3091 2761 3219 2813 dum
3274 2761 3357 2815 vel
3412 2770 3587 2815 temu-

2007 2851 2169 2906 lentia
2193 2893 2207 2917 ,
2242 2853 2323 2907 vel
2359 2851 2680 2940 alia.quavis
2709 2852 2933 2906 mollitie
2963 2852 3283 2906 laborabunt
3307 2890 3322 2914 ,
3350 2852 3585 2907 dissolu-

2007 2953 2090 2998 tos
2112 2946 2323 2999 aI-iimos
2353 2945 2616 3013 planeque
2650 2942 2924 3012 neglectos
2953 2953 3280 3008 occupantes
3302 2986 3317 3010 ,
3347 2953 3400 2998 et
3441 2945 3586 3013 ejus-

2005 3036 2127 3089 dem
2159 3034 2210 3087 in
2241 3050 2436 3089 sensus
2475 3035 2914 3088 communionem
2968 3035 3340 3100 pel-trahentes
3368 3073 3382 3098 ,
3435 3035 3584 3088 illum
3668 3071 3675 3077 -

2005 3126 2220 3180 vivendi
2253 3141 2458 3180 morem
2486 3165 2500 3188 ,
2531 3124 2622 3193 qui
2653 3124 2924 3194 plerisque
2958 3123 3083 3177 felix
3118 3125 3361 3187 videtur,
3389 3125 3588 3195 cligen:

2009 3233 2074 3273 ac
2099 3227 2427 3287 sequentur:
2465 3231 2699 3286 eumque
2727 3214 2980 3284 deinceps
3008 3216 3319 3271 retinebunt
3355 3217 3430 3270 illi
3466 3217 3587 3286 qui-

2005 3312 2150 3377 dem,
2176 3311 2268 3364 sed
2305 3309 2485 3363 rarius
2510 3318 2688 3362 tamen
2715 3306 3080 3374 usurpabunt,
3105 3308 3248 3376 quod
3279 3324 3404 3361 eum
3434 3324 3588 3361 mens

2007 3412 2118 3458 tota
2149 3417 2257 3456 non
2295 3401 2560 3470 probabit.
2597 3400 2662 3455 Et
2693 3402 2912 3471 quidem
2937 3441 2952 3464 ,
2991 3410 3050 3454 ut
3081 3401 3262 3453 minus
3287 3416 3452 3470 quam
3493 3415 3587 3453 su-

2007 3492 2248 3562 periores
2278 3492 2352 3544 illi
2381 3533 2394 3554 ,
2433 3501 2614 3546 tamen
2644 3499 2696 3547 et
2726 3492 2779 3546 in
2805 3492 2896 3546 illo
2919 3491 3125 3546 amoris
3158 3501 3290 3546 aestu
3311 3532 3324 3556 ,
3372 3502 3421 3546 et
3462 3507 3586 3546 cum

2007 3585 2076 3639 ab
2104 3600 2169 3638 eo
2203 3583 2655 3654 interquiescunt,
2687 3585 2848 3638 amici
2882 3601 3003 3639 esse
3040 3592 3271 3653 pergunt
3307 3583 3409 3653 ipsi
3453 3599 3590 3654 quo-

2007 3694 2146 3748 que,
2173 3678 2274 3730 rati
2311 3679 2548 3730 maxima
2594 3692 2651 3731 se
2692 3676 2816 3732 lidei
2865 3677 3124 3748 religione
3157 3677 3299 3730 ultro
3345 3676 3590 3745 citroque

2008 3771 2276 3839 obligatos
2307 3784 2448 3834 esse,
2475 3784 2581 3838 qua
2612 3770 2811 3824 violata
2838 3770 2978 3823 ullas
3003 3784 3243 3837 unquam
3276 3767 3590 3821 inimicitias

2007 3875 2261 3916 exercere
2287 3860 2358 3913 sit
2390 3858 2563 3913 nefas.
2594 3857 2763 3913 Porro
2786 3876 2909 3915 cum
2946 3861 3219 3913 intereunt
3245 3900 3260 3922 ,
3290 3859 3368 3912 sic
3413 3859 3591 3913 disce-

2009 3953 2143 4006 dunt
2165 3967 2226 4006 ex
2262 3967 2490 4023 corpore
2515 3994 2528 4017 ,
2560 3963 2619 4006 ut
2648 3953 2773 4008 licet
2807 3952 2910 4007 alis
2954 3953 3185 4008 necdum
3231 3953 3456 4006 omnino
3509 3951 3592 4004 in-

2010 4042 2203 4096 structi
2231 4043 2359 4108 sint,
2397 4043 2465 4097 iis
2501 4052 2680 4097 tamen
2714 4043 2899 4098 vestiri
2937 4043 3048 4112 jam
3093 4043 3376 4114 coeperint.
3415 4042 3597 4107 Quare

2009 4135 2245 4189 fructum
2279 4135 2559 4190 amatoriae
2588 4135 2748 4204 huius
2777 4135 3004 4189 insania:
3046 4151 3152 4188 non
3205 4136 3459 4202 exiguum
3505 4149 3597 4187 ca-

2009 4227 2184 4296 piunt.
2218 4223 2328 4280 Nec
2353 4225 2499 4279 enim
2531 4226 2652 4280 illos
2680 4225 2934 4294 deinceps
2967 4226 3018 4278 in
3065 4225 3313 4280 tenebras
3340 4263 3353 4284 ,
3403 4233 3495 4276 aut
3539 4224 3594 4276 in

2011 4320 2362 4373 subterranea
2391 4319 2638 4388 qumdam
2689 4319 2806 4372 loca
2848 4318 3036 4372 venire
3069 4317 3151 4371 lex
3207 4317 3313 4370 ulla
3346 4317 3552 4384 patitur
3577 4355 3591 4380 ,

2009 4412 2102 4481 qui
2140 4411 2283 4464 viam
2311 4412 2452 4466 caalo
2482 4411 2792 4480 prOpiorem
2841 4410 3092 4464 insistere
3125 4411 3240 4478 jam
3271 4415 3552 4476 coeperunt
3578 4426 3591 4461 ε

333 4527 446 4586 τοῖς
502 4525 720 4590 Νόμοις
775 4522 974 4591 ἠξίωσε
1033 4521 1171 4574 κατᾶ
1231 4519 1602 4590 παιδεραστῶν
1677 4516 1903 4570 θανάτου

2012 4503 2104 4558 sed
2136 4504 2316 4572 pot-ius
2342 4520 2447 4556 una
2481 4503 2742 4572 profecti,
2770 4503 2973 4558 claram
3018 4503 3394 4570 illustremque
3425 4501 3594 4554 vitam

333 4618 489 4688 δίκην
522 4617 828 4688 ὁρίσασθαι,
846 4617 1166 4688 προστάττει
1196 4616 1408 4685 θανάτῳ
1430 4613 1658 4683 ζημιοῦν
1685 4612 1908 4664 οἰκετῶν

334 4711 423 4764 τὸν
453 4710 526 4782 μὴ
554 4710 1012 4781 καταμηνύσαντα
1037 4710 1307 4781 θησαυρὸν
1334 4707 1420 4776 ὑφ’
1444 4707 1630 4776 ἐτέρου
1654 4706 1796 4768 τινος
1824 4707 1912 4757 εὑ-

338 4803 610 4874 ρημένον;
652 4803 987 4856 Ἑπάκουσον
1019 4803 1074 4856 δὲ
1105 4803 1200 4855 καὶ
1255 4801 1444 4862 τῶνδε,
1481 4800 1567 4851 ἵνα
1597 4799 1667 4869 μή
1715 4815 1780 4868 με
1816 4815 1911 4849 συ-

335 4899 618 4964 κοφαντεῖν
647 4889 956 4958 ὑπολάϐοις.

2017 4595 2069 4647 in
2108 4610 2321 4648 summa
2374 4595 2626 4649 felicitate
2675 4595 2918 4665 degunt,
2961 4611 3024 4649 ac
3074 4604 3292 4664 propter
3343 4603 3593 4646 mutuum

2018 4701 2290 4752 amorem,
2321 4685 2593 4741 similibus
2624 4688 2788 4740 etiam
2835 4687 2936 4741 alis
2988 4685 3306 4739 induuntur.
3344 4683 3469 4737 llaec
3503 4693 3556 4736 tu
3580 4721 3594 4746 ,

2020 4778 2130 4842 ﬁli,
2163 4787 2310 4832 tanta
2347 4787 2564 4849 tamque
2599 4780 2780 4834 divina
2817 4795 2883 4834 ex
2931 4780 3191 4833 amatoris
3244 4779 3320 4831 lui
3359 4776 3597 4830 amicitia

2020 4885 2374 4940 consequere.
2405 4891 2421 4922 ι
2455 4870 2578 4926 ιῐιυο
2610 4871 2784 4926 Plato.
2821 4873 2887 4925 At
2919 4853 3085 4925 Μηδὶς
3118 4871 3275 4940 longe
3303 4869 3409 4924 alia
3446 4884 3597 4922 mens

337 5001 420 5048 est
445 5035 461 5060 ,
490 4996 688 5063 quippe
713 4993 804 5062 qui
839 4993 1009 5062 legem
1041 4993 1106 5046 iis
1137 4993 1294 5062 plane
1345 4989 1675 5043 contrariam
1725 4987 1862 5041 ferat
1889 5027 1902 5049 ,
1945 4987 2074 5042 dum
2101 4989 2362 5045 adversus
2401 5008 2694 5059 puerorum
2737 5001 3007 5045 amatores
3046 4990 3418 5060 aequissimam
3459 4990 3600 5042 hanc

339 5088 559 5144 disertis
615 5093 794 5145 verbis
846 5090 1169 5144 sententiam
1219 5086 1572 5155 pronuntiat:
1606 5083 2056 5150 «Quidormierit
2108 5100 2231 5139 cum
2278 5103 2427 5141 mare
2465 5087 2758 5142 concubitu
2798 5087 3090 5151 muliebri,
3138 5086 3597 5141 abominationem

339 5192 587 5256 {ecerunt
630 5185 834 5240 ambo:
882 5193 1057 5239 morte
1102 5184 1406 5239 moriantur
1433 5183 1448 5212 ‘
1474 5223 1488 5246 ,
1534 5181 1653 5249 ejus
1703 5181 1847 5234 enim
1885 5180 1961 5234 rei
1993 5191 2139 5235 sunt.
2166 5181 2437 5252 illumque
2469 5226 2480 5247 ,
2517 5205 2533 5235 σ
2562 5183 2924 5238 Exsecrabilis
2977 5193 3058 5238 est
3099 5183 3278 5236 omnis
3337 5181 3427 5251 qui
3472 5181 3604 5235 dor-

342 5277 442 5332 mit
483 5293 605 5332 cum
631 5294 780 5332 mare
803 5276 1092 5332 concubitu
1119 5275 1386 5329 muliebri.
1420 5293 1436 5324 ι
1471 5272 1611 5338 Quid
1651 5272 1762 5342 jam
1805 5271 1956 5340 71]
2007 5273 2198 5327 attinet
2244 5275 2371 5327 illud
2435 5276 2641 5329 homini
2687 5275 3018 5345 persapienti
3071 5275 3309 5343 objice’rc
3337 5314 3352 5337 ,
3409 5272 3598 5327 missis

341 5371 760 5437 praediconibus,
815 5386 916 5425 nec
967 5370 1110 5424 enim
1156 5370 1270 5424 suis
1316 5368 1369 5422 in
1407 5367 1626 5438 Legibus
1658 5365 1849 5420 mortis
1888 5379 1985 5420 eos
2025 5366 2290 5436 supplicio
2317 5369 2509 5441 dignos
2548 5369 2790 5438 putavit,
2835 5369 2887 5420 in
2939 5383 3156 5421 servum
3204 5366 3355 5419 illum
3409 5365 3603 5432 capitis

339 5464 409 5518 ab
429 5481 494 5520 eo
527 5467 656 5520 l'erri
688 5466 1011 5522 sententiam
1040 5507 1054 5530 ,
1088 5467 1178 5537 qui
1221 5475 1495 5536 repertum
1535 5465 1603 5520 ab
1651 5463 1757 5519 alio
1801 5461 2120 5519 thesaurum
2156 5481 2262 5521 non
2301 5467 2554 5523 indicarit
2581 5466 2603 5519 ?
2633 5467 2707 5520 Ac
2739 5480 2805 5520 ne
2831 5480 2917 5519 me
2946 5462 3267 5518 calumniari
3299 5461 3606 5531 suspicere:

342 5559 550 5614 audisis
579 5560 692 5614 haec
722 5561 841 5629 ejus
867 5560 1048 5614 verba.

419 5714 630 5769 'Levit.
669 5731 757 5778 rex,
797 5714 876 5767 15.
