3872 6368
1055 304 1321 363 EUSEBII
1360 302 1839 361 CAESARIENSIS
1882 303 2033 359 OPP.
2079 301 2262 358 PARS
2296 303 2356 357 ll.
2401 333 2468 347 ——
2492 298 2991 358 APOLOGETICA.
3554 298 3650 352 176

1013 424 1241 479 CAPUT
1291 424 1432 479 XXI.

2053 451 2067 484 ι
2600 418 2993 473 ΚΕΦΑΛΔῘΟΝ
3025 416 3158 471 KA'.

411 526 982 608 Dsufegibusl’tatonis
1020 538 1089 590 ad
1134 538 1299 591 credes
1340 537 1748 608 pertinentibus,
1794 555 1944 608 magn

2084 533 2229 608 Hegi
2247 605 2254 608 _
2271 532 2407 608 τῶν..
2440 532 2596 603 παρὰ
2639 530 2929 608 ῌλάτωνι-
2952 529 3232 608 ςροιςικιῖνν·Δ
3256 531 3491 608 rogem,
3545 531 3651 608 oin;

476 593 822 679 illaquminis
849 616 1014 660 mente
1026 608 1280 677 indignis,
1300 593 1606 678 qitibuscum
1630 593 1825 678 Mensis
1850 593 1944 679 legi

2604 601 2715 669 τῆς
2740 593 3141 679 perciet-qlae
3165 593 3373 663 αὐτοῦ,
3401 593 3493 664 οἷς
3515 598 3651 665 τοὺς

480 673 887 727 committendae.
1144 670 1165 677 ⁷
1268 670 1276 674 ⁷
1309 670 1321 678 ⁷
1721 670 1742 678 ⁷
1897 670 1919 679 ”

2151 672 2450 739 Μωῦσέως
2470 670 3039 740 ἀντιπαραϐλητέον.

2156 803 2176 838 ι
2198 787 2320 840 Ὅτι
2346 786 2391 838 δ’
2414 785 2480 839 ἂν
2513 785 2623 858 (85)
2648 788 2677 839 6
2699 786 2855 850 Θεὸς,
2878 785 3060 856 φησὶν,
3091 785 3287 856 ἀναιρῇ
3318 781 3445 853 περί
3463 799 3523 835 τε
3545 780 3646 834 τῶν

2079 877 2392 947 κτημάτων,
2421 877 2515 930 καὶ
2550 876 2643 930 τοῦ
2672 877 3008 947 κινήσαντος,
3042 873 3186 927 τοῦθ’
3213 877 3247 944 ή
3275 873 3428 936 πόλις
3448 874 3648 945 ὑπηρε-

2077 966 2246 1020 τοῦσα
2285 967 2405 1031 ταῖς
2447 967 2725 1037 μαντείαις
2754 965 2934 1037 δράτω
2974 960 3068 1018 τοῦ
3093 962 3249 1021 Θεοῦ,
3276 962 3389 1017 Καὶ
3416 962 3513 1015 ἐὰν
3554 962 3644 1032 μὲν

2076 1057 2357 1130 ἐλεύθερος
2378 1058 2408 1110 6
2457 1057 2699 1129 μηνύσας
2778 1097 2791 1120 ,
2823 1057 2978 1123 δόξαν
2994 1056 3193 1127 ἀρετῆς
3222 1053 3506 1125 κεκτήσθω
3524 1092 3542 1118 ,
3572 1054 3641 1123 μὴ

2079 1151 2295 1223 μηνύων
2326 1150 2402 1214 δὲ,
2432 1150 2648 1213 κακίας.
2688 1148 2881 1212 Δοῦλος
2913 1148 2970 1201 δὲ
3003 1146 3099 1199 ἐὰν
3122 1142 3178 1220 ᾖ,
3217 1148 3245 1199 6
3279 1143 3525 1217 μηνύσας
3553 1143 3643 1214 μὲν

2076 1241 2360 1312 ἐλεύθερος
2396 1241 2502 1295 ὑπὸ
2532 1242 2630 1311 τῆς
2661 1240 2865 1303 πόλεως
2891 1238 3065 1309 ὀρθῶς
3092 1238 3314 1307 γίγνοιτ’
3339 1236 3426 1301 ἂν,
3457 1236 3643 1289 ἀποδι-

2073 1332 2270 1404 δούσης
2296 1331 2374 1403 τῷ
2395 1332 2630 1406 δεσπότῃ
2645 1332 2743 1403 τὴν
2765 1332 2947 1403 τιμήν·
2975 1330 3048 1402 μὴ
3081 1329 3297 1401 μηνύων
3321 1329 3400 1394 δὲ,
3432 1328 3642 1398 θανάτῳ

2072 1423 2401 1496 ζημιούσθω.
2447 1444 2466 1476 ι
2500 1424 2791 1479 Κάνταῦθα
2832 1423 2931 1495 μὲν
2978 1422 3277 1494 ὲζημίωται
3306 1421 3523 1492 θανάτῳ
3547 1420 3640 1491 οὐχ

2070 1517 2099 1568 6
2133 1517 2511 1587 παρακινήσας
2546 1532 2598 1569 τι
2630 1516 2739 1568 τῶν
2780 1514 3161 1586 ἀπειρημένων
3182 1552 3198 1577 ,
3232 1511 3349 1566 ἀλλ’
3387 1514 3419 1565 6
3454 1511 3638 1583 ἐτέρου

418 296 560 357 H75

485 802 505 835 ι
533 783 805 856 Quidquid
838 798 1041 856 autem,
1073 800 1268 859 Inquit,
1297 799 1405 844 tam
1430 790 1496 845 de
1522 791 1788 861 pecuniis,
1816 806 1979 861 quam

410 871 476 928 de
506 876 617 941 illo,
651 879 743 948 qui
774 894 868 935 eas
898 880 1019 935 loco
1050 881 1300 944 moverit,
1342 882 1482 937 Deus
1515 883 1895 953 respondebit,
1926 883 1978 937 id

409 967 790 1038 obtemperans
815 973 1038 1027 oraculo
1065 974 1371 1043 respublica
1401 974 1664 1044 perﬁcito.
1696 975 1856 1029 Liber
1880 1016 1893 1039 ,
1930 976 1976 1029 si

407 1074 519 1113 rem
546 1059 817 1127 indicarit,
843 1065 1093 1128 virtutis;
1119 1067 1163 1121 si
1191 1067 1446 1131 tacuerit,
1470 1067 1833 1136 improbitatis
1856 1069 1967 1138 Opi-

408 1154 625 1206 nionem
657 1154 886 1211 auferto.
930 1156 1133 1215 Servus
1178 1159 1224 1213 si
1275 1157 1478 1214 factum
1517 1160 1822 1229 aperuerit,
1862 1175 1976 1214 res-

403 1241 618 1309 publica
665 1244 896 1300 liberum
944 1263 1064 1303 esse
1106 1249 1260 1305 illum
1294 1250 1607 1317 decernito,
1662 1251 1802 1305 servi
1854 1265 1974 1318 pre-

402 1332 537 1386 tium
574 1333 705 1388 hero
741 1347 1160 1406 repraesentata:
1211 1340 1259 1397 si
1303 1357 1413 1397 non
1457 1342 1764 1413 aperuerit,
1801 1350 1974 1397 morte

400 1423 710 1480 mulctator.
746 1447 764 1478 ι
793 1428 970 1499 Atque
1004 1430 1095 1487 hic
1140 1442 1314 1488 morte
1357 1434 1681 1499 damnatur,
1734 1449 1843 1488 non
1877 1433 1970 1503 qui

398 1529 512 1568 rem
541 1516 868 1583 prohibitam
891 1520 1014 1574 loco
1043 1524 1274 1577 moverit
1300 1565 1314 1589 ,
1343 1525 1437 1579 sed
1465 1525 1558 1595 qui
1590 1540 1788 1579 nomen
1835 1524 1971 1579 furis

394 1619 509 1658 non
530 1607 799 1663 detulerit.
833 1610 901 1664 At
930 1611 1072 1667 idem
1098 1652 1114 1678 ,
1151 1613 1371 1684 impune
1397 1615 1591 1670 herum
1622 1614 1764 1670 ferre
1810 1616 1926 1669 vult

2070 1607 2556 1680 πλημμελήσαντος
2581 1607 2657 1679 μὴ
2673 1606 3080 1679 καταμηνύσας.
3114 1606 3224 1660 Καὶ
3250 1604 3423 1668 ἄλλως
3457 1604 3517 1657 δὲ
3549 1621 3641 1658 κα-

395 1696 487 1764 qui
523 1713 736 1753 servum
764 1701 935 1756 iratus
958 1702 1235 1759 occiderit.
1265 1723 1283 1755 ι
1317 1703 1421 1771 Qui
1450 1720 1667 1761 servum
1696 1748 1711 1771 ,
1755 1706 1931 1775 inquit

2070 1698 2233 1771 θαρὸν
2262 1699 2549 1768 ἀποφαίνει
2580 1698 2866 1771 δεσπότην,
2904 1700 2953 1750 εί
2982 1696 3073 1750 τὸν
3103 1695 3234 1749 ἴδιον
3270 1693 3455 1749 δοῦλον
3485 1692 3641 1765 θυμῷ

394 1786 557 1842 s'uum
589 1791 868 1857 occiderit,
898 1793 1233 1849 absolvitor:
1265 1796 1358 1866 qui
1386 1796 1623 1851 alienum
1661 1806 1715 1851 et
1747 1797 1944 1852 iratus.

2066 1790 2363 1861 φονεύσειε.
2380 1792 2541 1859 Λέγει
2562 1791 2607 1843 δ’
2635 1785 2748 1845 οὖν·
2780 1809 2800 1841 ι
2825 1788 3019 1842 Δοῦλον
3048 1788 3106 1841 δὲ
3132 1787 3243 1858 (86)
3277 1786 3494 1850 κτείνας
3516 1787 3640 1839 ἑαυ-

392 1879 621 1949 duplum
646 1883 927 1953 ejushero
956 1886 1189 1956 pretium
1225 1888 1537 1957 persolvite.
1572 1908 1590 1939 ι
1646 1888 1785 1944 Huic
1824 1889 1944 1943 alia:

2063 1881 2157 1935 τοῦ
2191 1882 2309 1953 μὲν,
2344 1881 2697 1953 καθηράσθω·
2727 1881 2824 1936 ἐὰν
2856 1880 2914 1934 δὲ
2952 1880 3232 1951 ἀλλότριον
3263 1877 3441 1950 θυμῷ,
3476 1877 3635 1948 διπλῇ

392 1971 528 2026 adde
560 1972 739 2044 leges,
773 1990 911 2044 quas
936 1977 1002 2030 de
1031 1978 1175 2032 caede
1201 1978 1345 2037 tulit.
1374 1978 1508 2046 «Qui
1557 1988 1746 2051 suapte
1792 1996 1944 2036 manu

2063 1975 2124 2029 τὸ
2158 1974 2355 2046 βλάϐος
2392 1975 2659 2027 ἑκτισάτω
2679 1972 2757 2044 τῷ
2790 1971 3131 2044 κεκτημένῳ.
3166 1990 3185 2024 ι
3236 1970 3348 2025 Καὶ
3386 1970 3550 2023 τοῦτο
3582 1969 3635 2023 δὲ

390 2061 664 2118 hominem
689 2064 918 2127 liberum
947 2066 1278 2123 interfecerit
1302 2111 1317 2134 ,
1346 2070 1392 2124 si
1422 2069 1635 2126 facinus
1661 2069 1944 2126 iracundia

2062 2066 2365 2120 ἐπάκουσον
2389 2065 2553 2120 αὐτοῦ
2583 2065 2693 2119 τῶν
2717 2065 2917 2137 νόμων,
2950 2063 3044 2127 οὓς
3067 2064 3197 2135 περὶ
3222 2062 3426 2133 φονέων
3462 2062 3636 2116 διετά-

389 2148 592 2210 fuerit,
626 2167 733 2205 non
777 2155 1032 2220 consilii,
1076 2172 1198 2210 cum
1243 2168 1471 2226 caetera,
1515 2176 1638 2230 quae
1670 2161 1944 2218 homicida

2062 2159 2210 2224 ξατο·
2240 2178 2257 2211 ι
2283 2161 2379 2212 Ἂν
2405 2160 2512 2231 ἄρα
2535 2176 2619 2222 τις
2641 2159 2892 2228 αὐτόχειρ
2913 2158 3013 2227 μὲν
3036 2156 3221 2229 κτείνῃ
3242 2154 3550 2226 ἐλεύθερον,
3572 2154 3632 2207 τὸ

384 2240 670 2297 iracundia
722 2245 869 2300 nulla
919 2257 1193 2304 commoto
1235 2250 1602 2321 deberentur,
1649 2256 1944 2322 sustineto;

2058 2251 2116 2305 δὲ
2165 2250 2550 2322 πεπραγμένον
2596 2248 3043 2321 ἀπροϐουλεύτως
3091 2249 3227 2319 ὀργῇ
3269 2265 3375 2301 τινι
3407 2247 3630 2316 γένηται

383 2339 498 2383 tum
523 2336 831 2390 necessario
853 2378 869 2404 ,
904 2336 1215 2409 frangenda:
1247 2341 1540 2398 iracundiae
1567 2359 1730 2401 causa
1749 2388 1764 2412 ,
1794 2347 1944 2400 bien-

2058 2341 2322 2414 πραχθὲν,
2343 2342 2412 2396 τά
2443 2342 2540 2413 μὲν
2564 2341 2718 2406 ἄλλα,
2737 2339 2986 2411 καθάπερ
3012 2340 3137 2394 ἄνευ
3163 2338 3335 2411 θυμοῦ
3364 2338 3631 2392 κτείναντι

311 2498 327 2512 κ
384 2421 535 2476 nium
570 2427 836 2482 exsulato.
870 2449 890 2482 ι
927 2429 1025 2486 Cui
1060 2442 1112 2489 et
1144 2433 1308 2488 aliam
1342 2435 1484 2491 hanc
1504 2436 1699 2493 deinde
1720 2439 1944 2507 subjun-

2057 2435 2301 2506 προσῆκε
2321 2434 2398 2505 τῷ
2420 2433 2670 2505 πάσχειν,
2693 2432 2967 2504 πασχέτω
2996 2432 3091 2485 δύο
3122 2431 3167 2485 δ’
3191 2428 3250 2495 ἐξ
3266 2431 3514 2501 ἀνάγκης
3538 2430 3629 2498 Ea

378 2512 485 2581 git:
526 2533 544 2565 ι
564 2515 633 2569 At
655 2519 746 2587 qui
782 2535 887 2574 non
917 2522 1088 2579 iratus
1110 2526 1292 2590 modo,
1318 2527 1413 2581 sed
1445 2527 1609 2584 etiam
1638 2545 1705 2585 ex
1734 2531 1944 2587 insidiis

2054 2526 2321 2596 φευγέτω,
2342 2526 2584 2591 κολάζων
2608 2525 2667 2578 τὸ
2694 2524 2859 2579 αὑτοῦ
2886 2524 3074 2596 θυμόν.
3098 2524 3234 2577 »Καὶ
3269 2522 3445 2592 τούτῳ
3461 2537 3631 2592 προσ-

375 2603 607 2661 liberum
635 2612 896 2667 occiderit
921 2655 936 2678 ,
966 2631 1088 2670 cum
1119 2618 1335 2673 easdem
1363 2657 1377 2683 ,
1410 2635 1547 2690 quas
1576 2622 1826 2692 superior
1860 2623 1944 2679 ille

2053 2617 2263 2690 τίθησιν
2298 2617 2424 2689 ἑξῆς
2471 2617 2656 2688 ἕτερον
2720 2617 2918 2672 τοιόνδε
2978 2617 3160 2687 νόμον*
3209 2634 3225 2668 ι
3275 2616 3333 2668 'U
3369 2614 3429 2668 δὲ
3474 2613 3631 2691 θυμῷ

374 2709 567 2763 pinnas
593 2698 728 2756 luito
753 2742 771 2768 ,
800 2711 914 2758 tum
942 2721 1069 2761 vero
1099 2720 1156 2762 ut
1183 2709 1464 2764 biennium
1509 2712 1675 2778 alter,
1712 2714 1791 2769 sic
1831 2713 1949 2784 ipse

375 2786 671 2844 triennium
718 2795 1001 2862 exsulato;
1055 2798 1367 2855 diuturnius
1417 2802 1563 2869 enim
1619 2805 1945 2874 supplicium

373 2880 550 2949 major
577 2882 861 2942 iracundia
892 2890 1150 2958 postulat.
1175 2910 1193 2943 ι
1227 2892 1268 2945 Τ
1275 2909 1364 2948 υω
1393 2894 1459 2949 de
1486 2895 1581 2949 illo
1607 2897 1702 2967 qui
1745 2914 1943 2953 secun-

370 2971 499 3024 dum
528 2972 877 3033 homicidium
907 2984 1225 3050 patraverit,
1261 2985 1333 3039 ita
1383 2988 1604 3043 statuit:
1656 3007 1675 3039 ι
1710 2988 1862 3055 Quod
1896 2991 1942 3046 si

371 3057 532 3127 712
567 3059 760 3115 borum
785 3064 1044 3120 alteruter
1070 3066 1124 3121 in
1154 3070 1386 3138 patriam
1420 3072 1725 3137 restitutus,
1753 3076 1943 3129 eodem

2054 2710 2173 2781 μὲν,
2223 2710 2340 2781 μετ’
2386 2709 2676 2779 ἐπιϐουλῆς
2704 2708 2761 2762 δὲ
2803 2709 3039 2772 κτείνας,
3071 2708 3140 2762 τὰ
3176 2708 3272 2778 μὲν
3323 2706 3455 2764 ἄλλα
3488 2704 3630 2759 κατά

2050 2800 2140 2855 τὸν
2193 2801 2501 2872 ἔμπροσθεν
2552 2796 2643 2866 αὖ,
2698 2800 2824 2872 τρία
2859 2800 2914 2853 δὲ
2963 2800 3079 2868 ἐτη,
3139 2797 3391 2869 καθάπερ
3442 2797 3632 2868 ἕτερος

2049 2892 2247 2963 ἔφευγε
2277 2893 2345 2947 τὰ
2364 2892 2476 2957 δύο,
2503 2892 2768 2962 φευγέτω,
2809 2890 3027 2963 μεγέθει
3055 2889 3227 2961 θυμοῦ
3255 2889 3425 2943 πλείω
3455 2905 3630 2959 τιμω-

2051 2985 2237 3058 ρηθεὶς
2269 2987 2478 3058 χρόνον.
2511 3006 2530 3038 ›
2569 2981 2684 3039 Εἶθ’
2712 2985 2838 3055 ἑξῆς
2869 2986 2998 3055 περὶ
3022 2984 3116 3037 τοῦ
3150 2983 3398 3054 δεύτερον
3432 2982 3627 3052 φονεύ-

2049 3094 2239 3142 σαντος
2258 3078 2435 3132 τοιάδε
2468 3078 2766 3148 νομοθετεῖ’
2800 3097 2819 3128 ι
2878 3077 3002 3129 Ἐὰν
3022 3076 3077 3129 δὲ
3106 3072 3262 3139 αὖθίς
3288 3092 3415 3128 ποτε
3435 3074 3625 3128 κατελ-

368 3164 429 3200 se
455 3162 646 3206 rursus
672 3153 925 3220 crimine,
960 3157 1242 3232 iracundia
1268 3162 1446 3216 victus
1485 3163 1770 3232 obligarit,
1817 3182 1938 3235 per-

2053 3168 2172 3233 θὼν,
2205 3133 2464 3241 δπότερος
2501 3133 2683 3223 αιύτοῖν
2703 3210 2717 3234 ,
2760 3167 3013 3240 ἡττηθεὶς
3040 3170 3177 3240 ὀργῇ
3212 3133 3394 3238 πράξῃ
3426 3166 3623 3221 ταύτὸν

364 3247 588 3306 petuum
618 3245 890 3300 exsulato.
923 3266 942 3299 ι
980 3244 1221 3319 Itemque
1253 3252 1416 3320 paulo
1448 3262 1570 3321 post
1596 3273 1609 3307 :
1640 3273 1659 3305 ι
1688 3253 1745 3309 Si
1775 3255 1935 3321 forte,

2041 3261 2216 3327 τοῦτο,
2250 3260 2435 3331 φυγὼν
2470 3261 2665 3333 μηκέτι
2686 3262 2939 3335 κατέλθῃ.
2976 3280 2995 3314 ι
3042 3261 3149 3314 Καὶ
3175 3260 3334 3314 πάλιν
3363 3259 3494 3330 ἑξῆς
3517 3275 3623 3331 φη-

2042 3366 2144 3405 σιν·
2188 3369 2208 3402 ι
2262 3352 2387 3406 Ἐάν
2405 3352 2482 3417 δὲ,
2515 3353 2543 3405 ὃ
2566 3353 2810 3421 γίγνεται
2842 3350 2951 3421 (87)
2990 3352 3109 3421 μὲν,
3142 3349 3388 3418 ὀλιγάκις
3416 3348 3500 3413 δὲ,
3533 3347 3622 3403 διά

2039 3442 2210 3514 θυμὸν
2238 3443 2421 3514 πατὴρ
2459 3443 2492 3515 ἢ
2532 3445 2712 3515 μήτηρ
2745 3444 2859 3496 υἱὸν
2902 3443 2935 3513 ἢ
2980 3442 3253 3513 θυγατέρα
3298 3441 3560 3512 πληγαῖς,
3584 3442 3621 3511 ή

2036 3551 2142 3587 τινι
2174 3534 2362 3606 τρόπῳ
2396 3534 2555 3605 βιαίῳ
2596 3534 2814 3604 κτείνῃ,
2850 3531 3145 3604 καθάρσεις
3184 3531 3284 3603 μὲν
3312 3531 3411 3595 τὰς
3449 3530 3619 3594 αὐτάς

2034 3628 2150 3690 τοῖς
2190 3626 2370 3690 ἄλλοις
2417 3626 2795 3698 καθαίρεσθαι.
2834 3626 2929 3679 καὶ
2974 3625 3254 3689 ἐνιαυτοὺς
3284 3627 3436 3696 τρεῖς
3483 3626 3617 3679 ἁπε-

2035 3722 2291 3773 νιαυτεῖν.
2328 3718 2714 3773 Κατελθόντων
2743 3718 2799 3772 δὲ
2824 3716 2931 3771 τῶν
2965 3717 3312 3782 κτεινάντων,
3335 3717 3615 3772 ἀπαλλάτ-

2035 3810 2224 3864 τεσθαι
2251 3810 2486 3879 γυναῖκά
2502 3828 2560 3864 τε
2583 3811 2692 3865 άπὸ
2720 3808 2932 3881 ἀνδρὸς,
2969 3808 3063 3863 καὶ
3080 3808 3170 3863 τὸν
3196 3808 3367 3879 ἄνδρα
3387 3808 3498 3861 ἀπὸ
3524 3824 3615 3877 γυ-

2032 3903 2245 3967 ναικὸς,
2286 3904 2379 3957 καὶ
2426 3904 2500 3975 μή
2556 3904 2674 3957 ποτ’
2712 3902 2792 3956 ἔτι
2829 3906 2981 3973 κοινῇ
3024 3901 3533 3974 παιδοποιήσασθαι.
3587 3920 3608 3954 ι

2029 3995 2139 4047 Καὶ
2164 3993 2372 4056 τούτοις
2402 3994 2669 4065 ἐπιφέρει·
2703 4013 2722 4045 ι
2748 3994 2981 4047 Γυναῖκα
3010 3992 3066 4043 δὲ
3083 3991 3327 4063 γαμετὴν
3349 3990 3445 4045 ὲάν
3473 3992 3613 4064 ἀνὴρ

2026 4083 2092 4135 δι’
2124 4084 2291 4155 ὀργὴν
2317 4085 2504 4157 κτείνῃ
2535 4085 2678 4152 τινὰ,
2712 4085 2746 4155 ἦ
2778 4086 2915 4156 γυνή
2951 4102 3032 4147 τις
3055 4085 3257 4154 ὲαυτῆς
3283 4083 3454 4155 ἄνδρα
3476 4085 3607 4136 ταύ-

2027 4173 2117 4228 τὸν
2137 4175 2295 4228 τοῦτο
2323 4176 2585 4239 ὡσαύτως
2617 4179 2940 4249 ἐργάσηται,
2979 4176 3336 4247 καθαίρεσθαι
3360 4178 3487 4239 τοὺς
3517 4177 3612 4229 αύ-

2026 4268 2152 4329 τοὺς
2172 4267 2510 4339 καθαρμοὺς,
2542 4270 2777 4340 τριέτεις
2803 4269 2861 4322 δὲ
2888 4268 3308 4339 ἀπενιαυτήσεις
3325 4268 3608 4321 διατελεῖν.

2028 4356 2317 4411 Κατελθὼν
2347 4357 2404 4410 δὲ
2430 4359 2457 4409 6
2493 4358 2700 4411 τοιοῦτό
2736 4376 2788 4411 τι
2816 4358 3040 4429 δράσας,
3070 4361 3182 4421 τοῖς
3218 4357 3380 4411 αὐτοῦ
3419 4359 3611 4410 παισὶν

364 3332 510 3400 quod
543 3349 671 3388 raro
702 3337 995 3393 admodum
1033 3342 1282 3409 eveniet,
1326 3353 1479 3413 pater
1520 3356 1614 3400 aut
1649 3360 1823 3403 mater
1868 3349 1934 3404 li-

364 3424 496 3479 lium
527 3437 621 3483 aut
652 3430 851 3496 tiliam,
883 3433 1126 3503 ejusdem
1159 3436 1452 3493 iracundia:
1492 3440 1580 3507 vi,
1618 3450 1714 3494 aut
1750 3442 1937 3497 verbe-

362 3516 535 3584 ribus,
571 3529 666 3574 aut
696 3522 801 3583 alia
831 3524 1025 3591 quavis
1054 3528 1347 3583 acerbitate
1375 3530 1654 3597 occiderit,
1690 3548 1815 3587 cum
1842 3533 1935 3589 iis—

361 3610 483 3664 dem
539 3612 738 3681 quibus
790 3618 969 3672 caeteri
1016 3620 1189 3676 sacris
1237 3625 1561 3693 expiantor,
1616 3635 1731 3681 tum
1768 3629 1932 3683 etiam

360 3701 655 3758 triennium
688 3709 997 3765 exsulanto.
1034 3710 1137 3778 Qui
1171 3724 1458 3785 postquam
1487 3719 1767 3785 redierint,
1797 3735 1933 3774 uxor

361 3808 389 3845 υ
427 3792 578 3859 viro,
607 3795 693 3850 vir
722 3798 791 3852 ab
819 3815 990 3856 uxore
1022 3803 1321 3875 sejungitor
1342 3848 1356 3874 ,
1385 3823 1485 3862 nec
1517 3810 1654 3865 ullos
1698 3811 1933 3880 amplius

356 3901 423 3939 ex
454 3903 576 3942 sese
638 3901 828 3945 mutuo
849 3892 1046 3949 liberos
1073 3897 1431 3966 suscipiunto.
1462 3919 1481 3951 ι
1510 3901 1675 3955 Addit
1708 3911 1932 3972 praeter-

357 3996 419 4032 ea
459 4000 471 4034 :
513 4000 531 4032 ι
553 3980 610 4035 Si
637 3983 719 4037 vir
747 4001 995 4052 uxorem,
1025 4001 1119 4043 aut
1149 3990 1325 4044 virum
1358 3994 1497 4047 uxor
1522 3994 1598 4048 ira
1630 3997 1925 4060 necaverit,

359 4074 531 4129 sacris
559 4074 1145 4147 iisdem'piaeularibus
1171 4095 1553 4153 procurantor,
1580 4088 1709 4142 etin
1732 4090 1926 4145 exsilio

353 4165 651 4220 triennium
681 4167 960 4239 exigunto.
992 4171 1127 4227 Cum
1153 4184 1336 4230 autem
1378 4178 1676 4245 redierint,
1731 4197 1831 4236 nec
1870 4184 1924 4236 in

355 4272 639 4313 sacrorum
667 4302 682 4325 ,
730 4277 831 4316 nec
873 4263 928 4317 in
977 4280 1178 4352 mensa:
1217 4273 1657 4333 communionem
1692 4276 1926 4346 amplius

353 4364 476 4402 cum
508 4348 696 4406 liberis
726 4353 1006 4410 veniunto.
1044 4348 1098 4409 Si
1133 4359 1356 4414 fratrem
1386 4364 1469 4415 vel
1496 4379 1740 4419 sororem
1764 4408 1779 4431 ,
1816 4370 1926 4423 fra-

354 4450 435 4492 ter
462 4454 555 4495 aut
580 4457 738 4498 soror
770 4444 854 4499 ira
885 4450 1179 4517 necaverit,
1207 4453 1460 4522 expiandi
1494 4455 1681 4522 ritum,
1712 4460 1920 4514 exsilii-

2053 4446 2191 4517 ερῶν
2234 4447 2307 4519 μὴ
2349 4446 2692 4513 κοινωνείτω,
2745 4447 2878 4519 μηδὲ
2914 4446 3285 4518 ὁμοτράπεζος
3336 4448 3609 4516 γιγνέσθω

312 4550 315 4553 π
350 4548 457 4601 que
481 4543 693 4604 tempus
720 4538 865 4605 quod
912 4541 1141 4608 attinet,
1184 4560 1307 4614 quae
1348 4547 1460 4616 jam
1509 4547 1576 4603 de
1606 4553 1921 4620 parentibus

2053 4537 2178 4591 ιοτέ.
2203 4538 2312 4591 Καὶ
2339 4537 2432 4590 ἐὰν
2456 4538 2680 4607 ἀδελφὸς
2693 4538 2804 4610 (88)
2824 4538 3070 4608 ἀδελφὸν,
3089 4539 3121 4609 ἦ
3138 4538 3370 4609 ἀδελφὴν
3404 4538 3607 4610 ἀδελφὴ

349 4644 412 4705 ac
459 4627 642 4683 liberis
694 4630 1017 4699 statuimus,
1050 4635 1237 4690 eadem
1290 4638 1505 4694 illorum
1551 4652 1644 4696 aut
1689 4643 1921 4700 fratrum

2059 4628 2181 4699 υμῷ
2207 4630 2413 4702 κτείνῃ,
2455 4630 2523 4684 τὰ
2554 4631 2652 4701 μὲν
2683 4631 2789 4685 τῶν
2820 4629 3119 4702 καθαρμῶν
3153 4631 3247 4684 καὶ
3276 4632 3607 4702 ἀπενιαυτή-

346 4728 441 4773 aut
475 4731 760 4789 parentum
790 4739 957 4780 causa
984 4730 1336 4793 sanciuntor,
1363 4748 1502 4801 quos
1536 4745 1630 4787 aut
1661 4735 1921 4793 fratribus

2053 4736 2182 4786 ἐων,
2209 4720 2457 4791 καθάπερ
2478 4720 2692 4793 εἴρηται
2710 4723 2820 4784 τοῖς
2843 4721 3061 4789 γονεῦσι
3076 4722 3169 4776 καὶ
3193 4724 3306 4784 τοῖς
3335 4722 3603 4790 ἐγγόνοις,

344 4819 439 4865 aut
472 4812 658 4870 liberis
682 4817 975 4873 orbaverit.
1005 4819 1191 4876 Eidem
1220 4826 1602 4882 communibus
1636 4843 1758 4882 cum
1783 4830 1918 4899 ipsis

2055 4813 2257 4884 ἰρήσθω
2286 4814 2394 4868 δεῖν
2421 4814 2702 4884 γίγνεσθαι
2733 4816 2827 4869 καὶ⁸
2859 4816 3093 4879 τούτοις,
3126 4808 3201 4869 ὧν
3239 4814 3511 4885 ἀδελφούς
3542 4832 3604 4869 τε

340 4907 428 4962 vel
460 4909 666 4966 laribus
698 4916 783 4967 vel
808 4916 981 4971 sacris
1031 4917 1108 4971 uti
1149 4919 1302 4976 nefas
1327 4930 1466 4977 esto.
1500 4921 1690 4979 Frater
1715 4926 1763 4980 si
1806 4925 1919 4982 fra-

2053 4906 2301 4975 δελφῶν,
2343 4908 2438 4961 καὶ
2482 4907 2676 4976 γονέας
2709 4908 2972 4980 ἐστέρηκε
3018 4907 3257 4962 παίδων·
3302 4907 3516 4972 τούτοις
3547 4908 3604 4961 δὲ

344 5009 522 5066 trem,
577 5015 764 5060 coorta
816 5006 872 5060 in
923 5009 1188 5065 seditione
1241 5026 1454 5083 pugna,
1515 5016 1689 5072 aliove
1752 5018 1917 5074 simili

2057 4999 2293 5063 υνέστιος
2315 5002 2498 5063 αὐτοῖς
2525 5001 2685 5063 αὐτὸς
2707 5000 2977 5071 μηδέποτε
3005 4998 3297 5068 γιγνέσθω,
3329 4999 3467 5070 μηδὲ
3490 5017 3603 5053 κοι-

345 5093 543 5160 modo,
578 5096 708 5150 dum
739 5098 847 5152 vim
873 5098 1193 5157 inferentem
1237 5105 1291 5158 vi
1335 5108 1578 5177 repellit,
1619 5110 1910 5178 occiderit,

2053 5090 2186 5154 ωνὸς
2218 5090 2399 5161 ἱερῶν.
2435 5090 2690 5159 Ἀδελφὸς
2720 5090 2830 5162 (89)
2855 5091 2913 5144 δὲ
2945 5090 3040 5143 ἐὰν
3075 5089 3300 5159 ἀδελφὸν
3323 5089 3513 5162 κτείνῃ
3543 5092 3602 5142 ἐν

306 5220 313 5223 ι
344 5185 565 5252 perinde
590 5203 654 5242 ac
679 5188 727 5243 si
756 5189 968 5246 hostem
995 5194 1291 5251 occidisset
1315 5238 1330 5262 ,
1374 5198 1689 5255 absolvitor.
1740 5201 1915 5259 Idem-

2053 5182 2242 5234 τάσεσι
2267 5223 2282 5246 ,
2333 5183 2513 5254 μάχης
2556 5182 2886 5253 γενομένης,
2938 5182 2972 5252 ἢ
3002 5199 3108 5234 τινι
3150 5180 3377 5252 τοιούτῳ
3408 5182 3598 5252 τρόπῳ

341 5290 448 5342 que
470 5276 739 5347 judicium
765 5290 882 5336 esto
928 5282 996 5337 de
1020 5284 1138 5340 cive
1159 5286 1252 5354 qui
1285 5289 1481 5354 civem,
1532 5290 1599 5345 de
1627 5293 1915 5363 peregrino

2057 5274 2352 5343 μυνόμενος
2392 5274 2630 5345 ἄρχοντα
2656 5274 2854 5345 χειρῶν
2887 5273 3181 5344 πρότερον,
3213 5271 3467 5344 καθάπερ
3499 5290 3597 5325 πο-

340 5367 432 5432 qui
463 5371 809 5440 peregrinum
841 5373 1090 5430 similiter
1120 5376 1397 5433 occiderit.
1429 5378 1579 5444 lmo,
1619 5381 1665 5435 si
1703 5361 1788 5437 vel
1837 5383 1915 5438 ci-

2053 5364 2200 5434 έμιον
2228 5363 2574 5427 ἀποκτείνας,
2620 5363 2760 5417 ἔστω
2798 5362 3052 5427 καθαρός.
3095 5363 3203 5415 Καὶ
3234 5361 3328 5416 ὲάν
3368 5362 3597 5436 πολίτης

564 5526 625 5605 ’ξο
646 5544 709 5605 3t
735 5527 787 5579 δ’
813 5528 907 5605 ίξις.
946 5530 1096 5605 Plato
1128 5532 1219 5586 lib.
1257 5550 1307 5587 ιι
1336 5533 1459 5605 Leg.
1490 5536 1664 5591 initio.

351 5661 381 5679 ﬁ
559 5595 794 5679 Acutior:
822 5598 908 5652 δέ.
947 5601 1246 5679 ΙιΙριιι-ηιξιιι..
1274 5622 1324 5657 ιτ
1360 5594 1504 5675 ιὲῃ.,
1549 5624 1669 5679 pag.
1707 5609 1810 5662 657
1843 5610 1908 5666 G.

343 5665 883 5739 θ’ξιιρςιξ-Ῑιιιιξριιιιζὶίηιδ
919 5688 1037 5739 pag.
1072 5674 1178 5725 656
1209 5675 1251 5727 ϐ
1284 5665 1560 5732 δίλιῑιιένξιιί

412 5731 520 5804 (8η
577 5731 709 5788 Ἐὰν
737 5737 823 5802 δὲ,
846 5738 875 5791 ὃ
904 5731 1183 5810 γίγῗετιιί.
1212 5744 1354 5801 ldcm
1385 5748 1536 5813 ibid,
1564 5765 1684 5821 pag.
1706 5750 1810 5805 658
1842 5757 1905 5805 Α.

2085 5538 2197 5606 (88)
2251 5539 2385 5593 Ἐὰν
2423 5541 2706 5610 ἀδελφός.
2757 5540 2913 5594 Plato
2962 5540 3331 5602 enucleatius,
3385 5542 3481 5595 καὶ
3526 5540 3594 5596 ἂν

2012 5610 2236 5685 άδελφδς
2262 5610 2487 5685 ἀδελφὸν
2510 5652 2523 5675 ,
2645 5611 2910 5682 ἀδελφήν
2948 5612 2980 5681 ἣ
3016 5610 3216 5680 ἀδελφὴ
3249 5610 3515 5681 ἀδελφὺν,
3556 5611 3593 5685 ἢ

2012 5680 2433 5753 ἀδελφὴνέθυμῷ
2458 5680 2663 5753 κτείνῃ.

2081 5751 2200 5821 (89)
2256 5751 2552 5819 Ἀδελφός.
2585 5749 2729 5808 idem
2763 5751 2915 5817 ibid.,
2943 5768 3066 5823 pag.
3095 5752 3198 5807 658
3230 5749 3295 5806 Ι).
