3872 6368
294 370 425 424 ῐΙἾἹ

1415 368 1734 424 ΡῐὶίΕΡΑΙί.
1782 369 2032 423 ΕνΑΝθ.
2078 369 2202 422 LIB.
2233 368 2369 423 XIII.

3401 364 3533 418 “78

291 488 532 557 πολίτην,
558 487 836 550 ὡσαύτως,
862 486 894 556 ἢ
915 486 1060 550 ξένος
1082 484 1248 550 ξένον.
1282 488 1405 540 Ἐὰν
1427 490 1482 540 δὲ
1507 489 1668 540 ἀστὸν
1695 489 1841 552 ξένος

1973 506 2086 541 vein
2115 489 2430 557 peregrinus
2453 529 2466 549 ,
2499 486 2581 539 vel
2615 484 2957 554 peregrinum
2991 482 3161 547 civis,
3215 483 3297 534 vel
3344 498 3560 535 servus-

289 581 318 651 ἦ
349 579 494 643 ξένον
518 579 680 640 ἀστὸς
706 577 1039 646 ἀμυνόμενος
1060 579 1264 650 κτείνῃ,
1297 579 1437 631 κατὰ
1458 580 1525 632 τὰ
1555 581 1697 634 αύτά
1719 581 1859 632 ἔστω

289 671 376 722 τοῦ
395 670 630 741 καθαρὸς
657 664 812 721 εἶναι.
850 669 958 720 Καὶ
986 669 1082 720 ἐὰν
1101 669 1285 732 δοῦλος
1315 670 1498 723 δοῦλον
1519 713 1534 736 ,
1575 671 1854 741 ὡσαύτως.

295 763 421 814 Ἐὰν
458 763 512 814 δὲ
547 757 612 814 αὖ
635 760 816 822 δοῦλος
854 759 1136 830 ἐλεύθερον
1167 761 1506 830 ἀμυνόμενος
1538 763 1855 832 ἀποκτείνῃ,

285 854 534 923 καθάπερ
561 856 588 906 ό
615 853 826 914 κτείνας
874 852 1102 922 πατέρα,
1130 857 1237 916 τοῖς
1275 854 1455 916 αὐτοῖς
1498 853 1678 923 ἔνοχος
1720 853 1859 905 ἔστω

284 947 490 1016 νόμοις.
534 949 629 1007 Ὃς
661 945 724 998 ἂν
755 947 818 997 ὲκ
851 945 1106 1014 προνοίας
1141 944 1249 1014 (90)
1286 962 1345 996 τε
1385 946 1476 997 καὶ
1502 945 1700 1007 ἀδίκως
1724 945 1860 996 ὁντι-

283 1038 443 1090 ναοῦν
466 1037 571 1090 τῶν
598 1037 873 1104 ἐμφυλίων
893 1036 1146 1107 αὐτόχειρ
1164 1036 1370 1109 κτείνῃ,
1395 1037 1607 1108 πρῶτον
1632 1039 1728 1108 μὲν
1751 1040 1858 1092 τῶν

282 1130 526 1198 νομίμων
572 1126 862 1198 εἰργέσθω,
897 1128 1033 1196 μήτε
1073 1127 1307 1196 ἀγορὰν,
1354 1129 1489 1197 μήτε
1531 1129 1676 1198 ἱερὰ,
1720 1130 1856 1200 μήτε

281 1219 535 1289 λιμένας,
572 1221 706 1288 μήτε
740 1217 895 1271 ἄλλον
929 1217 1047 1269 τινὰ
1085 1216 1336 1284 σύλλογον
1376 1217 1576 1288 μηδένα
1609 1220 1854 1287 μιαίνων·

280 1311 376 1362 έάν
405 1311 463 1362 τέ
497 1327 576 1372 τις
598 1308 916 1380 ἀπαγορεύῃ
941 1308 1016 1378 τῷ
1044 1308 1301 1378 δράσαντι
1330 1308 1501 1360 ταῦτα
1532 1309 1852 1379 ἀνθρώπων,

281 1401 376 1451 καὶ
403 1399 496 1451 ἐὰν
524 1400 619 1468 μή·
644 1400 672 1450 ὁ
702 1398 810 1468 γὰρ
845 1399 1005 1465 νόμος
1042 1397 1373 1468 ἀπαγορεύει
1413 1397 1546 1467 (91).
1581 1400 1638 1450 Ὀ
1677 1398 1732 1450 δὲ
1780 1399 1855 1470 μὴ

279 1488 532 1552 ἐπεξιὼν,
563 1488 701 1551 δέον,
735 1488 767 1559 ἢ
795 1488 868 1558 μὴ
896 1488 1300 1558 προαγορεύων,
1331 1487 1597 1557 εἰργέσθω
1621 1488 1728 1558 (92)
1747 1488 1855 1541 τῶν

280 1579 431 1641 ἐντὸς
465 1578 829 1648 ἀνεψιότητος·
867 1579 928 1631 τὸ
964 1579 1017 1631 δὲ
1051 1578 1298 1650 δεύτερον
1322 1618 1336 1640 ,
1381 1579 1630 1641 ὑπόδικος
1658 1578 1734 1649 τῷ
1764 1577 1852 1631 θέο

277 1669 426 1722 λοντι
461 1673 721 1740 τιμωρεῖν
774 1670 912 1740 ὑπὲρ
953 1669 1047 1722 τοῦ
1100 1669 1516 1741 τελευτήσαντος
1561 1670 1852 1738 γιγνέσθω.

276 1761 421 1831 Γυνὴ
452 1761 507 1814 δὲ
539 1761 705 1833 ἀνδρα
748 1762 944 1831 ἑαυτῆς
973 1762 1031 1826 ἐξ
1058 1764 1347 1832 ἐπιϐουλῆς
1389 1763 1479 1816 τοῦ
1535 1765 1851 1818 ἀποκτεῖναι

1965 594 2222 642 servum,
2249 579 2353 629 vim
2391 576 2439 629 vi
2491 576 2795 646 repellendo
2830 575 3142 638 necaverit,
3188 575 3376 627 eodem
3411 573 3564 658 jure.

1962 670 2278 722 absolvitor.
2305 667 2405 732 Qui
2455 682 2583 719 vero
2627 682 2814 719 servus
2854 665 3082 717 liberum
3113 703 3127 724 ,
3171 665 3278 716 vim
3324 664 3447 716 licet
3482 665 3531 714 vi
3557 665 3568 713 '.

1963 753 2250 820 repellens,
2276 750 2554 813 occiderit,
2581 750 2769 801 iisdem
2797 749 2996 816 quibus
3022 748 3289 816 parricida
3322 748 3560 817 legibus

1964 853 2190 896 tenetor.
2222 841 2323 906 Qui
2372 841 2711 910 popularium
2757 855 2982 892 suorum
3026 839 3361 909 quemlibet,
3402 855 3502 907 pru

1960 935 2093 988 dens
2154 943 2208 986 et
2270 933 2466 1001 injuste
2520 947 2682 984 manu
2734 946 2832 984 sua
2895 931 3206 992 necaverit;
3263 929 3530 998 principio

1959 1025 2234 1081 communi
2267 1025 2466 1078 civium
2502 1023 2626 1092 jure
2655 1023 2912 1090 privator,
2940 1021 3017 1073 uti
3049 1037 3115 1073 ne
3149 1019 3324 1074 forum
3348 1059 3364 1082 ,
3391 1031 3523 1074 tem-

1958 1119 2076 1186 pla,
2103 1125 2288 1184 portus
2315 1156 2331 1180 ,
2365 1123 2458 1166 aut
2497 1113 2661 1166 alium
2707 1113 3002 1181 quemlibet
3037 1123 3366 1165 conventum
3409 1113 3526 1180 pol-
3569 1100 3580 1116 ’

1960 1210 2100 1270 luat;
2136 1208 2296 1275 idque
2320 1221 2415 1260 seu
2449 1204 2572 1273 quis
2605 1204 2891 1256 homicidae
2920 1203 3068 1256 aditu
3093 1202 3400 1265 interdicat,
3432 1219 3532 1255 seu.

1957 1316 2149 1354 uerno:
2199 1301 2280 1352 lex
2337 1299 2481 1352 enim
2531 1312 2625 1366 per
2682 1311 2800 1348 sese
2839 1295 3130 1348 interdicit.
3186 1293 3289 1360 Qui
3347 1304 3533 1348 autem

1955 1408 2079 1446 eum
2111 1407 2218 1445 non
2249 1399 2604 1460 persequetur
2627 1426 2641 1449 ,
2682 1402 2805 1440 cum
2843 1397 3020 1440 tamen
3052 1386 3101 1439 id
3147 1385 3400 1449 deberet,
3434 1402 3527 1438 ne-

1955 1499 2060 1554 que
2102 1485 2205 1538 hoc
2241 1483 2291 1535 ei
2353 1480 2726 1541 denuntiabit,
2772 1477 3095 1547 cognatione
3154 1492 3253 1530 sua
3302 1477 3534 1544 ipsemet

1954 1575 2280 1630 excluditor:
2329 1571 2554 1637 deinde,
2614 1571 2864 1640 quisquis
2931 1568 3276 1622 interfectum
3337 1568 3525 1622 ulcisci

1953 1666 2134 1731 volet,
2170 1664 2219 1718 ei
2252 1679 2405 1717 reum
2437 1663 2591 1716 illum
2621 1677 2780 1731 agere
2807 1660 2887 1714 fas
2917 1671 3054 1714 esto.
3107 1660 3164 1714 Si
3214 1671 3309 1713 aut
3347 1661 3525 1714 virum

1956 1771 2113 1820 uxor,
2149 1764 2244 1809 aut
2269 1755 2350 1807 vir
2379 1768 2632 1815 uxorem,
2661 1752 3013 1806 interﬁciendi
3042 1751 3245 1815 animo,
3274 1751 3524 1804 vulnera-

274 1847 533 1918 τρώσασα
552 1887 566 1912 ,
598 1847 630 1918 ἢ
654 1849 792 1918 ἀνὴρ
818 1849 914 1919 τὴν
959 1849 1158 1920 ἑαυτῆς
1190 1855 1438 1919 γυναῖκα,
1470 1854 1714 1922 φευγέτω
1741 1856 1842 1908 ἀει‹

1955 1847 2060 1909 rit,
2091 1854 2409 1916 perpetuum
2438 1843 2706 1897 exsulato.
2732 1861 2750 1892 ι
2802 1841 3078 1910 Ejusmodi
3126 1851 3253 1894 sunt
3284 1841 3524 1910 philoso-

275 1939 532 2008 φυγίαν.»
577 1940 820 1993 Τοιοῦτοι
859 1943 956 2011 μὲν
992 1943 1038 1993 οἰ
1072 1942 1164 1994 τοῦ
1202 1943 1486 2012 φιλοσόφου
1514 1945 1767 2015 νόμοι.Εἰ
1793 1947 1849 2000 δὲ

274 2030 380 2100 χρὴ
416 2031 506 2083 καὶ
552 2033 676 2094 τοὺς
714 2033 952 2096 Μωσέως
983 2033 1187 2096 τούτοις
1232 2036 1710 2106 ἀντιπαραϐαλεῖν,
1749 2039 1847 2090 επ-

271 2120 503 2174 ἀκουσον
521 2115 608 2173 οἷα
634 2121 760 2190 περὶ
781 2121 888 2174 τῶν
915 2123 1146 2190 φονικῶν
1175 2124 1537 2178 διατάττεται.
1559 2145 1576 2175 ι
1610 2128 1732 2180 Ἐὰν
1755 2145 1851 2180 πα-

270 2209 408 2282 τάξῃ
446 2208 527 2272 τίς
555 2227 696 2272 τινα,
728 2212 820 2263 καὶ
842 2211 1105 2284 ἀποθάνῃ,
1138 2214 1352 2287 θανάτῳ
1382 2216 1748 2271 θανατούσθω.
1787 2221 1848 2272 Εἰ

301 2299 328 2350 ὲ
361 2299 457 2368 ούχ
487 2301 649 2366 ἑκὼν,
693 2301 808 2353 ἀλλ’
836 2305 862 2355 6
891 2303 1021 2366 Θεὸς
1063 2306 1375 2376 παρέδωκεν
1423 2311 1502 2372 εἰς
1526 2311 1622 2373 τὰς
1663 2315 1848 2382 χεῖρας

270 2391 458 2454 αὐτοῦ,
480 2389 636 2443 δώσω
670 2409 752 2444 σοι
784 2394 946 2446 τόπον
980 2389 1039 2448 οὗ
1071 2397 1325 2463 φεύξεται
1363 2401 1479 2452 ἐκεῖ
1505 2402 1533 2452 6
1563 2402 1844 2469 φονεύσας.

281 2483 407 2534 Ἐαν
431 2481 497 2533 δὲ’
527 2482 782 2554 ἐπίθηταί
809 2501 891 2546 τις
918 2483 995 2554 τῷ
1027 2485 1253 2557 πλησίον
1290 2490 1454 2542 αὑτοῦ
1475 2531 1489 2554 ,
1536 2492 1848 2546 ἀποκτεῖναι

267 2572 431 2625 αὑτὸν
487 2573 642 2642 δόλῳ,
691 2575 786 2625 καὶ
821 2575 1110 2649 καταφύγῃ
1134 2616 1148 2640 ,
1183 2578 1288 2630 ἀπὸ
1328 2579 1420 2632 τού
1467 2581 1846 2654 θυσιαστηρίου

268 2679 373 2731 μου
403 2661 545 2734 λήψῃ
579 2663 739 2716 αὑτὸν
783 2663 1114 2719 θανατῶσαι.
1150 2669 1245 2730 Ὃς
1286 2669 1474 2722 τύπτει
1520 2671 1728 2742 πατέρα
1753 2673 1849 2724 αύ-

261 2751 383 2818 τοῦ,
415 2754 448 2824 ἢ
493 2755 705 2826 μητέρα
737 2757 900 2808 αὑτοῦ
923 2797 937 2821 ,
967 2757 1183 2829 θανάτῳ
1222 2758 1587 2814 θανατούσθω.
1639 2763 1761 2816 Ἐὰν
1791 2765 1846 2816 δὲ

262 2843 611 2914 λοιδορῶνται
640 2846 731 2899 δύο
765 2848 972 2918 ἄνδρες,
1004 2851 1097 2902 καὶ
1138 2851 1351 2921 πατάξῃ
1382 2869 1464 2914 τις
1495 2853 1584 2905 τὸν
1622 2854 1848 2925 πλησίον

263 2934 431 2986 αὐτοῦ
453 2935 586 3006 λίθῳ
617 2937 649 3005 ἢ
683 2942 900 3008 πυγμῇ,
935 2940 1028 2992 καὶ
1059 2939 1132 3011 μὴ
1161 2940 1426 3012 ἀποθάνῃ,
1471 2943 1769 3013 κατακλιθῇ
1790 2944 1845 2996 δὲ

262 3028 358 3080 ἐπὶ
378 3028 473 3099 τὴν
493 3029 697 3100 κοίτην,
713 3031 805 3083 ἐὰν
829 3032 1128 3096 ἐξαναστὰς
1149 3035 1176 3086 6
1194 3034 1478 3105 ἀνθρωπος
1499 3039 1844 3108 περιπατήσῃ

263 3119 370 3185 ἔξω
393 3123 484 3173 ἐπὶ
517 3122 709 3192 ῥάϐδου
743 3123 928 3188 αὐτοῦ,
961 3125 1134 3189 ἁθῶος
1164 3127 1304 3179 ἔστω
1336 3129 1363 3180 6
1405 3128 1668 3194 πατάξας
1707 3128 1844 3199 πλὴν

260 3213 366 3282 τῆς
381 3214 576 3283 ἀργίας
610 3215 770 3266 αύτοῦ
812 3215 1088 3281 ἀποτίσει,
1132 3221 1224 3272 καὶ
1248 3220 1315 3273 τὰ
1345 3223 1572 3291 ἰατρεῖα.
1636 3220 1761 3274 Ἐὰν
1788 3221 1843 3273 δὲ

261 3303 480 3376 πατάξῃ
506 3322 588 3365 τις
620 3304 708 3356 τὸν
735 3307 896 3358 παῖδα
924 3309 1086 3360 αὐτοῦ
1114 3350 1127 3372 ,
1157 3311 1189 3380 ἢ
1227 3311 1323 3381 τὴν
1368 3313 1654 3383 παιδίσκην
1687 3313 1846 3366 αὑτοῦ

262 3394 463 3467 ῥάϐδῳ,
494 3399 585 3450 καὶ
609 3397 852 3471 ἀποθάνῃ
896 3400 1000 3452 ὑπὸ
1040 3402 1136 3464 τὰς
1176 3406 1361 3474 χεῖρας
1391 3406 1576 3469 αὑτοῦ,
1605 3407 1729 3477 δίκη
1760 3410 1848 3460 ὲκ-

257 3491 633 3561 δικηθήσεται.
686 3493 814 3546 Ἐὰν
855 3494 910 3546 δὲ
956 3495 1167 3566 πατάξῃ
1196 3514 1278 3559 τις
1315 3497 1406 3550 τὸν
1445 3499 1720 3570 ὀφθαλμὸν
1754 3501 1844 3553 τοῦ

257 3585 554 3656 οίκέτου,ἢ
588 3586 680 3638 τὸν
700 3586 973 3656 ὀφθαλμόν
1007 3587 1107 3656 τῆς
1151 3587 1488 3660 θεραπαίνης
1529 3593 1715 3657 αὑτοῦ,
1754 3598 1846 3650 καὶ

258 3676 584 3747 ὲκτυφλώσῃ
637 3679 817 3742 αὐτὸν,
867 3679 1182 3749 ἐλευθέρους
1237 3679 1587 3745 ἐξαποστελεί
1625 3685 1842 3749 αὐτοὺς,

256 3768 380 3820 ἀντὶ
407 3767 502 3820 τοῦ
543 3769 819 3839 ὀφθαλμοῦ
851 3771 1048 3827 αὐτῶν.
1089 3790 1107 3822 ι
1138 3772 1376 3826 Τοιαῦτα
1407 3774 1470 3844 δὴ
1502 3775 1593 3827 καὶ
1626 3775 1691 3827 τὰ
1718 3778 1845 3828 Μω-

258 3859 418 3923 σέως.
451 3857 614 3923 Αὖθις
647 3861 702 3914 δὲ
727 3865 755 3914 6
784 3863 1006 3917 Πλάτων
1038 3863 1158 3916 τινὰ
1196 3865 1425 3935 τρόπον,
1460 3867 1553 3918 καὶ
1577 3865 1642 3918 δι’
1687 3869 1842 3919 ὁποῖα

259 3951 497 4023 πληγαῖς
513 3953 906 4022 ἀπαραιτήτοις
922 3953 1225 4016 αἰκίζεσθαι
1237 3955 1328 4010 τὸν
1348 3956 1563 4026 οἰκέτην
1581 3958 1844 4028 προστάτ-

254 4059 361 4102 τει,
391 4043 712 4095 ἐπάκουσον.
760 4061 778 4093 1
813 4043 980 4095 Ὅταν
1017 4043 1114 4114 τὴν
1148 4046 1398 4113 γενναίαν
1435 4048 1544 4117 (95)
1567 4047 1661 4100 νῦν
1691 4049 1842 4117 λεγο-

258 4133 430 4205 μένην
462 4134 758 4205 σταφυλὴν,
793 4135 825 4206 ἢ
858 4136 926 4188 τὰ
970 4140 1190 4203 γενναῖα
1220 4137 1360 4191 σῦκα
1401 4140 1841 4211 ἐπονομαζόμενα

252 4225 545 4297 ὀπωρίζειν
564 4225 834 4298 βούληται,
864 4227 956 4280 ἐὰν
977 4229 1076 4297 μὲν
1096 4230 1159 4281 ὲκ
1191 4229 1298 4282 τῶν
1320 4231 1532 4284 οἰκείων
1556 4233 1835 4304 λαμϐάνῃ,

252 4318 404 4380 ὅπως
429 4317 495 4372 ἂν
528 4317 686 4391 ἐθέλῃ
717 4319 812 4370 καὶ
834 4319 1033 4372 ὁπόταν
1068 4319 1344 4390 βούληται,
1371 4323 1719 4393 καρπούσθω·
1745 4324 1838 4378 ἐὰν

255 4409 310 4462 δὲ
349 4409 410 4473 ἐξ
447 4409 619 4464 ἄλλων
655 4410 728 4482 μὴ
757 4412 977 4471 πείσας,
1009 4413 1290 4482 ἑπομένως
1323 4413 1402 4483 τῷ
1434 4415 1574 4485 λόγῳ
1602 4416 1732 4487 (94),
1761 4417 1837 4487 τῷ

1952 1938 2043 2007 plii
2080 1939 2244 2006 leges.
2299 1935 2458 2005 713
2502 1935 2836 2001 Quibuscum
2889 1935 2934 1986 si
2969 1931 3237 1986 Mosaieas
3273 1933 3524 1987 conferre

1951 2030 2084 2083 velis
2106 2069 2120 2092 ,
2153 2029 2276 2081 audi
2312 2038 2366 2080 tu
2400 2044 2594 2096 porro,
2629 2027 2757 2095 quid
2788 2026 2854 2080 de
2908 2025 3146 2080 caedibus
3189 2026 3292 2080 illa:
3323 2033 3524 2080 statue-

1952 2121 2080 2173 rint.
2115 2139 2133 2169 ι
2161 2120 2215 2173 Si
2245 2119 2571 2188 percusserit
2600 2117 2723 2187 quis
2769 2118 2998 2171 alterum
3019 2156 3034 2181 ,
3084 2117 3238 2186 isque
3275 2126 3526 2170 mortuus

1951 2211 2145 2278 fuerit,
2182 2221 2356 2265 morte
2388 2211 2673 2265 moriatur.
2711 2208 2766 2263 Si
2795 2220 2974 2263 autem
3009 2226 3118 2263 non
3157 2211 3373 2276 volens,
3427 2212 3522 2264 sed

1950 2301 2093 2355 Deus
2125 2301 2407 2355 tradiderit
2440 2302 2495 2354 in
2527 2316 2721 2355 manus
2760 2301 2908 2370 ejus,
2944 2301 3273 2354 constituam
3311 2301 3406 2353 tibi
3438 2301 3522 2352 lo-

1950 2409 2072 2447 cum
2096 2433 2110 2457 ,
2141 2394 2192 2446 in
2218 2409 2378 2462 quem
2409 2393 2594 2462 fugere
2623 2393 2813 2446 debeat
2853 2393 2947 2462 qui
2982 2393 3260 2446 occiderit.
3308 2391 3363 2444 Si
3397 2395 3522 2461 quis

1949 2497 2128 2539 autem
2159 2486 2447 2540 insidiatus
2477 2485 2642 2538 fuerit
2687 2486 2934 2554 proximo
2963 2502 3062 2539 suo
3083 2526 3097 2551 ,
3143 2495 3200 2538 ut
3239 2485 3523 2539 interficiat

1949 2579 2125 2645 ipsum
2167 2577 2327 2642 dolo,
2370 2586 2423 2630 et
2477 2576 2816 2645 confugerit,
2869 2577 2936 2629 ab
2985 2577 3140 2629 altari
3185 2592 3304 2630 meo
3348 2577 3522 2644 rapies

1949 2670 2172 2737 ipsum,
2213 2678 2272 2720 ut
2323 2678 2495 2721 morte
2534 2667 2753 2720 allicias.
2805 2667 2908 2731 Qui
2968 2668 3267 2720 verberarit
3315 2678 3519 2734 patrem

1948 2776 2129 2823 suum,
2163 2770 2254 2813 aut
2285 2769 2513 2813 matrem
2548 2775 2724 2824 suam,
2755 2768 2926 2811 morte
2951 2759 3236 2812 moriatur.
3271 2759 3326 2810 Si
3361 2759 3520 2812 rixati

1948 2853 2147 2906 fuerint
2186 2852 2295 2905 duo
2343 2852 2479 2914 viri,
2541 2860 2594 2905 et
2651 2852 2979 2919 percusserit
3039 2849 3174 2903 alter
3213 2851 3518 2918 proximum

1948 2960 2130 3009 suum,
2163 2944 2339 3012 lapide
2369 2943 2450 2996 vel
2483 2958 2684 3012 pugno,
2718 2952 2770 2996 et
2795 2943 2884 2995 ille
2907 2951 3159 2995 mortuus
3192 2959 3296 2994 non
3333 2942 3520 3008 fuerit,

1949 3038 2040 3091 sed
2069 3036 2300 3106 jacuerit
2329 3036 2382 3088 in
2410 3035 2642 3098 lectulo;
2675 3034 2719 3088 si
2751 3035 3049 3088 surrexerit
3076 3075 3091 3100 ,
3125 3043 3176 3087 et
3205 3035 3521 3087 ambulave-

1949 3129 2018 3180 rit
2055 3126 2186 3180 foris
2236 3141 2398 3194 super
2437 3125 2687 3179 baculum
2735 3139 2936 3190 suum;
2977 3125 3238 3177 innocens
3272 3134 3388 3176 esto
3428 3124 3518 3191 qui

1953 3218 2314 3287 percusserit:
2341 3218 2414 3271 ita
2438 3228 2616 3270 tamen
2649 3225 2704 3269 ut
2735 3217 3057 3269 cessationis
3087 3215 3516 3291 suaedispendia,

1950 3317 2003 3364 et
2033 3310 2306 3378 impensas
2332 3308 2386 3360 in
2415 3307 2951 3362 medicosrestituat.
2983 3307 3042 3359 Si
3078 3307 3201 3374 quis
3237 3323 3518 3373 percusse-

1948 3402 2018 3455 rit
2065 3417 2282 3455 servum
2339 3417 2534 3464 suum,
2588 3401 2670 3453 vel
2719 3399 2971 3453 ancillam
3019 3415 3171 3452 suam
3221 3402 3405 3466 virga,
3469 3408 3518 3450 et

1949 3493 2148 3547 mortui
2176 3492 2376 3548 fuerint
2405 3493 2460 3545 in
2487 3493 2741 3546 manibus
2774 3491 2892 3560 ejus
2919 3532 2932 3557 ,
2965 3490 3210 3544 criminis
3240 3505 3362 3542 reus
3394 3488 3516 3542 erit.

1949 3585 2006 3640 Si
2040 3597 2219 3640 autem
2265 3587 2594 3655 percusserit
2637 3583 2909 3653 quispiam
2953 3583 3169 3636 oculum
3217 3582 3357 3635 servi
3399 3581 3516 3644 sui,

1947 3686 2041 3730 aut
2066 3676 2284 3731 oculum
2313 3675 2522 3730 ancilla:
2554 3692 2700 3738 suae,
2733 3685 2785 3728 et
2818 3674 3001 3727 luscos
3033 3688 3125 3726 eos
3160 3671 3347 3726 fecerit
3375 3713 3388 3737 ,
3433 3673 3517 3725 di-

1946 3769 2123 3821 mittet
2153 3783 2247 3821 eos
2284 3767 2518 3830 liberos,
2555 3784 2650 3836 pro
2686 3768 2846 3822 oculo
2881 3783 3044 3836 quem
3094 3768 3225 3836 ipsis
3268 3767 3410 3820 eruit
3433 3768 3469 3819 '.
3495 3786 3513 3818 ι

1943 3863 2120 3929 Atque
2171 3860 2439 3928 ejusmodi
2480 3869 2605 3913 sunt
2647 3876 2768 3928 qua:
2816 3876 2842 3912 a
2885 3859 3032 3913 Mose
3079 3859 3514 3929 praescribuntur.

1944 3952 2082 4005 Audi
2115 3963 2369 4021 praeterea
2397 3995 2410 4017 ,
2445 3952 2904 4020 quemadmodum
2936 3968 3154 4014 servos,
3197 3960 3250 4005 et
3283 3969 3420 4019 quas
3449 3952 3516 4003 ob

1945 4059 2161 4109 causas,
2197 4046 2403 4114 absque
2441 4045 2547 4097 ulla
2575 4044 2746 4098 venia:
2773 4061 2868 4114 spe
2894 4045 3205 4098 verberibus
3237 4043 3514 4098 conscindi

1942 4137 2096 4192 Plato
2132 4139 2278 4192 velit.
2325 4158 2342 4188 ε
2373 4138 2474 4202 Qui
2510 4148 2604 4190 aut
2633 4153 2801 4201 uvas,
2844 4138 3052 4206 inquit,
3087 4153 3206 4206 quze
3241 4138 3398 4206 vulgo
3427 4153 3514 4206 ge-

1943 4244 2150 4282 nerosa:
2170 4228 2425 4281 dicuntur
2450 4269 2465 4294 ,
2499 4237 2594 4282 aut
2627 4228 2761 4282 licus
2793 4229 2946 4288 illas,
2993 4229 3192 4297 quibus
3234 4228 3374 4281 idem
3420 4244 3513 4280 no-

1942 4336 2100 4382 men,
2142 4320 2392 4389 colligere
2431 4319 2703 4380 voluerit,
2745 4319 2789 4372 si
2826 4335 2891 4372 ex
2934 4320 3050 4373 suis
3097 4320 3257 4372 modo
3297 4328 3512 4382 sumet,

1942 4411 2021 4466 uti
2052 4421 2105 4465 et
2138 4412 2354 4480 quando
2382 4410 2601 4464 libuerit
2629 4411 2829 4482 capite.
2867 4410 2958 4463 Sin
2985 4427 3047 4463 ex
3082 4409 3273 4463 alienis
3301 4451 3315 4475 ,
3343 4409 3513 4462 invito

258 4502 332 4572 μὴ
369 4507 537 4555 κινεῖν
581 4504 660 4556 ὃτι
717 4504 790 4573 μὴ
829 4504 1112 4567 κατέθετό,
1143 4506 1348 4570 ἐκεῖνος
1370 4507 1456 4558 ἀεὶ
1497 4506 1829 4578 ζημιούσθω.

1948 4502 2178 4566 lomino,
2209 4501 2522 4571 collegerit,
2559 4517 2624 4555 ex
2671 4501 2790 4570 ejus
2827 4502 2961 4571 legis
2991 4505 3304 4570 praescripto
3329 4544 3343 4568 ,
3393 4520 3513 4570 qua:

267 4594 392 4646 Ἐὰν
423 4595 480 4647 δὲ
508 4594 710 4657 δοῦλος,
733 4597 806 4666 μὴ
837 4596 1030 4659 πείσας
1055 4597 1147 4649 τὸν
1168 4597 1433 4667 δεσπότην
1460 4599 1566 4651 τῶν
1598 4599 1830 4668 χωρίων,

252 4683 493 4754 ἅπτηταί
525 4702 617 4736 του
649 4685 755 4737 τῶν
791 4685 1046 4739 τοιούτων
1066 4727 1080 4751 ,
1109 4687 1248 4740 κατά
1284 4689 1427 4757 ῥᾶγα
1457 4687 1696 4758 βοτρύων
1743 4690 1834 4742 καὶ

253 4773 418 4829 σῦκον
457 4778 645 4847 συκῆς,
691 4777 1006 4847 ἰσαρίθμους
1040 4778 1252 4849 πληγὰς
1291 4779 1498 4843 τούτοις
1547 4780 1831 4850 μαστιγού-

255 4865 386 4920 σθω.
427 4887 446 4918 ι
488 4868 722 4920 Τοιαῦτα
763 4869 860 4938 μὲν
905 4869 975 4921 τά
1024 4870 1167 4922 κατά
1216 4870 1405 4936 τῶνδε,
1432 4871 1530 4923 οὐκ
1565 4871 1689 4937 ἄξια
1731 4872 1827 4940 τῆς

254 4960 537 5022 Πλάτωνος
571 4960 938 5030 μεγαλονοίας.
975 4961 1062 5024 Ὠς
1081 4961 1136 5014 δὲ
1166 4964 1335 5033 σεμνά
1357 4965 1450 5016 καὶ
1471 4964 1826 5035 φιλάνθρωπα

345 5073 361 5103 ⁸
387 5071 559 5126 Exod.
594 5089 705 5135 ur,
738 5073 914 5127 λιτὶ-26.

321 5185 434 5253 (90)
479 5187 574 5250 Ὃς
603 5185 776 5257 ene»
816 5204 987 5252 :rpor.
1044 5191 1180 5242 Ante
1216 5190 1492 5257 legebatur
1525 5187 1604 5255 οἷς
1653 5193 1718 5246 ἂν
1766 5199 1827 5248 ἐκ

249 5273 432 5334 προνη
470 5257 561 5334 sed
593 5256 741 5334 nullo
763 5272 963 5334 sensu;
993 5258 1151 5311 Certe
1169 5256 1317 5334 apud
1352 5261 1626 5334 l’latonern
1655 5307 1668 5329 ,
1704 5276 1826 5334 post

249 5323 387 5376 ἔστω
408 5324 649 5402 Λνόμοις,
687 5327 866 5402 ἱξῑιιιιο
908 5323 987 5390 οἷς
1021 5337 1110 5382 aut
1165 5323 1227 5392 ὃς
1259 5346 1364 5402 non
1403 5323 1825 5402 sequiturs'sed

247 5407 369 5474 pag.
403 5392 509 5473 65*.)
531 5395 580 5474 ,Α
626 5393 684 5457 ὃς
717 5395 782 5448 ἂν
826 5398 888 5449 ὲκ
935 5415 1087 5468 προν.
1116 5440 1130 5463 ,
1165 5410 1222 5454 ut
1257 5401 1310 5455 in
1344 5418 1445 5456 ms.
1479 5392 1642 5472 'quod
1673 5420 1826 5461 nova:

253 5464 391 5533 legis
414 5464 638 5533 initium
670 5475 773 5521 est.

319 5531 431 5603 (91)
554 5532 662 5600 γὰρ
690 5537 870 5604 νόμος
894 5539 1264 5612 (ἰπᾳγορεύει.
1297 5539 1446 5612 Plato
1479 5541 1646 5602 addit,
1675 5545 1822 5612 quod

248 5602 591 5684 ὲμφατικιῦτε
603 5621 695 5684 ρον
717 5602 942 5684 εειηκαὶ
968 5602 1325 5684 ἀπαγορεύων
1352 5611 1490 5681 ὑπὲρ
1517 5602 1706 5684 πάσης
1723 5615 1824 5684 τῆς

249 5673 571 5748 πόλεωςᾉάεὶ
600 5674 844 5748 φαίνεταί
877 5694 936 5729 τε
963 5679 1055 5731 καὶ
1095 5673 1357 5748 φανεῖται.

302 5743 428 5822 ,(9⁵2)
459 5745 534 5822 :II
551 5742 638 5822 Iri)
676 5742 1117 5822 προαγορεύων,
1143 5750 1443 5822 εἰργέσθω.
1480 5751 1636 5806 Plato
1666 5753 1823 5822 longe

249 5811 420 5880 aliter,
457 5813 489 5884 ἢ
540 5813 615 5884 μὴ
650 5811 1033 5887 προαγορεύων
1063 5811 1340 5891 εἴργεσθαι
1374 5821 1480 5877 τῶν
1515 5822 1662 5888 ἐντὸς
1695 5811 1818 5877 ανξ-

1939 4609 2156 4648 movere
2202 4594 2322 4646 loco
2363 4602 2508 4646 vetat
2558 4593 2820 4663 quidquid
2877 4595 2948 4649 ibi
3001 4611 3106 4647 non
3162 4596 3508 4663 deposuerit,

1938 4687 2194 4740 mulctam
2225 4685 2510 4740 sustinete.
2542 4684 2699 4750 Quod
2732 4686 2777 4741 si
2807 4702 3000 4741 servus
3027 4686 3294 4755 ejusmodi
3339 4685 3467 4754 quid
3495 4725 3511 4749 ,

1939 4781 2107 4836 invito
2150 4781 2475 4849 praediorum
2505 4781 2730 4835 domino
2755 4823 2770 4847 ,
2823 4780 3098 4847 attigerit,
3153 4785 3287 4846 quot
3326 4776 3512 4831 acinos

1938 4877 2140 4930 licusve
2188 4876 2509 4941 sustulerit,
2554 4875 2774 4929 totidem
2810 4876 2991 4943 plagas
3033 4873 3285 4942 accipite.
3317 4890 3335 4922 ι
3387 4867 3512 4924 Ilaec

1937 4969 2081 5039 ipse,
2136 4969 2204 5022 ab
2247 4968 2337 5022 illa
2382 4967 2579 5022 mentis
2620 4983 2730 5022 sua:
2767 4966 3140 5036 magnitudine
3181 4981 3310 5019 sane
3347 4981 3509 5034 quam

1930 5193 2183 5263 ψιότητος
2208 5231 2222 5252 ,
2272 5192 2408 5262 πρὸς
2440 5192 2650 5263 ἀνδρῶν
2677 5209 2738 5244 τε
2771 5193 2863 5244 καὶ
2907 5190 3180 5259 γυναικῶν
3213 5191 3507 5263 προσήκων

2491 5261 2702 5334 πρῶτον
2741 5263 2838 5332 μὲν
2876 5263 2934 5314 τὸ
2970 5263 3181 5343 eam
3210 5261 3504 5343 είς.

1929 5329 2024 5386 καὶ
2066 5332 2164 5403 τὴν
2195 5329 2303 5385 τῶν
2341 5332 2478 5384 θεῶν
2521 5329 2715 5402 ἔχθραν
2743 5329 2992 5403 δέχοιτο,
3047 5329 3184 5403 ὼςμὴ
3216 5329 3311 5382 τοῦ
3343 5331 3506 5399 νόμου

1927 5404 2036 5475 ἀρὰ
2079 5401 2174 5474 τὴν
2217 5405 2405 5475 φήμην
2439 5404 2836 5526 προτρέπεται·
2870 5403 2928 5454 τὸ
2960 5402 3015 5454 δὲ
3053 5401 3324 5470 δεύτερον,
3375 5412 3504 5463 etc.;

1927 5491 2049 5526 nua:
2098 5475 2168 5526 ita
2219 5478 2521 5526 deem-tavit
2603 5473 2866 5526 ‘usebius.
2923 5483 2982 5525 ut
3017 5487 3236 5526 sensum
3287 5487 3504 5526 uuouue

1927 5473 2049 5543 qua:
2098 5473 2168 5528 ita
2219 5473 2521 5529 deCurtavit
2575 5473 2866 5539 Eusebius,
2923 5483 2982 5525 ut
3017 5487 3236 5526 sensum
3287 5487 3508 5540 quoque

1965 5547 2271 5599 erverterit.

1929 5560 2271 5613 pervertet-It.

2001 5616 2111 5685 (95)
2155 5615 2333 5668 Ὅταν
2375 5615 2490 5682 τὴν
2523 5612 2823 5685 γενναίαις.
2857 5611 3006 5685 iidem
3062 5611 3156 5665 lib.
3212 5627 3306 5664 \‘Ill
3353 5609 3502 5681 ιω..

1925 5681 2049 5754 pag.
2088 5681 2191 5738 649
2224 5685 2282 5745 Β,
2321 5687 2408 5738 ubi
2443 5681 2658 5753 legitur,
2687 5681 2748 5754 6;
2777 5681 2821 5754 δ’
2849 5681 2916 5735 ἂν
2940 5699 2990 5734 τ.
3026 5698 3083 5749 γ.

1998 5758 2048 5824 (9
2063 5755 2103 5827 ἰ)
2130 5755 2210 5820 Τῷ
2227 5758 2403 5825 λόγῳ.
2423 5751 2611 5810 Melius
2639 5753 2716 5822 τῷ
2739 5753 2907 5824 νόμῳ,
2943 5761 3002 5808 ut
3032 5751 3172 5823 apud
3190 5751 3493 5808 Platonem.
