4034 6390
211 333 392 396 {181

1394 343 1720 398 PRAEPAR.
1759 340 2018 398 EVA‘NG.
2064 341 2189 400 LIB.
2235 344 2377 400 ΧΠ.

3367 351 3513 406 ιιες

213 460 341 515 ια’.
381 467 516 544 Περὶ
550 468 929 544 γεωμετρίαςᾷ
947 467 1044 521 καί
1070 467 1490 544 ἀστρονομίας,
1523 467 1620 520 καί
1668 469 1804 544 lori

1905 512 1908 519 .
1938 467 2025 522 ll.
2070 468 2145 522 De
2177 471 2500 544 geometriq,
2534 471 2860 544 astronomia
2893 511 2906 531 ,
2938 478 2987 523 et
3017 478 3275 536 computo.
3313 468 3360 523 E
3398 470 3508 526 Xe-

312 536 520 603 οιμῶν.
565 537 704 591 Ἀπὸ
730 536 849 590 τῶν
882 537 1266 607 Ξενοφῶντος
1322 539 1835 610 Ἀπομνημονευμά-

312 621 454 659 των.

218 671 338 728 ιϐ’.
371 678 508 750 Περί
538 678 655 731 τῶν
677 679 1067 750 φυσιολογεῖν
1111 682 1480 750 αὐχούντων.
1530 677 1670 733 Ἀπὸ
1725 677 1832 731 τοῦ

313 748 531 802 αὐτοῦ.

214 820 520 891 ιγέ-ῌερὶ
566 818 976 891 γυμναστικῆς
1029 821 1126 873 καὶ
1177 820 1500 891 μουσικῆς.
1568 820 1662 873 Ἐκ
1721 819 1832 888 τῆς

321 887 610 953 Πολιτείας
640 887 982 955 Πλάτωνος.

217 955 332 1009 ιδ’.
369 960 548 1030 Δόξαι
579 962 928 1029 φιλοσόφων
952 961 1083 1030 περὶ
1109 961 1328 1030 ἀρχῶν.
1372 963 1470 1015 Ἐκ
1500 959 1609 1014 τοῦ
1635 963 1829 1014 Πλου-

215 1045 657 1170 ιεέιίςέρῖυτῆς
691 1100 1090 1172 Ἀναξαγόρου
1111 1102 1315 1171 δόξης.
1365 1102 1466 1156 Ἐκ
1503 1100 1611 1155 τοῦ
1668 1100 1828 1156 [1λά-

223 1185 556 1326 ιςξὺἕὲἕαι
584 1244 935 1311 φιλοσόφων
963 1243 1096 1312 περὶ
1143 1243 1310 1299 θεῶν.
1359 1243 1453 1295 Ἐκ
1494 1242 1599 1296 τοῦ
1629 1244 1825 1295 Πλου-

225 1326 712 1448 ιςτῗαῆέὲςῖποὺς
761 1381 891 1449 περὶ
925 1380 1278 1449 Ξενοφάνην
1303 1378 1401 1432 καί
1422 1380 1822 1449 Παρμενίδην,

314 1451 428 1573 ἔιιὲ
449 1447 760 1518 αἰσθήσεις
792 1447 1210 1520 ἀναιροῦντας.
1261 1451 1355 1502 Ἐκ
1394 1447 1502 1502 τοῦ
1549 1447 1823 1521 Ἄριστο-

431 1542 559 1573 ΟυΓ.

224 1542 710 1664 ιη’ῗωῆἓὸὲοτοὺς
733 1592 881 1646 κατὰ
913 1594 1197 1664 Πύρρωνα
1222 1593 1584 1664 σκεπτικοὺς
1602 1633 1615 1654 ,
1658 1593 1696 1660 ἢ
1725 1594 1824 1647 καί

311 1663 666 1730 ἐφεκτικοὺς
693 1662 1160 1729 ἐπικληθέντας,
1205 1662 1398 1731 μηδὲν
1440 1664 1825 1727 καταληπτὸν

311 1733 468 1790 εἶναι
495 1732 1018 1804 ἀποφηναμένους.
1071 1735 1167 1785 Ἐκ
1199 1732 1303 1786 τοῦ
1346 1733 1820 1801 Ἀριστοκλέους.

227 1804 330 1860 ιϐ’.
363 1806 519 1874 Πρὸς
539 1805 678 1870 τοὺς
693 1805 818 1876 κατ’
839 1805 1238 1876 ἔἈρίστιππον
1260 1805 1653 1873 φιλοσόφους,
1666 1807 1825 1873 μόνα
1857 1821 1898 1876 Β

311 1876 606 1960 ,ξέτοντας
647 1874 925 1960 τᾲκπάθη
969 1876 1137 1960 ,εἶναι
1176 1877 1540 1960 καταληπτά
1569 1915 1584 1940 ,
1628 1876 1700 1928 τὰ
1754 1876 1828 1960 δὲ,

312 1944 499 2000 λοιπὰ
521 1944 933 2012 ἀκατάληπτα.
969 1947 1026 1997 Ἐ
1031 1963 1066 1997 κ
1098 1946 1204 2000 τοῦ
1225 1945 1430 1998 αὐτοῦ.

225 2023 306 2069 κ’.
346 2016 502 2085 Πρὸς
533 2016 674 2082 τοὺς
709 2015 1101 2084 Μητρόδωρον
1132 2017 1228 2070 καὶ
1251 2017 1675 2086 Πρωταγόραν,
1712 2020 1821 2086 μό-

307 2105 446 2153 ναις
482 2087 610 2140 δεῖν
633 2087 940 2157 πιστεύειν
978 2086 1106 2152 ταῖς
1139 2087 1466 2154 αἰσθήσεσι
1506 2085 1816 2157 λέγοντας.

323 2159 467 2212 Ἀπὸ
488 2158 593 2212 τοῦ
624 2156 830 2210 αὐτοῦ.

227 2233 348 2282 καθ.
387 2229 546 2295 Πρὸς
575 2227 718 2292 τοὺς
769 2227 896 2280 κατ’
954 2227 1312 2296 Ἐπίκουρον
1366 2225 1601 2294 ἡδονὴν
1641 2227 1820 2295 τέλος

309 2298 702 2369 ὁριζομένους.
757 2297 900 2369 Ἀπὸ
924 2298 1030 2369 τοῦ
1059 2296 1264 2369 αὐτοῦ.

226 2366 350 2424 κθζ
375 2366 506 2423 Ἔτι
532 2369 681 2436 πρὸς
708 2367 851 2432 τοὺς
881 2367 1267 2439 τὴν-ἡδονὴν
1303 2366 1370 2420 τὸ
1412 2369 1636 2439 ἀγαθὸν
1664 2366 1817 2424 εἶναι

310 2439 708 2510 ὁριζομένους.
750 2438 899 2510 Ἀπὸ,
923 2437 1031 2510 τοῦ
1058 2438 1399 2510 Πλάτωνος.

228 2516 340 2579 κγ’.
370 2509 528 2577 Πρὸς
555 2510 698 2574 τοὺς
726 2509 850 2562 κατ’
890 2509 1242 2579 Ἐπίκουρον
1265 2509 1559 2576 Πρόνοιαν
1579 2509 1695 2578 μὲν
1716 2512 1817 2579 ἀρ-

303 2579 654 2649 νουμένους,
687 2581 925 2648 ἀτόμοις
955 2578 1022 2631 δὲ
1040 2579 1313 2649 σώμασιν
1337 2580 1724 2646 ἀνατιθέντας
1748 2578 1813 2636 τὸ

303 2650 449 2773 (dicit?
486 2651 629 2705 Ἀπὸ
663 2651 782 2705 τῶν
805 2650 1123 2705 Διονυσίου
1145 2652 1482 2706 ἐπισκόπου
1535 2652 1816 2716 Ἀλεξαν-

331 2739 408 2773 ’οε
434 2738 526 2773 ας.

331 2723 526 2786 ζοείας.

230 2740 526 2873 κδῗρῗλῗεςὸ
564 2789 682 2871 τῶν
708 2791 778 2844 ἐν
826 2789 1160 2858 ἀνθρώποις
1187 2791 1653 2863 ὑποδειγμάτων.
1713 2794 1812 2846 Ἐκ

301 2865 411 2916 τοῦ
443 2865 650 2916 αὑτοῦ.

229 2940 330 2988 κε’.
377 2933 520 2986 Ἀπὸ
573 2931 684 3001 τῆς
720 2931 826 2987 τοῦ
855 2931 1082 2998 παντὸς
1112 2932 1491 2997 συστάσεως.
1558 2935 1652 2986 Ἐκ
1703 2933 1810 2987 τοῦ

301 3020 514 3058 αυτου.

228 3072 342 3138 ις’.
393 3073 534 3128 Ἀπὸ
555 3073 664 3143 τῆς
685 3072 1000 3142 ἀνθρώπου
1033 3074 1291 3142 φύσεως.
1333 3073 1430 3126 Ἐκ
1463 3072 1570 3127 τοῦ
1597 3072 1803 3127 αὐτοῦ.

227 3165 328 3232 κζ’.
365 3167 483 3238 Ὅτι
509 3169 618 3238 οὐκ
639 3169 931 3224 ἐπίπονον
958 3166 1037 3233 τῷ
1063 3167 1186 3234 Θεῷ
1211 3167 1276 3222 τὸ
1301 3166 1664 3238 ἐργάζεσθαι.
1707 3168 1808 3220 Ἐκ
1835 3162 1877 3219 C
1910 3165 2001 3222 27.

301 3236 408 3291 τοῦ
430 3237 637 3292 αὑτοῦ.

753 3353 1150 3406 ΚΕΦΑΛΑΙΟΝ
1186 3356 1265 3407 A'.

507 3444 821 3514 Προοίμιον
851 3445 982 3513 περὶ
1017 3444 1128 3514 τῆς
1147 3443 1506 3511 ὑποθέσεως.

297 3540 442 3592 Ὅσα
483 3537 582 3609 μὲν
606 3539 776 3590 εἰπεῖν
810 3555 868 3590 τε
894 3538 990 3590 καὶ
1018 3537 1248 3590 ἀκοῦσαι
1277 3533 1344 3608 ἦν
1365 3539 1506 3609 ἀμφὶ
1535 3537 1633 3608 τῆς
1664 3539 1805 3592 κατὰ

226 3633 488 3686 Πλάτωνα
515 3630 850 3701 φιλοσοφίας,
869 3632 968 3702 τῆς
991 3649 1049 3684 τε
1072 3631 1260 3684 τούτου
1281 3629 1417 3702 πρὸς
1440 3631 1507 3684 τὰ
1537 3631 1802 3705 Ἑϐραίων

225 3724 380 3792 λόγια
415 3723 750 3792 συμφωνίας,
773 3723 839 3775 δι’
869 3723 934 3795 ἢν
967 3723 1058 3777 τὸν
1078 3723 1246 3795 ἄνδρα
1275 3723 1798 3796 καταπεπλήγμεθα,

227 3818 322 3872 καὶ
342 3813 408 3870 αὖ
438 3817 597 3872 πάλιν
625 3819 722 3889 τῆς
752 3816 886 3888 πρὸς
918 3817 1043 3880 τοὺς
1074 3815 1268 3880 αὐτοὺς
1291 3815 1607 3886 διαφωνίας,
1641 3817 1707 3869 δι’
1736 3816 1801 3887 ἢν

229 3909 329 3962 οὐκ
361 3910 426 3963 ἄν
460 3926 544 3974 τις
577 3909 738 3962 αὑτὸν
765 3904 824 3962 εὖ
857 3907 1070 3980 φρονῶν
1100 3906 1416 3972 ἀποδέξαιτο
1442 3948 1457 3970 ,
1492 3907 1712 3960 διελθὼν
1741 3908 1800 3958 ἐν

229 4001 305 4071 τῷ
337 4003 442 4072 πρὸ
473 4002 685 4061 τούτου,
725 4001 942 4072 μέτειμι
969 4000 1062 4053 νῦν
1086 4000 1178 4053 ἐπὶ
1214 4000 1314 4063 τὰς
1338 4000 1529 4065 λοιπὰς
1559 4001 1799 4071 αἱρέσεις

224 4092 330 4146 τῶν
373 4094 499 4164 παρ’
559 4093 810 4166 Ἕλλησιν
845 4095 938 4147 ἐπὶ
971 4092 1259 4164 φιλοσοφίᾳ
1318 4092 1638 4164 βοηθέντων.
1690 4093 1799 4146 Καὶ

219 4182 426 4237 τούτων
460 4179 525 4237 αὖ
562 4184 721 4236 πάλιν
749 4183 839 4237 τὸν
898 4185 960 4236 ἐκ
995 4182 1092 4253 τῆς
1143 4182 1399 4253 ἀληθείας
1447 4182 1656 4236 θλισθον
1700 4183 1799 4236 οὐκ

220 4275 386 4339 αὐτὸς
413 4275 534 4329 οὐδὲ
568 4278 696 4345 παρ’
731 4273 968 4345 ἐμαυτοῦ
998 4311 1012 4337 ,
1046 4272 1133 4326 διὰ
1167 4273 1224 4327 δὲ
1255 4273 1356 4344 τῆς
1409 4275 1586 4328 αὐτῶν
1637 4275 1798 4328 πάλιν

219 4367 328 4419 τῶν
356 4367 678 4438 Ἑλληνικῶν
712 4366 904 4436 φωνῶν
935 4367 1260 4438 μαρτυρίας,
1300 4370 1520 4420 σκοπεῖν
1558 4371 1668 4430 τοῖς
1707 4369 1792 4419 ὲν-

218 4459 545 4529 τνγχάνουσι
575 4460 680 4530 πρὸ
711 4457 1002 4528 ὀφθαλμῶν
1039 4459 1217 4530 θήσω·
1246 4459 1306 4512 οὐ
1344 4459 1517 4528 μὲνδὴ
1541 4476 1651 4511 τισι
1686 4459 1792 4511 τῶν

220 4550 428 4621 ἀνδρῶν
458 4550 847 4622 ἀπεχθόμενος,
899 4543 972 4603 ὧν
1001 4567 1064 4619 γε
1099 4551 1192 4605 καὶ
1250 4549 1393 4620 μέγα
1441 4550 1604 4621 θαῦμ’
1649 4551 1791 4620 ἔχειν

218 4641 485 4711 ὁμολογῶ,
549 4642 674 4694 ὅταν
723 4642 787 4712 δὴ
822 4645 931 4705 τοῖς
972 4643 1172 4706 ἄλλοις,
1206 4636 1296 4695 οἷά
1330 4659 1436 4714 περ
1465 4641 1791 4714 ἀνθρώποις,

221 4733 555 4804 παραϐάλλω
606 4735 731 4794 τοὺς
781 4735 1001 4806 ἄνδρας.
1049 4735 1214 4788 Ἐπὰν
1265 4733 1322 4786 δὲ
1373 4737 1485 4797 τοῖς
1530 4735 1794 4806 Ἐϐραίων

221 4825 491 4896 θεολόγοις
516 4844 576 4880 τε
617 4827 707 4881 καὶ
738 4829 1063 4899 προφήταις,
1101 4827 1218 4897 Θεῷ
1250 4843 1310 4879 τε
1349 4826 1427 4896 τῷ
1472 4826 1561 4880 διὰ
1592 4827 1793 4881 τούτων

219 4924 314 4976 καὶ
346 4921 646 4992 μελλόντων
670 4921 1024 4992 προρρήσεις,
1061 4921 1152 4972 καὶ
1182 4918 1476 4990 θαυμάτων
1508 4919 1793 4986 ἐπιδείξεις

220 5013 592 5085 πεποιημένῳ,
621 5012 760 5083 ἀτὰρ
787 5012 850 5083 δὴ
887 5012 978 5064 καὶ
1010 5011 1346 5083 μαθημάτων
1380 5013 1638 5078 εὐσεϐῶν,
1672 5013 1793 5083 δογ-

221 5105 406 5177 μάτων
421 5123 480 5159 τε
505 5104 717 5174 ἀληθῶν
738 5102 1080 5156 διδασκαλίαν
1102 5103 1562 5176 καταϐεϐλημὲνῳ
1581 5123 1595 5137 ο
1613 5105 1790 5158 οὐκέτ’

217 5195 370 5269 οἶμαί
390 5216 513 5252 τινα
545 5197 653 5253 δεῖν
692 5197 926 5265 εὐλόγως
956 5194 1396 5266 ἐπιμέμψασθαι,
1433 5200 1480 5251 εἰ
1525 5198 1656 5252 Θεὸν
1685 5197 1790 5270 πρὸ

218 5288 312 5343 ἀνθ
322 5288 537 5360 ρώπων,
562 5290 654 5343 καὶ
677 5287 932 5359 ἀλήθειαν
954 5286 1121 5350 αὐτὴν
1152 5287 1257 5357 πρὸ
1276 5287 1485 5357 θνητῶν
1517 5287 1790 5360 λογισμῶν

216 5399 275 5436 τε
302 5383 393 5436 καὶ
425 5381 744 5454 στοχασμῶν
774 5380 1081 5452 τιμώμεθα.
1120 5381 1288 5434 Τοῦτο
1319 5379 1375 5432 δέ
1417 5398 1505 5451 μοι
1539 5382 1644 5434 πᾶν
1677 5381 1788 5451 (95)

215 5477 246 5529 ό
277 5475 376 5546 τῆς
409 5477 690 5548 παρούσης
726 5473 1235 5543 Προπιιρασκευῆς
1279 5475 1472 5541 δείξειν
1515 5475 1789 5545 πεφιλοτί-

221 5584 388 5638 μηται
414 5568 589 5637 λόγος,
625 5571 703 5632 είς
733 5568 1024 5638 ἀπόκρισιν
1046 5557 1182 5638 ὁμόῦ
1212 5569 1306 5621 καὶ
1343 5567 1638 5636 ἀπολογίαν
1681 5567 1788 5621 τῶν

217 5657 278 5728 δὴ
306 5660 670 5730 πευσομένων,
707 5661 759 5713 τί
789 5659 852 5731 δὴ
883 5660 990 5730 ἄρα
1022 5659 1236 5730 καλὸνῆ
1273 5660 1466 5730 σεμνὸν
1504 5660 1698 5724 ἰδόντες
1730 5662 1788 5713 ἐν

287 5815 398 5887 (95)
437 5817 543 5871 Mcl
577 5817 719 5872 πᾶν.
759 5817 896 5890 Lege
938 5819 1027 5890 μοὶ
1061 5821 1186 5884 πᾶς.

2143 541 2420 610 nophontis
2445 539 2904 596 Memorabilibus.

1938 676 2218 747 71612.
2264 676 2339 730 De
2369 678 2435 731 iis
2487 677 2576 746 qui
2628 693 2799 730 rerum
2847 693 2900 730 se
2935 686 3186 730 naturam
3237 676 3503 746 explicare

1943 795 1946 797 ,
2147 748 2534 816 gloriabantur.
2569 747 2652 799 Ex
2673 747 2871 802 eodem.

1937 818 2019 874 l3.
2064 817 2513 898 Deﬁgymnasticte
2540 835 2601 871 ac
2627 820 2844 872 musica:
2875 819 3101 874 artibus.
3143 816 3226 871 Ex
3259 816 3500 874 Platonis

1931 958 2017 1011 M.
2061 887 2499 1026 regimini-tim
2528 958 2590 1012 de
2611 960 2885 1029 principiis
2913 959 3202 1013 sententite.
3245 957 3330 1012 Ea:
3370 958 3508 1012 Plu-

1930 1099 2016 1154 15.
2060 1098 2134 1153 De
2163 1030 2497 1170 Ᾰῗινιὲιιῗᾷοτιε
2517 1100 2796 1154 sententia.
2823 1098 2905 1153 Ea:
2937 1098 3176 1154 Platone.

1928 1237 2014 1291 16.
2059 1236 2500 1306 Philosophorum
2541 1238 2603 1290 de
2656 1237 2757 1289 diis
2804 1237 3094 1305 opiniones.
3137 1235 3220 1290 Ea;
3276 1236 3498 1291 Plutar-

1927 1378 2013 1433 17.
2057 1309 2322 1432 Aditzgsus
2383 1377 2781 1448 Xenophanem
2827 1385 2876 1430 et
2933 1376 3348 1445 Parmenidem,
3401 1379 3500 1448 qui

2136 1466 2315 1504 sensus
2349 1449 2610 1502 tollerent.
2751 1447 3033 1501 Aristocle.

1925 1591 2014 1646 18.
2058 1593 2317 1646 Adversus
2377 1607 2554 1643 eorum
2622 1590 3050 1658 philosOphorum
3100 1597 3326 1651 sectam,
3400 1589 3491 1659 qui

2133 1662 2270 1732 quod
2319 1662 2641 1731 Pyrrhonem
2701 1661 2865 1714 secuti
2933 1659 3066 1714 nihil
3129 1659 3494 1732 comprehendi

2137 1730 2286 1800 posse
2326 1730 2615 1785 statuerent
2660 1732 2906 1799 sceptici,
2937 1741 2985 1783 et
3035 1745 3304 1800 assensum
3353 1730 3492 1782 inhi-

2139 1799 2308 1857 bentes
2337 1804 2506 1855 vocati
2533 1811 2674 1855 sunt.
2705 1803 2786 1855 lia:
2806 1803 2983 1854 eodem
3016 1799 3290 1853 Aristocle.

1927 1873 2010 1929 19.
2059 1873 2320 1928 Adversus
2346 1874 2602 1941 Aristippi
2629 1882 2942 1935 sectatores,
2977 1873 3064 1940 qui
3087 1887 3148 1923 ea
3181 1871 3336 1923 modo
3373 1883 3498 1940 qua

2130 1946 2394 2012 patimur.
2417 1943 2780 2012 comprehendi
2809 1959 2958 2012 posse
2995 1946 3293 1995 statuerunt
3312 1981 3326 2005 ,
3352 1957 3490 2010 pra:-

2133 2011 2269 2068 terea
2298 2014 2450 2067 nihil.
2495 2011 2579 2066 Ea:
2616 2014 2813 2067 eodem.

1918 2085 2009 2140 20.
2050 2087 2312 2140 Adversus
2376 2085 2772 2146 Metrodorum,
2835 2095 2880 2136 et
2945 2082 3336 2153 Protagoram,
3394 2081 3489 2153 qui

2132 2156 2259 2210 solis
2301 2156 2536 2209 sensibus
2569 2155 2881 2208 credendum
2936 2170 3044 2207 esse
3097 2152 3358 2206 dicebant.
3403 2152 3489 2205 Ex

2151 2242 2308 2277 eadem
2319 2266 2331 2277 .

2151 2269 2156 2274 .
2295 2242 2331 2277 t.

1915 2298 2006 2352 2|.
2048 2227 2310 2352 Adigi'lfl’t;
2339 2294 2624 2364 Epicureos
2651 2337 2664 2359 ,
2690 2296 2778 2365 qui
2826 2296 3140 2362 voluptatem
3173 2293 3331 2361 ﬁnem
3376 2309 3493 2347 esse-

2131 2369 2338 2422 vellent.
2367 2365 2449 2420 Ea:
2474 2367 2675 2421 eodem.

2050 2437 2250 2492 Iterum
2282 2437 2530 2490 adversus
2562 2454 2646 2490 eos
2677 2435 2766 2504 qui
2806 2435 3124 2503 voluptatem
3155 2433 3344 2487 bonum
3377 2449 3496 2488 esse

2127 2509 2403 2576 deﬁniunt.
2438 2505 2522 2558 Ex
2549 2505 2794 2559 Platone.

1911 2579 2002 2634 25.
2050 2574 2310 2634 Adversus
2337 2577 2624 2647 Epicureos
2650 2615 2665 2637 ,
2697 2575 2785 2645 qui
2814 2585 2863 2629 et
2892 2574 3286 2647 Providentiam
3331 2574 3486 2628 tolle-

2127 2650 2253 2702 bant
2279 2687 2293 2709 ,
2324 2658 2371 2701 et
2418 2647 2705 2700 individuis
2750 2646 3058 2714 corporibus
3108 2648 3350 2700 universa
3389 2647 3488 2699 tri-

2125 2719 2369 2772 buebant.
2407 2717 2490 2771 Ea:
2518 2716 2776 2786 Dionysio
2812 2716 3154 2770 Alexandria:
3183 2717 3446 2786 episcopo.

1911 2790 2000 2844 24.
2044 2789 2233 2844 Rerum
2262 2791 2401 2842 inter
2437 2785 2676 2840 homines
2710 2787 3008 2852 vulgarium
3033 2786 3283 2854 exemplis
3313 2825 3327 2851 ,
3354 2785 3485 2854 Epi-

2125 2875 2396 2914 cureorum
2433 2859 2622 2928 dogma
2647 2856 2928 2925 refellitur.
2956 2854 3039 2910 Ea:
3071 2857 3268 2910 eodem.

1909 2931 2001 2986 25.
2047 2930 2195 2985 Idem
2219 2945 2283 2983 ea:
2317 2925 2546 2982 universi
2593 2928 2862 2982 molitione
2907 2928 3205 2995 con/icitur.
3260 2925 3342 2979 Ea:
3398 2943 3484 2979 eo-

2121 3002 2258 3054 dem.

2043 3092 2194 3147 Idem
2216 3109 2278 3146 ea:
2307 3093 2534 3146 hominis
2559 3101 2750 3145 natura
2782 3090 3136 3144 concluditur.
3169 3088 3250 3142 Ea:
3281 3088 3480 3142 eodem.

2045 3167 2273 3227 ()perum
2303 3181 2518 3216 suorum
2545 3163 2864 3215 molitionem
2889 3202 2904 3221 .
2933 3160 3040 3213 Deo
3075 3161 3392 3213 laboriosam
3419 3175 3485 3210 ac

2122 3234 2392 3287 molestam
2433 3250 2538 3288 non
2565 3250 2696 3288 esse.
2729 3231 2813 3285 Ea:
2836 3231 3036 3285 eodem.

2363 3346 2522 3416 717
2561 3342 2789 3399 CAPUT
2821 3342 2861 3396 1.

1980 3438 2335 3503 Prooemium,
2375 3452 2475 3506 quo
2511 3435 2633 3488 libri
2671 3444 3038 3504 argumentum
3078 3434 3400 3502 explicatur.

1977 3530 2271 3586 Platonica:
2316 3528 2678 3599 philosoth
2727 3527 3006 3589 rationes,
3070 3534 3342 3594 quatenus
3387 3539 3484 3578 eas

1904 3623 1986 3676 vel
2015 3621 2274 3692 explicari
2304 3619 2389 3674 vel
2439 3619 2613 3673 audiri
2659 3631 2837 3686 opera:
2886 3615 3119 3686 pretium
3159 3615 3290 3682 fuit;
3327 3616 3477 3684 ejus-

1902 3732 2010 3787 que
2065 3716 2149 3770 vel
2179 3731 2303 3770 cum
2341 3710 2689 3767 llebrazorum
2749 3710 2988 3764 oraculis
3021 3709 3478 3770 consensionem,

1903 3809 2062 3879 cujus
2088 3823 2255 3863 causa
2290 3807 2562 3862 hominem
2598 3803 2946 3858 vehementer
2989 3801 3325 3855 admiramur
3353 3842 3367 3864 ,
3397 3799 3478 3852 vel

1903 3901 2195 3958 dissidium
2230 3901 2298 3955 ab
2327 3899 2518 3955 iisdem
2551 3941 2565 3962 ,
2612 3900 2667 3953 in
2716 3915 2824 3968 quo
2856 3896 3094 3967 prudens
3137 3911 3264 3977 eum
3316 3909 3480 3948 nemo

1903 4003 2203 4063 sequatur,
2243 3993 2526 4062 superiore
2552 3991 2691 4045 libro
2723 3998 3074 4060 persecutus;
3128 3987 3194 4042 ad
3236 3987 3480 4056 reliquas

1900 4102 2089 4141 eorum
2129 4094 2304 4139 sectas
2336 4085 2450 4154 jam
2474 4085 2636 4139 venio
2661 4123 2676 4145 ,
2715 4083 2808 4153 qui
2850 4081 2992 4153 apud
3038 4081 3256 4136 Graecos
3297 4081 3476 4150 philo-

1901 4177 2111 4246 50pltite
2165 4177 2323 4230 laude
2377 4176 2713 4230 claruerunt.
2769 4172 2870 4240 Qui
2925 4180 3104 4226 tamen
3160 4187 3188 4225 a
3246 4171 3476 4225 veritate

1897 4284 2060 4338 quam
2097 4269 2398 4323 exciderint
2419 4308 2434 4331 ,
2468 4284 2574 4322 non
2615 4267 2792 4321 verbis
2823 4267 2937 4335 ipse
2965 4265 3129 4328 meis,
3166 4263 3257 4318 sed
3280 4303 3295 4327 ,
3326 4263 3473 4332 quod

1899 4361 2078 4416 adhuc
2099 4360 2236 4425 feci,
2269 4360 2548 4430 conceptis
2570 4359 2884 4415 Griecorum
2930 4358 3174 4428 ipsorum
3221 4355 3471 4410 testimo-

1899 4456 2003 4510 niis
2025 4496 2038 4517 ,
2071 4456 2124 4508 in
2157 4454 2450 4525 legentium
2487 4452 2659 4508 oculis
2708 4461 3040 4521 aspectuque
3080 4450 3333 4520 deligam.
3358 4445 3470 4502 Nec

1897 4565 2089 4604 eorum
2131 4549 2226 4602 ulli
2257 4557 2542 4618 propterea
2585 4548 2858 4601 infensum
2901 4560 2986 4600 nte
3032 4543 3323 4614 quisquam
3353 4541 3467 4596 cxi-

1896 4642 2108 4703 stimet,
2141 4657 2279 4711 quos
2304 4657 2389 4695 me
2411 4656 2603 4696 omnes
2629 4641 2918 4695 admodum
2955 4640 3229 4708 suspicere
3257 4635 3430 4690 fateor
3447 4674 3468 4702 ,

1895 4733 2139 4804 quandiu
2179 4734 2300 4790 illos
2330 4748 2452 4788 cum
2476 4734 2687 4790 caeteris
2707 4774 2723 4799 ,
2754 4734 2859 4788 hoc
2880 4741 2958 4786 est
3001 4747 3124 4786 cum
3152 4729 3466 4784 hominibus

1895 4825 2143 4880 homines
2170 4841 2451 4893 comparo.
2499 4825 2570 4879 At
2617 4825 2707 4880 ubi
2758 4840 2880 4879 cum
2926 4822 3274 4877 Hebraeorum
3311 4820 3467 4874 theo-

1894 4915 2030 4986 logis
2059 4924 2220 4984 atque
2269 4916 2544 4986 prophetis
2573 4957 2587 4982 ,
2622 4915 2840 4983 Deoque
2891 4914 3010 4984 ipso
3059 4911 3422 4967 conferuntur
3445 4950 3462 4974 ,

1893 5010 1984 5072 qui
2016 5024 2112 5079 per
2137 5024 2231 5064 eos
2277 5017 2331 5063 et
2382 5009 2566 5064 futura
2605 5007 2892 5078 prmdixit,
2932 5015 2986 5060 et
3034 5012 3185 5060 tanta
3236 5001 3463 5073 perfecit

1893 5103 2195 5164 miracula,
2243 5102 2351 5154 imo
2385 5103 2477 5172 qui
2518 5109 2572 5155 et
2624 5098 3096 5154 sanctissimarum
3138 5095 3462 5165 religionum

1892 5196 2066 5258 ritus,
2093 5204 2147 5249 et
2174 5195 2419 5250 veritatis
2457 5193 2760 5250 doctrinam
2794 5191 3071 5246 instituit:
3099 5188 3348 5259 equidem
3380 5187 3461 5241 sic

1894 5288 2133 5358 intelligo
2157 5329 2172 5354 ,
2197 5289 2398 5357 probro
2433 5289 2592 5343 nobis
2638 5285 2872 5355 amplius
2914 5293 3125 5340 vertere
3160 5298 3318 5354 posse
3364 5297 3459 5336 ne-

1892 5380 2093 5434 minem
2120 5421 2134 5446 ,
2163 5380 2306 5450 quod
2339 5378 2506 5434 Deum
2550 5378 2899 5442 hominibus,
2936 5393 3000 5433 ac
3051 5377 3332 5430 veritatem
3376 5373 3461 5443 ip-

1891 5489 2046 5538 sam,
2098 5473 2419 5529 mortalibus
2468 5471 2793 5544 quibusdam
2839 5468 3260 5542 cogitationibus
3298 5477 3459 5536 atque

1889 5565 2218 5636 cnnjecluris
2249 5565 2514 5636 potiorem
2543 5565 2864 5620 habeamus.
2895 5564 3072 5633 Atque
3110 5561 3163 5616 id
3193 5575 3358 5615 unum
3398 5566 3460 5612 ut

1889 5657 2263 5720 ostenderem,
2323 5666 2434 5712 toto
2492 5657 2774 5726 prteseutis
2822 5655 2987 5725 hujus
3035 5649 3458 5724 Prteparationis

1915 2438 2005 2493 9.2.

1911 3094 2000 3147 26.
