3872 6368
297 357 442 417 ἰ118ἒὶ
1453 352 1774 410 ΡΙὶτΕΡΛΒ.
1813 354 1845 409 Ε

1952 355 2063 415 NG.
2106 361 2234 416 LIB.
2278 363 2415 418 XIV.
3400 367 3536 421 “86

293 481 724 537 tantumnullus
753 490 810 550 ut
864 479 915 535 ei
971 479 1258 535 calumnia:
1299 480 1450 534 locus
1495 481 1866 550 relinquatur,
1905 484 2059 551 quasi
2089 483 2275 540 Grzeca
2321 487 2376 538 in
2411 485 2673 555 sapientia
2712 499 2902 555 parum
2958 483 3246 540 admodum
3293 488 3534 542 studiose

297 575 532 639 versati,
563 572 910 628 Hebrazorum
952 575 1000 630 ei
1047 575 1254 629 litteras
1309 575 1718 644 doctrinamque
1760 578 2180 646 praetulerimus.

826 669 1218 722 ΚΕΦΑΛΑΙΟΝ
1265 669 1340 722 Ρ.

2595 673 2820 728 CAPUT
2857 672 2944 728 Ill.

405 760 543 827 Περὶ
584 758 691 827 τῆς
725 757 841 812 τῶν
871 763 997 813 καθ’
1043 760 1339 827 Ἐϐραίους
1377 762 1744 830 συμφωνίας.

373 853 434 903 υἱ
469 851 566 922 μέν
593 869 655 920 γε
696 851 932 922 Ἑϐραῖοι
963 851 1165 905 ἄνωθεν
1193 851 1249 918 ἐξ
1284 851 1477 914 αἰῶνος
1506 852 1737 922 μακροῦ,
1771 854 1864 906 καὶ

289 941 487 1011 “rt-3171;,
520 942 593 1005 ὡς
616 941 742 1005 έπος
779 943 972 1005 εἰπεῖν,
1006 943 1112 996 ἀπὸ
1151 941 1371 1014 πρώτης
1404 944 1860 1014 ἀνθρωπογονίας,

286 1033 394 1103 -τὴν
451 1035 620 1106 ἀληθῆ
678 1035 770 1088 καὶ
802 1034 994 1105 εὐσεϐῆ
1042 1035 1356 1105 φιλοσοφίαν
1414 1037 1859 1109 ἀνηρευνηκότες,

298 1127 567 1198 ἀκήρατον
600 1127 693 1181 καὶ
715 1127 806 1179 ἐπὶ
837 1128 960 1190 τοὺς
993 1127 1280 1198 μετέπειτα
1307 1128 1510 1200 ταύτην
1542 1130 1859 1202 διατετηρή-

285 1235 445 1283 κασι,
473 1221 598 1279 παῖς
637 1217 786 1287 παρὰ
835 1219 1037 1288 πατρὸς
1092 1218 1356 1289 θησαυρὸν
1404 1219 1574 1288 λόγων
1607 1222 1860 1292 ἀληθείας

289 1308 677 1378 ὑποδεξάμενοί
707 1327 764 1361 τε
796 1309 889 1362 καὶ
923 1309 1272 1379 φυλάξαντες,
1298 1311 1371 1374 ὡς
1407 1313 1530 1383 μήτ’
1574 1313 1856 1378 ἐπιθεῖναι,

298 1402 421 1470 μήτ’
447 1400 662 1467 ἀφελεῖν
706 1418 825 1454 τινα
849 1403 962 1464 τοῖς
1009 1400 1152 1465 ἅπαξ
1188 1401 1532 1472 κεκριμένοις
1571 1402 1855 1474 τολμῆσαι.

292 1491 418 1545 οῦτ’
447 1489 539 1546 οὖν
569 1493 596 1544 ὁ
638 1493 908 1562 πάνσοφος
931 1493 1157 1563 Μωσῆς,
1193 1493 1408 1547 πάντων
1457 1495 1554 1564 μὲν
1597 1496 1857 1567 Ἑλλήνων

293 1584 659 1651 πρεσϐύτατος
682 1584 1010 1653 ἀποφανθεὶς
1037 1585 1122 1637 διὰ
1151 1586 1257 1639 τῶν
1287 1585 1610 1658 ἔμπροσθεν,
1643 1587 1856 1641 πάντων

290 1677 346 1728 δὲ
385 1675 610 1740 ὕστατος
635 1677 732 1748 τὴν
760 1677 972 1746 ἡλικίαν
999 1677 1106 1730 τῶν
1139 1680 1267 1748 πρὶν
1309 1678 1570 1749 Ἐϐραίων
1595 1679 1852 1747 γεγονὼς,

291 1766 502 1838 κινῆσαί
545 1787 588 1821 τι
619 1770 712 1822 καὶ
745 1769 1052 1839 μεταθεῖναι
1092 1769 1199 1822 τῶν
1239 1773 1348 1832 τοῖς
1390 1770 1726 1843 προπάτορσι
1767 1773 1855 1824 δο-

291 1857 492 1921 ξὰντων
524 1861 621 1930 τῆς
654 1859 984 1930 δογματικῆς
1013 1861 1138 1931 περὶ
1180 1860 1454 1929 θεολογίας
1499 1862 1850 1930 διανενόηται·

290 1950 430 2021 πλὴν
462 1952 582 2002 ὅσον
609 1942 722 2014 τοῖς
749 1951 840 2003 ὑπ’
876 1951 1034 2005 αὑτὸν
1075 1950 1376 2021 ἀνθρώποις
1399 1991 1412 2011 ,
1461 1951 1685 2021 ἀγωγῆς
1737 1951 1849 2020 βίου

287 2039 619 2110 καταλλήλου
648 2039 866 2111 τρόπον,
903 2041 994 2094 καί
1028 2059 1168 2104 τινος
1204 2041 1374 2112 μέσης
1397 2041 1670 2104 πολιτείας
1703 2059 1854 2112 νομο-

273 2131 468 2184 θεσίαν
500 2132 914 2184 καταϐαλέσθαι.
943 2131 1066 2186 Οῦθ’
1096 2135 1144 2184 οἰ
1182 2134 1318 2202 μετὰ
1360 2135 1509 2186 τόνδε
1556 2135 1849 2204 προφῆται,

291 2224 508 2295 μυρίαις
535 2226 684 2288 ὅσαις
713 2223 936 2297 ὕστερον
979 2226 1117 2279 ἐτῶν
1155 2226 1418 2297 περιόδοις
1452 2226 1848 2297 έκλάμψαντες,

284 2317 546 2383 διάφωνόν
578 2333 629 2367 τι
666 2315 817 2386 ῥῆμα
841 2316 974 2386 πρός
1005 2316 1063 2369 τέ
1114 2334 1251 2385 σφας
1291 2317 1512 2380 αὐτοὺς,
1552 2316 1584 2386 ἢ
1623 2317 1758 2388 πρὸς
1785 2317 1853 2369 τὰ

287 2409 456 2478 Hroﬁ;
485 2408 577 2459 καὶ
608 2411 718 2471 τοῖς
739 2408 906 2462 πάλαι
931 2407 1202 2476 θεοφιλέσι
1225 2408 1563 2479 νομισθέντα,
1589 2408 1850 2479 προέσθαι

286 2502 348 2568 τῇ
385 2503 531 2570 φωνῇ
565 2500 976 2570 τετολμήκασιν.
1019 2500 1156 2552 Ἀλλ’
1181 2500 1302 2553 οὐδὲ
1331 2500 1392 2553 τὸ
1442 2500 1562 2553 καθ’
1598 2501 1746 2571 ἡμᾶς
1777 2501 1852 2552 δι-

285 2591 612 2655 δασκαλεῖον,
647 2591 854 2643 ἐκεῖθέν
883 2591 1043 2643 ποθεν
1077 2590 1411 2662 ὁρμώμενον,
1442 2593 1534 2644 καὶ
1573 2592 1647 2644 δι’.
1667 2591 1849 2644 ἐνθέου

282 2685 560 2754 δυνάμεως
588 2685 722 2754 όμοῦ
753 2687 932 2738 πᾶσαν
971 2685 1191 2738 Ἐλλάδα
1216 2703 1273 2738 τε
1318 2687 1410 2738 καὶ
1442 2685 1538 2757 τὴν
1577 2686 1850 2757 βάρϐαρον

284 2777 589 2846 ὲμπλῆσαν,
618 2777 881 2852 διάφωνόν
909 2796 960 2832 τι
989 2782 1102 2844 τοῖς
1137 2779 1370 2850 πρόσθεν
1405 2779 1845 2849 ἐμπεριείληφεν·

283 2869 332 2918 εἰ
365 2869 435 2938 μή
466 2885 548 2932 τις
574 2870 725 2940 φαίη,
754 2869 834 2921 ὅτι
867 2870 940 2939 μὴ
983 2870 1140 2940 μόνον
1180 2872 1290 2932 τοῖς
1324 2869 1552 2938 δόγμασι
1601 2870 1697 2939 τῆς
1734 2868 1850 2920 θεο-

281 2956 488 3024 λογίας,
521 2958 656 3012 ἁλλὰ
683 2961 776 3012 καὶ
802 2959 878 3030 τῷ
903 2960 1085 3030 τρόπῳ
1101 2959 1192 3012 τοῦ
1221 2959 1358 3030 βίου,
1389 2960 1484 3029 τὴν
1513 2960 1679 3030 αὐτὴν
1703 2961 1847 3029 ἀγω-

281 3050 382 3120 γὴν
412 3053 522 3114 τοῖς
553 3052 656 3123 πρὸ
688 3053 924 3115 Μωσέως
971 3052 1265 3121 θεοφιλέσιν
1319 3052 1586 3123 Ἑϐραίοις
1618 3053 1847 3124 παραδί-

280 3143 429 3198 δωσι.
463 3145 569 3197 Καὶ
600 3144 667 3197 τὰ
720 3144 818 3214 μὲν
860 3145 1097 3216 ἡμέτερα
1131 3145 1372 3208 τοιαῦτα,
1410 3147 1507 3216 μιᾷ
1564 3164 1620 3198 τε
1672 3149 1844 3218 φωνῇ,

282 3239 386 3290 ὑπὸ
411 3238 517 3290 τῶν
555 3236 804 3308 πρώτων,
837 3237 927 3289 καὶ
955 3236 1152 3307 μέσων,
1195 3238 1419 3291 καὶτῶν
1459 3239 1702 3292 ὑστάτων
1753 3256 1847 3309 με-

284 3329 676 3402 μαρτυρημένα
696 3369 710 3390 ,
738 3329 834 3399 τῆς
863 3327 1093 3398 ἀληθοῦς
1124 3329 1401 3393 εὐσεϐείας
1419 3331 1553 3400 όμοῦ
1583 3331 1674 3383 καὶ
1703 3330 1848 3399 φιλο-
1874 3357 1915 3414 C

282 3421 470 3489 σοφίας
502 3421 563 3473 τὸ
607 3420 820 3490 βέϐαιον
862 3421 1098 3483 άπάσαις
1147 3421 1344 3491 ψήφοις
1373 3423 1842 3492 ὲπισφραγίζεται,

281 3515 476 3584 πληροῖ
504 3531 564 3565 τε
594 3513 693 3584 τὴν
725 3513 1014 3582 σύμπασαν
1052 3513 1373 3583 οἰκουμένην
1397 3553 1412 3576 ,
1441 3512 1706 3583 ὁσημέραι
1732 3513 1848 3566 νεά-

280 3604 437 3668 ζοντα
466 3606 558 3657 καὶ
588 3601 870 3665 ἀνθοῦντα,
907 3603 982 3666 ώς
1007 3603 1134 3675 ἄρτι
1179 3603 1398 3675 πρώτην
1447 3605 1629 3674 ἀκμήν
1674 3622 1844 3657 κατα-

279 3693 619 3764 ϐεϐλημένα·
680 3694 773 3744 καὶ
816 3691 938 3744 οῦτε
973 3693 1150 3762 νόμων
1181 3692 1468 3759 διατάξεις,
1495 3695 1603 3746 οὔτ’
1637 3693 1845 3764 ἐχθρῶν

278 3785 579 3848 ἐπιϐουλαὶ,
603 3783 723 3837 οὔτε
749 3784 1016 3855 πολεμίων
1044 3784 1299 3848 πολλάκις
1331 3787 1660 3858 ἀκονηθέντα
1694 3787 1842 3858 ξίφη,

279 3880 558 3950 κρείττονα
587 3879 684 3948 τῆς
710 3870 783 3929 ὧν
819 3875 1152 3947 μετήλθομεν
1184 3876 1354 3943 λόγων
1378 3877 1592 3948 ἀρετῆς,
1628 3878 1725 3949 τὴν
1751 3879 1843 3931 δύ-

277 3988 439 4041 ναμιν
466 3969 843 4022 ἐπιδέδεικται.
872 3966 951 4019 Τὰ
992 3967 1046 4018 δὲ
1072 3967 1168 4036 τῆς
1224 3967 1486 4038 Ἐλλήνων
1531 3968 1844 4038 φιλοσοφίας

275 4065 367 4117 ἐπὶ
401 4063 623 4134 βραχέσι
646 4060 996 4123 σαλεύσαντα,
1016 4059 1132 4112 τίνα
1166 4059 1296 4112 ποτὲ
1315 4061 1410 4130 τὴν
1449 4062 1598 4130 ἰσχὺν
1633 4062 1843 4114 ἐπεδεί-

275 4155 434 4223 ξατο,
486 4155 602 4207 νυν“ι
636 4151 986 4223 θεασώμεθα·
1054 4151 1298 4222 πρώτους
1330 4151 1583 4206 ἁπάντων
1615 4155 1694 4216 εἰς
1751 4155 1842 4209 τὸν

275 4247 461 4316 ἀγῶνα
490 4246 763 4307 καθιέντες
790 4244 916 4306 τοὺς
942 4245 1201 4312 φυσικοὺς
1228 4244 1635 4314 ὲπικληθέντας.
1665 4246 1726 4299 O't'
1755 4246 1839 4318 δὴ,

276 4339 509 4411 πρόσθεν
539 4338 574 4405 ἢ
589 4337 848 4390 Πλάτωνα
865 4333 1182 4405 διαλάμψαι,
1203 4335 1506 4405 λεγόμενοι,
1537 4337 1683 4401 ὅπως
1707 4340 1842 4410 πρὸς

271 4431 535 4502 ἀλλήλους
591 4428 936 4489 ἐστασίασαν,
973 4428 1101 4496 παρ’
1161 4425 1323 4479 αὐτοῦ
1359 4426 1548 4496 μαθεῖν
1600 4429 1709 4482 ἔστι
1747 4431 1840 4484 τοῦ

275 4525 558 4584 Πλάτωνος
579 4537 591 4548 ·
633 4520 690 4582 ὃς
713 4519 774 4589 δὴ
799 4518 906 4570 τῶν
930 4517 1071 4587 ἀμφὶ
1109 4518 1476 4586 Πρωταγόραν
1493 4557 1506 4579 ,
1561 4518 1840 4589 Ἠράκλει-

272 4616 363 4669 τόν
389 4631 447 4666 τε
501 4613 594 4665 καὶ
632 4611 1014 4681 Ἐμπεδοκλέα,
1044 4610 1141 4679 τὴν
1185 4609 1318 4679 πρὸς
1354 4611 1714 4683 Παρμενίδην,
1747 4615 1839 4668 καὶ

2037 763 2114 817 De
2142 781 2349 816 summa
2382 763 2725 819 Ilebrazorum
2754 767 3060 836 dogmatum
3103 770 3454 824 consensione.

2043 853 2239 908 Veram
2273 852 2481 908 Hebraei
2519 855 2840 924 plenamque
2875 857 3072 925 pietate
3097 857 3488 926 philosophiam
3509 899 3524 922 ,

1965 945 2033 997 ab
2074 945 2266 999 ultima
2315 961 2488 1014 usque
2531 947 2828 1012 memoria,
2867 964 3110 1017 peneque
3156 965 3186 1003 a
3229 951 3439 1020 primo,
3467 960 3528 1005 ut

1963 1033 2036 1087 ita
2071 1033 2285 1099 dicam,
2332 1034 2611 1088 hominum
2664 1044 2820 1101 ortu,
2869 1037 3156 1107 diligenter
3205 1040 3526 1110 penitusque

1962 1130 2182 1193 rimati,
2216 1128 2460 1182 eamdem
2511 1129 2574 1182 ad
2632 1139 2879 1198 posteros
2931 1147 3117 1184 sanam
3169 1140 3222 1185 et
3261 1132 3524 1201 integram

1963 1221 2315 1274 transmisere
2353 1235 2364 1268 :
2399 1227 2561 1287 atque
2595 1220 2667 1271 ita
2695 1220 2914 1288 quidem
2959 1221 3099 1275 hanc
3154 1222 3397 1278 veritatis
3425 1224 3527 1278 do—

1965 1313 2195 1366 ctrinam
2225 1328 2254 1365 a
2295 1312 2612 1380 parentibus
2654 1312 2844 1374 liberi,
2873 1316 3158 1382 quemdam
3198 1317 3354 1385 quasi
3409 1317 3526 1371 the-

1961 1417 2180 1456 saurum
2213 1403 2370 1468 longa
2401 1403 2742 1457 successione
2771 1418 3048 1472 acceptum
3099 1419 3524 1477 conservarunt,

1958 1502 2018 1548 ut
2050 1509 2169 1562 quae
2195 1495 2407 1548 decreta
2438 1497 2602 1548 semel
2632 1507 2686 1550 et
2713 1499 3009 1551 constituta
3035 1497 3282 1562 fuerant,
3307 1501 3375 1553 iis
3422 1515 3523 1557 nec

1958 1585 2153 1640 addere
2182 1587 2477 1656 quidquam
2510 1588 2630 1642 ausi
2678 1588 2816 1649 sint,
2862 1605 2962 1644 nec
3005 1590 3300 1659 quidquam
3339 1593 3520 1647 detra-

1958 1675 2103 1729 here.
2164 1678 2305 1731 Sane
2335 1678 2575 1747 tquidem
2650 1677 2826 1733 Moses
2887 1681 2974 1734 ille
3051 1683 3517 1749 sapientissimus,

1957 1767 2208 1837 idemque
2231 1769 2308 1822 uti
2344 1769 2544 1824 Grteeis
2578 1771 2861 1835 omnibus,
2890 1773 3031 1840 quod
3057 1789 3121 1826 ex
3149 1775 3521 1842 superioribus

1953 1858 2113 1926 plane
2135 1868 2379 1923 constat,
2409 1860 2684 1928 antiquior
2704 1899 2718 1924 ,
2746 1861 2819 1914 ita
2848 1860 3193 1916 ilebrzeorum
3216 1903 3231 1927 ,
3255 1865 3348 1933 qui
3395 1879 3521 1920 ante

1957 1949 2131 2018 ipsqu
2161 1950 2375 2019 plurimi
2412 1952 2692 2018 vixerunt,
2723 1961 2879 2006 aetate
2931 1963 3240 2022 postremus
3267 1997 3282 2020 ,
3335 1974 3398 2010 ex
3453 1958 3520 2012 iis

1952 2056 2074 2110 quae
2109 2056 2136 2094 a
2184 2042 2565 2096 vetustissimis
2621 2044 2868 2112 patribus
2898 2044 2964 2098 dc
3001 2045 3318 2115 dogmaticze
3361 2049 3519 2102 theo-

1955 2131 2110 2201 logia:
2133 2133 2434 2186 rationibus
2486 2134 2692 2188 sancita
2729 2144 2922 2202 erant,
2974 2152 3192 2192 movere
3249 2139 3382 2192 nihil
3425 2149 3520 2194 aut

1953 2235 2165 2279 mutare
2198 2228 2384 2280 statuit
2412 2245 2426 2281 :
2467 2237 2672 2281 tantum
2697 2228 3050 2297 popularibus
3079 2229 3190 2297 ipse
3218 2231 3335 2286 suis
3355 2272 3369 2296 ,
3397 2232 3518 2301 qui-

1953 2317 2054 2371 bus
2090 2317 2422 2386 imperabat,
2459 2318 2788 2373 conveuieus
2819 2334 2882 2372 ac
2927 2320 3203 2388 proprium
3243 2323 3514 2388 quoddam

1952 2406 2074 2460 vitae
2107 2422 2311 2475 genus,
2343 2415 2398 2459 et
2428 2407 2718 2461 moderatae
2760 2409 3066 2477 reipublicae
3112 2409 3343 2466 formam
3390 2414 3519 2484 legi-

1953 2499 2055 2552 bus
2096 2499 2431 2568 temperavit.
2465 2497 2619 2552 Hunc
2661 2500 2831 2554 secuti
2874 2503 3178 2572 prophetat,
3226 2506 3318 2573 qui
3367 2514 3516 2561 tanta

1952 2598 2074 2659 post
2106 2605 2229 2642 eum
2264 2590 2545 2644 intervallo
2577 2593 2818 2646 claruere
2838 2632 2853 2656 ,
2892 2610 2958 2648 ne
2987 2596 3266 2649 minimam
3292 2599 3512 2667 quidem

1950 2679 2196 2734 voculam
2233 2680 2445 2734 mittere
2485 2691 2612 2735 sunt
2639 2682 2788 2744 ausi,
2814 2699 2936 2752 qua:
2963 2683 3045 2736 vel
3079 2700 3109 2737 a
3141 2701 3197 2738 se
3233 2686 3384 2754 ipsis,
3430 2689 3514 2742 vel

1950 2769 2017 2823 ab
2052 2768 2120 2823 iis
2151 2784 2271 2837 quae
2319 2767 2452 2822 Mosi
2491 2773 2820 2840 ueterisque
2852 2770 2960 2825 Deo
2993 2773 3172 2828 charis
3205 2773 3515 2832 hominibus

1949 2857 2305 2926 placuerant,
2360 2857 2545 2911 leviter
2598 2859 2905 2914 dissideret.
2962 2859 3148 2930 Neque
3201 2863 3511 2919 Christiana

1948 2947 2191 3017 profecto
2220 2939 2468 3003 doctrina
2490 2991 2504 3014 ,
2535 2966 2654 3018 quae
2687 2951 2874 3004 iisdem
2905 2953 3096 3005 hausta
3121 2970 3186 3006 ex
3228 2954 3467 3010 fontibus
3494 2996 3510 3019 ,

1947 3041 1999 3093 vi
2027 3055 2250 3110 prorsus
2279 3041 2458 3095 divina
2488 3040 2704 3095 Grzrcos
2728 3043 2889 3097 simul
2929 3059 3116 3098 omnes
3145 3045 3514 3116 barbarosque

1949 3135 2219 3203 pervasit,
2248 3134 2542 3202 quidquam
2569 3135 2726 3187 habet
2759 3150 2884 3188 cum
2910 3138 3254 3205 superiorum
3297 3138 3508 3191 illorum

1948 3226 2108 3281 dictis
2161 3227 2476 3296 legibusque
2531 3242 2823 3296 pugnans:
2855 3227 2958 3280 nisi
3007 3229 3187 3296 potius
3220 3229 3510 3283 dicendum

1950 3315 2077 3370 illud
2111 3315 2489 3381 sit,eamdem
2539 3317 2781 3384 penitus,
2825 3332 2988 3384 quam
3043 3319 3117 3370 illi
3173 3319 3319 3373 Mose
3371 3321 3512 3374 anti-

1948 3409 2166 3478 quiores
2208 3407 2454 3471 Hebrtei,
2505 3406 2716 3476 Deoque
2752 3409 3045 3476 gratissimi
3094 3417 3351 3476 tenuere,
3413 3394 3511 3465 nec

1948 3500 2179 3554 decretis
2204 3499 2366 3552 modo
2396 3499 2706 3567 theologite,
2736 3499 2830 3553 sed
2871 3501 3033 3552 etiam
3070 3502 3331 3556 institutis
3369 3518 3514 3558 eam-

1947 3589 2070 3643 dem
2102 3606 2165 3643 ac
2201 3589 2482 3654 moribus,
2524 3589 2647 3642 vitae
2701 3589 2769 3643 ab
2820 3605 2881 3644 ea
2942 3589 3170 3645 fortnam
3219 3594 3510 3647 rationem-

1947 3698 2051 3753 que
2093 3682 2392 3752 praaseribi.
2427 3677 2824 3750 Quze'quidem
2848 3683 3116 3750 ejusmodi
3153 3693 3232 3738 est
3254 3726 3269 3749 ,
3297 3695 3357 3738 ttt
3404 3702 3511 3740 una

1948 3783 2057 3828 tam
2105 3774 2436 3843 primorum,
2494 3788 2658 3842 quam
2710 3774 3046 3838 mediorum,
3083 3791 3146 3830 ac
3191 3778 3513 3833 novissimo-

1946 3887 2066 3925 rum
2116 3869 2381 3924 sententia
2416 3875 2680 3937 voceque'
2713 3876 2944 3930 testata,
3000 3886 3142 3923 verte
3192 3872 3406 3939 pietatis
3459 3883 3513 3928 et

1946 3962 2300 4034 philOSOphize
2350 3960 2730 4014 certitudincm
2793 3976 2856 4014 ac
2922 3963 3230 4015 ﬁrmitatem
3278 3963 3507 4028 habeat,

1945 4056 2213 4126 suﬂragiis
2243 4055 2494 4109 omnibus
2526 4053 2920 4122 consignatam.
2954 4054 3129 4123 Atque
3179 4055 3269 4109 illa
3317 4056 3395 4112 sic
3423 4074 3508 4111 or-

1944 4149 2066 4204 bern
2100 4149 2262 4219 720
2286 4148 2599 4201 universum
2631 4146 2853 4214 implet,
2879 4154 2938 4199 ut
2965 4147 3188 4215 perinde
3221 4163 3283 4202 ac
3315 4149 3360 4202 si
3386 4163 3512 4217 pau-

1942 4241 1995 4294 lo
2019 4248 2143 4293 ante
2175 4248 2290 4293 sata
2325 4239 2559 4308 primum
2582 4277 2596 4302 ,
2635 4246 2797 4305 atque
2833 4236 2886 4288 in
2919 4237 3093 4289 lucem
3123 4237 3315 4290 educta
3341 4248 3506 4303 esset,

1943 4332 2216 4387 adolescat
2243 4331 2298 4383 in
2333 4328 2448 4383 dies
2469 4368 2484 4392 ,
2518 4336 2570 4380 et
2595 4326 2899 4380 efﬂorescat
2928 4327 3099 4396 magis
3129 4334 3290 4394 atque
3313 4329 3504 4398 magis.

1943 4419 2050 4476 Nec
2076 4422 2185 4475 vim
2215 4419 2333 4490 ejus
2368 4428 2531 4488 atque
2560 4416 2920 4470 constantiam
2955 4417 3131 4487 legum
3160 4419 3470 4473 sanctiones
3489 4459 3504 4482 ,

1944 4514 2290 4568 inimicorum
2327 4511 2576 4572 insidiae,
2629 4508 2866 4563 hostium
2919 4510 3115 4578 gladii,
3161 4523 3394 4578 quorum
3451 4510 3506 4564 in

1943 4625 2040 4662 nos
2066 4607 2236 4662 aciem
2266 4615 2370 4659 tam
2398 4621 2538 4673 saepe
2575 4604 2869 4665 acuebant,
2892 4599 3137 4669 frangere
3170 4617 3408 4670 unquam
3444 4618 3509 4658 ac

271 4715 398 4770 τοὺς
436 4707 571 4776 ἀμφ’
622 4704 780 4756 αὑτὸν
818 4703 1085 4772 διαμάχην
1133 4701 1420 4772 ἐξελέγχει.
1490 4703 1547 4754 Ὀ
1604 4704 1701 4774 μὲν
1735 4704 1841 4778 γὰρ

1951 4700 2223 4756 debilitare
2247 4705 2561 4768 potuerunt.
2611 4695 2764 4749 Nunc
2792 4710 2921 4749 vero
2962 4693 3272 4748 Grtecorum
3324 4696 3504 4765 philo-

273 4797 609 4869 Δημοκρίτου
641 4793 880 4863 γεγονὼς
933 4795 1144 4865 ἑταῖρος
1187 4796 1214 4846 ὁ
1245 4794 1627 4864 Πρωταγόρας,
1684 4795 1840 4849 ἄθεον

271 4889 540 4958 ἐκτήσατο
594 4885 781 4951 δόξαν.
835 4884 1065 4952 Λέγεται
1122 4883 1250 4951 γοῦν
1309 4884 1484 4954 τοιᾷδε
1539 4886 1838 4957 κεχρῆσθαι

272 4981 488 5052 εἰσϐολῇ
524 4983 580 5033 ὲν
605 4979 682 5049 τῷ
712 4977 850 5044 Περὶ
878 4976 1027 5030 θεῶν
1054 4975 1444 5046 συγγράμματι
1465 4993 1478 5007 ο
1511 4993 1529 5026 ι
1569 4977 1702 5048 Περὶ
1741 4978 1838 5048 μὲν

274 5074 410 5127 θεῶν
440 5073 538 5125 οὐκ
559 5068 674 5124 οῖδα
701 5067 814 5122 οὗθ’
843 5069 918 5130 ὥς
950 5069 1086 5120 εἰσιν
1111 5107 1124 5131 ,
1161 5066 1271 5119 οὗθ’
1298 5067 1372 5130 ὡς
1394 5066 1493 5121 οὔκ
1525 5069 1659 5121 εἰσιν
1677 5110 1690 5133 ,
1721 5068 1833 5122 οὔθ’

269 5166 446 5220 ὁποῖοί
473 5181 615 5225 τινες
647 5162 807 5216 ἰδέαν.
849 5179 866 5210 ι
916 5160 973 5211 Ὀ
1015 5158 1069 5210 δὲ
1097 5158 1463 5229 Δημόκριτος,
1497 5158 1669 5230 ἀρχὰς
1721 5159 1833 5213 τῶν

273 5259 408 5312 ὅλων
457 5256 559 5327 ἔφη
594 5251 730 5308 εἶναι
760 5253 819 5304 τὸ
849 5251 1002 5304 κενὸν
1030 5249 1122 5302 καὶ
1152 5249 1212 5301 τὸ
1264 5249 1468 5320 πλῆρες
1488 5268 1501 5280 ·
1535 5251 1595 5302 τὸ
1630 5251 1834 5322 πλῆρες

273 5349 331 5400 ὃν
355 5348 525 5412 λέγων
555 5346 647 5398 καὶ
672 5343 907 5413 στερεὸν,
927 5341 987 5393 τὸ
1015 5341 1070 5392 δὲ
1091 5339 1244 5392 κενὸν
1271 5340 1344 5410 μὴ
1364 5339 1441 5392 δν.
1468 5340 1558 5392 Διὸ
1588 5339 1680 5394 καί
1702 5357 1834 5412 φησι

277 5439 440 5510 μηδὲν
475 5436 670 5508 μᾶλλον
701 5435 762 5487 τὸ
809 5434 866 5487 ὃν
891 5433 984 5485 τοῦ
1033 5433 1105 5503 μὴ
1129 5432 1278 5494 ὄντος
1311 5427 1476 5484 εἶναιδ
1535 5434 1618 5486 ὅτι
1663 5450 1722 5485 τε
1777 5431 1836 5496 ἐξ

273 5527 444 5580 ἀῖδίου
470 5527 536 5578 τὰ
565 5526 690 5577 ὄντα
725 5527 780 5578 ἐν
813 5523 889 5594 τῷ
917 5523 1057 5594 κενῷ
1088 5522 1322 5593 συνεχῶς
1353 5525 1446 5576 καὶ
1470 5524 1633 5590 ὀξέως
1673 5528 1835 5578 κινεῖ-

270 5636 379 5670 ται.
428 5618 484 5669 Ὀ
507 5616 564 5669 δὲ
604 5614 950 5686 Ἡράκλειτος
975 5614 1145 5685 ἀρχὴν
1167 5615 1274 5667 τῶν
1304 5615 1518 5668 πάντων
1566 5614 1668 5685 ἔφη
1697 5610 1832 5668 εἶναι

271 5709 333 5761 τὸ
366 5706 496 5777 πῦρ,
531 5705 590 5770 ἐξ
615 5697 674 5758 οὗ
691 5705 759 5758 τὰ
790 5704 964 5758 πάντα
993 5706 1218 5772 γίνεται,
1252 5706 1342 5757 καὶ
1363 5706 1441 5768 εἰς
1469 5705 1496 5757 ὃ
1522 5705 1830 5758 ἀναλύεται.

286 5795 542 5866 Ἀμοιϐὴν
573 5795 681 5867 γὰρ
711 5792 844 5849 εἶναι
878 5795 943 5849 τὰ
974 5795 1168 5858 πάντα,
1191 5795 1377 5865 χρόνον
1405 5812 1463 5848 τε
1489 5795 1716 5866 ὡρίσθαι
1737 5794 1836 5866 τῆς

1945 4792 2167 4861 sophia,
2204 4799 2458 4860 tanquam
2506 4792 2559 4842 in
2585 4788 2844 4842 brevibus
2862 4785 3187 4856 quibttsdam
3239 4786 3508 4843 ﬂuctuans

1942 4891 1996 4937 et
2021 4882 2257 4952 agitata,
2293 4880 2438 4951 quod
2487 4881 2704 4934 tandem
2736 4881 2904 4934 robur
2951 4877 3276 4942 ostenderit,
3325 4880 3508 4934 videa-

1945 4987 2088 5026 mus.
2117 4970 2194 5025 Ac
2223 4971 2475 5040 physicos
2507 4971 2658 5034 illos,
2697 4971 2778 5025 sic
2803 4970 2948 5023 enim
2998 4969 3129 5024 dicti
3184 4979 3345 5031 sunt,
3383 4981 3508 5025 ante

1942 5065 2078 5118 alios
2109 5077 2299 5117 omnes
2327 5063 2467 5116 hanc
2491 5063 2544 5115 in
2573 5076 2794 5116 arenam
2825 5060 3211 5129 producamus.
3259 5062 3362 5127 Qui
3385 5065 3506 5132 qui-

1941 5157 2061 5212 dem
2084 5197 2099 5221 ,
2122 5164 2182 5209 ut
2207 5154 2430 5208 Platone
2461 5155 2673 5223 priores
2693 5153 2946 5208 exstitere
2967 5193 2982 5216 ,
3015 5153 3087 5206 ita
3121 5169 3285 5222 quam
3320 5169 3502 5208 secum

1943 5246 2044 5315 ipsi
2080 5253 2272 5298 mutuo
2299 5243 2697 5312 pugnaverint,
2722 5257 2787 5296 ex
2835 5243 3023 5296 eodem
3069 5242 3297 5298 Platone
3328 5245 3506 5300 disce-

1944 5356 2066 5394 mus
2119 5359 2133 5393 :
2181 5339 2271 5408 qui
2325 5337 2666 5408 Protagorae,
2717 5336 2974 5392 Heracliti
3035 5347 3089 5393 et
3129 5337 3502 5409 Empedoclis,

1943 5447 2068 5487 cum
2097 5430 2417 5484 Parmenide
2439 5430 2668 5499 ejusque
2701 5429 3066 5484 sectatoribus
3096 5431 3502 5486 contentionem

1942 5525 2234 5594 redarguit.
2263 5523 2396 5576 Nam
2429 5522 2757 5592 Protagoras
2791 5521 3009 5592 quidem
3031 5560 3047 5585 ,
3089 5521 3135 5575 is
3164 5523 3255 5590 qui
3310 5521 3505 5578 Demo-

1941 5614 2061 5669 criti
2095 5615 2298 5669 sodalis
2341 5613 2475 5675 fuit,
2504 5614 2649 5666 athei
2701 5613 2956 5682 opinione
3010 5611 3301 5677 laboravit;
3348 5614 3506 5683 cujus

1943 5705 2030 5756 hic
2051 5743 2065 5767 ,
2101 5704 2152 5757 in
2185 5720 2287 5760 suo
2313 5703 2390 5756 De
2421 5705 2524 5757 diis
2556 5719 2750 5772 opere,
2779 5703 2991 5772 primus
3019 5711 3104 5758 est
3137 5703 3282 5757 illam
3313 5704 3365 5758 in
3395 5705 3508 5759 dis-

1943 5796 2278 5864 putationem
2311 5797 2589 5865 ingressus
2613 5816 2624 5854 :
2651 5813 2669 5848 ι
2697 5795 2850 5851 Diine
2876 5795 3017 5862 sint,
3053 5811 3122 5852 an
3155 5797 3508 5866 nou,.inquit,
