4090 6382
576 341 710 395 ns!
1219 333 1484 388 EUSEBll
1523 331 2000 388 CAESARIENSIS
2039 328 2190 386 OP’P.
2230 328 2412 386 PARS
2455 329 2517 388 ιι.
2556 358 2627 374 -
2661 331 3164 391 APOLOGETICA.
3672 340 3817 399 H88

564 473 746 530 quave
774 457 946 513 forma
976 457 1051 511 illi
1073 457 1201 520 sint,
1233 453 1484 524 equidem
1512 454 1717 509 nescio.
1745 472 1764 505 ι
1794 451 2135 508 Democritus

2238 452 2344 507 τῶν
2394 454 2609 509 πάντων
2654 458 2733 520 είς
2766 457 2826 509 τὺ
2852 457 2960 529 πῦρ
2993 457 3319 522 ἀναλύσεως,
3339 464 3431 515 καὶ
3454 462 3553 534 τῆς
3583 465 3649 517 ἐκ
3682 464 3815 519 τού-

564 563 752 607 autem
783 549 1050 621 principia
1074 562 1255 602 rerum
1287 547 1670 601 universarum
1706 545 1816 599 duo
1838 544 2132 608 statuebat,

2238 560 2333 597 του
2361 544 2647 613 γενέσεως.
2684 548 2804 602 Οἵδε
2834 549 2931 619 μὲν
2957 545 3048 604 οὖν
3081 552 3256 604 πάντα
3288 553 3553 608 κινεῖσθαι
3584 554 3815 624 ἔφασαν.

574 637 737 692 inane
759 652 824 691 ac
846 637 1097 707 plenum;
1122 649 1189 690 ac
1224 634 1441 704 plenum
1477 632 1696 703 quidem
1721 674 1737 700 ,
1775 631 1981 702 aliquid
2016 647 2135 687 esse

2252 633 2310 687 Ὀ
2332 633 2390 687 δὲ
2420 636 2801 708 Παρμενίδης,
2832 640 2894 693 τὸ
2932 640 3087 710 γένος
3136 643 3390 716 Ἐλεάτης
3443 643 3550 710 ὢν,
3604 646 3665 701 ἓν
3711 648 3816 719 μὲν

571 732 785 788 dicebat
814 747 879 786 ac
900 730 1131 785 solidum
1154 768 1169 794 ,
1203 730 1362 782 inane
1404 742 1532 782 vero
1573 742 1800 797 prorsus
1848 741 1973 782 esse
2018 725 2135 779 uul-

2238 720 2380 779 εἶναι
2408 727 2469 780 τὸ
2503 730 2629 794 πᾶν,
2668 731 2959 804 ἀγέννητον
2990 733 3047 785 δὲ
3080 736 3175 788 καὶ
3223 736 3500 808 ἀκίνητον,
3532 740 3629 793 καὶ
3668 740 3817 793 κατὰ

564 823 704 878 lum.
732 822 917 892 Itaque
957 822 1126 876 nihilo
1154 821 1328 891 magis
1348 861 1363 886 ,
1401 819 1550 889 quod
1574 819 1781 890 aliquid
1808 826 1923 882 est,
1971 832 2134 887 quam

2243 820 2427 891 σχῆμα
2455 824 2790 893 σφαιροειδὲς
2812 825 3076 896 ὑπάρχειν
3098 826 3438 897 ὲδογμὰτιζε.
3470 830 3817 903 Παρμενίδου

561 915 717 986 quod
747 914 952 970 nullum
987 923 1102 975 est,
1135 928 1259 968 esse
1297 913 1416 979 ait;
1456 912 1601 981 quod
1646 927 1713 967 ex
1744 911 1893 964 omni
1924 911 2135 964 aeterni-

2238 904 2590 978 δὲ’Μέλισσος
2619 916 2833 987 ἑταῖρος
2853 918 3062 986 γέγονε,
3090 919 3158 972 τὰ
3194 920 3332 973 αὐτὰ
3379 920 3456 992 τῷ
3500 922 3818 996 Παρμενίδῃ

564 1014 682 1063 tate
704 1044 720 1072 ,
754 1020 878 1078 quae
903 1006 1108 1076 aliquid
1134 1014 1293 1071 sunt,
1328 1004 1386 1058 in
1418 1019 1486 1059 eo
1512 1003 1659 1074 quod
1683 1002 1843 1056 inane
1872 1008 1988 1066 est,
2014 1016 2135 1070 per-

2240 1003 2494 1071 δοξάζων.
2525 1011 2740 1064 Τούτων
2766 1012 2828 1084 δὴ
2853 1009 2946 1067 οὖν
2977 1014 3104 1087 πέρι
3130 1017 3286 1069 ὁποῖα
3332 1018 3360 1069 ὁ
3394 1018 3616 1072 Πλάτων
3649 1020 3707 1072 ὲν
3737 1018 3825 1091 τῷ

563 1111 735 1174 petua
786 1103 1180 1172 celerrimeque
1227 1108 1594 1155 moverentur.
1642 1097 1946 1152 Heraclitus
2006 1109 2135 1149 vero

2240 1097 2537 1166 Θεαιτήτῳ
2569 1102 2838 1169 διέξεισιν,
2871 1106 3056 1161 ἄκουε,

561 1203 893 1251 cunctorum
927 1192 1256 1264 principium
1286 1190 1463 1260 ignem
1512 1203 1635 1243 esse
1660 1186 1868 1249 voluit,
1923 1199 1986 1238 ex
2021 1196 2131 1253 quo
2188 1181 2449 1241 nimirum
2495 1191 2678 1245 omnia
2728 1192 2892 1260 liant,
2928 1207 2981 1248 et
3014 1195 3068 1249 in
3109 1211 3268 1266 quem
3303 1197 3486 1252 omnia
3527 1198 3823 1254 resolvan-

564 1296 679 1345 tur.
735 1286 947 1357 Quippe
990 1284 1418 1341 vicissitudinem
1465 1280 1755 1351 quamdam
1809 1293 1933 1334 esse
1968 1275 2184 1339 omnia,
2222 1285 2545 1349 certumque
2616 1293 2830 1355 tempus
2874 1287 3227 1341 constitutum
3284 1303 3445 1354 esse,
3507 1305 3619 1360 quo
3656 1300 3708 1347 et
3757 1291 3820 1348 il

568 1385 748 1455 ignem
778 1382 1120 1438 resolvantur
1141 1380 1439 1442 universa,
1465 1370 1521 1432 et
1546 1391 1739 1431 rursus
1775 1390 1843 1429 ex
1895 1374 2018 1443 igne
2068 1369 2322 1424 universa
2371 1387 2714 1444 generentur.
2754 1379 3025 1435 Caeterum
3090 1382 3179 1436 isti
3238 1384 3417 1438 omnia
3472 1387 3673 1439 numeri
3715 1387 3822 1442 de-

566 1476 877 1534 fendebant.
933 1475 998 1530 At
1044 1489 1176 1531 vero
1207 1471 1595 1537 Parmenides,
1647 1468 1858 1523 Eleates
1917 1479 2152 1536 genere,
2228 1478 2396 1519 unum
2451 1468 2585 1537 quid
2614 1470 2930 1527 universum
2964 1488 3087 1529 esse
3126 1474 3346 1539 docuit,
3397 1474 3651 1546 idemque
3683 1495 3819 1535 ortu

569 1569 730 1626 simul
807 1582 872 1625 ac
903 1577 1058 1622 motu
1113 1581 1344 1631 carens,
1390 1565 1674 1635 ﬁguraque
1730 1560 2078 1631 spbzerieum.
2136 1553 2187 1610 Is
2254 1566 2573 1617 sectatorem
2629 1562 2906 1620 Melissum
2965 1566 3196 1635 habuit,
3256 1569 3310 1622 in
3361 1569 3546 1625 eadem
3587 1585 3821 1639 prorsus

569 1662 827 1732 Opinione
857 1668 1155 1743 versatum.
1190 1658 1267 1713 De
1293 1658 1379 1713 his
1401 1658 1655 1713 omnibus
1674 1650 2137 1727 quemadmodum
2173 1647 2228 1702 in
2254 1647 2512 1708 Tlteteteto
2543 1655 2698 1712 Plato
2733 1659 2991 1729 loquatur
3011 1700 3026 1724 ,
3060 1662 3208 1716 audi.

1160 1752 1394 1810 CAPUT
1454 1751 1541 1807 IV.

565 1868 1021 1936 Quemadmodum
1088 1867 1427 1936 superiorem
1462 1865 1796 1936 philosophos
1846 1862 2003 1916 Plato
2062 1874 2141 1913 re-

984 1936 1234 2008 darguat.
1270 1936 1355 1991 Εω
1388 1935 1684 1990 Theaeteto.

643 2051 663 2084 ι
689 2031 758 2088 At
771 2045 931 2098 vero,
962 2030 1137 2100 inquit
1154 2028 1431 2094 Socrates,
1453 2029 1581 2083 dum
1598 2034 1855 2098 aguntur,
1875 2024 2003 2078 dum
2021 2034 2138 2076 mo-

565 2132 782 2191 ventur,
813 2123 943 2179 dum
973 2122 1114 2177 inter
1143 2136 1263 2178 sese
1296 2119 1656 2191 721-723
1679 2117 2136 2183 commiscentur,

566 2217 705 2272 ﬁunt
728 2216 1002 2271 universa.
1025 2214 1159 2281 Quae
1186 2213 1413 2283 proinde
1440 2227 1561 2267 cum
1593 2225 1716 2266 esse
1734 2209 1966 2265 dicimus
1990 2250 2006 2275 ,
2034 2208 2139 2263 hac

565 2324 701 2364 voce
724 2322 1009 2378 perperam
1041 2305 1340 2362 abutimur.
1374 2302 1521 2358 Nihil
1556 2304 1702 2358 enim
1733 2317 1975 2372 unquam
2016 2308 2135 2365 est,

566 2401 663 2457 sed
692 2401 752 2455 ﬁt
782 2408 1066 2471 perpetuo.
1113 2397 1384 2454 Caeterum
1433 2397 1567 2451 illud
1612 2404 1826 2461 manet,
1864 2394 2138 2465 sapientes

562 2492 818 2563 deinceps
847 2506 1076 2555 omnes,
1129 2490 1175 2545 si
1212 2487 1588 2544 Parmenidem
1645 2485 1920 2556 excipias,
1970 2485 2023 2538 in
2070 2499 2137 2537 eo

561 2584 923 2651 convenisse,
980 2582 1369 2655 Protagoram,
1444 2579 1812 2644 Heraclitum,
1870 2575 2136 2646 Empedo-

562 2678 737 2742 clem,
769 2692 834 2731 ac
870 2690 1101 2747 poeseos
1145 2675 1431 2743 utriusque
1489 2671 1796 2742 principes,
1852 2668 2136 2723 comoediae

564 2769 784 2834 quidem
815 2768 1239 2839 Epicharmium,
1299 2765 1595 2822 Homerum
1653 2778 1784 2818 vero
1835 2760 2133 2832 tragoediae.

565 2859 786 2916 Homeri
817 2869 962 2915 certe
996 2860 1129 2915 illud
1152 2868 1234 2914 est
1254 2900 1271 2926 ,

640 2977 906 3032 Oceanum
936 2976 1136 3046 fontem
1178 2990 1353 3029 verum
1376 3012 1392 3041 ,
1441 2971 1737 3045 Tethynque
1773 2981 2060 3043 parentem.

2169 1745 2218 1805 Β

2767 1755 3161 1809 ΚΕΦΑΛΑΙΟΝ
3198 1758 3272 1810 Δ’.

2238 1857 2439 1927 Ὅπως
2464 1864 2498 1916 ό
2540 1862 2793 1946 Πλάτων
2831 1865 2995 1946 eod;-~
3014 1867 3127 1946 πρὸ
3166 1871 3350 1946 αὺτοῦ
3400 1868 3813 1946 διαϐέϐληκεν.

2707 1934 2852 1989 Ἀπὸ
2891 1937 2997 1991 τοῦ
3034 1938 3347 2011 Θεαιτήτου.

2312 2042 2332 2074 ι
2375 2024 2470 2078 Ἐκ
2496 2024 2553 2080 δὲ
2574 2026 2638 2099 δὴ
2664 2029 2835 2099 φορᾶς
2869 2029 2977 2100 (96)
3011 2048 3070 2084 τε
3116 2034 3209 2087 καὶ
3235 2036 3517 2107 κινήσεως,
3543 2040 3635 2093 καὶ
3668 2041 3816 2113 κράιο

2240 2129 2375 2179 cem;
2402 2116 2539 2188 πρὸς
2573 2116 2797 2190 ἄλληλα,
2826 2121 3032 2190 γίνεται
3058 2124 3253 2190 πάντα,
3279 2126 3315 2181 ἃ
3337 2127 3399 2200 δή
3430 2146 3612 2200 φαμεν
3646 2129 3815 2199 εἶναι,

2236 2207 2337 2260 οὐκ
2357 2207 2533 2280 ὀρθῶς
2554 2213 3064 2283 προσαγορεύοντες.
3100 2216 3251 2270 Ἔστι
3286 2218 3384 2289 μὲν
3416 2219 3524 2292 γὰρ
3554 2222 3817 2278 οὐδέποτε

2235 2299 2407 2364 οὐδὲν,
2436 2302 2524 2355 ἀεὶ
2548 2302 2605 2355 δὲ
2630 2303 2857 2373 γίνεται.
2895 2307 3007 2360 Καὶ
3049 2308 3175 2377 περὶ
3206 2308 3392 2363 τούτου
3436 2312 3638 2379 πάντες
3683 2315 3823 2388 ἑξῆς

2236 2392 2286 2443 οἱ
2316 2391 2487 2460 σοφοὶ,
2521 2393 2656 2464 πλὴν
2689 2395 3049 2465 Παρμενίδου,
3077 2397 3485 2473 ξυμφερέσϐων,
3510 2404 3803 2477 Πρωταγό-

2239 2499 2336 2551 ρας
2358 2499 2418 2534 τε
2477 2485 2569 2536 καὶ
2607 2485 2975 2556 Ἡράκλειτος,
3000 2489 3091 2541 καὶ
3126 2490 3492 2564 Ἐμπεδοκλῆς
3514 2533 3529 2556 ,
3566 2498 3662 2550 καὶ
3698 2499 3820 2552 τῶν

2237 2571 2472 2642 ποιητῶν
2521 2575 2567 2625 οί
2619 2574 2777 2645 ἄκροι
2810 2576 2905 2646 τῆς
2949 2579 3218 2649 ποιήσεως
3251 2581 3550 2655 ἑκατέρας·
3609 2604 3821 2659 κωμῳ-

2233 2660 2351 2725 δίας
2381 2663 2479 2733 μὲν
2515 2665 2879 2737 Ἐπίναρμος,
2908 2670 3214 2741 τραγῳδίας
3239 2672 3295 2726 δὲ
3329 2675 3569 2747 Ὅμηρος
3588 2694 3603 2708 ⁸
3634 2680 3823 2734 εἰπὼν

2235 2755 2364 2828 γὰρ.

2303 2963 2583 3019 Ὠκεανόν
2612 2983 2675 3020 τε
2699 2964 2850 3021 θεῶν
2869 2966 3127 3038 γένεσιν,
3156 2971 3252 3025 καί
3269 2973 3495 3041 μητέρα
3523 2975 3732 3043 Ῥηθύν.

566 3089 720 3158 Quo,
755 3089 1011 3145 ﬂuxiouis
1045 3104 1110 3145 ac
1143 3098 1325 3144 motus
1347 3089 1600 3144 universa
1631 3086 1774 3143 fetus
1799 3101 1921 3142 esse
1955 3084 2127 3156 signi-

2238 3076 2415 3131 Πάντα
2440 3077 2658 3149 εἴρηκεν
2682 3078 2880 3148 ἔγγονα
2909 3082 3039 3154 ῥοῆς
3067 3100 3127 3137 τε
3167 3084 3261 3138 κοιλ⁵
3308 3087 3593 3157 κινήσεως.
3633 3090 3706 3143 Ἦ
3745 3092 3821 3144 οὐ

568 3181 716 3238 ﬂeat.
743 3180 884 3235 Num
908 3195 1036 3235 vero
1064 3180 1204 3235 idem
1240 3179 1333 3234 tibi
1366 3180 1612 3234 videtur?
1632 3209 1703 3218 —
1727 3176 1952 3234 Videtur
1981 3192 2131 3233 sane.

565 3301 639 3315 —
669 3272 874 3344 Ecquis
899 3274 1065 3343 igitur
1093 3273 1348 3342 deinceps
1379 3272 1551 3327 risum
1579 3270 1834 3342 eﬂ‘ugiat,
1865 3268 1959 3339 qui
1987 3277 2135 3323 tanto

565 3376 696 3418 cum
730 3362 971 3418 exercitu
993 3401 1007 3426 ,
1057 3362 1284 3431 ipsoque
1318 3358 1552 3413 llomero
1590 3360 1727 3414 duce
1766 3373 2007 3429 pugnare
2046 3373 2137 3413 ve—

565 3454 664 3510 lit?
700 3474 720 3508 »
756 3453 886 3509 Inde
913 3452 1130 3523 longius
1150 3451 1478 3522 disputando
1512 3466 1865 3521 progressus,
1892 3450 2009 3505 haec
2039 3450 2137 3505 ha-

568 3547 700 3602 bet:
740 3563 758 3598 ι
795 3545 1171 3601 Aecedendum
1220 3560 1351 3615 ergo
1402 3544 1627 3614 propius
1672 3552 1790 3607 est,
1839 3544 2047 3615 inquit,
2076 3551 2135 3599 ut

560 3636 787 3705 jubebat
826 3643 1079 3704 suscepta
1107 3631 1417 3702 Protagorae
1442 3629 1689 3710 defensio
1709 3673 1724 3696 ,
1760 3631 2136 3700 pulsaudoque

566 3725 881 3797 diligentius
918 3724 1555 3795 explorandum,utrum
1611 3723 1810 3792 agitata
1863 3722 1976 3777 haec
2033 3736 2133 3776 na-

571 3825 695 3871 tura
718 3831 911 3871 sanum
942 3815 1180 3885 aliquem
1216 3830 1414 3870 sonum
1466 3829 1535 3867 an
1576 3813 1830 3869 vitiosum
1883 3813 2027 3868 edat.
2063 3816 2136 3867 Ile

570 3908 661 3962 illa
700 3914 876 3971 certe,
918 3921 1019 3960 nec
1043 3904 1287 3976 vulgaris
1316 3914 1432 3969 est,
1466 3918 1565 3958 nec
1594 3918 1626 3958 a
1673 3904 1863 3973 paucis
1900 3905 2132 3959 excitata

565 3999 867 4056 c'ontentim
900 4030 969 4040 --
997 3998 1225 4053 Multum
1260 3998 1442 4053 hercle
1485 3999 1641 4055 abest
1686 4007 1745 4051 ut
1797 3998 2035 4068 vulgaris
2070 4013 2133 4052 ea

567 4095 817 4162 sit-,qure
840 4093 985 4162 viget
1012 4100 1124 4147 tota
1166 4091 1367 4162 passim
1421 4090 1571 4145 lonia
1620 4091 1933 4160 plurimum.
1973 4089 2137 4145 Hera—

567 4184 683 4240 cliti
723 4183 867 4238 enim
898 4192 1192 4238 sectatores
1242 4184 1382 4237 hanc
1426 4183 1751 4238 sententiam
1800 4182 1998 4237 acriter
2035 4183 2134 4237 ad-

566 4278 790 4333 modum
831 4285 1158 4347 strenueqne
1218 4276 1433 4330 docent.
1468 4307 1536 4317 —
1569 4273 1776 4339 Tanto,
1819 4276 1892 4329 mi
1957 4274 2135 4330 Theo-

565 4367 735 4434 dore,
766 4364 1054 4420 videndum
1096 4366 1164 4419 ab
1204 4363 1358 4417 initio
1407 4365 1613 4434 magis,
1674 4364 2131 4435 quemadmodum

568 4460 686 4515 haec
709 4459 779 4513 ab
812 4458 879 4513 iis
901 4456 1266 4526 disputentur.
1293 4485 1359 4495 —
1392 4452 1628 4509 Omnino
1653 4496 1666 4517 ,
1697 4455 1892 4525 inquit.
1929 4453 2135 4525 Opinor

566 4550 738 4615 enim,
765 4546 1041 4612 Socrates,
1079 4546 1544 4602 autlleracliticos
1575 4546 1697 4600 illos
1722 4587 1738 4612 ,
1783 4555 1895 4611 aut,
1943 4562 2136 4615 quem-

2235 3166 2382 3221 δοκεί
2404 3166 2561 3220 τοῦτο
2606 3167 2782 3237 λέγειν
2807 3186 2820 3235 ;
2848 3199 2917 3208 -
2942 3170 3102 3242 Ἐμοι
3134 3188 3218 3241 γε.
3240 3202 3302 3212 -
3322 3174 3416 3238 Τίς
3464 3171 3556 3228 οὖν
3603 3175 3671 3229 ἂν
3726 3177 3823 3231 ἔτι

2239 3257 2374 3330 πρός
2401 3275 2462 3326 γε
2494 3257 2745 3312 τοσοῦτον
2781 3260 3137 3331 στρατόπεδον
3160 3262 3255 3316 καὶ
3295 3266 3601 3336 στρατηγὸν
3625 3266 3817 3340 Ὅμη-

2239 3363 2330 3421 ρον
2376 3348 2590 3402 δύναιτο
2621 3349 3042 3421 ἀμφισϐητήσας
3092 3350 3166 3424 μὴ
3198 3355 3598 3423 καταγέλαστος
3650 3359 3817 3427 γενέ-

2237 3440 2359 3495 σθαι
2384 3456 2398 3505 ;
2429 3460 2447 3492 ι
2485 3436 2598 3494 Εἶθ’
2630 3439 2755 3512 ἑξῆς
2782 3442 2985 3514 προῖὼν
3010 3442 3089 3513 τῷ
3121 3443 3281 3515 λόγῳ,
3308 3448 3557 3517 ἐπιφέρει
3595 3448 3777 3518 λέγων
3798 3467 3817 3482 ο

2241 3552 2260 3585 ι
2293 3532 2579 3605 Προσιτέον
2602 3530 2695 3589 οὖν
2726 3534 2837 3607 (97)
2860 3535 3157 3608 ἐγγυτέρω,
3183 3536 3259 3600 ὡς
3289 3539 3317 3591 ὀ
3350 3540 3490 3609 ὑπὲρ
3515 3520 3851 3613 Πρωταγόί

2237 3642 2332 3697 ρου
2371 3625 2525 3694 λόγος
2577 3627 2837 3680 ἐπέταττε
2865 3669 2880 3693 ,
2915 3628 3009 3680 καὶ
3041 3629 3301 3682 σκεπτέον
3349 3629 3446 3701 τὴν
3499 3632 3818 3704 φερομένην

2235 3716 2437 3787 ταύτην
2469 3717 2656 3770 οὐσίαν
2693 3715 3079 3788 διακρούοντα,
3146 3720 3256 3771 εἴτε
3299 3719 3450 3787 ὑγιὲς
3482 3720 3628 3790 (98),
3696 3722 3815 3776 εἴτε

2238 3810 2434 3882 σαθρὸν
2462 3810 2775 3881 φθέγγεται.
2802 3811 2965 3883 Μάχη
2997 3811 3042 3865 δ’
3062 3808 3153 3864 οὖν
3177 3814 3304 3884 περὶ
3320 3813 3488 3884 αὐτῆς
3511 3815 3571 3867 οὐ
3601 3815 3811 3887 φαύλη,

2235 3903 2341 3956 οὐδ’
2372 3903 2575 3972 ὀλίγοις
2617 3903 2824 3973 γέγονε.
2877 3935 2948 3945 —-
2972 3903 3174 3957 Πολλοῦ
3209 3905 3300 3958 καὶ
3326 3905 3406 3958 δεῖ
3433 3906 3609 3977 φαύλη
3642 3904 3810 3971 εἶναι,

2235 3995 2370 4049 ἀλλὰ
2414 3997 2540 4067 περὶ
2577 3996 2673 4067 μὲν
2700 3994 2796 4067 τὴν
2840 3995 3045 4049 Ἰωνίαν
3080 3997 3172 4050 καὶ
3202 3998 3477 4052 ἐπιδίδωσι
3520 4000 3808 4071 πάμπολυ.

2236 4090 2299 4141 Οἱ
2327 4088 2435 4159 γὰρ
2479 4087 2574 4140 τοῦ
2619 4088 2972 4159 Ἡρακλείτου
3019 4090 3223 4162 ἑταῖροι
3274 4092 3566 4162 χορηγοῦσι
3612 4093 3813 4148 τούτου

2236 4176 2326 4231 τοῦ
2358 4177 2515 4245 λόγου
2545 4176 2654 4248 (99)
2691 4177 2834 4248 μάλα
2863 4180 3205 4251 ἐρρωμένως.
3240 4212 3305 4219 -
3335 4182 3423 4252 Τῷ
3459 4200 3573 4247 τοι,
3608 4178 3652 4237 ὦ
3683 4185 3812 4251 φίλε

2236 4267 2494 4338 Θεόδωρε,
2523 4267 2719 4338 μᾶλλον
2747 4270 3006 4323 σκεπτέον
3026 4269 3119 4322 καὶ
3141 4270 3199 4336 ἐξ
3224 4272 3361 4342 ἀρχῆ
3376 4289 3417 4335 ς,
3440 4271 3585 4325 ὥσπε
3593 4291 3624 4345 ρ
3652 4276 3814 4328 αὐτοὶ

2237 4360 2621 4414 ὑποτείνονται.
2653 4389 2723 4398 —-
2748 4361 3063 4414 Παντάπασι
3123 4362 3218 4432 μὲν
3273 4359 3386 4417 οὖν.
3424 4364 3531 4417 Καὶ
3582 4364 3726 4437 γὰρ,
3758 4362 3813 4420 ὦ

2240 4450 2542 4522 Σώκρατες,
2570 4452 2697 4523 περ)⁵
2726 4451 2928 4506 τούτων
2956 4452 3061 4506 τῶν
3102 4453 3535 4526 Ἡρακλειτείων,
3558 4457 3590 4527 ἢ
3616 4456 3766 4511 ὥσπε
3774 4477 3813 4531 ρ

2243 4542 2306 4595 σὺ
2336 4541 2534 4611 λέγεις,
2578 4542 2881 4614 Ὁμηρείων
2905 4560 2996 4608 τε,
3031 4545 3124 4598 καὶ
3166 4545 3244 4598 ἔτι
3287 4547 3675 4618 παλαιοτέρων,
3708 4551 3812 4603 αὐ-

569 4638 863 4695 admudum
932 4647 1044 4692 tute
1121 4651 1316 4701 vocas,
1373 4634 1726 4700 Homericos,
1803 4646 1967 4706 atque
2029 4637 2135 4691 illis

2240 4637 2353 4697 τοῖς
2388 4633 2487 4706 μὲν
2519 4637 2632 4697 τοῖς
2663 4635 2789 4706 περὶ
2821 4635 2919 4707 τὴν
2952 4636 3211 4704 Ἔφεσον,
3237 4638 3348 4691 ὅσοι
3390 4639 3811 4711 προσποιοῦνται

566 4731 734 4785 etiam
764 4730 1089 4785 vetustiores
1121 4728 1398 4799 intelligis.
1419 4726 1555 4782 Nam
1581 4743 1705 4782 cum
1743 4728 1808 4783 iis
1837 4738 2006 4791 certe,
2037 4728 2132 4797 qui

2242 4726 2494 4799 ἔμπειροι
2519 4722 2678 4789 εἶναι,
2712 4726 2860 4781 οὐδὲν
2885 4727 3083 4799 μᾶλλον
3106 4723 3214 4783 οἷόν
3249 4747 3309 4782 τε
3336 4731 3410 4801 (1)
3442 4731 3809 4805 διαλεχθῆναι,

569 4823 717 4879 circa
750 4821 1025 4892 Ephesum
1071 4821 1355 4888 habitant,
1399 4835 1464 4876 ac
1518 4820 1618 4875 sibi
1672 4836 1855 4875 rerum
1906 4821 2133 4875 istarum

2241 4820 2275 4891 ἢ
2305 4823 2416 4884 τοῖς
2448 4819 2753 4892 οἱστρῶτιν.
2822 4820 3081 4891 Ἀτεχνῶς
3111 4820 3219 4893 γὰρ
3245 4822 3382 4875 κατὰ
3429 4823 3497 4877 τὰ
3526 4827 3811 4898 συγγράμ-

568 4912 855 4968 scientiam
884 4912 1153 4981 praecipue
1179 4910 1488 4976 vindicant,
1539 4909 1711 4964 nihilo
1761 4910 1935 4981 magis
1971 4925 2134 4980 quam

2245 4929 2392 4983 ματα
2421 4913 2496 4983 (2)
2530 4913 2813 4984 φέρονται·
2847 4912 2910 4966 τὸ
2953 4913 3010 4966 δὲ
3064 4915 3335 4984 ἐπιμεῖναι
3368 4915 3458 4968 ἐπὶ
3516 4915 3655 4988 λόγῳ
3712 4922 3812 4975 καὶ

643 5062 914 5189 (πλέεέ
965 5064 1035 5118 δὲ
1089 5064 1166 5134 δὴ
1220 5063 1426 5135 φορᾶς.
1495 5062 1648 5117 Plato
1716 5063 1771 5117 in
1835 5062 2093 5117 Theaeteto
2119 5106 2133 5129 ,

643 5151 697 5189 α.
908 5172 924 5187 .

2245 5139 2258 5150 ⁸
2316 5067 2427 5138 (99)
2484 5068 2812 5151 Xognroﬁat
2860 5070 3073 5123 τούτου
3122 5070 3228 5124 τοῦ
3277 5072 3481 5141 λόγου,
3538 5076 3812 5147 Χορηγεῖν

2244 5140 2455 5189 isthuc.
2488 5154 2702 5189 omnor.
2734 5141 3159 5189 metanhoricum
3189 5151 3272 5189 est
3296 5181 3309 5189 .
3340 5144 3460 5189 ἀντὶ
3500 5145 3597 5189 τοῦ
3639 5146 3810 5189 διδά-

643 5134 924 5209 g_._HSF.
1018 5205 1029 5209 _
1175 5134 1233 5209 _’
1298 5206 1344 5209 Α

2244 5134 2455 5203 isthuc,
2484 5134 2702 5209 gpino'r,
2734 5141 3159 5209 metaphoricum
3189 5151 3272 5195 est
3296 5181 3310 5199 .
3340 5134 3460 5196 ἀντὶ
3500 5145 3597 5199 τοῦ
3618 5134 3810 5201 ’διδά-

669 5205 758 5269 97)
781 5205 1106 5272 Προσιτέον
1131 5200 1263 5262 οὖν.
1292 5206 1369 5260 Id.
1414 5204 1543 5259 ibid.

669 5209 758 5269 97)
781 5209 1106 5272 Προσιτέον
1131 5209 1263 5262 οὖν.
1292 5209 1369 5260 Id.
1414 5209 1543 5259 ibid.

646 5209 759 5348 ὶ98)
790 5276 934 5348 Εἴτε
981 5274 1162 5346 ὑγιές.
1202 5274 1277 5331 Ita
1309 5275 1545 5330 Platonis
1580 5289 1643 5329 ex
1697 5273 1853 5343 genio
1896 5267 2135 5341 Persius,

570 5346 755 5418 satyra
788 5346 822 5400 5
849 5364 864 5400 :

869 5434 1030 5491 Sonat
1062 5438 1248 5491 vitium
1274 5453 1540 5507 percussa,
1577 5435 1803 5507 maligne

715 5507 1009 5578 Respondet
1037 5509 1192 5563 viridi
1217 5505 1319 5562 non
1357 5518 1505 5562 cocta
1532 5505 1711 5576 ﬁdelia
1742 5505 1887 5561 limo.

644 5596 710 5651 Et
739 5606 920 5668 satyra
949 5598 982 5652 5
1008 5614 1020 5649 :

848 5687 1042 5761 (Pulso,
1074 5690 1375 5761 dignoscere
1402 5703 1588 5746 cautus

713 5758 856 5816 Quid
883 5758 1110 5814 solidum
1135 5758 1331 5817 'creoet.

2243 5222 2436 5281 σχειν.
2472 5206 2829 5281 Cominunius
2865 5206 3011 5281 esset
3047 5210 3408 5281 παραδοῦναι,
3460 5225 3519 5269 ιιι
3561 5214 3809 5281 Latinis,

2246 5277 2487 5354 trudere;
2517 5278 2612 5332 sed
2638 5279 2921 5354 hominum
2955 5279 3057 5354 hoc
3090 5277 3141 5335 in
3166 5282 3425 5354 doctrina;
3446 5300 3643 5354 genere
3671 5277 3810 5339 lilw;

2244 5348 2512 5401 ralitatem
2541 5357 2595 5401 et
2626 5347 2883 5417 ἀφθονίαν
2906 5349 3141 5406 indicare
3173 5352 3357 5406 voluit.
3381 5347 3475 5407 Εεῖ
3503 5364 3682 5409 autem
3710 5358 3808 5410 τοῦ

2245 5418 2403 5484 λόγου
2429 5417 2688 5481 Atticum,
2724 5428 2780 5471 nt
2810 5419 2920 5483 iam
2949 5430 3074 5473 ante
3107 5422 3312 5475 monui.

2317 5487 2392 5558 (l)
2663 5486 2901 5557 μᾶλλον
2930 5485 3061 5543 οἶόν
3092 5508 3175 5544 τε.
3207 5490 3341 5568 Vera
3380 5493 3549 5568 lectio
3577 5509 3645 5549 ex
3686 5494 3797 5550 Pla-

2248 5568 2376 5635 tone
2410 5562 2692 5635 restituta,
2734 5574 2856 5635 cum
2903 5570 3029 5615 ante
3070 5562 3483 5618 mendosissiuie
3540 5565 3807 5635 legeretur

2247 5627 2397 5681 οὐδὲν
2428 5626 2535 5696 γὰρ
2570 5627 2766 5697 μᾶλλον
2796 5628 3017 5685 οἴονται.

2245 5732 2259 5779 ._
2283 5768 2294 5779 .
2321 5697 2396 5779 (ἢ)
2431 5698 2593 5779 Kurd
2630 5699 2701 5751 τὰ
2734 5714 2946 5779 cum.
2987 5699 3160 5770 Plato,
3188 5705 3281 5757 καὶ
3314 5702 3379 5756 τὰ
3407 5720 3603 5775 συγγρ.
3639 5704 3805 5762 Euse-

2244 5766 2337 5825 bio
2364 5766 2673 5823 haerendum
2704 5766 2905 5832 putavi.
