4034 6390
230 333 411 391 1189

1300 372 1309 377 -
1366 332 1691 389 PRAZPAB.
1734 332 1982 391 EVANG.
2029 333 2155 391 LIB.
2194 337 2333 393 XIV.

3370 342 3508 393 H90

194 453 591 539 ξρωτήματι,
647 457 735 513 καὶ
761 455 978 527 ἡσύχως
1022 456 1080 508 ὲν
1112 455 1265 528 μέρει
1320 455 1719 528 ἀποκρίνασθαί
1764 475 1816 510 τε

1929 473 2052 513 cum
2088 458 2297 515 insanis
2327 475 2389 515 ac
2436 458 2660 515 furiosis
2706 461 3040 530 colloquare.
3086 458 3320 514 Prorsus
3359 461 3503 513 enim

195 548 316 599 καὶ
352 550 612 621 ἐρέσθαι,
646 548 807 622 ἦττον
838 552 1020 613 αὐτοῖς
1040 549 1117 603 ἔνι
1148 550 1181 621 ἢ
1213 551 1273 603 τὸ
1307 551 1470 621 μηδέν
1490 569 1503 580 ’
1552 550 1750 621 μᾶλλον
1778 550 1833 604 δὲ

194 639 585 711 ὑπερϐάλλει
610 642 670 694 τὸ
701 642 809 695 οὐδ’
848 642 997 695 ούδὲν
1032 642 1167 712 πρὸς
1211 643 1271 695 τὸ
1317 642 1449 713 μηδὲ
1496 642 1725 713 σμικρὸν
1755 643 1830 713 (5)

195 731 450 787 ἐνεῖναι
477 738 589 797 τοῖς
621 734 875 804 ἀνδράσιν
910 736 1140 805 ἡσυχίας
1166 751 1179 765 ·
1216 734 1328 786 ἀλλ’
1368 734 1432 786 ἀν
1454 734 1577 787 τινά
1607 752 1658 788 τι
1693 734 1792 807 ἔρῃ
1814 775 1830 801 ,

193 821 439 897 ὥσπερ
471 829 534 878 ὲκ
580 828 859 897 φαρέτρας
906 825 1241 897 ῥηματίσκια
1305 824 1679 896 αἰνιγματώδη
1734 827 1830 879 ἀν-

196 919 538 981 ασπῶντες
572 918 952 982 ἀπα-τοξεύουσι
976 937 989 951 ⁸
1022 919 1115 971 καὶ
1146 918 1210 972 ἂν
1238 917 1427 970 τούτου
1466 918 1634 989 ζητῇς
1676 918 1830 987 λόγον

198 1005 458 1071 λαϐεῖν,
486 1010 537 1062 τί
588 1011 805 1080 είρηκεν
826 1052 840 1076 ,
887 1009 1055 1080 ἑτέρῳ
1088 1010 1336 1080 πεπλήξῃ
1368 1009 1568 1073 καινῶς
1598 1027 1831 1080 μετωνο-

204 1104 547 1172 μασμένῳ·
590 1106 840 1175 περανεῖς
882 1102 937 1154 δὲ
972 1102 1223 1156 οὐδέποτε
1264 1102 1415 1154 οὐδὲν
1464 1102 1598 1175 πρὸς
1639 1102 1830 1155 οὐδένα

199 1189 429 1241 αὐτῶν
448 1210 459 1220 ·
486 1192 606 1244 οὐδέ
630 1209 691 1259 γε
724 1194 919 1244 ἐκεῖνοι
950 1191 1103 1243 αὐτοὶ
1137 1192 1272 1261 πρδς
1301 1191 1578 1262 ἀλλήλους,
1622 1191 1735 1244 ἀλλ’
1769 1187 1827 1245 εὖ

202 1280 387 1333 πάνυ
425 1282 826 1351 φυλάττουσιτὸ
853 1280 1016 1352 μηδὲν
1043 1280 1253 1351 βέϐαιον
1287 1282 1380 1351 ὲᾷν
1413 1277 1568 1344 εἶναι,
1608 1280 1731 1350 μήτ’
1771 1280 1829 1331 ὲν

203 1366 414 1439 λόγῳ,
439 1371 563 1441 μήτ’
585 1373 643 1423 ὲν
667 1374 785 1435 ταῖς
814 1370 994 1423 αὐτῶν
1018 1370 1235 1440 ψυχαῖς,
1266 1369 1575 1440 ἡγούμενοι,
1611 1370 1685 1432 ὡς
1709 1369 1829 1439 ἐμοὶ

198 1461 415 1525 δοκεῖ,
437 1463 570 1515 αὐτὸ
594 1464 853 1533 στάσιμον
875 1459 1028 1516 εἶναι.
1061 1462 1244 1533 Τούτῳ
1269 1464 1325 1516 δὲ
1344 1464 1486 1516 πάνυ
1511 1461 1824 1532 πολεμοῦσι,

204 1553 330 1606 καὶ
365 1554 493 1607 καθ’
528 1555 649 1606 ὅσον
683 1554 957 1619 δύνανται,
995 1554 1327 1624 πανταχόθεν
1352 1553 1723 1607 ἐκϐάλλουσιν.
1757 1581 1827 1590 ——

212 1642 494 1711 Ἴσοι»ςῶ
522 1648 783 1719 Θεόδωρε,
806 1650 931 1711 τοὺς
960 1647 1158 1717 ἄνδρας
1192 1648 1530 1718 μαχομένους
1556 1646 1823 1718 ἑώρακας,

208 1740 592 1810 εἰρηνεύουσι
640 1740 695 1791 δὲ
722 1741 782 1792 οὐ
827 1740 1187 1807 συγγέγοναςο
1243 1741 1302 1792 ού
1343 1739 1451 1809 γάρ
1501 1756 1579 1791 σοι
1620 1738 1823 1807 ἑταῖροί

1937 548 2046 615 illi,
2071 565 2137 605 eo
2163 566 2323 621 quem
2351 551 2466 606 suis
2500 552 2553 605 in
2595 552 2812 621 scriptis
2851 562 3129 621 tantopere
3175 550 3505 615 ostendunt,

1934 640 2139 710 impetu
2178 642 2484 711 rapiuntur.
2537 640 2647 696 Nec
2679 645 2822 697 aliud
2856 645 3152 713 quidquam
3194 653 3311 710 est,
3355 643 3505 713 quod

1933 742 2122 797 parum
2160 730 2293 783 adeo
2322 731 2565 798 possint,
2604 746 2768 799 quam
2809 732 2925 785 suis
2964 731 3019 783 in
3069 731 3415 785 sermonibus
3451 738 3507 784 et

1932 820 2323 889 quaestionibus
2377 822 2645 876 sustinere
2692 824 2939 892 nonnihil
2995 840 3152 887 sese,
3203 839 3267 878 ac
3316 830 3505 893 pacate

1933 914 2095 966 modo
2126 913 2494 984 interrogare,
2532 916 2696 970 modo
2722 916 3051 985 respondere
3083 917 3323 971 vicissim
3352 936 3364 969 :
3394 917 3505 970 imo

1930 1002 2013 1055 vel
2048 1001 2225 1055 isthuc
2258 1002 2467 1071 ipsum,
2506 1005 2649 1072 quod
2695 1005 2963 1067 dicimus,
2999 1005 3145 1058 aliud
3206 1006 3503 1074 quidquam

1931 1107 2053 1146 esse
2083 1094 2254 1157 nihil,
2299 1096 2525 1149 nimium
2559 1097 2816 1167 quiddam
2850 1108 2933 1153 est
2958 1138 2973 1164 ,
3013 1115 3175 1169 quam
3223 1108 3281 1153 ut
3328 1100 3461 1153 satis
3488 1140 3502 1162 ,

1932 1199 1998 1236 ne
2021 1185 2286 1237 tantillum
2311 1186 2527 1254 quidem
2556 1203 2724 1255 genus
2781 1189 2883 1243 hoc
2936 1190 3216 1243 hominum
3256 1190 3505 1243 modera-

1932 1277 2096 1329 tionis
2130 1278 2328 1332 habere
2379 1279 2665 1347 significet.
2702 1279 2991 1335 Enimvero
3022 1282 3066 1335 si
3115 1282 3243 1351 quid
3297 1298 3364 1335 ex
3425 1281 3492 1334 iis

1930 1382 2171 1435 qumras,
2210 1368 2352 1421 illico
2378 1379 2635 1438 tanquam
2660 1385 2721 1423 ex
2769 1372 3020 1440 pharetra
3046 1411 3062 1434 ,
3097 1373 3321 1428 voculas
3349 1374 3505 1444 jacu-

1930 1458 2030 1511 lari
2062 1461 2411 1527 ainigmatum
2447 1462 2870 1530 persimiieszac
2907 1464 2953 1517 si
2985 1466 3067 1518 vcl
3118 1465 3281 1519 unius
3336 1465 3504 1519 ratio-

1929 1565 2052 1603 nem
2083 1550 2304 1619 exigas,
2337 1568 2458 1621 quae
2479 1552 2607 1606 dicti
2635 1554 2740 1607 vim
2777 1569 2841 1609 ac
2872 1569 3091 1609 sensum
3120 1558 3351 1625 aperiat,
3396 1558 3503 1614 alia

1930 1649 1981 1695 te
2015 1657 2207 1696 rursus
2240 1651 2452 1711 petere,
2477 1658 2638 1711 quam
2677 1658 2879 1697 novum
2919 1646 3123 1713 pariter
3154 1647 3505 1718 metonymia;

1930 1749 2101 1803 genus
2134 1734 2405 1789 obscuret.
2442 1734 2519 1789 lla
2560 1736 2694 1789 nihil
2718 1753 2956 1806 unquam
2982 1748 3075 1791 aut
3109 1748 3221 1793 tute
3248 1741 3391 1809 apud
3418 1740 3501 1796 is-

213 1833 405 1884 εἰσιν.
455 1830 617 1893 Ἀλλ’,
651 1827 837 1902 οἶμαι,
890 1831 959 1884 τά
990 1830 1209 1883 τοιαῦτα
1242 1833 1352 1892 τοῖς
1410 1830 1677 1901 μαθηταῖς
1730 1831 1816 1881 ἐπὶ

1927 1836 2011 1880 tos
2057 1826 2265 1883 efﬁcias
2294 1866 2309 1890 ,
2371 1836 2465 1882 aut
2522 1828 2744 1896 ipsimet
2779 1804 2918 1884 inter
2976 1844 3033 1884 se
3070 1850 3082 1884 :
3120 1804 3392 1901 siquidem
3448 1833 3501 1889 id

218 1921 446 1991 σχολῆς
474 1920 788 1992 φράζουσιν,
822 1920 914 1984 οὓς
952 1920 1017 1974 ἂν
1048 1920 1343 1991 βούλωνται
1388 1922 1605 1990 ὁμοίους
1644 1922 1824 1983 αὐτοῖς

217 2013 492 2082 ποιῆσαι.
517 2044 584 2053 -
620 2013 798 2075 Ποίοις
836 2013 1127 2083 μαθηταῖς,
1163 2006 1207 2064 ὧ
1234 2012 1508 2082 δαιμόνιε;
1555 2012 1685 2064 usas
1733 2010 1821 2079 γί-

218 2123 433 2173 γνεται
490 2106 597 2158 τῶν
640 2106 893 2158 τοιούτων
929 2106 1114 2175 ἕτερος
1145 2105 1330 2174 ἑτέρου
1369 2104 1613 2175 μαθητὴς
1637 2142 1650 2164 ,
1706 2103 1820 2156 ἀλλ’

224 2202 542 2271 αὖτόματοι
566 2199 912 2268 ἀναφύονται,
941 2197 1133 2251 ὁπόθεν
1167 2196 1230 2248 ἂν
1262 2196 1420 2267 τύχῃ,
1470 2196 1695 2258 ἕκαστος
1727 2196 1824 2248 αύ-

222 2294 351 2362 τῷν
386 2294 759 2355 ὲνθουσιάσας,
785 2292 878 2345 καὶ
904 2292 993 2345 τὸν
1020 2291 1204 2361 ἕτερον
1232 2291 1260 2342 ό
1285 2290 1468 2359 ἕτερος
1490 2288 1639 2341 οὐδὲν
1675 2290 1821 2358 ἡγεῖ-

224 2401 330 2439 ται
366 2386 586 2439 ειδέναι.
634 2384 791 2455 Παρὰ
820 2383 917 2454 μὲν
967 2378 1057 2435 οὖν
1096 2380 1319 2443 τούτων,
1353 2381 1488 2451 ὅπερ
1536 2376 1608 2453 ᾖα
1657 2378 1817 2451 ὲρῶν,

222 2478 342 2532 οὐκ
375 2479 441 2533 ἄν
480 2494 607 2531 ποτε
634 2475 817 2538 λάϐοις
851 2472 1166 2541 λόγον,ούτε
1212 2472 1469 2534 ἑκόντων,
1498 2469 1620 2523 οὔτε
1658 2470 1818 2523 άκόν-

226 2585 351 2623 των
371 2584 387 2598 ·
418 2568 614 2631 αὐτοὺς
642 2566 698 2619 δὲ
722 2566 804 2618 δεῖ
835 2564 1245 2637 παραλαϐόντας
1294 2563 1484 2635 ὥσπερ
1529 2562 1819 2633 πρόϐλημα

233 2660 681 2714 ἐπισκοπεῖσθαι.
713 2687 783 2697 -—
814 2659 924 2711 Kal.
957 2657 1190 2727 μετρίως
1221 2672 1282 2723 γε
1318 2655 1515 2722 λέγεις.
1551 2653 1624 2706 Τὸ
1668 2654 1723 2706 δὲ
1754 2653 1817 2723 δὴ

232 2752 538 2825 πρόϐλημα
586 2751 713 2804 ἄλλο
737 2768 790 2803 τι
839 2748 1250 2821 παρειλήφαμεν
1272 2788 1284 2810 ,
1320 2746 1352 2818 ἢ
1385 2745 1533 2817 παρά
1568 2746 1663 2817 μὲν
1710 2744 1816 2797 τῶν

231 2846 488 2915 ἀρχαίων
514 2844 650 2914 μετά
681 2844 948 2913 ποιήσεως
980 2840 1462 2910 ὲπικρυπτομένων
1508 2839 1635 2900 τοὺς
1685 2836 1815 2889 πολ-

232 2933 387 2998 λοὺς,
420 2933 496 2997 ὡς
533 2936 565 3003 ὴ
596 2934 807 3001 γένεσις
854 2930 962 2983 τῶν
995 2931 1242 2993 πάντων,
1308 2928 1559 2990 Ὠκεανός
1610 2944 1670 2980 τε
1724 2926 1816 2980 καὶ

234 3026 447 3097 Τηθὺς,
480 3025 654 3097 ῥεῦμα
675 3024 952 3095 τυγχάνει,
988 3024 1081 3076 καὶ
1111 3022 1263 3075 οὐδὲν
1298 3021 1527 3090 ἔστηκεο
1569 3019 1721 3091 παρὰ
1756 3018 1814 3072 δὲ

232 3122 349 3175 τῶν
376 3122 640 3192 ὑστέρων,
674 3120 767 3174 ᾶτε
795 3118 1134 3189 σοφωτέρων,
1172 3114 1473 3183 ἀναφανδὸν
1504 3114 1813 3167 ἀποδεικνυ-
1839 3144 1883 3201 c

238 3212 445 3282 μένων,
474 3212 560 3263 ἴνα
596 3210 688 3263 καὶ
718 3211 767 3262 οἱ
791 3208 1109 3276 σκυτοτόμοι
1139 3205 1317 3258 αὐτῶν
1343 3204 1441 3274 τὴν
1485 3202 1674 3272 σοφίαν
1711 3202 1814 3273 μά-

235 3302 409 3355 Θωσιν
447 3300 805 3364 ἀκούσαντες,
847 3298 940 3351 καὶ
974 3297 1287 3350 παύσωνται
1318 3295 1536 3364 ἠλιθίως
1579 3294 1812 3365 οίόμενοι

233 3393 309 3445 τὰ
348 3393 445 3462 μὲν
482 3393 722 3453 ἑστάναι,
749 3396 815 3444 τά
837 3390 891 3442 δὲ
921 3387 1181 3442 κινεῖσθαι
1224 3387 1330 3439 τῶν
1366 3386 1563 3439 όντων·
1614 3385 1813 3455 μαθόν-

230 3501 330 3547 τες
357 3484 433 3547 δὲ,
464 3484 543 3536 ὅτι
570 3484 745 3536 πάντα
774 3484 1022 3543 κινεῖται,
1055 3479 1286 3550 τιμῶσιν
1325 3476 1551 3541 αύτούς;
1602 3478 1811 3545 Ὀλίγου

232 3572 293 3627 δὲ
321 3572 702 3644 ἐπελαθόμην,
751 3566 797 3625 ὦ
834 3572 1091 3642 Θεόδωρε,
1126 3572 1205 3623 ὅτι
1252 3568 1399 3623 ἄλλοι
1448 3564 1513 3621 αὖ
1560 3568 1811 3621 τάναντία

232 3665 445 3726 τούτοις
466 3666 831 3733 ἀπεφήναντο.

1925 1918 2071 1971 omni
2099 1928 2291 1972 cavent
2323 1919 2503 1973 studio
2530 1959 2544 1981 ,
2578 1935 2644 1973 ne
2663 1920 2803 1973 firmi
2834 1921 3133 1990 quidquam
3182 1924 3264 1977 vel
3304 1926 3357 1978 in
3387 1924 3503 1980 dis-

1924 2010 2237 2078 putatione,
2273 2010 2357 2063 vel
2385 2011 2500 2064 suis
2530 2011 2771 2079 ipsorum
2830 2012 2883 2064 in
2924 2014 3235 2075 mentibus,
3291 2015 3499 2070 hazrere

1924 2102 2233 2169 patiantur;
2280 2103 2415 2168 rati,
2449 2103 2646 2172 opinor
2674 2143 2689 2169 ,
2723 2102 2826 2157 hoc
2860 2104 3035 2173 ipsum
3073 2119 3194 2159 esse
3225 2105 3498 2162 firmitatis

1923 2202 2085 2262 atque
2119 2194 2459 2248 constantiae.
2489 2192 2671 2259 Quare
2699 2194 2831 2247 illud
2884 2196 3107 2250 assiduo
3162 2210 3499 2264 persequun-

1922 2294 2011 2338 tur
2035 2285 2209 2349 bello,
2260 2295 2311 2340 et
2345 2286 2585 2354 undique
2623 2286 2787 2357 72ὶὶ⁹
2832 2297 3094 2355 quantum
3130 2287 3183 2339 in
3222 2286 3353 2356 ipsis
3377 2296 3495 2350 est,

1920 2375 2487 2433 exterminant.——Tu
2518 2392 2647 2431 vero
2678 2377 2928 2444 fortasse,
2958 2379 3031 2432 mi
3056 2376 3361 2443 Theodore,
3399 2379 3498 2432 ho—

1920 2466 2096 2521 mines
2127 2474 2335 2521 tantum
2367 2467 2548 2521 vidisti
2583 2468 2709 2521 dum
2740 2478 3077 2537 pugnarent,
3111 2469 3241 2523 dum
3270 2469 3323 2524 in
3365 2485 3498 2538 pace

1919 2557 2155 2625 degunt,
2186 2559 2492 2613 conveniSti
2518 2574 2821 2628 nunquam.
2853 2558 2963 2613 Nec
2987 2561 3223 2628 mirum,
3255 2560 3494 2614 familia-

1920 2664 2007 2703 res
2029 2649 2229 2719 quippe
2253 2649 2350 2703 tibi
2374 2665 2483 2704 non
2517 2658 2664 2704 sunt.
2695 2651 2765 2704 At
2794 2651 2908 2705 suis
2936 2691 2951 2714 ,
2979 2652 3171 2721 opinor
3198 2693 3213 2718 ,
3256 2651 3497 2721 discipu-

1918 2741 2020 2807 lis,
2054 2742 2159 2796 ista
2184 2742 2457 2811 explicant
2484 2743 2694 2807 otiose,
2729 2759 2869 2813 quos
2916 2743 3003 2798 sui
3040 2744 3248 2799 similes
3283 2744 3496 2799 efﬁcere

1918 2833 2102 2888 velint.
2138 2865 2204 2875 -
2232 2834 2381 2901 Quos
2406 2844 2462 2890 tu
2496 2836 2629 2889 mihi
2662 2835 2962 2905 discipulos
2982 2875 2998 2903 ,
3026 2836 3107 2889 vir
3130 2836 3347 2906 egregie
3372 2836 3394 2889 ?
3415 2833 3494 2892 Ne

1917 2925 2008 2978 alii
2036 2926 2255 2995 quidem
2288 2910 2519 2981 aliorum
2560 2927 2811 2996 discipuli
2847 2928 2934 2982 isti
2962 2936 3127 2993 sunt,
3172 2929 3264 2982 sed
3307 2929 3495 2982 oriun-

1917 3025 2005 3071 tur
2028 3017 2406 3087 exsistuntque
2435 3033 2530 3087 per
2558 3033 2680 3073 sese
2704 3058 2721 3083 ,
2754 3018 3116 3089 undecunque
3140 3019 3353 3073 tandem
3406 3019 3492 3072 fu-

1916 3124 2040 3164 rore
2062 3109 2317 3164 concitati
2350 3120 2741 3180 prorumpunt,
2790 3126 2892 3165 nec
2938 3113 3140 3166 sentire
3189 3111 3487 3181 quidquam

1919 3201 2057 3256 alter
2086 3202 2313 3257 alterum
2340 3204 2634 3258 existimat.
2662 3202 2796 3257 Cum
2833 3204 2995 3273 igitur
3019 3204 3089 3258 ab
3120 3204 3216 3269 iis,
3246 3213 3331 3261 .ut
3366 3214 3491 3257 ante

1918 3292 2064 3358 dixi,
2103 3308 2202 3348 nec
2238 3294 2577 3360 volentibus,
2608 3310 2707 3349 nec
2759 3294 2947 3348 invitis
2986 3295 3252 3348 rationem
3315 3293 3492 3360 expri-

1917 3401 2065 3441 mere
2098 3387 2301 3440 nullam
2326 3402 2631 3456 possnmus,
2670 3396 2877 3454 restat,
2919 3387 3059 3441 hanc
3101 3396 3161 3440 ut
3205 3402 3317 3439 rem
3360 3388 3491 3457 ipsi-

1917 3487 2026 3531 met
2055 3478 2107 3531 in
2138 3494 2332 3533 manus
2367 3494 2647 3533 sumamus
2675 3519 2688 3543 ,
2721 3488 2774 3534 et
2800 3480 2958 3548 quasi
2995 3479 3274 3548 problcma
3320 3480 3489 3548 quod-

1916 3566 2037 3619 dam
2065 3568 2349 3637 diligenter
2378 3570 2744 3624 excutiamus.
2798 3600 2866 3609 —
2913 3568 3123 3627 Modice
3173 3580 3230 3625 tu
3264 3572 3485 3641 quidem

1917 3674 1981 3713 ac
2007 3659 2259 3713 civiliter.
2294 3660 2399 3714 Sed
2433 3661 2579 3730 quod
2607 3662 2824 3717 tandem
2856 3662 3001 3717 aliud
3030 3664 3340 3733 accepimus
3364 3679 3487 3730 pro-

236 3755 412 3808 hlema
441 3796 455 3819 ,
486 3770 646 3824 quam
677 3770 800 3808 cum
845 3753 912 3807 ab
959 3753 1361 3822 antiquioribus
1415 3752 1541 3814 illis,
1585 3752 1678 3821 qui
1731 3750 1956 3822 poeticis
2026 3751 2324 3807 involucris
2382 3754 2663 3807 hominum
2700 3756 2894 3819 vulgus
2951 3757 3122 3810 latere
3163 3756 3484 3820 voluerunt,

234 3845 514 3901 Oceanum
574 3861 637 3902 ac
707 3845 914 3917 Tethyn
973 3861 1155 3900 rerum
1222 3845 1463 3899 onmium
1504 3843 1683 3899 fontes
1738 3860 1802 3898 ac
1845 3852 2127 3913 parentes,
2166 3843 2220 3898 in
2264 3856 2522 3916 perpetua
2574 3846 2812 3902 iluxione
2863 3848 3102 3913 versari,
3151 3848 3486 3918 proindeque

233 3938 376 3991 nihil
404 3938 708 3993 consistere
756 3958 770 3994 :
818 3947 931 3991 tum
971 3937 1136 3991 etiam
1186 3953 1216 3991 a
1247 3936 1679 4000 recentioribus,
1712 3935 1804 3990 sed
1841 3937 1935 4005 qui
1967 3945 2223 4006 tanquam
2289 3939 2649 4008 sapientiores
2701 3940 2951 4009 aperiunt
3013 3956 3171 4007 sese,
3219 3942 3486 3995 indicant-

230 4044 341 4100 que
362 4030 537 4099 palam
561 4071 576 4095 ,
612 4040 670 4084 ut
696 4030 796 4099 ipsi
827 4044 1048 4100 quoque
1076 4028 1343 4083 cerdones
1374 4044 1563 4083 eorum
1621 4027 1942 4097 sapientiam
1981 4027 2067 4082 vel
2149 4029 2419 4084 audiendo
2455 4032 2787 4099 intelligant,
2851 4033 3213 4103 desinuntque
3264 4036 3481 4088 tandem

230 4123 556 4193 simpliciter
609 4123 772 4177 nimis
832 4138 894 4176 ac
949 4123 1223 4191 pueriliter
1263 4122 1509 4191 opinari,
1561 4137 1591 4175 e
1638 4122 1799 4176 rebus
1840 4130 1985 4176 stare
2018 4124 2192 4188 alias,
2226 4124 2364 4179 alias
2422 4128 2668 4194 moveri;
2705 4137 2869 4198 atque
2927 4129 3074 4199 ipsos
3113 4131 3246 4185 adeo
3310 4134 3482 4200 magis

230 4221 555 4284 observent,
613 4233 737 4272 cum
789 4234 853 4271 ex
918 4218 985 4271 iis
1041 4227 1233 4271 cuncta
1287 4217 1492 4271 moveri
1544 4216 1867 4271 didicerint?
1930 4218 1997 4271 At
2049 4219 2245 4274 excidit
2306 4221 2437 4275 mihi
2490 4223 2912 4292 propemodum,
2975 4223 3296 4290 Theodore,
3345 4226 3480 4282 alios

228 4316 395 4369 etiam
426 4315 696 4369 contraria
750 4314 867 4368 istis
917 4313 1100 4366 omnia
1148 4312 1425 4378 statuisse.
1481 4312 1798 4381 Cuiusmodi
1837 4321 1921 4367 est
1954 4313 2116 4380 illud,

296 4424 438 4481 Οἶον
479 4428 763 4494 ἀκίνητον
803 4425 1026 4480 τελέθει
1060 4425 1139 4491 τῷ
1177 4426 1349 4479 πάντ’
1371 4425 1534 4493 ὄνομ’
1557 4423 1729 4490 εἶναι,

226 4539 338 4594 Καὶ
367 4540 501 4593 ἄλλα
538 4542 637 4593 ὅσα
668 4539 924 4593 Μέλισσοί
956 4557 1014 4591 τε
1047 4540 1139 4591 καὶ
1169 4538 1499 4609 Παρμενίδαι
1532 4539 1803 4592 ἐναντιού-

231 4650 384 4705 μενοι
416 4634 549 4686 πᾶσι
603 4632 812 4695 τούτοις
839 4630 1275 4703 διισχυρίζονται,
1308 4631 1383 4693 ὡς
1431 4630 1489 4683 ἓν
1538 4647 1597 4683 τε
1629 4632 1802 4685 πάντα

226 4722 367 4788 ἑστὶ,
404 4726 496 4777 καὶ
520 4724 748 4795 ἕστηκεν
777 4723 907 4776 αὐτὸ
928 4725 984 4777 ὲν
1018 4723 1212 4793 ἐαυτῷ,
1240 4724 1339 4775 οὐκ
1369 4722 1489 4791 ἕχον
1536 4721 1717 4793 χώραν
1744 4724 1802 4775 ὲν

226 4809 263 4889 ᾖ
297 4820 543 4871 κινεῖται.
605 4816 822 4879 Τούτοις
868 4812 980 4880 οὖν,
1032 4810 1076 4868 ὦ
1109 4816 1322 4886 ἑταῖρε,
1352 4818 1485 4868 πᾶσι
1510 4816 1561 4867 τί
1599 4816 1800 4886 χρησό-

231 4906 399 4976 μεθα;
429 4905 586 4959 Κατά
616 4908 844 4977 σμικρὸν
870 4908 978 4975 γὰρ
1010 4906 1307 4978 προϊόντες,
1349 4905 1651 4976 λελήθαμεν
1696 4905 1801 4975 άμ-

227 4999 468 5067 φοτέρων
499 5000 577 5061 είς
605 4998 663 5051 τὸ
690 4998 852 5068 μέσον
884 4999 1248 5062 πεπτωκότες.
1277 4999 1388 5052 Καὶ
1414 4999 1507 5051 ἐὰν
1528 5000 1600 5070 μή
1630 5016 1703 5067 πη
1724 4998 1796 5070 (4)

227 5090 554 5161 ἀμυνόμενοι
588 5090 956 5159 διαφύγωμεν,
979 5089 1132 5162 δίκην
1158 5090 1417 5160 δώσομεν,
1445 5090 1631 5160 ὥσπερ
1662 5092 1707 5141 oi
1743 5074 1798 5141 ὲν

227 5187 345 5247 ταῖς
383 5184 740 5255 παλαίστραις
764 5183 851 5237 διά
877 5184 1139 5254 γραμμῆς
1183 5182 1466 5247 παίζοντες
1492 5222 1504 5245 ,
1536 5184 1661 5236 ὅταν
1706 5184 1797 5235 ὑπ’

227 5276 547 5347 ἀμφοτέρων
566 5274 859 5345 ληφθέντες
882 5274 1145 5327 ἓλκωνται
1171 5277 1248 5337 είς
1271 5274 1543 5326 τάναντία.
1574 5292 1590 5323 ι
1614 5272 1797 5324 Ταῦτα

231 5367 329 5437 μὲν
361 5369 417 5419 εν
453 5366 760 5433 Θεαιτήτῳ.
798 5366 1051 5429 Μεταϐἀς
1074 5366 1197 5435 ἑξῆς
1223 5366 1313 5418 ἐπὶ
1349 5366 1439 5418 τὸν
1468 5365 1792 5434 Σοφιστὴν,

226 5454 379 5522 αὖθις
412 5460 537 5529 περί
563 5459 669 5512 τῶν
700 5460 804 5530 πρὸ
836 5458 996 5511 αὑτοῦ
1018 5458 1321 5528 γενομένων
1355 5457 1596 5525 φυσικῶν
1649 5458 1795 5525 φιλο-

205 5551 404 5621 ¹σόφων
431 5551 605 5605 τοιάδε
638 5552 820 5622 φησίν
866 5571 883 5602 ι
907 5549 1155 5611 Εύκόλως
1186 5567 1277 5619 μοι
1306 5548 1381 5618 (5)
1408 5548 1553 5601 δοκεῖ
1577 5548 1795 5617 Παρμε-

198 5636 204 5663 ί

227 5710 374 5837 Pl?)
412 5708 577 5776 Μηδὲ
620 5724 891 5777 σμικρον.
944 5706 1125 5761 lsthuc
1160 5703 1289 5775 μηδέ
1358 5701 1687 5759 inscruimus
1724 5718 1789 5758 ex

323 5790 465 5833 toue.

323 5790 465 5833 toue.

1914 4426 2094 4481 Totius
2136 4445 2311 4483 rerum
2362 4448 2422 4482 ac
2482 4448 2752 4500 proprium
2790 4442 2900 4498 est,
2950 4433 3217 4487 immobile
3268 4450 3473 4489 nomen.

1906 4540 2084 4611 Atque
2126 4544 2227 4597 alia
2283 4545 2333 4598 id
2388 4561 2577 4613 genus,
2626 4562 2747 4615 quae
2791 4546 2990 4601 Melissr
3040 4561 3103 4600 ac
3140 4544 3477 4601 Parmenidaa

1904 4631 2164 4685 adversus
2217 4633 2337 4688 illos
2392 4628 2583 4690 omnes
2634 4652 2847 4689 summa
2898 4637 3241 4690 contentione
3288 4633 3475 4690 defen-

1902 4721 2075 4775 dunt:
2120 4734 2313 4777 cuncta
2349 4725 2607 4779 nimirum
2638 4742 2803 4779 unum
2836 4740 2977 4788 esse,
3012 4726 3155 4795 quod
3191 4725 3243 4778 in
3274 4735 3473 4779 semet-

1902 4813 2021 4883 ipso
2064 4816 2361 4872 consistat:
2434 4834 2532 4872 nec
2584 4819 2762 4873 locum
2809 4818 3004 4871 habeat
3052 4818 3220 4871 ullum
3259 4818 3313 4870 in
3362 4832 3473 4886 quo

1902 4914 2203 4961 moveatur.
2240 4905 2335 4962 llis
2370 4909 2625 4964 omnibus
2668 4910 2851 4981 igitur,
2887 4911 2959 4963 mi
2998 4909 3304 4972 Theodore,
3339 4910 3467 4979 quid

1902 4993 2207 5052 faciamus?
2250 4997 2461 5055 Sensim
2518 5003 2662 5056 enim
2704 5002 2941 5072 provecti
2978 5002 3240 5064 ulterius,
3291 5003 3343 5055 in
3392 5003 3470 5056 fa-

1901 5090 2097 5145 ctionis
2128 5092 2410 5162 utriusque
2450 5095 2685 5149 medium
2738 5095 3106 5164 imprudentes
3149 5094 3462 5147 incidimus.

1898 5178 1964 5232 Et
1996 5181 2050 5234 ni
2088 5196 2300 5251 quaqua
2355 5162 3174 5255 perrumpenteseffugerimus,
3216 5185 3466 5237 dabimus

1898 5271 2139 5341 profecto
2193 5276 2515 5329 temeritatis
2578 5287 2777 5331 nostra!
2831 5292 3053 5349 pmnas,
3110 5286 3167 5329 ut
3212 5277 3317 5329 illis
3360 5290 3462 5327 usu

1898 5366 2063 5431 venit,
2099 5366 2192 5431 qui
2236 5367 2562 5437 descriptam
2627 5369 2692 5423 ad
2738 5370 2937 5423 lini-am
2980 5370 3032 5422 in
3083 5369 3330 5443 palaestra
3380 5366 3466 5419 lu-

1895 5455 2053 5520 dunt,
2089 5472 2210 5510 cum
2245 5458 2314 5511 ab
2345 5468 2571 5527 utraque
2604 5468 2757 5529 parte
2804 5460 3084 5529 intercepti
3130 5459 3258 5512 hinc
3301 5465 3463 5526 atque

1896 5544 2023 5599 hinc
2066 5546 2312 5601 distracti
2356 5549 2664 5617 rapiuntur.
2711 5568 2730 5600 ι
2770 5549 3041 5606 llactenus
3075 5551 3131 5604 in
3180 5548 3461 5603 Tltewteto.

1966 5700 2040 5769 (4)
2063 5701 2157 5769 Μή
2188 5716 2292 5767 πη.
2319 5699 2395 5755 Ita
2430 5701 2711 5769 legendum
2743 5718 2805 5756 ex
2833 5701 3075 5766 Platone,
3097 5718 3202 5757 non
3234 5702 3329 5770 μέι

1967 5771 2042 5840 (5)
2087 5772 2365 5836 Eiwc’dwg
2388 5789 2507 5840 μοι.
2540 5770 2681 5827 Idem
2711 5773 2761 5826 in
2796 5773 3070 5842 Sop/cisla,
3110 5790 3227 5840 pag.
3270 5772 3365 5825 158
3393 5770 3457 5824 Ο.
