4090 6382
572 280 706 336 1191

1208 278 1481 335 EUSEBll
1520 269 1999 335 CIESARIENSIS
2036 270 2201 333 ὈΡΡ.
2233 270 2424 331 PARS
2463 273 2526 328 ll.
2566 302 2635 315 -
2672 268 3169 327 APOLOGETICA.

3680 265 3828 323 I192

566 396 685 453 1am
731 397 785 451 in
821 394 1065 467 Sopltista
1116 397 1183 451 de
1226 397 1428 451 iisdem
1466 397 1741 468 physicis,
1778 398 1872 467 qui
1910 406 2037 451 ante
2083 412 2135 452 se

2244 397 2393 467 νίδης
2422 396 2553 465 ἡμῖν
2589 391 2915 461 διειλέχθαι,
2944 391 3038 442 καὶ
3088 391 3194 451 πᾶς
3237 388 3384 449 ὅστις
3438 386 3568 456 ἡμῖν
3602 383 3827 438 πώποτε

560 490 900 555 docuerant,
951 489 1096 542 hunc
1152 487 1206 541 in
1255 489 1481 543 modum
1530 488 1813 558 loquitur:
1866 507 1885 541 ι
1926 487 2141 543 Leviter

566 580 883 644 admodum,
935 581 1132 650 inquit,
1179 579 1535 637 Parmenides
1582 582 1685 636 hac
1719 581 1853 635 mihi
1897 581 2141 651 disputa-

556 674 716 727 tione
743 674 1063 743 perfunctus
1098 672 1337 738 videtur,
1371 672 1665 743 czeterique
1706 688 1932 749 omnes,
1969 678 2140 743 ‘quot~

565 775 700 833 quot
733 781 971 835 unquam
1014 768 1112 819 hoc
1135 765 1188 818 in
1210 765 1627 834 philosophandi
1672 781 1843 834 genus
1877 764 2138 818 incubue~

558 870 645 919 re,
688 866 746 909 ut
776 856 843 909 de
874 870 1063 910 eorum
1100 870 1221 923 qua:
1252 868 1380 909 sunt
1410 863 1465 908 et
1517 868 1746 910 numero
1772 895 1787 920 ,
1829 862 1884 908 et
1927 854 2138 908 ratione

551 946 996 1016 pronuntiarent.
1039 944 1272 1000 Perinde
1322 945 1582 999 nimirum
1629 946 1682 999 id
1731 952 1919 1014 agunt,
1974 959 2040 998 ac
2089 943 2135 998 si

562 1038 747 1107 pueris
801 1036 1041 1092 fabulam
1095 1046 1399 1092 narrarent.
1453 1036 1618 1108 725
1667 1037 1824 1091 Alius
1871 1036 2015 1091 enim
2070 1050 2136 1091 ea

559 1146 685 1200 qua:
715 1140 862 1197 sunt,
895 1133 996 1187 tria
1031 1132 1334 1195 constituit,
1364 1140 1529 1200 atque
1556 1130 1846 1200 ejusmodi,
1875 1145 1906 1184 e
1935 1128 2135 1199 quibus

559 1225 742 1296 aliqua
784 1224 913 1290 duo,
951 1224 1227 1280 interdum
1259 1223 1479 1294 quidem
1505 1238 1692 1278 secum
1720 1222 1838 1292 ipsa
1868 1228 2132 1291 pugnent,

559 1316 835 1372 interdum
874 1331 1004 1371 vero
1038 1316 1391 1371 reconciliata
1428 1315 1622 1385 gratia,
1662 1314 1909 1381 initoque
1942 1310 2135 1365 matri-

559 1411 748 1464 monio
779 1407 943 1465 fanus
998 1409 1319 1478 suscipiant,
1367 1409 1568 1478 quibus
1621 1408 1819 1461 deinde
1876 1407 2134 1461 alimenta

556 1499 922 1569 suppeditent.
961 1497 1117 1553 Alius
1160 1498 1267 1552 duo
1312 1507 1522 1551 tantum
1582 1498 1901 1568 assignans,
1953 1495 2131 1549 humi-

557 1583 690 1637 dum
729 1589 784 1637 et
819 1582 1046 1647 siccum,
1097 1582 1183 1636 vel
1221 1581 1457 1636 calidum
1511 1590 1566 1635 et
1617 1581 1897 1651 frigidum,
1940 1581 2129 1636 eadem

559 1673 840 1726 consociat
866 1680 1027 1740 atque
1060 1671 1336 1726 diffundit.
1362 1672 1518 1740 Apud
1546 1687 1649 1726 nos
1683 1680 1864 1726 autem
1890 1670 2130 1726 Eleatica

560 1763 712 1817 natio
743 1764 1023 1828 universa,
1066 1778 1193 1832 quae
1227 1763 1340 1833 jam
1388 1764 1514 1818 inde
1547 1778 1577 1818 a
1626 1762 1989 1834 Xenophane,
2031 1778 2126 1818 eo-
2156 1744 2205 1807 Β

564 1870 673 1924 que
697 1855 1090 1910 vetustioribus
1127 1856 1284 1909 duxit
1326 1854 1541 1909 initium
1567 1896 1582 1920 ,
1638 1870 1760 1924 quae
1801 1856 1964 1926 vulgo
1997 1870 2131 1910 cun-

558 1955 650 2001 cta
683 1946 940 2012 dicimus,
988 1961 1051 2001 ea
1099 1961 1210 1999 non
1265 1945 1372 2000 nisi
1415 1961 1585 2000 unum
1629 1945 1835 2016 aliquid
1891 1962 2012 2001 esse
2051 1945 2132 2001 fa-

559 2038 800 2092 bulatur.
836 2036 930 2091 His
959 2051 1275 2092 successere
1308 2037 1511 2091 Ionicae
1540 2036 2130 2109 quaedamﬁiculazque

562 2143 753 2194 musae,
795 2127 997 2197 quibus
1051 2126 1299 2181 securius
1340 2125 1518 2180 visum
1564 2134 1649 2181 est
1701 2127 1780 2183 sic
1821 2127 2132 2189 opinionem

445 2233 454 2239 ·
562 2224 851 2287 utramque
892 2216 1265 2286 conjungere,
1319 2222 1381 2269 ut
1436 2215 1492 2270 id
1535 2217 1683 2286 quod
1736 2225 1839 2283 est,
1891 2218 2031 2272 idem
2079 2228 2133 2274 et

560 2310 733 2365 multa
771 2318 825 2363 et
880 2323 1050 2363 unum
1088 2323 1212 2363 esse
1264 2308 1540 2374 dicerent,
1589 2308 1822 2379 odioque
1873 2308 2036 2364 simul
2079 2318 2132 2364 et

559 2402 803 2456 amicitia
850 2401 1141 2455 contineri.
1192 2400 1418 2469 Semper
1473 2400 1621 2455 enim
1654 2401 1969 2457 dissidendo
2007 2417 2134 2458 con-

563 2494 749 2557 sentit,
786 2501 849 2548 ut
893 2501 1102 2547 canunt
1148 2491 1488 2547 robustiores
1519 2507 1711 2547 musa}.
1753 2491 1890 2546 Nam
1941 2493 2133 2547 remis-

561 2585 735 2639 siores
769 2583 1012 2653 quidem,
1042 2582 1366 2636 sententiam
1398 2582 1571 2647 illam,
1602 2596 1724 2651 quae
1763 2597 1979 2651 semper
2022 2581 2133 2636 haec

561 2676 750 2733 eodem
786 2674 956 2729 modo
986 2674 1187 2729 habere
1217 2672 1562 2740 defendebat,
1594 2673 1669 2728 ita
1699 2673 2039 2739 mollierunt,
2074 2681 2135 2727 ut

560 2770 763 2825 eaedem
801 2766 1046 2823 vicissim
1086 2765 1191 2822 hoc
1229 2765 1546 2823 universum
1570 2803 1586 2829 ,
1626 2763 1790 2819 modo
1830 2779 1997 2818 unum
2035 2764 2132 2817 ali-

559 2863 693 2933 quid
731 2877 855 2918 esse
900 2860 1177 2924 dicerent,
1214 2859 1361 2929 quod
1400 2873 1586 2913 amore
1620 2856 1801 2914 Venus
1835 2858 2130 2928 colligaret,

561 2954 726 3010 modo
762 2952 1037 3007 discordia
1070 2950 1257 3006 nescio
1282 2964 1389 3019 qua
1419 2949 1558 3013 ﬁeri,
1596 2957 1657 3003 ut
1692 2948 1858 3012 idem,
1885 2957 1939 3003 et
1964 2947 2132 3001 multa

561 3046 807 3119 quaedam
848 3053 1018 3110 esset,
1057 3053 1111 3099 et
1151 3057 1335 3098 secum
1370 3041 1550 3111 ipsum
1596 3040 1774 3097 hostis
1812 3056 1967 3096 more
2002 3056 2133 3097 con-
2158 3083 2201 3143 α

560 3137 789 3206 tiigeret.
839 3133 965 3190 Haec
1011 3132 1231 3196 omnia,
1276 3147 1369 3186 seu
1423 3146 1549 3186 vere
1596 3131 1719 3199 quis
1774 3145 1994 3198 eorum,
2035 3147 2132 3188 seu

564 3224 705 3278 falso
735 3222 956 3287 dixerit,
992 3234 1156 3291 grave
1190 3234 1256 3275 ac
1288 3218 1619 3289 ﬂagitiosum
1657 3230 1824 3288 esset,
1866 3222 2031 3277 tantis
2076 3223 2131 3278 in

561 3314 725 3369 rebus
745 3312 894 3368 viros
932 3311 1176 3381 insignes
1211 3309 1533 3379 priscosque
1570 3311 1915 3381 redarguere.
1943 3330 1964 3363 ι
1993 3310 2132 3367 Tum

559 3403 751 3475 paucis
792 3401 1123 3472 quibusdam
1153 3400 1454 3470 interjectis
1487 3418 1502 3456 :
1546 3420 1565 3453 ι
1605 3399 1869 3470 Necdum,
1913 3405 2125 3474 inquit,

562 3497 689 3550 illos
726 3509 919 3548 omnes
948 3491 1348 3554 recensuimus,
1381 3493 1475 3563 qui
1511 3502 1618 3547 tam
1650 3493 1717 3548 de
1753 3510 1820 3549 eo
1850 3496 1992 3565 quod
2024 3512 2130 3550 non

559 3598 666 3655 est,
703 3604 868 3658 quam
904 3588 973 3643 de
997 3601 1067 3642 eo
1095 3587 1241 3657 quod
1275 3596 1379 3651 est,
1421 3589 1734 3643 accuratius
1763 3589 2128 3659 disputarunt.

562 3682 950 3737 Verumtamen
985 3681 1120 3747 satis
1159 3682 1263 3736 ista
1298 3690 1483 3737 sunto.
1521 3680 1676 3737 Nunc
1714 3698 1810 3738 eos
1846 3699 2010 3753 porro
2055 3685 2132 3737 vi-

561 3777 810 3843 deamus,
853 3776 949 3846 qui
984 3775 1089 3830 alia
1143 3775 1329 3829 omnia
1386 3784 1740 3841 censuerunt,
1795 3785 1857 3830 ut
1896 3775 1948 3830 id
1987 3777 2133 3847 quod

560 3879 664 3933 est,
710 3868 883 3924 nihilo
935 3869 1241 3940 promptius
1284 3868 1548 3939 eo.quod
1602 3883 1709 3923 non
1756 3877 1872 3935 est,
1924 3869 1991 3924 ad
2039 3885 2134 3924 ex-

563 3960 872 4031 plicandum
912 3976 1054 4027 esse,
1104 3961 1349 4015 omnium
1380 3976 1445 4014 ex
1489 3959 1773 4016 sententiis
1799 3960 2129 4017 auferamus.

563 4050 775 4121 Quippe
814 4051 1046 4105 adeundi
1080 4050 1239 4105 nobis
1275 4060 1404 4105 sunt
1435 4050 1523 4105 isti
1556 4066 1794 4121 quoque.
1826 4051 1986 4121 Atqui
2021 4053 2134 4108 haec

562 4144 681 4212 ipsa
713 4144 781 4197 de
824 4145 1074 4198 essentia:
1125 4144 1337 4197 ratione
1391 4144 1796 4209 controversia,
1841 4144 2132 4213 quamdam

563 4234 705 4288 inter
752 4233 872 4288 illos
918 4235 1079 4287 etiam
1122 4234 1335 4288 videtur
1379 4234 1677 4304 gigantium
1713 4252 1947 4306 pugnam
1994 4236 2137 4291 exci-

564 4336 727 4382 tasse.
756 4356 825 4366 -
853 4325 954 4392 Qui
992 4327 1206 4381 tandem
1225 4327 1248 4381 ‘I
1269 4358 1341 4367 —-
1369 4325 1634 4381 Nimirum
1688 4329 1810 4395 alii,
1867 4329 1996 4381 dum
2037 4345 2132 4399 pe-

2240 489 2336 542 ὲπὶ
2366 487 2545 557 κρίσιν
2574 485 2800 557 ὥρμησε
2820 483 2914 535 τοῦ
2945 483 3014 535 τά
3038 481 3167 534 ὄντα
3190 479 3563 552 διορίσασθαι,
3592 477 3733 529 πόσα
3761 494 3829 528 τε

2241 581 2335 633 καὶ
2368 578 2496 632 ποῖά
2524 579 2659 630 ἐστι.
2685 574 2867 629 Μῦθόν
2893 591 3013 627 τινα
3037 574 3265 635 ἕκαστος
3298 570 3544 640 φαίνεταί
3584 586 3674 638 μοι
3699 568 3826 638 διη-

2242 668 2476 738 γεῖσθαι,
2508 669 2693 722 παισὶν
2722 666 2798 731 ὡς
2821 662 2970 720 οὖσιν
3018 667 3168 735 ἡμῖν.
3208 664 3267 715 Ὀ
3298 663 3396 730 μὲν
3415 702 3429 727 ,
3487 661 3564 724 ὡς
3594 660 3723 731 τρία
3755 659 3829 712 τὰ

2238 761 2393 824 ὄντα,
2447 759 2674 830 πολεμεῖ
2703 758 2760 811 δὲ
2815 757 3064 829 ἀλλήλοις
3094 756 3264 809 ἐνίοτε
3315 753 3492 807 αὐτῶν
3549 752 3683 806 ἄττα
3719 769 3824 822 πη,

2236 851 2358 904 τοτὲ
2385 851 2443 904 δὲ
2472 851 2566 904 καὶ
2598 850 2728 919 φίλα
2750 848 3069 919 γιγνόμενα,
3104 848 3315 916 γάμους
3362 862 3423 897 τε
3470 844 3566 897 καὶ
3602 843 3823 905 τόκους,

2236 943 2331 996 καὶ
2358 941 2564 1013 τροφὰς
2618 940 2726 994 τῶν
2748 940 2985 1009 ἐγγόνων
3036 938 3354 1011 παρέχεται.
3405 935 3508 988 Δύο
3549 934 3605 987 δὲ
3632 934 3825 1004 ἕτερος

2235 1034 2425 1101 εἰπὼν,
2459 1034 2624 1106 ὑγρὸν
2658 1034 2751 1086 καὶ
2784 1031 2964 1102 ξηρὸν,
2992 1030 3025 1101 ἢ
3051 1029 3251 1100 θερμὸν
3282 1028 3378 1081 καὶ
3410 1026 3653 1097 ψυχρὸν,
3687 1041 3823 1076 συν-

2234 1124 2426 1188 οικίζει
2447 1141 2505 1177 τε
2539 1123 2676 1176 αὐτὰ
2721 1122 2814 1176 καὶ
2840 1121 3107 1174 ἐκδίδωσι.
3139 1120 3211 1172 Τὸ
3229 1119 3286 1173 δὲ
3309 1118 3437 1189 παρ’
3470 1119 3603 1187 ἡμῖν
3632 1116 3822 1170 Ἐλεαο

2232 1216 2382 1269 τικὸν
2410 1214 2561 1279 ἔθνος
2586 1216 2748 1277 ἅπαν,
2777 1213 2885 1267 ἀπὸ
2905 1211 3237 1280 Ξενοφάνους
3252 1228 3310 1263 τε
3339 1210 3436 1263 καὶ
3463 1209 3543 1262 ἔτι
3578 1208 3823 1279 πρόσθεν

2233 1307 2536 1379 ἀρξάμενον
2555 1347 2569 1370 ,
2624 1306 2699 1370 ὡς
2732 1306 2851 1368 ἑνὸς
2884 1303 3035 1366 ὗντος
3059 1302 3166 1357 τῶν
3196 1303 3411 1356 πάντων
3441 1301 3821 1371 καλουμένων,

2234 1400 2377 1454 οὕτω
2401 1400 2731 1471 διεξέρχεται
2780 1400 2888 1462 1τοῖς
2938 1398 3148 1469 μύθοις.
3193 1396 3358 1459 Ἰάδες
3384 1395 3442 1448 δὲ
3477 1396 3574 1448 xci.
3610 1393 3824 1449 Σικελι-

2236 1492 2329 1546 καί
2354 1509 2499 1555 τινες
2519 1490 2593 1563 (6)
2638 1490 2862 1562 ὕστερον
2890 1489 3104 1544 Μοῦσαι
3138 1488 3460 1559 ξυνενόησαν
3482 1528 3497 1551 ,
3548 1488 3632 1540 ὅτι
3672 1504 3821 1557 συμ-

2236 1583 2452 1637 πλέκειν
2480 1582 2883 1653 ἁσφαλέστερον
2911 1581 3199 1652 ’ἀμφότερα
3248 1580 3341 1633 καὶ
3385 1579 3565 1647 λέγειν
3584 1619 3599 1644 ,
3645 1578 3723 1641 ὡς
3756 1577 3823 1631 τὸ

2231 1676 2290 1730 ὃν
2330 1675 2499 1731 πολλά
2521 1693 2580 1729 τε
2612 1676 2705 1728 καὶ
2736 1674 2795 1727 ’ἐν
2826 1675 2992 1736 ἐστιν,
3023 1672 3191 1743 ἔχθρᾳ
3213 1671 3269 1725 δὲ
3296 1672 3392 1724 καὶ¹
3413 1670 3567 1742 φιλίᾳ
3590 1670 3820 1740 συνέχε-

2233 1785 2341 1821 ται.
2368 1767 2772 1838 Διαφερόμενον
2801 1763 2911 1835 γὰρ
2923 1764 3011 1817 ἀεὶ
3041 1762 3396 1834 ξυμφέρεται,
3423 1763 3587 1832 φασὶν
3608 1763 3666 1817 αί
3689 1780 3820 1815 συν-

2231 1858 2524 1930 τονώτεραι
2547 1856 2654 1911 τῶν
2682 1855 2945 1910 Μουσῶψ
2979 1855 3035 1908 αἱ
3084 1854 3139 1907 δὲ
3187 1852 3575 1926 μαλακώτεραι
3624 1853 3687 1906 τὸ
3714 1854 3819 1923 μὲν

2232 1949 2319 2002 ἀεὶ
2358 1949 2432 2017 (7)
2466 1948 2638 2001 ταῦτα
2686 1946 2859 2009 οὕτως
2912 1945 3053 2016 ἔχειν
3110 1945 3408 2015 ὲχάλασαν·
3443 1945 3502 1998 ἐν
3552 1945 3709 2017 μέρει
3759 1945 3818 1998 δὲ

2230 2040 2350 2093 τοτὲ
2382 2041 2479 2111 μὲν
2503 2039 2560 2091 ἓν
2583 2036 2720 2092 εἷναί
2752 2055 2881 2106 φασι
2900 2037 2963 2090 τὸ
2998 2038 3102 2090 πᾶν
3135 2038 3229 2090 κα)⁸
3253 2037 3402 2107 φίλον
3428 2036 3518 2089 ὑπ’
3561 2018 3817 2107 ’Ᾰφροδί-

2231 2149 2330 2204 της
2347 2149 2360 2163 ·
2396 2131 2517 2185 τοτὲ
2541 2130 2598 2182 δὲ
2628 2130 2818 2193 πολλὰ,
2842 2130 2936 2183 καὶ
2967 2128 3226 2198 πολέμιον
3252 2127 3386 2180 αὐτὸ
3418 2125 3568 2205 αὐτῷ
3592 2126 3685 2179 διὰ
3704 2128 3818 2180 νεῖ-

2233 2225 2327 2289 κός
2353 2242 2424 2278 τι.
2463 2223 2647 2276 Ταῦτα
2674 2222 2730 2275 δὲ
2769 2224 2947 2277 πάντα
2999 2223 3048 2275 εἰ
3120 2221 3217 2292 μὲν
3270 2220 3487 2291 ἀληθῶς
3534 2220 3685 2291 τιςῆ
3738 2219 3818 2293 μὴ

2231 2315 2436 2370 τούτων
2465 2313 2680 2387 εἴρηκε,
2707 2313 2940 2385 χαλεπὸν
2973 2314 3068 2367 καὶ¹
3092 2312 3407 2383 πλημμελὲς
3434 2312 3578 2366 οὕτω
3599 2312 3820 2382 μεγάλα

2234 2404 2463 2465 κλεινοῖς
2495 2402 2588 2455 καὶ
2622 2401 2871 2465 παλαιοῖς
2900 2401 3157 2472 ἀνδράσιν
3186 2402 3465 2472 ἐπιτιμᾷν.
3492 2420 3511 2451 ι
3534 2403 3647 2453 Καὶ
3673 2402 3820 2473 μετὰ

2235 2493 2443 2565 βραχέα
2480 2492 2755 2560 ἐπιλέγει·
2801 2512 2819 2544 ι
2842 2494 2980 2555 Τοὺς
3012 2492 3109 2561 μὲν
3137 2493 3316 2546 τοίνυν
3366 2493 3817 2565 διακριϐολογουο

2237 2585 2429 2656 μένους
2452 2583 2606 2649 ὄντος
2636 2601 2697 2637 τε
2725 2583 2853 2657 πέρι
2881 2585 2975 2639 καὶ
3017 2585 3091 2656 μὴ
3117 2585 3323 2649 πάντας
3351 2586 3448 2657 μὲν
3477 2587 3538 2639 οὐ
3566 2586 3818 2657 διεληλύ-

2235 2677 2406 2749 θαμεν
2429 2695 2443 2710 ·
2466 2678 2615 2749 ὅμως
2643 2677 2690 2730 δ’
2738 2676 2940 2741 ἱκανῶς
2973 2677 3176 2749 ἐχέτωο
3226 2679 3352 2741 τοὺς
3390 2678 3449 2731 δὲ
3486 2679 3663 2743 ἄλλως
3716 2679 3816 2734 λέ-

2233 2787 2427 2839 γοντας
2463 2768 2531 2823 αὖ
2562 2769 2801 2832 θεατέον,
2839 2770 2905 2822 ἵν’
2932 2771 2997 2824 ὲκ
3021 2770 3236 2824 πάντων
3267 2770 3464 2842 ἴδωμεν
3482 2811 3497 2835 ,
3529 2772 3613 2825 ὅτι
3656 2771 3721 2825 τὸ
3750 2770 3817 2826 ὃν

2231 2859 2325 2913 τοῦ
2360 2860 2434 2931 μὴ
2465 2859 2617 2922 ὄντος
2658 2859 2809 2914 οὐδὲν
2850 2858 3222 2932 εὐπορώτερον
3277 2863 3451 2915 εἰπεῖν
3500 2863 3531 2915 ὃ
3576 2879 3630 2915 τι
3676 2863 3817 2917 ποτέ

2233 2951 2399 3004 ἐστιν.
2424 2949 2631 3004 οὐκοῦν
2654 2950 2981 3022 πορεύεσθαι
3011 2951 3116 3022 χρὴ
3148 2952 3242 3005 καὶ
3272 2953 3365 3005 ἐπὶ
3410 2953 3640 3017 τούτοις.
3696 2955 3819 3007 Καὶ

2236 3044 2343 3116 μὴν
2378 3042 2522 3096 ἔοικέ
2554 3060 2618 3113 γε
2661 3044 2719 3096 ὲν
2746 3042 2927 3106 αὐτοῖς
2958 3039 3071 3098 οἷον
3108 3045 3507 3116 γιγαντομαχία
3541 3062 3629 3108 τις
3668 3040 3817 3099 εἶναι

2232 3135 2320 3189 διὰ
2340 3135 2438 3207 τὴν
2456 3133 2861 3207 ἀμφισϐήτησιν
2878 3152 2944 3187 πε
2951 3135 3007 3206 pi.
3031 3135 3130 3206 τῆς
3155 3135 3341 3199 οὐσίας
3364 3135 3500 3207 πρὸς
3524 3135 3815 3207 ἀλλήλους.

2232 3225 2478 3291 -Πῶςς
2508 3228 2655 3280 -Οί
2692 3226 2791 3296 μὲν
2823 3227 2901 3289 εἰς
2928 3225 3032 3296 γῆν
3060 3225 3122 3291 ἐξ
3146 3226 3375 3299 οὐρανοῦ
3400 3228 3496 3281 καὶ
3519 3226 3615 3282 τοῦ
3645 3228 3821 3299 ἀορά-

2232 3336 2327 3372 του
2363 3317 2538 3372 πάντα
2564 3319 2803 3384 ἕλκουσι,
2828 3321 2949 3384 ταῖς
2978 3320 3165 3391 χερσὶν
3194 3320 3434 3391 ἀτεχνῶς
3466 3320 3671 3392 πέτρας
3714 3321 3820 3375 καὶ

2231 3408 2361 3480 δρῦς
2412 3408 2923 3481 περιλαμϐάνοντες.
2960 3410 3080 3464 Τῶν
3121 3410 3230 3483 γὰρ
3272 3410 3527 3465 τοιούτων
3571 3412 3818 3481 ἐφαπτό-

2236 3517 2385 3570 μενοι
2440 3500 2678 3564 πάντων,
2733 3501 3155 3574 διισχυρίξονται
3196 3501 3355 3557 τοῦτο
3408 3499 3547 3557 εἶναι
3594 3504 3758 3575 μόνον
3784 3505 3817 3558 ὃ

2233 3590 2461 3663 παρέχει
2499 3590 2804 3664 προσϐολὴν
2856 3594 2951 3646 καὶ
2984 3595 3200 3665 ἐπαφήν
3226 3611 3378 3656 τινα,
3417 3595 3615 3648 ταύτὸν
3648 3595 3816 3666 σῶμα

2233 3683 2326 3735 καὶ
2350 3682 2537 3736 οὐσίαν
2558 3683 2898 3755 ὁριζόμενοι·
2923 3685 3030 3738 τῶν
3063 3685 3121 3738 δὲ
3147 3685 3319 3740 ἄλλων
3348 3685 3505 3748 εἴτις
3531 3687 3696 3756 φήσει
3734 3687 3814 3758 μὴ

2235 3774 2393 3846 σῶμα
2432 3774 2553 3846 ἕχον
2582 3770 2745 3842 εἶναι,
2779 3775 3248 3848 καταφρονοῦντες
3270 3777 3332 3830 τὸ
3361 3778 3622 3848 παράπαν
3651 3818 3667 3839 ,
3714 3780 3813 3832 καὶ

2233 3863 2387 3917 οὐδὲν
2418 3864 2694 3927 ἐθέλοντες
2731 3865 2859 3919 ἄλλο
2891 3866 3210 3921 ἀκούειν.-
3229 3863 3305 3922 Ἦ
3347 3869 3553 3933 δεινοὺς
3579 3871 3812 3942 εἴρηκας

2234 3953 2451 4025 ἄνδρας.
2488 3957 2626 4028 Ἤδη
2679 3957 2787 4030 γὰρ
2822 3959 2914 4011 καὶ
2957 3958 3066 4027 ἐγὼ
3121 3960 3323 4014 τούτων
3382 3960 3542 4014 πλέον
3593 3967 3811 4033 συχνοῖς

2234 4047 2584 4119 προσέτυχον.
2611 4079 2679 4091 —-
2710 4051 3008 4121 Τοιγαροῦν
3035 4053 3085 4104 οἱ
3117 4053 3254 4123 πρὸς
3282 4054 3478 4117 αὐτοὺς
3526 4055 3812 4125 ἀμφισϐη-

2233 4138 2451 4203 τοῦντες
2504 4140 2646 4211 μάλα
2710 4141 2953 4205 εὐλαϐῶς
3004 4143 3207 4198 ἄνωθεν
3252 4144 3312 4208 ἐξ
3365 4145 3597 4218 ἀοράτου
3642 4146 3811 4200 ποθὲν

2234 4227 2549 4297 ἀμύνονται,
2571 4231 2738 4311 νοητά
2765 4234 2898 4287 ἄττα
2920 4234 3014 4288 καὶ
3047 4234 3310 4305 ἀσώματα
3341 4236 3454 4307 εἴδη
3495 4236 3812 4307 βιαζόμενοι

2235 4320 2333 4390 τὴν
2360 4320 2618 4396 ἀληθινὴν
2666 4325 2852 4380 οὐσίαν
2899 4322 3057 4381 εἶναι.
3090 4327 3169 4380 Τὰ
3196 4327 3251 4380 δὲ
3280 4329 3504 4382 ἐκείνοιν
3557 4329 3808 4401 σώματα,

564 4426 676 4473 tras
701 4425 754 4471 et
783 4432 1018 4487 quercus
1045 4418 1223 4487 reipsa
1260 4418 1514 4473 manibus
1546 4419 1977 4486 apprehendunt,
1997 4436 2131 4473 cun-

2236 4410 2330 4464 καὶ
2358 4413 2458 4483 τὴν
2482 4413 2779 4487 λεγομένην
2808 4414 2912 4470 ὑπὸ
2940 4416 3141 4471 τούτων
3170 4417 3426 4488 ἀλήθειαν
3446 4461 3460 4483 ,
3495 4410 3663 4474 κακά’
3681 4440 3809 4493 σμι-

563 4518 650 4563 cta
691 4524 721 4563 ο
755 4508 894 4563 coelo
941 4518 1106 4578 atque
1148 4525 1215 4564 ex
1249 4525 1314 4565 eo
1368 4512 1513 4579 quod
1557 4512 1726 4566 videri
1770 4529 1877 4566 non
1919 4522 2129 4582 potest,

563 4599 858 4655 detrahunt
902 4601 954 4654 in
1020 4612 1213 4657 terras.
1263 4600 1389 4656 llaec
1423 4604 1569 4658 enim
1616 4606 1799 4660 omnia
1833 4606 1960 4659 dum
2002 4621 2135 4660 con—

564 4692 802 4763 tingunt,
841 4692 895 4747 id
920 4709 1088 4747 unum
1128 4709 1250 4749 esse
1280 4695 1626 4760 conﬁrmant,
1667 4697 1811 4767 Quod
1838 4696 2128 4767 appulsum

560 4796 876 4857 tactumque
906 4788 1125 4857 praebet,
1160 4795 1322 4858 atque
1357 4788 1408 4842 id
1439 4788 1615 4858 ipsum
1642 4798 1697 4843 et
1728 4805 1927 4859 corpus
1959 4799 2011 4843 et
2047 4805 2134 4844 es-

559 4879 795 4934 sentiam
824 4895 945 4934 esse
973 4880 1256 4934 deﬁniunt.
1299 4881 1377 4935 Ac
1418 4880 1464 4935 si
1503 4880 1627 4950 quis
1675 4881 1819 4935 aliud
1871 4872 2137 4950 quidlibet

564 4986 790 5042 corpore
813 4972 1155 5037 destitutum,
1190 4987 1312 5026 esse
1346 4981 1525 5027 tamen
1555 4971 1771 5037 dixerit,
1806 4973 1859 5028 id
1892 4965 2019 5028 vero
2054 4973 2135 5030 sic

563 5074 924 5136 aspernantur
952 5075 1116 5136 atque
1149 5065 1455 5136 repudiant,
1494 5076 1554 5120 ut
1593 5082 1656 5120 ne
1687 5066 1877 5120 audire
1913 5067 2132 5137 quidem

564 5154 751 5208 velint.
785 5185 856 5195 —
886 5155 1025 5208 Aere
1055 5155 1278 5209 omnino
1301 5169 1365 5208 ac
1396 5153 1688 5209 vehemens
1718 5155 1998 5209 hominum
2042 5171 2133 5225 ge-

563 5260 668 5300 nus
698 5246 983 5316 designas:
1017 5261 1142 5300 nam
1186 5246 1242 5300 in
1273 5261 1460 5302 eorum
1500 5246 1808 5317 complures
1847 5260 1947 5316 ego
1995 5261 2136 5316 quo-

622 5424 939 5499 (6)“Lfms.1a
977 5428 1254 5493 καίτινες.
1299 5425 1676 5499 Empedoclem
1704 5427 2130 5499 Agrigentinum

563 5495 809 5565 intelligit
833 5536 865 5568 ,_
894 5499 984 5568 τὸν
1018 5495 1550 5568 ποιητικοφιλόσοφον
1572 5539 1585 5561 ,
1620 5498 1713 5567 qui
1743 5495 1978 5568 quatuor
2022 5500 2133 5553 ele-

564 5562 974 5642 mentis_cpt)._£av
1002 5585 1084 5642 τε,
1115 5562 1177 5642 tit
1210 5562 1475 5642 Diogenes
1500 5562 1811 5642 Ιιὶςιιιῖιιινξῇ
1847 5570 2131 5640 συγκρίνε-

560 5631 1011 5708 ταιικαὶίνεῖκος,
1037 5631 1081 5704 ᾧ
1110 5631 1440 5708 διακρίνεται
1462 5678 1475 5701 ,
1501 5631 1845 5708 adiungebat.

633 5705 711 5763 l7)
756 5707 826 5759 Τὸ
856 5707 967 5767 μὲν
997 5709 1109 5762 ἀεί.
1147 5705 1397 5772 Ficinus,
1434 5705 1633 5778 semper
1658 5705 1767 5762 Ιὶίιισ
1806 5711 1879 5763 ita
1922 5708 2129 5765 soivunt

2235 4502 2344 4571 κρὰ
2370 4503 2751 4576 διαθραύοντες
2778 4509 2834 4560 ὲν
2856 4509 2967 4566 τοῖς
2992 4508 3188 4577 λόγοις,
3212 4509 3423 4577 γένεσιν
3458 4511 3578 4564 ἀντὶ
3618 4513 3809 4575 οὐσίας

2236 4596 2539 4666 φερομένην
2564 4596 2683 4650 τινὰ
2714 4599 3224 4670 προσαγορεύουσιν.
3270 4602 3358 4655 Ἐν
3394 4603 3541 4673 μέσῳ
3568 4605 3626 4656 δὲ
3679 4607 3809 4677 περὶ

2234 4686 2406 4739 ταῦτα
2448 4687 2686 4759 ἄπλητος
2733 4690 3056 4762 ἀμφοτέρων
3093 4692 3237 4763 μάχη
3270 4710 3384 4756 τις,
3428 4688 3472 4746 ὧ
3497 4692 3764 4767 Θεαίτητε
3788 4736 3807 4760 ,

2234 4775 2320 4830 ἀεὶ
2354 4777 2695 4850 ξυνέστηκεν.
2726 4813 2794 4821 --
2822 4781 3039 4853 Ἀληθῆ.
3086 4802 3103 4833 ι
3138 4785 3236 4837 Διὰ
3275 4784 3339 4856 δὴ
3369 4785 3638 4840 τοσούτων
3681 4790 3810 4850 τοὺς

2235 4870 2341 4942 πρὸ
2371 4871 2536 4924 αὐτοῦ
2570 4875 2831 4942 φυσικοὺς
2859 4874 3177 4944 φιλοσόφους
3201 4877 3556 4947 διαϐέϐληκεν
3589 4881 3618 4933 ὁ
3664 4880 3810 4933 Πλά-

2234 4977 2361 5016 των.
2398 4961 2614 5016 Ὁποίαν
2642 4963 2698 5017 δὲ
2723 4965 2882 5028 αὐτὸς
2904 4967 3030 5037 περ)⁸
3058 4966 3164 5020 τῶν
3191 4968 3353 5040 ὲζητη
3363 4969 3540 5039 μένων
3571 4972 3811 5040 ἐπήγετο

2234 5050 2407 5116 δόξαν,
2433 5056 2489 5106 ἐν
2518 5058 2629 5119 τοῖς
2666 5057 2769 5128 πρὸ
2800 5060 2986 5111 τούτου
3021 5059 3369 5131 διειλήφαμεν
3388 5099 3402 5123 ,
3440 5062 3529 5114 ὅτε
3576 5078 3808 5132 συμφω-

2232 5146 2342 5196 νεῖν
2367 5144 2528 5198 αὐτδν
2559 5150 2669 5209 τοῖς
2715 5148 2980 5220 Ἐϐραίων
3013 5151 3280 5221 δόγμασι,
3313 5153 3407 5204 καὶ
3445 5155 3509 5223 τῇ
3561 5154 3811 5218 Μωσέως

2236 5236 2546 5307 συντρέχειν
2584 5240 2715 5311 περὶ
2759 5241 2854 5295 τοῦ
2885 5243 3037 5307 ὄντος
3066 5243 3386 5314 διδασκαλίᾳ
3422 5245 3805 5316 παριστῶμεν.

2232 5434 2672 5515 {timendumque
2721 5436 2922 5515 Pana,
2967 5440 3130 5496 credo
3151 5483 3176 5515 ,ξ
3201 5442 3253 5497 id
3286 5440 3418 5515 satis
3463 5443 3803 5515 intelligunt.

2234 5503 2475 5582 Platonis
2506 5503 2659 5582 mens
2688 5503 2918 5582 videtur,
2950 5513 3271 5567 sententiam
3294 5514 3439 5567 illam
3469 5529 3593 5582 qua:
3632 5503 3719 5568 ἀεὶ
3744 5516 3807 5568 τὸ

2232 5574 2340 5655 grav
2365 5572 2702 5655 οὐτῳςὲχειν
2731 5572 3070 5655 defendebat,
3102 5592 3287 5652 utpote
3313 5572 3738 5655 συντονῳτέραν,
3764 5600 3807 5655 να

2232 5645 2433 5767 ᾇέριιιίδ
2465 5641 2974 5720 ὶςιίέχαλασθῆναι,
3025 5641 3258 5709 laxatam
3288 5641 3539 5711 nonnihil
3569 5641 3634 5709 ac
3665 5641 3783 5718 mal

2255 5729 2266 5766 ς
2296 5729 2381 5767 am
2411 5729 2548 5767 esse.

2255 5729 2381 5767 ςῑιιιιι
2411 5729 2548 5769 (3880.
