4034 6390
295 413 457 470 H95

1486 437 1806 496 ΗΜΕΡΑΙῆ
1854 445 2104 503 EVANG.
2149 449 2276 505 LIB.
2324 452 2458 507 XIV.

280 715 711 787 συστησάμενον
743 721 843 793 τὴν
875 724 1155 801 διατριϐὴν
1177 772 1192 795 ,
1236 735 1449 805 πρῶτον
1485 715 1841 811 Ἀκαδημαίκέ

280 801 563 835 διδ-ἢδη.-.
633 812 720 835 ...Α
763 814 859 835 -.ιη
917 818 930 835 ι
1115 822 1139 835 Α
1176 827 1195 835 ..
1349 828 1390 835 .-
1490 830 1507 835 -
1699 834 1705 835 ,

1986 715 2001 721 _
2379 715 2391 728 ,
2745 715 2875 720 η---
2935 715 3229 742 ---μηηιμυ

1986 743 2086 797 bus
2118 748 2457 804 considerate
2488 751 2781 809 admodum
2828 773 3147 830 repugnant,
3181 779 3243 819 ac
3285 770 3558 835 spiritales

275 801 595 876 κληθῆναι,
633 812 726 864 καὶ
760 814 860 886 τὴν
906 801 1297 889 ὀνομασθεῖσαν
1349 801 1757 905 ’Λκαδημαῖκην
1793 854 1881 905 ιρι-

272 889 552 963 λοσοφίαν
586 904 975 974 συστήσασθαι.
1009 912 1161 966 Μετὰ
1204 915 1260 968 δὲ
1303 889 1565 975 Πλάτωνά
1604 889 1878 980 Σπεύσιπ-

274 998 397 1035 πον
443 986 533 1039 τὸν
564 990 623 1055 ἐξ
654 992 893 1066 ἀδελφῆς
942 1000 1249 1069 Πλάτωνος.
1283 1009 1381 1078 τῆς
1430 1010 1711 1077 Πώτωνος·
1759 1012 1877 1070 εἶτα

272 1072 637 1151 Ξενοκράτην
656 1100 670 1114 ο
703 1084 891 1141 ἔπειτα
914 1090 1208 1163 Πολέμωνα
1237 1096 1335 1169 τὴν
1375 1099 1655 1176 διατριϐὴν
1688 1107 1875 1160 ὐποδέ-

269 1162 508 1231 ξασθαι.
550 1172 783 1239 Τούτους
811 1177 868 1231 δὲ
908 1181 995 1250 ἀφ’
1060 1162 1273 1251 Ἑστίας
1292 1162 1650 1263 ’ἀρξαμένους
1690 1198 1869 1261 εὐθὺς,

269 1256 357 1309 τὰ
400 1260 721 1319 Πλατωνικά
751 1284 882 1336 φασι
905 1274 1225 1344 παραλύειν,
1266 1281 1657 1351 στρεϐλοῦντας
1690 1288 1756 1341 τά
1795 1290 1871 1361 τῷ

268 1346 593 1423 διδασκάλῳ
652 1356 889 1423 φανέντα
942 1360 1109 1426 ξένων
1167 1346 1497 1439 εἰσαγωγαῖς
1562 1346 1863 1447 δογμάτων..

273 1435 455 1490 Ὥστε
486 1457 568 1493 σοι
602 1443 676 1514 μὴ
709 1445 789 1509 εἰς
826 1450 1038 1521 μακρὸν
1084 1435 1322 1519 ἐλπίζειν
1510 1435 1867 1540 τῶνθαυμα-

270 1526 432 1580 στῶν
459 1528 681 1585 ἐκείνων
710 1533 972 1605 διαλόγων
1002 1542 1152 1612 ἰσχὺν
1178 1547 1483 1621 ἀποσϐῆναι
1509 1594 1523 1618 ,
1561 1557 1675 1626 ἅμα
1702 1577 1758 1613 τε
1798 1567 1862 1634 τῇ

270 1616 377 1669 τοῦ
406 1618 601 1690 ἀνδρὸς
628 1624 874 1699 τελευτῇ,
913 1632 1005 1684 καὶ
1036 1635 1135 1705 τὴν
1159 1637 1266 1692 τῶν
1288 1641 1571 1713 δογμάτων
1616 1650 1864 1725 διαδοχὴν

274 1714 811 1789 συναποτελευτῆσαι
840 1739 854 1753 ’
887 1724 1067 1797 μάχης
1098 1730 1347 1788 ἐντεῦθεν
1370 1738 1462 1789 καὶ
1499 1742 1740 1809 στάσεως
1758 1748 1863 1801 ἀπὸ

271 1801 451 1855 τῶνδε
474 1806 804 1881 ἀρξαμένης,
821 1814 881 1866 οῦ
919 1834 1049 1870 ποτε
1074 1821 1167 1874 καὶ¹
1195 1824 1275 1887 εἰς
1303 1825 1461 1899 δεῦρο
1484 1831 1861 1911 διαλειπούσης

268 1894 407 1957 τοὺς
437 1896 507 1949 τὰ
527 1900 675 1971 αύτῴ
702 1903 832 1972 φίλα
852 1906 1046 1977 ζηλοῦν
1072 1894 1500 1987 ἀσπαζομένους,
1518 1923 1735 1992 οὐδένας

266 1984 460 2054 ὄντας,
498 1992 635 2064 πλὴν
664 1998 712 2048 εί
747 1998 821 2068 μὴ
870 1994 951 2063 εἷς
984 2019 1085 2054 που
1118 2004 1150 2075 ἢ
1208 1984 1460 2081 δεύτερος
1508 2015 1565 2067 ἐν
1623 1984 1731 2089 δλῴ
1759 1984 1855 2093 ⁸τῷ

270 2076 400 2148 βίῳ,
431 2081 463 2152 ἢ
493 2083 585 2137 καί
622 2102 765 2151 τινες
793 2088 940 2145 ἄλλοι
975 2096 1167 2169 κομιδῇ
1200 2076 1419 2172 βραχείς
1453 2104 1544 2159 τὸν
1588 2076 1849 2183 ἀριθμόνιι

265 2168 384 2222 οὐδ’
407 2171 561 2227 αὐτοὶ
584 2176 816 2248 πάμπαν
842 2182 1111 2256 ἀλλότριοι
1142 2168 1478 2250 ὲπινπλ-άστου
1514 2168 1849 2272 σοφίστείας·

266 2261 396 2315 ἐπεὶ
420 2266 515 2319 καὶ
547 2268 595 2321 oi
623 2271 861 2343 πρόσθεν
891 2276 983 2330 τὸν
1029 2280 1291 2338 Πλάτωνα
1322 2261 1689 2363 διαδεξάμενοι
1743 2261 1851 2353 τοί-

264 2351 379 2403 οίδε
413 2354 557 2420 τινὲς
579 2358 978 2435 διαϐέϐληνται.
1016 2370 1310 2442 Πολέμωνα
1343 2377 1451 2450 γάρ
1479 2351 1627 2449 *φασι
1673 2351 1847 2441 ὁιαδέ-
1885 2363 1924 2417 Β

266 2441 466 2505 ξασθαι
512 2448 879 2520 Ἀρκεσίλαον,
911 2456 969 2511 ὃν
1016 2459 1079 2532 δὴ
1123 2441 1529 2539 κατέχειήλόγος
1577 2476 1845 2549 ἀφέμενον

262 2533 368 2605 τὴν
400 2537 681 2605 Πλάτωνος
701 2542 1005 2616 δογμάτων,
1047 2552 1204 2625 ξένην
1227 2533 1366 2619 τινὰ.
1399 2533 1534 2627 κάὶή,
1563 2533 1637 2629 ὥς
1687 2533 1840 2636 eam,

261 2622 525 2699 δευτέραν
555 2634 922 2705 συστήσασθαι
965 2622 1317 2716 Ἀκαδημίαν.
1342 2622 1530 2706 Φάναιν
1552 2622 1659 2729 γάρ
1700 2622 1843 2733 ⁸περί

260 2715 523 2773 ἁπάντων
542 2724 759 2795 ἐπέχειν
787 2727 895 2783 δεῖν
917 2747 929 2761 ’
964 2729 1103 2789 εἶναι
1260 2740 1436 2797 πάντα
1460 2715 1838 2822 ἀκαυτάληπτά,

260 2805 360 2857 καὶ
390 2808 517 2873 τοὺς
546 2813 624 2876 εἰς
649 2814 884 2889 ἑκάτερα
912 2818 1102 2889 λόγους
1135 2805 1437 2898 ἰσοκρατεῖς
1466 2805 1732 2907 ἀλλήλοις,
1750 2805 1840 2894 καί

258 2895 362 2959 τάς
389 2899 669 2973 αἰσθήσεις
699 2906 756 2959 δὲ
801 2908 1065 2977 ἀπίστους
1096 2895 1269 2983 εἶναι,
1308 2922 1401 2976 καὶ
1432 2895 1607 2981 πάντά
1656 2895 1832 2999 λόγον.

271 2990 494 3063 Ἐπῄνει
525 2996 655 3064 γοῦν
701 2999 944 3057 Ἡσιόδου
977 3010 1126 3062 τουτὶ
1151 3011 1213 3063 τὸ
1235 3011 1594 3089 ἀπόφθεγμα*

1982 837 2245 901 quasdam
2271 848 2323 892 et
2349 843 2598 909 corporis
2623 854 2873 914 expertes
2897 848 3102 906 formas
3130 869 3309 909 veram
3338 873 3403 912 ac
3426 874 3554 927 pro—-

1979 923 2152 990 priam
2186 929 2438 982 essentia:
2483 932 2749 986 rationem
2799 934 3020 1003 habere,
3074 943 3410 1009 argumentis
3456 962 3551 999 ur-

1978 1026 2122 1083 gent.
2161 1019 2383 1075 illorum
2422 1031 2604 1079 autem
2650 1042 2914 1098 corpora,
2961 1048 3234 1102 quamque
3269 1038 3550 1093 nominant

1977 1104 2081 1173 ipsi
2120 1109 2405 1165 veritatem
2458 1114 2573 1169 suis
2621 1116 2673 1169 in
2731 1118 3191 1187 disputationibus
3234 1128 3543 1182 minutatim

1974 1197 2347 1267 concidentes,
2374 1216 2480 1255 non
2503 1206 2818 1274 essentiam,
2848 1219 2902 1263 at
2926 1213 3332 1281 generationem
3352 1231 3545 1285 quam-

1972 1286 2095 1341 dam
2115 1291 2356 1347 vocitant
2381 1307 2640 1366 perpetuo
2659 1311 2808 1354 motu
2835 1303 3090 1373 agitatam
3119 1324 3131 1359 :
3163 1307 3325 1379 726
3345 1324 3410 1365 ex
3434 1327 3544 1381 quo

1971 1381 2198 1448 proinde
2232 1384 2317 1439 his
2362 1387 2428 1441 de
2464 1390 2623 1445 rebus
2657 1392 2796 1448 inter
2836 1404 3100 1468 utrosque
3134 1402 3354 1455 assidua
3396 1419 3543 1471 quar-

1969 1471 2093 1524 tlam
2128 1475 2344 1530 exsistit
2381 1487 2435 1531 et
2478 1480 2685 1536 iuilnita
2715 1489 3198 1547 contentio.-Sic
3221 1501 3321 1547 est.
3367 1515 3383 1545 ι
3417 1493 3541 1550 Haec

1968 1558 2141 1625 Plato,
2172 1565 2371 1632 quibus
2401 1570 2776 1640 philosophos,
2806 1578 2897 1645 qui
2931 1580 2997 1633 de
3030 1580 3267 1652 physicis
3318 1597 3444 1641 ante
3482 1602 3540 1641 se

1970 1660 2353 1721 tractaverant.
2390 1664 2601 1717 mordet
2640 1681 2705 1720 ac
2739 1668 2972 1724 vellicat.
3014 1670 3225 1737 Quibus
3256 1674 3323 1730 de
3373 1678 3538 1733 rebus

1966 1744 2193 1813 ipsemet
2233 1754 2693 1819 quemadmodum
2749 1762 3001 1829 senserit,
3051 1766 3426 1834 superioribus
3473 1771 3533 1823 li-

1967 1833 2080 1890 bris
2117 1836 2229 1906 jam
2293 1840 2725 1912 declaravimus,
2775 1865 2898 1905 cum
2947 1868 3071 1909 eum
3118 1857 3171 1911 in
3219 1858 3339 1928 ejus
3384 1864 3531 1930 quod

1962 1934 2045 1979 est
2076 1930 2332 1986 tradenda
2366 1936 2796 2010 explicandaque
2827 1944 3059 2007 ratione,
3111 1963 3235 2002 cum
3280 1947 3504 2006 Hebraeo

1960 2031 2082 2070 rum
2105 2021 2348 2092 adeoque
2361 2023 2563 2097 Moysis
2580 2030 2821 2087 doctrina
2836 2039 3142 2093 consentire
3167 2040 3526 2097 ostendimus.

1965 2108 2224 2181 Deinceps
2266 2116 2429 2185 igitur
2479 2120 2545 2174 ad
2593 2123 2838 2191 ejusdem
2886 2125 3129 2186 Platonis
3179 2148 3527 2190 successores

1957 2202 2259 2260 veniamus.
2306 2206 2587 2266 Platonem
2617 2213 2821 2283 ferunt,
2857 2235 2979 2273 cum
3014 2221 3083 2275 ad
3124 2237 3253 2278 suas
3281 2225 3527 2296 disputa-

1956 2292 2132 2349 tiones
2181 2298 2530 2357 Academiam
2580 2305 2885 2377 delegisset,
2931 2314 3174 2367 omnium
3224 2316 3521 2389 principem

1954 2390 2325 2450 academicum
2367 2413 2488 2454 esse
2528 2401 2757 2468 dictum,
2804 2414 2967 2476 atque
2998 2408 3130 2463 illud
3170 2411 3523 2484 philosophiae

1951 2496 2141 2549 genus,
2188 2487 2332 2553 quod
2360 2489 2522 2544 etiam
2571 2493 2956 2552 Academicum
2993 2501 3311 2570 nominant,
3364 2506 3522 2561 insti-

1949 2572 2138 2629 tuisse.
2174 2575 2385 2633 Platoni
2439 2581 2824 2657 Speusippum,
2858 2590 2978 2659 ejus
3021 2610 3084 2647 ex
3132 2610 3320 2651 sorore
3353 2596 3512 2653 Poto-

1949 2663 2034 2719 nis
2076 2664 2186 2721 lilia
2222 2681 2495 2741 nepotem,
2544 2674 2849 2750 Speusippo
2898 2681 3257 2741 Xenocratem
3301 2705 3519 2746 succes-

1948 2756 2107 2811 sisse.
2145 2758 2279 2815 Tum
2313 2764 2502 2820 eodem
2547 2768 2602 2824 in
2643 2770 2765 2828 loco
2801 2772 3028 2830 docendi
3069 2794 3268 2835 munus
3296 2796 3325 2835 a
3362 2780 3517 2838 Pole-

1948 2864 2106 2906 mone
2132 2866 2465 2925 susceptum.
2495 2858 2644 2926 Quos
2672 2864 2891 2935 quidem
2916 2866 3091 2937 aiunt,
3116 2870 3185 2925 ab
3213 2870 3332 2942 ipso
3358 2877 3515 2944 quasi

1945 2938 2082 2997 Lare
2150 2959 2410 3015 exorsos,
2466 2949 2801 3011 Platonicam
2864 2957 3170 3015 doctrinam
3238 2973 3512 3037 evertere.

1942 3031 2071 3087 dum
2096 3050 2217 3106 qua:
2247 3044 2569 3112 praeceptori
2596 3060 2698 3101 suo
2726 3047 3067 3119 placuerunt,
3096 3032 3509 3126 peregrinorum

1462 3084 1465 3085 ,
1490 3084 1503 3089 _
2021 3084 2071 3087 η-
2100 3084 2216 3106 1....
2247 3084 2569 3112 ,ηννννιηνιι
2596 3084 2698 3101 ,συ-υ
2727 3084 2934 3118 [nucum
2950 3084 3067 3119 um,
3096 3084 3509 3126 νυισδιιιιυιυιιι

256 3084 575 3157 dogmatum
645 3096 882 3154 novitate
941 3101 1260 3171 depravant.
1331 3108 1567 3170 Prorsus
1637 3127 1695 3172 ut
1744 3127 2094 3184 metuendum
2163 3132 2255 3197 sit,
2319 3150 2388 3190 ne
2440 3138 2849 3197 admirabilium
2897 3142 3239 3217 dialogorum
3280 3148 3364 3202 vis
3420 3148 3511 3204 illa

256 3182 553 3217 εἰπηιιὶιιυίρ
596 3188 744 3217 ιῚ-Λ-θζ
784 3195 953 3217 ιη.-.εά
970 3208 1155 3217 “UL”-
1692 3215 1703 3217 -

253 3554 380 3611 dem
419 3557 569 3616 fuere
620 3563 689 3618 ab
727 3566 876 3619 omni
914 3571 1200 3637 peregrina
1237 3583 1293 3629 et.

277 4165 635 4233 Κρύψαντες
652 4166 763 4235 γὰρ
795 4166 1007 4239 ἔχουσι
1032 4176 1153 4229 θεοὶ
1178 4178 1322 4232 νόον
1358 4179 1777 4252 ἀνθρώποισιν.

248 4296 543 4369 Ἔπειρᾶτο
577 4296 634 4350 δὲ
661 4300 753 4352 καὶ
788 4302 1064 4373 παράδοξά
1088 4322 1208 4360 τινα
1236 4309 1622 4379 ἀνακαινίζειν.
1662 4320 1818 4375 Μετά

1946 4326 2068 4380 dem
2096 4337 2150 4382 et
2165 4330 2424 4386 nonnulla

237 4388 296 4441 δὲ
325 4389 418 4441 τὸν
459 4390 805 4460 Ἀρκεσίλαον
844 4394 968 4458 τοὺς
990 4397 1132 4467 ἀμφὶ
1156 4400 1472 4477 Καρνεάδην
1524 4411 1618 4464 καὶ
1655 4412 1815 4466 Κλει-

236 4480 508 4551 τόμαχον,
558 4484 655 4553 τῆς
685 4485 792 4537 τῶν
849 4490 1123 4560 προτέρων
1172 4492 1330 4564 δόξης
1375 4498 1809 4571 ἀποτραπέντας,

232 4573 426 4643 τρίτης
470 4575 806 4647 ’Δκαδημίας
862 4580 1068 4645 αἰτίους
1109 4586 1360 4652 γενέσθαι
1402 4592 1583 4658 φασίν.
1639 4596 1809 4650 Ἔνιοι

232 4664 293 4718 δὲ
318 4666 414 4720 καί⁸
466 4670 735 4741 τετάρτην
766 4661 1136 4744 προστιθέασι,
1171 4678 1267 4749 τὴν
1293 4680 1401 4735 τῶν
1438 4685 1567 4755 περὶ
1610 4688 1701 4742 τὸν
1727 4691 1811 4743 Φί-

232 4754 379 4811 λωνα
408 4762 503 4813 καὶ
541 4762 844 4834 Χαρμίδαν.
876 4766 1031 4830 Τινὲς
1054 4768 1111 4821 δὲ
1158 4774 1249 4824 καὶ
1281 4774 1537 4846 πέμπτην
1577 4782 1809 4835 καταλέ-

234 4866 410 4918 γουσι,
440 4853 539 4923 τὴν
565 4854 671 4907 τῶν
696 4857 823 4926 περὶ
841 4856 933 4910 τὸν
976 4860 1260 4931 Ἀντίοχον.
1303 4865 1534 4939 Τοιαύτη
1582 4871 1681 4941 μέν
1725 4890 1807 4936 τις

227 4944 266 5013 ᾖ
304 4943 469 4997 αὑτοῦ
501 4945 781 5012 Πλάτωνος
811 4950 1017 5021 ὑπῆρξε
1049 4953 1286 5027 διαδοχή.
1336 4958 1536 5014 Ὁποῖοι
1564 4963 1620 5016 δὲ
1649 4966 1781 5034 γεγό

232 5048 385 5085 νασιν
447 5034 553 5089 οἵδε
607 5037 693 5090 τὸν
750 5039 971 5108 τρόπον,
1021 5040 1200 5098 λαϐὼν
1243 5047 1513 5117 ἀνάγνωθι
1571 5051 1669 5116 τὰς
1702 5048 1803 5108 ὦδε

234 5123 462 5193 ἐχούσας
489 5127 794 5199 Νουμηνίου
823 5131 915 5184 τοῦ
948 5133 1314 5209 Πυθαγορείου
1345 5143 1558 5209 φωνάς,
1603 5145 1669 5211 ἃς
1714 5149 1802 5201 τέ-

235 5216 410 5269 θειται
458 5219 516 5270 ἐν
558 5220 638 5289 τῷ
667 5222 868 5294 πρώτῳ
916 5219 991 5277 ὧν
1024 5228 1303 5300 ἐπέγραψε
1351 5236 1490 5302 Περὶ
1522 5236 1632 5305 τῆς
1686 5238 1804 5293 τῶν

244 5311 677 5382 Ἀκαδημαϊκῶν
694 5316 843 5384 πρὸς
862 5320 1153 5377 Πλάτωνα
1175 5324 1562 5395 διαστάσεως.

738 5455 1130 5511 ΚΕΦΑΛΑΙΟΝ
1157 5461 1233 5516 Ε’.

222 5582 365 5654 Περί
410 5583 698 5670 τῆςλίαζᾴ
726 5589 1014 5670 Πλάτωνα
1066 5595 1293 5670 ,πρώτης
1345 5597 1650 5670 διαδοχῆς.
1694 5606 1794 5658 Ἐκ

468 5653 588 5710 τῶν
625 5660 966 5728 Νουμηνίου
995 5653 1549 5735 τοῦᾟυθᾶγορικοῧῖ

298 5765 317 5798 ι
373 5748 494 5801 Ἐπὶ
516 5750 615 5819 μὲν
643 5751 818 5805 τοίνυν
846 5752 1194 5809 Σπεύσιππον
1240 5757 1332 5813 τὸν
1368 5759 1653 5826 Πλάτωνος
1697 5765 1795 5835 μὲν

220 5838 551 5903 ἀδελφιδοῦν,
582 5842 916 5913 Ξενοκράτην
940 5845 995 5897 δὲ
1027 5847 1118 5900 τὸν
1148 5848 1385 5920 διάδοχον
1407 5852 1499 5905 τοῦ
1532 5855 1794 5910 Σπευσίπ-

538 5962 811 6024 ΡΑΤιιοι..
858 5966 977 6027 GR.
1024 5968 1202 6035 XXI.

1866 3515 2071 3569 paucos
2121 3507 2414 3566 admodum
2480 3515 2741 3587 excipias.
2797 3518 2899 3585 Qui
2936 3530 3114 3577 tamen
3148 3540 3214 3580 ne
3240 3526 3342 3596 ipsi
3379 3530 3503 3600 qui-

1328 3578 1627 3648 sophistica
1669 3589 1847 3658 specie
1885 3594 2048 3651 alieni
2098 3615 2113 3653 :
2146 3616 2268 3656 cum
2292 3603 2370 3658 illi
2399 3606 2585 3675 etiam,

2623 3610 2717 3679 qui
2752 3613 2993 3668 omnium
3030 3617 3190 3686 primi
3222 3617 3502 3680 Platonem

2066 4196 2292 4268 Ignarus
2316 4201 2584 4257 hominum
2605 4207 2928 4274 suspendunt
2954 4214 3171 4268 numina
3205 4230 3422 4277 meum.

2462 4344 2655 4402 praeter
2679 4350 3023 4395 communem
3054 4341 3335 4402 hominum
3371 4352 3487 4421 opi-

1920 4416 2137 4473 nionem
2174 4419 2433 4477 innovare
2484 4424 2806 4482 conabatur.
2838 4427 2968 4485 Post
2997 4431 3319 4503 Arcesilam,
3351 4438 3487 4493 Car-

1917 4509 2115 4565 neades
2173 4520 2225 4566 et
2269 4512 2637 4573 Clitomachus
2706 4518 2977 4575 exstitisse
3031 4522 3318 4591 dicuntur,
3361 4529 3486 4598 qui,

1917 4594 2116 4663 reiecta
2153 4599 2497 4668 superiorum
2549 4603 2826 4674 opinione,
2878 4611 3092 4665 tertiam
3134 4613 3483 4673 Academiam

1915 4685 2279 4746 fundaverint.
2310 4691 2519 4758 Quibus
2566 4708 2620 4754 et
2672 4708 2925 4768 quartam
2955 4703 3161 4759 addunt
3206 4710 3477 4776 nonnulli,
3546 4716 3570 4792 ,ζ

1912 4778 2324 4849 (ιυαξΡὴίιυηειη
2343 4785 2757 4844 etharmidam
2788 4794 3058 4864 principes
3088 4796 3301 4853 habeat.
3320 4803 3479 4875 727

1912 4871 2026 4927 lmo
2041 4884 2092 4929 et
2105 4877 2173 4929 ab
2191 4877 2310 4933 aliis
2324 4878 2566 4947 quintam
2583 4886 2854 4939 numerari
2871 4886 3053 4953 audio,
3068 4871 3477 4962 quaeparentem

1909 4978 2166 5035 agnoscat
2193 4969 2542 5027 Antiochum.
2584 4972 2650 5029 Et
2692 4973 2933 5033 Platonis
2962 4982 3179 5050 quidem
3210 4986 3477 5055 ejusmodi

1907 5070 2252 5113 successores
2300 5058 2466 5117 fuere.
2515 5065 2761 5129 Quorum
2810 5071 2857 5122 si
2911 5085 3091 5127 mores
3133 5084 3186 5129 et
3228 5078 3475 5134 instituta

1904 5160 2067 5202 nosse
2097 5151 2270 5217 cupis,
2294 5150 2620 5209 Numenium
2665 5156 3065 5229 Pythagoreum
3096 5169 3346 5235 consule,
3379 5174 3473 5241 qui

1903 5238 2081 5307 primo
2110 5254 2175 5294 ex
2204 5242 2290 5307 iis,
2321 5259 2459 5312 quos
2492 5246 2566 5300 De
2590 5250 3028 5307 Academicorum
3071 5273 3104 5309 α
3133 5255 3361 5314 Platone
3387 5238 3472 5318 di-

1903 5332 2069 5383 vortio
2092 5335 2433 5404 conscripsit,
2460 5338 2575 5395 haec
2602 5340 2669 5393 ad
2698 5343 2919 5397 verbum
2948 5345 3130 5401 habet.

2528 5475 2756 5533 CAPUT
2805 5477 2861 5534 ν.

1905 5592 1980 5647 De
2007 5598 2179 5664 prima
2206 5600 2502 5681 Platonico:
2520 5608 2774 5681 doctrina:
2790 5615 3132 5670 successione.
3162 5616 3246 5672 Ea:
3271 5620 3471 5681 Nume-

2429 5679 2515 5728 nio
2564 5677 2939 5746 Pythagorico.

1975 5780 1995 5815 t
2037 5761 2428 5836 Speusippum,
2456 5771 2664 5842 inquit,
2696 5774 2848 5831 Plato
2877 5790 3123 5847 nepotem
3160 5784 3351 5842 habuit
3395 5806 3466 5847 ex

1898 5870 2114 5914 sorore:
2155 5865 2414 5920 successit
2440 5866 2564 5925 huic
2592 5870 2950 5939 Xenocrates,
2997 5893 3157 5946 quem
3207 5883 3257 5935 in
3298 5889 3465 5947 scho—

3148 5999 3227 6059 38
