4090 6382
526 405 664 472 nos;

1159 397 1426 453 EllSEBll
1466 397 1939 454 Cx’ESARlENSlS
1979 399 2128 453 OPP.
2176 399 2350 453 PARS
2391 400 2448 454 11.
2495 433 2558 439 -
2601 399 3097 457 APOLOGETICA.

3633 407 3763 462 H96

524 519 589 571 lae
619 516 926 587 magisterio
950 513 1169 570 Polemo
1198 523 1416 569 secutus
1449 526 1549 570 ρει.
1584 515 1664 568 Ab
1689 516 1770 569 his
1803 515 2091 570 Plalmlicw

2200 533 2315 578 που,
2356 517 2645 588 Πολέμωνα
2675 518 2730 570 δὲ
2761 519 2851 570 τὸν
2885 519 3236 590 ἐκδεξάμενον
3270 520 3366 592 τὴν
3394 521 3586 592 σχολὴν
3621 524 3770 594 παρά

525 610 786 664 doctrina:
839 609 976 662 ratio
1030 615 1357 676 pmpagata,
1415 607 1498 661 sui
1543 606 1654 661 fere
1703 607 1897 661 similis
1926 626 1938 661 ί
1970 625 2092 662 cttnt

526 703 641 756 haec
669 701 858 755 saltem
892 699 1232 753 assensionis
1259 699 1545 752 decantata
1577 699 1830 760 retentio,
1863 709 1916 753 et
1945 700 2098 768 quid-

525 795 653 864 quid
690 794 816 847 huic
839 793 996 847 aliine
1031 803 1147 858 est,
1185 793 1427 846 nondum
1471 792 1782 846 exsisteret.
1816 793 1978 846 lidem
2014 802 2094 847 ta-

526 901 688 951 men,
721 885 766 938 si
814 895 1011 939 caetera
1058 887 1402 954 cogitemus,
1456 886 1522 940 iis
1581 885 1776 954 partim
1812 884 2092 947 infractis,

527 978 721 1045 partim
781 976 1121 1045 depravatis,
1191 977 1419 1045 primam
1479 977 1623 1030 illam
1690 977 2093 1032 successionem

527 1068 749 1122 minime
785 1068 1121 1122 retinuerunt
1156 1087 1166 1121 :
1207 1069 1297 1122 sed
1329 1068 1451 1122 inde
1495 1068 1678 1122 statim
1733 1067 2052 1134 incipientes
2079 1111 2093 1133 ,

525 1174 650 1213 cum
708 1159 864 1212 initio
915 1171 1030 1212 tum
1090 1160 1374 1229 deinceps,
1419 1159 1667 1214 diversas
1716 1160 1767 1212 in
1833 1157 2096 1214 factiones

529 1253 746 1313 abiere,
775 1254 886 1305 sive
910 1251 1203 1320 prudentes
1240 1251 1290 1306 id
1328 1251 1590 1318 fecerint,
1627 1251 1742 1305 sive
1783 1251 2097 1320 impruden-

528 1353 632 1407 tes,
659 1344 774 1398 sive
803 1343 908 1398 alia
937 1343 1174 1412 qualibet
1201 1342 1422 1412 impulsi
1456 1358 1639 1398 causa.
1671 1341 1856 1396 Abfuit
1891 1351 2094 1407 tamen,

527 1437 718 1506 opinor
740 1475 753 1499 ,
784 1435 959 1490 omnis
985 1435 1271 1489 ambitiosa
1305 1436 1600 1488 contentio.
1629 1435 1887 1504 Equidem
1916 1433 2094 1489 Xeno-

527 1527 692 1582 cratis
726 1542 891 1581 causa
940 1541 1100 1580 secus
1131 1527 1309 1580 dicere
1372 1526 1507 1579 nihil
1546 1526 1739 1588 velim,
1785 1525 1885 1580 sed
1917 1534 2094 1580 tamen

529 1618 773 1672 Platonis
795 1633 961 1673 causa
995 1617 1283 1672 dicendum
1321 1626 1423 1670 est.
1463 1616 1612 1672 Dolet
1646 1617 1790 1670 enim
1853 1617 2094 1687 profecto

529 1707 691 1769 mihi,
726 1723 820 1761 cos
849 1707 1033 1761 omnia
1058 1708 1273 1760 molitos
1301 1722 1406 1759 non
1442 1721 1594 1769 esse,
1643 1717 1701 1760 ut
1739 1707 1952 1776 plenam
1989 1707 2092 1761 sibi

530 1809 691 1868 atque
715 1799 979 1868 integram
1013 1797 1065 1850 in
1093 1797 1350 1851 omnibus
1379 1811 1502 1851 cum
1525 1795 1746 1850 Platone
1773 1795 2093 1850 consensio—

2198 605 2579 677 Ξενοκράτους,
2628 608 2716 660 ἀεὶ
2754 608 2814 660 τὸ
2843 603 2972 678 ἦθος
3013 608 3299 662 διετείνετο
3337 609 3446 661 τῶν
3487 609 3772 678 δογμάτων

2201 697 2382 766 σχεδόν
2405 715 2456 750 τι
2486 699 2678 751 ταύτὸν
2701 699 2864 752 ἕνεκά
2895 716 2957 766 γε
2990 699 3090 768 τῆς
3119 701 3285 770 μήπω
3317 699 3522 770 ἐποχῆς
3541 700 3773 770 ταυτησὶ

2197 789 2294 858 τῆς
2318 789 2752 861 πολυθρυλλήτου
2786 808 2866 851 τε,
2895 793 2987 844 καὶ
3012 792 3060 842 εἰ
3089 791 3149 862 δή
3181 810 3339 844 τινων
3384 791 3640 845 τοιούτων
3677 792 3774 848 άλ-

2198 881 2320 933 λων.
2369 882 2521 936 Ἐπεὶ
2551 883 2631 946 εἷς
2657 900 2719 950 γε
2753 883 2821 935 τὰ
2845 884 2978 936 ἄλλα
3004 884 3244 954 πολλαχῆ
3278 884 3354 953 (8)
3380 884 3774 956 παραλύοντες,

2197 969 2265 1022 τά
2294 970 2350 1022 δὲ
2378 971 2779 1041 στρεϐλοῦντες,
2797 973 2896 1025 οὐκ
2916 971 3197 1042 ἐνέμειναν
3227 975 3294 1044 τῇ
3326 972 3516 1045 πρώτῃ
3529 972 3773 1045 διαδοχῇ·

2197 1060 2492 1132 ἀρξάμενοι
2541 1063 2598 1117 δὲ
2627 1065 2721 1116 ἀπ’
2753 1065 2960 1116 ἐκείνου
2985 1103 2999 1127 ,
3036 1066 3128 1118 καὶ
3178 1065 3371 1118 θᾶττον
3409 1066 3503 1119 καὶ
3555 1065 3777 1136 βράδιον

2197 1155 2465 1208 διίσταντο
2517 1157 2834 1228 προαιρέσει
2865 1158 2896 1228 ἢ
2922 1157 3133 1228 ἀγνοίᾳ,
3169 1161 3238 1211 τά
3273 1157 3324 1210 δὲ
3351 1159 3414 1230 δή
3464 1176 3572 1212 τινι
3625 1160 3778 1231 αἰτίᾳ

2197 1248 2349 1321 ἄλλῃ,
2383 1250 2483 1302 οὐκ
2513 1249 2578 1302 ἂν
2604 1250 2868 1320 φιλοτίμῳ
2901 1251 3048 1314 ἴσως.
3078 1252 3186 1304 Καὶ
3206 1253 3266 1304 οὐ
3300 1252 3399 1322 μὲν
3427 1251 3686 1323 βούλομαί
3720 1272 3779 1306 τι

2198 1340 2434 1411 φλαῦρον
2449 1343 2623 1396 εἰπεῖν
2636 1342 2723 1395 διὰ
2736 1343 3101 1414 Ξενοκράτην,
3125 1343 3323 1414 μᾶλλον
3342 1343 3448 1416 μὴν
3471 1346 3610 1417 ὑπὲρ
3632 1345 3778 1399 Πλά-

2196 1450 2362 1497 τωνος
2393 1435 2578 1488 ἐθέλω.
2617 1437 2727 1490 Καὶ
2745 1438 2852 1506 γάρ
2893 1454 2960 1507 με
3018 1437 3223 1501 δάκνει,
3253 1439 3334 1490 ὅτι
3382 1439 3456 1508 μὴ
3495 1439 3604 1490 πᾶν
3638 1438 3782 1492 ἐπα-

2196 1523 2287 1576 θόν
2317 1542 2374 1577 τε
2402 1531 2494 1578 καὶ
2527 1525 2714 1598 ἔδρων,
2747 1527 3008 1592 σώζοντες
3044 1530 3120 1600 τῷ
3150 1528 3393 1582 Πλάτωνι
3427 1527 3571 1582 κατά
3596 1530 3781 1582 πάντα

2196 1617 2370 1685 πάντη
2423 1618 2598 1670 πᾶσαν
2646 1617 2925 1688 ὀμοδοξίαν
3003 1620 3192 1674 Καίτοι
3243 1619 3392 1685 ἄξιος
3425 1613 3495 1689 ἦν
3530 1621 3782 1682 αὑτοίς“ὁ

2196 1707 2438 1769 Πλάτων,
2473 1708 2572 1760 οὐκ
2603 1708 2842 1778 ἀμείνων
2889 1709 2985 1779 μὲν
3028 1709 3344 1780 Πυθαγόρου
3377 1709 3470 1762 τοῦ
3513 1709 3779 1780 μεγάλου,

2195 1798 2254 1850 οὐ
2293 1797 2470 1869 μέντοι
2510 1799 2640 1864 ἴσως
2670 1800 2786 1852 οὐδὲ
2813 1800 3174 1872 φλαυρότερος
3201 1801 3408 1855 ἐκείνου
3429 1819 3442 1831 ·
3473 1796 3518 1870 ᾧ
3550 1819 3786 1854 συνακο-

529 1863 651 1944 nem
687 1863 1056 1944 defenderent.
1095 1888 1159 1942 Et
1185 1904 1246 1943 ea
1303 1887 1518 1958 quidem
1545 1887 1697 1942 Plato
1725 1887 1922 1958 dignus
1951 1899 2094 1950 erat,

2200 1863 2515 1954 λουθοῦντες
2551 1863 2836 1958 σεφθέντες
2866 1909 2925 1944 τε
2947 1863 2995 1945 oi
3014 1863 3300 1963 γνώριμοι,
3336 1863 3584 1961 ἐγένοντο
3613 1893 3787 1945 πολυ-

527 1979 620 2048 qui
658 1993 855 2048 magno
892 1977 982 2032 illo
1007 1975 1311 2047 Pythagora
1347 1976 1616 2030 utmelior
1635 1992 1741 2031 non
1777 1975 1961 2041 fuerit,
1989 1993 2094 2032 non

530 2071 630 2127 fuit
657 2082 840 2126 tamen
875 2069 1106 2124 fortasse
1139 2069 1376 2122 deterior
1409 2089 1421 2123 :
1459 2085 1621 2138 quem
1660 2070 1913 2140 discipuli
1953 2072 2096 2142 quod

529 2163 700 2219 secuti
734 2178 925 2218 omnes
958 2176 1021 2216 ac
1072 2163 1309 2216 venerati
1364 2160 1597 2225 fuerint,
1651 2161 1704 2216 id
1735 2162 1895 2217 etiam
1941 2177 2100 2229 cgere

527 2256 872 2325 potissimum
893 2297 906 2321 ,
935 2264 994 2308 ut
1026 2269 1242 2310 summo
1266 2254 1407 2324 apud
1439 2269 1630 2309 omnes
1676 2254 1729 2308 in
1774 2255 1949 2324 pretio
2003 2255 2096 2308 ha-

527 2351 738 2403 beatur.
773 2345 884 2402 Hoc
907 2347 1082 2416 ipsum
1118 2344 1367 2416 Epicurei
1390 2385 1406 2410 ,
1439 2361 1722 2416 perperam
1750 2347 1826 2402 illi
1852 2347 2096 2417 quidem,

529 2439 620 2494 sed
657 2453 837 2493 tamen
871 2453 994 2492 cum
1034 2437 1422 2508 intelligerent,
1467 2438 1612 2494 nulla
1656 2454 1894 2509 unquam
1954 2439 2008 2492 in
2041 2455 2098 2495 rc

529 2533 595 2586 ab
625 2531 858 2602 Epicuro
892 2531 1158 2587 dissidere
1190 2531 1290 2586 visi
1343 2540 1508 2595 sunt,
1556 2531 1648 2588 sed
1685 2533 1863 2602 potius
1907 2533 2096 2588 eadem

527 2625 752 2679 omnino
784 2639 841 2679 se
869 2639 994 2679 cum
1030 2623 1274 2692 sapiente
1327 2639 1428 2679 suo
1455 2625 1656 2680 sentire
1689 2625 1940 2696 professi,
1977 2626 2100 2694 jure

528 2724 812 2786 propterea
858 2714 912 2768 id
960 2714 1200 2770 nominis
1242 2714 1498 2769 habuere.
1551 2713 1694 2782 Quin
1756 2718 1958 2782 etiam,
2004 2717 2097 2787 qui

530 2805 860 2876 longissimo
914 2805 1169 2876 deincrps
1203 2805 1487 2862 intervallo
1527 2809 1808 2864 consecuti
1851 2807 2098 2877 Epicurei

531 2910 690 2964 sunt,
727 2899 764 2952 ii
795 2914 893 2953 nec
915 2899 1013 2954 abs
1051 2914 1170 2954 sese
1198 2908 1390 2956 mutuo
1413 2941 1426 2965 ,
1467 2915 1565 2956 nec
1610 2900 1678 2956 ab
1726 2903 1916 2956 eodem
1973 2901 2101 2972 Epi-

528 3011 693 3050 cureo
725 2993 1026 3056 tantillum,
1061 2991 1204 3061 quod
1239 2991 1457 3061 quidem
1494 2990 1808 3046 meminisse
1833 2991 2060 3046 attineat
2082 3033 2095 3054 ,

529 3091 850 3144 discessere.
881 3088 994 3141 lmo
1017 3083 1239 3140 sceleris
1285 3083 1426 3152 apud
1477 3097 1571 3137 cos
1593 3124 1606 3146 ,
1647 3083 1729 3137 vel
1777 3084 1962 3152 potius
1993 3085 2097 3137 im-

531 3179 746 3249 pietatis
769 3178 856 3232 ille
875 3177 1198 3240 damnetur,
1235 3174 1327 3245 qui
1359 3175 1480 3229 novi
1505 3174 1782 3244 quidpiam
1809 3175 2094 3230 invexerit.

531 3270 695 3342 728
725 3270 902 3336 Quare
939 3283 1101 3321 nemo
1155 3281 1380 3336 prorsus
1415 3265 1465 3318 id
1503 3265 1718 3320 audeat.
1767 3265 1870 3321 Sed
1904 3282 2094 3321 eorum

529 3361 782 3429 dogmata
818 3356 889 3412 ob
915 3364 1254 3411 constantem
1289 3356 1435 3409 illam
1463 3355 1707 3410 omnium
1736 3356 1877 3412 inter
1900 3373 1958 3412 se
1977 3373 2096 3428 per-

529 3461 856 3522 petuamquc
900 3448 1286 3511 concordiam,
1329 3447 1382 3500 in
1434 3447 1701 3503 altissima
1756 3449 1992 3518 quadam
2046 3459 2099 3505 et

531 3541 978 3611 tranquillissima
1029 3555 1158 3609 pace
1207 3549 1514 3594 versantur.
1577 3537 1652 3594 Ita
1712 3541 1827 3596 haec
1879 3541 2096 3611 Epicuri

530 3645 676 3689 secta
709 3647 846 3686 verze
873 3631 1088 3686 cuidam
1114 3629 1426 3700 reipublica:
1455 3631 1751 3700 persimilis
1780 3639 1863 3688 est
1887 3672 1902 3696 ,
1933 3647 2096 3702 quam

532 3725 598 3778 ab
631 3721 778 3775 omni
824 3719 1088 3775 seditione
1140 3718 1595 3785 remotissimam,
1657 3735 1812 3774 mens
1851 3719 2096 3789 quaedam

533 3830 638 3869 una
669 3811 973 3867 communis
999 3851 1013 3875 ,
1039 3825 1256 3879 unaque
1281 3811 1545 3865 sententia
1572 3811 1900 3866 moderetur.
1921 3810 2095 3877 Quam

532 3905 606 3957 illi
641 3901 984 3970 disciplinam
1019 3909 1071 3955 et
1104 3909 1260 3954 antea
1285 3901 1458 3956 secuti
1483 3911 1611 3956 sunt
1655 3901 1803 3956 multi
1828 3901 2100 3971 perliben-

532 4007 650 4060 ter,
688 4009 741 4050 et
773 4005 1075 4065 sequuntur
1119 3995 1450 4056 etiamnum,
1484 4002 1647 4062 atque
1697 3993 1869 4060 adeo,
1917 4003 1973 4048 ut
2024 3995 2100 4048 si-

533 4089 819 4142 millimum
849 4087 960 4142 veri
981 4095 1064 4142 est
1089 4127 1102 4152 ,
1134 4087 1186 4138 in
1213 4097 1488 4156 posterum
1518 4095 1832 4154 sequentur.
1865 4085 1933 4138 At
1953 4084 2102 4139 Stoi-

531 4195 624 4234 cos
647 4181 785 4235 inter
832 4178 1096 4234 factiones
1129 4176 1385 4233 exstitere
1413 4217 1428 4243 ,
1471 4193 1592 4247 quin
1625 4178 1694 4232 ab
1729 4178 1858 4247 ipsis
1907 4193 2097 4232 eorum

532 4273 836 4329 commissa:
863 4272 1237 4343 principibus,
1290 4271 1357 4325 ad
1413 4288 1514 4327 nos
1576 4288 1746 4341 usque
1793 4279 2100 4342 propagate

531 4375 678 4420 sunt.
703 4365 780 4419 Ac
805 4379 924 4420 sese
947 4363 1023 4418 illi
1056 4374 1246 4418 mutuo
1268 4365 1500 4433 graviter
1529 4365 1823 4418 admodum
1853 4374 1908 4418 et
1945 4379 2099 4418 acer-

531 4461 595 4513 be
622 4458 992 4529 redarguunt,
1035 4458 1164 4510 dum
1215 4457 1306 4510 alii
1353 4471 1512 4511 suum
1559 4455 1737 4510 adhuc
1789 4454 2099 4510 institutum

2199 1979 2574 2051 τιμητίζεσθαι
2608 1981 2915 2036 αἰτιώτατοι
2936 1982 3028 2036 τὸν
3059 1983 3398 2054 Πυθαγόραν.
3428 1983 3598 2036 Τοῦτο
3639 1984 3695 2036 δὲ
3727 1986 3783 2038 οἱ

2213 2073 2572 2145 Ἐπικούρειοι
2603 2075 2701 2128 ούκ
2750 2075 2955 2143 ὡφελον
3004 2077 3123 2147 μὲν,
3156 2075 3417 2147 μαθόντες
3472 2077 3516 2129 δ’
3568 2073 3683 2139 οῦν,
3715 2080 3778 2131 ἐν

2199 2166 2373 2218 οὐδενὶ
2407 2166 2504 2236 μὲν
2539 2165 2796 2237 ὤφθησαν
2829 2167 3134 2240 Ἐπικούρῳ
3163 2169 3383 2224 ἐναντία
3430 2168 3646 2240 θέμενοι
3681 2173 3781 2225 οὐ-

2198 2257 2404 2327 δαμῶς,
2439 2257 2869 2329 ὁμολογήσαντες
2896 2260 2951 2313 δὲ
2994 2255 3132 2314 εἶναι
3164 2259 3311 2332 σοφῷ
3344 2261 3779 2332 συνδεδογμένοι,

2201 2351 2294 2404 καὶ
2315 2351 2468 2403 αὐτοὶ
2497 2349 2584 2403 διὰ
2611 2349 2768 2404 τοῦτο
2793 2351 3107 2405 ἀπέλαυσαν
3133 2351 3234 2422 τῆς
3260 2353 3613 2424 προσρήσεως
3630 2353 3785 2406 εἰκόο

2199 2459 2325 2504 τως.
2367 2441 2606 2512 ’Υπῆρξέ
2632 2459 2691 2494 τε
2725 2442 2789 2496 ἐκ
2817 2441 3006 2496 τούτου
3041 2443 3130 2496 ἐπὶ
3179 2442 3427 2496 πλεῖστον
3456 2445 3571 2505 1:03;
3610 2445 3778 2513 μετέ-

2199 2551 2358 2587 πειτα
2394 2534 2784 2606 Ἐπικουρείοις
2819 2535 2941 2606 μηδ’
2979 2536 3160 2598 αὐτοῖς
3197 2537 3369 2589 εἰπεῖν
3396 2554 3482 2590 πω
3507 2537 3781 2604 ἐναντίον,

2199 2622 2322 2676 οὔτε
2383 2623 2655 2695 ἀλλήλοις,
2691 2623 2815 2677 οῦτε
2881 2624 3186 2696 Ἐπικούρῳ
3237 2625 3401 2697 μηδὲν
3459 2627 3539 2688 εἰς
3583 2626 3777 2696 μηδὲν,

2198 2714 2320 2766 ὅτου
2347 2715 2441 2768 καὶ
2475 2713 2778 2785 μνησθῆναι
2803 2716 2968 2779 ἀξιον.
3015 2715 3153 2768 Ἀλλ’
3184 2715 3328 2770 ἐστιν
3373 2718 3558 2780 αὐτοῖς
3596 2735 3781 2790 παρα-

2201 2805 2422 2874 νόμημα
2447 2842 2461 2865 ,
2501 2803 2702 2874 μᾶλλον
2735 2803 2792 2856 δὲ
2839 2803 3110 2876 ἀσέϐημα,
3147 2805 3243 2860 καὶ
3280 2807 3657 2874 κατέγνωσται
3713 2808 3781 2863 τὸ

2201 2895 2609 2965 καινοτομηθέν.
2642 2896 2751 2949 Καὶ
2772 2895 2860 2948 διὰ
2883 2893 3040 2948 τοῦτο
3059 2896 3234 2959 οὐδεὶς
3261 2896 3380 2950 ούδέ
3401 2896 3594 2968 τολμᾷ.
3614 2899 3778 2951 Κατά

2201 2989 2399 3061 πολλὴν
2437 2987 2494 3040 δὲ
2521 2989 2742 3058 εἰρήνην
2763 2987 2946 3050 αὐτοῖς
2967 2990 3162 3058 ἠρεμεῖ
3187 2987 3254 3041 τά
3275 2989 3516 3058 δόγματα
3545 2989 3651 3042 ὑπὸ
3673 2990 3780 3060 τῆς

2201 3085 2258 3136 ἐν
2286 3080 2532 3152 ἀλλήλοις
2561 3080 2669 3133 αἰεί
2702 3096 2830 3133 ποτε
2871 3079 3204 3149 συμφωνίας.
3237 3081 3418 3134 ’Ἐοικέ
3449 3099 3510 3134 τε
3543 3083 3575 3152 ἡ
3623 3083 3780 3136 Ἐπι-

2201 3171 2398 3244 κούρου
2443 3171 2692 3243 διατριϐὴ
2726 3172 2967 3244 πολιτείᾳ
3014 3173 3118 3225 τινὶ
3173 3172 3358 3244 ἀληθεί
3409 3173 3780 3227 ἀστασιαστοο

2200 3266 2356 3338 τάτῃ,
2393 3266 2568 3319 κοινὸν
2596 3266 2690 3318 ’ἐνα
2715 3264 2860 3326 νοῦν,
2891 3265 3018 3336 μίαν
3047 3264 3270 3336 γνώμην
3297 3266 3514 3336 ἐχούσῃ.
3563 3268 3678 3337 Ἀφ’
3696 3264 3779 3340 ἧς

2198 3355 2355 3430 ἦσαν,
2387 3359 2478 3412 καί
2507 3361 2631 3422 είσι,
2661 3359 2772 3424 καὶ,
2801 3357 2876 3421 ώς
2907 3358 3102 3420 ἔοικεν,
3136 3358 3346 3412 ἔσονται
3375 3358 3776 3427 φιλακόλουθοι.

2200 3453 2280 3505 Τὰ
2302 3452 2356 3504 δὲ
2377 3451 2482 3504 τῶν
2505 3450 2756 3504 Στωϊκῶν
2786 3450 3164 3514 ἐστασίασται,
3203 3448 3484 3520 ἀρξάμενα
3524 3451 3632 3504 ἀπὸ
3665 3451 3780 3504 τῶν

2200 3544 2492 3615 ἀρχόντων,
2521 3545 2615 3598 καὶ
2648 3542 2870 3614 μηδέπω
2917 3541 3252 3597 τελευτῶντα
3286 3544 3380 3596 καὶ
3433 3543 3547 3597 νῦν.
3585 3544 3779 3612 Ἐλέγ-

2201 3653 2352 3706 χουσι
2379 3636 2435 3688 δὲ
2464 3634 2800 3704 ἀγαπώντως
2837 3633 2913 3704 (9)
2943 3635 3048 3686 ὑπὸ
3093 3635 3387 3705 δυσμενοῦς
3438 3635 3686 3706 ἐλέγχου,
3723 3639 3779 3690 οἱ

2204 3730 2302 3799 μὲν
2323 3746 2464 3792 τινες
2497 3728 2675 3781 αὐτῶν
2704 3727 3144 3798 ἐμμεμενηκότες
3177 3728 3277 3791 ἐτι,
3297 3729 3346 3781 οἱ
3380 3728 3423 3782 δ’
3467 3730 3568 3800 ἤδη
3601 3747 3778 3801 μετα-

2202 3818 2434 3888 θέμενοι.
2488 3815 2704 3881 Εϊξασιν
2753 3816 2864 3885 (10)
2893 3810 2984 3867 οῦν
3014 3817 3062 3866 οἱ
3116 3815 3321 3886 πρῶτοι
3348 3815 3776 3886 ὀλιγαρχικωτέ-

2203 3926 2335 3980 ροις,
2369 3908 2418 3961 οἳ
2443 3907 2506 3978 δὴ
2549 3907 2858 3968 διαστάντες
2889 3906 3135 3976 ὑπῆρξαν
3177 3908 3256 3968 εἰς
3301 3908 3425 3970 τοὺς
3475 3908 3771 3977 μετέπειτα

2203 3998 2400 4070 πολλῆς
2454 3999 2551 4070 μὲν
2575 4001 2685 4060 τοῖς
2717 3996 3020 4068 προτέροις,
3058 3995 3253 4066 πολλῆς
3287 3997 3343 4050 δὲ
3387 3997 3482 4067 τῆς
3521 3995 3774 4068 ἀλλήλοις

2203 4093 2567 4162 ἐπιτιμήσεως
2600 4089 2780 4152 αἴτιοι,
2811 4089 2978 4142 εἰσέτι
3009 4087 3208 4159 ἐτέρων
3246 4088 3420 4160 ἕτεροι
3459 4087 3771 4142 Στωῖκώτε-

2206 4199 2314 4254 ροι·
2347 4183 2439 4235 καὶ
2474 4181 2672 4252 μᾶλλον
2699 4181 2812 4232 ὅσοι
2842 4179 3021 4232 πλεῖον
3038 4180 3128 4232 ἐπὶ
3157 4178 3217 4232 τὸ
3247 4177 3490 4249 τεχνικὸν
3509 4177 3772 4248 ὤφθησαν

2205 4273 2533 4344 μικρολόγοι.
2569 4271 2732 4324 Αὐτοὶ
2761 4271 2869 4342 γὰρ
2894 4266 3039 4326 οὗτοι
3071 4271 3196 4333 τοὺς
3230 4270 3451 4341 ἐτέρους
3497 4270 3763 4340 ὑπερϐαλ·

2203 4366 2412 4436 λόμενοι
2467 4365 2530 4434 τῇ
2581 4380 2640 4415 τε
2673 4361 3173 4434 πολυπραγμοσύνῃ
3197 4401 3213 4423 ,
3262 4365 3373 4424 τοῖς
3412 4378 3470 4414 τε
3504 4378 3774 4432 aucupem-

2203 4457 2357 4527 θμοῖς
2414 4454 2523 4524 (11)
2573 4454 2846 4526 ἐπετίμων
2899 4453 3110 4508 θᾶττον.
3163 4453 3301 4507 Πολὺ
3337 4453 3516 4524 μέντοι
3571 4454 3774 4508 τούτων

531 4549 796 4615 retinent,
831 4547 920 4601 alii
946 4547 1057 4618 jam
1095 4548 1164 4601 ab
1206 4561 1271 4602 eo
1309 4546 1674 4602 desciverunt.
1733 4543 1797 4600 Et
1842 4543 2096 4601 factioso-

2207 4549 2468 4621 πρότερον
2499 4548 2672 4602 ταύτά
2702 4546 2902 4599 ἔπαθον
2940 4547 2989 4597 οἱ
3020 4547 3127 4600 ἀπὺ
3158 4546 3498 4618 Σωκράτους,
3536 4547 3774 4615 ἀφελκύ-

529 4656 651 4694 rum
715 4639 934 4709 quidem
1019 4641 1246 4694 istorum
1319 4639 1589 4709 principes
1650 4653 1839 4692 eorum
1893 4638 2100 4693 similes

529 4742 691 4796 sunt,
722 4733 814 4802 qui
856 4747 1152 4802 paucorum
1180 4732 1469 4801 imperium
1495 4731 1679 4786 acrius
1697 4732 2102 4788 vehementius-

604 4927 678 4996 t8)
720 4926 881 4981 Forte
907 4925 1030 4996 add.
1063 4925 1131 4981 τὰ
1167 4927 1284 4996 μέν.

601 4994 675 5066 (9)
713 4995 1112 5065 Ἀγαπώντως.
1134 4994 1480 5051 Ξειιιοὺεειιτρ
1501 4995 1642 5050 dicta
1668 4997 1783 5052 hazc
1814 5005 1961 5050 sunt.
1988 4994 2099 5064 Ego

531 5079 767 5122 mentem
809 5067 1048 5137 hominis
1076 5069 1256 5137 potius
1301 5082 1463 5136 quam
1500 5067 1661 5120 verba
1693 5076 1910 5122 secutus
1953 5081 2096 5120 smn.

520 5141 612 5202 An
641 5138 780 5192 forte
813 5136 1170 5209 ἀγαπώντως,
1192 5141 1292 5192 hoc
1323 5138 1464 5209 loco,
1493 5137 1737 5209 σφοδρῶς
1771 5138 1864 5209 καὶ
1892 5137 2099 5188 συντεί-

531 5227 636 5271 νως
659 5208 842 5276 ?quod
865 5224 984 5277 qua:
1002 5209 1298 5277 diligimus,
1318 5223 1380 5260 ea
1404 5207 1513 5262 fere
1530 5207 2101 5277 sempettveltcmenter

530 5276 906 5349 defendamus.
955 5279 1038 5349 A_n_
1106 5276 1366 5349 ἀλλήλους
1408 5292 1506 5347 pro
1557 5276 1894 5349 ἀγαπώντως
1941 5291 2101 5345 repo-

531 5349 769 5403 nendum
784 5350 806 5388 ν
821 5347 981 5403 Certe
996 5347 1297 5417 Numenius
1327 5349 1414 5402 hic
1449 5363 1640 5417 parum
1667 5348 1869 5417 ubique
1893 5358 2094 5402 tersus.

509 5435 518 5442 ·
601 5419 713 5490 (10)
754 5418 1027 5490 Εζξασιν.
1065 5416 1298 5490 Omnino
1351 5419 1431 5472 vel
1450 5416 1687 5490 ίέοίκασι
1728 5416 2096 5490 reponendum

529 5487 634 5553 est,
665 5487 749 5543 vel
781 5488 952 5554 εἴξασι
983 5504 1080 5559 pro
1110 5487 1319 5541 ἐοίκασι
1352 5489 1588 5557 positum
1613 5529 1626 5552 ,
1659 5503 1804 5553 raro,
1832 5488 1885 5541 ni
1919 5487 2094 5549 fallor,

531 5560 800 5626 evemplo,
839 5561 1030 5612 saltem
1067 5561 1209 5628 apud
1243 5559 1435 5613 soluta:
1460 5559 1724 5613 orationis
1750 5567 2022 5628 auctores.

603 5629 715 5699 (11)
773 5626 1248 5700 Σκαριφηθηιὶοῖς.
1285 5628 1410 5689 ΜΒ..
1459 5628 1872 5700 σκαρφηθμοῐς,
1919 5626 2098 5681 adhuc

534 5700 810 5770 vitiosius.
844 5700 1016 5753 Credo
1067 5699 1348 5767 legendum
1386 5699 1771 5770 σκαριφισμοῖς
1799 5740 1812 5763 ,
1863 5699 1966 5753 hoc
2013 5710 2096 5770 est

533 5769 902 5838 λεπτολογίαις
930 5777 984 5824 et
1015 5770 1333 5823 contortulis
1370 5769 1619 5840 argutiis,
1643 5769 1840 5839 quibus
1868 5769 2092 5837 carptim

507 5840 738 5909 aliquid
788 5841 1182 5910 perstringatur
1228 5842 1446 5909 potius,
1499 5851 1553 5895 et
1589 5842 1744 5910 quasi
1793 5840 2088 5902 veliiectur,

2203 4660 2390 4706 σαντες
2421 4641 2708 4712 διαφόρους
2729 4640 2853 4702 τοὺς
2885 4639 3101 4707 λόγους·
3129 4639 3233 4709 ἰδίᾳ
3257 4639 3353 4709 μὲν
3398 4639 3776 4710 Ἀρίστιππος,

2205 4735 2307 4806 ἰδίᾳ
2334 4735 2390 4786 δὲ
2435 4731 2805 4803 Ἀντισθένης·
2845 4733 2938 4785 καὶ
2977 4730 3210 4802 ἀλλαχοῦ
3251 4731 3356 4803 ἰδία
3384 4732 3432 4783 οἱ
3471 4733 3776 4804 Μεγαρικοί

2201 4927 2363 4998 quam
2395 4911 2706 4981 diligentius
2736 4910 3073 4966 enuclcetur.
3120 4908 3513 4980 AristOpbanes
3559 4912 3616 4963 ἐν
3661 4913 3747 4964 Ba

2200 4991 2368 5051 τρᾰχ.
2407 4991 2511 5035 act.
2547 4997 2597 5034 Iv
2627 4997 2641 5031 :

2348 5075 2413 5126 Τὸ
2450 5073 2502 5125 δ’
2528 5072 2624 5125 ἐπὶ
2666 5067 2941 5142 capro/‘0':
2970 5073 3174 5142 ,λόγοις
3193 5113 3210 5136 ,

2341 5144 2449 5196 Καὶ
2487 5141 2943 5212 σκιιριςρισιὶοῖσι
2975 5141 3176 5211 λήρων

2340 5211 2652 5282 Διατριϐὴν
2682 5211 2867 5282 ἄργον
2893 5213 3187 5266 ποιεῖσθαι
3214 5253 3229 5276 ,

2339 5283 2872 5352 Παραφρονοῦντος
2899 5282 3137 5350 ἀνδρός.

2201 5375 2600 5445 Σκαριφήματα
2627 5387 2849 5445 quoque
2876 5374 3196 5445 dicebantur
3230 5388 3243 5424 :
3280 5373 3411 5445 imo,
3429 5382 3498 5445 ut
3517 5373 3780 5445 κωμικώ-

2200 5442 2354 5515 τερον
2366 5442 2716 5513 Aristophani
2733 5443 3203 5515 σκαλαθυρμάτια,
3220 5445 3272 5498 in
3293 5442 3533 5497 Nubibus
3544 5442 3626 5512 ,μ
3636 5444 3666 5500 ,1
3680 5444 3748 5494 Ui
3769 5464 3780 5495 :

2272 5537 2471 5600 Ὅστις
2492 5533 2991 5602 σκαλαθυρμάτια
3015 5533 3161 5587 ἄττα
3186 5534 3362 5602 μικρὰ
3381 5532 3729 5602 μανθάνων.

2201 5628 2534 5686 Seholiastes
2568 5626 2818 5696 explicat,
2852 5626 3198 5697 σκαλεύματα
3228 5625 3582 5697 σμικρὴ-καὶ
3608 5624 3784 5678 λεπτά

2201 5699 2511 5752 παντάπασι
2539 5697 2827 5768 νοήματα,
2861 5695 3412 5768 καὶ-σκαριφήματα.
3447 5695 3644 5768 subdit
3689 5712 3784 5768 an:

2202 5780 2308 5850 tem
2332 5810 2346 5834 ,
2384 5771 2471 5850 ἐκ⁸⁵
2486 5765 2676 5850 τούτου
2710 5765 2764 5820 δὲ
2811 5765 3432 5850 διαδάλλειὲὶξωκράτην,
3465 5765 3542 5830 ὡς
3590 5765 3784 5834 εὐτελῆ

2200 5842 2356 5905 εἰσιν,
2384 5838 2416 5893 ἃ
2443 5839 2716 5901 διδάσκει,
2745 5836 2838 5890 καὶ
2861 5838 3069 5900 οὐδενὸς
3095 5837 3220 5903 ἄξια
3245 5836 3422 5904 λόγου.
