4090 6382
315 354 455 409 1197

1442 356 1762 413 ΡΒᾹΞΡΑΠ.
1805 356 2055 414 EVANG.
2096 355 2224 413 LIB.
2262 356 2400 413 XIV.

3394 359 3573 418 .1198

324 493 371 528 ce
420 482 513 529 καὶ
560 477 948 551 Ἐρετρικοὶ,ἢ
989 479 1041 532 εἴ
1088 496 1231 543 τινες
1284 478 1431 534 ἄλλοι
1487 481 1623 552 μετὰ
1670 480 1892 534 τούτων.

2001 492 2107 547 que
2138 475 2467 540 defendunt,
2496 490 2706 546 suoque
2730 475 2821 530 illo
2842 476 3075 531 divortio
3104 477 3157 532 in
3197 492 3361 533 causa
3381 476 3534 533 fuere
3556 520 3573 547 ,

316 569 496 623 Δῐτιον
516 570 594 635 δὲ,
614 573 695 624 ὃτι
726 573 874 641 τρεῖς
902 571 1057 635 θεοὺς
1084 572 1366 642 τιθεμένου
1414 573 1736 642 Σωκράτους
1755 613 1769 636 ,
1804 574 1897 627 καὶ

321 662 731 731 φιλοσοφοῦντος
774 664 957 727 αὐτοῖς
987 666 1045 717 ἐν
1102 667 1215 728 τοῖς
1275 667 1642 737 προσήκουσιν
1682 667 1895 737 ἑκάστῳ

315 754 560 824 ῥυθμοῖς,
584 756 629 807 οἱ
662 755 1045 820 διακούσαντες
1070 758 1228 811 τοῦτο
1251 758 1349 828 μὲν
1374 759 1623 829 ἠγνόουν,
1651 759 1815 830 ᾤοντο
1840 760 1895 812 δὲ

314 846 491 913 λέγειν
522 847 697 900 πάντα
727 849 889 901 αὑτὸν
923 848 1070 918 εἰκῆ,
1102 851 1194 903 καὶ
1236 851 1341 904 ἀπὸ
1384 852 1483 921 τῆς
1519 851 1753 924 νικώσης
1789 855 1896 907 αἰεὶ¹

313 938 628 1007 προστυχῶς
672 939 860 992 ἄλλοτε
893 940 1059 1010 ἄλλης
1098 943 1286 1011 τύχης,
1325 943 1475 1007 ὅπως
1519 944 1691 998 πνέοι.
1734 947 1790 999 '0
1842 948 1894 999 δὲ

314 1028 574 1093 Πλάτων,
606 1030 984 1102 Πυθαγορίσας
1032 1033 1180 1104 (ᾔδει
1225 1034 1280 1086 δὲ
1309 1035 1399 1087 τὸν
1450 1035 1745 1107 Σωκράτην
1794 1055 1895 1109 μη-

310 1120 543 1191 δαμόθεν
567 1122 599 1193 ἢ
624 1123 832 1176 ἐκεῖθεν
854 1121 943 1176 διά
974 1123 1083 1193 (l2)
1108 1124 1174 1177 τά
1200 1125 1337 1178 αὐτὰ
1369 1126 1591 1180 τοιαῦτα
1624 1130 1797 1181 εἰπεῖν
1834 1146 1893 1181 τε

310 1214 405 1268 καὶ
451 1214 648 1281 γνόντα
679 1214 1019 1287 εἰρηκέναι),
1052 1209 1151 1268 ὦδε
1182 1212 1274 1270 οὖν
1326 1218 1420 1271 καὶ
1482 1220 1638 1282 αὐτὸς
1672 1220 1893 1290 συνεδη-

312 1321 442 1359 σατο
469 1304 536 1359 τά
562 1307 881 1377 πράγματα,
914 1308 1035 1361 οὔτε
1062 1308 1348 1372 εἰωθότως,
1372 1308 1492 1362 οὔτε
1521 1309 1579 1363 δὲ
1609 1310 1690 1372 εὶς
1710 1309 1770 1362 τὸ
1793 1326 1894 1377 φα-

313 1398 466 1466 νερόν
488 1415 501 1428 ·
528 1398 805 1467 διαγαγὼν
834 1399 891 1452 δὲ
925 1400 1129 1453 ἕκαστα
1158 1401 1264 1470 ὅπη
1291 1400 1558 1470 ἐνόμιζεν,
1592 1399 1897 1472 ἐπικρυψά-

316 1506 480 1559 μενος
502 1490 561 1542 ἐν
593 1491 742 1561 μέσῳ
767 1491 861 1544 τοῦ
885 1491 1016 1562 δῆλα
1051 1488 1187 1544 εἶναι
1230 1492 1321 1545 καὶ
1354 1492 1427 1563 μὴ
1456 1493 1612 1564 δῆλα,
1639 1491 1895 1561 ἀσφαλῶς

316 1582 416 1650 μὲν
443 1583 741 1653 ἐγράψατο,
769 1585 931 1647 αὐτὸς
952 1585 1008 1637 δὲ
1031 1585 1210 1637 αἰτίαν
1238 1585 1479 1657 παρέσχε
1515 1584 1612 1655 τῆς
1653 1584 1768 1655 μετ’
1796 1584 1894 1637 αὑ-

309 1673 401 1725 τὸν
453 1674 692 1738 στάσεώς
736 1693 794 1727 τε
824 1675 937 1745 ἅμα
968 1677 1060 1728 καὶ
1085 1675 1302 1745 διολκῆς
1348 1674 1454 1728 τῶν
1484 1674 1801 1745 δογμάτων,
1834 1674 1892 1727 οὑ

310 1766 488 1836 φθόνῳ
540 1767 671 1837 μὲν,
712 1767 833 1820 οὐδέ
890 1785 953 1836 γε
997 1768 1234 1838 δυσνοίᾳ.
1298 1767 1435 1819 Ἀλλ’
1484 1768 1543 1819 οὐ
1602 1765 1891 1837 βούλομαι,

1999 568 2359 636 quamobrem
2392 567 2594 637 posteri
2627 576 2680 621 et
2704 568 2941 637 majores
2983 584 3113 623 suos
3136 609 3151 632 ,
3194 578 3248 623 et
3282 584 3403 623 sese
3450 587 3574 624 mu-

1999 668 2095 713 tuo
2126 660 2575 728 intemperantius
2598 660 3044 729 reprehendant;
3074 676 3198 717 cum
3232 661 3355 717 aliis
3395 664 3576 717 adhuc

1999 751 2090 805 alii
2144 752 2331 806 stoicae
2370 752 2677 822 disciplina:
2731 753 3037 808 tenaciores
3100 763 3305 809 essent.
3359 756 3479 821 Quo
3520 758 3573 809 in

1997 858 2196 913 genere
2228 843 2568 898 molestiores
2597 842 2749 899 fuere
2770 884 2787 910 ,
2822 844 2917 914 qui
2941 844 3191 915 argutius
3224 860 3288 899 ac
3319 847 3577 901 subtilius

1996 935 2271 1005 quoddam
2303 935 2593 991 artiﬁcium
2627 937 2887 1006 aucupari
2922 937 3267 991 videbantur.
3302 937 3364 991 lli
3402 938 3574 1003 enim,

1997 1037 2057 1082 ut
2087 1029 2405 1084 curiositate
2428 1038 2656 1084 caeteros
2692 1045 2757 1085 ac
2800 1029 3086 1084 vellicandi
3125 1032 3378 1086 acumine
3415 1046 3576 1099 supe-

1998 1121 2229 1185 rabant,
2260 1122 2340 1177 sic
2374 1120 2675 1190 paratiores
2728 1131 2888 1175 erant
2926 1123 2992 1176 ad
3041 1107 3573 1191 reprchéndendum.

1996 1210 2147 1278 Quod
2182 1214 2360 1282 ipsum
2398 1222 2576 1267 tamen
2620 1214 2789 1267 multo
2840 1223 2967 1268 ante
3021 1214 3210 1283 ipsos,
3267 1214 3574 1269 factitatum

1998 1305 2065 1359 ab
2098 1304 2165 1359 iis
2196 1314 2280 1358 est
2303 1346 2318 1369 ,
2349 1304 2443 1374 qui
2473 1320 2504 1359 e
2544 1304 2788 1361 Socratis
2834 1306 3304 1376 disputationibus
3350 1316 3576 1362 contra-

1998 1397 2110 1453 rias
2139 1406 2401 1451 cruerunt
2431 1408 2847 1469 pugnantesque
2886 1401 3125 1454 rationes
3162 1417 3175 1455 :
3212 1400 3303 1455 ubi
3344 1402 3575 1454 seorsim

1996 1490 2309 1560 Aristippus
2334 1530 2348 1555 ,
2381 1492 2614 1546 seorsim
2638 1490 2995 1548 Antisthenes
3021 1534 3038 1560 ,
3067 1493 3270 1563 aliique
3300 1494 3574 1558 similiter,

1997 1591 2056 1635 ut
2077 1580 2423 1651 Megarenses
2452 1590 2507 1635 et
2539 1581 2735 1638 Eretrii
2759 1625 2774 1648 ,
2802 1599 2868 1640 ac
2913 1585 2960 1640 si
2989 1585 3083 1654 qui
3140 1594 3399 1655 praeterea
3449 1601 3574 1640 cum

1996 1673 2117 1729 istis
2169 1673 2495 1729 numerandi
2554 1683 2701 1729 sunt.
2753 1675 2925 1745 Cujus
2981 1676 3197 1731 divortii
3236 1693 3402 1732 causa
3460 1680 3576 1731 haec

1997 1763 2137 1830 fuit,
2159 1766 2308 1836 quod
2341 1780 2466 1819 eum
2496 1764 2752 1821 Socrates
2799 1767 2928 1822 deos
2960 1777 3072 1822 tres
3110 1780 3373 1838 poneret,
3413 1781 3577 1839 atque

310 1857 402 1910 ἐπὶ
434 1857 656 1929 ἀνδράσι
702 1858 1092 1932 πρεσϐυτέροις
1135 1861 1311 1912 εἰπεῖν
1361 1859 1580 1930 ῥήματα
1619 1859 1717 1911 οὐκ
1749 1857 1893 1911 ἐναί-

1999 1858 2133 1928 apud
2165 1872 2261 1913 eos
2283 1860 2399 1915 suis
2427 1861 2695 1931 cujusque
2732 1862 3080 1933 propriisque
3123 1864 3367 1918 numeris
3395 1864 3574 1932 philo-

313 1966 467 2019 σιμα.
523 1949 693 2002 Τοῦτο
740 1950 795 2003 δὲ
858 1952 962 2022 χρὴ
1022 1951 1291 2022 μαθόντας
1338 1954 1517 2024 ἡμᾶς,
1578 1952 1892 2019 ἐπενεγκεῖν

308 2041 486 2092 ἐκεῖσε
538 2040 735 2111 μᾶλλον
803 2042 900 2113 τὴν
955 2042 1180 2113 γνώμην
1204 2083 1218 2107 ,
1276 2045 1368 2097 καὶ
1436 2042 1624 2114 ὥσπερ
1675 2042 1734 2109 ἐξ
1794 2043 1893 2113 ἀρ-

310 2132 411 2203 χῆς
473 2132 864 2204 προύθέμεθα,
933 2134 1189 2206 χωρίζειν
1248 2134 1411 2187 αὑτὸν
1489 2133 1896 2206 Ἀριστοτέλους

311 2223 405 2276 καὶ
459 2224 745 2293 Ζήνωνος,
809 2224 951 2277 οὕτω
1011 2225 1105 2277 καὶ⁵
1168 2223 1265 2277 νῦν
1338 2224 1436 2295 τῆς
1514 2222 1892 2294 ’Λκαδημίας,

312 2315 407 2366 ἐὰν
440 2316 469 2367 ὁ
496 2315 627 2379 Θεὸς
659 2316 1033 2387 ἀντιλάϐηται,
1071 2317 1419 2387 χωρίζοντες,
1471 2316 1706 2386 ἐάσομεν
1736 2314 1895 2370 αὑτὸν

309 2404 395 2473 ἐφ’
429 2405 619 2458 ἐαυτοῦ
647 2405 741 2459 νῦν
770 2402 909 2459 εἷναι
952 2406 1341 2478 Πυθαγόρειον.
1392 2408 1479 2469 Ὠς
1518 2406 1612 2459 νῦν
1666 2404 1898 2477 μανικώ-

307 2497 518 2568 τερονῆ
574 2497 768 2552 Πενθεῖ
830 2517 937 2552 τινι
995 2500 1260 2569 προσῆκε,
1307 2499 1648 2569 διελκόμενπ
1699 2499 1895 2567 πάσχει

314 2592 413 2659 μὲν
433 2591 571 2644 κατὰ
601 2591 759 2662 μέλη,
784 2592 921 2656 ὅλως
950 2592 993 2645 δ’
1028 2590 1088 2656 ἐξ
1140 2592 1262 2645 ὅλου
1315 2590 1510 2644 ἑαυτοῦ
1550 2590 1895 2661 μετατίθεταί

309 2699 369 2736 τε
398 2683 491 2735 καὶ
523 2683 992 2754 ἀντιμετατίθεται
1032 2683 1305 2754 οὐδαμῶς.
1371 2683 1459 2747 Ὠς
1502 2678 1596 2736 οὖν
1643 2682 1783 2753 ἀνὴρ
1813 2699 1899 2753 με·

312 2775 483 2829 σεύων
516 2776 828 2849 Πυθαγόρου
875 2778 968 2830 καὶ
996 2777 1339 2847 Σωκράτους,
1372 2775 1465 2829 τοῦ
1505 2775 1601 2846 μὲν
1622 2775 1680 2828 τὸ
1705 2774 1897 2844 σεμνὸν

312 2865 613 2935 ὑπαγαγὼν
638 2868 798 2938 μέχρι
822 2866 914 2919 τοῦ
945 2865 1348 2936 φιλανθρώπου,
1386 2864 1482 2919 τοῦ
1518 2866 1575 2919 δὲ
1602 2864 1663 2918 τὸ
1689 2865 1899 2935 κομψὸν

310 2957 469 3011 τοῦτο
509 2959 600 3011 καὶ
651 2959 981 3029 παιγνιῆμον
1014 2955 1306 3026 ἀναγαγὼν
1351 2957 1456 3011 ἀπὸ
1483 2958 1583 3027 τῆς
1616 2957 1897 3029 εἰρωνείας

312 3052 425 3123 (13)
461 3053 540 3114 εἰς
583 3050 797 3122 ἀξίωμα
826 3053 921 3105 καὶ
961 3049 1144 3120 ὄγκον,
1182 3050 1276 3103 καὶ
1320 3049 1451 3103 αὐτὸ
1474 3048 1635 3102 τοῦτο
1664 3050 1901 3122 κεράσας

310 3144 589 3214 Σωκράτει
615 3143 956 3214 Πυθαγόραν,
996 3144 1089 3197 τοῦ
1150 3144 1247 3213 μὲν
1290 3142 1749 3215 δημοτικώτερος,
1800 3141 1894 3195 τοῦ

309 3235 367 3287 δὲ
398 3236 718 3307 σεμνότερος
739 3235 914 3307 ὤφθη.
947 3236 1083 3289 Ἀλλ’
1105 3236 1163 3289 οὐ
1187 3237 1295 3309 γάρ
1328 3256 1381 3291 τι
1406 3237 1579 3292 ταῦτα
1606 3238 1895 3310 διαιτήσων

308 3321 491 3396 ἦλθον,
528 3328 601 3399 μὴ
634 3330 761 3398 περὶ
786 3327 990 3381 τούτων
1021 3328 1187 3400 οὔσης
1217 3328 1312 3383 νῦν
1351 3348 1438 3402 μοι
1470 3330 1571 3402 τῆς
1593 3329 1892 3403 ζητήσεως.

316 3420 381 3470 Ἀ
408 3419 465 3472 δὲ
498 3420 873 3491 προὺδέδοκτο,
917 3421 1011 3475 καὶ
1064 3416 1177 3492 εἶμι
1227 3422 1429 3485 ἐκεῖσε,
1488 3422 1520 3494 ἦ
1568 3422 1633 3494 δὴ
1668 3424 1895 3495 φροῦδος

310 3509 640 3579 ἀναδραμεῖν
676 3509 785 3579 (14)
816 3507 956 3563 δοκῶ
988 3527 1099 3579 μοι,
1141 3510 1215 3581 μὴ
1246 3509 1340 3563 καί
1370 3526 1472 3562 που
1504 3509 1896 3581 ἀποκρουσθῶ-

313 3618 411 3671 μεν
438 3602 535 3671 τῆς
556 3601 674 3654 ὁδοῦ
707 3602 804 3672 τῆς
828 3602 1119 3671 φερούσης.
1178 3601 1497 3673 Πολέμωνος
1546 3600 1603 3654 δὲ
1652 3602 1898 3671 ἐγένοντο

310 3692 575 3764 γνώριμοι
618 3693 961 3764 Ἀρκεσίλαος
1000 3694 1093 3747 καὶ
1121 3695 1329 3765 Ζήνων·
1377 3693 1538 3747 πάλιν
1582 3693 1689 3765 γὰρ
1718 3692 1897 3746 αὐτῶν

314 3785 692 3857 μνησθήσομαι
743 3788 835 3839 ἐπὶ
876 3786 1038 3841 τέλει.
1094 3788 1318 3859 Ζήνωνα
1361 3787 1459 3857 μὲν
1489 3781 1581 3839 οὖν
1617 3786 1897 3856 μέμνημαι

311 3878 502 3940 εἰπὼν,
532 3878 874 3951 Ξενοκράτει,
903 3874 1021 3933 εἶτα
1059 3880 1114 3933 δὲ
1141 3879 1420 3950 Πολέμωνι
1450 3880 1721 3949 φοιτῆσαι,
1741 3874 1897 3942 αὖθις

310 3970 368 4024 δὲ
395 3970 544 4043 παρὰ
575 3972 818 4042 Κράτητι
857 3971 1093 4025 κυνίσαι.
1125 3972 1262 4026 Νυνὶ
1288 3972 1343 4025 δὲ
1388 3972 1537 4043 αὑτῷ
1582 3973 1896 4042 λελογίσθω,

310 4064 394 4117 ὅτι
423 4064 517 4117 καὶ
543 4065 847 4129 Στίλπωνός
888 4082 947 4118 τε
979 4066 1228 4136 μετέσχε,
1274 4066 1370 4119 καὶ
1422 4066 1531 4119 τῶν
1587 4068 1760 4135 λόγων
1790 4066 1897 4120 τῶν

324 4153 761 4225 Ἡρακλειτείων.
803 4154 954 4208 Ἐπεὶ
984 4155 1092 4226 γὰρ
1119 4157 1518 4227 συμφοιτῶντες
1552 4160 1703 4231 παρὰ
1736 4159 1899 4212 Πολέ-

314 4261 450 4316 μωνι
475 4244 936 4318 ἐφιλοτιμήθησαν
967 4245 1235 4317 άλλήλοις,
1262 4248 1683 4319 συμπαρέλαϐον
1704 4252 1784 4315 εἰς
1801 4250 1899 4321 τὴν

311 4338 449 4409 πρὸς
482 4338 743 4410 ἀλλήλους
771 4341 951 4410 μάχην
972 4381 986 4406 ,
1024 4342 1052 4393 ὁ
1085 4342 1182 4411 μὲν
1215 4342 1587 4412 Ἡράκλειτον,
1623 4346 1717 4398 καὶ
1744 4345 1898 4397 Στίλ-

311 4445 487 4495 πωνα,
518 4430 633 4500 ἅμα
680 4433 772 4484 καὶ
837 4433 1117 4504 Κράτητα,
1170 4426 1244 4486 ὧν
1285 4434 1391 4485 ὑπὸ
1455 4435 1554 4505 μὲν
1593 4433 1899 4501 Στίλπωνος

1996 1950 2357 2020 sopharetur,
2389 1952 2482 2022 qui
2514 1967 2639 2007 eum
2678 1953 2974 2008 audiebant
2997 1994 3012 2017 ,
3042 1970 3166 2009 cum
3213 1954 3345 2009 illud
3391 1956 3576 2009 minus

1995 2052 2285 2113 caperent,
2316 2052 2429 2097 tum
2458 2058 2587 2097 vero
2626 2053 2828 2099 temere
2850 2085 2864 2109 ,
2897 2061 2960 2100 ac
2988 2061 3087 2115 pro
3130 2045 3349 2101 diverso
3397 2046 3574 2101 fortu-

1995 2149 2109 2201 nae,
2143 2134 2284 2191 alius
2310 2135 2446 2190 alias
2471 2138 2783 2204 superantis
2810 2136 2992 2191 alnatu
3013 2178 3027 2202 ,
3055 2138 3240 2193 omnia
3284 2139 3352 2193 ab
3372 2154 3437 2193 e0
3470 2138 3577 2193 dici

1994 2223 2392 2279 existimarent.
2440 2223 2512 2277 At
2538 2225 2726 2290 Plato,
2756 2235 2814 2279 ut
2864 2226 3165 2281 inhaerebat
3217 2226 3576 2299 Pythagorae,

1998 2314 2079 2369 sic
2111 2315 2314 2385 optime
2344 2324 2570 2369 noverat
2604 2314 2888 2370 Socratem
2910 2359 2925 2383 ,
2978 2333 3080 2373 nec
3122 2318 3377 2386 aliunde,
3408 2334 3576 2389 quam

1996 2422 2064 2461 ex
2093 2405 2438 2478 Pythagoreo
2467 2408 2559 2461 illo
2589 2407 2738 2463 fonte
2756 2408 2953 2464 hausta
2986 2410 3074 2465 illa
3103 2410 3285 2467 dicere
3318 2413 3537 2467 solitum
3558 2452 3577 2478 ,

1996 2507 2053 2551 et
2113 2497 2433 2567 prudentem
2502 2514 2566 2553 ac
2629 2499 2889 2555 scientem
2950 2517 3013 2556 ea
3087 2504 3327 2559 locutum
3386 2504 3577 2562 fuisse.

1998 2588 2266 2655 Quocirca
2296 2604 2409 2644 rem
2449 2598 2615 2644 totam
2671 2590 2744 2645 ita
2782 2593 3060 2649 convolvit
3094 2596 3209 2664 ipse
3236 2612 3488 2670 quoque,
3519 2606 3581 2654 ut

2000 2696 2099 2737 nec
2126 2681 2330 2736 usitato
2363 2696 2548 2747 more,
2573 2698 2673 2737 nec
2711 2684 3001 2754 perspicue
3038 2687 3368 2757 loqueretur.
3401 2690 3471 2745 At
3493 2690 3577 2745 di-

2001 2770 2167 2841 gestis
2198 2785 2299 2841 pro
2330 2771 2559 2826 arbitrio
2590 2772 2818 2843 singulis
2838 2814 2853 2839 ,
2902 2790 3077 2845 eaque
3133 2777 3469 2833 obscuritate
3500 2795 3581 2833 as.

2000 2876 2194 2931 persa,
2254 2870 2311 2915 ut
2360 2861 2559 2931 partim
2625 2861 3099 2934 intelligerentur,
3134 2868 3336 2936 partim
3392 2867 3578 2937 ignota

2003 2961 2379 3018 remanerent,
2422 2968 2636 3007 summa
2660 2954 2917 3007 cautione
2956 2955 3170 3024 scripsit
3200 2955 3289 3009 ille
3322 2957 3537 3025 quidem
3563 2998 3576 3017 ,

2009 3043 2105 3098 sed
2145 3051 2326 3096 tamen
2355 3042 2518 3112 hujus
2546 3058 2668 3112 qua:
2697 3052 2822 3112 post
2857 3056 2982 3097 eum
3025 3052 3211 3098 secuta
3245 3054 3329 3100 est
3366 3044 3579 3099 dissen-

2005 3132 2215 3198 sionis,
2253 3133 2683 3204 dogmatumque
2732 3148 2958 3189 suorum
3004 3136 3250 3191 diversas
3295 3137 3348 3191 in
3398 3148 3581 3207 partes

1999 3242 2303 3299 sensusque
2315 3228 2535 3283 divortii
2552 3244 2774 3283 causam
2799 3229 3060 3298 przebnit;
3081 3247 3188 3284 non
3204 3231 3407 3287 invidia
3429 3241 3577 3287 certe

1998 3319 2216 3390 quidem
2250 3329 2345 3375 aut
2377 3319 2780 3375 malevolentia.
2818 3319 3113 3377 Enimvero
3155 3322 3288 3377 nihil
3330 3323 3398 3378 de
3439 3326 3582 3380 anti—

1998 3414 2409 3485 quioribusillis
2433 3454 2448 3478 ,
2488 3415 2634 3484 quod
2670 3418 2853 3470 minus
2879 3414 2987 3470 lati
3025 3417 3226 3471 ominis
3262 3418 3363 3480 sit,
3400 3419 3583 3475 dicere

1998 3505 2185 3561 statui.
2217 3504 2279 3560 At
2308 3519 2410 3559 nos
2431 3507 2533 3559 hoc
2550 3506 2719 3560 semel
2738 3506 2956 3576 cognito
2972 3506 3296 3562 sententiam
3321 3523 3385 3563 eo
3403 3509 3583 3578 potius

1998 3606 2241 3652 nostram
2270 3595 2519 3652 conferre
2547 3598 2848 3668 oportebit;
2897 3607 3061 3669 atque
3093 3607 3153 3653 ut
3183 3600 3341 3656 nobis
3374 3601 3443 3655 ab
3470 3601 3575 3656 ini-

2002 3688 2075 3742 tio
2103 3689 2445 3758 propositum
2478 3686 2603 3753 fuit,
2639 3702 2765 3742 eum
2829 3689 2899 3743 ab
2946 3689 3239 3745 Aristotele
3267 3705 3332 3746 ae
3364 3689 3583 3747 Zenone
3675 3748 3697 3768 ,

1999 3781 2305 3852 sejungere,
2347 3782 2427 3837 sic
2454 3783 2707 3837 eumdem
2737 3783 2806 3837 ab
2837 3783 2953 3853 ipsa
3002 3798 3222 3853 quoque
3266 3785 3580 3851 Academia,

2000 3875 2165 3945 729
2180 3875 2225 3929 si
2243 3875 2531 3930 consilium
2552 3875 2695 3932 Deus
2710 3876 2983 3946 probabit,
3003 3888 3378 3948 segregantes,
3394 3895 3488 3950 per
3504 3896 3583 3943 se-

2000 3983 2060 4023 se
2084 3967 2491 4039 Pythagoreum
2510 3984 2635 4025 esse
2652 3971 2951 4040 patiemur.
2975 3968 3188 4041 Quippe
3210 3972 3408 4042 majori
3431 3985 3581 4027 nunc

1999 4068 2145 4116 certe
2167 4060 2373 4115 furoris
2401 4069 2559 4126 aestu,
2594 4076 2759 4131 quam
2780 4060 2826 4116 si
2862 4059 3138 4116 Pentheus
3164 4060 3389 4131 quidam
3411 4074 3578 4126 esset.

2000 4153 2130 4208 hinc
2160 4153 2397 4222 indeque
2434 4153 2755 4218 distractus,
2809 4153 2926 4209 suis
2974 4154 3028 4207 in
3085 4154 3348 4209 membris
3377 4154 3583 4223 patitur

2000 4245 2090 4301 ille
2112 4246 2356 4316 quidem.
2389 4254 2446 4299 at
2474 4260 2754 4315 nunquam
2785 4245 2860 4300 ita
2877 4246 2980 4301 silii
3004 4254 3153 4301 totus
3176 4245 3424 4300 aufertur
3454 4247 3581 4317 ipsi,

2002 4346 2061 4391 ut.
2090 4337 2233 4391 alius
2262 4335 2489 4391 omnino
2516 4336 2786 4391 videatur.
2817 4333 2923 4390 Sed
2952 4336 3158 4406 potius,
3191 4338 3348 4406 quasi
3382 4337 3577 4407 Pytha-

2001 4445 2188 4501 goram
2218 4430 2359 4485 inter
2390 4427 2787 4499 Socratemque
2810 4427 3048 4493 medius,
3073 4429 3203 4483 dum
3244 4430 3391 4484 illius
3408 4430 3579 4499 gravi-

313 4521 529 4589 ἐγένετο
576 4523 843 4595 μαχητὴς,
906 4525 1011 4578 ὑπὸ
1054 4525 1110 4578 δὲ
1170 4526 1522 4597 Ἡρακλείτου
1582 4527 1894 4599 αὐστηρὸς,

2000 4530 2167 4577 tatem
2194 4522 2262 4577 ad
2299 4522 2696 4576 humanitatem
2737 4520 2969 4575 inclinat
2996 4528 3050 4575 et
3085 4520 3270 4587 ﬂectit,
3298 4521 3464 4589 hujus
3492 4538 3577 4575 ιη’·

313 4615 528 4678 κυνικὸς
559 4615 615 4668 δὲ
656 4618 760 4669 ὑπὸ
798 4618 1101 4689 Κράτητος·
1131 4620 1159 4671 ὁ
1196 4618 1238 4671 δ’
1283 4619 1629 4689 Ἀρκεσίλαος
1654 4619 1898 4690 Θεόφρα-

313 4726 438 4762 στον
466 4711 624 4777 ἴσχει,
651 4710 745 4762 καὶ
772 4711 1059 4781 Κράντορα
1098 4712 1189 4764 τὸν
1244 4712 1606 4773 Πλατωνικὸν,
1644 4712 1737 4765 καὶ
1781 4712 1896 4764 Διό-

309 4798 503 4869 δωρον,
535 4795 653 4852 εἷτα
689 4800 975 4871 Πύρῤωνα⁴
1009 4796 1084 4856 ὧν
1117 4803 1220 4855 ὑπὸ
1252 4805 1349 4873 μὲν
1390 4804 1703 4875 Κράντορος
1732 4803 1888 4857 πιθα-

313 4890 619 4959 νουργικὸς,
664 4892 769 4944 ὑπὸ
820 4892 1081 4965 Διοδώρου
1126 4895 1180 4947 δὲ
1228 4895 1503 4965 σοφιστὴς,
1535 4896 1637 4948 ὑπὸ
1669 4896 1722 4947 δε
1754 4894 1895 4965 Πύρο

313 4981 482 5049 ρωνος
506 4982 722 5050 ἐγένετο
756 4985 1114 5049 παντοδαπὸς,
1147 4988 1239 5039 καὶ
1276 4988 1415 5058 ἴτης,
1470 4988 1563 5041 καὶ
1613 4988 1787 5042 οὐδέν.
1829 4988 1894 5041 Ὀ

311 5076 408 5127 καὶ
447 5076 662 5145 ἐλέγετο
710 5079 837 5146 περὶ
875 5077 1038 5131 αὐτοῦ
1091 5077 1345 5148 ᾀδόμενόν
1370 5096 1421 5132 τι
1450 5077 1579 5142 ἔπος
1627 5077 1881 5148 παράγω-

311 5184 408 5235 γον
432 5169 543 5240 (15)
572 5172 667 5224 καὶ
697 5171 1028 5242 ὑϐριστικόν·

2004 4615 2303 4669 banitatem
2343 4626 2397 4669 et
2439 4614 2583 4669 sales
2608 4629 2639 4668 a
2670 4613 2789 4669 risu
2829 4628 2895 4667 ac
2934 4613 3380 4668 dissimulatione
3403 4614 3472 4669 ad
3501 4615 3555 4668 di

2001 4707 2262 4779 gnitatem
2294 4708 2535 4778 aliquam
2560 4707 3021 4776 severitatemque
3046 4707 3305 4774 traducit,
3329 4706 3575 4776 adeoque

2000 4816 2124 4853 cum
2161 4799 2386 4855 Socrate
2411 4800 2596 4870 jungit
2628 4802 2929 4871 miscetque
2967 4800 3354 4871 Pythagoram,
3402 4802 3577 4856 comi-

1999 4902 2109 4947 tate
2138 4893 2389 4957 alterum,
2429 4893 2661 4946 alterum
2695 4893 2959 4963 gravitate
2984 4892 3173 4947 vincit.
3209 4894 3277 4948 At
3304 4894 3582 4949 enimvero

2002 5000 2345 5055 nequaquam
2375 4985 2427 5038 id
2449 4974 2667 5054 agimus
2711 4986 2812 5040 hoc.
2844 4996 3115 5055 tempore,
3152 4986 3257 5041 alia
3286 4987 3448 5042 nobis
3471 5003 3584 5058 pra:

2002 5077 2259 5131 manibus
2294 5078 2530 5144 quaestio
2556 5085 2665 5132 est.
2714 5075 3059 5132 Revocamus
3084 5092 3213 5147 ergo
3249 5094 3346 5133 nos
3384 5079 3449 5133 ad
3497 5078 3582 5134 lo-

2002 5184 2125 5223 cum
2160 5184 2503 5239 pensumque
2539 5179 2815 5235 nostrum,
2847 5178 3011 5238 atque
3039 5178 3100 5224 ut
3157 5185 3188 5224 a
3233 5177 3385 5226 recto
3412 5185 3579 5228 cursu

313 5277 384 5317 ne
408 5262 624 5333 longius
652 5267 994 5331 aberremus,
1028 5281 1092 5319 ex
1119 5280 1185 5319 eo
1217 5265 1362 5334 quod
1408 5264 1516 5319 alio
1562 5278 1665 5317 nos
1708 5262 1948 5332 abripuit
1985 5263 2331 5329 diverticulo,
2379 5263 2624 5318 redimus
2654 5265 2709 5317 in
2740 5262 2909 5317 viam.
2932 5261 3243 5335 Discipulos
3263 5264 3458 5320 habuit
3484 5264 3583 5320 Po-

314 5352 457 5409 lemo
484 5358 782 5413 Arcesilam
835 5368 1000 5427 atque
1052 5357 1328 5412 Zenonem
1380 5358 1612 5427 (rursus
1640 5356 1786 5411 enim
1844 5356 2066 5411 tandem
2126 5370 2318 5411 eorum
2379 5355 2724 5427 meminero).
2758 5355 2968 5426 Quippe
3001 5356 3184 5413 dicere
3219 5358 3440 5428 mejam
3465 5374 3583 5414 me-

388 5518 499 5591 (12)
538 5520 699 5576 Forte
726 5522 831 5576 del.
858 5522 963 5576 διά.

387 5590 501 5659 (15)
565 5591 679 5659 Τῆς
724 5595 1042 5661 εἰρωνείας.
1114 5592 1371 5657 Tullius,
1437 5609 1487 5647 tv
1540 5593 1845 5647 Acadcmic.
1876 5635 1892 5659 ,

316 5671 450 5715 sect.
494 5662 598 5713 15:
630 5664 761 5716 Cum
803 5664 951 5716 aliud
982 5666 1175 5718 diceret
1221 5676 1375 5733 atque
1414 5666 1629 5717 sentiret
1668 5664 1891 5732 (Socra-

316 5738 441 5805 tes),
473 5732 693 5805 libenter
725 5736 803 5786 uti
834 5734 1023 5787 solitus
1049 5745 1125 5789 est
1162 5754 1222 5788 ea
1246 5732 1702 5797 dissimulatione,
1736 5751 1892 5805 quant

318 5801 489 5857 Gra't‘i
518 5804 798 5872 εἰρωνείαν
830 5816 1033 5859 vocant.

2067 5524 2183 5645 δη)
2243 5523 2509 5590 Φροῦδος
2564 5521 2948 5591 ἀναδραμεῖν.
3006 5520 3119 5576 Hoc
3170 5530 3252 5577 est
3278 5562 3293 5585 ,
3347 5523 3580 5592 opinor,

1996 5593 2064 5645 λά
2104 5611 2172 5645 οα
2195 5634 2207 5645 .
2247 5602 2468 5645 tamnue
2501 5596 2771 5645 celeriter.
2806 5604 2863 5645 ut
2897 5594 3085 5645 oculos
3114 5592 3298 5645 fallere
3334 5596 3580 5645 possint.

2030 5610 2064 5646 α

2103 5611 2172 5665 ρα
2195 5634 2207 5656 ,
2247 5602 2468 5662 tamque
2501 5596 2771 5665 celeriter,
2806 5604 2863 5647 ut
2897 5594 3085 5648 oculos
3114 5592 3298 5648 fallere
3334 5596 3580 5663 possint,

1999 5673 2059 5717 ut
2086 5664 2261 5719 Solent
2295 5665 2385 5732 qui
2419 5664 2639 5733 φροῦδοι
2669 5665 2931 5731 γίνονται.

2075 5733 2186 5797 (15)
2217 5732 2593 5804 Παράγωίγον.
2628 5735 2703 5788 Ex
2735 5736 2826 5788 illo
2859 5733 3127 5788 versiculo
3154 5732 3506 5804 ἐπαρῳδήθηο

2000 5807 2231 5873 Πρόσθε
2254 5805 2429 5867 λέων,
2450 5803 2656 5859 ὄπιθεν
2674 5806 2742 5858 δὲ
2758 5804 3012 5873 δράκων,
3022 5806 3224 5875 μέσση
3240 5803 3301 5857 τε
3318 5805 3581 5872 χίμαιρα.
