4034 6390
562 370 715 447 1199.
1211 368 1481 424 EUSEBll
1522 364 2006 423 CIESARIENSIS
2043 365 2191 421 OPP.
2237 365 2419 422 PARS
2460 366 2520 421 11.
2565 398 2623 408 -
2671 367 3175 426 APOLOGETICA.
3684 371 3805 428 ιεοο

557 494 713 558 mini,
776 493 1052 549 Zenonem
1113 491 1437 548 Xenocratis
1500 490 1762 561 primum,
1812 488 2007 543 deinde
2061 486 2369 544 Polemonis
2423 474 2727 544 auditorem
2778 490 2967 557 fuisse,
3028 500 3143 545 tum
3208 505 3241 543 a
3308 486 3529 541 Cratete
3587 485 3818 559 Cynicam

556 588 806 647 hausisse
851 590 1219 660 disciplinam.
1263 586 1421 642 Nunc
1454 585 1522 640 de
1547 588 1737 640 eodem
1772 592 2031 654 praeterea
2088 584 2170 639 sic
2206 584 2425 651 habeto,
2458 584 2611 639 illum
2653 593 2707 639 et
2760 584 3057 655 Stilponem
3093 594 3150 641 et
3178 582 3534 638 Heraclitum
3562 584 3714 639 etiam
3735 603 3819 642 au-

553 685 744 745 diisse.
780 689 917 744 Cum
964 688 1111 742 enim
1143 686 1428 742 Polemoni
1487 701 1705 757 operam
1732 686 1895 741 amho
1949 685 2178 749 darent,
2218 682 2362 751 quod
2406 692 2595 737 mutua
2647 683 2882 753 quadam
2911 682 3272 737 :emulatione
3321 679 3621 744 ferrentur,
3653 695 3821 754 pugna:

550 785 741 853 socios,
786 794 842 839 et
898 784 1184 853 adjutores
1242 790 1596 853 optaverunt,
1638 781 1995 849 lleraclitum,
2054 777 2355 848 Stilponem
2393 787 2448 833 et
2492 777 2792 845 Cratetem,
2822 777 2971 832 Zeno
3004 777 3099 847 qui
3128 775 3415 846 Stilponis
3461 778 3823 834 consuetudine

549 890 765 947 pugnax
795 896 809 943 ;
870 877 1148 941 Heracliti,
1201 888 1490 945 austerus;
1546 877 1808 942 Cratetis,
1831 876 2069 948 Cynicus
2108 873 2281 930 evasit
2310 914 2323 927 .
2358 873 2630 929 Arcesilas
2662 889 2792 929 vero
2844 871 3323 944 Theophrastum,
3374 869 3693 924 Crantorem
3714 868 3821 926 Pla-

549 972 812 1037 tonicum,
874 972 1174 1027 Diodorum
1195 1014 1212 1040 ,
1244 988 1310 1028 ac
1342 972 1541 1029 deinde
1603 973 1939 1045 Pyrrhonem
1973 988 1988 1024 :
2035 981 2090 1026 et
2129 985 2160 1024 a
2197 968 2464 1025 Crantore
2519 970 2739 1040 quidem
2808 969 2872 1023 ad
2901 967 3358 1039 persuadendum
3389 963 3641 1030 callidus,
3662 968 3690 1017 εἰ
3711 964 3821 1019 Dio-

546 1066 688 1119 doro
740 1077 922 1121 autem
973 1066 1272 1138 Sophista,
1323 1068 1563 1139 denique
1616 1084 1648 1123 a
1698 1066 1979 1139 Pyrrhone
2035 1082 2159 1121 cum
2231 1080 2447 1121 omnem
2502 1066 2565 1119 in
2607 1074 2816 1134 partem
2867 1064 3141 1120 versatilis
3203 1078 3274 1118 ac
3318 1060 3673 1123 temerarius,
3722 1070 3816 1115 tum

544 1158 710 1213 etiam
740 1160 923 1215 nullus
950 1174 1073 1216 esse
1102 1161 1315 1216 didicit.
1346 1159 1406 1215 In
1466 1176 1628 1231 quem
1659 1170 1944 1232 propterea
1973 1160 2094 1215 cani
2129 1158 2351 1215 solitum
2388 1160 2543 1213 aiunt
2597 1159 2743 1213 hunc
2799 1158 3151 1224 versiculum,
3186 1171 3262 1211 ex
3306 1153 3421 1208 alio
3451 1154 3683 1223 quodam
3710 1168 3819 1208 con-

547 1254 780 1310 tumeliae
808 1270 975 1311 causa
1000 1271 1343 1326 expressum,

2158 1356 2204 1413 Α
2232 1344 2464 1413 ιζρόσθε
2515 1340 2766 1397 Πλάτων
2789 1383 2803 1407 ,
2855 1341 3061 1396 ὄπιθεν
3099 1342 3380 1409 Πύρῤαηῃ
3437 1336 3671 1413 μέσςζος
3713 1341 3815 1393 Διό-

3566 1406 3776 1479 [δωροςο

546 1524 717 1590 Quem
750 1527 915 1580 etiam
946 1543 974 1580 a
1003 1526 1234 1582 Timone
1294 1530 1560 1600 scriptum
1595 1542 1699 1595 est,
1746 1547 1775 1585 a
1806 1530 2103 1587 Menedemt

2226 1529 2415 1599 Τίμων
2447 1527 2504 1581 δὲ
2533 1528 2628 1581 καὶ
2659 1527 2765 1581 ὑπὸ
2799 1526 3118 1598 Μενεδήμου
3145 1525 3208 1577 τὸ
3244 1523 3534 1597 ἐριστικόν
3567 1540 3693 1595 φησι
3731 1525 3814 1580 λα-

542 1618 842 1672 acrimouia
866 1619 1099 1689 quadam
1136 1620 1465 1675 instructum
1511 1632 1565 1677 et
1616 1633 1888 1677 armatum
1928 1623 2098 1679 fuisse

2226 1620 2391 1675 δόντα
2425 1618 2809 1691 ὲξαρτυθῆναι,
2859 1619 3017 1690 εἴπερ
3062 1635 3126 1686 γε
3155 1617 3222 1688 δή
3250 1633 3393 1687 φησι
3424 1617 3557 1686 περὶ
3584 1616 3753 1668 αὐτοῦ’

542 1709 633 1765 Sic
656 1710 801 1763 enim
829 1711 916 1765 ille
943 1713 1007 1765 de
1029 1712 1299 1776 Arcesila,

617 1363 816 1419 Fronte
844 1366 1025 1433 Plato,
1067 1369 1286 1437 pedibus
1320 1368 1550 1439 Pyrrho,
1584 1373 1752 1426 medio
1779 1372 2067 1427 Diodorus.

614 1820 711 1875 Ille
732 1838 912 1888 ruens,
950 1822 1118 1876 medio
1159 1822 1453 1877 Menedemi
1478 1825 1531 1877 in
1552 1834 1760 1894 pectore
1787 1826 2089 1896 plumbum,

2228 1844 2307 1914 Τῇ
2333 1843 2451 1914 μὲν
2476 1844 2635 1944 Exeo:
2666 1843 3021 1913 Μενεδήμου
3062 1842 3173 1913 (l6)
3219 1839 3351 1896 ὑπὸ
3394 1840 3697 1944 ore???
3720 1844 3810 1910 μό-

2277 1909 2304 1914 ”
2333 1909 2349 1914 ⁷
2509 1909 2545 1914 ”
2581 1914 2605 1944 ο
2889 1909 2916 1913 ’⁷
3071 1909 3079 1913 “
3154 1909 3163 1913 ’
3580 1930 3589 1947 ι
3652 1938 3656 1949 ,
3713 1909 3730 1944 ζ

2224 1988 2507 2041 Θεύσεται
2524 1986 2567 2056 (ι
2580 1986 2677 2057 6'),
2696 1985 2734 2053 ἢ
2754 1986 3039 2053 Πύρῤωνα
3060 1983 3105 2053 (ι
3119 1982 3170 2055 7)
3196 1981 3269 2037 τὸ
3291 1909 3807 2125 πάτηιέὲέςῗῗῖιὶδο

3585 2070 3743 2120 uapor.

610 1954 960 2024 Pyrr/tonisve
983 1957 1122 2011 altas
1147 1957 1363 2027 glandes
1387 1958 1540 2027 feret,
1570 1967 1665 2013 aut
1700 1958 2014 2028 Diodorum,

535 2134 696 2203 730
721 2134 903 2203 itaque
929 2134 1170 2203 spinosis
1206 2134 1424 2190 Diodori
1454 2136 1691 2194 hominis
1722 2138 1992 2195 dialectici
2038 2156 2122 2194 ar-

534 2228 720 2296 gutiis,
751 2229 1023 2297 ancipites
1052 2228 1173 2284 illas
1205 2245 1270 2284 ac
1294 2229 1491 2284 dubias
1522 2228 1822 2301 Pyrrhonis
1844 2232 2122 2303 cogitatio—

533 2334 629 2371 nes
655 2319 937 2382 intricans,
968 2319 1165 2388 nugaci
1213 2329 1267 2374 et
1317 2319 1514 2389 inepta:
1542 2320 1860 2390 loquacitati
1894 2322 2118 2393 aliquod

530 2418 709 2465 tamen
724 2425 788 2464 ex
819 2410 870 2464 vi
891 2420 945 2465 et
967 2410 1227 2467 facultate
1244 2410 1529 2467 Platonica
1551 2421 1935 2468 ornamentum
1965 2430 2115 2485 quae-

530 2502 685 2556 rebat
713 2520 725 2555 :
758 2503 922 2557 homo
944 2502 1240 2573 ejusmodi,
1268 2502 1544 2559 aliirmans
1561 2504 1725 2560 simul
1751 2504 1915 2572 idem,
1944 2506 2116 2561 idem-

528 2610 635 2664 que
665 2609 895 2664 negans,
922 2595 1071 2662 hinc,
1105 2596 1276 2661 illinc,
1302 2596 1583 2667 utrinque,
1619 2597 1703 2652 vel
1746 2597 1987 2668 undique
2016 2613 2114 2668 po-

530 2688 637 2743 tius
675 2687 857 2743 subito
886 2702 945 2743 se
983 2696 1294 2757 temereque
1325 2703 1557 2744 versans
1591 2703 1657 2743 ac
1701 2704 1990 2753 revocans,
2025 2692 2108 2745 in-

525 2781 658 2836 certi
687 2779 1037 2850 ambiguique
1055 2794 1273 2843 sensus,
1304 2788 1599 2846 veterator,
1636 2795 1897 2851 praeceps,
1918 2790 2102 2852 atque,

524 2880 581 2928 ut
616 2874 885 2943 ipsemet,
934 2874 1069 2927 adeo
1107 2871 1379 2943 ingenuus
1423 2882 1549 2941 est,
1605 2872 1917 2939 confitetur,
1969 2875 2105 2929 nihil

525 2966 749 3020 omnino
769 2965 947 3021 sciens
982 2984 994 3019 :
1028 2965 1373 3034 postmodum
1409 2976 1590 3018 tamen
1618 2966 1807 3020 nescio
1851 2980 1959 3035 quo
2003 2982 2102 3036 pa.

528 3073 616 3118 cto
673 3063 974 3120 scientibus
1013 3062 1211 3118 similis
1244 3080 1257 3116 :
1293 3062 1373 3117 sic
1405 3061 1682 3116 umbratili
1713 3061 1948 3132 quadam
1975 3078 2102 3118 ora-

524 3158 687 3213 tionis
721 3156 902 3225 specie
925 3155 1107 3210 omnis
1138 3154 1301 3209 homo
1324 3154 1555 3209 subinde
1590 3154 1863 3224 apparuit.
1906 3174 1925 3206 ι

1134 3285 1365 3342 CAPUT
1398 3286 1481 3341 Vl.

559 3403 635 3458 De
664 3403 927 3469 Arcesila,
958 3418 1046 3471 qui
1097 3402 1382 3456 secundam
1424 3402 1767 3456 Academiam
1813 3402 2071 3456 instituit.

1160 3475 1245 3526 Ex
1278 3473 1479 3525 eodem.

599 3584 617 3617 ι
640 3564 1033 3631 Nihilominus,
1053 3564 1251 3633 inquit,
1272 3563 1487 3632 ignotus
1500 3573 1614 3617 erat
1639 3562 1929 3629 Arcesilas,
1946 3578 2111 3634 quam

522 3659 837 3729 ambiguum
867 3666 1032 3724 esset,
1065 3665 1219 3712 utros
1245 3656 1388 3711 inter
1413 3653 1735 3711 Homericus
1768 3657 1857 3711 ille
1886 3656 2106 3712 Diome-

435 3768 461 3800 ι
521 3754 616 3806 des
646 3759 977 3816 versaretur,
1011 3748 1302 3820 Trojanos,
1342 3763 1410 3803 an
1446 3748 1704 3803 Achivos.
1740 3747 1789 3804 ls
1828 3750 1972 3802 enim
2006 3764 2106 3803 nec

524 3845 666 3898 idem
697 3858 940 3913 unquam
970 3850 1031 3897 ut
1062 3841 1268 3897 diceret
1308 3840 1601 3911 impetrare
1628 3840 1726 3895 abs
1781 3856 1902 3897 sese
1948 3851 2103 3911 pote-

521 3946 626 4002 rat,
651 3949 751 3989 nec
792 3934 843 3989 id
874 3935 1102 3989 omnino
1158 3932 1377 3989 solertis
1428 3933 1630 4005 ingenii
1677 3933 1906 4003 putabat
1956 3950 2098 3990 esse.

2223 2168 2355 2232 Ταῖς
2391 2166 2487 2223 οῦν
2510 2167 2774 2240 Διοδώρου
2822 2166 3165 2223 διαλεκτικοῦ
3218 2168 3406 2233 ὄντος,
3454 2167 3801 2237 λεπτολογίαις

2218 2262 2344 2324 τοὺς
2396 2260 2691 2332 λογισμοὺς
2742 2262 2867 2325 τοὺς
2922 2261 3218 2334 Πύρρωνος
3274 2261 3379 2315 καὶ
3445 2261 3509 2314 τὸ
3538 2262 3801 2315 σκεπτικὸν

2219 2352 2584 2417 καταπλέξας,
2601 2352 2928 2424 διεκόσμησε
2958 2353 3118 2421 λόγου
3145 2353 3427 2425 δεινότητι
3456 2356 3524 2424 τῇ
3544 2353 3799 2418 Πλάτωνος

2218 2443 2496 2515 φλήναφόν
2543 2462 2665 2498 τινα
2726 2444 3279 2516 κατεστωμυλμένον·
3354 2445 3456 2499 καὶ
3511 2444 3677 2514 ἔλεγε,
3722 2448 3797 2498 καὶ

2216 2535 2498 2606 ἀντέλεγε,
2540 2537 2636 2591 καὶ
2687 2536 3116 2608 μετεκυλινδεῖτο
3168 2538 3460 2601 κάκεῖθεν,
3504 2536 3793 2599 κάντεῦθεν,

2217 2627 2579 2699 ἑκατέρωθεν,
2609 2629 2806 2682 ὁπόθεν
2829 2629 3002 2701 τύχοι,
3028 2631 3457 2703 παλινάγρετος,
3492 2632 3584 2685 καὶ
3601 2630 3795 2702 δύσκρι-

2137 2720 2177 2774 Β
2205 2736 2317 2784 τος,
2353 2722 2447 2774 καὶ
2468 2721 2804 2793 παλίμϐολός
2839 2739 2898 2775 τε
2922 2722 3059 2793 ἅμα,
3096 2725 3189 2777 καὶ
3231 2723 3786 2796 παρακεκινδυνευμέ-

2213 2827 2321 2876 νος,
2351 2811 2503 2865 οὐδέν
2539 2829 2600 2865 τε
2658 2812 2835 2879 εἰδὼς,
2894 2813 2971 2876 ὼς
3024 2815 3187 2879 αὐτὸς
3244 2815 3380 2888 ἔφη,
3438 2817 3681 2883 γενναῖος
3704 2814 3786 2867 ὢν·

2211 2898 2333 2956 εἶτά
2403 2920 2521 2967 πως
2584 2904 2859 2971 ἐξέϐαινεν
2933 2907 3121 2977 ὅμοιος
3197 2911 3313 2972 τοῖς
3393 2906 3620 2973 εἰδόσιν,
3700 2906 3788 2959 ὑπὸ

2212 2994 2577 3066 σκιαγραφίας
2662 2996 2771 3049 τῶν
2843 2996 3017 3066 λόγων
3111 2998 3463 3061 παντοδαπὸς
3543 3013 3787 3065 πεφαντα-

2212 3082 2428 3153 σμένος.
2458 3104 2475 3135 ι

2752 3295 3151 3350 ΚΕΦΑΛΑΙΟΝ
3174 3298 3265 3363 q'.

2213 3407 2353 3475 Περὶ
2396 3407 2788 3478 Ἀρκεσιλάου
2816 3408 2923 3463 τοῦ
2946 3408 3061 3477 τὴν
3108 3408 3401 3478 δευτέραν
3448 3405 3784 3475 Ἀκαδημίαν

2482 3479 3013 3550 ὑποστησομένου.
3062 3480 3155 3533 Ἐκ
3186 3479 3294 3533 τοῦ
3316 3478 3532 3533 αὐτοῦ.

2290 3589 2311 3623 ι
2346 3570 2452 3625 Τοῦ
2479 3589 2538 3625 τε
2581 3572 2878 3644 Ὁμηρικοῦ
2914 3572 3164 3625 Τυδείδου
3199 3572 3312 3643 (18)
3363 3570 3645 3641 ὁποτέροις
3700 3583 3779 3636 με-

2213 3662 2333 3733 τείη
2366 3664 2748 3734 ἀγνοουμένου,
2780 3662 2902 3716 οὔτε
2938 3665 2986 3716 εξ
3020 3664 3235 3734 Τρωσὶν
3290 3664 3524 3735 ὁμιλέοι,
3585 3660 3694 3714 οὔτε
3735 3662 3775 3714 el

2210 3756 2307 3808 καὶ
2350 3756 2605 3825 Ἀχαιοῖς,
2667 3756 2816 3809 οὐδὲν
2841 3753 3003 3829 ἦττον
3046 3756 3399 3829 Ἀρκεσίλαος
3434 3753 3774 3827 ἠγνοεῖτο.’1“δ

2209 3846 2317 3918 γὰρ
2352 3846 2448 3899 ἕνα
2481 3863 2541 3899 τε
2569 3846 2727 3917 λόγον
2753 3847 2848 3900 καὶ
2879 3846 3077 3901 ταύτόν
3107 3847 3225 3899 ποτ’
3256 3847 3435 3901 εἰπεῖν
3456 3845 3557 3898 οὐκ
3583 3843 3700 3913 ἐνῆν
3724 3843 3772 3893 ἐν

2206 3936 2374 4007 αὐτῷ,
2426 3936 2548 3990 οὐδέ
2600 3955 2664 4008 γε
2704 3937 2857 4009 ἠξίου
2916 3936 3111 4010 ἀνδρὸς
3158 3933 3295 3990 εἶναι
3344 3955 3435 3991 πω
3490 3937 3551 3989 τὸ
3589 3933 3771 3988 τοιοῦτο

522 4026 663 4098 Ergo
693 4027 937 4097 snphista
971 4025 1259 4082 dicebatur
1284 4040 1411 4080 acer
1450 4040 1515 4080 ac
1543 4024 1861 4089 vehemens,
1894 4026 2099 4097 quique

2202 4026 2373 4093 δεξιοῦ
2398 4027 2670 4098 οὐδαμῶς.
2712 4026 3035 4099 Ὠνομάζετο
3069 4023 3161 4080 οὖν
3194 4025 3363 4090 δεινὸς
3394 4023 3663 4095 σοφιστὴς,
3680 4020 3769 4074 τῶν

523 4120 703 4173 minus
748 4119 849 4174 hac
882 4118 937 4171 in
970 4126 1087 4172 arte
1120 4124 1366 4171 versatos
1397 4115 1692 4185 jugularet.
1742 4114 1875 4170 Nam
1902 4131 2097 4186 quem-

2203 4121 2568 4191 ἀγυμνάστων
2600 4122 2858 4191 σφαγεύς.
2886 4122 3093 4193 Ὥσπερ
3120 4120 3228 4190 γὰρ
3260 4122 3314 4174 αἱ
3348 4121 3671 4191 Ἔμπουσαι,
3718 4115 3766 4166 ἐν

521 4210 817 4265 admodum
875 4207 1132 4278 Empusae
1182 4205 1288 4261 illae
1316 4205 1526 4271 solent,
1579 4206 1633 4259 in
1663 4205 2098 4275 disputationum

2202 4214 2313 4276 τοῖς
2338 4213 2588 4284 φάσμασι
2620 4216 2733 4277 τοῖς
2762 4213 2870 4266 τῶν
2897 4212 3070 4282 λόγων
3101 4212 3205 4266 ὑπὸ
3229 4210 3581 4284 παρασκευῆς
3614 4224 3666 4261 τε
3689 4206 3765 4258 καὶ

522 4316 746 4356 suarum
776 4298 1093 4371 praestigiis,
1120 4296 1304 4353 studio
1338 4297 1574 4366 dataque
1610 4311 1775 4368 opera
1805 4312 2103 4366 compone-

522 4398 614 4449 bat
639 4394 912 4463 dabatque
952 4402 1095 4455 sese,
1152 4387 1573 4455 ludiﬁcabatur,
1600 4388 1737 4442 nihil
1764 4403 1863 4443 nec
1896 4389 2103 4444 sciebat

522 4491 657 4558 ipse,
681 4501 782 4541 nec
812 4485 958 4542 seire
980 4484 1116 4540 alios
1154 4481 1463 4553 patiebatur
1497 4501 1509 4535 :
1544 4491 1813 4537 terrorem
1842 4483 2102 4537 omnibus

520 4596 583 4635 ac
609 4578 1073 4650 perturbationem
1132 4574 1457 4645 injiciebat:
1508 4574 1958 4644 argutiarumque
1993 4574 2099 4630 sibi

518 4688 584 4727 ac
611 4670 952 4725 veterator-ia:
989 4666 1249 4723 dictionis
1280 4665 1488 4737 primas
1524 4666 1597 4719 ita
1629 4665 1971 4733 defendebat,
1998 4669 2103 4722 hoc

518 4773 576 4818 ut
610 4762 810 4833 probro
840 4757 1245 4830 iucundissime
1268 4756 1567 4825 frueretur,
1586 4772 1761 4827 eoque
1790 4773 1849 4814 se
1882 4760 2103 4814 nomine

521 4856 722 4909 mirum
758 4853 813 4905 in
844 4852 1068 4906 modum
1103 4848 1575 4919 circumspiceret,
1611 4849 1758 4919 quod
1791 4848 1920 4919 quid
1946 4860 2101 4920 turpe

519 4947 724 5017 quidve
752 4945 1074 5010 honestum,
1109 4942 1244 5014 quid
1290 4941 1497 4997 bonum
1548 4942 1747 5010 quidve
1778 4943 1979 4997 malum
2014 4960 2095 5000 es.

520 5048 621 5101 set,
643 5039 919 5108 ignoraret
944 5055 956 5089 :
984 5036 1077 5091 sed
1104 5036 1312 5105 potius,
1335 5034 1428 5090 ubi
1446 5035 1593 5105 quod
1617 5037 1852 5106 primum
1870 5034 1924 5089 in
1948 5051 2101 5090 men-

590 5196 701 5267 (16)
741 5194 1110 5263 Μενεδήμου.
1146 5193 1436 5267 Perperam
1472 5195 1618 5267 apud
1648 5194 1940 5267 Diogenem
1972 5194 2021 5267 l.
2046 5211 2098 5249 tv

518 5265 863 5321 tle’Arcesila
886 5307 900 5331 ,
945 5266 1175 5336 habetur
1202 5265 1541 5336 Μενέδημος.
1578 5265 1702 5320 llaec
1726 5266 1872 5319 enim
1903 5266 1971 5319 de
1998 5266 2100 5319 Ar-

519 5337 704 5399 cesila,
738 5353 847 5390 non
876 5338 941 5391 de
965 5334 1282 5391 Menedemo
1307 5334 1585 5391 dicuntur.

592 5406 728 5475 (16⁸)
753 5408 1057 5461 Θεύσεται.
1087 5404 1225 5477 Hine
1243 5407 1407 5461 etiam
1429 5407 1696 5476 Diogenes
1718 5406 2094 5477 corrigendos,

520 5477 659 5547 apud
693 5494 853 5545 quem
890 5478 1048 5539 male,
1087 5476 1328 5547 θήσεται.

589 5547 701 5617 (17)
719 5549 787 5601 Ἡ
802 5549 1107 5617 Πύρῤωνα.
1125 5545 1265 5601 Nihil
1284 5554 1450 5601 muto.
1472 5545 1770 5618 Dixitenim
1786 5547 1925 5615 ἔχων
1942 5546 2089 5618 Πύρ-

518 5616 689 5687 ῥωνα,
718 5618 750 5689 ἢ
778 5618 1060 5689 Διόδωρον,
1085 5618 1165 5673 uti
1203 5618 1520 5689 Μενεδήμου
1552 5616 1778 5687 μόλυῦδο
1792 5635 1840 5671 ν.
1888 5616 2087 5671 Mavult

516 5688 1093 5761 tamen_Casaul)Onus
1140 5689 1219 5761 εἰς
1268 5688 1570 5761 Πῦρῤωνα,
1611 5690 2084 5761 μηιωιητιιιιηοᾱυιῃ

515 5757 655 5826 apud
696 5758 982 5828 Diogenem
1012 5759 1276 5828 sequitur,
1300 5757 1547 5828 Νῆξομαι
1576 5759 1655 5821 εἰς
1680 5758 1968 5828 Πύρρωνα,
1994 5760 2085 5811 καὶ

514 5834 593 5893 εἰς
626 5828 802 5882 κολιὸν
827 5827 1108 5899 Διόδωρον.
1135 5827 1252 5884 Meo
1281 5827 1505 5898 judicio,
1543 5830 1619 5891 si;
1653 5827 1942 5899 Πύρρωνα,
1977 5846 2083 5883 non

2205 4302 2435 4374 μελέτης
2470 4305 2831 4375 ὲφήρμοττεν,
2881 4304 3190 4375 ὲγοήτευεν,
3221 4303 3372 4356 οὐδὲν
3428 4297 3568 4372 εἶχεν
3592 4296 3761 4351 εἰδέναι

2201 4395 2323 4448 οὔτε
2355 4396 2538 4460 αὐτὸς,
2569 4396 2691 4450 οὔτε
2712 4398 2840 4461 τοὺς
2869 4396 3061 4460 ἄλλους
3107 4398 3223 4469 ὲᾷνο
3264 4395 3548 4467 ἐδειμάτου
3586 4392 3639 4445 δὲ
3683 4390 3761 4443 καὶ

2203 4488 2582 4560 κατεθορύϐει,
2620 4490 2713 4542 καὶ
2746 4489 3096 4560 σοφισμάτων
3120 4506 3183 4557 γε
3235 4489 3327 4543 καὶ
3372 4488 3545 4558 λόγων
3580 4484 3757 4552 κὶοτής

2206 4581 2503 4652 φερόμενος
2558 4580 2627 4633 τὰ
2674 4580 2887 4652 πρῶτα,
2950 4580 3243 4652 κατέχαιρέ
3297 4580 3375 4651 τῷ
3429 4580 3635 4641 ὀνείδει,
3680 4575 3758 4628 καὶ

2202 4672 2510 4743 ἡμϐρύνετο
2537 4671 2885 4744 θαυμαστῶς,
2920 4674 3002 4727 ὅτι
3029 4674 3164 4745 μήτε
3188 4690 3245 4725 τι
3291 4672 3514 4744 αἰσχρὸν
3538 4670 3569 4742 ἦ
3597 4664 3750 4724 καλὸν,

2206 4765 2343 4836 μήτε
2412 4763 2638 4833 ἀγαθὸν,
2678 4766 2813 4835 μήτε
2868 4759 2934 4819 αὖ
2994 4764 3165 4817 κακόν
3208 4763 3325 4817 ἐστὶ
3374 4781 3449 4827 τι,
3504 4757 3752 4835 ᾗδενάλϊ

2203 4856 2457 4928 ὁπότερον
2491 4856 2570 4919 εἰς
2626 4854 2725 4919 τὰς
2774 4854 2951 4925 ψυχὰς
2983 4854 3159 4917 πέσοι,
3190 4852 3347 4907 τοῦτο
3400 4851 3583 4913 εἰπὼν,
3618 4842 3749 4907 αὖθις

2207 4946 2546 5019 μεταϐαλὼν,
2574 4948 2874 5018 ἀνέτρεπεν
2899 4946 2963 5000 ἂν
3003 4946 3312 5017 πλεοναχῶς
3354 4945 3388 5017 ἢ
3416 4945 3483 4999 δι’
3520 4946 3645 4998 ὅσων
3669 4954 3749 4992 κα-

2201 5041 2543 5095 τεσκευάκει.
2606 5038 2714 5093 Ἦν
2779 5035 2871 5094 οὖν
2919 5039 3086 5111 ὕδραν
3146 5039 3361 5111 τέμνων
3420 5037 3620 5099 ἑαυτὸν,
3669 5028 3742 5085 καὶ

2200 5203 2282 5248 est
2308 5194 2444 5265 πρὸς
2486 5193 2658 5265 Πύρῤ.
2694 5202 2789 5248 aut
2819 5194 2961 5265 κατᾲ
2996 5192 3323 5264 Πύρρωνος,
3366 5192 3458 5247 sed
3492 5181 3743 5265 potiusﬁl-

2202 5282 2303 5334 κην
2344 5262 2636 5337 Πύρρωνος
2662 5266 2756 5318 καὶ
2788 5262 3094 5337 Διοδώρου,
3115 5262 3237 5316 eum
3268 5262 3556 5333 utrumque
3588 5262 3740 5328 potius

2201 5334 2587 5399 temularetur,
2635 5350 2796 5403 quam
2852 5334 2903 5386 in
2957 5336 3278 5387 alterutrum
3346 5341 3441 5386 aut
3487 5338 3740 5403 utrumque

2204 5406 2459 5459 terretur.
2503 5407 2562 5457 In
2616 5401 2820 5459 nostris
2851 5413 3028 5471 autem
3062 5404 3331 5467 versibus,
3376 5416 3655 5472 quorsum,
3694 5401 3738 5472 ιιξ

2126 5490 2167 5544 ι)
2196 5476 2351 5546 δίκην
2398 5474 2691 5546 Πύρρωνος
2737 5483 2831 5527 aut
2872 5462 3136 5546 Διοδώρου
3167 5462 3427 5546 curreret,
3480 5462 3735 5528 Menedemi

2199 5544 2727 5616 plumbum’peetore
2756 5544 3304 5616 circumierrethon
3338 5544 3516 5616 video.

2262 5601 2751 5701 .('§)‘:01-1nptx0{1
2802 5614 3101 5669 Τυδείδου.
3147 5601 3317 5669 Nobis
3366 5611 3581 5669 Homeri
3612 5601 3734 5661 v.85

2201 5684 2555 5821 Πιῖἕδειῖδῆν
2586 5754 2638 5807 δ’
2666 5757 2776 5807 οὐκ
2802 5754 2882 5808 ἂν
2908 5755 3135 5823 γνοίης,
3163 5753 3461 5818 ποτέροισι
3485 5747 3685 5823 μετείη,
3778 5760 3779 5763 ‘

2282 5825 2372 5883 Ἠὲ
2394 5825 2541 5895 μετὰ
2576 5825 2809 5894 Τρὶεο-σι
2842 5822 3089 5895 ὁμιλέοι,
3127 5823 3165 5893 ἢ
3187 5825 3313 5893 μετ’
3354 5822 3617 5893 Ἀχαιοῖς.
