4090 6382
325 326 452 384 1201

1487 330 1807 388 ΡΜῑΡΑιι.
1860 308 2112 388 EVANG.
2151 332 2281 387 LIB.
2321 330 2462 387 xw.

3424 324 3579 415 ⁴12οἓ

325 448 653 519 τεμνόμενος
715 449 803 518 ὑφ’
841 447 1070 515 ἑαυτοῦ,
1124 449 1410 521 ἀμφότερα
1486 451 1733 523 ἀλλήλων
1791 450 1901 521 (l9)

2021 466 2113 505 .em
2145 458 2370 504 venerat
2400 447 2691 504 cliutiisset
2716 488 2729 511 ,
2784 454 2899 500 tum
2948 452 3175 515 repente
3206 453 3469 509 mutatus,
3526 444 3578 498 id

327 540 647 610 δυσκρίτως,
697 543 789 593 καὶ
832 541 927 594 τοῦ
971 540 1179 605 δέοντος
1233 542 1540 606 ἀσκέπτως.
1602 543 1748 613 Πλὴν
1795 545 1909 606 τοῖς

330 627 616 682 ἀκούουσιν
642 630 873 699 ἤρκεσεν
900 627 1035 699 (ΞΟ),
1058 627 1193 699 ὁμοῦ
1246 631 1312 700 τῇ
1342 629 1602 700 ἀκροάσει
1632 627 1910 700 εύπρόσω⁶

332 733 427 770 πον
442 716 572 770 ὄντα
599 716 907 787 θεωμένοις·
926 712 993 789 ἦν
1006 712 1099 769 οὗν
1121 716 1284 770 ἀκουό
1291 732 1450 786 μενος
1466 718 1558 770 καὶ
1584 714 1909 786 βλεπόμενος

328 808 562 879 ἥδιστος,
593 808 712 863 ἐπεί
749 827 832 863 τοι
867 808 1323 881 προσειθίσθησαν
1352 808 1709 880 ἀποδέχεσθαι
1741 806 1907 862 αὑτοῦ

329 899 453 963 τοὺς
477 896 665 966 λόγους
696 899 871 963 ἰόντας
903 899 1010 952 ἀπὸ
1042 898 1209 952 καλοῦ
1243 900 1535 971 προσώπου
1564 918 1625 953 τε
1678 900 1772 953 καὶ
1800 899 1911 953 στό-

333 1008 499 1061 ματος
522 991 623 1045 οὐκ
646 992 771 1049 ἄνευ
793 992 891 1064 τῆς
913 994 969 1045 ὲν
989 994 1099 1054 τοῖς
1119 991 1328 1063 ὄμμασι
1366 993 1780 1065 φιλοφροσύνης.
1821 993 1912 1045 Δεῖ

328 1082 382 1136 δὲ
403 1083 573 1137 ταῦτα
598 1083 828 1137 ἀκοῦσαι
862 1082 935 1154 μὴ
961 1083 1163 1148 ἁπλῶς,
1185 1084 1300 1137 ἀλλ’
1318 1084 1474 1154 ἔσχεν
1504 1078 1604 1137 ὦδε
1629 1084 1688 1148 ἐξ
1715 1085 1905 1155 ἀρχῆς.

332 1173 627 1245 Συμὸαλὼν
658 1174 767 1247 γάρ
795 1175 854 1228 ὲν
886 1173 1042 1227 παισὶ
1062 1175 1412 1245 Θεοφράστῳ,
1435 1175 1590 1247 ἀνδρὶ
1626 1175 1786 1246 πράῳ
1816 1176 1909 1228 καὶ

331 1268 429 1319 οὐκ
458 1267 618 1335 ἀφυεῖ
653 1265 722 1319 τὰ
747 1265 1008 1339 ἐρωτικά,
1039 1267 1126 1321 διὰ
1168 1266 1229 1319 τδ
1278 1266 1443 1329 καλὸς
1499 1259 1661 1329 εἶναι,
1724 1264 1803 1317 ἔτι
1836 1264 1910 1318 ὢν

334 1358 549 1429 ὡραῖος,
574 1356 752 1429 τυχὼν
785 1358 1015 1430 ἐραστοῦ
1041 1359 1349 1430 Κράντορος
1364 1356 1457 1410 τοῦ
1487 1354 1908 1427 Ἀκαδημαῖκοῦ,

335 1449 717 1523 προσεχώρησε
752 1451 850 1521 μὲν
882 1450 1076 1522 τούτῳ,
1095 1446 1180 1505 οἷα
1211 1450 1268 1502 δὲ
1291 1449 1388 1522 τὴν
1409 1446 1569 1519 φύσιν
1588 1449 1688 1501 οὐκ
1712 1445 1909 1517 ἀφυὴς,

331 1542 594 1614 τρεχούσῃ
624 1536 968 1615 χρησάμενος
1016 1544 1176 1613 αὐτῇ,
1208 1540 1365 1613 ρᾳδίᾳ
1385 1581 1400 1605 ,
1432 1539 1756 1611 θερμουργῷ
1806 1539 1912 1592 ὑπὸ

334 1633 685 1702 φιλονεικίας,
741 1634 1021 1705 μετασχὼν
1050 1633 1147 1705 μὲν
1187 1630 1452 1705 Διοδώρου
1489 1633 1569 1694 εἰς
1624 1630 1695 1683 τά
1736 1646 1912 1682 πεπα-

334 1726 675 1796 νουργημένα
704 1724 927 1779 πιθάνια
957 1725 1067 1796 (2i)
1096 1724 1265 1778 ταῦτα
1287 1724 1355 1778 τά
1376 1721 1581 1793 κομψὰ,
1616 1718 1911 1791 ὡμιληκὼς

2012 544 2189 613 ipsum
2220 540 2465 611 pluribus
2491 524 2657 610 q'uam
2690 545 2818 593 ante
2845 536 3168 602 stabilierat,
3197 545 3480 591 everteret.
3511 534 3579 588 Se

2013 634 2189 703 ipsum
2208 631 2373 702 igitur
2399 629 2488 683 ille
2520 627 2678 699 quasi
2716 627 2944 698 hydram
2980 626 3220 689 secabat,
3272 634 3325 680 et
3355 626 3579 680 secaba-

2011 734 2101 779 tur
2124 739 2154 779 a
2187 738 2245 779 se
2271 723 2409 793 ipso,
2437 721 2566 777 dum
2598 718 2679 774 sic
2723 719 2775 772 iu
2806 726 3095 787 utramque
3129 725 3338 785 partem
3391 716 3577 786 loque-

2012 826 2183 881 retur,
2216 823 2277 869 ut
2304 828 2406 869 nec
2436 812 2568 884 quid
2603 812 2705 867 sibi
2744 811 2906 867 vellet
2933 809 3318 879 intelligerent,
3350 823 3451 863 nec
3500 809 3583 862 ul-

2010 908 2116 962 lam
2146 906 2262 977 ipse
2305 905 2489 961 decori
2519 905 2784 958 rationem
2817 902 3062 957 haberet.
3109 899 3354 956 Tenebat
3384 900 3473 955 ille
3503 910 3585 954 ta-

2012 1012 2134 1053 men
2160 995 2462 1059 auditores,
2493 995 2625 1049 dum
2658 994 2712 1047 in
2760 993 3017 1063 loquente
3044 1005 3317 1048 summam
3359 989 3472 1044 oris
3502 989 3584 1043 di-

2010 1089 2271 1160 gnitatem
2300 1087 2568 1142 videbant.
2599 1085 2722 1141 Fuit
2745 1087 2889 1140 enim
2916 1085 3104 1139 auditu
3132 1084 3296 1140 simul
3330 1090 3583 1152 aspectu-

1960 1215 1973 1224 -
2011 1198 2118 1253 que
2159 1182 2617 1253 iucundissimus,
2666 1181 2913 1250 adeoque
2945 1180 3312 1235 libentissime
3341 1177 3582 1231 hominis

2012 1275 2311 1329 orationem
2348 1272 2715 1342 excipiebant,
2745 1273 3027 1342 praestanti
3066 1285 3132 1325 ex
3161 1270 3313 1323 vultu
3374 1277 3430 1323 et
3490 1283 3583 1322 ore

2013 1374 2348 1432 manantem,
2380 1379 2481 1419 nec
2521 1364 2729 1433 absque
2786 1362 2969 1416 nativa
3019 1360 3257 1430 quadam
3316 1360 3585 1416 suavitate

2014 1461 2323 1513 oculorum.
2357 1455 2534 1523 Quam
2594 1456 2685 1510 ille
2714 1454 2953 1525 speciem
3006 1468 3115 1508 non
3146 1453 3329 1508 subito
3386 1467 3497 1522 prae
3527 1465 3586 1507 se

2013 1553 2155 1617 tulit,
2190 1552 2283 1608 sed
2309 1567 2339 1605 a
2362 1550 2554 1621 primis
2577 1551 2760 1606 statim
2786 1549 2946 1603 annis
2972 1548 3241 1603 induerat.
3268 1546 3424 1617 731
3450 1544 3586 1601 Cum

2013 1643 2387 1713 Theophrasto
2403 1641 2547 1697 enim
2566 1657 2595 1696 a
2623 1641 2856 1712 pueritia
2880 1650 3153 1704 versatus,
3182 1640 3399 1693 homine
3421 1639 3586 1701 comi,

2014 1750 2112 1790 nec
2128 1750 2158 1788 a
2186 1734 2348 1789 rebus
2365 1733 2647 1787 amatoriis
2668 1732 2865 1799 alieno,
2885 1732 3116 1802 eleganti
3144 1729 3340 1793 forma,
3367 1739 3419 1783 et
3439 1745 3589 1784 coni-

332 1816 388 1869 δὲ
414 1815 665 1887 Πύρρωνι
702 1817 767 1888 (ὁ
792 1815 849 1870 δὲ
905 1816 1136 1888 Πύρρων
1171 1817 1235 1868 ὲκ
1289 1813 1627 1886 Δημοκρίτου
1682 1812 1910 1885 ὥρμητο

2021 1825 2179 1879 moda
2209 1823 2389 1879 adhuc
2407 1830 2566 1879 aetate
2595 1838 2721 1879 cum
2751 1831 2917 1887 esset,
2949 1821 3270 1877 Crantorem
3301 1820 3590 1875 Academi-

334 1905 526 1958 ὁπόθεν
551 1906 614 1975 γέ
646 1906 853 1979 ποθεψ)
898 1900 1048 1971 οὗτος
1082 1906 1179 1976 μὲν
1219 1904 1284 1976 δὴ
1339 1903 1487 1958 ἔνθεν
1533 1900 1911 1974 καταρτυθεὶς,

336 1995 475 2067 πλὴν
540 1996 639 2065 τῆς
698 1998 1071 2070 προσρήσεως,
1122 1996 1365 2068 ἐνέμεινε
1408 1994 1684 2066 Πύρρωνι,
1738 1992 1814 2057 ὡς
1844 1994 1910 2064 τῇ

335 2088 552 2142 πάντων
595 2088 895 2161 ἀναιρέσει.
940 2090 1194 2153 Μνασέας
1248 2086 1401 2157 γοῦν,
1442 2088 1536 2139 καὶ
1591 2084 1912 2156 Φιλόμηλος,

336 2179 426 2232 καὶ
474 2180 661 2249 Τίμων
692 2182 740 2234 oi
768 2180 1071 2245 σκεπτικοὶ,
1130 2178 1419 2233 σκεπτικδν
1448 2176 1612 2230 αὐτὸν
1658 2192 1919 2247 προσονο-

340 2272 622 2343 μάζουσιν,
650 2271 837 2342 ὥσπερ
860 2272 952 2326 καὶ
981 2270 1132 2325 αὐτοὶ
1156 2266 1315 2341 ἦσαν,
1340 2267 1665 2339 ἀναιροῦντα
1698 2267 1793 2320 καὶ
1822 2266 1919 2319 αὐ-

336 2362 427 2415 τὸν
458 2362 518 2415 τὸ
546 2362 761 2433 ἀληθὲς,
790 2361 884 2415 καὶ
918 2360 978 2414 τὸ
995 2359 1208 2431 ψεῦδος,
1238 2359 1410 2412 καὶτὸ
1434 2356 1678 2411 πιθανόν.
1698 2354 1919 2425 Λεχθεὶς

336 2449 431 2507 οῦν
464 2454 678 2507 ἀναίτια
704 2453 815 2525 (22)
845 2452 953 2507 τῶν
990 2450 1349 2522 Πυρρωνείων
1392 2449 1757 2521 Πυρρώνειος,
1782 2447 1921 2501 αἰδοῖ

337 2545 432 2599 τοῦ
465 2545 695 2617 ἐραστοῦ
749 2546 1006 2616 ὑπέμεινε
1061 2544 1313 2613 λέγεσθαι
1361 2541 1759 2614 Ἀκαδημαϊκὸς
1816 2540 1915 2592 ἔτι.

338 2631 447 2689 Ἦν
490 2634 590 2706 μὲν
631 2634 808 2687 τοίνυν
856 2632 1235 2706 Πυρρώνειος,
1294 2632 1433 2704 πλὴν
1479 2629 1572 2684 τοῦ
1636 2630 1916 2700 ὀνόματος·

352 2722 752 2795 Ἀκαδημαϊκὸς
781 2722 825 2775 δ’
851 2724 953 2776 ούκ
975 2718 1065 2794 ἧν,
1092 2721 1229 2795 πλὴν
1249 2721 1343 2775 τοῦ
1370 2720 1644 2791 λέγεσθαι.
1686 2720 1759 2773 Ού
1812 2720 1920 2791 γὰρ

343 2815 619 2886 πείθομαι,
644 2815 736 2869 τοῦ
764 2815 981 2869 Κνιδίου
1023 2815 1306 2877 Διοκλέους
1356 2814 1653 2883 φάσκοντος
1699 2814 1756 2864 ὲν
1802 2814 1920 2875 ταῖς

342 2908 811 2979 ἐπιγραφομέναις
832 2898 1176 2977 Διατριϐαῖς,
1238 2906 1586 2979 Ἀρκεσίλαον
1628 2905 1776 2976 φόϐῳ
1814 2904 1921 2957 τῶν

343 2999 683 3070 Θεοδωρείων
716 3015 773 3051 τε
805 2998 895 3050 καὶ
922 2997 1120 3061 Βίωνος
1141 2997 1233 3049 τοῦ
1270 2996 1546 3067 σοφιστοῦ,
1569 2995 1918 3049 ἐπεισιόντων

344 3093 455 3154 τοίς
487 3087 853 3160 φιλοσοφοῦσι,
906 3091 998 3141 καὶ
1048 3087 1196 3141 οὐδὲν
1236 3087 1535 3141 ὀκνούντων
1564 3086 1672 3140 ἀπὸ
1724 3085 1921 3147 παντὸς

2015 1931 2139 1971 cum
2174 1924 2477 1971 amatorem
2504 1924 2718 1979 nactus,
2742 1916 2862 1985 ejus
2888 1914 3287 1971 consuetudine
3341 1928 3473 1967 usus
3506 1921 3592 1966 est

2018 2008 2105 2063 ille
2127 2008 2385 2079 quidem:
2414 2020 2666 2063 caeterum
2698 2018 2755 2063 ut
2776 2019 2892 2064 erat
2920 2024 2951 2063 a
2992 2017 3189 2073 natura
3208 2023 3317 2062 non
3348 2007 3588 2077 ineptus,

2014 2115 2078 2154 ea
2110 2116 2205 2171 per
2241 2114 2364 2155 sese
2418 2099 2561 2154 ultro
2588 2098 2700 2169 jam
2746 2108 3021 2165 currente,
3056 2098 3226 2163 facili,
3279 2110 3333 2153 et
3366 2109 3591 2153 conten-

2021 2192 2185 2247 tionis
2212 2202 2349 2248 aestu
2376 2193 2597 2247 incitata
2630 2207 2785 2257 usus,
2834 2192 2931 2247 abs
2956 2190 3195 2247 Diodoro
3226 2191 3446 2261 quidem
3504 2204 3593 2245 ve-

2018 2284 2335 2338 teratorium
2380 2283 2532 2349 illud,
2564 2283 2816 2354 idemque
2865 2283 3156 2353 plausibile
3193 2298 3259 2338 ac
3297 2291 3590 2337 venustum

2018 2377 2207 2432 didicit
2263 2376 2531 2435 orationis
2564 2392 2772 2447 genus;
2830 2376 3068 2431 maxime
3106 2387 3286 2430 tamen
3321 2373 3592 2445 Pyrrhoni

2019 2466 2188 2536 (hunc
2219 2476 2496 2535 utcunque
2521 2464 2862 2522 Democritus
2906 2464 3215 2535 inchoarat)
3254 2479 3476 2534 operam
3505 2464 3596 2517 dc-

2019 2558 2137 2612 dit:
2199 2567 2363 2627 atque
2402 2558 2503 2613 hac
2563 2558 2863 2613 instructus
2896 2554 3387 2625 eonlormatusque
3425 2554 3595 2609 disci-

2019 2649 2184 2719 plina,
2218 2648 2271 2701 in
2290 2646 2592 2719 Pyrrhone,
2634 2646 2681 2702 si
2716 2645 3146 2716 appellationem
3177 2643 3440 2712 excipias,
3470 2652 3593 2695 tan—

2024 2756 2187 2810 quam
2212 2740 2264 2794 in
2288 2739 2534 2795 omnium
2560 2738 2844 2795 eversione
2871 2737 3168 2808 acquievit.
3199 2735 3449 2790 Mnaseas
3476 2732 3597 2803 qui-

2019 2834 2164 2900 dem,
2216 2831 2553 2890 Philomelus
2605 2839 2659 2889 et
2708 2831 2887 2897 Timo,
2935 2828 3172 2899 Sceptici
3237 2826 3593 2898 philosophi,

2023 2924 2333 2995 Scepticum
2354 2924 2508 2979 illum
2537 2932 2737 2979 vocant
2762 2923 2845 2978 sui
2874 2920 3228 2992 persimilem,
3253 2918 3348 2988 qui
3377 2918 3599 2987 perinde

2023 3025 2083 3072 ut
2107 3017 2208 3087 ipsi
2234 3016 2540 3079 veritatem,
2573 3016 2940 3077 mendacium,
2964 3028 3030 3068 ac
3062 3009 3600 3067 verisimilitudinem

2025 3124 2245 3164 omnem
2284 3109 2513 3164 tolleret.
2549 3107 2693 3178 Ergo
2730 3122 2890 3177 quem
2923 3104 3318 3177 Pyrrhonicum
3364 3099 3601 3171 Pyrrho-

346 3182 605 3255 ἐλέγχειν,
652 3180 814 3236 αὑτὸν
869 3180 1319 3250 ὲξευλαϐηθέντα,
1363 3180 1449 3233 ἵνα
1512 3179 1585 3252 μὴ
1620 3178 1919 3251 πράγματα

2034 3201 2139 3256 uici
2163 3201 2287 3269 jure
2313 3201 2602 3268 dixissent,
2640 3201 2687 3256 is
2710 3216 2806 3271 pro
2835 3215 2930 3255 sua
2981 3198 3036 3252 in
3073 3206 3373 3251 amatorem
3408 3194 3603 3248 obser-

347 3274 464 3348 ἔχῃ,
502 3274 669 3346 μηδὲν
713 3288 777 3342 γε
835 3271 1009 3342 δόγμα
1070 3270 1320 3324 ὑπειπεῖν
1357 3271 1695 3341 φαινόμενον·
1738 3269 1926 3339 ὥσπερ

347 3368 454 3437 γὰρ
479 3366 540 3419 τὸ
586 3366 751 3438 μέλαν
777 3365 875 3427 τὰς
918 3364 1138 3435 σηπίας,
1195 3362 1563 3438 προϐαλέσθαι
1600 3363 1703 3433 πρὸ
1731 3360 1925 3414 ἑαυτοῦ

344 3462 443 3533 τὴν
472 3460 694 3530 ἐποχήν.
752 3456 910 3511 Τοῦτ’
934 3454 1028 3511 οὖν
1078 3454 1188 3525 ἐγὼ
1231 3457 1292 3509 οὐ
1347 3455 1624 3526 πείθομαι.
1667 3456 1731 3507 Οἱ
1764 3454 1808 3506 δ’
1834 3450 1927 3507 οῦν

348 3556 495 3610 ἔνθεν
528 3551 959 3626 ἀφορμηθέντες,
994 3550 1022 3603 ὅ
1073 3567 1130 3603 τε
1182 3547 1548 3621 Ἀρκεσίλαος,
1578 3546 1674 3600 καὶ
1717 3546 1925 3615 Ζήνων,

348 3644 453 3698 ὑπὸ
484 3642 591 3696 τῶν
644 3640 902 3695 τοιούτων
957 3637 1208 3710 ἀρωγῶν,
1260 3636 1590 3708 ἀμφοτέροις
1656 3634 1926 3705 συμπολεο

350 3736 594 3807 μούντων
620 3734 813 3804 λόγων,
841 3733 939 3803 τῆς
973 3731 1073 3802 μὲν
1119 3730 1291 3801 ἀρχῆς
1323 3728 1445 3782 ὅθεν
1490 3729 1556 3780 ὲκ
1605 3725 1925 3796 Πολέμωνος

347 3824 702 3895 ὡρμήθησαν,
733 3819 1198 3881 ἐπιλανθάνονται,
1260 3816 1580 3879 διαστάντες
1612 3814 1667 3868 δέ
1714 3832 1799 3884 γε,
1832 3816 1926 3868 καὶ

309 3904 319 3916 ’
354 3915 526 3986 σφέας
548 3914 742 3977 αὐτοὺς
765 3911 1116 3984 ἀρτύναντες·

2038 3294 2243 3359 vantia,
2288 3291 2674 3347 Academicum
2707 3305 2766 3345 se
2800 3289 2982 3344 vocari
3029 3286 3208 3342 adhuc
3261 3299 3458 3355 passus
3493 3291 3600 3337 est.

2029 3388 2110 3441 Ita
2140 3386 2236 3457 qui
2265 3384 2657 3456 Pyrrhonieus,
2689 3390 2917 3453 excepto
2965 3381 3203 3443 nomine,
3254 3386 3401 3432 totus
3443 3383 3601 3439 erat,

2037 3494 2178 3548 idem
2214 3492 2525 3548 Academici
2560 3501 2755 3561 praeter
2800 3502 2999 3542 nomen
3036 3484 3270 3539 habebat
3316 3481 3475 3536 nihil.
3506 3476 3602 3533 Ne-

2031 3614 2138 3669 que
2166 3599 2311 3652 enim
2347 3597 2601 3653 Cnidium
2630 3596 2780 3650 illum
2804 3594 3040 3650 Dioclem
3063 3592 3247 3657 audio,
3273 3588 3367 3659 qni
3391 3588 3444 3641 in
3465 3586 3604 3651 suis,

2042 3712 2101 3758 ut
2138 3717 2233 3759 eas
2258 3703 2558 3773 inscripsit,
2597 3702 2881 3767 Diatribis,
2902 3699 3199 3755 Arcesilam
3233 3698 3411 3760 docet,
3437 3694 3604 3749 Theo.

2033 3805 2326 3859 doreorum
2356 3820 2419 3861 ac
2438 3805 2626 3861 Bionis
2642 3804 2900 3876 sophistae
2931 3812 3097 3868 metu,
3122 3800 3238 3871 qui,
3265 3795 3608 3869 philosophis

2036 3911 2244 3978 infesti,
2280 3912 2482 3966 nullam
2517 3927 2622 3965 non
2644 3925 2739 3967 eos
2765 3906 3097 3979 coarguendi
3141 3904 3488 3960 occasionem
3521 3914 3611 3954 at"—

353 4006 613 4073 ri-pereut,
647 4005 719 4059 ita
744 3979 871 4069 sibi,
903 4018 970 4058 ne
992 4003 1119 4073 quid
1149 4002 1218 4057 ab
1261 4003 1327 4057 iis
1378 3999 1642 4055 molestia:
1662 4008 1961 4069 pateretur,
1997 4006 2227 4070 cavisse,
2262 4014 2322 4059 ut
2368 4019 2465 4059 nec
2503 4005 2633 4058 certi
2666 4002 2969 4073 quidquam
3022 4007 3325 4061 statueret;
3384 4010 3508 4051 nam
3554 3979 3613 4045 ιιι

352 4097 530 4166 sepias
550 4094 719 4150 eﬂ‘uso
749 4101 1072 4159 atramento,
1106 4093 1185 4146 sic
1232 4093 1381 4147 illum
1427 4106 1545 4147 sese
1575 4090 1788 4161 objecta
1834 4090 1935 4145 hac
1975 4095 2307 4151 assensionis
2341 4096 2639 4151 retentionc
2692 4074 2870 4165 tegere
2919 4108 2982 4148 ac
3037 4092 3197 4147 tueri.
3228 4089 3424 4145 Verum
3483 4089 3607 4145 hoc.

353 4202 414 4247 ut
439 4190 573 4258 dixi,
603 4190 782 4244 minus
814 4185 1001 4243 credo.
1028 4186 1295 4243 Caeterum
1343 4187 1505 4241 ambo
1540 4186 1615 4241 illi
1650 4186 1925 4241 Arcesilas
1958 4197 2011 4242 et
2044 4188 2189 4244 Zeno
2242 4191 2367 4247 hinc
2415 4190 2579 4246 semel
2643 4188 2841 4253 exorti,
2873 4198 2927 4243 et
2973 4202 3200 4243 suorum
3253 4185 3487 4254 quisque
3521 4178 3611 4234 Sn-

350 4280 563 4334 cioruiu
614 4275 1074 4347 disputationibus
1116 4284 1374 4345 tanquam
1421 4275 1590 4331 armis
1633 4276 1934 4345 opibusque
1974 4274 2114 4345 freti,
2166 4281 2410 4351 adeoque
2448 4279 2757 4335 Polemonis
2785 4278 3027 4335 scholam
3093 4277 3244 4333 obliti
3270 4289 3611 4345 suntpugme

353 4386 467 4424 sua:
494 4369 809 4424 tirocinium
838 4366 1027 4433 fuisse,

357 4462 479 4519 Σὺν
530 4461 581 4515 δ’
609 4461 827 4515 ἔϐαλον
890 4459 1004 4530 (25)
1048 4459 1277 4529 ῥινοὺς,
1311 4460 1428 4531 σὺν
1476 4460 1919 4531 ,δ’νέγχεαμκα.

2044 4463 2308 4531 Scutaque
2323 4460 2440 4529 jam
2460 4459 2646 4525 scutis,
2679 4459 2964 4528 hastasque
2990 4468 3038 4511 et
3068 4457 3259 4510 robora
3286 4455 3470 4524 ferrea:

1391 4530 1570 4602 [μένε’
1601 4530 1835 4599 ἀνδρῶῦ

357 4600 888 4671 Χηλκεοθωρήκων·
932 4601 1081 4669 ἀτὰρ
1111 4599 1366 4671 ἀσπίδες
1393 4599 1832 4671 ὄμφαιλόεσσίιι

360 4670 675 4741 Ἐπληντν
704 4672 1034 4741 ἀλλήλῃσι,
1063 4670 1258 4741 πολὺς
1275 4670 1328 4723 δ’
1360 4670 1693 4740 ὀρυμαγδὸς
1717 4670 1935 4741 ὀρώρειο

370 4743 580 4810 Ἀσπὶς
623 4741 712 4812 ἄρ’
740 4740 943 4796 ἀσπίδ’
1008 4740 1216 4811 ἔρειδε,
1267 4744 1449 4811 κόρυς
1505 4742 1709 4812 κόρυν,
1757 4743 1941 4812 ἀνέρα

1597 4810 1668 4882 [δ’
1695 4810 1851 4880 ἀνὴρ

372 4880 805 4942 Ἐὃνοπάλιζεν.

363 4957 553 5008 Ἔνθα
583 4953 635 5005 δ’
685 4952 780 5022 ἅμ’
825 4950 1046 5022 οἰμωγή
1091 4969 1157 5007 τε
1194 4952 1293 5007 καὶ
1331 4949 1570 5021 εὐχωλὴ
1620 4953 1809 5030 Keller
1840 4952 1941 5005 cir-

371 5093 707 5160 Ὀλνζύντων
747 5108 845 5146 και
884 5092 1257 5163 ὀλλυμένων.
1619 5021 1800 5094 ἱδρων
1822 5062 1834 5086 ’

362 5184 482 5239 Τῶν
508 5184 779 5238 Στωϊκῶν
840 5186 888 5238 οί
932 5184 1323 5255 Ἀκαδημαϊκοὶ
1348 5184 1456 5254 γὰρ
1514 5183 1614 5237 ούκ
1659 5182 1943 5237 ἐϐάλλοντο

363 5276 453 5330 ὑπ’
488 5273 689 5339 αὐτῶν,
724 5273 1077 5345 ἀγνοούμενοι
1171 5270 1311 5345 ἦσαν
1336 5273 1538 5327 ἁλῶναι
1559 5272 1939 5343 δυνατώτεροι.

373 5367 687 5421 Ἦλίσκοντο
737 5366 815 5432 δὲ,
865 5366 966 5436 τῆς
1021 5364 1229 5435 βάσεως
1280 5366 1462 5427 αὐτοῖς
1517 5364 1841 5436 σεισθείσης,
1894 5365 1942 5415 εἰ

462 5542 546 5614 l9)
599 5542 919 5612 Ἀλλήλων.
947 5543 1330 5614 ᾲἈλληλίζων,
1379 5544 1596 5613 opinor,
1627 5544 1939 5613 scripserat.

597 5612 1074 5685 ’szteosr:_Quid
1106 5612 1152 5668 si
1184 5612 1451 5685 ἤρεσκενῖ

592 5682 861 5755 Πιθάνια.
890 5683 1111 5755 Mallem
1135 5681 1343 5755 πιθανά
1366 5685 1448 5755 vel
1480 5684 1727 5755 πιθήνια.

442 5753 557 5825 (2‘2)
608 5753 902 5827 Ἀναίτιαί,
936 5763 1039 5811 etc.
1073 5753 1272 5822 Forte,
1322 5754 1386 5810 ἂν
1418 5753 1639 5818 δικαίως
1691 5754 1794 5807 ὑπὸ
1836 5753 1941 5809 τῶν

2042 4596 2391 4652 Committunt
2431 4594 2593 4656 acies,
2621 4592 2918 4663 clypeisque
2948 4592 3260 4663 sonantibus
3298 4590 3394 4643 icti

2046 4668 2345 4721 Densantur
2382 4665 2547 4733 εἰειρεὶ
2573 4680 2592 4717 :
2620 4661 2799 4716 vastus
2826 4661 3009 4733 fragor
3044 4662 3275 4733 undique
3295 4661 3487 4733 surgit.

2047 4736 2330 4792 Umbonem
2348 4730 2501 4789 umbo
2517 4734 2727 4805 premit,
2747 4730 2950 4803 galeam
2968 4731 3144 4803 galea,
3157 4740 3312 4800 atque
3324 4732 3491 4783 virum
3518 4730 3615 4782 vir.

2043 4868 2146 4923 llic
2176 4885 2292 4924 vero
2319 4868 2487 4923 crebri
2507 4868 2731 4939 gemitus
2760 4884 2821 4920 ac
2849 4877 2967 4920 vota
2993 4874 3301 4939 sequuntur,

2042 4942 2181 4993 Dum
2204 4941 2488 5009 perimunt,
2509 4937 2838 5009 'pereuntque
2856 4937 3033 4995 simul.

2045 5185 2204 5255 732
2257 5183 2765 5252 Stoicosintellige;
2820 5181 3178 5238 Academicos
3204 5180 3349 5233 enim
3402 5179 3475 5232 illi
3509 5192 3617 5231 nou

2045 5276 2314 5347 petebant,
2337 5276 2480 5346 quod
2499 5291 2603 5344 qua
2631 5283 2781 5344 parte
2809 5274 2927 5342 capi
2970 5271 3187 5327 facilius
3218 5271 3470 5340 vincique
3494 5285 3619 5340 pos-

2045 5378 2186 5436 sent,
2228 5368 2564 5439 ignorarent.
2591 5366 2755 5436 Atqui
2788 5375 2901 5419 tum
2927 5363 3148 5418 demum
3176 5362 3545 5427 vincerentur,
3572 5361 3620 5417 si

2046 5551 2376 5691 Πυβὶὲῗῖέὺν
2403 5621 2456 5672 δ’
2497 5618 2734 5691 ἔϐαλον,
2770 5616 2930 5691 Itium
2952 5616 3110 5691 Ahv;
3130 5612 3254 5678 447,
3289 5622 3339 5669 Cl
3375 5609 3537 5665 Iliad.
3559 5609 3620 5676 Γ,

2047 5696 2101 5747 v.’
2129 5684 2256 5757 151,
2291 5691 2382 5746 ubi
2414 5704 2520 5745 non
2559 5688 2752 5759 legitur
2798 5684 3190 5748 Ἐδνοπάλιζεν.
