4090 6382
497 411 519 462 1
530 408 636 460 ⁸2υὸ

1154 401 1239 454 Ευ
1251 398 1422 450 SILBII
1463 396 1665 449 CASSA
1675 393 1943 446 lilbl‘SiS
1976 391 2075 444 0P1

2176 389 2347 442 PARS
2382 385 2444 441 I'I.
2477 421 2543 429 —-
2579 384 3078 442 APOLUGETICA.

3594 383 3729 439 IQOi

495 542 656 581 suum
720 524 826 578 illis
881 529 1226 577 excuteretur
1278 517 1716 593 fundamqttum,
1763 515 1868 569 hoc
1895 524 1978 568 est
2009 513 2053 569 si

2176 512 2296 582 ιήτε
2320 511 2491 582 ἀρχὴν
2515 509 2706 579 ἔχοιεν,
2741 509 2876 579 μήτε
2903 505 3172 577 μάχεσθαι
3215 506 3488 575 ἀφορμήν.
3530 503 3592 558 Ἥ
3631 506 3731 576 μὲν

496 634 673 688 neque
696 614 1027 687 principium
1074 627 1234 667 suum
1289 611 1604 675 retinerent,
1640 623 1740 663 nec
1787 608 2061 677 pugnandi

494 725 680 766 ansam
700 708 784 761 vel
809 705 1152 761 occasionem
1183 702 1465 756 traherent.
1485 701 1563 756 Ac
1583 698 1911 770 principium
1941 699 2065 768 qui-

493 803 612 854 dem
643 797 772 852 illud
805 796 1033 851 convelli
1061 803 1292 864 poterat,
1330 793 1374 847 si
1399 793 1522 862 quis
1541 807 1636 847 eos
1661 792 1922 847 adversus
1939 790 2064 844 Pla-

421 928 439 941 .
493 891 639 943 tonis
667 894 903 941 mentem
939 883 1318 956 philosophari
1370 880 1730 936 ostenderet:
1783 877 2061 950 pagnandi

496 995 624 1034 vero
649 994 783 1034 ansa
823 987 940 1032 tum
973 977 1040 1032 iis
1065 975 1275 1045 reliqua
1312 973 1458 1027 nulla
1494 972 1658 1036 foret,
1689 972 1736 1026 si
1777 971 1863 1027 vel
1895 986 2064 1024 unum

494 1071 698 1140 aliquid
735 1071 955 1126 decreto
983 1067 1060 1123 illi
1085 1084 1186 1124 suo
1220 1065 1776 1132 detraheretur,quod
1796 1063 1862 1119 de
1897 1063 2067 1132 phan-

498 1164 647 1217 iilSiLB
681 1162 1169 1232 comprehensione
1229 1158 1566 1229 pronuntiat.
1638 1155 1840 1210 Verum
1903 1156 2066 1225 hujus

496 1255 800 1324 aperienda:
831 1254 908 1307 rei
937 1263 1151 1318 tempus
1179 1267 1288 1304 non
1317 1259 1431 1315 est;
1485 1249 1626 1302 alius
1651 1249 1756 1303 erit
1784 1248 1850 1302 de
1891 1263 1954 1302 ea
1981 1248 2067 1302 di-

497 1347 652 1402 cendi
685 1347 862 1407 locus.
891 1345 944 1400 in
975 1360 1086 1414 quo
1112 1343 1578 1413 mihidiligentius
1597 1341 1923 1397 versandum
1947 1354 2066 1394 esse

497 1440 730 1495 decrevi.
750 1437 930 1492 Palam
949 1438 1112 1505 igitur
1127 1435 1290 1491 ambo
1318 1434 1583 1490 dissident
1606 1433 1682 1487 illi
1705 1432 1942 1502 quidem,
1972 1432 2066 1486 sed

498 1539 678 1586 tamen
713 1529 990 1584 Arcesilas
1023 1545 1164 1582 unus
1195 1526 1472 1583 Zenonem
1517 1525 1673 1594 petit.
1706 1522 1878 1579 liabet
1919 1523 2063 1579 enim

497 1621 733 1676 Zenonis
755 1635 934 1691 pugna
989 1619 1297 1688 speciosum
1329 1616 1588 1687 quiddam
1646 1626 1700 1670 et
1727 1629 1909 1684 grave,
1967 1627 2067 1668 nec

497 1711 726 1767 multum
750 1726 881 1766 sane
908 1708 1265 1780 Cephisodori
1304 1706 1537 1761 rhetoris
1559 1704 1896 1759 dimicationi
1930 1717 2068 1772 pra:-

498 1811 625 1858 stat.
659 1800 758 1856 llic
798 1801 942 1855 enim
978 1816 1103 1854 cum
1153 1797 1447 1855 lsocratem
1485 1805 1872 1866 praeceptorem
1904 1809 2064 1849 suum

2162 603 2225 672 δὴ
2259 602 2399 673 ἀρχὴ
2417 597 2485 672 ἦν
2519 601 2631 668 (24)
2661 599 2722 653 τὸ
2752 600 2826 671 μὴ
2875 597 3194 652 Πλατωνικά
3243 596 3499 665 λέγοντας
3536 597 3730 661 αὐτοὺς

2163 695 2396 763 ἐλέγξαιο
2431 693 2494 745 τὸ
2517 693 2574 745 δέ
2603 693 2724 762 μηδ’
2737 692 2880 762 ἔχειν
2911 691 3030 744 τινὰ
3053 689 3326 760 ἀφορμὴν,
3359 691 3425 761 ἥν
3451 685 3600 744 εἷπον
3618 689 3729 757 (‘25)

2168 787 2324 857 μόνον
2347 786 2404 839 ἓν
2437 802 2488 837 τι
2515 783 2882 854 μετ-ἔστρεψαν
2913 782 3020 836 ἀπὸ
3047 782 3139 834 τοῦ
3169 783 3292 851 ὅρου
3316 776 3410 832 τοῦ
3458 780 3586 849 περὶ
3633 783 3732 849 τῆς

2164 875 2572 948 καταληπτικῆς
2603 871 2897 942 φαντασίας
2945 871 3253 941 ἀφελόντες.
3292 870 3463 941 Ὅπερ
3510 869 3603 922 νῦν
3634 868 3734 940 μὲν

2165 969 2263 1021 οὐκ
2289 966 2402 1020 ἐστι
2434 965 2657 1037 μηνύειν
2689 981 2776 1036 μοι
2798 966 2852 1017 ἐν
2886 979 3076 1035 καιρῳ⁴
3101 963 3480 1035 μνησθήσομαι
3501 964 3544 1018 δ’
3569 961 3735 1016 αὐτοῦ

2167 1055 2342 1122 αὖθις,
2369 1057 2507 1110 ἐπὰν
2537 1055 2676 1110 κατά
2730 1055 2884 1109 τοῦτο
2945 1056 3176 1126 μάλιστα
3232 1055 3481 1123 γενέσθαι
3538 1054 3734 1125 μέλλω.

2165 1148 2494 1212 Διαστάντες
2535 1149 2578 1201 δ’
2605 1144 2696 1202 οὖν
2728 1151 2807 1212 είς
2833 1147 2892 1200 τὸ
2916 1148 3170 1219 φανερὸν,
3222 1146 3443 1201 ἔϐαλλον
3479 1146 3742 1215 ἀλλήλους

2165 1244 2262 1313 οὐχ
2295 1245 2342 1296 οἱ
2379 1242 2490 1304 δύο,
2521 1241 2634 1294 ἀλλ’
2660 1241 2688 1292 ὁ
2731 1240 3073 1312 Ἀρκεσίλαος
3104 1241 3195 1294 τὸν
3243 1242 3485 1310 Ζήνωνα.
3523 1239 3579 1292 Ὀ
3630 1239 3742 1308 γὰρ

2165 1332 2346 1403 Ζήνων
2367 1326 2478 1401 εἶχε
2503 1331 2564 1402 δή
2602 1347 2656 1383 τι
2687 1330 2752 1400 τῇ
2787 1331 2939 1402 μάχῃ
2958 1331 3151 1400 σεμνὸν
3191 1332 3280 1384 καὶ
3306 1331 3465 1402 βαρὺ,
3499 1330 3592 1384 καὶ
3626 1332 3744 1400 Κη-

2165 1419 2462 1489 φισοδώρου
2496 1419 2586 1472 τοῦ
2631 1420 2856 1492 ῥήτορος
2884 1419 2984 1471 οὐκ
3036 1420 3272 1488 ἄμεινον·
3306 1420 3365 1483 ὃς
3409 1419 3472 1490 δὴ
3502 1421 3529 1472 ὁ
3572 1419 3746 1489 Κηφι-

2165 1509 2416 1582 σόδωρος,
2441 1510 2626 1581 ἐπειδὴ
2653 1511 2742 1563 ὑπ’
2789 1509 3188 1580 Ἀριστοτέλους
3215 1509 3538 1579 βαλλόμενον
3562 1507 3748 1578 ἐαυτῷ

2163 1601 2255 1654 τὸν
2278 1600 2594 1654 διδάσκαλον
2631 1601 2943 1671 Ἰσοκράτην
2969 1599 3132 1670 ἐώρα,
3160 1601 3321 1654 αὐτοῦ
3368 1607 3464 1671 μὲν
3503 1601 3748 1671 Ἀριστο-

2163 1692 2349 1754 τέλους
2377 1687 2443 1762 ἦν
2469 1691 2684 1762 ἀμαθὴς
2739 1693 2831 1744 καὶ
2859 1692 3100 1762 ἄπειρος,
3132 1693 3236 1746 ὑπὸ
3281 1692 3336 1746 δέ
3360 1693 3451 1744 τοῦ
3503 1691 3746 1762 καθορᾷν

2167 1781 2349 1850 ἔνδοξα
2382 1782 2450 1835 τὰ
2511 1781 2794 1846 Πλάτωνος
2826 1783 3152 1854 ὑπάρχοντα,
3180 1783 3383 1853 οίηθεὶς
3433 1784 3571 1836 κατὰ
3599 1784 3748 1837 Πλά-

497 1895 568 1948 ab
586 1893 874 1947 Aristotele
907 1891 1092 1946 vexari
1124 1891 1603 1953 animadverteret,
1639 1886 1692 1941 in
1719 1885 2064 1941 Aristotelica

2176 1893 2314 1930 τωνα
2367 1875 2458 1928 τὸν
2512 1874 2887 1946 Ἀριστοτέλην
2937 1853 3262 1944 φιλοσοφεῖν,
3327 1875 3583 1946 ἐπολέμει
3646 1878 3748 1947 μὲν

497 1981 743 2038 doctrina
774 1982 932 2053 plane
971 1982 1170 2050 hospes
1201 1996 1266 2036 ac
1312 1981 1633 2051 peregrinus
1674 1978 1820 2049 quod
1877 1986 2062 2042 esset,

499 2076 753 2146 idemque
788 2089 1037 2146 magnam
1078 2087 1199 2128 esse
1247 2071 1540 2126 Platonicae
1585 2068 1786 2124 famam
1829 2083 1892 2122 ac
1922 2069 2066 2124 cele-

501 2167 751 2222 britatem
777 2166 1001 2232 videret,
1038 2164 1384 2219 Aristotelem
1442 2175 1564 2216 cum
1602 2159 1828 2214 Platone
1869 2158 2068 2214 sentire

497 2269 686 2322 ratus,
737 2259 936 2313 bellum
988 2257 1208 2328 gerebat
1255 2269 1378 2310 cum
1427 2253 1748 2316 Aristotele,
1787 2250 2066 2306 Platonem

499 2352 679 2422 ipsum
711 2349 936 2404 leriehat
959 2387 976 2414 ,
1005 2346 1596 2416 reprehensionemque
1639 2357 1792 2398 suam
1833 2341 1901 2396 ab
1935 2341 2068 2397 ideis

501 2443 839 2505 arcessitam,
868 2440 936 2495 ad
961 2438 1068 2493 alia
1102 2437 1337 2506 denique
1365 2435 1716 2506 perducebat,
1745 2449 1867 2503 qua:
1901 2433 2070 2487 nihilo

499 2542 716 2602 caperet
745 2532 862 2601 ipse
889 2529 1084 2601 magis,
1121 2528 1214 2584 sed
1243 2537 1454 2582 tantum
1483 2541 1605 2595 quae
1639 2540 1827 2595 reapse
1857 2522 1925 2578 de
1962 2523 2069 2578 illis

501 2623 902 2689 statuebantur,
935 2636 1002 2676 ex
1036 2620 1217 2675 verbis
1247 2634 1311 2674 ac
1339 2617 1566 2673 vocibus
1593 2616 1906 2671 aestimaret.
1949 2615 2068 2673 Ca:-

499 2722 678 2768 terum
709 2711 914 2768 omissa
940 2725 1066 2766 cum
1095 2723 1162 2765 eo
1194 2725 1374 2780 pugna
1402 2723 1562 2779 quem
1593 2707 1732 2762 bello
1753 2708 2068 2777 appeticrat,

501 2804 781 2876 pugnabat
809 2818 937 2859 eum
981 2817 1047 2860 eo
1089 2800 1176 2858 cui
1220 2801 1419 2856 bellum
1457 2798 1656 2853 inferre
1696 2799 1930 2854 nolebat.
1971 2797 2072 2853 Ze-

501 2912 699 2950 nonem
729 2894 877 2966 quod
905 2894 1119 2962 attinet,
1153 2895 1223 2962 is,
1257 2893 1347 2948 ubi
1377 2892 1628 2949 similiter
1655 2890 1954 2947 Arcesilam
1987 2907 2073 2946 rc-

501 2989 754 3058 liquerat,
797 2987 844 3043 si
882 3002 950 3044 ne
989 2985 1202 3042 Platoni
1233 2985 1454 3056 quidem
1490 2983 1592 3055 ipsi
1616 2983 1814 3040 bellum
1855 2982 2070 3039 intulis-

500 3091 603 3146 set,
641 3080 856 3152 egregie
889 3094 1012 3136 meo
1033 3078 1241 3150 judicio
1270 3077 1685 3148 philosophatus
1725 3084 1892 3142 esset,
1923 3075 2073 3146 pacis

502 3173 669 3244 hujus
698 3188 868 3228 causa
894 3180 1041 3227 certe
1069 3171 1313 3242 quidem.
1357 3168 1452 3224 Sin
1483 3179 1664 3224 autem
1687 3209 1700 3232 ,
1735 3183 1832 3222 nec
1867 3183 1929 3222 ea
1959 3168 2072 3222 for-

502 3265 666 3320 tassis
694 3266 952 3334 ignorans
979 3278 1100 3332 qua:
1115 3262 1346 3317 docebat
1371 3260 1665 3324 Arcesilas,
1695 3269 1750 3314 et
1777 3258 2073 3313 Platonica

503 3365 694 3414 contra
727 3356 986 3412 doctrina:
1015 3353 1260 3418 rudis,ut
1293 3369 1358 3408 ex
1385 3353 1475 3418 iis,
1510 3367 1634 3422 qua:
1656 3351 1865 3406 Platoni
1903 3351 2075 3406 ascri-

579 3536 694 3609 (24)
811 3535 932 3618 μὲν
961 3535 1039 3603 δὴ
1065 3535 1223 3618 ἁρχὴ
1256 3532 1350 3606 ἦν.
1372 3534 1487 3618 Non
1523 3538 1676 3618 satis,
1709 3536 1923 3618 opinor,
1949 3552 2072 3618 cum

504 3605 756 3663 Numenii
795 3605 971 3659 mente
1006 3609 1164 3660 verba
1205 3605 1570 3661 consentiunt.
1602 3605 1790 3662 Verbis
1818 3623 1961 3662 enim
2000 3617 2076 3660 te-

505 3694 612 3734 nus
646 3677 845 3748 Stoicis
881 3675 1055 3748 ἀρχὴν
1081 3676 1315 3748 tribuit,
1367 3678 1445 3731 vel
1493 3692 1611 3748 eam
1661 3687 1804 3748 certe
1855 3677 2071 3746 quidem

505 3747 779 3811 ostendit,
824 3747 986 3816 quam
1029 3747 1290 3802 adversus
1335 3747 1687 3802 Academicos
1719 3747 1955 3816 objicere
1983 3748 2076 3802 de-

508 3820 782 3882 buissent;
817 3827 872 3870 et
899 3827 1077 3871 tamen
1114 3819 1274 3886 paulo
1303 3829 1426 3873 ante
1455 3819 1521 3872 de
1565 3817 1907 3872 Academicis
1940 3834 2066 3871 cum

507 3889 734 3953 diceret,
765 3889 814 3940 εί
851 3888 987 3958 μήτε
1021 3886 1195 3958 ἀρχὴν
1221 3887 1414 3958 ἔχοιεν,
1454 3903 1612 3943 suum
1650 3888 1919 3958 quoddam
1953 3889 2076 3941 illos

507 3957 859 4030 principiutn'
895 3957 1147 4030 habuiSse
1199 3957 1544 4022 declarabat,
1601 3959 1746 4028 quod
1793 3973 1824 4012 a
1877 3957 2076 4013 Stoicis

508 4027 921 4090 convellendum
956 4027 1166 4082 fuisset.

582 4095 692 4169 (25)
741 4099 844 4151 Ἦν
880 4093 1072 4152 εἷπον.
1097 4096 1324 4169 Locus,
1358 4106 1434 4169 ut_
1446 4108 1610 4166 patet,
1649 4107 1938 4169 corruptus
1972 4107 2073 4152 est.

509 4164 799 4240 Forte‘legi
832 4169 1002 4240 possit
1025 4207 1040 4230 ,
1062 4164 1494 4240 ἀφορμὴνηῆν,
1529 4169 1682 4222 εἵπου
1719 4164 1882 4239 μόνου
1903 4207 1917 4227 ,
1945 4179 2074 4226 elc.,

511 4249 571 4293 nt
623 4234 792 4308 paulo
819 4234 944 4310 ante
974 4234 1170 4308 legitur
1197 4234 1345 4310 ’ἀρχὴ
1373 4234 1462 4309 ἦν.
1501 4234 1919 4294 Sensus'tamen
1950 4240 2078 4292 obs-

509 4322 677 4365 eurus
707 4309 1100 4380 perplesusque
1130 4309 1341 4372 manet,
1387 4310 1528 4380 quod
1581 4311 1760 4364 minus
1795 4310 2040 4380 ἐναργῶς
2060 4348 2075 4366 ,

509 4397 632 4450 qua:
673 4379 1118 4434 Academicorum
1153 4391 1337 4446 erant,
1371 4397 1400 4434 a
1428 4379 1732 4434 Stoicorqu
1764 4379 1996 4434 l'actiOnc
2027 4390 2080 4433 et

510 4451 759 4505 oratione
791 4458 1056 4504 sec-eruat.
1095 4450 1158 4504 Et
1191 4451 1409 4521 quidem
1440 4453 1484 4505 si
1517 4451 1582 4504 de
1621 4451 1930 4521 Stoicorum
1979 4452 2069 4521 de:

511 4529 663 4575 creto
707 4520 1010 4575 membrum
1047 4521 1150 4576 hoc
1183 4519 1450 4575 sumimus
1477 4559 1490 4583 ,
1525 4522 1662 4575 velle
1690 4520 1991 4574 Numenius
2028 4519 2077 4573 id

512 4572 754 4658 videtur,
774 4572 1074 4644 Arcesilam
1093 4572 1164 4646 ’ἐι
1185 4572 1461 4715 harenas
1480 4572 1554 4645 ἀι)
1571 4572 1671 4645 iub
1692 4572 2079 4652 Academicos,
2115 4572 2156 4625 ι)

512 4677 572 4715 ea
601 4674 765 4715 uuam
795 4661 950 4714 avide
983 4661 1182 4715 arrinie
1223 4669 1353 4715 ant.
1399 4663 1672 4715 unanandi
1717 4677 1848 4715 ansa
1883 4660 2082 4713 caritu-

511 4677 572 4715 ea
601 4674 765 4730 quam
795 4661 950 4714 avide
965 4660 1316 4731 farripiebant
1338 4701 1353 4725 ,
1399 4663 1672 4731 pugnandi
1717 4677 1848 4716 ansa
1883 4660 2082 4713 caritu-

515 4747 606 4785 ros
649 4731 848 4791 fuisse.
885 4731 930 4786 si
962 4730 1108 4786 Zeno
1141 4732 1343 4800 aliquid
1383 4730 1450 4787 de
1479 4748 1578 4786 suo
1623 4733 1714 4786 illo
1744 4731 1960 4786 decreto
1996 4745 2081 4782 re-

515 4801 732 4855 mittere
751 4800 1031 4872 voluisset,
1051 4817 1162 4872 quo
1188 4812 1296 4856 tam
1323 4803 1569 4856 absolute
1591 4800 2084 4872 comprehettdentli

515 4872 622 4926 vim
657 4871 961 4942 phantasia:
986 4870 1256 4926 tribuebat
1284 4887 1296 4926 :
1330 4872 1396 4926 de
1435 4888 1545 4940 quo
1579 4870 1774 4942 pagina
1811 4870 2081 4942 sequenti.

516 4942 635 5004 Sin,
661 4940 804 5010 quod
837 4941 967 4995 mihi
1006 4954 1150 4996 certe
1183 4942 1518 5012 probabilius
1561 4940 1670 5004 est,
1699 4942 1763 4996 de
1797 4940 2083 5012 Academi-

514 5027 702 5066 corum
734 5013 950 5066 decreto
976 5010 1260 5068 dictum—id
1292 5013 1484 5076 fuerit,
1517 5014 1639 5076 hoc,
1680 5012 1891 5081 opinor,
1920 5010 2085 5079 signi-

515 5083 675 5146 licat,
709 5081 1022 5136 hominibus
1073 5083 1206 5137 nihil
1250 5083 1475 5138 omnino
1510 5083 1709 5152 percipi
1746 5092 1798 5134 et
1840 5095 2085 5148 compre-

515 5153 680 5225 hendi
709 5167 882 5225 posse
930 5152 1154 5206 καθόλου
1200 5153 1571 5225 ὁριζομένοις,
1608 5169 1772 5225 unum
1823 5154 2087 5225 duntaxat

515 5221 734 5292 aliquid
772 5221 1129 5277 auferendum
1163 5221 1649 5280 ac'detrahendum
1685 5223 1889 5283 fuisse,
1939 5223 2083 5292 quod

515 5289 623 5347 velt
651 5293 751 5362 ipsi
804 5303 1116 5362 perceptum
1169 5296 1302 5349 satis
1336 5306 1388 5348 ct
1436 5289 2082 5362 coutj'trehensutttfateri

513 5360 860 5432 cogerentur.
892 5360 1030 5429 Quid
1066 5373 1247 5419 autem
1280 5365 1446 5418 illud?
1474 5360 1590 5418 Non
1626 5364 1864 5418 declarat
1886 5361 2086 5414 Nume-

517 5435 663 5486 nius.
707 5432 895 5504 Facile
935 5444 1112 5488 tamen
1148 5436 1487 5504 intelligitur,
1516 5435 1566 5487 id
1599 5435 1773 5502 ipsum
1801 5434 2084 5504 videlicet,

516 5503 714 5575 percipi
763 5503 892 5575 nihil
940 5502 1405 5575 cumprehendidue
1457 5522 1625 5573 posse.
1665 5504 1806 5558 Audi
1849 5502 2082 5575 Tullium

520 5573 615 5626 lib.
649 5589 701 5626 tv
740 5571 1066 5637 Academia,
1114 5585 1246 5630 sect.
1287 5571 1349 5629 l8
1381 5595 1394 5630 :
1427 5571 1511 5630 Ex
1553 5575 1681 5638 hoc,
1715 5575 1922 5642 inquit,
1951 5571 2086 5626 illud

517 5651 602 5714 est
628 5652 809 5696 natum
831 5682 847 5709 ,
877 5646 1014 5714 quod
1043 5649 1342 5713 postulabat
1371 5646 1705 5707 Hortensius,
1737 5656 1793 5697 ut
1827 5645 1880 5696 id
1917 5646 2087 5712 ipsum

518 5711 716 5785 saltem,
753 5711 1050 5785 perceptum
1100 5733 1132 5769 a
1179 5717 1412 5783 sapiente
1451 5717 1693 5770 diceretis
1718 5757 1732 5780 ,
1777 5715 1908 5769 nihil
1937 5711 2086 5781 posse

518 5783 734 5852 percipi.
769 5784 835 5837 Et
871 5783 1019 5844 vero.
1057 5787 1180 5840 licet
1223 5787 1530 5842 Carneades
1559 5803 1623 5840 ne
1657 5787 1706 5838 id
1739 5785 1954 5854 quidem
1990 5799 2085 5835 ex-

521 5864 736 5923 ιυιιιωιι
778 5871 895 5910 esse
929 5866 1221 5924 pateretur,
1257 5859 1543 5912 Antiochus
1579 5869 1782 5919 tamen,
1820 5857 1885 5907 ad
1930 5858 2082 5908 istum

2178 1965 2554 2038 Ἀριστοτέλει,
2619 1964 2807 2018 ἔϐαλλε
2860 1966 2917 2018 δὲ
2975 1965 3260 2022 Πλάτωνα.
3309 1967 3402 2018 καὶ
3447 1968 3747 2038 κατηγόρει

2165 2055 2466 2129 ἀρξάμενος
2493 2055 2599 2108 ἀπὸ
2655 2055 2761 2108 τῶν
2805 2055 2975 2118 ίδεῶν,
3025 2055 3287 2108 τελευτῶν
3323 2057 3403 2120 εἰς
3425 2057 3494 2109 τὰ
3526 2056 3681 2117 ἀλλα,
3710 2056 3749 2110 ἃ.

2164 2149 2273 2202 οὐδ’
2300 2149 2460 2210 αὐτὸς
2484 2148 2619 2219 ᾔδει,
2651 2146 2786 2201 ἀλλὰ
2833 2147 2902 2200 τά
2957 2147 3286 2218 νομιζόμενα
3338 2147 3475 2217 ἀμφ’
3503 2147 3679 2200 αὐτῶν

2165 2240 2378 2308 λέγεται
2405 2239 2668 2294 ὑπονοῶν.
2700 2238 2848 2310 Πλὴν
2875 2229 3030 2299 οὗτος
3060 2237 3159 2308 μὲν
3187 2240 3215 2290 ὀ
3261 2237 3666 2309 Κηφισόδωρος,
3699 2231 3749 2305 ᾧ

2166 2330 2421 2402 ἐπολέμει
2463 2331 2537 2401 μὴ
2591 2330 2912 2402 μαχόμενος,
2970 2329 3206 2399 ἐμάχετο
3257 2321 3299 2396 ᾧ
3359 2329 3433 2399 μὴ
3488 2328 3749 2399 πολεμεῖν

2166 2421 2433 2476 ἐϐούλετο.
2490 2422 2546 2475 '0
2599 2421 2784 2491 μέντοι
2811 2421 2992 2490 Ζήνων
3035 2419 3127 2472 καὶ
3181 2418 3360 2483 αὐτὸς,
3412 2419 3595 2490 ἐπειδὴ
3648 2420 3751 2474 τοῦ

2181 2513 2528 2584 Ἀρκεσιλάου
2566 2513 2800 2584 μεθίετο,
2823 2515 2870 2566 εί
2905 2513 3004 2584 μὲν
3029 2513 3161 2584 μηδέ
3192 2511 3433 2566 Πλάτωνι
3465 2512 3748 2583 ἐπολέμει,

2169 2607 2474 2677 ἐφιλοσόφει
2498 2606 2667 2676 δήπου
2729 2606 2853 2676 ἐμοὶ
2881 2607 3040 2678 κριτῇ
3075 2603 3326 2658 πλείστου
3385 2605 3550 2670 ἀξίως
3584 2605 3755 2658 ἐνεκά

2169 2715 2232 2767 γε
2263 2698 2360 2768 τῆς
2387 2697 2681 2768 εἰρημένης
2706 2695 2816 2768 (26)
2851 2695 3074 2766 ταύτης.
3126 2695 3186 2748 Ei
3217 2696 3260 2748 δ’
3286 2695 3385 2748 οὐκ
3412 2695 3622 2764 ἀγνοῶν
3650 2697 3751 2767 μὲν

2171 2792 2298 2854 ἴσως
2317 2789 2386 2842 τὰ
2417 2787 2789 2860 Ἀρκεσιλάου,
2827 2788 2896 2842 τὰ
2945 2787 3125 2858 μέντοι
3175 2787 3458 2852 Πλάτωνος
3511 2787 3749 2856 ἀγνοῶν,

2168 2881 2243 2946 ὡς
2269 2881 2327 2946 ἐξ
2347 2874 2420 2935 ὧν
2442 2879 2591 2952 αὑτῷ
2610 2879 2913 2952 ἀνέγραψεν
2935 2878 3232 2951 ἐλέγχεται,
3255 2881 3333 2933 ὅτι
3354 2880 3610 2950 ἐποίησεν
3633 2879 3750 2948 (27)

2171 2973 2385 3028 ἐναντία
2431 2973 2649 3035 καύτὸς,
2709 2973 2846 3037 μήτε
2888 2971 2946 3026 ὃν
2979 2972 3095 3043 ᾔδει
3127 2971 3399 3043 πλήττων,
3448 2972 3505 3024 ὃν
3554 2988 3613 3023 τε
3646 2971 3754 3023 οὐκ

2171 3065 2355 3136 ἐχρῆν,
2396 3064 2695 3134 ἀτιμότατα
2753 3063 2847 3116 κσί
2894 3061 3148 3132 αἴσχιστα
3200 3059 3589 3133 περιυϐρικὼς,
3652 3063 3754 3114 καὶ

2169 3157 2343 3210 ταῦτα
2373 3155 2503 3210 πολὺ
2531 3159 2721 3210 κάκιον
2753 3153 2786 3226 ἢ
2847 3155 3102 3226 προσήκει
3156 3155 3296 3208 κυνί.
3352 3153 3497 3224 Πλὴν
3524 3151 3751 3216 διέδειξέ

2174 3265 2238 3318 γε
2271 3249 2373 3322 μὴν
2405 3248 2847 3322 μεγαλοφροσύνῃ
2868 3248 3234 3318 ἀποσχόμενος
3249 3247 3339 3301 τοῦ
3373 3246 3746 3318 Ἀρκεσιλάου.

2180 3344 2334 3396 Ἤτοι
2365 3343 2473 3414 γὰρ
2508 3343 2697 3414 ἀγνοίᾳ.
2721 3341 2829 3401 τῶν
2857 3341 3086 3406 ἐκείνου,
3126 3341 3288 3412 ἢδέει
3322 3339 3430 3394 τῶν
3465 3340 3753 3405 Στωϊκῶν,

2177 3543 2351 3598 locum
2381 3539 2574 3611 (verba
2610 3539 2770 3596 Tullii
2809 3541 2972 3609 sunt)
3006 3539 3236 3608 pressius
3282 3538 3556 3592 ridebatur
3593 3555 3750 3592 arce-

2177 3615 2316 3669 dere.
2345 3610 2609 3678 Quoniam
2630 3613 2766 3664 enim
2783 3611 2837 3664 id
2861 3611 3104 3663 haberent
3123 3610 3422 3662 Academici
3445 3611 3710 3662 decretum
3734 3650 3754 3674 ,

2176 3685 2304 3738 nihil
2333 3699 2478 3752 posse
2497 3683 2714 3752 percipi,
2735 3697 2837 3752 non
2853 3680 3033 3734 debere
3063 3696 3148 3733 eos
3172 3682 3226 3733 in
3261 3695 3357 3752 suo
3377 3679 3610 3752 decreto,
3642 3679 3754 3732 sic-

2176 3766 2233 3810 ut
2269 3750 2560 3820 incertat-is
2601 3751 2752 3805 rebus
2802 3750 3409 3820 ﬂuctuareLpra’sertim
3443 3766 3563 3802 cum
3595 3751 3652 3802 in
3687 3767 3754 3802 eo

2177 3841 2385 3878 summa
2407 3817 2736 3886 consﬁrteret,
2767 3817 2873 3876 etc.
2899 3839 2913 3886 ;
2941 3836 3061 3889 quae
3083 3819 3292 3874 Tullius
3322 3819 3394 3873 ita
3422 3820 3700 3874 cont-ludit
3733 3837 3746 3870 :

2179 3893 2294 3948 Hoc
2317 3895 2480 3965 igitur
2511 3892 2664 3965 modo
2684 3892 2857 3960 potius
2877 3900 2990 3944 erat
3023 3890 3086 3944 ab
3118 3891 3197 3943 his
3236 3891 3646 3965 postulandum,
3690 3902 3750 3943 ut

2179 3967 2274 4018 hoc
2316 3960 2478 4016 unum
2507 3961 2730 4025 saltem,
2771 3977 2974 4015 PERCIPI
3025 3975 3171 4014 Nlllll.
3217 3975 3416 4026 posse,
3451 3960 3752 4030 pefceptnm

2176 4051 2288 4090 esse
2335 4035 2589 4088 dicerent.
2648 4029 2854 4095 Porro,
2920 4040 3085 4085 totam
3132 4031 3278 4086 illam
3326 4029 3637 4086 Stoicorum
3683 4033 3755 4084 de

2177 4104 2485 4175 phantasia,
2515 4119 2623 4175 seu
2654 4101 2795 4175 visu,
2821 4111 2885 4156 et
2913 4103 3396 4175 comprehensione
3421 4101 3753 4175 doctrinam,

2181 4171 2430 4230 accurate
2476 4174 2613 4228 idem
2665 4173 2856 4228 Cicero
2897 4187 2961 4226 ac
3020 4173 3303 4242 diligenter
3340 4173 3561 4242 exponit
3599 4171 3694 4225 lib.
3733 4187 3751 4225 ι

2181 4245 2506 4305 Academia,
2545 4253 2679 4298 seet.
2711 4242 2926 4311 39—“).
2961 4241 3066 4296 Sed
3103 4243 3240 4296 alius
3289 4242 3376 4295 ille
3407 4241 3557 4296 locus
3590 4256 3655 4294 ex
3697 4257 3753 4294 tv

2177 4314 2419 4386 ejusdem
2449 4313 2649 4386 operis.
2697 4321 2828 4386 sect.
2866 4312 2955 4386 18,
3006 4313 3100 4380 qui
3147 4314 3251 4386 huc
3299 4313 3461 4366 etiam
3494 4314 3755 4386 maxime

2180 4381 2431 4456 pertinet,
2458 4381 2547 4456 sic
2580 4383 2836 4456 legendus
2875 4383 3095 4456 videtur:
3111 4398 3125 4434 ι
3146 4381 3289 4456 tiam
3315 4385 3452 4437 enim
3488 4382 3564 4435 ita
3596 4397 3758 4456 nega-

2182 4451 2258 4510 ret
2311 4454 2530 4522 (Philo,
2585 4451 2677 4523 qui
2726 4451 2960 4523 Zenonis
2997 4451 3366 4523 deﬁnitionem
3425 4451 3754 4523 respuebat)

2218 4521 2466 4595 uidquam
2499 4521 2766 4595 essequod
2794 4521 3156 4595 comprehendi
3179 4533 3348 4595 posset
3379 4521 3452 4593 (id
3480 4522 3757 4595 enim_vo—

2208 4588 2366 4650 umus
2395 4609 2514 4650 esse
2541 4588 2974 4662 ἀκατάληπτον),
3007 4593 3053 4644 si
3082 4588 3218 4645 illud
3243 4588 3412 4657 esset,
3443 4593 3576 4645 sicut
3610 4588 3758 4644 Zeno

2185 4667 2422 4734 deﬁniret
2448 4705 2462 4728 ,
2496 4665 2599 4718 tale
2625 4665 2789 4717 visum
2835 4664 2980 4732 (jam
3023 4662 3168 4716 enim
3210 4663 3332 4734 hoc,
3358 4679 3457 4732 pro
3487 4662 3758 4734 φαντασία

2186 4733 2408 4791 verbum
2456 4736 2588 4790 satis
2632 4734 2883 4788 hesterno
2917 4747 3168 4787 sermone
3214 4733 3530 4800 trivimus),
3589 4733 3757 4785 visum

2185 4807 2349 4876 igitur
2376 4807 2687 4874 impressum
2713 4803 3034 4876 eﬂictumque
3068 4817 3132 4856 ea:
3160 4819 3240 4866 eo,
3264 4804 3399 4876 unde
3420 4811 3582 4876 esset,
3602 4804 3761 4876 quale

2184 4870 2296 4930 esse
2333 4870 2635 4946 nonposset
2668 4870 2840 4946 exi-eo,
2873 4870 3146 4946 Διιηιιεηηοη
3168 4885 3318 4946 esset.
3356 4873 3432 4946 (id
3466 4886 3566 4946 nos
3595 4870 3624 4924 a
3658 4870 3761 4924 Ze-

2188 4961 2330 5001 none
2357 4941 2637 5000 dcli'nitum
2675 4943 2978 4998 rectissime
2997 4943 3252 4997 dicimus.
3274 4941 3377 5008 Qui
3409 4943 3552 4996 enim
3578 4951 3760 5010 potest

2185 5016 2485 5086 quidquam
2516 5013 2898 5084 comprehendi
2925 5052 2939 5077 ,
2973 5023 3032 5066 ut
3061 5013 3220 5086 plane
3260 5013 3502 5086 conﬁdas
3534 5013 3606 5086 id_
3633 5027 3757 5086 per:

2187 5081 2402 5156 e'eptu—m
2449 5081 2834 5156 cognitumque
2859 5097 2999 5156 esse,
3042 5081 3187 5153 quod
3233 5093 3319 5156 est
3350 5083 3455 5137 tale
3483 5082 3644 5156 quale
3676 5081 3761 5132 vel

2189 5151 2384 5210 falsum
2445 5151 2565 5211 esse
2600 5151 2839 5225 possit?)
2902 5151 3016 5205 Hoc
3063 5151 3181 5206 cum
3230 5155 3464 5221 inﬁrmat
3501 5152 3760 5225 tollitque

2190 5225 2377 5290 Philo,
2419 5237 2522 5280 etc.
2579 5223 2830 5279 Lambini
2870 5225 3175 5279 emendatio
3209 5240 3237 5276 a
3267 5233 3446 5278 mente
3473 5223 3758 5275 Ciceronis

2188 5297 2480 5350 admodum
2509 5297 2720 5349 videtur
2745 5296 2937 5349 aliena.
2964 5290 3072 5349 Nos
3105 5294 3422 5364 particulam
3452 5292 3667 5364 unicam
3698 5299 3756 5342 ut

2187 5369 2546 5436 expungimus
2597 5375 2720 5436 post
2767 5382 2866 5418 non
2912 5362 3120 5434 posset}
3163 5365 3275 5436 illa?
3304 5379 3451 5436 vero,
3497 5362 3686 5436 _id‘_nos
3721 5377 3754 5412 a

2188 5432 2413 5498 Zenone,
2439 5432 2611 5505 usque
2639 5437 2703 5489 ad
2731 5452 2840 5488 esse
2864 5432 3051 5502 possit.
3074 5433 3381 5506 parenthe_si
3404 5432 3756 5506 includimus.

2189 5506 2314 5561 Haec
2357 5503 2538 5560 tamen
2586 5506 2866 5558 Platonico
2914 5503 3095 5576 potius
3124 5520 3287 5576 quant
3315 5503 3566 5556 Tulliano
3607 5515 3761 5558 more

2189 5576 2441 5631 intricata
2478 5578 2643 5631 videri
2675 5577 2905 5645 possint.

2258 5647 2368 5716 (‘26)
2407 5642 2754 5715 Εὶρημένὴς.
2782 5647 2921 5716 Lege
2942 5661 3066 5701 cum
3106 5662 3232 5708 ms.,
3267 5642 3508 5716 εἰρήνης.

2261 5661 2368 5716 μδ)
2407 5661 2754 5715 ιιίρημενης.
2782 5661 2921 5715 Lege
2942 5661 3066 5701 cum
3106 5662 3232 5708 ms.,
3267 5661 3419 5714 ειρην
3463 5661 3508 5705 ς.

2261 5716 2373 5786 (27)
2418 5719 2534 5769 ’Ὁτι
2559 5717 2867 5783 ἐποίησεν.
2892 5715 3094 5772 Pendet
3121 5718 3406 5772 sententia.
3424 5661 3761 5785 legendum

2192 5788 2401 5843 videtur
2453 5787 2624 5849 οὕτως
2660 5788 2927 5859 ἐποίησεν.
