4034 6390
317 327 347 381 ‘l
360 331 505 392 205

1561 345 1870 402 emeras.
1901 318 2166 405 uvANc.
2207 353 2334 408 un.
2372 354 2504 409 xw.

3466 345 3603 404 1306

310 453 648 540 ξολέμοιο
689 457 844 526 μέγα
888 461 1080 530 στόμα
1145 463 1532 517 πευκεοανοῖο
1600 463 1932 534 ἀπετρέψατο

2046 455 2139 532 bit,
2178 467 2333 525 facile
2374 469 2814 540 deprehenditur,
2867 470 2968 525 hoc
2995 468 3116 523 belli
3147 483 3315 538 genus
3345 467 3600 535 suscepit,

313 535 495 613 ἄλλῃ
523 547 603 608 εἰς
639 545 916 604 Πλάτωνα.
976 551 1129 605 Ἀλλὰ
1160 555 1250 606 καὶ
1289 555 1411 626 περὶ
1447 555 1544 625 μὲν
1598 555 1704 609 τῶν
1731 556 1933 625 Ζήνωνι

314 628 434 693 εις
469 633 731 690 Πλάτωνα
758 640 938 704 κακῶς
969 658 1025 694 τε
1053 643 1145 694 καὶ
1187 643 1496 714 αἰδημόνως
1527 642 1776 714 οὐδαμῶς
1805 659 1936 694 νεω-

316 726 719 794 τερισθὲντων
750 733 1026 804 εἰρήσεταί
1082 751 1185 805 μοι.
1219 731 1375 800 αὖθίς
1405 754 1557 800 ποτε,
1603 737 1696 790 ἐὰν
1727 735 1938 805 φιλοσο-

322 810 490 879 φίας
524 816 718 887 σχολὴν
747 819 956 889 ἀγάγω.
988 823 1077 894 Μὴ
1125 841 1254 877 ποτε
1300 825 1409 895 (28)
1444 826 1625 897 μέντοι
1676 828 1936 900 ἀγάγοιμι

327 907 561 977 σχολήν
587 927 714 962 ποτε
734 913 1021 983 τοσαύτην,
1049 915 1253 969 τούτων
1279 917 1408 986 γοῦν
1440 919 1703 986 ἔνεκεν,εξ
1737 920 1811 992 μὴ
1834 921 1937 973 ὑπὸ

325 997 718 1062 παιδιᾶς.Τὸν
749 1003 794 1056 δ’
820 998 912 1057 οὖν
945 1006 1166 1078 Ζήνωνα
1198 1011 1227 1062 ὁ
1259 1009 1601 1080 Ἀρκεσίλαος
1633 1012 1937 1083 ἀντίτεχνον

330 1091 455 1144 καὶ
493 1091 759 1157 ἀξιόνικον
795 1095 1105 1168 ὑπάρχοντα
1142 1101 1382 1172 θεωρῶν,
1414 1105 1537 1168 τοὺς
1571 1107 1701 1176 παρ’
1727 1106 1934 1160 ἐκείνου

330 1181 804 1256 ἀποφερομένους
858 1189 1046 1258 λόγους
1097 1194 1342 1266 καίιῂρει,
1406 1199 1498 1249 καὶ
1558 1198 1707 1250 οὐδὲν
1750 1198 1931 1253 ὤκνει.

339 1275 499 1348 Περὶ
535 1279 634 1347 μὲν
659 1275 751 1334 οὖν
778 1281 885 1335 τῶν
908 1283 1081 1336 ἄλλων
1136 1284 1172 1339 ἃ
1231 1287 1544 1360 ὲμεμάχητο
1583 1290 1794 1357 ἐκείνῳ,
1826 1290 1934 1344 οὔτ’

341 1366 496 1432 ἴσως
527 1372 696 1424 εἰπεῖν
721 1372 850 1443 ἔχω,
881 1375 1008 1427 εἴτε
1061 1378 1154 1432 καὶ
1207 1375 1370 1450 εἶχον,
1406 1381 1557 1434 οὐδὲν
1589 1383 1693 1435 ἔδει
1731 1384 1825 1437 νῦν
1850 1386 1938 1438 αὑ-

343 1459 473 1512 τῶν
502 1464 827 1535 μνησθῆναν
885 1468 946 1521 τὸ
979 1467 1034 1521 δὲ
1092 1469 1266 1542 δόγμα
1315 1472 1474 1526 τοῦτο
1509 1475 1674 1528 αὐτοῦ
1721 1476 1936 1547 πρώτου

347 1551 680 1624 εὑρομένου,
716 1557 885 1612 καύτὸ
933 1560 996 1613 τὸ
1042 1562 1211 1632 ὄνομα
1262 1564 1472 1633 βλέπων
1515 1567 1834 1639 εὐδοκιμοῦν
1881 1573 1936 1622 ἐν

349 1649 483 1709 ταῖς
525 1648 793 1718 Ἀθήναις,
822 1652 920 1722 τὴν
969 1653 1379 1727 καταληπτικὴν
1422 1658 1738 1726 φαντασίαν,
1789 1662 1934 1732 πάσῃ

359 1741 583 1810 μηχανῇ
619 1742 815 1813 ἐχρῆτο
838 1744 923 1796 ἐπ’
948 1745 1140 1816 αὐτήν.
1187 1747 1246 1799 '0
1285 1748 1330 1800 δ’
1362 1751 1418 1802 ἐν
1449 1750 1526 1820 τῷ
1567 1751 1938 1824 ἀσθενεστέρῳ

2043 574 2202 616 secus
2243 561 2483 631 profecto
2519 577 2681 631 quam
2734 577 2831 631 par
2877 570 2994 614 erat
3038 560 3164 615 fecit
3205 560 3320 629 ipse
3367 574 3605 628 quoque,

2042 650 2170 704 dum
2206 668 2304 706 nec
2337 653 2610 706 hominem
2643 653 2745 707 sibi
2781 661 2969 706 notum
3001 652 3333 715 vulneravit,
3367 662 3418 704 et
3445 665 3604 719 quem

2045 743 2268 798 minime
2302 744 2579 805 decuerat,
2617 759 2738 798 eum
2776 743 3152 812 indignissime
3176 758 3238 796 ac
3270 741 3608 810 turpissime,

2043 834 2287 904 adeoque
2328 836 2485 906 longe
2522 835 2740 899 foedius,
2771 851 2931 906 quem
2987 837 3067 889 vel
3121 836 3239 889 caui
3277 835 3608 894 conveniret,

2042 927 2386 982 contumeliis
2410 929 2646 981 violavit.
2684 928 2950 982 Caeterum
2984 927 3355 996 magnitudine
3376 925 3608 994 quadam

2044 1019 2210 1073 animi
2245 1020 2516 1075 abstinere
2546 1036 2603 1074 se
2635 1020 2701 1073 ab
2729 1019 2967 1074 Arcesila
3007 1017 3312 1072 declaravit.
3354 1015 3486 1069 Nam
3513 1030 3606 1070 seu

2042 1111 2185 1180 quod
2223 1113 2460 1166 hominis
2494 1128 2714 1166 sensum
2755 1113 3045 1182 ignoraret,
3079 1129 3173 1169 seu
3218 1112 3361 1182 quod
3395 1108 3609 1164 Stoicos

2043 1211 2342 1266 vereretur,
2374 1201 2560 1257 Trucis
2589 1219 2684 1256 ora
2717 1205 2948 1274 iugentia
2988 1204 3108 1257 belli
3133 1205 3239 1258 alio
3264 1245 3278 1266 ,
3309 1204 3410 1257 hoc
3441 1211 3523 1256 est
3557 1202 3609 1254 in

2043 1291 2341 1355 Platonem,
2395 1293 2572 1348 vertit.
2634 1293 2739 1349 Sed
2770 1295 2912 1348 enim
2949 1296 3014 1349 de
3045 1297 3142 1360 iis,
3175 1310 3295 1364 quae
3326 1308 3608 1363 perperam

2043 1398 2106 1437 ac
2129 1383 2244 1438 sine
2268 1384 2379 1438 ullo
2420 1385 2759 1440 verecundiae
2797 1400 2962 1440 sensu
3001 1383 3278 1440 Platonem
3312 1383 3457 1438 Zeno
3498 1399 3613 1437 mo-

2045 1476 2172 1530 litus
2218 1485 2301 1530 cst
2329 1486 2442 1530 tum
2472 1491 2628 1547 agam
2663 1477 2902 1542 uberius,
2937 1492 3060 1532 cum
3102 1492 3130 1530 a
3170 1475 3328 1546 733
3368 1476 3610 1547 philoso-

2046 1566 2168 1635 phia
2215 1581 2474 1622 vacavero
2508 1585 2520 1620 :
2559 1583 2870 1637 quanquam
2913 1568 3054 1621 absit
3101 1569 3358 1628 omnino,
3400 1577 3609 1621 tantum

2045 1669 2282 1724 unquam
2320 1655 2386 1708 ab
2413 1670 2474 1709 ca
2507 1670 2714 1716 vacem,
2750 1655 2852 1708 hoc
2880 1663 2938 1708 ut
2971 1653 3275 1724 argumenti
3311 1668 3481 1722 genus
3508 1652 3608 1705 ati-

2045 1759 2124 1801 tcr
2162 1764 2322 1817 quam
2343 1748 2469 1817 joco
2507 1747 2844 1803 tractandum
2877 1745 3190 1816 suscipiam.
3216 1744 3368 1798 Nunc
3401 1754 3459 1797 ut
3485 1745 3607 1797 red-

357 1826 442 1881 ὢν
470 1829 604 1901 (29),
657 1834 886 1905 ἡσυχίαν
932 1836 1100 1905 ἄγων,
1158 1839 1221 1891 οὐ
1272 1839 1564 1912 δυνάμενος
1617 1843 1934 1907 ἀδικεῖσθαι,

2046 1851 2156 1888 eam
2194 1836 2258 1889 ad
2291 1833 2622 1902 Arcesilam,
2660 1837 2706 1890 is
2745 1835 3016 1890 Zenonem
3053 1846 3106 1890 ct
3156 1835 3291 1889 artis
3316 1834 3608 1890 contrariae

375 1920 710 1996 Ἀρκεσιλάῳ
739 1926 841 1996 μὲν
872 1929 1081 1998 ἀφίετο,
1106 1931 1273 1986 πολλά
1323 1933 1388 1988 ἂν
1435 1936 1608 1988 εἰπεῖν
1637 1934 1796 2006 ἔχων,
1827 1937 1938 1989 ἀλλ’

359 2012 463 2066 οὐκ
491 2015 668 2085 ἧθελε,
703 2018 844 2089 τάχα
866 2019 923 2072 δὲ
955 2021 1152 2091 μᾶλλον
1175 2023 1368 2088 ἄλλως·
1403 2027 1540 2098 πρὸς
1567 2026 1623 2080 δὲ
1648 2028 1737 2080 τὸν
1761 2028 1941 2082 οὐκέτι

363 2105 424 2158 ἐν
457 2104 622 2169 ζῶσιν
676 2107 806 2162 ὄντα
847 2111 1105 2167 Πλάτωνα
1156 2115 1502 2187 ὲσκιαμάχει,
1563 2119 1656 2172 καὶ
1701 2120 1800 2189 τὴν
1836 2121 1943 2173 ἀπὸ

364 2194 581 2267 ἁμάξης
611 2199 885 2270 πομπείαν
907 2203 1090 2256 πᾶσαν
1122 2203 1496 2276 κατεθορύσει,
1514 2205 1706 2275 λέγων,
1729 2206 1802 2271 ὡς
1831 2207 1941 2261 οὔτ’

364 2286 431 2340 ἂν
455 2287 551 2342 τοῦ
585 2290 872 2357 Πλάτωνος
934 2294 1297 2366 ἀμυνομένου,
1335 2296 1644 2367 ὑπερδικεῖν
1694 2315 1751 2351 τε
1781 2299 1940 2353 αὐτοῦ

360 2382 509 2454 ἄλλῳ
531 2384 705 2439 οὐδενὶ
741 2387 920 2458 μέλον·
943 2389 1050 2442 εἴτε
1077 2389 1360 2462 μελήσειεν
1401 2391 1752 2463 Ἀρκεσιλάῳ,
1781 2393 1944 2457 αὐτός

360 2489 428 2542 γε
461 2475 738 2547 κερδανεῖν
791 2477 928 2550 ᾤετο
985 2481 1432 2554 ἁποτρεψάμενος
1482 2485 1574 2554 ἀφ’
1609 2485 1798 2539 ἑαυτοῦ
1851 2487 1943 2540 τὸν

375 2560 742 2633 Ἀρκεσίλαον.
779 2565 948 2621 Τοῦτο
972 2568 1029 2622 δὲ
1068 2567 1163 2642 ᾖδε
1199 2572 1291 2624 καὶ
1332 2573 1660 2642 Ἀγαθοκλέα
1705 2575 1796 2630 τὸν
1843 2578 1944 2629 Συ-

365 2655 654 2722 ρακούσιον
687 2659 983 2728 ποιήσαντα
1017 2660 1077 2713 τὸ
1110 2661 1346 2734 σόφισμα
1381 2664 1472 2718 ἐπὶ
1497 2667 1624 2728 τοὺς
1659 2667 1944 2738 Καρχηδο-

362 2741 532 2807 νίους.
567 2747 628 2799 Οἱ
657 2747 884 2801 Στωϊκοὶ
937 2750 994 2803 δὲ
1049 2752 1320 2823 ὑπήκουον
1377 2756 1833 2828 ἐκπεπληγμένον
1880 2758 1943 2811 Ἡ

367 2834 545 2903 μοῦσα
573 2837 682 2909 γὰρ
709 2839 890 2902 αὐτοῖς
920 2841 1038 2894 οὐδὲ
1077 2843 1195 2896 τότε
1226 2839 1292 2915 ἦν
1321 2845 1620 2915 φιλολόγος,
1643 2848 1753 2902 οὐδ’
1778 2849 1943 2921 ἐργά-

363 2942 450 2988 τις
483 2929 739 2999 χαρίτων,
797 2925 986 3000 ὑφ’ὦν
1029 2934 1056 2986 ὁ
1107 2935 1483 3006 ᾗΑρκεσίλαος,
1530 2937 1599 2992 τὰ
1640 2939 1737 3010 μὲν
1784 2959 1941 3014 περι-

366 3018 600 3088 κρούων,
635 3020 775 3075 τὰδὲ
811 3023 1148 3096 ὑποτέμνων,
1184 3026 1318 3084 ἄλλα
1342 3027 1384 3080 δ’
1411 3029 1800 3098 ὑποσκελίζων,
1846 3051 1944 3088 κα·-

363 3110 750 3179 τεγλωττίζετο
801 3115 1016 3180 αὐτοὺς,
1069 3118 1161 3170 καὶ⁸
1219 3119 1446 3186 πιθανὸς
1499 3117 1589 3194 ἦν.
1644 3123 1942 3196 Τοιγαροῦν

367 3203 505 3273 πρὸς
523 3203 616 3269 οὓς
651 3205 750 3277 μὲν
777 3207 1084 3275 ἀντέλεγεν,
1134 3180 1476 3282 ἡττωμένων,
1506 3180 1563 3266 έν
1587 3207 1668 3279 οἷς
1693 3180 1943 3285 δέλέγων
1970 3180 2010 3236 C

365 3290 458 3365 ἦν,
515 3297 1076 3368 καταπεπληγμένων,
1125 3300 1462 3372 δεδειγμένον
1497 3322 1615 3370 πως
1665 3309 1777 3370 τοῖς
1824 3309 1947 3362 τότε

368 3385 675 3457 ἀνθρώποις
708 3387 942 3460 ὑπῆρχε,
974 3388 1140 3460 μηδὲν
1172 3386 1310 3445 εἶναι
1341 3394 1462 3464 μήτ’
1488 3391 1580 3448 οὖν
1603 3395 1751 3460 ἔπος,
1811 3400 1946 3471 μήτε

368 3477 561 3542 πάθος,
589 3480 724 3550 μήτε
751 3479 908 3551 ἔργον
937 3480 994 3533 ἒν
1029 3479 1224 3552 βραχὺ,
1266 3483 1398 3553 μηδὲ
1426 3484 1697 3556 ἄχρηστον
1730 3489 1948 3544 τούναν-

367 3571 481 3624 τίον
503 3571 730 3643 ὀφθῆναί
764 3573 880 3626 ποτ’
901 3574 986 3636 ἂν,
1027 3573 1081 3627 εἴ
1100 3592 1151 3627 τι
1214 3576 1288 3647 μὴ
1322 3577 1654 3651 Ἀρκεσιλάῳ
1695 3580 1840 3634 δοκεῖ
1866 3582 1941 3653 τῷ

368 3665 643 3740 Πιταναίῳ
665 3665 798 3736 (50).
824 3666 914 3737 Τῷ
943 3667 986 3720 δ’
1009 3668 1116 3740 ἄρα
1146 3669 1294 3722 οὐδὲν
1331 3671 1524 3736 εδόκει,
1574 3672 1681 3726 οὐδ’
1709 3673 1941 3743 ἀπεφαί-

368 3775 491 3810 νετο
530 3758 682 3812 οὐδὲν
742 3757 961 3832 μᾶλλον,
1017 3761 1050 3832 ἢ
1098 3761 1432 3832 ῥηματίσκια
1478 3763 1626 3818 ταῦτ’
1654 3763 1788 3820 εἶναι
1847 3769 1939 3822 καὶ

371 3849 588 3919 φόϐους.

2045 1925 2441 1995 professorem,
2489 1937 2542 1984 ct
2587 1944 2684 1984 sua
2718 1929 2940 1998 dignum
2972 1928 3198 1984 victoria
3230 1942 3354 1982 cum
3389 1927 3610 1990 videret,

2047 2019 2282 2076 hominis
2319 2020 2712 2090 disputationes
2768 2019 3125 2083 convellebat,
3155 2020 3240 2074 sui
3268 2019 3426 2088 plane
3457 2033 3612 2072 secu-

2046 2127 2158 2167 rus.
2204 2114 2281 2167 Ac
2323 2121 2512 2167 cmtera
2557 2112 2775 2182 quidem
2809 2113 3025 2176 omnia,
3058 2111 3124 2165 de
3166 2111 3366 2181 quibus
3393 2126 3517 2166 cum
3547 2125 3613 2164 eo

2043 2197 2422 2267 contendebat,
2473 2219 2570 2258 nec
2620 2203 2850 2257 fortasse
2885 2203 3111 2272 possim,
3159 2217 3258 2257 nec
3295 2212 3352 2256 ut
3383 2202 3609 2270 possim,

2047 2315 2190 2354 riunc
2213 2309 2362 2355 certe
2403 2300 2684 2370 complecti
2721 2308 2988 2368 oporteat.
3049 2298 3115 2352 At
3141 2297 3416 2352 decretum
3440 2296 3610 2361 ‘illud,

2044 2395 2202 2464 cujus
2232 2395 2347 2464 ipse
2379 2395 2631 2464 princeps
2679 2400 2873 2447 auctor
2910 2400 3062 2454 erat,
3119 2390 3372 2460 quodque
3413 2389 3611 2443 celebri

2045 2497 2158 2540 tum
2183 2487 2405 2542 nomine
2455 2486 2681 2543 Atheriis
2711 2485 2904 2556 jactari
2940 2483 3174 2546 videbat,
3205 2483 3350 2536 illam
3390 2482 3609 2551 inquam

2045 2577 2533 2648 eomprehendendi
2585 2577 2730 2642 vim,
2787 2591 2949 2648 quam
2999 2575 3300 2642 phantasia:
3346 2574 3613 2630 tribuebat

2046 2669 2213 2734 Zeno,
2247 2669 2513 2724 machinis
2556 2669 2660 2724 sibi
2700 2670 2954 2724 omnibus
2986 2669 3270 2738 petendam
3306 2674 3358 2720 et
3415 2681 3613 2720 concu-

2044 2759 2276 2814 tiendam
2313 2760 2536 2829 putavit.
2580 2758 2728 2814 Alter
2779 2760 2980 2813 interea
3033 2759 3294 2813 adversus
3343 2757 3611 2810 inlirmio-

2044 2866 2178 2916 rem,
2205 2850 2361 2920 quasi
2392 2850 2525 2903 nihil
2560 2849 2628 2904 ab
2650 2865 2714 2904 eo
2747 2849 2864 2903 lmdi
2904 2857 3110 2919 posset,
3157 2847 3404 2902 movebat
3430 2847 3561 2900 nihil
3597 2863 3609 2899 :

2044 2943 2183 2996 idem
2219 2950 2396 2996 tamen
2435 2943 2604 2998 misso
2635 2943 2873 2997 Arcesila
2895 2986 2909 3008 ,
2961 2944 3014 2998 in
3046 2958 3204 3012 quem
3239 2942 3406 2996 multa
3435 2940 3613 2995 dicere

2043 3035 2308 3103 potuisset
2353 3035 2482 3104 (seu
2535 3035 2809 3089 hominem
2860 3050 3050 3104 urgere
3093 3034 3292 3095 nollet,
3339 3047 3434 3088 seu
3483 3031 3612 3099 quid

2045 3124 2190 3178 aliud
2222 3125 2582 3197 sequeretur),
2614 3141 2739 3180 cum
2766 3123 2986 3180 Platone
3009 3125 3146 3195 ipso,
3176 3125 3268 3193 qui
3297 3123 3478 3178 vivere
3499 3123 3611 3190 jam

2044 3216 2298 3280 desierat,
2335 3217 2414 3272 sic
2445 3225 2706 3287 tanquam
2739 3217 2791 3271 in
2823 3218 3014 3271 umbra
3040 3216 3330 3286 pugnabat.
3393 3213 3458 3268 Et
3488 3230 3612 3267 vero

2044 3310 2178 3364 nihil
2217 3324 2322 3364 non
2373 3309 2745 3365 conviciorum
2787 3309 2840 3364 in
2887 3323 3009 3363 eum
3033 3348 3046 3370 ,
3092 3307 3248 3378 quasi
3281 3323 3310 3363 e
3340 3308 3609 3377 plaustro,

2044 3403 2352 3470 promiscue
2383 3403 2844 3472 tumultuarieque
2869 3403 3096 3472 jactavit
3122 3441 3135 3460 ,
3173 3401 3430 3455 nimirum
3467 3399 3611 3468 quod

2045 3506 2144 3545 nec
2170 3506 2430 3562 reponere
2479 3491 2633 3546 Plato
2673 3493 2784 3555 jam
2833 3499 3049 3560 posset,
3088 3506 3188 3545 nec
3225 3489 3390 3543 alium
3420 3503 3612 3556 qucrn-

2045 3598 2207 3652 quam
2236 3585 2355 3653 ejus
2387 3598 2549 3638 causa
2578 3583 2952 3638 laboraturnm
2986 3589 3228 3652 putaret;
3280 3587 3374 3633 aut
3401 3578 3445 3632 si
3475 3576 3613 3631 forte

2047 3674 2317 3727 laboraret
2350 3673 2619 3727 Arcesilas
2639 3713 2656 3739 ,
2690 3673 2743 3727 in
2775 3673 2928 3726 lucro
2970 3681 3148 3726 tamen
3178 3678 3431 3740 poneret,
3463 3667 3542 3721 sic
3578 3681 3610 3718 a

2045 3766 2158 3820 suis
2201 3780 2323 3819 eum
2367 3763 2670 3820 cervicibus
2712 3779 2833 3820 esse
2881 3762 3186 3832 depulsum.
3240 3759 3359 3827 Quo
3385 3758 3608 3829 quidem

2048 3858 2260 3913 artilicii
2313 3873 2507 3927 genere
2551 3856 2903 3928 Agathoclem
2950 3854 3299 3926 Syracusium
3348 3851 3608 3905 adversus

369 3946 851 4022 Carthaginienses
882 3970 1041 4011 usum
1098 3973 1221 4013 esse
1253 3966 1420 4013 notat.
1462 3959 1638 4014 Atuue
1679 3958 1792 4012 lure
1849 3957 2014 4012 Stoici
2057 3972 2176 4012 eum
2223 3967 2444 4022 stupore
2490 3956 2800 4010 audiebant.
2861 3953 2989 4007 Erat
3037 3953 3179 4005 enim
3215 3950 3390 4003 adhuc
3435 3946 3613 4000 iulans

369 4053 558 4094 eorum
608 4056 802 4110 musa,
860 4060 960 4101 nec
1022 4047 1233 4103 illarum
1298 4049 1618 4104 facetiarum
1662 4049 1894 4117 artifex,
1956 4049 2154 4120 quibus
2206 4050 2476 4104 Arcesilas
2528 4048 2762 4103 Zenonis
2815 4054 3131 4114 argumenta
3174 4042 3368 4111 partim
3432 4038 3612 4106 explo-

370 4131 538 4199 dens,
588 4136 786 4204 partim
833 4137 1150 4204 succidens,
1209 4143 1404 4211 partim
1453 4143 1844 4212 supplautans,
1893 4143 1975 4198 sic
2031 4159 2123 4197 eos
2157 4143 2352 4213 lingu-.e
2410 4142 2460 4194 vi
2497 4140 2777 4203 obruebat,
2815 4147 2872 4192 ut
2918 4137 3075 4191 tidem
3122 4135 3282 4188 etiam
3318 4131 3438 4185 aliis
3473 4129 3610 4180 face-

369 4238 470 4282 ret.
513 4227 611 4294 lta,
660 4245 785 4288 cum
830 4242 886 4288 et
933 4234 969 4289 ii
1011 4236 1338 4305 quibuscum
1386 4239 1634 4294 oratione
1663 4240 1960 4309 pugnabat,
2002 4239 2128 4294 victi
2163 4249 2325 4309 atque
2376 4239 2630 4308 prostrati
2664 4279 2678 4302 ,
2712 4245 2762 4290 et
2797 4236 2830 4288 ii
2859 4249 3096 4304 quorum
3132 4232 3184 4284 in
3217 4244 3423 4283 cornua
3462 4226 3611 4278 diee-

369 4317 483 4385 bat,
510 4321 743 4390 perculsi
765 4325 1086 4396 attonitique
1117 4339 1399 4384 manerent
1431 4347 1443 4384 :
1480 4330 1636 4399 quasi
1700 4346 1796 4398 pro
1863 4340 2144 4400 comperto
2206 4340 2323 4384 erat
2371 4329 2615 4400 ejusdem
2660 4327 2834 4383 aetatis
2873 4324 3216 4388 hominibus,
3261 4338 3358 4376 nec
3402 4334 3616 4386 vocem,~

375 4427 475 4467 nec
516 4414 756 4482 malum,
804 4431 905 4473 nec
931 4433 1066 4486 opus
1103 4419 1270 4473 ullum
1320 4421 1404 4474 vel
1455 4421 1776 4484 minimum,
1839 4421 2136 4490 quidquam
2187 4437 2330 4483 esse,
2390 4435 2491 4475 nec
2538 4419 2696 4473 inane
2726 4417 3088 4485 frivolumque
3126 4424 3310 4468 contra
3339 4412 3512 4466 visum
3550 4411 3612 4462 iri

372 4510 693 4580 quidquam,
739 4513 841 4568 nisi
889 4514 1034 4584 quod
1066 4515 1321 4571 Arcesilae
1353 4516 1590 4572 Pitameo
1636 4517 1741 4571 tale
1795 4518 2090 4573 videretur.
2136 4518 2201 4573 Et
2256 4531 2417 4588 porro
2470 4517 2605 4571 nihil
2638 4515 2795 4586 plane
2821 4513 3124 4577 videbatur,
3147 4526 3247 4565 uec
3278 4508 3421 4564 aliud
3459 4507 3613 4579 quid-

371 4619 534 4673 quam
564 4605 788 4662 omnino
810 4609 1004 4679 magis,
1028 4625 1192 4679 quam
1216 4611 1330 4665 haec
1358 4610 1580 4666 voculas
1605 4621 1812 4668 tantum
1845 4614 2080 4684 aliquas,
2119 4625 2172 4668 et
2205 4624 2440 4669 terrores
2479 4628 2600 4668 esse
2632 4611 2963 4667 declarabat.

902 4703 1299 4756 ΚΕΦΔΑᾹΙΟΝ
1339 4708 1412 4759 Z'.

2539 4703 2700 4777 73!.
2751 4700 2976 4759 CAPUT
3024 4699 3130 4752 vu.

384 4808 629 4885 ὉποζοςΑ
653 4812 772 4885 τῶν
816 4812 1203 4885 δηλουμένων
1238 4818 1276 4885 ὀί
1304 4817 1460 4882 βίος.
1505 4819 1640 4885 Περὶ
1670 4818 1943 4871 Λακύδου

446 4882 549 5006 ego
571 4882 677 4961 τρν
720 4884 1104 4953 Ἀρκεσίλαον
1155 4882 1603 4956 διαδεξαμένουῖ
1656 4887 1791 4940 Ἀπὸ
1837 4887 1946 4940 τοῦ

441 4967 480 5003 a
522 4968 648 5006 του.

449 5081 470 5116 ι
503 5064 636 5134 Περὶ
667 5064 724 5119 δὲ
754 5065 996 5120 Λακύδου
1056 5067 1165 5136 (51)
1189 5067 1447 5138 βούλομαί
1491 5085 1542 5120 τι
1587 5067 1945 5140 διηγήσασθαι

374 5156 492 5228 ἡδύ.
514 5153 621 5210 Ἦν
648 5159 746 5229 μὲν
765 5158 829 5228 δὴ
869 5159 1117 5230 Λακύδης
1147 5160 1657 5232 ὑπογλισχρότερος,
1707 5161 1798 5214 καί
1823 5178 1944 5213 τινα

447 5357 560 5425 (9.8)
597 5357 756 5412 Forte
780 5359 1073 5414 ι1ρ1.,ποτέ.

449 5427 561 5495 (29)
604 5429 699 5480 Ἐν
719 5428 799 5492 τῷ
829 5427 1237 5495 ἀσθενεστέρῳ
1266 5426 1369 5482 ὢν.
1397 5425 1825 5497 Expultgendum
1855 5443 1944 5481 ar-

377 5497 547 5549 bitror
589 5500 933 5568 participiqu
963 5498 1070 5562 ὡν,
1112 5507 1170 5552 ut
1216 5496 1518 5552 Arcesilam
1555 5496 1942 5568 ἀσθενέστερον

376 5577 524 5619 vocet
536 5606 549 5619 .

449 5636 560 5705 (30)
587 5638 898 5709 Πιταναίῳ.
931 5637 1194 5709 Diogenes
1222 5638 1469 5709 Laertius
1501 5637 1594 5692 lib.
1629 5653 1680 5692 IV
1712 5656 1725 5691 :
1764 5638 1947 5709 Ἀρκε-

379 5705 580 5776 σίλαος.
625 5707 822 5776 inquit,
853 5705 1078 5776 Ζεύθου,
1127 5707 1158 5776 ἢ
1207 5708 1447 5770 Σκύθου,
1480 5709 1794 5770 Πιταναῖος,
1827 5705 1943 5776 τῆς

389 5775 660 5841 Ἀοιλίδος.
698 5775 830 5834 Ibid.
863 5775 967 5832 Ἤν
1004 5779 1096 5833 μὲν
1121 5775 1209 5832 οὖν
1241 5779 1385 5836 αὑτῷ
1418 5779 1506 5832 καὶ
1540 5781 1595 5830 ἐν
1622 5779 1822 5835 Πιτάνη
1851 5775 1944 5829 πε-

2050 4821 2363 4890 Cujusmorli
2412 4821 2742 4890 superiorum
2779 4817 2992 4890 illorum
3042 4815 3150 4867 vita
3198 4812 3378 4890 tuerit.
3427 4810 3506 4890 ¹ιιι)
3553 4810 3614 4859 de

2123 4880 2329 4961 laeyde
2353 4880 2579 4962 quodam
2610 4888 2859 4944 Arcesin
2885 4899 3181 4941 successore
3231 4881 3314 4934 lix
3343 4880 3541 4932 eodem.

2128 5090 2144 5120 ι
2175 5067 2292 5122 Jam
2323 5084 2472 5134 vero,
2508 5067 2575 5122 de
2604 5065 2836 5136 Lacyde,
2861 5063 3057 5133 inquit,
3093 5060 3327 5115 facetum
3359 5055 3614 5124 quiddam

2051 5175 2114 5216 ac
2139 5160 2374 5229 lepidqu
2403 5174 2625 5213 narrare
2655 5155 2839 5210 statui.
2886 5153 3016 5206 Erat
3049 5155 3092 5207 is
3122 5151 3279 5221 paulo
3323 5147 3616 5210 sordidior,

2051 5374 2282 5450 ριουσία,
2319 5379 2408 5450 ἀφ’
2433 5375 2500 5450 ᾖς
2527 5373 3024 5450 ἀπέστειλενηαὺλτῴ
3049 5371 3292 5440 Πυλάδης
3322 5371 3349 5422 ὁ
3371 5365 3613 5450 ἀδελξξὸς.

2120 5451 2232 5520 (51)
2264 5435 2399 5520 Περὶ
2423 5435 2495 5501 δῖ
2519 5446 2816 5520 Λακύδου.
2846 5435 3044 5520 Eadem
3073 5435 3466 5520 commemorat
3491 5435 3620 5520 lilio-

2085 5507 2227 5574 eues'
2260 5507 2357 5572 lib:
2399 5533 2452 5572 ιν
2477 5557 2493 5580 ,
2545 5517 2638 5571 sed
2687 5518 2853 5586 longe
2887 5513 3085 5568 siccius
3134 5521 3294 5579 atque
3319 5507 3610 5586 “frigidius.

2085 5537 2215 5574 cnes
2260 5537 2354 5572 Ill).
2399 5537 2493 5580 ιν,
2545 5537 2638 5571 seu
2689 5537 2844 5585 longe
2887 5537 3085 5568 aluums
3134 5537 3294 5579 atquc
3347 5537 3610 5577 nigro-us.

2050 5537 2401 5644 gubobscura
2425 5587 2636 5642 videtur
2659 5583 2917 5647 narratio,
2948 5600 3070 5652 qum
3099 5593 3276 5635 tamen
3297 5577 3611 5652 diligentius

2051 5660 2348 5714 attendenli
2405 5660 2537 5715 satis
2595 5656 2936 5727 perspicuam
2969 5651 3143 5708 habet
3190 5651 3622 5720 explicatamque

2050 5734 2334 5784 rationem.
