4090 6382
462 349 597 406 1207

1129 345 1401 403 EUSEBH
1434 345 1913 402 CIESARIENSIS
1951 342 2100 398 OPP.
2148 340 2328 396 PARS
2370 341 2431 394 ll.
2477 371 2543 380 -—-
2582 333 3080 394 APOLOGETICA.

3575 329 3712 384 {203

461 475 626 535 atque
661 462 928 533 ejusmodi
981 463 1073 532 qui
1099 459 1476 517 recouomicus
1508 463 1597 517 ille
1623 462 1786 534 vulgo
1812 459 2038 517 notissi-

2141 458 2339 530 τρόπον
2371 461 2399 512 ό
2444 455 2735 526 λεγόμενος
2788 447 3140 522 Οἰκονομικὸς
3175 447 3308 519 (52),
3339 438 3492 511 οὗτος
3517 449 3545 500 ό
3568 447 3714 499 εὐδο-

462 574 586 614 mus
613 557 740 627 j‘ure
772 559 1063 611 diceretur.
1125 555 1414 624 Aperiehat
1437 556 1577 611 idem
1608 571 1830 628 penum,
1863 555 2034 609 idem-

460 667 568 722 que
597 649 912 714 claudebat;
933 648 1218 719 promebat
1246 647 1362 717 ipse
1388 648 1588 718 quibus
1624 648 1702 701 uti
1733 647 1910 709 vellet,
1931 661 2036 701 cre-

462 751 688 812 teraque
723 741 774 795 id
810 755 982 812 genus
1032 738 1215 793 omnia
1262 754 1357 809 per
1400 754 1520 795 sese
1554 737 1834 793 factitabat
1876 755 1889 790 :
1926 751 2034 790 non

463 832 790 904 frugalitatis
814 847 879 886 ac
907 831 1282 900 temperantiae
1307 830 1510 898 studio,
1537 845 1647 886 non
1670 838 1895 886 coactus
1917 830 2036 882 ino-

463 927 581 996 pia,
621 940 727 979 non
771 924 998 993 penuria
1032 939 1314 978 servorum
1351 923 1641 989 laborans,
1687 922 1781 992 qui
1830 921 2037 991 aliquot

462 1019 653 1075 saltem
682 1017 869 1081 aleret,
903 1019 995 1074 sed
1023 1031 1245 1073 causam
1280 1031 1378 1085 pro
1401 1015 1630 1070 arbitrio
1654 1014 1885 1084 quisque
1904 1027 2037 1066 con-

457 1109 629 1179 jiciat.
671 1107 784 1179 Ego
819 1109 1053 1178 lepidum
1091 1107 1222 1162 illud
1252 1107 1694 1162 commemorabo
1735 1106 1880 1176 quod
1909 1119 2036 1174 pro-

463 1195 610 1252 misi.
647 1197 786 1252 Cum
837 1198 1004 1268 igitur
1053 1212 1208 1251 suam
1246 1196 1362 1265 ipse
1409 1196 1513 1251 sibi
1560 1211 1759 1266 penutn
1795 1205 2034 1258 curaret,

463 1304 561 1343 nec
588 1304 774 1344 secum
807 1289 926 1359 ejus
963 1291 1159 1346 clavim
1195 1291 1549 1347 circumferre
1579 1291 1760 1358 vellet,
1791 1306 1911 1346 eam
1944 1285 2052 1346 uLi'

462 1379 653 1436 cellam
691 1383 984 1449 clauserat,
1020 1399 1151 1438 cava
1203 1387 1436 1454 quadam
1485 1385 1537 1438 in
1585 1385 1770 1440 arcula
1801 1385 2036 1454 depone—

465 1476 575 1531 bat.
637 1475 774 1531 Tum
807 1478 954 1532 aditu
989 1479 1280 1549 obsignato
1306 1519 1321 1544 ,
1356 1480 1618 1534 annulum
1664 1496 1761 1550 per
1793 1495 1927 1536 serae
1956 1479 2038 1536 fo-

465 1584 653 1622 ramett
709 1569 1010 1626 demissum
1061 1571 1202 1625 intra
1257 1571 1446 1625 cellam
1494 1570 1776 1626 evolvebat
1830 1579 1940 1626 :ut
1974 1587 2036 1626 ea

469 1675 660 1714 rursus
683 1675 806 1715 cum
839 1661 1032 1716 liberet
1058 1661 1196 1716 clavi
1231 1671 1491 1729 reserata,
1523 1663 1742 1717 obvium
1773 1664 2035 1718 annulum

464 1751 681 1816 tollere,
707 1761 871 1823 atque
906 1753 978 1809 ita
1013 1755 1192 1810 locum
1229 1755 1409 1811 denuo
1451 1771 1572 1809 eum
1600 1756 1884 1824 obserare,
1921 1766 2034 1811 tum

2137 547 2314 618 κιμῶν
2346 547 2498 619 παρά
2526 547 2636 608 τοῖς
2661 543 2894 605 πολλοῖς.
2921 540 3092 602 Αὐτὸς
3119 539 3215 610 μὲν
3239 541 3490 608 ἀνοιγ-νὺς
3521 537 3583 590 τὸ
3611 554 3712 592 τα-

2141 643 2332 711 μιεῖον,
2371 639 2532 701 αὐτὸς
2577 637 2621 690 δ’
2647 633 2970 690 ἀποκλείων.
3027 633 3138 686 Kal.
3184 634 3478 705 προῃρεῖτο
3528 631 3586 684 δὲ
3638 624 3714 685 ὧν

2137 731 2325 795 ἐδεῖτο,
2348 730 2443 783 καὶ
2474 728 2610 782 ἄλλα
2636 726 2860 780 τοιαῦτα
2880 725 3050 779 ὲποίει
3073 725 3248 778 πάντα
3275 723 3340 776 δι’
3365 723 3712 796 αὑτουργίας,

2135 825 2251 879 οὔτι
2279 841 2378 878 που
2409 822 2737 896 αὐτάρκειαν
2769 820 3027 885 ἐπαινῶν,
3059 819 3164 872 οὐδ’
3187 819 3359 882 ἄλλως
3390 819 3553 890 πενίᾳ.

2141 934 2320 988 μενος,
2342 915 2449 970 οὐδ’
2481 914 2685 986 ἀπορίᾳ
2721 912 2942 976 δούλων,
2971 904 3096 980 ᾦγε
3129 911 3371 983 ὑπῆρχον
3402 911 3574 964 δοῦλοι
3596 912 3718 965 ὁπό-

2139 1028 2220 1063 σοι
2252 1009 2402 1078 γοῦν·
2433 1007 2531 1079 τὴν
2559 1007 2614 1060 δὲ
2646 1006 2823 1060 αἰτίαν
2852 1005 3061 1070 ἔξεστιν
3085 1003 3345 1068 εἰκάζειν.
3415 1003 3557 1073 Ἐγὼ
3589 1005 3646 1057 δὲ
3690 1004 3719 1057 ὃ

2139 1102 2453 1173 ὑπεσχόμην
2478 1101 2539 1154 τὸ
2565 1100 2684 1171 ἡδὺ,
2715 1099 3063 1171 διηγήσομαι.
3097 1096 3384 1169 Ταμιεύων
3421 1097 3530 1169 γὰρ
3556 1097 3720 1160 αὐτὸς

2138 1194 2334 1264 ἑαυτῷ,
2365 1194 2464 1264 τὴν
2501 1195 2596 1264 μὲν
2642 1191 2826 1246 κλεῖδα
2883 1190 3200 1262 περιφέρειν
3259 1191 3342 1260 ἐφ’
3370 1191 3563 1244 ἑαυτοῦ
3618 1191 3721 1244 οὐκ

2137 1287 2273 1358 ᾤετο
2293 1287 2422 1340 δεῖν’
2457 1284 2783 1347 ἀποκλείσας
2815 1284 2893 1347 δὲ,
2923 1283 3196 1337 κατετίθει
3255 1284 3351 1355 μὲν
3396 1282 3598 1354 ταύτην
3638 1284 3721 1347 εἰς

2138 1395 2188 1430 τι
2220 1377 2396 1431 κοῖλον
2429 1377 2820 1448 γραμματεῖον.
2883 1373 3274 1445 Σημηνάμενος
3319 1373 3375 1427 δὲ
3426 1373 3720 1444 δακτυλίῳ,

2138 1469 2230 1522 τὸν
2253 1468 2351 1540 μὲν
2382 1467 2664 1521 δακτύλιον
2697 1467 2810 1537 (55)
2865 1466 3153 1519 κατεκύλιε
3181 1465 3270 1519 διὰ
3318 1465 3410 1520 τοῦ
3440 1465 3720 1538 κλείθρου,

2138 1559 2244 1613 ἔσω
2266 1561 2350 1624 ἐίς
2381 1559 2472 1613 τὸν
2498 1555 2642 1614 οἷκον
2670 1558 2895 1630 μεθιεὶς,
2912 1557 3042 1611 ὥσθ’
3061 1557 3308 1630 ὕστερον,
3342 1559 3529 1631 ἐπειδὴ
3555 1559 3725 1612 πάλιν

2139 1649 2306 1702 ἐλθὼν
2334 1649 2562 1715 ἀνοίξειε
2620 1651 2686 1720 τῇ
2720 1648 2907 1712 κλειδὶ,
2943 1649 3320 1720 δυνησόμενος,
3373 1648 3575 1703 ἀνελὼν
3627 1652 3726 1702 τὸν

2139 1741 2442 1807 δακτύλιον,
2467 1738 2624 1806 αὖθις
2683 1741 2779 1813 μὲν
2810 1739 3141 1806 ἀποκλείειν,
3177 1737 3296 1796 εἶτα
3351 1741 3407 1795 δὲ
3450 1743 3722 1814 σημαίνε-

462 1842 623 1898 etiam
640 1845 934 1916 obsignare
953 1854 1156 1916 posset,
1183 1848 1557 1918 annulumque
1583 1849 1746 1902 simul
1777 1865 1871 1919 per
1891 1864 2034 1904 eam-

2140 1834 2283 1896 σθαι,
2317 1829 2434 1886 εἷτα
2461 1834 2505 1888 δ’
2527 1833 2844 1888 ἀναϐάλλειν
2876 1833 3054 1886 ὀπίσω
3086 1833 3244 1888 πάλιν
3265 1833 3371 1887 ἔσω
3395 1835 3489 1887 τὸν
3520 1835 3726 1888 δακτύ-

463 1937 582 1991 dem
623 1953 800 1992 seram
851 1955 1042 1995 rursus
1089 1940 1402 1995 immittere.
1445 1942 1514 1994 At
1557 1941 1771 2006 famuli,
1823 1942 2034 1997 detecto

465 2028 863 2096 heriartificio,
899 2040 1186 2102 postquam
1237 2031 1282 2086 is
1335 2042 1433 2086 aut
1476 2033 1893 2101 inambulatum,
1941 2044 2037 2089 aut

463 2120 571 2174 alio
611 2121 808 2190 quovis
856 2121 1026 2188 ierat,
1062 2122 1197 2178 cella
1229 2121 1388 2179 facile
1421 2134 1660 2180 reserata
1686 2164 1702 2191 ,
1736 2125 1831 2180 ubi
1877 2137 2038 2196 prout

463 2212 806 2279 collibuerat,
843 2215 949 2269 alia
975 2214 1059 2270 vel
1086 2215 1296 2271 edendo
1324 2216 1407 2271 vel
1431 2217 1672 2286 potando
1701 2217 2034 2298 hausissent,

462 2304 566 2358 alia
596 2319 782 2360 secum
829 2306 930 2376 ipsi
969 2314 1362 2377 asportassent,
1395 2307 1582 2364 eadem
1613 2309 1854 2365 vicissim
1881 2310 2036 2368 fact-i-

464 2403 664 2462 tantes,
698 2397 888 2451 cellam
925 2399 1102 2468 primo
1131 2399 1476 2466 claudebant,
1511 2409 1625 2455 tum
1653 2401 2033 2471 obsignabant,

468 2488 611 2543 intro
636 2488 870 2559 denique
899 2491 1162 2545 annulum
1205 2507 1317 2546 non
1345 2493 1465 2547 sine
1499 2493 1738 2548 maximo
1775 2494 1826 2548 in
1855 2482 2034 2565 philo-

465 2581 696 2650 sophum
741 2582 888 2647 risu,
926 2597 1024 2652 per
1071 2599 1206 2639 serae
1247 2583 1490 2640 foramen
1534 2585 1918 2642 immittebant.
1967 2590 2038 2643 At

466 2673 706 2745 Lacydes
735 2689 857 2729 cum
893 2675 1040 2730 cellae
1062 2691 1212 2741 vasa,
1249 2693 1370 2746 quae
1401 2677 1555 2748 plena
1591 2679 1904 2750 reliquerat,
1943 2697 2036 2735 va-

464 2780 565 2820 cua
595 2766 889 2836 reperiret,
925 2783 1124 2838 anceps
1170 2784 1232 2823 ac
1261 2769 1461 2825 dubius
1492 2771 1659 2826 animi
1705 2772 1794 2826 diu
1833 2788 2033 2844 pepen-

465 2857 584 2911 dit:
617 2858 941 2928 tandemque
970 2860 1171 2930 percipi
1209 2862 1707 2933 comprehendique
1750 2865 1920 2930 nihil,
1966 2865 2036 2921 ab

465 2950 704 3006 Arcesila
727 2950 912 3006 doceri
942 2965 1069 3006 cum
1104 2952 1384 3019 aurliisset,
1412 2953 1462 3008 id
1490 2954 1666 3024 ipsum
1698 2971 1819 3012 esse
1858 2957 2036 3012 credi-

464 3042 579 3109 dit,
632 3041 774 3111 quod
809 3042 860 3096 in
899 3057 998 3098 sua
1036 3043 1140 3098 sibi
1176 3059 1320 3114 penu
1366 3060 1469 3100 usu
1509 3046 1777 3102 veniebat.
1821 3047 1916 3102 His
1946 3048 2035 3102 ille

2137 1925 2248 1980 λιον
2270 1926 2357 1980 διὰ
2379 1925 2472 1980 τοῦ
2525 1925 2793 1997 κλείθρου.
2846 1924 3016 1978 Τοῦτο
3045 1921 3139 1979 οὖν
3165 1926 3227 1979 τὸ
3259 1927 3419 1996 σοφὸν
3445 1929 3494 1980 οἰ
3542 1928 3729 1982 δοῦλοι

2138 2020 2590 2090 κατανοήσαντες,
2621 2018 2807 2090 ἐπειδὴ
2838 2018 3017 2090 προῖοι
3054 2018 3305 2090 Λακύδης
3351 2022 3430 2086 εἰς
3483 2022 3728 2093 περίπα-

2136 2129 2247 2174 τον,
2289 2112 2320 2183 ἦ
2350 2113 2470 2165 ὅποι
2491 2112 2702 2175 ἄλλοσε,
2739 2113 2834 2166 καὶ
2855 2113 3006 2166 αὐτοὶ
3037 2111 3345 2180 ἀνοίξαντες
3368 2113 3453 2176 3w,
3482 2115 3728 2169 κᾶπειτα

2137 2203 2210 2266 ὥς
2238 2221 2420 2273 σφισιν
2440 2199 2507 2275 ἦν
2535 2203 2726 2276 θυμὸς,
2759 2205 2827 2258 τὰ
2853 2205 2949 2275 μὲν
2979 2204 3264 2274 φαγόντες,
3313 2206 3380 2257 τὰ
3414 2205 3458 2258 δ’
3491 2207 3726 2276 ἐμπιόν-

2136 2312 2247 2358 τες,
2279 2295 2412 2348 ἄλλα
2435 2297 2490 2348 δὲ
2519 2297 2804 2368 ἀράμενοι,
2837 2299 2901 2350 ἐκ
2957 2297 3201 2370 περιόδου
3251 2297 3421 2352 ταῦτα
3475 2299 3720 2365 ἐποίουν,

2138 2387 2424 2442 ἀπέκλειον
2448 2390 2567 2460 μὲν,
2601 2392 2954 2461 ὲσημαίνοντο
2983 2391 3061 2454 δὲ,
3121 2391 3216 2445 καὶ
3270 2391 3360 2444 τὸν
3413 2391 3721 2456 δακτύλιον,

2140 2479 2309 2534 πολλά
2337 2498 2400 2549 γε
2429 2482 2592 2535 αὐτοῦ
2628 2483 3114 2552 καταγελάσαντες,
3138 2483 3219 2547 είς
3271 2483 3362 2537 τὸν
3419 2478 3568 2537 οἷκον
3631 2484 3726 2539 διὰ

2137 2569 2229 2624 τοῦ
2256 2570 2504 2643 κλείθρου
2531 2573 2783 2642 ἠφίεσαν.
2826 2574 2884 2626 'U
2937 2573 3189 2645 Λακύδης
3234 2569 3348 2638 οὖν,
3397 2574 3579 2647 πλήρη
3623 2575 3726 2646 μὲν

2138 2661 2471 2722 καταλιπὼν,
2501 2662 2632 2716 κενά
2653 2663 2709 2716 δὲ
2740 2663 3127 2735 εὑρισκόμενος
3161 2665 3228 2719 τά
3257 2665 3446 2738 σκεύη,
3498 2667 3730 2738 ἀπορῶν

2136 2748 2212 2819 τῷ
2239 2751 2563 2822 γιγνομένῳ,
2601 2751 2785 2824 ἐπειδὴ
2813 2753 2974 2823 ήκουε
3005 2753 3411 2824 φιλοσοφεῖσθαι
3455 2757 3608 2828 παρά
3643 2758 3728 2828 τῷ

2151 2841 2482 2914 Ἀρκεσιλάῳ
2543 2844 2640 2913 τὴν
2692 2846 3088 2917 ἀκαταληψίαν,
3146 2846 3281 2918 ᾤετο
3337 2847 3492 2902 τοῦτο
3546 2851 3730 2903 ἐκεῖνο

2139 2933 2287 3005 αὐτῷ
2342 2935 2658 3006 συμϐαίνειν
2713 2939 2838 3009 περὶ
2877 2938 2939 2992 τὸ
2971 2941 3241 3010 ταμιεῖον.
3302 2937 3632 3011 Ἀρξάμενός
3660 2956 3726 2992 τε

2138 3025 2309 3092 ἔνθεν,
2335 3027 2641 3098 ἐφιλοσόφει
2671 3031 2822 3100 παρὰ
2848 3030 2926 3101 τῷ
2969 3029 3319 3102 Ἀρκεσιλάῳ,
3377 3030 3543 3102 μηδὲν
3579 3032 3724 3102 μήτε

465 3132 725 3202 auspiciis
755 3133 896 3203 apud
942 3133 1236 3190 Arcesilam
1282 3134 1652 3206 philosophari
1677 3138 1864 3207 erepit,
1901 3139 2034 3193 nihil

2141 3119 2302 3190 όρᾷν,
2333 3121 2470 3190 μήτε
2503 3120 2722 3175 ἀκούειν
2743 3122 2990 3193 ἐναργὲς,
3020 3123 3052 3195 ἦ
3082 3121 3250 3191 ὑγιές.
3287 3122 3394 3176 Καί
3434 3139 3564 3175 ποτε
3593 3125 3720 3175 ἐπι-

466 3238 524 3277 se
553 3222 634 3276 vel
662 3224 969 3292 perspicui,
1008 3224 1092 3278 vel
1120 3226 1236 3278 sani
1261 3266 1274 3287 ,
1306 3241 1403 3281 nec
1430 3226 1611 3282 videre
1642 3244 1908 3297 unquam,
1937 3246 2036 3284 nec

464 3313 673 3368 audire.
733 3312 982 3384 Cumque
1010 3315 1302 3384 aliquando
1348 3331 1378 3370 e
1425 3317 1540 3371 suis
1576 3333 1743 3372 unum
1785 3319 2034 3386 privatim

465 3418 529 3458 ac
571 3405 910 3460 familiariter
950 3407 1276 3472 seduxisset,
1315 3407 1456 3462 hanc
1484 3409 1536 3463 ei
1583 3411 1920 3466 assensionis
1955 3428 2038 3467 re-

465 3494 762 3549 tentionem
811 3498 1082 3566 graviter,
1137 3507 1196 3552 ut
1236 3499 1554 3564 videbatur,
1597 3516 1660 3556 ac
1692 3501 2038 3558 vehementer

465 3589 787 3643 conﬁrmare
809 3589 993 3659 coepit.
1035 3590 1345 3656 Enimvero,
1367 3593 1663 3662 inquiebat,
1695 3594 1799 3650 hoc
1836 3597 1932 3650 tibi
1963 3597 2039 3650 ci-

471 3697 549 3741 tra
590 3687 978 3744 dubitationem
1010 3691 1173 3744 ullam
1202 3693 1559 3760 pronuntiare
1592 3707 1814 3761 possum
1842 3735 1857 3760 ,
1890 3694 2037 3763 quod

466 3779 717 3849 exemplo
761 3779 875 3849 ipse
906 3797 1064 3846 meo,
1110 3798 1217 3836 non
1252 3783 1474 3840 alterius
1510 3785 1834 3854 cujusquam
1871 3801 2037 3857 cxpe-

468 3872 660 3927 ricntia
699 3872 1004 3930 didicerim.
1027 3874 1187 3948 735
1222 3874 1358 3931 Tum
1393 3877 1462 3930 ab
1489 3877 1645 3932 initio
1675 3886 1846 3932 toturn
1887 3880 2037 3934 illum

469 3980 638 4033 penus
663 3979 776 4021 suae
801 3982 990 4021 casum
1025 3969 1350 4038 exponebat.
1398 3969 1538 4037 Quid
1583 3972 1767 4042 igitur,
1822 3973 2040 4044 inquie-

467 4058 581 4122 bat,
623 4058 752 4115 huic
781 4070 1103 4131 argumento
1132 4063 1485 4132 responderet
1510 4061 1679 4130 Zeno,
1730 4068 1874 4121 unde
1906 4067 2038 4121 mihi

467 4159 618 4205 certo
643 4167 708 4206 ac
741 4161 848 4206 tam
878 4164 1063 4224 aperte
1095 4155 1366 4223 constitit,
1398 4158 1603 4228 percipi
1639 4159 1773 4212 nihil
1799 4173 2042 4228 compre-

467 4241 739 4314 hendique
769 4245 969 4313 posse?
997 4243 1130 4300 Nam
1159 4247 1251 4317 qui
1269 4257 1623 4319 posteaquam
1651 4252 1903 4307 manibus
1927 4250 2042 4320 ipse

467 4337 605 4392 meis
639 4338 832 4393 cellam
868 4339 1009 4393 idem
1043 4339 1234 4406 clausi,
1267 4341 1408 4396 idem
1442 4343 1750 4414 obsignavi,
1780 4344 1919 4399 idem
1952 4360 2043 4398 an-

469 4429 654 4484 nulum
699 4429 1005 4496 intromisi,
1042 4447 1295 4489 reversus
1322 4434 1469 4502 inde,
1499 4436 1744 4505 cellaque
1778 4444 2038 4502 reserata,

2141 3211 2485 3284 σπασάμενος
2507 3213 2615 3265 τῶν
2661 3213 3131 3285 προσομιλούντων
3173 3213 3320 3285 αὐτῷ
3340 3231 3459 3266 τινα
3502 3216 3580 3277 είς
3623 3213 3728 3286 τὴν

2137 3303 2361 3367 οἰκείαν,
2397 3305 2701 3376 ἰσχυρίζετο
2725 3307 2860 3377 πρὸς
2885 3306 3047 3361 αὐτὸν
3079 3307 3393 3379 ὑπερφυῶς,
3418 3309 3492 3373 ὡς
3521 3308 3721 3372 ἐδόκει,

2138 3395 2234 3466 τὴν
2265 3397 2487 3468 ἐποχὴν,
2516 3397 2608 3450 καὶ
2641 3397 2765 3470 ἔφη·
2794 3399 2964 3452 Τοῦτο
3017 3400 3115 3470 μὲν
3155 3401 3556 3472 ἀναμφίλεκτον
3610 3403 3728 3470 ὲγὼ

2141 3505 2222 3541 σοι
2248 3489 2354 3558 ἔχω
2383 3489 2609 3558 φράσαι,
2646 3491 2807 3554 αὐτὸς
2841 3493 2934 3546 ἀπ’
2961 3493 3200 3563 ἐμαυτοῦ
3247 3492 3451 3564 μαθὼν,
3497 3495 3596 3548 οὐκ
3625 3496 3725 3550 ἄλ-

2139 3581 2231 3635 λου
2269 3582 2569 3654 πειραθείς.
2626 3584 2876 3640 Κᾶπειτα
2928 3584 3231 3657 ἀρξάμενος
3253 3591 3568 3659 περιηγεῖτο
3621 3587 3726 3660 τὴν

2139 3673 2267 3742 ὅλην
2286 3673 2380 3727 τοῦ
2402 3675 2652 3744 ταμιείου
2689 3677 2972 3748 συμϐᾶσαν
3003 3677 3152 3748 αύτῷ
3173 3677 3368 3748 πάθην.
3399 3679 3463 3731 Τί
3495 3674 3589 3733 οὖν
3617 3680 3683 3734 ἂν
3704 3721 3724 3743 ,

2141 3761 2314 3830 εἶπεν,
2344 3767 2420 3821 ἔτι
2462 3768 2645 3838 Ζήνων
2678 3767 2824 3836 λέγοι
2859 3769 2995 3840 πρὸς
3049 3769 3222 3832 οὕτως
3279 3769 3724 3845 ὁμολογουμένην

2141 3857 2230 3910 διὰ
2262 3859 2476 3911 πάντων
2509 3858 2748 3932 φανεράν
2783 3877 2872 3930 μοι
2924 3861 2980 3913 ὲν
3013 3863 3124 3925 τοῖς
3170 3862 3394 3926 τοιοῖςδε
3445 3865 3722 3938 ἀκαταλη-

2141 3949 2304 4018 ψίαν;
2336 3951 2432 4013 Ὃς
2455 3949 2564 4020 γὰρ
2591 3950 2888 4004 ἀπέκλεισα
2926 3951 3023 4022 μὲν
3054 3955 3174 4015 ταῖς
3220 3953 3457 4023 ἐμαυτοῦ
3499 3957 3718 4027 χερσὶν,

2143 4043 2302 4107 αὐτὸς
2335 4043 2390 4096 δὲ
2411 4044 2797 4115 ἐσημηνάμην,
2846 4045 3006 4109 αὐτὸς
3032 4045 3087 4098 δὲ
3119 4046 3308 4116 ἀφῆκα
3333 4046 3430 4118 μὲν
3472 4048 3603 4101 εἴσω
3630 4049 3724 4102 τὸν

2141 4135 2442 4188 δακτύλιον·
2469 4132 2625 4199 αὖθις
2659 4135 2703 4188 δ’
2732 4136 2901 4190 ἐλθὼν
2926 4135 3162 4204 ἀνοίξας,
3187 4139 3276 4192 τὸν
3310 4141 3407 4212 μὲν
3441 4141 3723 4194 δακτύλιον

2141 4229 2251 4298 ὁρῶ
2281 4227 2447 4293 ἔνδον,
2481 4227 2540 4282 οὐ
2581 4228 2761 4300 μέντοι
2814 4230 2908 4283 καὶ
2929 4229 2996 4283 τὰ
3036 4230 3194 4293 ἄλλα,
3222 4230 3339 4296 πῶς
3393 4233 3454 4286 ού
3500 4233 3723 4297 δικαίως

2144 4320 2512 4383 ἁπιστούντως
2537 4323 2650 4384 τοῖς
2680 4321 2996 4394 πράγμασιν
3021 4321 3161 4389 Egeo;
3205 4324 3278 4377 Οὐ
3329 4324 3438 4396 γὰρ
3469 4325 3721 4397 τολμήσω

2145 4413 2318 4465 εἰπεῖν
2343 4411 2540 4481 ἔγωγε,
2571 4413 2792 4466 ἐλθόντα
2813 4413 2936 4468 τινὰ
2962 4413 3156 4484 κλέψαι
3191 4414 3363 4471 ταῦτα
3384 4417 3720 4490 ὑπάρχοντος

468 4523 619 4579 intus
646 4525 928 4586 annulum
963 4525 1164 4591 modo,
1203 4541 1309 4580 non
1360 4527 1486 4581 item
1520 4536 1712 4582 caatera
1749 4528 2036 4598 reperiam,

2145 4507 2292 4560 ἔνδον
2325 4506 2419 4560 τοῦ
2469 4507 2771 4563 δακτυλίου.
2840 4510 2950 4564 Καὶ
3003 4510 3061 4574 ὃς
3095 4510 3205 4584 ('54)
3241 4512 3474 4596 ἀκούων,
3519 4509 3589 4585 ἦν
3615 4516 3722 4588 γὰρ

467 4631 578 4672 non
605 4615 730 4686 jure
781 4617 1011 4672 obsecro
1043 4617 1205 4672 fidem
1248 4633 1462 4673 omnem
1509 4619 1674 4674 rebus
1718 4620 2044 4675 detraham?

467 4708 578 4766 Nec
617 4711 762 4765 enim
807 4709 1053 4780 profecto
1082 4711 1257 4765 ausim
1287 4711 1470 4767 dicere
1497 4754 1511 4779 ,
1537 4728 1869 4784 quemquam
1901 4713 2044 4768 intro

538 4911 648 4981 (52)
683 4915 1085 4982 Οικονομικος.
1119 4911 1436 4982 Significare
1458 4923 1691 4982 Vtuetur,
1716 4912 1950 4981 aliquem
1977 4926 2044 4968 eo

468 4995 709 5052 tempore
744 4981 1089 5038 notissimum
1123 4981 1323 5049 fuisse,
1349 4998 1507 5052 quem
1546 4981 1654 5036 ἀπὸ
1680 4983 1778 5052 τῆς
1816 4982 2040 5052 ἀκριϐε-

467 5053 661 5124 στέρας
707 5053 1034 5124 οἰκονομίας,
1081 5054 1419 5123 οἰκονομικόν
1464 5054 1626 5123 vulgo
1677 5053 2038 5110 nominarent.

467 5123 718 5208 Laertius
751 5124 818 5178 de
855 5123 1066 5208 bacyde
1117 5133 1332 5208 nostro,
1356 5123 1554 5208 ,τοῦτον
1594 5140 1730 5208 φασι
1774 5124 2044 5208 καὶςπερὶ

465 5194 773 5265 οἰκονομίαν
822 5195 1131 5262 γλυκύτατα
1170 5195 1479 5265 ἐσχηκέναι.
1530 5194 1798 5262 lntcrpres
1841 5194 2042 5265 γλυκύ-

462 5282 623 5326 τατα,
656 5264 981 5333 felicissime,
1016 5266 1266 5319 reddidit.
1293 5264 1433 5330 Quid
1467 5267 1510 5320 si
1549 5264 1905 5333 lepidissime?

537 5335 647 5405 (55)
679 5337 1029 5390 Δακτύλων,
1059 5334 1136 5389 Ne
1174 5336 1326 5390 illum
1371 5346 1466 5391 aut
1510 5337 1703 5390 clavim
1751 5338 2043 5402 amitteret,

466 5406 608 5461 hanc
651 5408 704 5460 in
751 5407 962 5460 occulta
1012 5407 1248 5476 quadam
1301 5408 1482 5462 arcula
1515 5406 1852 5475 deponehat,
1889 5406 2041 5460 illum

465 5491 562 5542 per
609 5493 746 5532 sera:
793 5477 1039 5530 foramen
1086 5478 1225 5530 intra
1277 5479 1468 5532 cellam
1517 5476 1691 5547 ipsam
1737 5478 2040 5532 evolvebat.

467 5547 644 5612 Servi,
683 5557 890 5616 reperta
924 5549 1084 5612 clavi,
1117 5547 1354 5617 sigillum
1403 5548 1762 5611 revellebant,
1797 5555 1908 5599 tum
1958 5563 2044 5601 rc-

468 5630 648 5687 serata
679 5621 868 5687 janua,
897 5617 1168 5686 jacentem
1206 5619 1352 5672 intro
1395 5619 1656 5672 annulum
1686 5617 2040 5686 colligebant;

466 5686 592 5740 inde
628 5689 719 5742 ubi
757 5691 913 5757 genio
949 5688 1243 5743 liberaliter
1271 5689 1643 5753 indulsissent,
1677 5689 1865 5743 clauso
1902 5690 2044 5742 ostio

466 5758 643 5812 simile
688 5761 854 5828 priori
907 5758 1141 5827 sigillum
1180 5759 1594 5828 imprimebant,
1625 5770 1677 5813 et
1713 5759 1914 5813 annulo
1949 5774 2044 5829 per

464 5829 711 5883 eamdem
742 5845 915 5884 seram
957 5831 1227 5895 immisso,
1263 5831 1457 5884 clavim
1499 5845 1596 5885 sua
1656 5831 1711 5885 in
1741 5830 1924 5886 arcula
1959 5845 2043 5883 re-

2145 4598 2428 4671 ύὸριστὴς,
2479 4600 2834 4670 ἐκδεξάμενος
2885 4602 2948 4655 τὸ
2992 4605 3098 4657 πᾶν
3149 4605 3429 4676 οὒς-ἔσχεν
3470 4607 3720 4674 ἀκοῦσαι,

2149 4695 2298 4766 μόλις
2325 4695 2420 4748 καὶ
2445 4694 2704 4766 πρότερον
2731 4695 2922 4750 ἑαυτοῦ
2953 4697 3480 4770 κρατῶν,ἀπέρρηξε
3510 4700 3723 4769 γέλωτα

2147 4914 2432 4986 ponebant.
2475 4912 2667 4975 Porro,
2689 4912 2784 4986 cui
2810 4927 2945 4986 suus
2975 4911 3136 4986 toties
3168 4929 3404 4986 annu.us
3442 4917 3716 4986 imposue-

2145 4993 2252 5044 rat,
2293 4984 2456 5045 idem,
2505 4991 2562 5035 ut
2595 4983 2786 5054 scribit
2810 4982 3087 5039 Plutarch.
3115 4999 3302 5054 opusc.
3335 4985 3411 5039 De
3446 4982 3713 5044 adulator.

2143 5063 2191 5106 et
2223 5054 2380 5127 amici
2401 5052 3131 5127 disbrim.,»C‘ephisocratem
3152 5052 3400 5109 amicum
3429 5057 3484 5110 in
3512 5057 3716 5127 judicio

2147 5124 2562 5193 periclitantem,
2598 5124 2865 5194 subducto
2889 5125 3132 5194 judicqu
3163 5127 3358 5185 oculis,
3414 5124 3590 5194 ipsius
3623 5145 3718 5183 an-

2148 5195 2276 5267 nulo
2306 5195 2570 5267 liberavit.
2602 5193 3065 5267 Toﬁ‘xat'qydpou,
3097 5197 3292 5264 inquit,
3323 5199 3412 5250 τὸν
3437 5193 3720 5252 δακτύλιον

2146 5266 2500 5352 αίτήσαενςεσς,Δ
2519 5265 2546 5318 ὁ
2576 5265 2671 5352 ait;
2706 5264 2888 5352 (ιριιῇ
2905 5264 3079 5348 ἡσυχῆ
3107 5267 3518 5352 παρακαθῆκεν·
3549 5269 3721 5352 αἰσθό-

2147 5352 2307 5426 μενρς
2331 5335 2446 5426 ‘6
2474 5335 2934 5426 Λακύδηςὲπέόη
2957 5335 3039 5426 τὲ
3070 5335 3228 5426 e953,
3253 5337 3346 5426 καὶ
3386 5335 3719 5426 ἐπέκρυψεν·

2145 5405 2353 5480 ἦνηδὲίὸ
2380 5405 2596 5480 ἐλεγχος
2630 5407 2686 5456 ὲν
2727 5405 2939 5480 ἐκείνῳ.
2984 5407 3140 5480 Μετὰ
3176 5408 3233 5460 δὲ
3266 5408 3362 5480 τὴν
3401 5405 3721 5480 ἁπόςρευξιν,

2146 5475 2238 5532 τοῦ
2269 5475 2720 5548 Κηφισοκράτους
2763 5475 3102 5548 δεξιουμένου
3151 5480 3276 5542 τοὺς
3316 5475 3723 5545 δικαστάςμεῐς

2145 5568 2256 5615 τις,
2283 5547 2384 5620 ,ᾡς
2438 5546 2630 5620 ἔοικεν,
2680 5546 2954 5620 ἑωρακὼς
2989 5549 3050 5602 τὸ
3093 5551 3380 5620 γενόμενον
3407 5589 3420 5610 ,
3466 5550 3721 5605 ἐκέλευσε

2146 5617 2363 5689 Λακύδῃ
2398 5619 2552 5689 χάριν
2582 5617 2867 5691 ξχεινίκαὶ
2906 5619 2966 5672 τὸ
2999 5617 3233 5690 πρᾶγμα
3269 5619 3580 5691 διηγήσατο,
3613 5623 3722 5680 Λα-

2147 5691 2305 5744 κύδου
2335 5687 2482 5760 πρὸς
2501 5687 2702 5757 μηδένα
2731 5687 3046 5760 φράσαντος.

2223 5761 2332 5831 (5i)
2362 5758 2519 5814 Forte
2551 5762 2596 5813 ὁ.
