  <div class='ocr_page' id='page_1' title='image "/cluster/home/n/w/nwhite01/storage/ocr_20150623/21/hvd.32044073501165/619.png"; bbox 0 0 4090 6382; ppageno 0'>
   <div class='ocr_carea' id='block_1_1' title="bbox 482 346 611 403">
    <p class='ocr_par' dir='ltr' id='par_1_1' title="bbox 482 346 611 403">
     <span class='ocr_line' id='line_1_1' title="bbox 482 346 611 403; baseline 0 0"><span class='ocrx_word' id='word_1_1' title='bbox 482 346 611 403; x_wconf 60' lang='lat' dir='ltr'><strong>liii</strong></span> 
     </span>
    </p>
   </div>
   <div class='ocr_carea' id='block_1_2' title="bbox 1111 332 3047 402">
    <p class='ocr_par' dir='ltr' id='par_1_2' title="bbox 1111 332 3047 402">
     <span class='ocr_line' id='line_1_2' title="bbox 1111 332 3047 402; baseline -0.007 -2"><span class='ocrx_word' id='word_1_2' title='bbox 1111 344 1381 402; x_wconf 77' lang='lat' dir='ltr'><strong>EUSEBII</strong></span> <span class='ocrx_word' id='word_1_3' title='bbox 1422 340 1899 398; x_wconf 61' lang='lat' dir='ltr'><strong>CzESARlENSIS</strong></span> <span class='ocrx_word' id='word_1_4' title='bbox 1934 338 2083 391; x_wconf 80' lang='lat' dir='ltr'><strong>OPP.</strong></span> <span class='ocrx_word' id='word_1_5' title='bbox 2126 338 2306 392; x_wconf 80' lang='lat' dir='ltr'><strong>PARS</strong></span> <span class='ocrx_word' id='word_1_6' title='bbox 2348 337 2410 391; x_wconf 91' lang='lat' dir='ltr'><strong>ll.</strong></span> <span class='ocrx_word' id='word_1_7' title='bbox 2448 367 2514 376; x_wconf 97' lang='lat'><strong>—</strong></span> <span class='ocrx_word' id='word_1_8' title='bbox 2548 332 3047 391; x_wconf 65' lang='lat' dir='ltr'><strong>APOLOGETICA.</strong></span> 
     </span>
    </p>
   </div>
   <div class='ocr_carea' id='block_1_3' title="bbox 3593 328 3740 385">
    <p class='ocr_par' dir='ltr' id='par_1_3' title="bbox 3593 328 3740 385">
     <span class='ocr_line' id='line_1_3' title="bbox 3593 328 3740 385; baseline -0.014 0"><span class='ocrx_word' id='word_1_9' title='bbox 3593 328 3740 385; x_wconf 70' lang='lat' dir='ltr'><strong>i212</strong></span> 
     </span>
    </p>
   </div>
   <div class='ocr_carea' id='block_1_4' title="bbox 479 444 2070 537">
    <p class='ocr_par' dir='ltr' id='par_1_4' title="bbox 479 458 2045 537">
     <span class='ocr_line' id='line_1_4' title="bbox 479 458 2045 537; baseline -0.006 -19"><span class='ocrx_word' id='word_1_10' title='bbox 479 469 826 537; x_wconf 78' lang='lat' dir='ltr'><strong>obsignatum</strong></span> <span class='ocrx_word' id='word_1_11' title='bbox 856 466 1033 519; x_wconf 92' lang='lat' dir='ltr'><strong>locum</strong></span> <span class='ocrx_word' id='word_1_12' title='bbox 1066 479 1172 518; x_wconf 89' lang='lat' dir='ltr'><strong>non</strong></span> <span class='ocrx_word' id='word_1_13' title='bbox 1205 461 1394 517; x_wconf 87' lang='lat' dir='ltr'><strong>fuisse.</strong></span> <span class='ocrx_word' id='word_1_14' title='bbox 1440 460 1571 524; x_wconf 89' lang='lat' dir='ltr'><strong>lmo,</strong></span> <span class='ocrx_word' id='word_1_15' title='bbox 1592 458 1891 528; x_wconf 79' lang='lat' dir='ltr'><strong>inquiebat,</strong></span> <span class='ocrx_word' id='word_1_16' title='bbox 1922 471 2045 523; x_wconf 75' lang='lat' dir='ltr'><strong>eum</strong></span> 
     </span>
    </p>
   </div>
   <div class='ocr_carea' id='block_1_5' title="bbox 2173 444 3740 537">
    <p class='ocr_par' dir='ltr' id='par_1_5' title="bbox 2173 444 3740 523">
     <span class='ocr_line' id='line_1_5' title="bbox 2173 444 3740 523; baseline -0.006 -16"><span class='ocrx_word' id='word_1_17' title='bbox 2173 454 2315 507; x_wconf 78' lang='grc' dir='ltr'>ιὺτοῦ</span> <span class='ocrx_word' id='word_1_18' title='bbox 2352 454 2487 523; x_wconf 76' lang='grc' dir='ltr'>πρὸς</span> <span class='ocrx_word' id='word_1_19' title='bbox 2544 454 2668 515; x_wconf 80' lang='grc' dir='ltr'>τοὺς</span> <span class='ocrx_word' id='word_1_20' title='bbox 2704 450 2908 520; x_wconf 88' lang='grc' dir='ltr'>φίλους.</span> <span class='ocrx_word' id='word_1_21' title='bbox 2954 448 3059 501; x_wconf 76' lang='grc' dir='ltr'><strong>Τοῦ</strong></span> <span class='ocrx_word' id='word_1_22' title='bbox 3113 448 3156 500; x_wconf 74' lang='grc' dir='ltr'>δ’</span> <span class='ocrx_word' id='word_1_23' title='bbox 3180 446 3608 515; x_wconf 65' lang='grc' dir='ltr'>ἀναστρέφοντος</span> <span class='ocrx_word' id='word_1_24' title='bbox 3637 444 3740 498; x_wconf 77' lang='grc' dir='ltr'><strong>αὑ-</strong></span> 
     </span>
    </p>
   </div>
   <div class='ocr_carea' id='block_1_6' title="bbox 481 547 2049 627">
    <p class='ocr_par' dir='ltr' id='par_1_6' title="bbox 481 547 2049 627">
     <span class='ocr_line' id='line_1_6' title="bbox 481 547 2049 627; baseline -0.007 -15"><span class='ocrx_word' id='word_1_25' title='bbox 481 558 774 627; x_wconf 79' lang='lat' dir='ltr'><strong>obSIgnare</strong></span> <span class='ocrx_word' id='word_1_26' title='bbox 802 572 886 611; x_wconf 90' lang='lat' dir='ltr'><strong>me</strong></span> <span class='ocrx_word' id='word_1_27' title='bbox 915 554 1113 625; x_wconf 89' lang='lat' dir='ltr'><strong>oppido</strong></span> <span class='ocrx_word' id='word_1_28' title='bbox 1146 552 1389 609; x_wconf 85' lang='lat' dir='ltr'><strong>memini,</strong></span> <span class='ocrx_word' id='word_1_29' title='bbox 1425 550 1697 618; x_wconf 83' lang='lat' dir='ltr'><strong>simulque</strong></span> <span class='ocrx_word' id='word_1_30' title='bbox 1741 564 1854 601; x_wconf 89' lang='lat' dir='ltr'><strong>rem</strong></span> <span class='ocrx_word' id='word_1_31' title='bbox 1891 547 2049 618; x_wconf 84' lang='lat' dir='ltr'><strong>longa</strong></span> 
     </span>
    </p>
   </div>
   <div class='ocr_carea' id='block_1_7' title="bbox 482 641 2050 709">
    <p class='ocr_par' dir='ltr' id='par_1_7' title="bbox 482 641 2050 709">
     <span class='ocr_line' id='line_1_7' title="bbox 482 641 2050 709; baseline -0.008 -5"><span class='ocrx_word' id='word_1_32' title='bbox 482 650 729 704; x_wconf 87' lang='lat' dir='ltr'><strong>oratione</strong></span> <span class='ocrx_word' id='word_1_33' title='bbox 760 646 1189 709; x_wconf 91' lang='lat' dir='ltr'><strong>demonstrabat,</strong></span> <span class='ocrx_word' id='word_1_34' title='bbox 1224 659 1288 698; x_wconf 93' lang='lat' dir='ltr'><strong>ac</strong></span> <span class='ocrx_word' id='word_1_35' title='bbox 1321 658 1442 697; x_wconf 79' lang='lat' dir='ltr'><strong>sese</strong></span> <span class='ocrx_word' id='word_1_36' title='bbox 1477 642 1629 695; x_wconf 82' lang='lat' dir='ltr'><strong>illudi</strong></span> <span class='ocrx_word' id='word_1_37' title='bbox 1661 641 1921 704; x_wconf 89' lang='lat' dir='ltr'><strong>sentiens,</strong></span> <span class='ocrx_word' id='word_1_38' title='bbox 1966 641 2050 693; x_wconf 90' lang='lat' dir='ltr'><strong>in-</strong></span> 
     </span>
    </p>
   </div>
   <div class='ocr_carea' id='block_1_8' title="bbox 485 733 2054 809">
    <p class='ocr_par' dir='ltr' id='par_1_8' title="bbox 485 733 2054 809">
     <span class='ocr_line' id='line_1_8' title="bbox 485 733 2054 809; baseline -0.006 -16"><span class='ocrx_word' id='word_1_39' title='bbox 485 741 747 809; x_wconf 84' lang='lat' dir='ltr'><strong>terposito</strong></span> <span class='ocrx_word' id='word_1_40' title='bbox 793 739 953 793; x_wconf 88' lang='lat' dir='ltr'><strong>etiam</strong></span> <span class='ocrx_word' id='word_1_41' title='bbox 978 734 1373 807; x_wconf 89' lang='lat' dir='ltr'><strong>jurejurando,</strong></span> <span class='ocrx_word' id='word_1_42' title='bbox 1418 733 1793 787; x_wconf 78' lang='lat' dir='ltr'><strong>vehementius</strong></span> <span class='ocrx_word' id='word_1_43' title='bbox 1823 744 2054 801; x_wconf 78' lang='lat' dir='ltr'><strong>exagge-</strong></span> 
     </span>
    </p>
   </div>
   <div class='ocr_carea' id='block_1_9' title="bbox 486 824 2055 899">
    <p class='ocr_par' dir='ltr' id='par_1_9' title="bbox 486 824 2055 899">
     <span class='ocr_line' id='line_1_9' title="bbox 486 824 2055 899; baseline -0.006 -13"><span class='ocrx_word' id='word_1_44' title='bbox 486 835 660 888; x_wconf 87' lang='lat' dir='ltr'><strong>rabat.</strong></span> <span class='ocrx_word' id='word_1_45' title='bbox 705 833 856 898; x_wconf 84' lang='lat' dir='ltr'><strong>Quos</strong></span> <span class='ocrx_word' id='word_1_46' title='bbox 897 830 1134 885; x_wconf 85' lang='lat' dir='ltr'><strong>hominis</strong></span> <span class='ocrx_word' id='word_1_47' title='bbox 1174 830 1408 899; x_wconf 86' lang='lat' dir='ltr'><strong>impetus</strong></span> <span class='ocrx_word' id='word_1_48' title='bbox 1462 826 1532 880; x_wconf 93' lang='lat' dir='ltr'><strong>ita</strong></span> <span class='ocrx_word' id='word_1_49' title='bbox 1579 824 1941 894; x_wconf 82' lang='lat' dir='ltr'><strong>excipiebant,</strong></span> <span class='ocrx_word' id='word_1_50' title='bbox 1995 831 2055 877; x_wconf 92' lang='lat' dir='ltr'><strong>ut</strong></span> 
     </span>
    </p>
   </div>
   <div class='ocr_carea' id='block_1_10' title="bbox 487 918 2052 993">
    <p class='ocr_par' dir='ltr' id='par_1_10' title="bbox 487 918 2052 993">
     <span class='ocr_line' id='line_1_10' title="bbox 487 918 2052 993; baseline -0.006 -12"><span class='ocrx_word' id='word_1_51' title='bbox 487 942 612 981; x_wconf 84' lang='lat' dir='ltr'><strong>cum</strong></span> <span class='ocrx_word' id='word_1_52' title='bbox 648 926 809 980; x_wconf 87' lang='lat' dir='ltr'><strong>etiam</strong></span> <span class='ocrx_word' id='word_1_53' title='bbox 855 923 1026 993; x_wconf 87' lang='lat' dir='ltr'><strong>jocari</strong></span> <span class='ocrx_word' id='word_1_54' title='bbox 1078 938 1263 977; x_wconf 88' lang='lat' dir='ltr'><strong>secum</strong></span> <span class='ocrx_word' id='word_1_55' title='bbox 1303 936 1366 974; x_wconf 88' lang='lat' dir='ltr'><strong>ac</strong></span> <span class='ocrx_word' id='word_1_56' title='bbox 1397 919 1581 973; x_wconf 90' lang='lat' dir='ltr'><strong>ludere</strong></span> <span class='ocrx_word' id='word_1_57' title='bbox 1618 919 1719 974; x_wconf 82' lang='lat' dir='ltr'><strong>sibi</strong></span> <span class='ocrx_word' id='word_1_58' title='bbox 1757 918 2052 989; x_wconf 83' lang='lat' dir='ltr'><strong>persuade—</strong></span> 
     </span>
    </p>
   </div>
   <div class='ocr_carea' id='block_1_11' title="bbox 486 1009 2054 1088">
    <p class='ocr_par' dir='ltr' id='par_1_11' title="bbox 486 1009 2054 1088">
     <span class='ocr_line' id='line_1_11' title="bbox 486 1009 2054 1088; baseline -0.006 -16"><span class='ocrx_word' id='word_1_59' title='bbox 486 1027 630 1083; x_wconf 92' lang='lat' dir='ltr'><strong>rent,</strong></span> <span class='ocrx_word' id='word_1_60' title='bbox 656 1034 723 1072; x_wconf 81' lang='lat' dir='ltr'><strong>ex</strong></span> <span class='ocrx_word' id='word_1_61' title='bbox 746 1032 854 1088; x_wconf 91' lang='lat' dir='ltr'><strong>quo</strong></span> <span class='ocrx_word' id='word_1_62' title='bbox 878 1016 1109 1085; x_wconf 88' lang='lat' dir='ltr'><strong>sapienti</strong></span> <span class='ocrx_word' id='word_1_63' title='bbox 1149 1012 1347 1083; x_wconf 84' lang='lat' dir='ltr'><strong>Lacydi</strong></span> <span class='ocrx_word' id='word_1_64' title='bbox 1380 1012 1556 1065; x_wconf 83' lang='lat' dir='ltr'><strong>visum</strong></span> <span class='ocrx_word' id='word_1_65' title='bbox 1585 1021 1747 1076; x_wconf 87' lang='lat' dir='ltr'><strong>esset,</strong></span> <span class='ocrx_word' id='word_1_66' title='bbox 1782 1010 1917 1063; x_wconf 85' lang='lat' dir='ltr'><strong>nihil</strong></span> <span class='ocrx_word' id='word_1_67' title='bbox 1952 1009 2054 1063; x_wconf 92' lang='lat' dir='ltr'><strong>sibi</strong></span> 
     </span>
    </p>
   </div>
   <div class='ocr_carea' id='block_1_12' title="bbox 491 1100 2054 1177">
    <p class='ocr_par' dir='ltr' id='par_1_12' title="bbox 491 1100 2054 1177">
     <span class='ocr_line' id='line_1_12' title="bbox 491 1100 2054 1177; baseline -0.006 -15"><span class='ocrx_word' id='word_1_68' title='bbox 491 1124 592 1163; x_wconf 89' lang='lat' dir='ltr'><strong>nec</strong></span> <span class='ocrx_word' id='word_1_69' title='bbox 615 1107 891 1177; x_wconf 86' lang='lat' dir='ltr'><strong>Opinionis</strong></span> <span class='ocrx_word' id='word_1_70' title='bbox 918 1105 1244 1174; x_wconf 87' lang='lat' dir='ltr'><strong>relinquere,</strong></span> <span class='ocrx_word' id='word_1_71' title='bbox 1269 1118 1365 1157; x_wconf 90' lang='lat' dir='ltr'><strong>nec</strong></span> <span class='ocrx_word' id='word_1_72' title='bbox 1398 1102 1672 1155; x_wconf 56' lang='lat' dir='ltr'><strong>memoria:</strong></span> <span class='ocrx_word' id='word_1_73' title='bbox 1695 1120 1709 1156; x_wconf 90' lang='lat'><strong>:</strong></span> <span class='ocrx_word' id='word_1_74' title='bbox 1737 1100 2054 1155; x_wconf 88' lang='lat' dir='ltr'><strong>memoriam</strong></span> 
     </span>
    </p>
   </div>
   <div class='ocr_carea' id='block_1_13' title="bbox 490 1193 2059 1272">
    <p class='ocr_par' dir='ltr' id='par_1_13' title="bbox 490 1193 2059 1272">
     <span class='ocr_line' id='line_1_13' title="bbox 490 1193 2059 1272; baseline -0.004 -18"><span class='ocrx_word' id='word_1_75' title='bbox 490 1200 691 1272; x_wconf 85' lang='lat' dir='ltr'><strong>quippe</strong></span> <span class='ocrx_word' id='word_1_76' title='bbox 740 1197 1052 1267; x_wconf 83' lang='lat' dir='ltr'><strong>opinionem</strong></span> <span class='ocrx_word' id='word_1_77' title='bbox 1104 1197 1395 1266; x_wconf 88' lang='lat' dir='ltr'><strong>quamdam</strong></span> <span class='ocrx_word' id='word_1_78' title='bbox 1443 1210 1600 1261; x_wconf 78' lang='lat' dir='ltr'><strong>esse;</strong></span> <span class='ocrx_word' id='word_1_79' title='bbox 1661 1194 1823 1264; x_wconf 79' lang='lat'><strong>736</strong></span> <span class='ocrx_word' id='word_1_80' title='bbox 1874 1193 1959 1257; x_wconf 90' lang='lat' dir='ltr'><strong>id,</strong></span> <span class='ocrx_word' id='word_1_81' title='bbox 2001 1208 2059 1248; x_wconf 89' lang='lat' dir='ltr'><strong>se</strong></span> 
     </span>
    </p>
   </div>
   <div class='ocr_carea' id='block_1_14' title="bbox 490 1286 2056 1361">
    <p class='ocr_par' dir='ltr' id='par_1_14' title="bbox 490 1286 2056 1361">
     <span class='ocr_line' id='line_1_14' title="bbox 490 1286 2056 1361; baseline -0.003 -17"><span class='ocrx_word' id='word_1_82' title='bbox 490 1292 707 1361; x_wconf 84' lang='lat' dir='ltr'><strong>quidem</strong></span> <span class='ocrx_word' id='word_1_83' title='bbox 755 1290 1138 1353; x_wconf 85' lang='lat' dir='ltr'><strong>audientibus,</strong></span> <span class='ocrx_word' id='word_1_84' title='bbox 1190 1291 1257 1342; x_wconf 88' lang='lat' dir='ltr'><strong>ab</strong></span> <span class='ocrx_word' id='word_1_85' title='bbox 1304 1305 1369 1343; x_wconf 88' lang='lat' dir='ltr'><strong>eo</strong></span> <span class='ocrx_word' id='word_1_86' title='bbox 1415 1303 1590 1357; x_wconf 85' lang='lat' dir='ltr'><strong>nuper</strong></span> <span class='ocrx_word' id='word_1_87' title='bbox 1634 1286 1957 1357; x_wconf 89' lang='lat' dir='ltr'><strong>quibusdam</strong></span> <span class='ocrx_word' id='word_1_88' title='bbox 1993 1302 2056 1340; x_wconf 76' lang='lat' dir='ltr'><strong>ex</strong></span> 
     </span>
    </p>
   </div>
   <div class='ocr_carea' id='block_1_15' title="bbox 492 1378 2058 1449">
    <p class='ocr_par' dir='ltr' id='par_1_15' title="bbox 492 1378 2058 1449">
     <span class='ocr_line' id='line_1_15' title="bbox 492 1378 2058 1449; baseline -0.003 -12"><span class='ocrx_word' id='word_1_89' title='bbox 492 1381 683 1437; x_wconf 80' lang='lat' dir='ltr'><strong>amicis</strong></span> <span class='ocrx_word' id='word_1_90' title='bbox 717 1382 1096 1434; x_wconf 83' lang='lat' dir='ltr'><strong>conﬁrmatum</strong></span> <span class='ocrx_word' id='word_1_91' title='bbox 1131 1379 1315 1434; x_wconf 89' lang='lat' dir='ltr'><strong>fuisse.</strong></span> <span class='ocrx_word' id='word_1_92' title='bbox 1378 1378 1484 1434; x_wconf 82' lang='lat' dir='ltr'><strong>llas</strong></span> <span class='ocrx_word' id='word_1_93' title='bbox 1513 1380 1600 1433; x_wconf 92' lang='lat' dir='ltr'><strong>ille</strong></span> <span class='ocrx_word' id='word_1_94' title='bbox 1624 1379 1908 1449; x_wconf 87' lang='lat' dir='ltr'><strong>petitiones</strong></span> <span class='ocrx_word' id='word_1_95' title='bbox 1933 1394 2058 1433; x_wconf 90' lang='lat' dir='ltr'><strong>cum</strong></span> 
     </span>
    </p>
   </div>
   <div class='ocr_carea' id='block_1_16' title="bbox 497 1472 2063 1541">
    <p class='ocr_par' dir='ltr' id='par_1_16' title="bbox 497 1472 2063 1541">
     <span class='ocr_line' id='line_1_16' title="bbox 497 1472 2063 1541; baseline -0.001 -13"><span class='ocrx_word' id='word_1_96' title='bbox 497 1474 572 1528; x_wconf 90' lang='lat' dir='ltr'><strong>ita</strong></span> <span class='ocrx_word' id='word_1_97' title='bbox 602 1472 957 1533; x_wconf 76' lang='lat' dir='ltr'><strong>refutat&#39;ct.ut</strong></span> <span class='ocrx_word' id='word_1_98' title='bbox 982 1474 1088 1526; x_wconf 90' lang='lat' dir='ltr'><strong>alia</strong></span> <span class='ocrx_word' id='word_1_99' title='bbox 1121 1488 1280 1541; x_wconf 91' lang='lat' dir='ltr'><strong>quam</strong></span> <span class='ocrx_word' id='word_1_100' title='bbox 1308 1472 1614 1527; x_wconf 72' lang='lat' dir='ltr'><strong>Academici</strong></span> <span class='ocrx_word' id='word_1_101' title='bbox 1650 1472 1859 1526; x_wconf 89' lang='lat' dir='ltr'><strong>soleant</strong></span> <span class='ocrx_word' id='word_1_102' title='bbox 1880 1472 2063 1527; x_wconf 83' lang='lat' dir='ltr'><strong>omnia</strong></span> 
     </span>
    </p>
   </div>
   <div class='ocr_carea' id='block_1_17' title="bbox 494 1561 2065 1634">
    <p class='ocr_par' dir='ltr' id='par_1_17' title="bbox 494 1561 2065 1634">
     <span class='ocr_line' id='line_1_17' title="bbox 494 1561 2065 1634; baseline -0.001 -18"><span class='ocrx_word' id='word_1_103' title='bbox 494 1573 800 1634; x_wconf 68' lang='lat' dir='ltr'><strong>reponeret,</strong></span> <span class='ocrx_word' id='word_1_104' title='bbox 849 1562 991 1617; x_wconf 91' lang='lat' dir='ltr'><strong>servi</strong></span> <span class='ocrx_word' id='word_1_105' title='bbox 1043 1563 1286 1617; x_wconf 87' lang='lat' dir='ltr'><strong>Stoicum</strong></span> <span class='ocrx_word' id='word_1_106' title='bbox 1325 1564 1561 1631; x_wconf 91' lang='lat' dir='ltr'><strong>aliquem</strong></span> <span class='ocrx_word' id='word_1_107' title='bbox 1603 1561 1882 1628; x_wconf 87' lang='lat' dir='ltr'><strong>adeuntes,</strong></span> <span class='ocrx_word' id='word_1_108' title='bbox 1935 1562 2065 1632; x_wconf 91' lang='lat' dir='ltr'><strong>quid</strong></span> 
     </span>
    </p>
   </div>
   <div class='ocr_carea' id='block_1_18' title="bbox 496 1652 2065 1722">
    <p class='ocr_par' dir='ltr' id='par_1_18' title="bbox 496 1652 2065 1722">
     <span class='ocr_line' id='line_1_18' title="bbox 496 1652 2065 1722; baseline -0.003 -11"><span class='ocrx_word' id='word_1_109' title='bbox 496 1658 599 1711; x_wconf 88' lang='lat' dir='ltr'><strong>sibi</strong></span> <span class='ocrx_word' id='word_1_110' title='bbox 649 1656 937 1711; x_wconf 87' lang='lat' dir='ltr'><strong>dicendum</strong></span> <span class='ocrx_word' id='word_1_111' title='bbox 981 1654 1120 1709; x_wconf 85' lang='lat' dir='ltr'><strong>foret</strong></span> <span class='ocrx_word' id='word_1_112' title='bbox 1153 1670 1219 1708; x_wconf 82' lang='lat' dir='ltr'><strong>ex</strong></span> <span class='ocrx_word' id='word_1_113' title='bbox 1264 1670 1328 1707; x_wconf 90' lang='lat' dir='ltr'><strong>eo</strong></span> <span class='ocrx_word' id='word_1_114' title='bbox 1357 1653 1640 1708; x_wconf 86' lang='lat' dir='ltr'><strong>discebant</strong></span> <span class='ocrx_word' id='word_1_115' title='bbox 1690 1668 1705 1707; x_wconf 90' lang='lat'><strong>:</strong></span> <span class='ocrx_word' id='word_1_116' title='bbox 1747 1660 1911 1722; x_wconf 88' lang='lat' dir='ltr'><strong>atque</strong></span> <span class='ocrx_word' id='word_1_117' title='bbox 1942 1652 2065 1707; x_wconf 88' lang='lat' dir='ltr'><strong>inde</strong></span> 
     </span>
    </p>
   </div>
   <div class='ocr_carea' id='block_1_19' title="bbox 496 1743 2067 1816">
    <p class='ocr_par' dir='ltr' id='par_1_19' title="bbox 496 1743 2067 1816">
     <span class='ocr_line' id='line_1_19' title="bbox 496 1743 2067 1816; baseline -0.003 -17"><span class='ocrx_word' id='word_1_118' title='bbox 496 1747 631 1813; x_wconf 90' lang='lat' dir='ltr'><strong>orsi,</strong></span> <span class='ocrx_word' id='word_1_119' title='bbox 668 1746 911 1816; x_wconf 83' lang='lat' dir='ltr'><strong>argutias</strong></span> <span class='ocrx_word' id='word_1_120' title='bbox 958 1745 1190 1816; x_wconf 83' lang='lat' dir='ltr'><strong>argutiis</strong></span> <span class='ocrx_word' id='word_1_121' title='bbox 1232 1744 1469 1806; x_wconf 89' lang='lat' dir='ltr'><strong>eludere,</strong></span> <span class='ocrx_word' id='word_1_122' title='bbox 1521 1743 1734 1812; x_wconf 90' lang='lat' dir='ltr'><strong>artique</strong></span> <span class='ocrx_word' id='word_1_123' title='bbox 1764 1752 1935 1797; x_wconf 86' lang='lat' dir='ltr'><strong>artem</strong></span> <span class='ocrx_word' id='word_1_124' title='bbox 1971 1758 2067 1811; x_wconf 86' lang='lat' dir='ltr'><strong>op—</strong></span> 
     </span>
    </p>
   </div>
   <div class='ocr_carea' id='block_1_20' title="bbox 2154 535 3740 611">
    <p class='ocr_par' dir='ltr' id='par_1_20' title="bbox 2154 535 3740 611">
     <span class='ocr_line' id='line_1_20' title="bbox 2154 535 3740 611; baseline -0.005 -16"><span class='ocrx_word' id='word_1_125' title='bbox 2154 544 2264 605; x_wconf 90' lang='grc' dir='ltr'>τοῖς</span> <span class='ocrx_word' id='word_1_126' title='bbox 2294 542 2389 605; x_wconf 84' lang='grc' dir='ltr'>τὰς</span> <span class='ocrx_word' id='word_1_127' title='bbox 2412 542 2804 611; x_wconf 86' lang='grc' dir='ltr'>ἐπιχειρήσεις,</span> <span class='ocrx_word' id='word_1_128' title='bbox 2822 538 2915 592; x_wconf 72' lang='grc' dir='ltr'>καὶ</span> <span class='ocrx_word' id='word_1_129' title='bbox 2930 537 3179 606; x_wconf 84' lang='grc' dir='ltr'>λέγοντος</span> <span class='ocrx_word' id='word_1_130' title='bbox 3197 538 3297 589; x_wconf 73' lang='grc' dir='ltr'><strong>οὐκ</strong></span> <span class='ocrx_word' id='word_1_131' title='bbox 3334 535 3740 605; x_wconf 75' lang='grc' dir='ltr'>Ἀκαδημαϊκά,</span> 
     </span>
    </p>
   </div>
   <div class='ocr_carea' id='block_1_21' title="bbox 2154 627 3742 704">
    <p class='ocr_par' dir='ltr' id='par_1_21' title="bbox 2154 627 3742 704">
     <span class='ocr_line' id='line_1_21' title="bbox 2154 627 3742 704; baseline -0.004 -16"><span class='ocrx_word' id='word_1_132' title='bbox 2154 636 2324 697; x_wconf 72' lang='grc' dir='ltr'>αὐτοὶ,</span> <span class='ocrx_word' id='word_1_133' title='bbox 2359 636 2648 704; x_wconf 81' lang='grc' dir='ltr'><strong>φοιτῶντες</strong></span> <span class='ocrx_word' id='word_1_134' title='bbox 2685 633 2763 695; x_wconf 91' lang='grc' dir='ltr'><strong>είς</strong></span> <span class='ocrx_word' id='word_1_135' title='bbox 2797 630 3055 683; x_wconf 83' lang='grc' dir='ltr'><strong>Στωϊκῶν</strong></span> <span class='ocrx_word' id='word_1_136' title='bbox 3084 647 3246 693; x_wconf 86' lang='grc' dir='ltr'>τινος,</span> <span class='ocrx_word' id='word_1_137' title='bbox 3273 627 3339 681; x_wconf 82' lang='grc' dir='ltr'><strong>τά</strong></span> <span class='ocrx_word' id='word_1_138' title='bbox 3372 628 3568 680; x_wconf 81' lang='grc' dir='ltr'>λεκτέα</span> <span class='ocrx_word' id='word_1_139' title='bbox 3613 629 3742 681; x_wconf 73' lang='grc' dir='ltr'>ἐαυε-</span> 
     </span>
    </p>
   </div>
   <div class='ocr_carea' id='block_1_22' title="bbox 2154 720 3740 798">
    <p class='ocr_par' dir='ltr' id='par_1_22' title="bbox 2154 720 3740 798">
     <span class='ocr_line' id='line_1_22' title="bbox 2154 720 3740 798; baseline -0.007 -17"><span class='ocrx_word' id='word_1_140' title='bbox 2154 731 2263 791; x_wconf 89' lang='grc' dir='ltr'>τοῖς</span> <span class='ocrx_word' id='word_1_141' title='bbox 2282 727 2668 798; x_wconf 82' lang='grc' dir='ltr'>ἀνεμάνθανον’</span> <span class='ocrx_word' id='word_1_142' title='bbox 2688 725 2937 779; x_wconf 82' lang='grc' dir='ltr'>κάκεῖθεν</span> <span class='ocrx_word' id='word_1_143' title='bbox 2954 722 3247 794; x_wconf 75' lang='grc' dir='ltr'>ἀρξάμενοι</span> <span class='ocrx_word' id='word_1_144' title='bbox 3268 720 3740 789; x_wconf 81' lang='grc' dir='ltr'>ἀντεσοφίστευον,</span> 
     </span>
    </p>
   </div>
   <div class='ocr_carea' id='block_1_23' title="bbox 2156 812 3744 891">
    <p class='ocr_par' dir='ltr' id='par_1_23' title="bbox 2156 812 3744 891">
     <span class='ocr_line' id='line_1_23' title="bbox 2156 812 3744 891; baseline -0.006 -18"><span class='ocrx_word' id='word_1_145' title='bbox 2156 822 2248 874; x_wconf 77' lang='grc' dir='ltr'><strong>καὶ</strong></span> <span class='ocrx_word' id='word_1_146' title='bbox 2276 816 2415 891; x_wconf 76' lang='grc' dir='ltr'>ἦσαν</span> <span class='ocrx_word' id='word_1_147' title='bbox 2468 820 2765 889; x_wconf 87' lang='grc' dir='ltr'>ἀντίτεχνοι</span> <span class='ocrx_word' id='word_1_148' title='bbox 2815 819 3042 873; x_wconf 81' lang='grc' dir='ltr'>κλέπται</span> <span class='ocrx_word' id='word_1_149' title='bbox 3102 812 3512 884; x_wconf 83' lang='grc' dir='ltr'>Ἀκαδημαϊκοί.</span> <span class='ocrx_word' id='word_1_150' title='bbox 3575 814 3631 865; x_wconf 86' lang='lat'><strong>&#39;0</strong></span> <span class='ocrx_word' id='word_1_151' title='bbox 3683 812 3744 865; x_wconf 80' lang='grc' dir='ltr'><strong>δὲ</strong></span> 
     </span>
    </p>
   </div>
   <div class='ocr_carea' id='block_1_24' title="bbox 2158 903 3743 976">
    <p class='ocr_par' dir='ltr' id='par_1_24' title="bbox 2158 903 3743 976">
     <span class='ocr_line' id='line_1_24' title="bbox 2158 903 3743 976; baseline -0.006 -13"><span class='ocrx_word' id='word_1_152' title='bbox 2158 911 2413 973; x_wconf 79' lang='grc' dir='ltr'><strong>Στωϊκοῖς</strong></span> <span class='ocrx_word' id='word_1_153' title='bbox 2446 910 2707 964; x_wconf 76' lang='grc' dir='ltr'>ἐνεκάλει·</span> <span class='ocrx_word' id='word_1_154' title='bbox 2744 912 2793 963; x_wconf 81' lang='grc' dir='ltr'><strong>οἱ</strong></span> <span class='ocrx_word' id='word_1_155' title='bbox 2826 910 3012 971; x_wconf 87' lang='grc' dir='ltr'>παῖδες</span> <span class='ocrx_word' id='word_1_156' title='bbox 3034 907 3090 960; x_wconf 89' lang='grc' dir='ltr'><strong>δὲ</strong></span> <span class='ocrx_word' id='word_1_157' title='bbox 3124 906 3192 959; x_wconf 77' lang='grc' dir='ltr'><strong>τά</strong></span> <span class='ocrx_word' id='word_1_158' title='bbox 3227 905 3544 976; x_wconf 81' lang='grc' dir='ltr'>ἐγκλήματα</span> <span class='ocrx_word' id='word_1_159' title='bbox 3568 903 3743 974; x_wconf 76' lang='grc' dir='ltr'>παρέ-</span> 
     </span>
    </p>
   </div>
   <div class='ocr_carea' id='block_1_25' title="bbox 2157 994 3745 1071">
    <p class='ocr_par' dir='ltr' id='par_1_25' title="bbox 2157 994 3745 1071">
     <span class='ocr_line' id='line_1_25' title="bbox 2157 994 3745 1071; baseline -0.007 -18"><span class='ocrx_word' id='word_1_160' title='bbox 2157 1001 2280 1054; x_wconf 91' lang='grc' dir='ltr'>λυον</span> <span class='ocrx_word' id='word_1_161' title='bbox 2312 1000 2461 1071; x_wconf 79' lang='grc' dir='ltr'>αὐτῷ</span> <span class='ocrx_word' id='word_1_162' title='bbox 2492 1001 2596 1055; x_wconf 82' lang='grc' dir='ltr'><strong>ὑπὸ</strong></span> <span class='ocrx_word' id='word_1_163' title='bbox 2629 999 3025 1070; x_wconf 68' lang='grc' dir='ltr'><strong>ἀκαταληψίας,</strong></span> <span class='ocrx_word' id='word_1_164' title='bbox 3059 998 3157 1050; x_wconf 89' lang='grc' dir='ltr'><strong>οὐκ</strong></span> <span class='ocrx_word' id='word_1_165' title='bbox 3178 998 3303 1051; x_wconf 78' lang='grc' dir='ltr'>ἄνευ</span> <span class='ocrx_word' id='word_1_166' title='bbox 3330 994 3634 1063; x_wconf 85' lang='grc' dir='ltr'>τωθασμῶν</span> <span class='ocrx_word' id='word_1_167' title='bbox 3664 1009 3745 1044; x_wconf 81' lang='grc' dir='ltr'>τι-</span> 
     </span>
    </p>
   </div>
   <div class='ocr_carea' id='block_1_26' title="bbox 2158 1085 3747 1161">
    <p class='ocr_par' dir='ltr' id='par_1_26' title="bbox 2158 1085 3747 1161">
     <span class='ocr_line' id='line_1_26' title="bbox 2158 1085 3747 1161; baseline -0.004 -18"><span class='ocrx_word' id='word_1_168' title='bbox 2158 1108 2285 1144; x_wconf 91' lang='grc' dir='ltr'>νων.</span> <span class='ocrx_word' id='word_1_169' title='bbox 2314 1090 2596 1161; x_wconf 71' lang='grc' dir='ltr'>Διατριϐαὶ</span> <span class='ocrx_word' id='word_1_170' title='bbox 2623 1085 2716 1144; x_wconf 80' lang='grc' dir='ltr'><strong>οὖν</strong></span> <span class='ocrx_word' id='word_1_171' title='bbox 2742 1086 2881 1161; x_wconf 79' lang='grc' dir='ltr'>ἦσαν</span> <span class='ocrx_word' id='word_1_172' title='bbox 2919 1090 3134 1143; x_wconf 89' lang='grc' dir='ltr'>πάντων</span> <span class='ocrx_word' id='word_1_173' title='bbox 3159 1089 3292 1153; x_wconf 89' lang='grc' dir='ltr'>ἐκεῖ,</span> <span class='ocrx_word' id='word_1_174' title='bbox 3328 1086 3421 1139; x_wconf 72' lang='grc' dir='ltr'><strong>καὶ</strong></span> <span class='ocrx_word' id='word_1_175' title='bbox 3451 1085 3620 1151; x_wconf 81' lang='grc' dir='ltr'>λόγοι,</span> <span class='ocrx_word' id='word_1_176' title='bbox 3649 1086 3747 1137; x_wconf 68' lang='grc' dir='ltr'><strong>καὶ</strong></span> 
     </span>
    </p>
   </div>
   <div class='ocr_carea' id='block_1_27' title="bbox 2160 1180 3749 1252">
    <p class='ocr_par' dir='ltr' id='par_1_27' title="bbox 2160 1180 3749 1252">
     <span class='ocr_line' id='line_1_27' title="bbox 2160 1180 3749 1252; baseline -0.005 -13"><span class='ocrx_word' id='word_1_177' title='bbox 2160 1184 2476 1252; x_wconf 60' lang='grc' dir='ltr'>ἀντιλογίαν</span> <span class='ocrx_word' id='word_1_178' title='bbox 2514 1186 2606 1239; x_wconf 79' lang='grc' dir='ltr'><strong>καὶ</strong></span> <span class='ocrx_word' id='word_1_179' title='bbox 2634 1183 2690 1236; x_wconf 85' lang='grc' dir='ltr'>ἒν</span> <span class='ocrx_word' id='word_1_180' title='bbox 2722 1183 2872 1237; x_wconf 79' lang='grc' dir='ltr'>οὐδὲν</span> <span class='ocrx_word' id='word_1_181' title='bbox 2898 1183 2955 1235; x_wconf 83' lang='grc' dir='ltr'><strong>ἐν</strong></span> <span class='ocrx_word' id='word_1_182' title='bbox 2978 1180 3054 1252; x_wconf 84' lang='grc' dir='ltr'>τῷ</span> <span class='ocrx_word' id='word_1_183' title='bbox 3083 1182 3230 1252; x_wconf 81' lang='grc' dir='ltr'>μέσῳ</span> <span class='ocrx_word' id='word_1_184' title='bbox 3260 1180 3749 1241; x_wconf 71' lang='grc' dir='ltr'>κατελείπετο,οὐκ</span> 
     </span>
    </p>
   </div>
   <div class='ocr_carea' id='block_1_28' title="bbox 2162 1273 3747 1345">
    <p class='ocr_par' dir='ltr' id='par_1_28' title="bbox 2162 1273 3747 1345">
     <span class='ocr_line' id='line_1_28' title="bbox 2162 1273 3747 1345; baseline -0.004 -15"><span class='ocrx_word' id='word_1_185' title='bbox 2162 1279 2401 1345; x_wconf 86' lang='grc' dir='ltr'>ἀγγεῖον,</span> <span class='ocrx_word' id='word_1_186' title='bbox 2435 1273 2495 1329; x_wconf 76' lang='grc' dir='ltr'>οὐ</span> <span class='ocrx_word' id='word_1_187' title='bbox 2542 1275 2651 1328; x_wconf 89' lang='grc' dir='ltr'><strong>τῶν</strong></span> <span class='ocrx_word' id='word_1_188' title='bbox 2693 1276 2749 1327; x_wconf 90' lang='grc' dir='ltr'><strong>ἐν</strong></span> <span class='ocrx_word' id='word_1_189' title='bbox 2780 1275 2989 1345; x_wconf 82' lang='grc' dir='ltr'><strong>ἀγγείῳ</strong></span> <span class='ocrx_word' id='word_1_190' title='bbox 3028 1274 3343 1344; x_wconf 77' lang='grc' dir='ltr'>τιθεμένων,</span> <span class='ocrx_word' id='word_1_191' title='bbox 3376 1274 3473 1343; x_wconf 80' lang='grc' dir='ltr'><strong>οὐχ</strong></span> <span class='ocrx_word' id='word_1_192' title='bbox 3520 1274 3621 1325; x_wconf 78' lang='grc' dir='ltr'><strong>ὅσα</strong></span> <span class='ocrx_word' id='word_1_193' title='bbox 3664 1275 3747 1335; x_wconf 73' lang='grc' dir='ltr'>εἰς</span> 
     </span>
    </p>
   </div>
   <div class='ocr_carea' id='block_1_29' title="bbox 2162 1362 3748 1436">
    <p class='ocr_par' dir='ltr' id='par_1_29' title="bbox 2162 1362 3748 1436">
     <span class='ocr_line' id='line_1_29' title="bbox 2162 1362 3748 1436; baseline -0.004 -16"><span class='ocrx_word' id='word_1_194' title='bbox 2162 1368 2338 1430; x_wconf 85' lang='grc' dir='ltr'>οίκίας</span> <span class='ocrx_word' id='word_1_195' title='bbox 2363 1366 2704 1436; x_wconf 81' lang='grc' dir='ltr'>κατασκευὴν</span> <span class='ocrx_word' id='word_1_196' title='bbox 2736 1364 2847 1417; x_wconf 86' lang='grc' dir='ltr'>ἀλλ’</span> <span class='ocrx_word' id='word_1_197' title='bbox 2886 1365 2967 1417; x_wconf 80' lang='grc' dir='ltr'><strong>ἐτι</strong></span> <span class='ocrx_word' id='word_1_198' title='bbox 3018 1364 3261 1434; x_wconf 82' lang='grc' dir='ltr'>συντελῆ.</span> <span class='ocrx_word' id='word_1_199' title='bbox 3297 1364 3403 1417; x_wconf 74' lang='grc' dir='ltr'><strong>Καὶ</strong></span> <span class='ocrx_word' id='word_1_200' title='bbox 3432 1367 3460 1417; x_wconf 98' lang='lat'><strong>6</strong></span> <span class='ocrx_word' id='word_1_201' title='bbox 3493 1362 3748 1432; x_wconf 76' lang='grc' dir='ltr'>Λακύδης</span> 
     </span>
    </p>
   </div>
   <div class='ocr_carea' id='block_1_30' title="bbox 2164 1453 3748 1527">
    <p class='ocr_par' dir='ltr' id='par_1_30' title="bbox 2164 1453 3748 1527">
     <span class='ocr_line' id='line_1_30' title="bbox 2164 1453 3748 1527; baseline -0.003 -17"><span class='ocrx_word' id='word_1_202' title='bbox 2164 1457 2301 1520; x_wconf 84' lang='grc' dir='ltr'>τέως</span> <span class='ocrx_word' id='word_1_203' title='bbox 2330 1458 2426 1527; x_wconf 82' lang='grc' dir='ltr'><strong>μὲν</strong></span> <span class='ocrx_word' id='word_1_204' title='bbox 2450 1457 2666 1527; x_wconf 78' lang='grc' dir='ltr'>ἠπόρει,</span> <span class='ocrx_word' id='word_1_205' title='bbox 2704 1457 2779 1526; x_wconf 81' lang='grc' dir='ltr'>μή</span> <span class='ocrx_word' id='word_1_206' title='bbox 2817 1473 2870 1509; x_wconf 91' lang='grc' dir='ltr'><strong>τι</strong></span> <span class='ocrx_word' id='word_1_207' title='bbox 2896 1454 3275 1508; x_wconf 80' lang='grc' dir='ltr'>λυσιτελοῦσαν</span> <span class='ocrx_word' id='word_1_208' title='bbox 3311 1453 3485 1523; x_wconf 84' lang='grc' dir='ltr'>ἐαυτῷ</span> <span class='ocrx_word' id='word_1_209' title='bbox 3522 1454 3748 1524; x_wconf 81' lang='grc' dir='ltr'>θεωρῶν</span> 
     </span>
    </p>
   </div>
   <div class='ocr_carea' id='block_1_31' title="bbox 2164 1537 3749 1617">
    <p class='ocr_par' dir='ltr' id='par_1_31' title="bbox 2164 1537 3749 1617">
     <span class='ocr_line' id='line_1_31' title="bbox 2164 1537 3749 1617; baseline -0.003 -18"><span class='ocrx_word' id='word_1_210' title='bbox 2164 1547 2262 1617; x_wconf 82' lang='grc' dir='ltr'>τὴν</span> <span class='ocrx_word' id='word_1_211' title='bbox 2294 1544 2485 1599; x_wconf 80' lang='grc' dir='ltr'>ἐαυτοῦ</span> <span class='ocrx_word' id='word_1_212' title='bbox 2510 1544 2776 1615; x_wconf 90' lang='grc' dir='ltr'>δόγματος</span> <span class='ocrx_word' id='word_1_213' title='bbox 2802 1543 3072 1614; x_wconf 85' lang='grc' dir='ltr'>βοήθειαν,</span> <span class='ocrx_word' id='word_1_214' title='bbox 3096 1537 3214 1594; x_wconf 76' lang='grc' dir='ltr'>εἶτα</span> <span class='ocrx_word' id='word_1_215' title='bbox 3243 1541 3315 1611; x_wconf 81' lang='grc' dir='ltr'>μὴ</span> <span class='ocrx_word' id='word_1_216' title='bbox 3340 1540 3615 1608; x_wconf 78' lang='grc' dir='ltr'>ἐξελέγξαι</span> <span class='ocrx_word' id='word_1_217' title='bbox 3633 1540 3749 1610; x_wconf 69' lang='grc'><strong>(45)</strong></span> 
     </span>
    </p>
   </div>
   <div class='ocr_carea' id='block_1_32' title="bbox 2167 1632 3752 1706">
    <p class='ocr_par' dir='ltr' id='par_1_32' title="bbox 2167 1632 3752 1706">
     <span class='ocr_line' id='line_1_32' title="bbox 2167 1632 3752 1706; baseline -0.004 -16"><span class='ocrx_word' id='word_1_218' title='bbox 2167 1638 2342 1690; x_wconf 77' lang='grc' dir='ltr'>πάντα</span> <span class='ocrx_word' id='word_1_219' title='bbox 2376 1636 2675 1706; x_wconf 73' lang='grc' dir='ltr'>ἀνατρέψαι</span> <span class='ocrx_word' id='word_1_220' title='bbox 2718 1652 2777 1687; x_wconf 90' lang='grc' dir='ltr'><strong>τε</strong></span> <span class='ocrx_word' id='word_1_221' title='bbox 2806 1633 2981 1705; x_wconf 81' lang='grc' dir='ltr'>ἐαυτῷ</span> <span class='ocrx_word' id='word_1_222' title='bbox 3012 1632 3202 1696; x_wconf 81' lang='grc' dir='ltr'>δοκῶν,</span> <span class='ocrx_word' id='word_1_223' title='bbox 3257 1632 3437 1685; x_wconf 86' lang='grc' dir='ltr'>πεσὼν</span> <span class='ocrx_word' id='word_1_224' title='bbox 3460 1636 3539 1695; x_wconf 83' lang='grc' dir='ltr'>εἰς</span> <span class='ocrx_word' id='word_1_225' title='bbox 3570 1634 3752 1705; x_wconf 75' lang='grc' dir='ltr'>τάμή-</span> 
     </span>
    </p>
   </div>
   <div class='ocr_carea' id='block_1_33' title="bbox 2170 1724 3754 1801">
    <p class='ocr_par' dir='ltr' id='par_1_33' title="bbox 2170 1724 3754 1801">
     <span class='ocr_line' id='line_1_33' title="bbox 2170 1724 3754 1801; baseline -0.004 -18"><span class='ocrx_word' id='word_1_226' title='bbox 2170 1748 2351 1801; x_wconf 87' lang='grc' dir='ltr'>χανον,</span> <span class='ocrx_word' id='word_1_227' title='bbox 2381 1731 2507 1793; x_wconf 82' lang='grc' dir='ltr'>τοὺς</span> <span class='ocrx_word' id='word_1_228' title='bbox 2535 1728 2781 1798; x_wconf 84' lang='grc' dir='ltr'>γείτονας</span> <span class='ocrx_word' id='word_1_229' title='bbox 2808 1727 3118 1799; x_wconf 87' lang='grc' dir='ltr'>ἐκεκράγει,</span> <span class='ocrx_word' id='word_1_230' title='bbox 3170 1726 3261 1779; x_wconf 71' lang='grc' dir='ltr'><strong>καὶ</strong></span> <span class='ocrx_word' id='word_1_231' title='bbox 3288 1726 3413 1789; x_wconf 71' lang='grc' dir='ltr'>τοὺς</span> <span class='ocrx_word' id='word_1_232' title='bbox 3444 1724 3619 1788; x_wconf 81' lang='grc' dir='ltr'>θεούς·</span> <span class='ocrx_word' id='word_1_233' title='bbox 3654 1725 3754 1778; x_wconf 74' lang='grc' dir='ltr'>καὶ</span> 
     </span>
    </p>
   </div>
   <div class='ocr_carea' id='block_1_34' title="bbox 497 1814 2070 1907">
    <p class='ocr_par' dir='ltr' id='par_1_34' title="bbox 497 1835 2064 1907">
     <span class='ocr_line' id='line_1_34' title="bbox 497 1835 2064 1907; baseline -0.002 -16"><span class='ocrx_word' id='word_1_234' title='bbox 497 1839 752 1907; x_wconf 91' lang='lat' dir='ltr'><strong>ponendo</strong></span> <span class='ocrx_word' id='word_1_235' title='bbox 775 1854 900 1893; x_wconf 89' lang='lat' dir='ltr'><strong>vere</strong></span> <span class='ocrx_word' id='word_1_236' title='bbox 926 1838 1281 1892; x_wconf 83' lang='lat' dir='ltr'><strong>Academicos</strong></span> <span class='ocrx_word' id='word_1_237' title='bbox 1311 1851 1368 1891; x_wconf 91' lang='lat' dir='ltr'><strong>se</strong></span> <span class='ocrx_word' id='word_1_238' title='bbox 1390 1836 1534 1891; x_wconf 82' lang='lat' dir='ltr'><strong>fures</strong></span> <span class='ocrx_word' id='word_1_239' title='bbox 1562 1835 1788 1905; x_wconf 88' lang='lat' dir='ltr'><strong>probare</strong></span> <span class='ocrx_word' id='word_1_240' title='bbox 1814 1853 1827 1889; x_wconf 91' lang='lat'><strong>:</strong></span> <span class='ocrx_word' id='word_1_241' title='bbox 1858 1850 1921 1889; x_wconf 88' lang='lat' dir='ltr'><strong>ac</strong></span> <span class='ocrx_word' id='word_1_242' title='bbox 1951 1845 2064 1890; x_wconf 89' lang='lat' dir='ltr'><strong>tum</strong></span> 
     </span>
    </p>
   </div>
   <div class='ocr_carea' id='block_1_35' title="bbox 2173 1814 3752 1907">
    <p class='ocr_par' dir='ltr' id='par_1_35' title="bbox 2173 1817 3752 1891">
     <span class='ocr_line' id='line_1_35' title="bbox 2173 1817 3752 1891; baseline -0.004 -16"><span class='ocrx_word' id='word_1_243' title='bbox 2173 1822 2249 1875; x_wconf 75' lang='grc' dir='ltr'>ἰοὺ</span> <span class='ocrx_word' id='word_1_244' title='bbox 2282 1823 2385 1884; x_wconf 79' lang='grc' dir='ltr'>ἰοὺ,</span> <span class='ocrx_word' id='word_1_245' title='bbox 2417 1822 2509 1875; x_wconf 72' lang='grc' dir='ltr'>καὶ</span> <span class='ocrx_word' id='word_1_246' title='bbox 2540 1820 2641 1891; x_wconf 77' lang='grc' dir='ltr'>φεῦ</span> <span class='ocrx_word' id='word_1_247' title='bbox 2677 1820 2799 1890; x_wconf 77' lang='grc' dir='ltr'>φεῦ,</span> <span class='ocrx_word' id='word_1_248' title='bbox 2835 1821 2927 1872; x_wconf 77' lang='grc' dir='ltr'>καὶ</span> <span class='ocrx_word' id='word_1_249' title='bbox 2958 1818 3022 1890; x_wconf 83' lang='grc' dir='ltr'>νὴ</span> <span class='ocrx_word' id='word_1_250' title='bbox 3054 1819 3179 1881; x_wconf 79' lang='grc' dir='ltr'>τοὺς</span> <span class='ocrx_word' id='word_1_251' title='bbox 3225 1817 3399 1881; x_wconf 75' lang='grc' dir='ltr'>θεοὺς,</span> <span class='ocrx_word' id='word_1_252' title='bbox 3435 1817 3527 1870; x_wconf 74' lang='grc' dir='ltr'><strong>καὶ</strong></span> <span class='ocrx_word' id='word_1_253' title='bbox 3550 1818 3615 1888; x_wconf 83' lang='grc' dir='ltr'><strong>νὴ</strong></span> <span class='ocrx_word' id='word_1_254' title='bbox 3650 1817 3752 1880; x_wconf 78' lang='grc' dir='ltr'>τὰς</span> 
     </span>
    </p>
   </div>
   <div class='ocr_carea' id='block_1_36' title="bbox 498 1928 2067 2002">
    <p class='ocr_par' dir='ltr' id='par_1_36' title="bbox 498 1928 2067 2002">
     <span class='ocr_line' id='line_1_36' title="bbox 498 1928 2067 2002; baseline 0 -19"><span class='ocrx_word' id='word_1_255' title='bbox 498 1931 614 2002; x_wconf 92' lang='lat' dir='ltr'><strong>ipse</strong></span> <span class='ocrx_word' id='word_1_256' title='bbox 645 1931 861 2001; x_wconf 88' lang='lat' dir='ltr'><strong>quidem</strong></span> <span class='ocrx_word' id='word_1_257' title='bbox 889 1931 1165 1986; x_wconf 87' lang='lat' dir='ltr'><strong>incessere</strong></span> <span class='ocrx_word' id='word_1_258' title='bbox 1197 1928 1430 1995; x_wconf 88' lang='lat' dir='ltr'><strong>Stoicos,</strong></span> <span class='ocrx_word' id='word_1_259' title='bbox 1457 1929 1596 1983; x_wconf 90' lang='lat' dir='ltr'><strong>servi</strong></span> <span class='ocrx_word' id='word_1_260' title='bbox 1626 1938 1814 1983; x_wconf 92' lang='lat' dir='ltr'><strong>contra</strong></span> <span class='ocrx_word' id='word_1_261' title='bbox 1839 1928 1956 1999; x_wconf 89' lang='lat' dir='ltr'><strong>ejus</strong></span> <span class='ocrx_word' id='word_1_262' title='bbox 1981 1944 2067 1983; x_wconf 71' lang='grc' dir='ltr'><strong>ιθ-</strong></span> 
     </span>
    </p>
   </div>
   <div class='ocr_carea' id='block_1_37' title="bbox 497 2020 2066 2095">
    <p class='ocr_par' dir='ltr' id='par_1_37' title="bbox 497 2020 2066 2095">
     <span class='ocr_line' id='line_1_37' title="bbox 497 2020 2066 2095; baseline -0.001 -17"><span class='ocrx_word' id='word_1_263' title='bbox 497 2025 890 2095; x_wconf 85' lang='lat' dir='ltr'><strong>prehensiones</strong></span> <span class='ocrx_word' id='word_1_264' title='bbox 940 2023 1184 2093; x_wconf 80' lang='lat' dir='ltr'><strong>neganda</strong></span> <span class='ocrx_word' id='word_1_265' title='bbox 1238 2020 1722 2091; x_wconf 86' lang='lat' dir='ltr'><strong>comprehensione</strong></span> <span class='ocrx_word' id='word_1_266' title='bbox 1768 2020 1917 2075; x_wconf 88' lang='lat' dir='ltr'><strong>onmi</strong></span> <span class='ocrx_word' id='word_1_267' title='bbox 1951 2020 2066 2076; x_wconf 89' lang='lat' dir='ltr'><strong>dis—</strong></span> 
     </span>
    </p>
   </div>
   <div class='ocr_carea' id='block_1_38' title="bbox 498 2116 2067 2189">
    <p class='ocr_par' dir='ltr' id='par_1_38' title="bbox 498 2116 2067 2189">
     <span class='ocr_line' id='line_1_38' title="bbox 498 2116 2067 2189; baseline -0.001 -15"><span class='ocrx_word' id='word_1_268' title='bbox 498 2119 730 2184; x_wconf 86' lang='lat' dir='ltr'><strong>solvere,</strong></span> <span class='ocrx_word' id='word_1_269' title='bbox 767 2129 929 2189; x_wconf 91' lang='lat' dir='ltr'><strong>atque</strong></span> <span class='ocrx_word' id='word_1_270' title='bbox 956 2119 1009 2173; x_wconf 92' lang='lat' dir='ltr'><strong>id</strong></span> <span class='ocrx_word' id='word_1_271' title='bbox 1029 2160 1043 2182; x_wconf 93' lang='lat'><strong>,</strong></span> <span class='ocrx_word' id='word_1_272' title='bbox 1079 2126 1138 2172; x_wconf 93' lang='lat' dir='ltr'><strong>ut</strong></span> <span class='ocrx_word' id='word_1_273' title='bbox 1166 2133 1263 2187; x_wconf 87' lang='lat' dir='ltr'><strong>par</strong></span> <span class='ocrx_word' id='word_1_274' title='bbox 1291 2125 1440 2182; x_wconf 90' lang='lat' dir='ltr'><strong>erat,</strong></span> <span class='ocrx_word' id='word_1_275' title='bbox 1472 2132 1579 2171; x_wconf 95' lang='lat' dir='ltr'><strong>non</strong></span> <span class='ocrx_word' id='word_1_276' title='bbox 1607 2116 1725 2171; x_wconf 90' lang='lat' dir='ltr'><strong>sine</strong></span> <span class='ocrx_word' id='word_1_277' title='bbox 1746 2117 1859 2171; x_wconf 89' lang='lat' dir='ltr'><strong>risu</strong></span> <span class='ocrx_word' id='word_1_278' title='bbox 1888 2132 1951 2172; x_wconf 92' lang='lat' dir='ltr'><strong>ac</strong></span> <span class='ocrx_word' id='word_1_279' title='bbox 1979 2131 2067 2172; x_wconf 83' lang='lat' dir='ltr'><strong>sa-</strong></span> 
     </span>
    </p>
   </div>
   <div class='ocr_carea' id='block_1_39' title="bbox 499 2208 2066 2279">
    <p class='ocr_par' dir='ltr' id='par_1_39' title="bbox 499 2208 2066 2279">
     <span class='ocr_line' id='line_1_39' title="bbox 499 2208 2066 2279; baseline -0.003 -15"><span class='ocrx_word' id='word_1_280' title='bbox 499 2212 665 2265; x_wconf 88' lang='lat' dir='ltr'><strong>libus.</strong></span> <span class='ocrx_word' id='word_1_281' title='bbox 710 2209 784 2264; x_wconf 89' lang='lat' dir='ltr'><strong>lbi</strong></span> <span class='ocrx_word' id='word_1_282' title='bbox 814 2226 942 2279; x_wconf 76' lang='lat' dir='ltr'><strong>ergo</strong></span> <span class='ocrx_word' id='word_1_283' title='bbox 970 2208 1367 2279; x_wconf 88' lang='lat' dir='ltr'><strong>disputationes</strong></span> <span class='ocrx_word' id='word_1_284' title='bbox 1416 2208 1681 2273; x_wconf 90' lang='lat' dir='ltr'><strong>omnium,</strong></span> <span class='ocrx_word' id='word_1_285' title='bbox 1722 2217 2066 2277; x_wconf 71' lang='lat' dir='ltr'><strong>argumenta,</strong></span> 
     </span>
    </p>
   </div>
   <div class='ocr_carea' id='block_1_40' title="bbox 498 2298 2072 2369">
    <p class='ocr_par' dir='ltr' id='par_1_40' title="bbox 498 2298 2072 2369">
     <span class='ocr_line' id='line_1_40' title="bbox 498 2298 2072 2369; baseline -0.001 -16"><span class='ocrx_word' id='word_1_286' title='bbox 498 2301 893 2369; x_wconf 82' lang='lat' dir='ltr'><strong>verborumque</strong></span> <span class='ocrx_word' id='word_1_287' title='bbox 932 2314 1127 2369; x_wconf 71' lang='lat' dir='ltr'><strong>pugnae</strong></span> <span class='ocrx_word' id='word_1_288' title='bbox 1179 2316 1192 2351; x_wconf 89' lang='lat'><strong>:</strong></span> <span class='ocrx_word' id='word_1_289' title='bbox 1243 2314 1366 2354; x_wconf 91' lang='lat' dir='ltr'><strong>cum</strong></span> <span class='ocrx_word' id='word_1_290' title='bbox 1398 2298 1537 2353; x_wconf 88' lang='lat' dir='ltr'><strong>nihil</strong></span> <span class='ocrx_word' id='word_1_291' title='bbox 1568 2298 1771 2353; x_wconf 88' lang='lat' dir='ltr'><strong>interea</strong></span> <span class='ocrx_word' id='word_1_292' title='bbox 1798 2298 2072 2367; x_wconf 85' lang='lat' dir='ltr'><strong>relinque-</strong></span> 
     </span>
    </p>
   </div>
   <div class='ocr_carea' id='block_1_41' title="bbox 502 2388 2072 2461">
    <p class='ocr_par' dir='ltr' id='par_1_41' title="bbox 502 2388 2072 2461">
     <span class='ocr_line' id='line_1_41' title="bbox 502 2388 2072 2461; baseline -0.001 -16"><span class='ocrx_word' id='word_1_293' title='bbox 502 2402 673 2456; x_wconf 86' lang='lat' dir='ltr'><strong>retur,</strong></span> <span class='ocrx_word' id='word_1_294' title='bbox 710 2407 815 2445; x_wconf 91' lang='lat' dir='ltr'><strong>non</strong></span> <span class='ocrx_word' id='word_1_295' title='bbox 847 2406 964 2457; x_wconf 91' lang='lat' dir='ltr'><strong>vas,</strong></span> <span class='ocrx_word' id='word_1_296' title='bbox 996 2406 1103 2445; x_wconf 91' lang='lat' dir='ltr'><strong>non</strong></span> <span class='ocrx_word' id='word_1_297' title='bbox 1128 2391 1426 2461; x_wconf 83' lang='lat' dir='ltr'><strong>quidquam</strong></span> <span class='ocrx_word' id='word_1_298' title='bbox 1451 2406 1637 2444; x_wconf 86' lang='lat' dir='ltr'><strong>eorum</strong></span> <span class='ocrx_word' id='word_1_299' title='bbox 1665 2404 1786 2459; x_wconf 72' lang='lat' dir='ltr'><strong>quae</strong></span> <span class='ocrx_word' id='word_1_300' title='bbox 1810 2388 2072 2445; x_wconf 67' lang='lat' dir='ltr'><strong>reconde-</strong></span> 
     </span>
    </p>
   </div>
   <div class='ocr_carea' id='block_1_42' title="bbox 504 2479 2073 2552">
    <p class='ocr_par' dir='ltr' id='par_1_42' title="bbox 504 2479 2073 2552">
     <span class='ocr_line' id='line_1_42' title="bbox 504 2479 2073 2552; baseline -0.002 -15"><span class='ocrx_word' id='word_1_301' title='bbox 504 2488 701 2537; x_wconf 84' lang='lat' dir='ltr'><strong>bantur</strong></span> <span class='ocrx_word' id='word_1_302' title='bbox 732 2483 784 2536; x_wconf 92' lang='lat' dir='ltr'><strong>in</strong></span> <span class='ocrx_word' id='word_1_303' title='bbox 817 2482 981 2547; x_wconf 84' lang='lat' dir='ltr'><strong>vasis,</strong></span> <span class='ocrx_word' id='word_1_304' title='bbox 1016 2497 1122 2536; x_wconf 90' lang='lat' dir='ltr'><strong>non</strong></span> <span class='ocrx_word' id='word_1_305' title='bbox 1152 2482 1296 2536; x_wconf 89' lang='lat' dir='ltr'><strong>aliud</strong></span> <span class='ocrx_word' id='word_1_306' title='bbox 1329 2482 1613 2552; x_wconf 88' lang='lat' dir='ltr'><strong>quidlibet,</strong></span> <span class='ocrx_word' id='word_1_307' title='bbox 1646 2481 1789 2551; x_wconf 89' lang='lat' dir='ltr'><strong>quod</strong></span> <span class='ocrx_word' id='word_1_308' title='bbox 1813 2479 2073 2535; x_wconf 90' lang='lat' dir='ltr'><strong>domesti-</strong></span> 
     </span>
    </p>
   </div>
   <div class='ocr_carea' id='block_1_43' title="bbox 502 2571 2075 2644">
    <p class='ocr_par' dir='ltr' id='par_1_43' title="bbox 502 2571 2075 2644">
     <span class='ocr_line' id='line_1_43' title="bbox 502 2571 2075 2644; baseline -0.001 -16"><span class='ocrx_word' id='word_1_309' title='bbox 502 2590 623 2628; x_wconf 86' lang='lat' dir='ltr'><strong>cam</strong></span> <span class='ocrx_word' id='word_1_310' title='bbox 676 2573 743 2628; x_wconf 86' lang='lat' dir='ltr'><strong>ad</strong></span> <span class='ocrx_word' id='word_1_311' title='bbox 790 2574 1180 2643; x_wconf 86' lang='lat' dir='ltr'><strong>supellectilem</strong></span> <span class='ocrx_word' id='word_1_312' title='bbox 1249 2573 1561 2644; x_wconf 81' lang='lat' dir='ltr'><strong>pertineret.</strong></span> <span class='ocrx_word' id='word_1_313' title='bbox 1641 2572 1783 2644; x_wconf 79' lang='lat' dir='ltr'><strong>Ergo</strong></span> <span class='ocrx_word' id='word_1_314' title='bbox 1831 2571 2075 2643; x_wconf 85' lang='lat' dir='ltr'><strong>Lacydes</strong></span> 
     </span>
    </p>
   </div>
   <div class='ocr_carea' id='block_1_44' title="bbox 505 2665 2072 2740">
    <p class='ocr_par' dir='ltr' id='par_1_44' title="bbox 505 2665 2072 2740">
     <span class='ocr_line' id='line_1_44' title="bbox 505 2665 2072 2740; baseline -0.003 -16"><span class='ocrx_word' id='word_1_315' title='bbox 505 2678 755 2735; x_wconf 73' lang='lat' dir='ltr'><strong>:cstuare,</strong></span> <span class='ocrx_word' id='word_1_316' title='bbox 786 2668 879 2740; x_wconf 87' lang='lat' dir='ltr'><strong>qui</strong></span> <span class='ocrx_word' id='word_1_317' title='bbox 911 2668 1047 2722; x_wconf 88' lang='lat' dir='ltr'><strong>nihil</strong></span> <span class='ocrx_word' id='word_1_318' title='bbox 1081 2668 1307 2722; x_wconf 90' lang='lat' dir='ltr'><strong>omnino</strong></span> <span class='ocrx_word' id='word_1_319' title='bbox 1337 2666 1565 2722; x_wconf 89' lang='lat' dir='ltr'><strong>subsidii</strong></span> <span class='ocrx_word' id='word_1_320' title='bbox 1599 2666 1651 2719; x_wconf 90' lang='lat' dir='ltr'><strong>in</strong></span> <span class='ocrx_word' id='word_1_321' title='bbox 1683 2665 1951 2735; x_wconf 75' lang='lat' dir='ltr'><strong>dogmatis</strong></span> <span class='ocrx_word' id='word_1_322' title='bbox 1986 2665 2072 2720; x_wconf 90' lang='lat' dir='ltr'><strong>sui</strong></span> 
     </span>
    </p>
   </div>
   <div class='ocr_carea' id='block_1_45' title="bbox 506 2756 2075 2830">
    <p class='ocr_par' dir='ltr' id='par_1_45' title="bbox 506 2756 2075 2830">
     <span class='ocr_line' id='line_1_45' title="bbox 506 2756 2075 2830; baseline -0.004 -14"><span class='ocrx_word' id='word_1_323' title='bbox 506 2759 823 2818; x_wconf 64' lang='lat' dir='ltr'><strong>tlefbnsione</strong></span> <span class='ocrx_word' id='word_1_324' title='bbox 852 2762 1110 2829; x_wconf 90' lang='lat' dir='ltr'><strong>reperiret</strong></span> <span class='ocrx_word' id='word_1_325' title='bbox 1149 2779 1161 2815; x_wconf 89' lang='lat'><strong>:</strong></span> <span class='ocrx_word' id='word_1_326' title='bbox 1192 2776 1317 2814; x_wconf 77' lang='lat' dir='ltr'><strong>mox</strong></span> <span class='ocrx_word' id='word_1_327' title='bbox 1347 2767 1608 2830; x_wconf 92' lang='lat' dir='ltr'><strong>reputans</strong></span> <span class='ocrx_word' id='word_1_328' title='bbox 1640 2757 1755 2827; x_wconf 91' lang='lat' dir='ltr'><strong>ipse</strong></span> <span class='ocrx_word' id='word_1_329' title='bbox 1786 2772 1995 2821; x_wconf 87' lang='lat' dir='ltr'><strong>secum,</strong></span> <span class='ocrx_word' id='word_1_330' title='bbox 2020 2756 2075 2810; x_wconf 90' lang='lat' dir='ltr'><strong>ni</strong></span> 
     </span>
    </p>
   </div>
   <div class='ocr_carea' id='block_1_46' title="bbox 507 2850 2075 2922">
    <p class='ocr_par' dir='ltr' id='par_1_46' title="bbox 507 2850 2075 2922">
     <span class='ocr_line' id='line_1_46' title="bbox 507 2850 2075 2922; baseline -0.001 -16"><span class='ocrx_word' id='word_1_331' title='bbox 507 2850 712 2907; x_wconf 88' lang='lat' dir='ltr'><strong>furtum</strong></span> <span class='ocrx_word' id='word_1_332' title='bbox 738 2851 1183 2922; x_wconf 83' lang='lat' dir='ltr'><strong>deprehenderet,</strong></span> <span class='ocrx_word' id='word_1_333' title='bbox 1212 2860 1409 2907; x_wconf 90' lang='lat' dir='ltr'><strong>cuncta</strong></span> <span class='ocrx_word' id='word_1_334' title='bbox 1437 2851 1540 2906; x_wconf 88' lang='lat' dir='ltr'><strong>sibi</strong></span> <span class='ocrx_word' id='word_1_335' title='bbox 1570 2851 1827 2919; x_wconf 89' lang='lat' dir='ltr'><strong>deinceps</strong></span> <span class='ocrx_word' id='word_1_336' title='bbox 1857 2864 2075 2919; x_wconf 79' lang='lat' dir='ltr'><strong>pessum</strong></span> 
     </span>
    </p>
   </div>
   <div class='ocr_carea' id='block_1_47' title="bbox 508 2936 2079 3014">
    <p class='ocr_par' dir='ltr' id='par_1_47' title="bbox 508 2936 2079 3014">
     <span class='ocr_line' id='line_1_47' title="bbox 508 2936 2079 3014; baseline -0.004 -14"><span class='ocrx_word' id='word_1_337' title='bbox 508 2946 673 3010; x_wconf 90' lang='lat' dir='ltr'><strong>itura,</strong></span> <span class='ocrx_word' id='word_1_338' title='bbox 698 2944 914 2999; x_wconf 85' lang='lat' dir='ltr'><strong>tandem</strong></span> <span class='ocrx_word' id='word_1_339' title='bbox 945 2944 1103 3014; x_wconf 90' lang='lat' dir='ltr'><strong>inops</strong></span> <span class='ocrx_word' id='word_1_340' title='bbox 1130 2944 1347 2999; x_wconf 86' lang='lat' dir='ltr'><strong>consilii</strong></span> <span class='ocrx_word' id='word_1_341' title='bbox 1374 2943 1584 2997; x_wconf 81' lang='lat' dir='ltr'><strong>vicinos</strong></span> <span class='ocrx_word' id='word_1_342' title='bbox 1627 2936 1943 3004; x_wconf 76' lang='lat' dir='ltr'><strong>inclamare,</strong></span> <span class='ocrx_word' id='word_1_343' title='bbox 1984 2955 2079 3009; x_wconf 88' lang='lat' dir='ltr'><strong>ap-</strong></span> 
     </span>
    </p>
   </div>
   <div class='ocr_carea' id='block_1_48' title="bbox 510 3033 2075 3109">
    <p class='ocr_par' dir='ltr' id='par_1_48' title="bbox 510 3033 2075 3109">
     <span class='ocr_line' id='line_1_48' title="bbox 510 3033 2075 3109; baseline -0.004 -17"><span class='ocrx_word' id='word_1_344' title='bbox 510 3038 710 3109; x_wconf 86' lang='lat' dir='ltr'><strong>pellare</strong></span> <span class='ocrx_word' id='word_1_345' title='bbox 737 3039 866 3093; x_wconf 90' lang='lat' dir='ltr'><strong>deos</strong></span> <span class='ocrx_word' id='word_1_346' title='bbox 898 3058 911 3093; x_wconf 93' lang='lat'>:</span> <span class='ocrx_word' id='word_1_347' title='bbox 936 3053 1077 3106; x_wconf 65' lang='lat' dir='ltr'><strong>saepe</strong></span> <span class='ocrx_word' id='word_1_348' title='bbox 1108 3036 1194 3091; x_wconf 90' lang='lat' dir='ltr'><strong>hei</strong></span> <span class='ocrx_word' id='word_1_349' title='bbox 1221 3036 1377 3101; x_wconf 91' lang='lat' dir='ltr'><strong>mihi,</strong></span> <span class='ocrx_word' id='word_1_350' title='bbox 1405 3051 1504 3105; x_wconf 87' lang='lat' dir='ltr'><strong>pro</strong></span> <span class='ocrx_word' id='word_1_351' title='bbox 1533 3034 1742 3090; x_wconf 79' lang='lat' dir='ltr'><strong>facinus</strong></span> <span class='ocrx_word' id='word_1_352' title='bbox 1773 3033 2075 3104; x_wconf 79' lang='lat' dir='ltr'><strong>indignum,</strong></span> 
     </span>
    </p>
   </div>
   <div class='ocr_carea' id='block_1_49' title="bbox 511 3127 2076 3203">
    <p class='ocr_par' dir='ltr' id='par_1_49' title="bbox 511 3127 2076 3203">
     <span class='ocr_line' id='line_1_49' title="bbox 511 3127 2076 3203; baseline -0.004 -14"><span class='ocrx_word' id='word_1_353' title='bbox 511 3150 608 3203; x_wconf 89' lang='lat' dir='ltr'><strong>per</strong></span> <span class='ocrx_word' id='word_1_354' title='bbox 633 3134 763 3189; x_wconf 85' lang='lat' dir='ltr'><strong>deos</strong></span> <span class='ocrx_word' id='word_1_355' title='bbox 793 3133 1030 3203; x_wconf 87' lang='lat' dir='ltr'><strong>deasque</strong></span> <span class='ocrx_word' id='word_1_356' title='bbox 1064 3147 1256 3187; x_wconf 83' lang='lat' dir='ltr'><strong>omnes</strong></span> <span class='ocrx_word' id='word_1_357' title='bbox 1300 3131 1634 3201; x_wconf 81' lang='lat' dir='ltr'><strong>ittgeminarc</strong></span> <span class='ocrx_word' id='word_1_358' title='bbox 1655 3171 1670 3195; x_wconf 94' lang='lat'><strong>,</strong></span> <span class='ocrx_word' id='word_1_359' title='bbox 1710 3145 1775 3184; x_wconf 89' lang='lat' dir='ltr'><strong>ac</strong></span> <span class='ocrx_word' id='word_1_360' title='bbox 1799 3138 1994 3184; x_wconf 64' lang='lat' dir='ltr'><strong>caetera</strong></span> <span class='ocrx_word' id='word_1_361' title='bbox 2024 3127 2076 3182; x_wconf 88' lang='lat' dir='ltr'><strong>id</strong></span> 
     </span>
    </p>
   </div>
   <div class='ocr_carea' id='block_1_50' title="bbox 511 3222 2071 3297">
    <p class='ocr_par' dir='ltr' id='par_1_50' title="bbox 511 3222 2071 3297">
     <span class='ocr_line' id='line_1_50' title="bbox 511 3222 2071 3297; baseline -0.003 -18"><span class='ocrx_word' id='word_1_362' title='bbox 511 3242 681 3297; x_wconf 79' lang='lat' dir='ltr'><strong>genus</strong></span> <span class='ocrx_word' id='word_1_363' title='bbox 710 3234 1049 3296; x_wconf 80' lang='lat' dir='ltr'><strong>argumenta,</strong></span> <span class='ocrx_word' id='word_1_364' title='bbox 1096 3232 1219 3295; x_wconf 65' lang='lat' dir='ltr'><strong>qlia:</strong></span> <span class='ocrx_word' id='word_1_365' title='bbox 1244 3224 1448 3280; x_wconf 84' lang='lat' dir='ltr'><strong>homini</strong></span> <span class='ocrx_word' id='word_1_366' title='bbox 1480 3222 1825 3295; x_wconf 77' lang='lat' dir='ltr'><strong>gravioribus</strong></span> <span class='ocrx_word' id='word_1_367' title='bbox 1855 3222 1908 3277; x_wconf 91' lang='lat' dir='ltr'><strong>in</strong></span> <span class='ocrx_word' id='word_1_368' title='bbox 1939 3237 2071 3291; x_wconf 86' lang='lat' dir='ltr'><strong>que-</strong></span> 
     </span>
    </p>
   </div>
   <div class='ocr_carea' id='block_1_51' title="bbox 513 3316 2075 3389">
    <p class='ocr_par' dir='ltr' id='par_1_51' title="bbox 513 3316 2075 3389">
     <span class='ocr_line' id='line_1_51' title="bbox 513 3316 2075 3389; baseline -0.004 -16"><span class='ocrx_word' id='word_1_369' title='bbox 513 3319 660 3382; x_wconf 86' lang='lat' dir='ltr'><strong>relis,</strong></span> <span class='ocrx_word' id='word_1_370' title='bbox 693 3318 782 3371; x_wconf 70' lang='lat' dir='ltr'><strong>ubi</strong></span> <span class='ocrx_word' id='word_1_371' title='bbox 814 3318 969 3372; x_wconf 79' lang='lat' dir='ltr'><strong>fidem</strong></span> <span class='ocrx_word' id='word_1_372' title='bbox 1001 3334 1107 3371; x_wconf 91' lang='lat' dir='ltr'><strong>non</strong></span> <span class='ocrx_word' id='word_1_373' title='bbox 1138 3318 1409 3389; x_wconf 88' lang='lat' dir='ltr'><strong>impetrat,</strong></span> <span class='ocrx_word' id='word_1_374' title='bbox 1432 3316 1548 3370; x_wconf 89' lang='lat' dir='ltr'><strong>sine</strong></span> <span class='ocrx_word' id='word_1_375' title='bbox 1584 3322 1699 3368; x_wconf 88' lang='lat' dir='ltr'><strong>arte</strong></span> <span class='ocrx_word' id='word_1_376' title='bbox 1720 3322 1910 3368; x_wconf 90' lang='lat' dir='ltr'><strong>natura</strong></span> <span class='ocrx_word' id='word_1_377' title='bbox 1943 3329 2075 3382; x_wconf 87' lang='lat' dir='ltr'><strong>sup-</strong></span> 
     </span>
    </p>
   </div>
   <div class='ocr_carea' id='block_1_52' title="bbox 512 3405 2076 3478">
    <p class='ocr_par' dir='ltr' id='par_1_52' title="bbox 512 3405 2076 3478">
     <span class='ocr_line' id='line_1_52' title="bbox 512 3405 2076 3478; baseline -0.002 -15"><span class='ocrx_word' id='word_1_378' title='bbox 512 3409 735 3478; x_wconf 88' lang='lat' dir='ltr'><strong>peditat.</strong></span> <span class='ocrx_word' id='word_1_379' title='bbox 776 3407 908 3474; x_wconf 70' lang='lat' dir='ltr'><strong>Quae</strong></span> <span class='ocrx_word' id='word_1_380' title='bbox 929 3409 1146 3478; x_wconf 87' lang='lat' dir='ltr'><strong>quidem</strong></span> <span class='ocrx_word' id='word_1_381' title='bbox 1180 3408 1361 3462; x_wconf 89' lang='lat' dir='ltr'><strong>omnia</strong></span> <span class='ocrx_word' id='word_1_382' title='bbox 1402 3421 1600 3476; x_wconf 79' lang='lat' dir='ltr'><strong>magno</strong></span> <span class='ocrx_word' id='word_1_383' title='bbox 1631 3406 1869 3460; x_wconf 90' lang='lat' dir='ltr'><strong>clamore</strong></span> <span class='ocrx_word' id='word_1_384' title='bbox 1890 3405 2076 3474; x_wconf 83' lang='lat' dir='ltr'><strong>deplo-</strong></span> 
     </span>
    </p>
   </div>
   <div class='ocr_carea' id='block_1_53' title="bbox 515 3497 2077 3570">
    <p class='ocr_par' dir='ltr' id='par_1_53' title="bbox 515 3497 2077 3570">
     <span class='ocr_line' id='line_1_53' title="bbox 515 3497 2077 3570; baseline -0.001 -17"><span class='ocrx_word' id='word_1_385' title='bbox 515 3510 652 3564; x_wconf 87' lang='lat' dir='ltr'><strong>rata,</strong></span> <span class='ocrx_word' id='word_1_386' title='bbox 687 3515 936 3569; x_wconf 80' lang='lat' dir='ltr'><strong>magnam</strong></span> <span class='ocrx_word' id='word_1_387' title='bbox 976 3501 1163 3570; x_wconf 90' lang='lat' dir='ltr'><strong>utique</strong></span> <span class='ocrx_word' id='word_1_388' title='bbox 1192 3498 1587 3569; x_wconf 84' lang='lat' dir='ltr'><strong>probabilitatis</strong></span> <span class='ocrx_word' id='word_1_389' title='bbox 1628 3497 1860 3567; x_wconf 85' lang='lat' dir='ltr'><strong>speciem</strong></span> <span class='ocrx_word' id='word_1_390' title='bbox 1890 3505 2077 3553; x_wconf 87' lang='lat' dir='ltr'><strong>osten-</strong></span> 
     </span>
    </p>
   </div>
   <div class='ocr_carea' id='block_1_54' title="bbox 516 3587 2081 3659">
    <p class='ocr_par' dir='ltr' id='par_1_54' title="bbox 516 3587 2081 3659">
     <span class='ocr_line' id='line_1_54' title="bbox 516 3587 2081 3659; baseline -0.001 -16"><span class='ocrx_word' id='word_1_391' title='bbox 516 3590 735 3659; x_wconf 83' lang='lat' dir='ltr'><strong>debant.</strong></span> <span class='ocrx_word' id='word_1_392' title='bbox 777 3588 1060 3645; x_wconf 82' lang='lat' dir='ltr'><strong>Postremo</strong></span> <span class='ocrx_word' id='word_1_393' title='bbox 1090 3590 1189 3643; x_wconf 90' lang='lat' dir='ltr'><strong>hac</strong></span> <span class='ocrx_word' id='word_1_394' title='bbox 1220 3589 1272 3642; x_wconf 92' lang='lat' dir='ltr'><strong>in</strong></span> <span class='ocrx_word' id='word_1_395' title='bbox 1305 3588 1652 3643; x_wconf 88' lang='lat' dir='ltr'><strong>contentione</strong></span> <span class='ocrx_word' id='word_1_396' title='bbox 1678 3602 1964 3659; x_wconf 76' lang='lat' dir='ltr'><strong>pugnaque</strong></span> <span class='ocrx_word' id='word_1_397' title='bbox 1984 3587 2081 3642; x_wconf 88' lang='lat' dir='ltr'><strong>do-</strong></span> 
     </span>
    </p>
   </div>
   <div class='ocr_carea' id='block_1_55' title="bbox 519 3657 2076 3747">
    <p class='ocr_par' dir='ltr' id='par_1_55' title="bbox 519 3657 2076 3747">
     <span class='ocr_line' id='line_1_55' title="bbox 519 3657 2076 3747; baseline 0.001 -18"><span class='ocrx_word' id='word_1_398' title='bbox 519 3657 764 3738; x_wconf 75' lang='lat' dir='ltr'><strong>mestica,</strong></span> <span class='ocrx_word' id='word_1_399' title='bbox 802 3676 1045 3731; x_wconf 85' lang='lat' dir='ltr'><strong>Stoicum</strong></span> <span class='ocrx_word' id='word_1_400' title='bbox 1080 3677 1221 3747; x_wconf 86' lang='lat' dir='ltr'><strong>apud</strong></span> <span class='ocrx_word' id='word_1_401' title='bbox 1249 3692 1433 3731; x_wconf 86' lang='lat' dir='ltr'><strong>servos</strong></span> <span class='ocrx_word' id='word_1_402' title='bbox 1471 3676 1663 3747; x_wconf 79' lang='lat' dir='ltr'><strong>agebat</strong></span> <span class='ocrx_word' id='word_1_403' title='bbox 1692 3657 1781 3730; x_wconf 81' lang='lat' dir='ltr'><strong>ille</strong></span> <span class='ocrx_word' id='word_1_404' title='bbox 1810 3677 2026 3747; x_wconf 90' lang='lat' dir='ltr'><strong>quidem</strong></span> <span class='ocrx_word' id='word_1_405' title='bbox 2063 3695 2076 3730; x_wconf 92' lang='lat'><strong>:</strong></span> 
     </span>
    </p>
   </div>
   <div class='ocr_carea' id='block_1_56' title="bbox 520 3768 2082 3837">
    <p class='ocr_par' dir='ltr' id='par_1_56' title="bbox 520 3768 2082 3837">
     <span class='ocr_line' id='line_1_56' title="bbox 520 3768 2082 3837; baseline 0.001 -18"><span class='ocrx_word' id='word_1_406' title='bbox 520 3775 574 3820; x_wconf 90' lang='lat' dir='ltr'><strong>at</strong></span> <span class='ocrx_word' id='word_1_407' title='bbox 604 3783 725 3821; x_wconf 90' lang='lat' dir='ltr'><strong>cum</strong></span> <span class='ocrx_word' id='word_1_408' title='bbox 764 3768 865 3836; x_wconf 91' lang='lat' dir='ltr'><strong>ipsi</strong></span> <span class='ocrx_word' id='word_1_409' title='bbox 897 3768 1214 3821; x_wconf 86' lang='lat' dir='ltr'><strong>Academica</strong></span> <span class='ocrx_word' id='word_1_410' title='bbox 1266 3768 1517 3837; x_wconf 82' lang='lat' dir='ltr'><strong>dogmata</strong></span> <span class='ocrx_word' id='word_1_411' title='bbox 1569 3777 1788 3822; x_wconf 90' lang='lat' dir='ltr'><strong>strenue</strong></span> <span class='ocrx_word' id='word_1_412' title='bbox 1829 3777 2082 3822; x_wconf 91' lang='lat' dir='ltr'><strong>constan-</strong></span> 
     </span>
    </p>
   </div>
   <div class='ocr_carea' id='block_1_57' title="bbox 520 3860 2081 3930">
    <p class='ocr_par' dir='ltr' id='par_1_57' title="bbox 520 3860 2081 3930">
     <span class='ocr_line' id='line_1_57' title="bbox 520 3860 2081 3930; baseline -0.001 -16"><span class='ocrx_word' id='word_1_413' title='bbox 520 3868 707 3929; x_wconf 82' lang='lat' dir='ltr'><strong>terque</strong></span> <span class='ocrx_word' id='word_1_414' title='bbox 738 3860 1118 3924; x_wconf 77' lang='lat' dir='ltr'><strong>defenderent,</strong></span> <span class='ocrx_word' id='word_1_415' title='bbox 1156 3860 1375 3930; x_wconf 81' lang='lat' dir='ltr'><strong>nequid</strong></span> <span class='ocrx_word' id='word_1_416' title='bbox 1406 3861 1545 3914; x_wconf 87' lang='lat' dir='ltr'><strong>ultra</strong></span> <span class='ocrx_word' id='word_1_417' title='bbox 1572 3860 1831 3914; x_wconf 68' lang='lat' dir='ltr'><strong>molestize</strong></span> <span class='ocrx_word' id='word_1_418' title='bbox 1866 3870 2081 3930; x_wconf 85' lang='lat' dir='ltr'><strong>patere-</strong></span> 
     </span>
    </p>
   </div>
   <div class='ocr_carea' id='block_1_58' title="bbox 521 3951 2085 4021">
    <p class='ocr_par' dir='ltr' id='par_1_58' title="bbox 521 3951 2085 4021">
     <span class='ocr_line' id='line_1_58' title="bbox 521 3951 2085 4021; baseline 0.001 -18"><span class='ocrx_word' id='word_1_419' title='bbox 521 3960 630 4015; x_wconf 90' lang='lat' dir='ltr'><strong>tur,</strong></span> <span class='ocrx_word' id='word_1_420' title='bbox 660 3951 806 4004; x_wconf 91' lang='lat' dir='ltr'><strong>domi</strong></span> <span class='ocrx_word' id='word_1_421' title='bbox 838 3951 1093 4020; x_wconf 79' lang='lat' dir='ltr'><strong>deinceps</strong></span> <span class='ocrx_word' id='word_1_422' title='bbox 1121 3952 1357 4006; x_wconf 76' lang='lat' dir='ltr'><strong>Inerebat</strong></span> <span class='ocrx_word' id='word_1_423' title='bbox 1394 3961 1651 4021; x_wconf 88' lang='lat' dir='ltr'><strong>perpetuo</strong></span> <span class='ocrx_word' id='word_1_424' title='bbox 1672 3993 1686 4016; x_wconf 93' lang='lat'><strong>,</strong></span> <span class='ocrx_word' id='word_1_425' title='bbox 1723 3966 1787 4005; x_wconf 90' lang='lat' dir='ltr'><strong>ac</strong></span> <span class='ocrx_word' id='word_1_426' title='bbox 1814 3966 1909 4020; x_wconf 86' lang='lat' dir='ltr'><strong>pro</strong></span> <span class='ocrx_word' id='word_1_427' title='bbox 1936 3952 2085 4006; x_wconf 72' lang='lat' dir='ltr'><strong>cellre</strong></span> 
     </span>
    </p>
   </div>
   <div class='ocr_carea' id='block_1_59' title="bbox 522 4041 2081 4113">
    <p class='ocr_par' dir='ltr' id='par_1_59' title="bbox 522 4041 2081 4113">
     <span class='ocr_line' id='line_1_59' title="bbox 522 4041 2081 4113; baseline 0 -16"><span class='ocrx_word' id='word_1_428' title='bbox 522 4059 635 4097; x_wconf 66' lang='lat' dir='ltr'><strong>sua:</strong></span> <span class='ocrx_word' id='word_1_429' title='bbox 665 4041 873 4098; x_wconf 88' lang='lat' dir='ltr'><strong>foribus</strong></span> <span class='ocrx_word' id='word_1_430' title='bbox 905 4043 1196 4100; x_wconf 76' lang='lat' dir='ltr'><strong>assidebat.</strong></span> <span class='ocrx_word' id='word_1_431' title='bbox 1236 4042 1434 4098; x_wconf 86' lang='lat' dir='ltr'><strong>Verum</strong></span> <span class='ocrx_word' id='word_1_432' title='bbox 1463 4043 1552 4098; x_wconf 92' lang='lat' dir='ltr'><strong>ubi</strong></span> <span class='ocrx_word' id='word_1_433' title='bbox 1583 4043 1713 4097; x_wconf 89' lang='lat' dir='ltr'><strong>nihil</strong></span> <span class='ocrx_word' id='word_1_434' title='bbox 1739 4042 1869 4113; x_wconf 78' lang='lat' dir='ltr'><strong>agit,</strong></span> <span class='ocrx_word' id='word_1_435' title='bbox 1897 4059 2081 4098; x_wconf 90' lang='lat' dir='ltr'><strong>secum</strong></span> 
     </span>
    </p>
   </div>
   <div class='ocr_carea' id='block_1_60' title="bbox 522 4136 2086 4206">
    <p class='ocr_par' dir='ltr' id='par_1_60' title="bbox 522 4136 2086 4206">
     <span class='ocr_line' id='line_1_60' title="bbox 522 4136 2086 4206; baseline -0.001 -17"><span class='ocrx_word' id='word_1_436' title='bbox 522 4136 637 4203; x_wconf 91' lang='lat' dir='ltr'><strong>ipse</strong></span> <span class='ocrx_word' id='word_1_437' title='bbox 663 4136 1051 4206; x_wconf 63' lang='lat' dir='ltr'><strong>cogitansquo</strong></span> <span class='ocrx_word' id='word_1_438' title='bbox 1081 4152 1177 4191; x_wconf 90' lang='lat' dir='ltr'><strong>sua</strong></span> <span class='ocrx_word' id='word_1_439' title='bbox 1208 4137 1310 4192; x_wconf 90' lang='lat' dir='ltr'><strong>sibi</strong></span> <span class='ocrx_word' id='word_1_440' title='bbox 1347 4136 1585 4190; x_wconf 85' lang='lat' dir='ltr'><strong>versutia</strong></span> <span class='ocrx_word' id='word_1_441' title='bbox 1613 4136 1878 4190; x_wconf 89' lang='lat' dir='ltr'><strong>recideret</strong></span> <span class='ocrx_word' id='word_1_442' title='bbox 1916 4154 1929 4190; x_wconf 90' lang='lat'><strong>:</strong></span> <span class='ocrx_word' id='word_1_443' title='bbox 1968 4144 2086 4189; x_wconf 79' lang='lat' dir='ltr'><strong>tan-</strong></span> 
     </span>
    </p>
   </div>
   <div class='ocr_carea' id='block_1_61' title="bbox 523 4225 2081 4296">
    <p class='ocr_par' dir='ltr' id='par_1_61' title="bbox 523 4225 2081 4296">
     <span class='ocr_line' id='line_1_61' title="bbox 523 4225 2081 4296; baseline 0.003 -20"><span class='ocrx_word' id='word_1_444' title='bbox 523 4227 644 4280; x_wconf 89' lang='lat' dir='ltr'><strong>dem</strong></span> <span class='ocrx_word' id='word_1_445' title='bbox 679 4226 846 4280; x_wconf 90' lang='lat' dir='ltr'><strong>animi</strong></span> <span class='ocrx_word' id='word_1_446' title='bbox 883 4242 1103 4281; x_wconf 90' lang='lat' dir='ltr'><strong>sensum</strong></span> <span class='ocrx_word' id='word_1_447' title='bbox 1149 4228 1326 4296; x_wconf 89' lang='lat' dir='ltr'><strong>palam</strong></span> <span class='ocrx_word' id='word_1_448' title='bbox 1372 4242 1436 4282; x_wconf 89' lang='lat' dir='ltr'><strong>ac</strong></span> <span class='ocrx_word' id='word_1_449' title='bbox 1480 4226 1598 4282; x_wconf 89' lang='lat' dir='ltr'><strong>sine</strong></span> <span class='ocrx_word' id='word_1_450' title='bbox 1634 4225 1757 4281; x_wconf 82' lang='lat' dir='ltr'><strong>fuco</strong></span> <span class='ocrx_word' id='word_1_451' title='bbox 1809 4225 2081 4296; x_wconf 87' lang='lat' dir='ltr'><strong>aperiens,</strong></span> 
     </span>
    </p>
   </div>
   <div class='ocr_carea' id='block_1_62' title="bbox 525 4318 2083 4389">
    <p class='ocr_par' dir='ltr' id='par_1_62' title="bbox 525 4318 2083 4389">
     <span class='ocr_line' id='line_1_62' title="bbox 525 4318 2083 4389; baseline -0.001 -16"><span class='ocrx_word' id='word_1_452' title='bbox 525 4320 806 4383; x_wconf 87' lang='lat' dir='ltr'><strong>nimirum,</strong></span> <span class='ocrx_word' id='word_1_453' title='bbox 832 4320 1027 4389; x_wconf 89' lang='lat' dir='ltr'><strong>inquit,</strong></span> <span class='ocrx_word' id='word_1_454' title='bbox 1056 4320 1262 4383; x_wconf 79' lang='lat' dir='ltr'><strong>famuli,</strong></span> <span class='ocrx_word' id='word_1_455' title='bbox 1282 4319 1437 4373; x_wconf 88' lang='lat' dir='ltr'><strong>aliter</strong></span> <span class='ocrx_word' id='word_1_456' title='bbox 1464 4320 1578 4373; x_wconf 67' lang='lat' dir='ltr'><strong>hazc</strong></span> <span class='ocrx_word' id='word_1_457' title='bbox 1608 4319 1660 4372; x_wconf 90' lang='lat' dir='ltr'><strong>in</strong></span> <span class='ocrx_word' id='word_1_458' title='bbox 1694 4318 1877 4372; x_wconf 85' lang='lat' dir='ltr'><strong>schola</strong></span> <span class='ocrx_word' id='word_1_459' title='bbox 1895 4318 2083 4388; x_wconf 90' lang='lat' dir='ltr'><strong>dispu-</strong></span> 
     </span>
    </p>
   </div>
   <div class='ocr_carea' id='block_1_63' title="bbox 523 4408 2082 4480">
    <p class='ocr_par' dir='ltr' id='par_1_63' title="bbox 523 4408 2082 4480">
     <span class='ocr_line' id='line_1_63' title="bbox 523 4408 2082 4480; baseline -0.001 -17"><span class='ocrx_word' id='word_1_460' title='bbox 523 4416 725 4475; x_wconf 85' lang='lat' dir='ltr'><strong>tamus,</strong></span> <span class='ocrx_word' id='word_1_461' title='bbox 755 4411 911 4465; x_wconf 87' lang='lat' dir='ltr'><strong>aliter</strong></span> <span class='ocrx_word' id='word_1_462' title='bbox 942 4410 1197 4465; x_wconf 82' lang='lat' dir='ltr'><strong>vivimus.</strong></span> <span class='ocrx_word' id='word_1_463' title='bbox 1233 4430 1251 4462; x_wconf 76' lang='grc' dir='ltr'><strong>ι</strong></span> <span class='ocrx_word' id='word_1_464' title='bbox 1304 4412 1381 4463; x_wconf 88' lang='lat' dir='ltr'><strong>Ac</strong></span> <span class='ocrx_word' id='word_1_465' title='bbox 1412 4410 1480 4465; x_wconf 89' lang='lat' dir='ltr'><strong>de</strong></span> <span class='ocrx_word' id='word_1_466' title='bbox 1502 4408 1711 4479; x_wconf 86' lang='lat' dir='ltr'><strong>Lacyde</strong></span> <span class='ocrx_word' id='word_1_467' title='bbox 1741 4409 1957 4480; x_wconf 91' lang='lat' dir='ltr'><strong>quidem</strong></span> <span class='ocrx_word' id='word_1_468' title='bbox 1986 4410 2082 4461; x_wconf 76' lang='lat' dir='ltr'><strong>Ita-</strong></span> 
     </span>
    </p>
   </div>
   <div class='ocr_carea' id='block_1_64' title="bbox 2171 1911 3753 1982">
    <p class='ocr_par' dir='ltr' id='par_1_64' title="bbox 2171 1911 3753 1982">
     <span class='ocr_line' id='line_1_64' title="bbox 2171 1911 3753 1982; baseline -0.004 -13"><span class='ocrx_word' id='word_1_469' title='bbox 2171 1915 2317 1982; x_wconf 86' lang='grc' dir='ltr'>θεὰς,</span> <span class='ocrx_word' id='word_1_470' title='bbox 2347 1916 2502 1969; x_wconf 79' lang='grc' dir='ltr'>ἄλλαι</span> <span class='ocrx_word' id='word_1_471' title='bbox 2535 1932 2592 1968; x_wconf 88' lang='grc' dir='ltr'><strong>τε</strong></span> <span class='ocrx_word' id='word_1_472' title='bbox 2618 1916 2739 1968; x_wconf 78' lang='grc' dir='ltr'>ὅσαι</span> <span class='ocrx_word' id='word_1_473' title='bbox 2766 1916 2822 1967; x_wconf 85' lang='grc' dir='ltr'><strong>ἐν</strong></span> <span class='ocrx_word' id='word_1_474' title='bbox 2850 1914 3128 1976; x_wconf 79' lang='grc' dir='ltr'>ἀπιστίαις</span> <span class='ocrx_word' id='word_1_475' title='bbox 3161 1911 3640 1982; x_wconf 80' lang='grc' dir='ltr'>δεινολογουμένων</span> <span class='ocrx_word' id='word_1_476' title='bbox 3675 1913 3753 1964; x_wconf 78' lang='grc' dir='ltr'>εί-</span> 
     </span>
    </p>
   </div>
   <div class='ocr_carea' id='block_1_65' title="bbox 2171 2025 3753 2099">
    <p class='ocr_par' dir='ltr' id='par_1_65' title="bbox 2171 2025 3753 2099">
     <span class='ocr_line' id='line_1_65' title="bbox 2171 2025 3753 2099; baseline -0.003 -18"><span class='ocrx_word' id='word_1_477' title='bbox 2171 2028 2253 2081; x_wconf 71' lang='grc' dir='ltr'><strong>σὶν</strong></span> <span class='ocrx_word' id='word_1_478' title='bbox 2280 2029 2492 2099; x_wconf 85' lang='grc' dir='ltr'>ἄτεχνοι</span> <span class='ocrx_word' id='word_1_479' title='bbox 2518 2027 2748 2091; x_wconf 79' lang='grc' dir='ltr'>πίστεις,</span> <span class='ocrx_word' id='word_1_480' title='bbox 2803 2025 2976 2080; x_wconf 78' lang='grc' dir='ltr'>ταῦτα</span> <span class='ocrx_word' id='word_1_481' title='bbox 3024 2026 3202 2081; x_wconf 84' lang='grc' dir='ltr'>πάντα</span> <span class='ocrx_word' id='word_1_482' title='bbox 3259 2025 3473 2094; x_wconf 79' lang='grc' dir='ltr'>ἐλέγετο</span> <span class='ocrx_word' id='word_1_483' title='bbox 3508 2025 3605 2097; x_wconf 81' lang='grc' dir='ltr'><strong>βοῇ</strong></span> <span class='ocrx_word' id='word_1_484' title='bbox 3655 2027 3753 2079; x_wconf 68' lang='grc' dir='ltr'><strong>καὶ</strong></span> 
     </span>
    </p>
   </div>
   <div class='ocr_carea' id='block_1_66' title="bbox 2170 2114 3756 2191">
    <p class='ocr_par' dir='ltr' id='par_1_66' title="bbox 2170 2114 3756 2191">
     <span class='ocr_line' id='line_1_66' title="bbox 2170 2114 3756 2191; baseline -0.003 -18"><span class='ocrx_word' id='word_1_485' title='bbox 2170 2119 2498 2191; x_wconf 72' lang='grc' dir='ltr'>ἀξιοπιστίᾳ.</span> <span class='ocrx_word' id='word_1_486' title='bbox 2534 2119 2811 2173; x_wconf 83' lang='grc' dir='ltr'>Τελευτῶν</span> <span class='ocrx_word' id='word_1_487' title='bbox 2837 2120 2916 2179; x_wconf 84' lang='grc' dir='ltr'><strong>δὲ,</strong></span> <span class='ocrx_word' id='word_1_488' title='bbox 2949 2120 3071 2172; x_wconf 71' lang='grc' dir='ltr'>ἐπεὶ</span> <span class='ocrx_word' id='word_1_489' title='bbox 3100 2118 3280 2189; x_wconf 80' lang='grc' dir='ltr'>μάχην</span> <span class='ocrx_word' id='word_1_490' title='bbox 3306 2114 3449 2188; x_wconf 73' lang='grc' dir='ltr'>εἶχεν</span> <span class='ocrx_word' id='word_1_491' title='bbox 3475 2118 3756 2184; x_wconf 79' lang='grc' dir='ltr'>ἀντιλεγο-</span> 
     </span>
    </p>
   </div>
   <div class='ocr_carea' id='block_1_67' title="bbox 2174 2210 3756 2283">
    <p class='ocr_par' dir='ltr' id='par_1_67' title="bbox 2174 2210 3756 2283">
     <span class='ocr_line' id='line_1_67' title="bbox 2174 2210 3756 2283; baseline -0.004 -17"><span class='ocrx_word' id='word_1_492' title='bbox 2174 2212 2339 2283; x_wconf 85' lang='grc' dir='ltr'>μένην</span> <span class='ocrx_word' id='word_1_493' title='bbox 2368 2212 2459 2265; x_wconf 74' lang='grc' dir='ltr'><strong>ἐπὶ</strong></span> <span class='ocrx_word' id='word_1_494' title='bbox 2484 2212 2581 2282; x_wconf 86' lang='grc' dir='ltr'>τῆς</span> <span class='ocrx_word' id='word_1_495' title='bbox 2610 2211 2809 2274; x_wconf 79' lang='grc' dir='ltr'>οἰκίας,</span> <span class='ocrx_word' id='word_1_496' title='bbox 2840 2210 2999 2273; x_wconf 75' lang='grc' dir='ltr'>αὐτὸς</span> <span class='ocrx_word' id='word_1_497' title='bbox 3035 2210 3134 2281; x_wconf 79' lang='grc' dir='ltr'><strong>μὲν</strong></span> <span class='ocrx_word' id='word_1_498' title='bbox 3169 2210 3234 2264; x_wconf 83' lang='grc' dir='ltr'><strong>ἂν</strong></span> <span class='ocrx_word' id='word_1_499' title='bbox 3260 2210 3526 2281; x_wconf 83' lang='grc' dir='ltr'>δήπουθεν</span> <span class='ocrx_word' id='word_1_500' title='bbox 3558 2211 3756 2261; x_wconf 81' lang='grc' dir='ltr'>ἐστωῖ-</span> 
     </span>
    </p>
   </div>
   <div class='ocr_carea' id='block_1_68' title="bbox 2171 2298 3756 2371">
    <p class='ocr_par' dir='ltr' id='par_1_68' title="bbox 2171 2298 3756 2371">
     <span class='ocr_line' id='line_1_68' title="bbox 2171 2298 3756 2371; baseline -0.004 -16"><span class='ocrx_word' id='word_1_501' title='bbox 2171 2302 2359 2355; x_wconf 77' lang='grc' dir='ltr'>κεόετο</span> <span class='ocrx_word' id='word_1_502' title='bbox 2383 2300 2522 2371; x_wconf 82' lang='grc' dir='ltr'>πρὸς</span> <span class='ocrx_word' id='word_1_503' title='bbox 2546 2301 2673 2363; x_wconf 72' lang='grc' dir='ltr'>τοὺς</span> <span class='ocrx_word' id='word_1_504' title='bbox 2701 2300 2913 2362; x_wconf 61' lang='grc' dir='ltr'>παῖδας</span> <span class='ocrx_word' id='word_1_505' title='bbox 2937 2299 3045 2352; x_wconf 89' lang='grc' dir='ltr'><strong>τῶν</strong></span> <span class='ocrx_word' id='word_1_506' title='bbox 3097 2298 3301 2351; x_wconf 84' lang='grc' dir='ltr'>παίδων</span> <span class='ocrx_word' id='word_1_507' title='bbox 3326 2299 3381 2351; x_wconf 82' lang='grc' dir='ltr'><strong>δὲ</strong></span> <span class='ocrx_word' id='word_1_508' title='bbox 3412 2299 3478 2351; x_wconf 86' lang='grc' dir='ltr'><strong>τά</strong></span> <span class='ocrx_word' id='word_1_509' title='bbox 3521 2299 3756 2370; x_wconf 80' lang='grc' dir='ltr'>Ἀκαδη-</span> 
     </span>
    </p>
   </div>
   <div class='ocr_carea' id='block_1_69' title="bbox 2176 2390 3754 2462">
    <p class='ocr_par' dir='ltr' id='par_1_69' title="bbox 2176 2390 3754 2462">
     <span class='ocr_line' id='line_1_69' title="bbox 2176 2390 3754 2462; baseline -0.003 -17"><span class='ocrx_word' id='word_1_510' title='bbox 2176 2390 2347 2462; x_wconf 86' lang='grc' dir='ltr'>μαϊκά</span> <span class='ocrx_word' id='word_1_511' title='bbox 2381 2390 2833 2461; x_wconf 77' lang='grc' dir='ltr'>ἰσχυριζομένων,</span> <span class='ocrx_word' id='word_1_512' title='bbox 2886 2391 2971 2443; x_wconf 86' lang='grc' dir='ltr'><strong>ἵνα</strong></span> <span class='ocrx_word' id='word_1_513' title='bbox 3022 2390 3216 2461; x_wconf 82' lang='grc' dir='ltr'>μηκέτι</span> <span class='ocrx_word' id='word_1_514' title='bbox 3267 2390 3566 2460; x_wconf 82' lang='grc' dir='ltr'>πράγματα</span> <span class='ocrx_word' id='word_1_515' title='bbox 3617 2390 3754 2458; x_wconf 77' lang='grc' dir='ltr'>ἔχοι,</span> 
     </span>
    </p>
   </div>
   <div class='ocr_carea' id='block_1_70' title="bbox 2172 2480 3759 2556">
    <p class='ocr_par' dir='ltr' id='par_1_70' title="bbox 2172 2480 3759 2556">
     <span class='ocr_line' id='line_1_70' title="bbox 2172 2480 3759 2556; baseline -0.002 -18"><span class='ocrx_word' id='word_1_516' title='bbox 2172 2484 2417 2556; x_wconf 78' lang='grc' dir='ltr'>οἰκουρὸς</span> <span class='ocrx_word' id='word_1_517' title='bbox 2446 2480 2514 2554; x_wconf 80' lang='grc' dir='ltr'>ἦν</span> <span class='ocrx_word' id='word_1_518' title='bbox 2548 2484 2698 2552; x_wconf 79' lang='grc' dir='ltr'>φίλος</span> <span class='ocrx_word' id='word_1_519' title='bbox 2722 2484 2816 2538; x_wconf 82' lang='grc' dir='ltr'>τοῦ</span> <span class='ocrx_word' id='word_1_520' title='bbox 2847 2484 3096 2554; x_wconf 76' lang='grc' dir='ltr'>ταμιείου</span> <span class='ocrx_word' id='word_1_521' title='bbox 3126 2484 3557 2555; x_wconf 78' lang='grc' dir='ltr'>προκαθήμενος.</span> <span class='ocrx_word' id='word_1_522' title='bbox 3587 2484 3759 2535; x_wconf 72' lang='grc' dir='ltr'>Οὐδὲν</span> 
     </span>
    </p>
   </div>
   <div class='ocr_carea' id='block_1_71' title="bbox 2173 2572 3759 2645">
    <p class='ocr_par' dir='ltr' id='par_1_71' title="bbox 2173 2572 3759 2645">
     <span class='ocr_line' id='line_1_71' title="bbox 2173 2572 3759 2645; baseline -0.003 -16"><span class='ocrx_word' id='word_1_523' title='bbox 2173 2576 2230 2629; x_wconf 85' lang='grc' dir='ltr'>δὲ</span> <span class='ocrx_word' id='word_1_524' title='bbox 2264 2578 2342 2638; x_wconf 78' lang='grc' dir='ltr'><strong>είς</strong></span> <span class='ocrx_word' id='word_1_525' title='bbox 2373 2576 2525 2630; x_wconf 82' lang='grc' dir='ltr'>οὐδὲν</span> <span class='ocrx_word' id='word_1_526' title='bbox 2560 2576 2802 2644; x_wconf 86' lang='grc' dir='ltr'>ὠφελῶν,</span> <span class='ocrx_word' id='word_1_527' title='bbox 2855 2576 3201 2645; x_wconf 79' lang='grc' dir='ltr'>ὑπειδόμενος</span> <span class='ocrx_word' id='word_1_528' title='bbox 3227 2572 3281 2628; x_wconf 77' lang='grc' dir='ltr'>οἷ</span> <span class='ocrx_word' id='word_1_529' title='bbox 3300 2576 3360 2629; x_wconf 84' lang='grc' dir='ltr'><strong>τὸ</strong></span> <span class='ocrx_word' id='word_1_530' title='bbox 3415 2576 3575 2644; x_wconf 73' lang='grc' dir='ltr'>σοφὸν</span> <span class='ocrx_word' id='word_1_531' title='bbox 3605 2574 3759 2644; x_wconf 74' lang='grc' dir='ltr'><strong>αὑτῷ</strong></span> 
     </span>
    </p>
   </div>
   <div class='ocr_carea' id='block_1_72' title="bbox 2176 2660 3757 2739">
    <p class='ocr_par' dir='ltr' id='par_1_72' title="bbox 2176 2660 3757 2739">
     <span class='ocr_line' id='line_1_72' title="bbox 2176 2660 3757 2739; baseline -0.003 -19"><span class='ocrx_word' id='word_1_532' title='bbox 2176 2667 2415 2739; x_wconf 76' lang='grc' dir='ltr'>ἔρχεται,</span> <span class='ocrx_word' id='word_1_533' title='bbox 2448 2665 2854 2734; x_wconf 75' lang='grc' dir='ltr'>ἀπεκαλύψατο.</span> <span class='ocrx_word' id='word_1_534' title='bbox 2890 2666 3115 2729; x_wconf 73' lang='grc' dir='ltr'>Ἄλλως,</span> <span class='ocrx_word' id='word_1_535' title='bbox 3163 2666 3287 2735; x_wconf 78' lang='grc' dir='ltr'>ἔφη,</span> <span class='ocrx_word' id='word_1_536' title='bbox 3324 2664 3516 2725; x_wconf 77' lang='grc' dir='ltr'>ταῦτα,</span> <span class='ocrx_word' id='word_1_537' title='bbox 3548 2660 3593 2717; x_wconf 86' lang='grc' dir='ltr'><strong>ὦ</strong></span> <span class='ocrx_word' id='word_1_538' title='bbox 3627 2668 3757 2717; x_wconf 78' lang='grc' dir='ltr'>παῖ-</span> 
     </span>
    </p>
   </div>
   <div class='ocr_carea' id='block_1_73' title="bbox 2174 2757 3753 2830">
    <p class='ocr_par' dir='ltr' id='par_1_73' title="bbox 2174 2757 3753 2830">
     <span class='ocr_line' id='line_1_73' title="bbox 2174 2757 3753 2830; baseline -0.003 -17"><span class='ocrx_word' id='word_1_539' title='bbox 2174 2760 2280 2823; x_wconf 88' lang='grc' dir='ltr'>δες,</span> <span class='ocrx_word' id='word_1_540' title='bbox 2302 2762 2358 2812; x_wconf 88' lang='grc' dir='ltr'><strong>ἐν</strong></span> <span class='ocrx_word' id='word_1_541' title='bbox 2380 2762 2497 2823; x_wconf 88' lang='grc' dir='ltr'>ταῖς</span> <span class='ocrx_word' id='word_1_542' title='bbox 2512 2759 2811 2830; x_wconf 75' lang='grc' dir='ltr'>διατριϐαῖς</span> <span class='ocrx_word' id='word_1_543' title='bbox 2827 2758 3038 2826; x_wconf 83' lang='grc' dir='ltr'>λέγεται</span> <span class='ocrx_word' id='word_1_544' title='bbox 3059 2761 3208 2828; x_wconf 78' lang='grc' dir='ltr'>ἡμῖν,</span> <span class='ocrx_word' id='word_1_545' title='bbox 3227 2758 3398 2821; x_wconf 84' lang='grc' dir='ltr'>ἄλλως</span> <span class='ocrx_word' id='word_1_546' title='bbox 3416 2758 3472 2811; x_wconf 79' lang='grc' dir='ltr'>δὲ</span> <span class='ocrx_word' id='word_1_547' title='bbox 3486 2757 3690 2827; x_wconf 79' lang='grc' dir='ltr'>ζῶμεν.</span> <span class='ocrx_word' id='word_1_548' title='bbox 3735 2777 3753 2808; x_wconf 73' lang='grc' dir='ltr'><strong>ι</strong></span> 
     </span>
    </p>
   </div>
   <div class='ocr_carea' id='block_1_74' title="bbox 2179 2849 3759 2923">
    <p class='ocr_par' dir='ltr' id='par_1_74' title="bbox 2179 2849 3759 2923">
     <span class='ocr_line' id='line_1_74' title="bbox 2179 2849 3759 2923; baseline -0.003 -18"><span class='ocrx_word' id='word_1_549' title='bbox 2179 2851 2361 2906; x_wconf 80' lang='grc' dir='ltr'>Ταῦτα</span> <span class='ocrx_word' id='word_1_550' title='bbox 2390 2851 2486 2921; x_wconf 85' lang='grc' dir='ltr'><strong>μὲν</strong></span> <span class='ocrx_word' id='word_1_551' title='bbox 2523 2852 2616 2904; x_wconf 66' lang='grc' dir='ltr'><strong>καλ⁵</strong></span> <span class='ocrx_word' id='word_1_552' title='bbox 2642 2852 2769 2923; x_wconf 73' lang='grc' dir='ltr'>περὶ</span> <span class='ocrx_word' id='word_1_553' title='bbox 2796 2849 2888 2903; x_wconf 83' lang='grc' dir='ltr'>τοῦ</span> <span class='ocrx_word' id='word_1_554' title='bbox 2916 2850 3179 2907; x_wconf 75' lang='grc' dir='ltr'>Λακύδου.</span> <span class='ocrx_word' id='word_1_555' title='bbox 3212 2849 3411 2903; x_wconf 79' lang='grc' dir='ltr'>Τούτου</span> <span class='ocrx_word' id='word_1_556' title='bbox 3433 2849 3487 2902; x_wconf 84' lang='grc' dir='ltr'>δὲ</span> <span class='ocrx_word' id='word_1_557' title='bbox 3513 2850 3759 2917; x_wconf 85' lang='grc' dir='ltr'>γίνονται</span> 
     </span>
    </p>
   </div>
   <div class='ocr_carea' id='block_1_75' title="bbox 2178 2935 3760 3013">
    <p class='ocr_par' dir='ltr' id='par_1_75' title="bbox 2178 2935 3760 3013">
     <span class='ocr_line' id='line_1_75' title="bbox 2178 2935 3760 3013; baseline -0.003 -16"><span class='ocrx_word' id='word_1_558' title='bbox 2178 2944 2439 2997; x_wconf 71' lang='grc' dir='ltr'>ἀκουσταὶ</span> <span class='ocrx_word' id='word_1_559' title='bbox 2482 2943 2688 3005; x_wconf 79' lang='grc' dir='ltr'>πολλοὶ,</span> <span class='ocrx_word' id='word_1_560' title='bbox 2738 2935 2812 2996; x_wconf 82' lang='grc' dir='ltr'>ὧν</span> <span class='ocrx_word' id='word_1_561' title='bbox 2856 2938 2935 3007; x_wconf 73' lang='grc' dir='ltr'>εἷς</span> <span class='ocrx_word' id='word_1_562' title='bbox 2971 2938 3038 3013; x_wconf 81' lang='grc' dir='ltr'>ἦν</span> <span class='ocrx_word' id='word_1_563' title='bbox 3065 2942 3329 3011; x_wconf 65' lang='grc' dir='ltr'>διαφανὴς</span> <span class='ocrx_word' id='word_1_564' title='bbox 3370 2944 3399 2994; x_wconf 91' lang='lat'><strong>6</strong></span> <span class='ocrx_word' id='word_1_565' title='bbox 3444 2942 3760 3011; x_wconf 80' lang='grc' dir='ltr'>Κυρηναῖος</span> 
     </span>
    </p>
   </div>
   <div class='ocr_carea' id='block_1_76' title="bbox 2192 3032 3757 3105">
    <p class='ocr_par' dir='ltr' id='par_1_76' title="bbox 2192 3032 3757 3105">
     <span class='ocr_line' id='line_1_76' title="bbox 2192 3032 3757 3105; baseline 0 -20"><span class='ocrx_word' id='word_1_566' title='bbox 2192 3034 2562 3105; x_wconf 69' lang='grc' dir='ltr'>Ἀρίστιππος,</span> <span class='ocrx_word' id='word_1_567' title='bbox 2611 3035 2705 3087; x_wconf 85' lang='grc' dir='ltr'>Ἐκ</span> <span class='ocrx_word' id='word_1_568' title='bbox 2748 3034 2963 3087; x_wconf 87' lang='grc' dir='ltr'>πάντων</span> <span class='ocrx_word' id='word_1_569' title='bbox 3008 3034 3053 3086; x_wconf 82' lang='grc' dir='ltr'>δ’</span> <span class='ocrx_word' id='word_1_570' title='bbox 3088 3033 3251 3086; x_wconf 76' lang='grc' dir='ltr'>αὐτοῦ</span> <span class='ocrx_word' id='word_1_571' title='bbox 3280 3033 3388 3086; x_wconf 85' lang='grc' dir='ltr'><strong>τῶν</strong></span> <span class='ocrx_word' id='word_1_572' title='bbox 3439 3032 3757 3104; x_wconf 83' lang='grc' dir='ltr'>γνωρίμων,</span> 
     </span>
    </p>
   </div>
   <div class='ocr_carea' id='block_1_77' title="bbox 2180 3124 3762 3196">
    <p class='ocr_par' dir='ltr' id='par_1_77' title="bbox 2180 3124 3762 3196">
     <span class='ocr_line' id='line_1_77' title="bbox 2180 3124 3762 3196; baseline 0 -18"><span class='ocrx_word' id='word_1_573' title='bbox 2180 3126 2278 3196; x_wconf 82' lang='grc' dir='ltr'>τὴν</span> <span class='ocrx_word' id='word_1_574' title='bbox 2309 3125 2501 3195; x_wconf 83' lang='grc' dir='ltr'>σχολὴν</span> <span class='ocrx_word' id='word_1_575' title='bbox 2554 3124 2717 3178; x_wconf 80' lang='grc' dir='ltr'>αὑτοῦ</span> <span class='ocrx_word' id='word_1_576' title='bbox 2771 3124 3038 3189; x_wconf 80' lang='grc' dir='ltr'>διεδέξατο</span> <span class='ocrx_word' id='word_1_577' title='bbox 3079 3124 3344 3196; x_wconf 72' lang='grc' dir='ltr'>Εὔανδρος</span> <span class='ocrx_word' id='word_1_578' title='bbox 3395 3125 3483 3179; x_wconf 78' lang='grc' dir='ltr'>καὶ</span> <span class='ocrx_word' id='word_1_579' title='bbox 3507 3125 3557 3177; x_wconf 81' lang='grc' dir='ltr'>οἱ</span> <span class='ocrx_word' id='word_1_580' title='bbox 3616 3125 3762 3195; x_wconf 84' lang='grc' dir='ltr'><strong>μετά</strong></span> 
     </span>
    </p>
   </div>
   <div class='ocr_carea' id='block_1_78' title="bbox 2179 3214 3763 3287">
    <p class='ocr_par' dir='ltr' id='par_1_78' title="bbox 2179 3214 3763 3287">
     <span class='ocr_line' id='line_1_78' title="bbox 2179 3214 3763 3287; baseline 0.001 -20"><span class='ocrx_word' id='word_1_581' title='bbox 2179 3214 2385 3269; x_wconf 78' lang='grc' dir='ltr'>τοῦτον.</span> <span class='ocrx_word' id='word_1_582' title='bbox 2412 3216 2543 3270; x_wconf 85' lang='grc' dir='ltr'>Μεθ’</span> <span class='ocrx_word' id='word_1_583' title='bbox 2572 3215 2663 3280; x_wconf 75' lang='grc' dir='ltr'><strong>οὓς</strong></span> <span class='ocrx_word' id='word_1_584' title='bbox 2718 3216 3035 3287; x_wconf 82' lang='grc' dir='ltr'>Καρνεάδης</span> <span class='ocrx_word' id='word_1_585' title='bbox 3070 3216 3462 3286; x_wconf 84' lang='grc' dir='ltr'>ὑποδεξάμενος</span> <span class='ocrx_word' id='word_1_586' title='bbox 3506 3216 3605 3287; x_wconf 76' lang='grc' dir='ltr'>τὴν</span> <span class='ocrx_word' id='word_1_587' title='bbox 3640 3216 3763 3269; x_wconf 85' lang='grc' dir='ltr'>δια-</span> 
     </span>
    </p>
   </div>
   <div class='ocr_carea' id='block_1_79' title="bbox 2177 3304 3762 3377">
    <p class='ocr_par' dir='ltr' id='par_1_79' title="bbox 2177 3304 3762 3377">
     <span class='ocr_line' id='line_1_79' title="bbox 2177 3304 3762 3377; baseline -0.001 -18"><span class='ocrx_word' id='word_1_588' title='bbox 2177 3304 2389 3375; x_wconf 81' lang='grc' dir='ltr'>τριϐὴν,</span> <span class='ocrx_word' id='word_1_589' title='bbox 2426 3306 2616 3377; x_wconf 84' lang='grc' dir='ltr'>τρίτην</span> <span class='ocrx_word' id='word_1_590' title='bbox 2644 3308 3007 3377; x_wconf 83' lang='grc' dir='ltr'>συνεστήσατο</span> <span class='ocrx_word' id='word_1_591' title='bbox 3050 3306 3398 3377; x_wconf 83' lang='grc' dir='ltr'>Ἀκαδημίαν.</span> <span class='ocrx_word' id='word_1_592' title='bbox 3435 3306 3624 3373; x_wconf 87' lang='grc' dir='ltr'>Λόγων</span> <span class='ocrx_word' id='word_1_593' title='bbox 3659 3306 3762 3376; x_wconf 82' lang='grc' dir='ltr'>μὲν</span> 
     </span>
    </p>
   </div>
   <div class='ocr_carea' id='block_1_80' title="bbox 2179 3392 3762 3471">
    <p class='ocr_par' dir='ltr' id='par_1_80' title="bbox 2179 3392 3762 3471">
     <span class='ocr_line' id='line_1_80' title="bbox 2179 3392 3762 3471; baseline 0 -22"><span class='ocrx_word' id='word_1_594' title='bbox 2179 3393 2271 3450; x_wconf 78' lang='grc' dir='ltr'><strong>οὖν</strong></span> <span class='ocrx_word' id='word_1_595' title='bbox 2296 3399 2485 3468; x_wconf 76' lang='grc' dir='ltr'>ἀγωγῇ</span> <span class='ocrx_word' id='word_1_596' title='bbox 2514 3392 2857 3471; x_wconf 81' lang='grc' dir='ltr'>ἐχρήσατο,ᾖ</span> <span class='ocrx_word' id='word_1_597' title='bbox 2889 3399 2980 3452; x_wconf 72' lang='grc' dir='ltr'><strong>καὶ</strong></span> <span class='ocrx_word' id='word_1_598' title='bbox 3028 3399 3056 3450; x_wconf 87' lang='grc' dir='ltr'>ὁ</span> <span class='ocrx_word' id='word_1_599' title='bbox 3095 3397 3457 3469; x_wconf 84' lang='grc' dir='ltr'>Ἀρκεσίλαος·</span> <span class='ocrx_word' id='word_1_600' title='bbox 3498 3399 3590 3450; x_wconf 77' lang='grc' dir='ltr'><strong>καὶ</strong></span> <span class='ocrx_word' id='word_1_601' title='bbox 3648 3398 3762 3467; x_wconf 78' lang='grc' dir='ltr'><strong>γάρ</strong></span> 
     </span>
    </p>
   </div>
   <div class='ocr_carea' id='block_1_81' title="bbox 2180 3490 3761 3562">
    <p class='ocr_par' dir='ltr' id='par_1_81' title="bbox 2180 3490 3761 3562">
     <span class='ocr_line' id='line_1_81' title="bbox 2180 3490 3761 3562; baseline -0.001 -18"><span class='ocrx_word' id='word_1_602' title='bbox 2180 3490 2341 3553; x_wconf 74' lang='grc' dir='ltr'>αὐτὸς</span> <span class='ocrx_word' id='word_1_603' title='bbox 2368 3492 2657 3562; x_wconf 78' lang='grc' dir='ltr'>ἐπετήδευε</span> <span class='ocrx_word' id='word_1_604' title='bbox 2702 3490 2798 3562; x_wconf 82' lang='grc' dir='ltr'>τὴν</span> <span class='ocrx_word' id='word_1_605' title='bbox 2849 3492 2928 3554; x_wconf 86' lang='grc' dir='ltr'>εἰς</span> <span class='ocrx_word' id='word_1_606' title='bbox 2983 3491 3224 3561; x_wconf 79' lang='grc' dir='ltr'>ἑκάτερα</span> <span class='ocrx_word' id='word_1_607' title='bbox 3274 3491 3635 3562; x_wconf 78' lang='grc' dir='ltr'>ἐπιχείρησιν,</span> <span class='ocrx_word' id='word_1_608' title='bbox 3665 3491 3761 3543; x_wconf 70' lang='grc' dir='ltr'>καὶ</span> 
     </span>
    </p>
   </div>
   <div class='ocr_carea' id='block_1_82' title="bbox 2181 3583 3766 3655">
    <p class='ocr_par' dir='ltr' id='par_1_82' title="bbox 2181 3583 3766 3655">
     <span class='ocr_line' id='line_1_82' title="bbox 2181 3583 3766 3655; baseline -0.001 -19"><span class='ocrx_word' id='word_1_609' title='bbox 2181 3587 2357 3637; x_wconf 72' lang='grc' dir='ltr'>πάντα</span> <span class='ocrx_word' id='word_1_610' title='bbox 2390 3584 2724 3649; x_wconf 76' lang='grc' dir='ltr'>ἀνεσκεύαζε</span> <span class='ocrx_word' id='word_1_611' title='bbox 2746 3584 2815 3637; x_wconf 74' lang='grc' dir='ltr'>τὰ</span> <span class='ocrx_word' id='word_1_612' title='bbox 2840 3584 2943 3639; x_wconf 74' lang='grc' dir='ltr'><strong>ὑπὸ</strong></span> <span class='ocrx_word' id='word_1_613' title='bbox 2963 3583 3070 3637; x_wconf 90' lang='grc' dir='ltr'><strong>τῶν</strong></span> <span class='ocrx_word' id='word_1_614' title='bbox 3093 3584 3266 3638; x_wconf 79' lang='grc' dir='ltr'>ἄλλων</span> <span class='ocrx_word' id='word_1_615' title='bbox 3294 3584 3579 3654; x_wconf 87' lang='grc' dir='ltr'>λεγόμενα·</span> <span class='ocrx_word' id='word_1_616' title='bbox 3613 3584 3766 3655; x_wconf 81' lang='grc' dir='ltr'>μόνῳ</span> 
     </span>
    </p>
   </div>
   <div class='ocr_carea' id='block_1_83' title="bbox 2180 3674 3763 3748">
    <p class='ocr_par' dir='ltr' id='par_1_83' title="bbox 2180 3674 3763 3748">
     <span class='ocr_line' id='line_1_83' title="bbox 2180 3674 3763 3748; baseline 0 -17"><span class='ocrx_word' id='word_1_617' title='bbox 2180 3678 2223 3731; x_wconf 78' lang='grc' dir='ltr'>δ’</span> <span class='ocrx_word' id='word_1_618' title='bbox 2258 3679 2314 3730; x_wconf 85' lang='grc' dir='ltr'><strong>ἐν</strong></span> <span class='ocrx_word' id='word_1_619' title='bbox 2346 3676 2425 3747; x_wconf 81' lang='grc' dir='ltr'>τῷ</span> <span class='ocrx_word' id='word_1_620' title='bbox 2456 3676 2581 3748; x_wconf 84' lang='grc' dir='ltr'>περί</span> <span class='ocrx_word' id='word_1_621' title='bbox 2606 3676 2707 3745; x_wconf 82' lang='grc' dir='ltr'>τῆς</span> <span class='ocrx_word' id='word_1_622' title='bbox 2734 3676 2936 3746; x_wconf 81' lang='grc' dir='ltr'>ἐποχῆς</span> <span class='ocrx_word' id='word_1_623' title='bbox 2966 3674 3110 3745; x_wconf 85' lang='grc' dir='ltr'>λόγῳ</span> <span class='ocrx_word' id='word_1_624' title='bbox 3162 3675 3299 3745; x_wconf 78' lang='grc' dir='ltr'>πρὸς</span> <span class='ocrx_word' id='word_1_625' title='bbox 3342 3674 3504 3729; x_wconf 74' lang='grc' dir='ltr'>αὐτὸν</span> <span class='ocrx_word' id='word_1_626' title='bbox 3552 3676 3763 3747; x_wconf 81' lang='grc' dir='ltr'>διέστη.</span> 
     </span>
    </p>
   </div>
   <div class='ocr_carea' id='block_1_84' title="bbox 2182 3764 3763 3839">
    <p class='ocr_par' dir='ltr' id='par_1_84' title="bbox 2182 3764 3763 3839">
     <span class='ocr_line' id='line_1_84' title="bbox 2182 3764 3763 3839; baseline -0.001 -17"><span class='ocrx_word' id='word_1_627' title='bbox 2182 3768 2288 3837; x_wconf 83' lang='grc' dir='ltr'>φὰς</span> <span class='ocrx_word' id='word_1_628' title='bbox 2321 3768 2579 3821; x_wconf 80' lang='grc' dir='ltr'>ἀδύνατον</span> <span class='ocrx_word' id='word_1_629' title='bbox 2646 3764 2783 3821; x_wconf 78' lang='grc' dir='ltr'>εῖναι</span> <span class='ocrx_word' id='word_1_630' title='bbox 2835 3767 3121 3839; x_wconf 80' lang='grc' dir='ltr'>ἄνθρωπον</span> <span class='ocrx_word' id='word_1_631' title='bbox 3180 3767 3306 3820; x_wconf 78' lang='grc' dir='ltr'>ὄντα</span> <span class='ocrx_word' id='word_1_632' title='bbox 3342 3770 3469 3839; x_wconf 69' lang='grc' dir='ltr'>περὶ</span> <span class='ocrx_word' id='word_1_633' title='bbox 3504 3769 3763 3821; x_wconf 79' lang='grc' dir='ltr'>ἁπάντων</span> 
     </span>
    </p>
   </div>
   <div class='ocr_carea' id='block_1_85' title="bbox 2183 3856 3761 3933">
    <p class='ocr_par' dir='ltr' id='par_1_85' title="bbox 2183 3856 3761 3933">
     <span class='ocr_line' id='line_1_85' title="bbox 2183 3856 3761 3933; baseline -0.002 -18"><span class='ocrx_word' id='word_1_634' title='bbox 2183 3862 2416 3931; x_wconf 76' lang='grc' dir='ltr'>ἐπέχειν·</span> <span class='ocrx_word' id='word_1_635' title='bbox 2453 3859 2713 3931; x_wconf 82' lang='grc' dir='ltr'>διαφορὰν</span> <span class='ocrx_word' id='word_1_636' title='bbox 2754 3860 2811 3912; x_wconf 83' lang='grc' dir='ltr'>δὲ</span> <span class='ocrx_word' id='word_1_637' title='bbox 2844 3856 2981 3913; x_wconf 79' lang='grc' dir='ltr'>εἶναι</span> <span class='ocrx_word' id='word_1_638' title='bbox 3007 3860 3202 3931; x_wconf 78' lang='grc' dir='ltr'>ἀδήλου</span> <span class='ocrx_word' id='word_1_639' title='bbox 3226 3861 3320 3913; x_wconf 71' lang='grc' dir='ltr'>καὶ</span> <span class='ocrx_word' id='word_1_640' title='bbox 3350 3862 3761 3933; x_wconf 57' lang='grc' dir='ltr'>ἀκαταλήπτομ,</span> 
     </span>
    </p>
   </div>
   <div class='ocr_carea' id='block_1_86' title="bbox 2184 3946 3763 4021">
    <p class='ocr_par' dir='ltr' id='par_1_86' title="bbox 2184 3946 3763 4021">
     <span class='ocr_line' id='line_1_86' title="bbox 2184 3946 3763 4021; baseline 0.002 -18"><span class='ocrx_word' id='word_1_641' title='bbox 2184 3953 2277 4004; x_wconf 75' lang='grc' dir='ltr'><strong>καὶ</strong></span> <span class='ocrx_word' id='word_1_642' title='bbox 2327 3950 2504 4004; x_wconf 88' lang='grc' dir='ltr'>πάντα</span> <span class='ocrx_word' id='word_1_643' title='bbox 2560 3951 2658 4021; x_wconf 82' lang='grc' dir='ltr'><strong>μὲν</strong></span> <span class='ocrx_word' id='word_1_644' title='bbox 2713 3946 2849 4004; x_wconf 78' lang='grc' dir='ltr'>εἶναι</span> <span class='ocrx_word' id='word_1_645' title='bbox 2900 3952 3292 4021; x_wconf 80' lang='grc' dir='ltr'>ἀκατάληπτα,</span> <span class='ocrx_word' id='word_1_646' title='bbox 3349 3954 3410 4006; x_wconf 78' lang='grc' dir='ltr'><strong>οὐ</strong></span> <span class='ocrx_word' id='word_1_647' title='bbox 3470 3955 3649 4007; x_wconf 86' lang='grc' dir='ltr'>πάντα</span> <span class='ocrx_word' id='word_1_648' title='bbox 3701 3956 3763 4008; x_wconf 70' lang='grc' dir='ltr'>δὲ</span> 
     </span>
    </p>
   </div>
   <div class='ocr_carea' id='block_1_87' title="bbox 2184 4038 3762 4116">
    <p class='ocr_par' dir='ltr' id='par_1_87' title="bbox 2184 4038 3762 4116">
     <span class='ocr_line' id='line_1_87' title="bbox 2184 4038 3762 4116; baseline 0.002 -20"><span class='ocrx_word' id='word_1_649' title='bbox 2184 4042 2374 4113; x_wconf 83' lang='grc' dir='ltr'>ἄδηλα.</span> <span class='ocrx_word' id='word_1_650' title='bbox 2407 4044 2638 4113; x_wconf 85' lang='grc' dir='ltr'>Μετεϊχε</span> <span class='ocrx_word' id='word_1_651' title='bbox 2689 4043 2746 4096; x_wconf 75' lang='grc' dir='ltr'>δὲ</span> <span class='ocrx_word' id='word_1_652' title='bbox 2803 4038 2956 4107; x_wconf 72' lang='grc' dir='ltr'>οὗτος</span> <span class='ocrx_word' id='word_1_653' title='bbox 2989 4045 3218 4097; x_wconf 79' lang='grc' dir='ltr'>καὶτῶν</span> <span class='ocrx_word' id='word_1_654' title='bbox 3270 4046 3523 4099; x_wconf 80' lang='grc' dir='ltr'>Στωϊκῶν</span> <span class='ocrx_word' id='word_1_655' title='bbox 3567 4047 3762 4116; x_wconf 81' lang='grc' dir='ltr'>λόγων,</span> 
     </span>
    </p>
   </div>
   <div class='ocr_carea' id='block_1_88' title="bbox 2187 4136 3763 4213">
    <p class='ocr_par' dir='ltr' id='par_1_88' title="bbox 2187 4136 3763 4213">
     <span class='ocr_line' id='line_1_88' title="bbox 2187 4136 3763 4213; baseline 0.004 -26"><span class='ocrx_word' id='word_1_656' title='bbox 2187 4136 2321 4206; x_wconf 70' lang='grc' dir='ltr'>πρδς</span> <span class='ocrx_word' id='word_1_657' title='bbox 2347 4136 2439 4199; x_wconf 78' lang='grc' dir='ltr'><strong>οὓς</strong></span> <span class='ocrx_word' id='word_1_658' title='bbox 2468 4137 2557 4189; x_wconf 76' lang='grc' dir='ltr'>καὶ</span> <span class='ocrx_word' id='word_1_659' title='bbox 2592 4138 2880 4207; x_wconf 87' lang='grc' dir='ltr'>ἐριστικῶς</span> <span class='ocrx_word' id='word_1_660' title='bbox 2908 4138 3209 4208; x_wconf 75' lang='grc' dir='ltr'>ἱστάμενος,</span> <span class='ocrx_word' id='word_1_661' title='bbox 3237 4139 3329 4191; x_wconf 78' lang='grc' dir='ltr'>ἐπὶ</span> <span class='ocrx_word' id='word_1_662' title='bbox 3349 4140 3508 4193; x_wconf 80' lang='grc' dir='ltr'>πλέον</span> <span class='ocrx_word' id='word_1_663' title='bbox 3529 4142 3763 4213; x_wconf 72' lang='grc' dir='ltr'>ηὐξήθη,</span> 
     </span>
    </p>
   </div>
   <div class='ocr_carea' id='block_1_89' title="bbox 2185 4226 3765 4303">
    <p class='ocr_par' dir='ltr' id='par_1_89' title="bbox 2185 4226 3765 4303">
     <span class='ocr_line' id='line_1_89' title="bbox 2185 4226 3765 4303; baseline 0.005 -26"><span class='ocrx_word' id='word_1_664' title='bbox 2185 4226 2278 4278; x_wconf 78' lang='grc' dir='ltr'>τοῦ</span> <span class='ocrx_word' id='word_1_665' title='bbox 2308 4227 2628 4297; x_wconf 80' lang='grc' dir='ltr'>φαινομένου</span> <span class='ocrx_word' id='word_1_666' title='bbox 2679 4232 2791 4293; x_wconf 88' lang='grc' dir='ltr'>τοῖς</span> <span class='ocrx_word' id='word_1_667' title='bbox 2840 4229 3052 4292; x_wconf 88' lang='grc' dir='ltr'>πολλοῖς</span> <span class='ocrx_word' id='word_1_668' title='bbox 3113 4228 3360 4291; x_wconf 82' lang='grc' dir='ltr'>πιθανοῦ,</span> <span class='ocrx_word' id='word_1_669' title='bbox 3416 4230 3531 4283; x_wconf 78' lang='grc' dir='ltr'>ἀλλ’</span> <span class='ocrx_word' id='word_1_670' title='bbox 3554 4233 3613 4284; x_wconf 77' lang='grc' dir='ltr'><strong>οὐ</strong></span> <span class='ocrx_word' id='word_1_671' title='bbox 3666 4234 3765 4303; x_wconf 76' lang='grc' dir='ltr'>τῆς</span> 
     </span>
    </p>
   </div>
   <div class='ocr_carea' id='block_1_90' title="bbox 2187 4320 3766 4396">
    <p class='ocr_par' dir='ltr' id='par_1_90' title="bbox 2187 4320 3766 4396">
     <span class='ocr_line' id='line_1_90' title="bbox 2187 4320 3766 4396; baseline 0.005 -25"><span class='ocrx_word' id='word_1_672' title='bbox 2187 4320 2443 4389; x_wconf 87' lang='grc' dir='ltr'>ἀληθείας</span> <span class='ocrx_word' id='word_1_673' title='bbox 2471 4322 2880 4393; x_wconf 78' lang='grc' dir='ltr'>στοχαζόμενος.</span> <span class='ocrx_word' id='word_1_674' title='bbox 2937 4322 3098 4375; x_wconf 82' lang='grc' dir='ltr'>Ὅθεν</span> <span class='ocrx_word' id='word_1_675' title='bbox 3148 4325 3241 4376; x_wconf 76' lang='grc' dir='ltr'><strong>καὶ</strong></span> <span class='ocrx_word' id='word_1_676' title='bbox 3276 4323 3476 4395; x_wconf 80' lang='grc' dir='ltr'>πολλὴν</span> <span class='ocrx_word' id='word_1_677' title='bbox 3522 4326 3766 4396; x_wconf 80' lang='grc' dir='ltr'>παρέσχε</span> 
     </span>
    </p>
   </div>
   <div class='ocr_carea' id='block_1_91' title="bbox 2191 4410 3768 4487">
    <p class='ocr_par' dir='ltr' id='par_1_91' title="bbox 2191 4410 3768 4487">
     <span class='ocr_line' id='line_1_91' title="bbox 2191 4410 3768 4487; baseline 0.004 -28"><span class='ocrx_word' id='word_1_678' title='bbox 2191 4410 2301 4471; x_wconf 86' lang='grc' dir='ltr'>τοῖς</span> <span class='ocrx_word' id='word_1_679' title='bbox 2322 4410 2577 4487; x_wconf 85' lang='grc' dir='ltr'>Στωϊκοῖς</span> <span class='ocrx_word' id='word_1_680' title='bbox 2606 4411 2817 4481; x_wconf 89' lang='grc' dir='ltr'>ἀηδίαν.</span> <span class='ocrx_word' id='word_1_681' title='bbox 2854 4411 3058 4482; x_wconf 81' lang='grc' dir='ltr'>Γράφει</span> <span class='ocrx_word' id='word_1_682' title='bbox 3076 4413 3118 4466; x_wconf 82' lang='grc' dir='ltr'>δ’</span> <span class='ocrx_word' id='word_1_683' title='bbox 3149 4410 3240 4467; x_wconf 76' lang='grc' dir='ltr'><strong>οὖν</strong></span> <span class='ocrx_word' id='word_1_684' title='bbox 3288 4415 3380 4466; x_wconf 84' lang='grc' dir='ltr'><strong>καὶ</strong></span> <span class='ocrx_word' id='word_1_685' title='bbox 3404 4415 3432 4467; x_wconf 88' lang='grc' dir='ltr'>ὁ</span> <span class='ocrx_word' id='word_1_686' title='bbox 3459 4415 3768 4485; x_wconf 79' lang='grc' dir='ltr'>Νουμήνιος</span> 
     </span>
    </p>
   </div>
   <div class='ocr_carea' id='block_1_92' title="bbox 526 4493 2070 4570">
    <p class='ocr_par' dir='ltr' id='par_1_92' title="bbox 526 4499 2070 4570">
     <span class='ocr_line' id='line_1_92' title="bbox 526 4499 2070 4570; baseline -0.002 -14"><span class='ocrx_word' id='word_1_687' title='bbox 526 4512 737 4558; x_wconf 86' lang='lat' dir='ltr'><strong>etenus.</strong></span> <span class='ocrx_word' id='word_1_688' title='bbox 780 4500 953 4570; x_wconf 80' lang='lat' dir='ltr'><strong>Hujus</strong></span> <span class='ocrx_word' id='word_1_689' title='bbox 974 4501 1249 4556; x_wconf 89' lang='lat' dir='ltr'><strong>auditores</strong></span> <span class='ocrx_word' id='word_1_690' title='bbox 1273 4499 1422 4554; x_wconf 89' lang='lat' dir='ltr'><strong>fuere</strong></span> <span class='ocrx_word' id='word_1_691' title='bbox 1454 4500 1741 4570; x_wconf 87' lang='lat' dir='ltr'><strong>permulti,</strong></span> <span class='ocrx_word' id='word_1_692' title='bbox 1777 4515 1917 4569; x_wconf 85' lang='lat' dir='ltr'><strong>quos</strong></span> <span class='ocrx_word' id='word_1_693' title='bbox 1944 4502 2070 4554; x_wconf 81' lang='lat' dir='ltr'><strong>inter</strong></span> 
     </span>
    </p>
   </div>
   <div class='ocr_carea' id='block_1_93' title="bbox 2173 4493 2743 4570">
    <p class='ocr_par' dir='ltr' id='par_1_93' title="bbox 2194 4499 2743 4570">
     <span class='ocr_line' id='line_1_93' title="bbox 2194 4499 2743 4570; baseline 0.011 -18"><span class='ocrx_word' id='word_1_694' title='bbox 2194 4517 2257 4552; x_wconf 84' lang='grc' dir='ltr'><strong>πε</strong></span> <span class='ocrx_word' id='word_1_695' title='bbox 2266 4503 2318 4570; x_wconf 86' lang='grc' dir='ltr'><strong>ρί</strong></span> <span class='ocrx_word' id='word_1_696' title='bbox 2348 4499 2512 4553; x_wconf 79' lang='grc' dir='ltr'>αὐτοῦ</span> <span class='ocrx_word' id='word_1_697' title='bbox 2546 4500 2743 4559; x_wconf 79' lang='grc' dir='ltr'>ταῦτα.</span> 
     </span>
    </p>
   </div>
   <div class='ocr_carea' id='block_1_94' title="bbox 526 4590 3770 4669">
    <p class='ocr_par' dir='ltr' id='par_1_94' title="bbox 526 4590 3770 4669">
     <span class='ocr_line' id='line_1_94' title="bbox 526 4590 3770 4669; baseline 0.002 -22"><span class='ocrx_word' id='word_1_698' title='bbox 526 4594 830 4664; x_wconf 82' lang='lat' dir='ltr'><strong>Aristippus</strong></span> <span class='ocrx_word' id='word_1_699' title='bbox 879 4593 1169 4663; x_wconf 64' lang='lat' dir='ltr'><strong>Cyrenaeus</strong></span> <span class='ocrx_word' id='word_1_700' title='bbox 1202 4592 1464 4647; x_wconf 68' lang='lat' dir='ltr'><strong>cxcelluit.</strong></span> <span class='ocrx_word' id='word_1_701' title='bbox 1507 4590 1771 4647; x_wconf 89' lang='lat' dir='ltr'><strong>Omnibus</strong></span> <span class='ocrx_word' id='word_1_702' title='bbox 1808 4601 1986 4647; x_wconf 92' lang='lat' dir='ltr'><strong>tamen</strong></span> <span class='ocrx_word' id='word_1_703' title='bbox 2019 4607 2085 4646; x_wconf 78' lang='lat' dir='ltr'><strong>ex</strong></span> <span class='ocrx_word' id='word_1_704' title='bbox 2121 4592 2404 4661; x_wconf 86' lang='lat' dir='ltr'><strong>discipulis</strong></span> <span class='ocrx_word' id='word_1_705' title='bbox 2466 4591 2715 4648; x_wconf 85' lang='lat' dir='ltr'><strong>Evander</strong></span> <span class='ocrx_word' id='word_1_706' title='bbox 2771 4605 2895 4664; x_wconf 90' lang='lat' dir='ltr'><strong>post</strong></span> <span class='ocrx_word' id='word_1_707' title='bbox 2936 4612 3059 4652; x_wconf 88' lang='lat' dir='ltr'><strong>eum</strong></span> <span class='ocrx_word' id='word_1_708' title='bbox 3094 4598 3290 4653; x_wconf 73' lang='lat' dir='ltr'><strong>scltolm</strong></span> <span class='ocrx_word' id='word_1_709' title='bbox 3314 4600 3550 4669; x_wconf 69' lang='lat' dir='ltr'><strong>prmfuit,</strong></span> <span class='ocrx_word' id='word_1_710' title='bbox 3575 4614 3636 4653; x_wconf 89' lang='lat' dir='ltr'><strong>ac</strong></span> <span class='ocrx_word' id='word_1_711' title='bbox 3661 4616 3770 4655; x_wconf 66' lang='lat' dir='ltr'><strong>ea:-</strong></span> 
     </span>
    </p>
   </div>
   <div class='ocr_carea' id='block_1_95' title="bbox 528 4682 3767 4756">
    <p class='ocr_par' dir='ltr' id='par_1_95' title="bbox 528 4682 3767 4756">
     <span class='ocr_line' id='line_1_95' title="bbox 528 4682 3767 4756; baseline 0.003 -18"><span class='ocrx_word' id='word_1_712' title='bbox 528 4690 626 4739; x_wconf 71' lang='lat' dir='ltr'><strong>tvri</strong></span> <span class='ocrx_word' id='word_1_713' title='bbox 656 4686 902 4739; x_wconf 82' lang='lat' dir='ltr'><strong>eumdem</strong></span> <span class='ocrx_word' id='word_1_714' title='bbox 926 4694 1109 4752; x_wconf 89' lang='lat' dir='ltr'><strong>postea</strong></span> <span class='ocrx_word' id='word_1_715' title='bbox 1139 4684 1434 4739; x_wconf 85' lang='lat' dir='ltr'><strong>consecuti.</strong></span> <span class='ocrx_word' id='word_1_716' title='bbox 1473 4682 1682 4749; x_wconf 84' lang='lat' dir='ltr'><strong>Quibus</strong></span> <span class='ocrx_word' id='word_1_717' title='bbox 1740 4682 1992 4737; x_wconf 87' lang='lat' dir='ltr'><strong>omnibus</strong></span> <span class='ocrx_word' id='word_1_718' title='bbox 2024 4682 2320 4737; x_wconf 87' lang='lat' dir='ltr'><strong>succedens</strong></span> <span class='ocrx_word' id='word_1_719' title='bbox 2382 4685 2486 4739; x_wconf 91' lang='lat' dir='ltr'><strong>hoc</strong></span> <span class='ocrx_word' id='word_1_720' title='bbox 2522 4686 2573 4737; x_wconf 91' lang='lat' dir='ltr'><strong>in</strong></span> <span class='ocrx_word' id='word_1_721' title='bbox 2621 4687 2847 4741; x_wconf 85' lang='lat' dir='ltr'><strong>docendi</strong></span> <span class='ocrx_word' id='word_1_722' title='bbox 2904 4705 3131 4744; x_wconf 88' lang='lat' dir='ltr'><strong>munere</strong></span> <span class='ocrx_word' id='word_1_723' title='bbox 3156 4690 3499 4756; x_wconf 78' lang='lat' dir='ltr'><strong>Carneades,</strong></span> <span class='ocrx_word' id='word_1_724' title='bbox 3554 4694 3767 4747; x_wconf 82' lang='lat' dir='ltr'><strong>tertiam</strong></span> 
     </span>
    </p>
   </div>
   <div class='ocr_carea' id='block_1_96' title="bbox 529 4778 3768 4854">
    <p class='ocr_par' dir='ltr' id='par_1_96' title="bbox 529 4778 3768 4854">
     <span class='ocr_line' id='line_1_96' title="bbox 529 4778 3768 4854; baseline 0.002 -23"><span class='ocrx_word' id='word_1_725' title='bbox 529 4780 1171 4835; x_wconf 74' lang='lat' dir='ltr'><strong>rnntlztvitAcadcmiam.</strong></span> <span class='ocrx_word' id='word_1_726' title='bbox 1216 4778 1280 4832; x_wconf 86' lang='lat' dir='ltr'><strong>Et</strong></span> <span class='ocrx_word' id='word_1_727' title='bbox 1328 4780 1515 4833; x_wconf 90' lang='lat' dir='ltr'><strong>eadem</strong></span> <span class='ocrx_word' id='word_1_728' title='bbox 1570 4794 1675 4848; x_wconf 91' lang='lat' dir='ltr'><strong>qua</strong></span> <span class='ocrx_word' id='word_1_729' title='bbox 1723 4778 1995 4833; x_wconf 87' lang='lat' dir='ltr'><strong>Arcesilas</strong></span> <span class='ocrx_word' id='word_1_730' title='bbox 2026 4779 2288 4833; x_wconf 87' lang='lat' dir='ltr'><strong>orationis</strong></span> <span class='ocrx_word' id='word_1_731' title='bbox 2353 4778 2525 4834; x_wconf 89' lang='lat' dir='ltr'><strong>forma</strong></span> <span class='ocrx_word' id='word_1_732' title='bbox 2570 4783 2822 4835; x_wconf 87' lang='lat' dir='ltr'><strong>utebatur</strong></span> <span class='ocrx_word' id='word_1_733' title='bbox 2852 4784 2965 4852; x_wconf 89' lang='lat' dir='ltr'><strong>ipse</strong></span> <span class='ocrx_word' id='word_1_734' title='bbox 3001 4785 3241 4854; x_wconf 88' lang='lat' dir='ltr'><strong>quidem,</strong></span> <span class='ocrx_word' id='word_1_735' title='bbox 3300 4802 3421 4840; x_wconf 91' lang='lat' dir='ltr'><strong>cum</strong></span> <span class='ocrx_word' id='word_1_736' title='bbox 3448 4798 3501 4839; x_wconf 89' lang='lat' dir='ltr'><strong>et</strong></span> <span class='ocrx_word' id='word_1_737' title='bbox 3530 4788 3681 4839; x_wconf 89' lang='lat' dir='ltr'><strong>illum</strong></span> <span class='ocrx_word' id='word_1_738' title='bbox 3713 4804 3768 4839; x_wconf 75' lang='lat' dir='ltr'><strong>in</strong></span> 
     </span>
    </p>
   </div>
   <div class='ocr_carea' id='block_1_97' title="bbox 532 4873 3769 4945">
    <p class='ocr_par' dir='ltr' id='par_1_97' title="bbox 532 4873 3769 4945">
     <span class='ocr_line' id='line_1_97' title="bbox 532 4873 3769 4945; baseline 0.001 -16"><span class='ocrx_word' id='word_1_739' title='bbox 532 4883 818 4945; x_wconf 87' lang='lat' dir='ltr'><strong>utramque</strong></span> <span class='ocrx_word' id='word_1_740' title='bbox 846 4888 1051 4945; x_wconf 87' lang='lat' dir='ltr'><strong>partem</strong></span> <span class='ocrx_word' id='word_1_741' title='bbox 1082 4876 1389 4945; x_wconf 84' lang='lat' dir='ltr'><strong>disputandi</strong></span> <span class='ocrx_word' id='word_1_742' title='bbox 1421 4890 1625 4930; x_wconf 89' lang='lat' dir='ltr'><strong>morem</strong></span> <span class='ocrx_word' id='word_1_743' title='bbox 1653 4880 1879 4936; x_wconf 86' lang='lat' dir='ltr'><strong>teneret,</strong></span> <span class='ocrx_word' id='word_1_744' title='bbox 1912 4884 1967 4929; x_wconf 91' lang='lat' dir='ltr'><strong>et</strong></span> <span class='ocrx_word' id='word_1_745' title='bbox 2020 4890 2141 4943; x_wconf 77' lang='lat' dir='ltr'><strong>qua:</strong></span> <span class='ocrx_word' id='word_1_746' title='bbox 2178 4873 2246 4929; x_wconf 90' lang='lat' dir='ltr'><strong>ab</strong></span> <span class='ocrx_word' id='word_1_747' title='bbox 2290 4875 2411 4931; x_wconf 92' lang='lat' dir='ltr'><strong>aliis</strong></span> <span class='ocrx_word' id='word_1_748' title='bbox 2452 4876 2750 4930; x_wconf 85' lang='lat' dir='ltr'><strong>dicerentur</strong></span> <span class='ocrx_word' id='word_1_749' title='bbox 2808 4879 2991 4932; x_wconf 87' lang='lat' dir='ltr'><strong>omnia</strong></span> <span class='ocrx_word' id='word_1_750' title='bbox 3026 4880 3295 4934; x_wconf 84' lang='lat' dir='ltr'><strong>refclteret</strong></span> <span class='ocrx_word' id='word_1_751' title='bbox 3325 4899 3338 4934; x_wconf 92' lang='lat'>:</span> <span class='ocrx_word' id='word_1_752' title='bbox 3376 4890 3632 4935; x_wconf 68' lang='lat' dir='ltr'><strong>caeterum</strong></span> <span class='ocrx_word' id='word_1_753' title='bbox 3662 4897 3769 4932; x_wconf 88' lang='lat' dir='ltr'><strong>una</strong></span> 
     </span>
    </p>
   </div>
   <div class='ocr_carea' id='block_1_98' title="bbox 531 4965 3772 5041">
    <p class='ocr_par' dir='ltr' id='par_1_98' title="bbox 531 4965 3772 5041">
     <span class='ocr_line' id='line_1_98' title="bbox 531 4965 3772 5041; baseline 0.001 -22"><span class='ocrx_word' id='word_1_754' title='bbox 531 4977 645 5023; x_wconf 75' lang='lat' dir='ltr'><strong>erat</strong></span> <span class='ocrx_word' id='word_1_755' title='bbox 673 4968 1004 5024; x_wconf 88' lang='lat' dir='ltr'><strong>assensionis</strong></span> <span class='ocrx_word' id='word_1_756' title='bbox 1037 4969 1286 5032; x_wconf 79' lang='lat' dir='ltr'><strong>retentio,</strong></span> <span class='ocrx_word' id='word_1_757' title='bbox 1320 4970 1373 5020; x_wconf 89' lang='lat' dir='ltr'><strong>in</strong></span> <span class='ocrx_word' id='word_1_758' title='bbox 1401 4983 1506 5036; x_wconf 87' lang='lat' dir='ltr'><strong>qua</strong></span> <span class='ocrx_word' id='word_1_759' title='bbox 1534 4968 1602 5021; x_wconf 84' lang='lat' dir='ltr'><strong>ab</strong></span> <span class='ocrx_word' id='word_1_760' title='bbox 1641 4967 1732 5021; x_wconf 92' lang='lat' dir='ltr'><strong>illo</strong></span> <span class='ocrx_word' id='word_1_761' title='bbox 1769 4966 2075 5021; x_wconf 85' lang='lat' dir='ltr'><strong>dissideret.</strong></span> <span class='ocrx_word' id='word_1_762' title='bbox 2113 4965 2321 5037; x_wconf 85' lang='lat' dir='ltr'><strong>Quippe</strong></span> <span class='ocrx_word' id='word_1_763' title='bbox 2377 4969 2491 5022; x_wconf 82' lang='lat' dir='ltr'><strong>fieri</strong></span> <span class='ocrx_word' id='word_1_764' title='bbox 2548 4986 2653 5022; x_wconf 84' lang='lat' dir='ltr'><strong>non</strong></span> <span class='ocrx_word' id='word_1_765' title='bbox 2714 4985 2874 5040; x_wconf 81' lang='lat' dir='ltr'><strong>posse</strong></span> <span class='ocrx_word' id='word_1_766' title='bbox 2904 4970 3139 5037; x_wconf 78' lang='lat' dir='ltr'><strong>dicebat,</strong></span> <span class='ocrx_word' id='word_1_767' title='bbox 3176 4981 3235 5027; x_wconf 89' lang='lat' dir='ltr'><strong>ut</strong></span> <span class='ocrx_word' id='word_1_768' title='bbox 3275 4973 3368 5041; x_wconf 87' lang='lat' dir='ltr'><strong>qui</strong></span> <span class='ocrx_word' id='word_1_769' title='bbox 3398 4973 3563 5026; x_wconf 86' lang='lat' dir='ltr'><strong>homo</strong></span> <span class='ocrx_word' id='word_1_770' title='bbox 3602 4980 3772 5031; x_wconf 81' lang='lat' dir='ltr'><strong>esset,</strong></span> 
     </span>
    </p>
   </div>
   <div class='ocr_carea' id='block_1_99' title="bbox 535 5060 3769 5133">
    <p class='ocr_par' dir='ltr' id='par_1_99' title="bbox 535 5060 3769 5133">
     <span class='ocr_line' id='line_1_99' title="bbox 535 5060 3769 5133; baseline 0 -17"><span class='ocrx_word' id='word_1_771' title='bbox 535 5060 582 5116; x_wconf 89' lang='lat' dir='ltr'><strong>is</strong></span> <span class='ocrx_word' id='word_1_772' title='bbox 630 5078 792 5117; x_wconf 85' lang='lat' dir='ltr'><strong>renus</strong></span> <span class='ocrx_word' id='word_1_773' title='bbox 839 5062 891 5115; x_wconf 88' lang='lat' dir='ltr'><strong>in</strong></span> <span class='ocrx_word' id='word_1_774' title='bbox 939 5064 1191 5116; x_wconf 89' lang='lat' dir='ltr'><strong>omnibus</strong></span> <span class='ocrx_word' id='word_1_775' title='bbox 1236 5077 1521 5115; x_wconf 86' lang='lat' dir='ltr'><strong>assensum</strong></span> <span class='ocrx_word' id='word_1_776' title='bbox 1575 5060 1844 5114; x_wconf 88' lang='lat' dir='ltr'><strong>inhiberet</strong></span> <span class='ocrx_word' id='word_1_777' title='bbox 1890 5078 1901 5113; x_wconf 92' lang='lat'>:</span> <span class='ocrx_word' id='word_1_778' title='bbox 1944 5060 2091 5115; x_wconf 84' lang='lat' dir='ltr'><strong>aliud</strong></span> <span class='ocrx_word' id='word_1_779' title='bbox 2131 5076 2293 5130; x_wconf 88' lang='lat' dir='ltr'><strong>porro</strong></span> <span class='ocrx_word' id='word_1_780' title='bbox 2350 5063 2613 5117; x_wconf 88' lang='lat' dir='ltr'><strong>incertum</strong></span> <span class='ocrx_word' id='word_1_781' title='bbox 2643 5079 2782 5127; x_wconf 89' lang='lat' dir='ltr'><strong>esse,</strong></span> <span class='ocrx_word' id='word_1_782' title='bbox 2844 5065 2985 5119; x_wconf 67' lang='lat' dir='ltr'><strong>aliud</strong></span> <span class='ocrx_word' id='word_1_783' title='bbox 3013 5065 3401 5132; x_wconf 83' lang='lat' dir='ltr'><strong>comprehendi</strong></span> <span class='ocrx_word' id='word_1_784' title='bbox 3430 5080 3537 5118; x_wconf 91' lang='lat' dir='ltr'><strong>non</strong></span> <span class='ocrx_word' id='word_1_785' title='bbox 3563 5078 3769 5133; x_wconf 87' lang='lat' dir='ltr'><strong>posse;</strong></span> 
     </span>
    </p>
   </div>
   <div class='ocr_carea' id='block_1_100' title="bbox 534 5155 3769 5229">
    <p class='ocr_par' dir='ltr' id='par_1_100' title="bbox 534 5155 3769 5229">
     <span class='ocr_line' id='line_1_100' title="bbox 534 5155 3769 5229; baseline -0.001 -18"><span class='ocrx_word' id='word_1_786' title='bbox 534 5171 589 5213; x_wconf 91' lang='lat' dir='ltr'><strong>et</strong></span> <span class='ocrx_word' id='word_1_787' title='bbox 634 5158 1175 5228; x_wconf 87' lang='lat' dir='ltr'><strong>comprehensionem</strong></span> <span class='ocrx_word' id='word_1_788' title='bbox 1232 5157 1447 5226; x_wconf 89' lang='lat' dir='ltr'><strong>quidem</strong></span> <span class='ocrx_word' id='word_1_789' title='bbox 1498 5156 1681 5210; x_wconf 90' lang='lat' dir='ltr'><strong>omnia</strong></span> <span class='ocrx_word' id='word_1_790' title='bbox 1758 5155 1984 5227; x_wconf 77' lang='lat' dir='ltr'><strong>fugere,</strong></span> <span class='ocrx_word' id='word_1_791' title='bbox 2036 5172 2147 5210; x_wconf 91' lang='lat' dir='ltr'><strong>non</strong></span> <span class='ocrx_word' id='word_1_792' title='bbox 2200 5159 2381 5211; x_wconf 78' lang='lat' dir='ltr'><strong>oittnia</strong></span> <span class='ocrx_word' id='word_1_793' title='bbox 2433 5166 2613 5211; x_wconf 82' lang='lat' dir='ltr'><strong>tamen</strong></span> <span class='ocrx_word' id='word_1_794' title='bbox 2675 5160 2879 5212; x_wconf 88' lang='lat' dir='ltr'><strong>incerta</strong></span> <span class='ocrx_word' id='word_1_795' title='bbox 2925 5173 3065 5212; x_wconf 85' lang='lat' dir='ltr'><strong>esse.</strong></span> <span class='ocrx_word' id='word_1_796' title='bbox 3131 5158 3289 5229; x_wconf 82' lang='lat'><strong>737</strong></span> <span class='ocrx_word' id='word_1_797' title='bbox 3339 5157 3459 5211; x_wconf 89' lang='lat' dir='ltr'><strong>Fuit</strong></span> <span class='ocrx_word' id='word_1_798' title='bbox 3509 5159 3553 5212; x_wconf 90' lang='lat' dir='ltr'><strong>is</strong></span> <span class='ocrx_word' id='word_1_799' title='bbox 3601 5160 3769 5210; x_wconf 78' lang='lat' dir='ltr'><strong>etiam</strong></span> 
     </span>
    </p>
   </div>
   <div class='ocr_carea' id='block_1_101' title="bbox 537 5248 3769 5319">
    <p class='ocr_par' dir='ltr' id='par_1_101' title="bbox 537 5248 3769 5319">
     <span class='ocr_line' id='line_1_101' title="bbox 537 5248 3769 5319; baseline -0.001 -14"><span class='ocrx_word' id='word_1_800' title='bbox 537 5251 720 5306; x_wconf 70' lang='lat' dir='ltr'><strong>stoica:</strong></span> <span class='ocrx_word' id='word_1_801' title='bbox 772 5250 1033 5306; x_wconf 76' lang='lat' dir='ltr'><strong>doctrina:</strong></span> <span class='ocrx_word' id='word_1_802' title='bbox 1089 5265 1195 5303; x_wconf 94' lang='lat' dir='ltr'><strong>non</strong></span> <span class='ocrx_word' id='word_1_803' title='bbox 1249 5249 1493 5319; x_wconf 79' lang='lat' dir='ltr'><strong>ignarus,</strong></span> <span class='ocrx_word' id='word_1_804' title='bbox 1548 5264 1652 5317; x_wconf 90' lang='lat' dir='ltr'><strong>qua</strong></span> <span class='ocrx_word' id='word_1_805' title='bbox 1710 5248 2082 5303; x_wconf 84' lang='lat' dir='ltr'><strong>vehementius</strong></span> <span class='ocrx_word' id='word_1_806' title='bbox 2152 5264 2442 5318; x_wconf 81' lang='lat' dir='ltr'><strong>acriusque</strong></span> <span class='ocrx_word' id='word_1_807' title='bbox 2492 5250 2743 5319; x_wconf 88' lang='lat' dir='ltr'><strong>petenda,</strong></span> <span class='ocrx_word' id='word_1_808' title='bbox 2805 5248 2962 5304; x_wconf 78' lang='lat' dir='ltr'><strong>fama:</strong></span> <span class='ocrx_word' id='word_1_809' title='bbox 2992 5250 3095 5304; x_wconf 90' lang='lat' dir='ltr'><strong>sibi</strong></span> <span class='ocrx_word' id='word_1_810' title='bbox 3146 5250 3437 5318; x_wconf 89' lang='lat' dir='ltr'><strong>plurimum</strong></span> <span class='ocrx_word' id='word_1_811' title='bbox 3497 5250 3769 5303; x_wconf 75' lang='lat' dir='ltr'><strong>nominis-</strong></span> 
     </span>
    </p>
   </div>
   <div class='ocr_carea' id='block_1_102' title="bbox 537 5344 3768 5415">
    <p class='ocr_par' dir='ltr' id='par_1_102' title="bbox 537 5344 3768 5415">
     <span class='ocr_line' id='line_1_102' title="bbox 537 5344 3768 5415; baseline -0.002 -16"><span class='ocrx_word' id='word_1_812' title='bbox 537 5362 643 5414; x_wconf 88' lang='lat' dir='ltr'><strong>que</strong></span> <span class='ocrx_word' id='word_1_813' title='bbox 664 5345 1089 5413; x_wconf 84' lang='lat' dir='ltr'><strong>confecit,dum</strong></span> <span class='ocrx_word' id='word_1_814' title='bbox 1134 5347 1185 5399; x_wconf 91' lang='lat' dir='ltr'><strong>in</strong></span> <span class='ocrx_word' id='word_1_815' title='bbox 1222 5345 1271 5400; x_wconf 87' lang='lat' dir='ltr'><strong>id</strong></span> <span class='ocrx_word' id='word_1_816' title='bbox 1305 5346 1484 5415; x_wconf 88' lang='lat' dir='ltr'><strong>potius</strong></span> <span class='ocrx_word' id='word_1_817' title='bbox 1528 5345 1671 5414; x_wconf 91' lang='lat' dir='ltr'><strong>quod</strong></span> <span class='ocrx_word' id='word_1_818' title='bbox 1716 5345 1877 5412; x_wconf 77' lang='lat' dir='ltr'><strong>vulgo</strong></span> <span class='ocrx_word' id='word_1_819' title='bbox 1932 5345 2225 5400; x_wconf 89' lang='lat' dir='ltr'><strong>verisimile</strong></span> <span class='ocrx_word' id='word_1_820' title='bbox 2270 5346 2573 5407; x_wconf 85' lang='lat' dir='ltr'><strong>videbatur,</strong></span> <span class='ocrx_word' id='word_1_821' title='bbox 2632 5361 2796 5414; x_wconf 84' lang='lat' dir='ltr'><strong>quam</strong></span> <span class='ocrx_word' id='word_1_822' title='bbox 2861 5344 2915 5398; x_wconf 87' lang='lat' dir='ltr'><strong>in</strong></span> <span class='ocrx_word' id='word_1_823' title='bbox 2972 5360 3159 5398; x_wconf 90' lang='lat' dir='ltr'><strong>verum</strong></span> <span class='ocrx_word' id='word_1_824' title='bbox 3217 5345 3392 5413; x_wconf 88' lang='lat' dir='ltr'><strong>ipsum</strong></span> <span class='ocrx_word' id='word_1_825' title='bbox 3428 5344 3768 5396; x_wconf 86' lang='lat' dir='ltr'><strong>collinearet.</strong></span> 
     </span>
    </p>
   </div>
   <div class='ocr_carea' id='block_1_103' title="bbox 538 5436 3765 5510">
    <p class='ocr_par' dir='ltr' id='par_1_103' title="bbox 538 5436 3765 5510">
     <span class='ocr_line' id='line_1_103' title="bbox 538 5436 3765 5510; baseline -0.001 -18"><span class='ocrx_word' id='word_1_826' title='bbox 538 5440 715 5507; x_wconf 79' lang='lat' dir='ltr'><strong>Quare</strong></span> <span class='ocrx_word' id='word_1_827' title='bbox 748 5439 947 5497; x_wconf 90' lang='lat' dir='ltr'><strong>Stoicis</strong></span> <span class='ocrx_word' id='word_1_828' title='bbox 970 5445 1130 5497; x_wconf 88' lang='lat' dir='ltr'><strong>etiam</strong></span> <span class='ocrx_word' id='word_1_829' title='bbox 1162 5440 1423 5495; x_wconf 63' lang='lat' dir='ltr'><strong>molestia:</strong></span> <span class='ocrx_word' id='word_1_830' title='bbox 1468 5439 1762 5510; x_wconf 91' lang='lat' dir='ltr'><strong>plurimum</strong></span> <span class='ocrx_word' id='word_1_831' title='bbox 1820 5439 2142 5495; x_wconf 85' lang='lat' dir='ltr'><strong>facesscbat.</strong></span> <span class='ocrx_word' id='word_1_832' title='bbox 2183 5439 2259 5494; x_wconf 89' lang='lat' dir='ltr'><strong>De</strong></span> <span class='ocrx_word' id='word_1_833' title='bbox 2295 5441 2399 5495; x_wconf 86' lang='lat' dir='ltr'><strong>hoc</strong></span> <span class='ocrx_word' id='word_1_834' title='bbox 2444 5441 2584 5495; x_wconf 87' lang='lat' dir='ltr'><strong>idem</strong></span> <span class='ocrx_word' id='word_1_835' title='bbox 2633 5440 2725 5509; x_wconf 89' lang='lat' dir='ltr'><strong>qui</strong></span> <span class='ocrx_word' id='word_1_836' title='bbox 2758 5454 2922 5509; x_wconf 90' lang='lat' dir='ltr'><strong>supra</strong></span> <span class='ocrx_word' id='word_1_837' title='bbox 2956 5436 3259 5493; x_wconf 84' lang='lat' dir='ltr'><strong>Numenius</strong></span> <span class='ocrx_word' id='word_1_838' title='bbox 3294 5437 3485 5499; x_wconf 88' lang='lat' dir='ltr'><strong>habet,</strong></span> <span class='ocrx_word' id='word_1_839' title='bbox 3522 5451 3645 5506; x_wconf 79' lang='lat' dir='ltr'><strong>qn:e</strong></span> <span class='ocrx_word' id='word_1_840' title='bbox 3675 5451 3765 5490; x_wconf 84' lang='lat' dir='ltr'><strong>se-</strong></span> 
     </span>
    </p>
   </div>
   <div class='ocr_carea' id='block_1_104' title="bbox 540 5542 797 5599">
    <p class='ocr_par' dir='ltr' id='par_1_104' title="bbox 540 5542 797 5599">
     <span class='ocr_line' id='line_1_104' title="bbox 540 5542 797 5599; baseline 0.012 -17"><span class='ocrx_word' id='word_1_841' title='bbox 540 5542 797 5599; x_wconf 88' lang='lat' dir='ltr'><strong>quuntur.</strong></span> 
     </span>
    </p>
   </div>
   <div class='ocr_carea' id='block_1_105' title="bbox 612 5709 2093 5783">
    <p class='ocr_par' dir='ltr' id='par_1_105' title="bbox 612 5709 2093 5783">
     <span class='ocr_line' id='line_1_105' title="bbox 612 5709 2093 5783; baseline -0.008 -11"><span class='ocrx_word' id='word_1_842' title='bbox 612 5714 717 5782; x_wconf 63' lang='lat'><strong>(45)</strong></span> <span class='ocrx_word' id='word_1_843' title='bbox 748 5712 887 5769; x_wconf 80' lang='grc' dir='ltr'>Εἶτα</span> <span class='ocrx_word' id='word_1_844' title='bbox 925 5714 1009 5783; x_wconf 81' lang='grc' dir='ltr'>μὴ</span> <span class='ocrx_word' id='word_1_845' title='bbox 1042 5713 1369 5783; x_wconf 69' lang='grc' dir='ltr'>ἐξελέγξαι.</span> <span class='ocrx_word' id='word_1_846' title='bbox 1406 5712 1535 5773; x_wconf 84' lang='lat' dir='ltr'><strong>Ms.,</strong></span> <span class='ocrx_word' id='word_1_847' title='bbox 1567 5713 1675 5765; x_wconf 75' lang='grc' dir='ltr'>εἴτε</span> <span class='ocrx_word' id='word_1_848' title='bbox 1710 5712 1783 5782; x_wconf 81' lang='grc' dir='ltr'><strong>μὴ</strong></span> <span class='ocrx_word' id='word_1_849' title='bbox 1828 5709 2093 5783; x_wconf 76' lang='grc' dir='ltr'>ἐξελέγχοι</span> 
     </span>
    </p>
   </div>
   <div class='ocr_carea' id='block_1_106' title="bbox 2202 5698 3773 5776">
    <p class='ocr_par' dir='ltr' id='par_1_106' title="bbox 2202 5698 3773 5776">
     <span class='ocr_line' id='line_1_106' title="bbox 2202 5698 3773 5776; baseline -0.003 -14"><span class='ocrx_word' id='word_1_850' title='bbox 2202 5709 2363 5762; x_wconf 73' lang='lat' dir='ltr'><strong>lectio</strong></span> <span class='ocrx_word' id='word_1_851' title='bbox 2387 5706 2584 5773; x_wconf 81' lang='lat' dir='ltr'><strong>conjici</strong></span> <span class='ocrx_word' id='word_1_852' title='bbox 2608 5706 2779 5776; x_wconf 81' lang='lat' dir='ltr'><strong>possit</strong></span> <span class='ocrx_word' id='word_1_853' title='bbox 2805 5724 2817 5757; x_wconf 92' lang='lat'>:</span> <span class='ocrx_word' id='word_1_854' title='bbox 2846 5702 2973 5759; x_wconf 76' lang='grc' dir='ltr'>Εἶτα</span> <span class='ocrx_word' id='word_1_855' title='bbox 3001 5704 3066 5758; x_wconf 84' lang='grc' dir='ltr'><strong>ἂν</strong></span> <span class='ocrx_word' id='word_1_856' title='bbox 3094 5705 3169 5776; x_wconf 80' lang='grc' dir='ltr'>μὴ</span> <span class='ocrx_word' id='word_1_857' title='bbox 3200 5704 3497 5776; x_wconf 54' lang='lat' dir='ltr'><strong>assumat;</strong></span> <span class='ocrx_word' id='word_1_858' title='bbox 3522 5702 3623 5776; x_wconf 71' lang='lat' dir='ltr'><strong>(vel</strong></span> <span class='ocrx_word' id='word_1_859' title='bbox 3656 5698 3773 5758; x_wconf 73' lang='grc' dir='ltr'>εἶτα</span> 
     </span>
    </p>
   </div>
   <div class='ocr_carea' id='block_1_107' title="bbox 539 5782 2099 5857">
    <p class='ocr_par' dir='ltr' id='par_1_107' title="bbox 539 5782 2099 5857">
     <span class='ocr_line' id='line_1_107' title="bbox 539 5782 2099 5857; baseline -0.003 -18"><span class='ocrx_word' id='word_1_860' title='bbox 539 5787 712 5839; x_wconf 68' lang='grc' dir='ltr'>’πάντα</span> <span class='ocrx_word' id='word_1_861' title='bbox 759 5782 1182 5857; x_wconf 65' lang='grc' dir='ltr'>ἀνατρέψεσθαι,</span> <span class='ocrx_word' id='word_1_862' title='bbox 1216 5782 1318 5841; x_wconf 77' lang='lat' dir='ltr'><strong>etc.</strong></span> <span class='ocrx_word' id='word_1_863' title='bbox 1354 5784 1429 5838; x_wconf 69' lang='lat' dir='ltr'><strong>lix</strong></span> <span class='ocrx_word' id='word_1_864' title='bbox 1465 5785 1662 5854; x_wconf 87' lang='lat' dir='ltr'><strong>quibus</strong></span> <span class='ocrx_word' id='word_1_865' title='bbox 1696 5798 1853 5849; x_wconf 86' lang='lat' dir='ltr'><strong>vera,</strong></span> <span class='ocrx_word' id='word_1_866' title='bbox 1888 5782 2099 5851; x_wconf 84' lang='lat' dir='ltr'><strong>opinor,</strong></span> 
     </span>
    </p>
   </div>
   <div class='ocr_carea' id='block_1_108' title="bbox 2213 5772 3660 5849">
    <p class='ocr_par' dir='ltr' id='par_1_108' title="bbox 2213 5772 3660 5849">
     <span class='ocr_line' id='line_1_108' title="bbox 2213 5772 3660 5849; baseline -0.004 -18"><span class='ocrx_word' id='word_1_867' title='bbox 2213 5782 2285 5849; x_wconf 81' lang='grc' dir='ltr'><strong>μὴ</strong></span> <span class='ocrx_word' id='word_1_868' title='bbox 2314 5772 2623 5846; x_wconf 71' lang='grc' dir='ltr'>ἐξελέγξαςῖ</span> <span class='ocrx_word' id='word_1_869' title='bbox 2648 5780 2819 5831; x_wconf 82' lang='grc' dir='ltr'>πάντα</span> <span class='ocrx_word' id='word_1_870' title='bbox 2848 5772 3242 5847; x_wconf 66' lang='grc' dir='ltr'>ἀνατρέψεσθαι</span> <span class='ocrx_word' id='word_1_871' title='bbox 3273 5772 3445 5840; x_wconf 76' lang='grc' dir='ltr'>ἑαυτῷ</span> <span class='ocrx_word' id='word_1_872' title='bbox 3470 5772 3660 5826; x_wconf 80' lang='grc' dir='ltr'>δοκῶν.</span> 
     </span>
    </p>
   </div>
  </div>
