  <div class='ocr_page' id='page_1' title='image "/cluster/home/n/w/nwhite01/storage/ocr_20150623/21/hvd.32044073501165/620.png"; bbox 0 0 4034 6390; ppageno 0'>
   <div class='ocr_carea' id='block_1_1' title="bbox 1483 364 3633 437">
    <p class='ocr_par' dir='ltr' id='par_1_1' title="bbox 1483 364 3633 437">
     <span class='ocr_line' id='line_1_1' title="bbox 1483 364 3633 437; baseline -0.001 0"><span class='ocrx_word' id='word_1_1' title='bbox 1483 368 1801 437; x_wconf 71' lang='lat' dir='ltr'><strong>PR/EPAR&#39;.</strong></span> <span class='ocrx_word' id='word_1_2' title='bbox 1842 364 2099 434; x_wconf 63' lang='lat' dir='ltr'><strong>nunc.</strong></span> <span class='ocrx_word' id='word_1_3' title='bbox 2149 374 2274 437; x_wconf 83' lang='lat' dir='ltr'><strong>Lm.</strong></span> <span class='ocrx_word' id='word_1_4' title='bbox 2321 378 2459 436; x_wconf 80' lang='lat' dir='ltr'><strong>xw.</strong></span> <span class='ocrx_word' id='word_1_5' title='bbox 3493 378 3633 435; x_wconf 71' lang='lat' dir='ltr'><strong>{2M</strong></span> 
     </span>
    </p>
   </div>
   <div class='ocr_carea' id='block_1_2' title="bbox 892 498 1922 566">
    <p class='ocr_par' dir='ltr' id='par_1_2' title="bbox 892 500 1409 559">
     <span class='ocr_line' id='line_1_2' title="bbox 892 500 1409 559; baseline 0.012 -6"><span class='ocrx_word' id='word_1_6' title='bbox 892 500 1287 557; x_wconf 77' lang='grc' dir='ltr'><strong>ΚΕΦΑΛΑῙΟΝ</strong></span> <span class='ocrx_word' id='word_1_7' title='bbox 1328 506 1409 559; x_wconf 76' lang='lat' dir='ltr'><strong>H&#39;.</strong></span> 
     </span>
    </p>
   </div>
   <div class='ocr_carea' id='block_1_3' title="bbox 2024 498 3049 566">
    <p class='ocr_par' dir='ltr' id='par_1_3' title="bbox 2618 498 3049 556">
     <span class='ocr_line' id='line_1_3' title="bbox 2618 498 3049 556; baseline -0.007 0"><span class='ocrx_word' id='word_1_8' title='bbox 2618 498 2847 556; x_wconf 80' lang='lat' dir='ltr'><strong>CAPUT</strong></span> <span class='ocrx_word' id='word_1_9' title='bbox 2916 498 3049 553; x_wconf 70' lang='lat' dir='ltr'><strong>\‘lll.</strong></span> 
     </span>
    </p>
   </div>
   <div class='ocr_carea' id='block_1_4' title="bbox 300 606 1922 686">
    <p class='ocr_par' dir='ltr' id='par_1_4' title="bbox 300 606 1922 686">
     <span class='ocr_line' id='line_1_4' title="bbox 300 606 1922 686; baseline 0.004 -24"><span class='ocrx_word' id='word_1_10' title='bbox 300 606 484 677; x_wconf 75' lang='grc' dir='ltr'>Περὶ</span> <span class='ocrx_word' id='word_1_11' title='bbox 562 612 905 681; x_wconf 78' lang='grc' dir='ltr'><strong>Καρνεάδου</strong></span> <span class='ocrx_word' id='word_1_12' title='bbox 960 614 1063 667; x_wconf 82' lang='grc' dir='ltr'><strong>τοῦ</strong></span> <span class='ocrx_word' id='word_1_13' title='bbox 1127 615 1241 683; x_wconf 76' lang='grc' dir='ltr'><strong>τὴν</strong></span> <span class='ocrx_word' id='word_1_14' title='bbox 1311 617 1516 684; x_wconf 78' lang='grc' dir='ltr'>τρίτην</span> <span class='ocrx_word' id='word_1_15' title='bbox 1593 615 1922 686; x_wconf 73' lang='grc' dir='ltr'>Ἆκαδημίατ</span> 
     </span>
    </p>
   </div>
   <div class='ocr_carea' id='block_1_5' title="bbox 2024 606 3626 686">
    <p class='ocr_par' dir='ltr' id='par_1_5' title="bbox 2048 606 3626 686">
     <span class='ocr_line' id='line_1_5' title="bbox 2048 606 3626 686; baseline -0.004 -16"><span class='ocrx_word' id='word_1_16' title='bbox 2048 614 2121 670; x_wconf 88' lang='lat' dir='ltr'><strong>De</strong></span> <span class='ocrx_word' id='word_1_17' title='bbox 2156 613 2449 678; x_wconf 82' lang='lat' dir='ltr'><strong>Carneade,</strong></span> <span class='ocrx_word' id='word_1_18' title='bbox 2499 615 2589 684; x_wconf 81' lang='lat' dir='ltr'><strong>qui</strong></span> <span class='ocrx_word' id='word_1_19' title='bbox 2625 614 2837 686; x_wconf 81' lang='lat' dir='ltr'><strong>tertiam</strong></span> <span class='ocrx_word' id='word_1_20' title='bbox 2870 612 3211 667; x_wconf 76' lang='lat' dir='ltr'><strong>Academiam</strong></span> <span class='ocrx_word' id='word_1_21' title='bbox 3244 610 3497 665; x_wconf 74' lang='lat' dir='ltr'><strong>instituit.</strong></span> <span class='ocrx_word' id='word_1_22' title='bbox 3540 606 3626 664; x_wconf 72' lang='lat' dir='ltr'><strong>Ea:</strong></span> 
     </span>
    </p>
   </div>
   <div class='ocr_carea' id='block_1_6' title="bbox 614 685 2930 755">
    <p class='ocr_par' dir='ltr' id='par_1_6' title="bbox 614 685 2930 755">
     <span class='ocr_line' id='line_1_6' title="bbox 614 685 2930 755; baseline -0.001 -17"><span class='ocrx_word' id='word_1_23' title='bbox 614 686 1145 755; x_wconf 77' lang='grc' dir='ltr'>ὑποστησαμένου.</span> <span class='ocrx_word' id='word_1_24' title='bbox 1188 687 1321 740; x_wconf 79' lang='grc' dir='ltr'><strong>Ἀπὸ</strong></span> <span class='ocrx_word' id='word_1_25' title='bbox 1351 688 1459 741; x_wconf 87' lang='grc' dir='ltr'><strong>τοῦ</strong></span> <span class='ocrx_word' id='word_1_26' title='bbox 1482 686 1689 741; x_wconf 84' lang='grc' dir='ltr'>αὑτοῦ.</span> <span class='ocrx_word' id='word_1_27' title='bbox 1802 685 1806 686; x_wconf 50' lang='grc'><strong><em>⁷</em></strong></span> <span class='ocrx_word' id='word_1_28' title='bbox 2730 685 2930 738; x_wconf 80' lang='lat' dir='ltr'><strong>eodem.</strong></span> 
     </span>
    </p>
   </div>
   <div class='ocr_carea' id='block_1_7' title="bbox 400 772 1922 852">
    <p class='ocr_par' dir='ltr' id='par_1_7' title="bbox 400 775 1922 852">
     <span class='ocr_line' id='line_1_7' title="bbox 400 775 1922 852; baseline 0.006 -28"><span class='ocrx_word' id='word_1_29' title='bbox 400 790 428 824; x_wconf 69' lang='grc' dir='ltr'>ι</span> <span class='ocrx_word' id='word_1_30' title='bbox 479 776 813 847; x_wconf 81' lang='grc' dir='ltr'><strong>Καρνεάδης</strong></span> <span class='ocrx_word' id='word_1_31' title='bbox 839 777 895 829; x_wconf 83' lang='grc' dir='ltr'>δὲ</span> <span class='ocrx_word' id='word_1_32' title='bbox 930 778 1284 850; x_wconf 78' lang='grc' dir='ltr'><strong>ἐκδεξάμενος</strong></span> <span class='ocrx_word' id='word_1_33' title='bbox 1312 782 1645 851; x_wconf 81' lang='grc' dir='ltr'>παρήγησιν,</span> <span class='ocrx_word' id='word_1_34' title='bbox 1678 775 1738 835; x_wconf 79' lang='grc' dir='ltr'><strong>οῦ</strong></span> <span class='ocrx_word' id='word_1_35' title='bbox 1768 780 1922 852; x_wconf 65' lang='grc' dir='ltr'>χρεὼε</span> 
     </span>
    </p>
   </div>
   <div class='ocr_carea' id='block_1_8' title="bbox 2024 772 3626 852">
    <p class='ocr_par' dir='ltr' id='par_1_8' title="bbox 2121 772 3626 843">
     <span class='ocr_line' id='line_1_8' title="bbox 2121 772 3626 843; baseline -0.001 -17"><span class='ocrx_word' id='word_1_36' title='bbox 2121 796 2139 826; x_wconf 78' lang='grc' dir='ltr'><strong>ι</strong></span> <span class='ocrx_word' id='word_1_37' title='bbox 2182 775 2514 838; x_wconf 78' lang='lat' dir='ltr'><strong>Carneades,</strong></span> <span class='ocrx_word' id='word_1_38' title='bbox 2540 774 2742 843; x_wconf 86' lang='lat' dir='ltr'><strong>inquit,</strong></span> <span class='ocrx_word' id='word_1_39' title='bbox 2764 772 2992 827; x_wconf 82' lang='lat' dir='ltr'><strong>docendi</strong></span> <span class='ocrx_word' id='word_1_40' title='bbox 3026 781 3211 842; x_wconf 84' lang='lat' dir='ltr'><strong>postea</strong></span> <span class='ocrx_word' id='word_1_41' title='bbox 3245 787 3471 825; x_wconf 85' lang='lat' dir='ltr'><strong>munere</strong></span> <span class='ocrx_word' id='word_1_42' title='bbox 3500 786 3626 839; x_wconf 85' lang='lat' dir='ltr'><strong>par—</strong></span> 
     </span>
    </p>
   </div>
   <div class='ocr_carea' id='block_1_9' title="bbox 302 860 1922 944">
    <p class='ocr_par' dir='ltr' id='par_1_9' title="bbox 302 860 1905 944">
     <span class='ocr_line' id='line_1_9' title="bbox 302 860 1905 944; baseline 0.005 -27"><span class='ocrx_word' id='word_1_43' title='bbox 302 860 452 935; x_wconf 66' lang='lat' dir='ltr'><strong>(M)</strong></span> <span class='ocrx_word' id='word_1_44' title='bbox 499 867 739 936; x_wconf 76' lang='grc' dir='ltr'>φυλάξαι</span> <span class='ocrx_word' id='word_1_45' title='bbox 771 869 871 922; x_wconf 83' lang='grc' dir='ltr'>ὅσα</span> <span class='ocrx_word' id='word_1_46' title='bbox 915 869 1147 941; x_wconf 82' lang='grc' dir='ltr'>ἀκίνητα</span> <span class='ocrx_word' id='word_1_47' title='bbox 1203 874 1296 925; x_wconf 72' lang='grc' dir='ltr'>καὶ</span> <span class='ocrx_word' id='word_1_48' title='bbox 1332 873 1433 925; x_wconf 83' lang='grc' dir='ltr'>ὅσα</span> <span class='ocrx_word' id='word_1_49' title='bbox 1478 873 1810 943; x_wconf 81' lang='grc' dir='ltr'><strong>κεκινημένα</strong></span> <span class='ocrx_word' id='word_1_50' title='bbox 1839 870 1905 944; x_wconf 80' lang='grc' dir='ltr'><strong>ἦν</strong></span> 
     </span>
    </p>
   </div>
   <div class='ocr_carea' id='block_1_10' title="bbox 2024 860 3621 944">
    <p class='ocr_par' dir='ltr' id='par_1_10' title="bbox 2046 863 3621 936">
     <span class='ocr_line' id='line_1_10' title="bbox 2046 863 3621 936; baseline -0.002 -15"><span class='ocrx_word' id='word_1_51' title='bbox 2046 867 2302 936; x_wconf 86' lang='lat' dir='ltr'><strong>tibusque</strong></span> <span class='ocrx_word' id='word_1_52' title='bbox 2335 867 2629 935; x_wconf 73' lang='lat' dir='ltr'><strong>susceptis,</strong></span> <span class='ocrx_word' id='word_1_53' title='bbox 2680 880 2805 918; x_wconf 90' lang='lat' dir='ltr'><strong>eum</strong></span> <span class='ocrx_word' id='word_1_54' title='bbox 2854 874 3200 933; x_wconf 69' lang='lat' dir='ltr'><strong>aspernatus.</strong></span> <span class='ocrx_word' id='word_1_55' title='bbox 3232 864 3389 932; x_wconf 77' lang='lat' dir='ltr'><strong>cujus</strong></span> <span class='ocrx_word' id='word_1_56' title='bbox 3416 863 3621 918; x_wconf 82' lang='lat' dir='ltr'><strong>omnia.</strong></span> 
     </span>
    </p>
   </div>
   <div class='ocr_carea' id='block_1_11' title="bbox 302 954 1922 1033">
    <p class='ocr_par' dir='ltr' id='par_1_11' title="bbox 302 954 1922 1033">
     <span class='ocr_line' id='line_1_11' title="bbox 302 954 1922 1033; baseline 0.006 -23"><span class='ocrx_word' id='word_1_57' title='bbox 302 954 551 1012; x_wconf 70' lang='grc' dir='ltr'>τούτου</span> <span class='ocrx_word' id='word_1_58' title='bbox 613 960 711 1031; x_wconf 80' lang='grc' dir='ltr'>μὲν</span> <span class='ocrx_word' id='word_1_59' title='bbox 761 960 982 1033; x_wconf 76' lang='grc' dir='ltr'>ἠμέλει’</span> <span class='ocrx_word' id='word_1_60' title='bbox 1037 964 1117 1026; x_wconf 83' lang='grc' dir='ltr'><strong>είς</strong></span> <span class='ocrx_word' id='word_1_61' title='bbox 1172 964 1217 1016; x_wconf 79' lang='grc' dir='ltr'>δ’</span> <span class='ocrx_word' id='word_1_62' title='bbox 1264 964 1611 1033; x_wconf 78' lang='grc' dir='ltr'>Ἀρκεσίλαον</span> <span class='ocrx_word' id='word_1_63' title='bbox 1637 1005 1652 1029; x_wconf 90' lang='grc'><strong>,</strong></span> <span class='ocrx_word' id='word_1_64' title='bbox 1708 967 1805 1019; x_wconf 78' lang='grc' dir='ltr'>εἴτ’</span> <span class='ocrx_word' id='word_1_65' title='bbox 1848 962 1922 1018; x_wconf 63' lang='grc' dir='ltr'><strong>οὗπ</strong></span> 
     </span>
    </p>
   </div>
   <div class='ocr_carea' id='block_1_12' title="bbox 2024 954 3624 1033">
    <p class='ocr_par' dir='ltr' id='par_1_12' title="bbox 2043 958 3624 1030">
     <span class='ocr_line' id='line_1_12' title="bbox 2043 958 3624 1030; baseline -0.003 -15"><span class='ocrx_word' id='word_1_66' title='bbox 2043 975 2138 1016; x_wconf 88' lang='lat' dir='ltr'><strong>seu</strong></span> <span class='ocrx_word' id='word_1_67' title='bbox 2174 975 2297 1030; x_wconf 69' lang='lat' dir='ltr'><strong>qua:</strong></span> <span class='ocrx_word' id='word_1_68' title='bbox 2350 959 2531 1015; x_wconf 89' lang='lat' dir='ltr'><strong>adhuc</strong></span> <span class='ocrx_word' id='word_1_69' title='bbox 2580 960 2789 1027; x_wconf 82' lang='lat' dir='ltr'><strong>integra</strong></span> <span class='ocrx_word' id='word_1_70' title='bbox 2850 958 3186 1027; x_wconf 83' lang='lat' dir='ltr'><strong>immotaque</strong></span> <span class='ocrx_word' id='word_1_71' title='bbox 3237 959 3624 1019; x_wconf 85' lang='lat' dir='ltr'><strong>consisterent,</strong></span> 
     </span>
    </p>
   </div>
   <div class='ocr_carea' id='block_1_13' title="bbox 302 1047 1922 1127">
    <p class='ocr_par' dir='ltr' id='par_1_13' title="bbox 302 1047 1922 1127">
     <span class='ocr_line' id='line_1_13' title="bbox 302 1047 1922 1127; baseline 0.005 -25"><span class='ocrx_word' id='word_1_72' title='bbox 302 1047 587 1119; x_wconf 72' lang='grc' dir='ltr'>ἀμείνω,</span> <span class='ocrx_word' id='word_1_73' title='bbox 625 1052 735 1105; x_wconf 80' lang='grc' dir='ltr'>εἴτε</span> <span class='ocrx_word' id='word_1_74' title='bbox 785 1054 878 1107; x_wconf 82' lang='grc' dir='ltr'>καὶ</span> <span class='ocrx_word' id='word_1_75' title='bbox 932 1053 1235 1125; x_wconf 77' lang='grc' dir='ltr'>φαυλότερα</span> <span class='ocrx_word' id='word_1_76' title='bbox 1288 1051 1377 1127; x_wconf 79' lang='grc' dir='ltr'><strong>ἦν,</strong></span> <span class='ocrx_word' id='word_1_77' title='bbox 1423 1056 1824 1125; x_wconf 83' lang='grc' dir='ltr'>ἑπανενεγκὼν,</span> <span class='ocrx_word' id='word_1_78' title='bbox 1854 1057 1922 1110; x_wconf 75' lang='grc' dir='ltr'>διὲ</span> 
     </span>
    </p>
   </div>
   <div class='ocr_carea' id='block_1_14' title="bbox 2024 1047 3625 1127">
    <p class='ocr_par' dir='ltr' id='par_1_14' title="bbox 2044 1050 3625 1123">
     <span class='ocr_line' id='line_1_14' title="bbox 2044 1050 3625 1123; baseline -0.004 -14"><span class='ocrx_word' id='word_1_79' title='bbox 2044 1070 2139 1109; x_wconf 84' lang='lat' dir='ltr'><strong>seu</strong></span> <span class='ocrx_word' id='word_1_80' title='bbox 2168 1070 2289 1123; x_wconf 70' lang='lat' dir='ltr'><strong>quae</strong></span> <span class='ocrx_word' id='word_1_81' title='bbox 2320 1056 2389 1108; x_wconf 93' lang='lat' dir='ltr'><strong>ab</strong></span> <span class='ocrx_word' id='word_1_82' title='bbox 2422 1054 2543 1108; x_wconf 90' lang='lat' dir='ltr'><strong>aliis</strong></span> <span class='ocrx_word' id='word_1_83' title='bbox 2574 1054 2867 1108; x_wconf 86' lang='lat' dir='ltr'><strong>sollicitata</strong></span> <span class='ocrx_word' id='word_1_84' title='bbox 2893 1052 3005 1120; x_wconf 89' lang='lat' dir='ltr'><strong>jam</strong></span> <span class='ocrx_word' id='word_1_85' title='bbox 3037 1059 3242 1113; x_wconf 78' lang='lat' dir='ltr'><strong>essent,</strong></span> <span class='ocrx_word' id='word_1_86' title='bbox 3265 1051 3501 1103; x_wconf 82' lang='lat' dir='ltr'><strong>retinere</strong></span> <span class='ocrx_word' id='word_1_87' title='bbox 3530 1050 3625 1103; x_wconf 85' lang='lat' dir='ltr'><strong>de-</strong></span> 
     </span>
    </p>
   </div>
   <div class='ocr_carea' id='block_1_15' title="bbox 310 1142 1922 1219">
    <p class='ocr_par' dir='ltr' id='par_1_15' title="bbox 310 1144 1916 1219">
     <span class='ocr_line' id='line_1_15' title="bbox 310 1144 1916 1219; baseline 0.004 -24"><span class='ocrx_word' id='word_1_88' title='bbox 310 1144 571 1213; x_wconf 78' lang='grc' dir='ltr'>μακροῦ</span> <span class='ocrx_word' id='word_1_89' title='bbox 590 1144 691 1215; x_wconf 81' lang='grc' dir='ltr'>τὴν</span> <span class='ocrx_word' id='word_1_90' title='bbox 723 1145 902 1216; x_wconf 80' lang='grc' dir='ltr'><strong>μάχην</strong></span> <span class='ocrx_word' id='word_1_91' title='bbox 953 1145 1228 1210; x_wconf 75' lang='grc' dir='ltr'>ἀνενέαζε.</span> <span class='ocrx_word' id='word_1_92' title='bbox 1268 1166 1285 1198; x_wconf 77' lang='grc' dir='ltr'><strong>ι</strong></span> <span class='ocrx_word' id='word_1_93' title='bbox 1350 1149 1459 1202; x_wconf 75' lang='lat' dir='ltr'><strong>Kal</strong></span> <span class='ocrx_word' id='word_1_94' title='bbox 1506 1148 1630 1219; x_wconf 79' lang='grc' dir='ltr'>ἑξῆς</span> <span class='ocrx_word' id='word_1_95' title='bbox 1676 1149 1916 1218; x_wconf 77' lang='grc' dir='ltr'><strong>ἐπιλέγει</strong></span> 
     </span>
    </p>
   </div>
   <div class='ocr_carea' id='block_1_16' title="bbox 2024 1142 3624 1219">
    <p class='ocr_par' dir='ltr' id='par_1_16' title="bbox 2042 1142 3624 1215">
     <span class='ocr_line' id='line_1_16' title="bbox 2042 1142 3624 1215; baseline -0.004 -14"><span class='ocrx_word' id='word_1_96' title='bbox 2042 1147 2263 1212; x_wconf 87' lang='lat' dir='ltr'><strong>buerat;</strong></span> <span class='ocrx_word' id='word_1_97' title='bbox 2299 1147 2625 1215; x_wconf 72' lang='lat' dir='ltr'><strong>cunctisque</strong></span> <span class='ocrx_word' id='word_1_98' title='bbox 2654 1145 2720 1199; x_wconf 90' lang='lat' dir='ltr'><strong>ad</strong></span> <span class='ocrx_word' id='word_1_99' title='bbox 2748 1143 3068 1206; x_wconf 85' lang='lat' dir='ltr'><strong>Arcesilam,</strong></span> <span class='ocrx_word' id='word_1_100' title='bbox 3107 1159 3200 1197; x_wconf 90' lang='lat' dir='ltr'><strong>seu</strong></span> <span class='ocrx_word' id='word_1_101' title='bbox 3242 1142 3490 1206; x_wconf 79' lang='lat' dir='ltr'><strong>meliora,</strong></span> <span class='ocrx_word' id='word_1_102' title='bbox 3526 1156 3624 1196; x_wconf 85' lang='lat' dir='ltr'><strong>seu</strong></span> 
     </span>
    </p>
   </div>
   <div class='ocr_carea' id='block_1_17' title="bbox 316 1223 1922 1309">
    <p class='ocr_par' dir='ltr' id='par_1_17' title="bbox 316 1223 1922 1309">
     <span class='ocr_line' id='line_1_17' title="bbox 316 1223 1922 1309; baseline 0.008 -31"><span class='ocrx_word' id='word_1_103' title='bbox 316 1244 341 1278; x_wconf 80' lang='grc' dir='ltr'><strong>σ</strong></span> <span class='ocrx_word' id='word_1_104' title='bbox 384 1223 558 1299; x_wconf 72' lang='grc' dir='ltr'>Ἶὶγε</span> <span class='ocrx_word' id='word_1_105' title='bbox 584 1231 629 1284; x_wconf 80' lang='grc' dir='ltr'>δ’</span> <span class='ocrx_word' id='word_1_106' title='bbox 660 1228 753 1285; x_wconf 78' lang='grc' dir='ltr'>οὖν</span> <span class='ocrx_word' id='word_1_107' title='bbox 779 1235 873 1286; x_wconf 70' lang='grc' dir='ltr'>καὶ</span> <span class='ocrx_word' id='word_1_108' title='bbox 921 1228 1095 1298; x_wconf 73' lang='grc' dir='ltr'>οὗτος,</span> <span class='ocrx_word' id='word_1_109' title='bbox 1132 1237 1227 1289; x_wconf 58' lang='grc' dir='ltr'>καὶ</span> <span class='ocrx_word' id='word_1_110' title='bbox 1256 1236 1533 1309; x_wconf 76' lang='grc' dir='ltr'><strong>ἀπέφερεν</strong></span> <span class='ocrx_word' id='word_1_111' title='bbox 1564 1238 1699 1307; x_wconf 70' lang='grc'><strong>(45),</strong></span> <span class='ocrx_word' id='word_1_112' title='bbox 1730 1239 1922 1293; x_wconf 82' lang='grc' dir='ltr'>ἀντιλο-</span> 
     </span>
    </p>
   </div>
   <div class='ocr_carea' id='block_1_18' title="bbox 2024 1223 3621 1309">
    <p class='ocr_par' dir='ltr' id='par_1_18' title="bbox 2042 1235 3621 1307">
     <span class='ocr_line' id='line_1_18' title="bbox 2042 1235 3621 1307; baseline -0.003 -16"><span class='ocrx_word' id='word_1_113' title='bbox 2042 1237 2311 1292; x_wconf 90' lang='lat' dir='ltr'><strong>deteriora</strong></span> <span class='ocrx_word' id='word_1_114' title='bbox 2340 1246 2545 1300; x_wconf 79' lang='lat' dir='ltr'><strong>essent,</strong></span> <span class='ocrx_word' id='word_1_115' title='bbox 2574 1237 2781 1301; x_wconf 85' lang='lat' dir='ltr'><strong>relatis,</strong></span> <span class='ocrx_word' id='word_1_116' title='bbox 2807 1251 3043 1307; x_wconf 81' lang='lat' dir='ltr'><strong>pugnam</strong></span> <span class='ocrx_word' id='word_1_117' title='bbox 3072 1236 3187 1305; x_wconf 91' lang='lat' dir='ltr'><strong>ipse</strong></span> <span class='ocrx_word' id='word_1_118' title='bbox 3214 1235 3377 1305; x_wconf 87' lang='lat' dir='ltr'><strong>longo</strong></span> <span class='ocrx_word' id='word_1_119' title='bbox 3403 1235 3621 1287; x_wconf 87' lang='lat' dir='ltr'><strong>demum</strong></span> 
     </span>
    </p>
   </div>
   <div class='ocr_carea' id='block_1_19' title="bbox 310 1317 1922 1403">
    <p class='ocr_par' dir='ltr' id='par_1_19' title="bbox 310 1317 1922 1403">
     <span class='ocr_line' id='line_1_19' title="bbox 310 1317 1922 1403; baseline 0.009 -34"><span class='ocrx_word' id='word_1_120' title='bbox 310 1317 473 1383; x_wconf 75' lang='grc' dir='ltr'>γέας</span> <span class='ocrx_word' id='word_1_121' title='bbox 499 1336 557 1373; x_wconf 85' lang='grc' dir='ltr'><strong>τε</strong></span> <span class='ocrx_word' id='word_1_122' title='bbox 594 1321 686 1374; x_wconf 78' lang='grc' dir='ltr'>καὶ</span> <span class='ocrx_word' id='word_1_123' title='bbox 714 1323 949 1393; x_wconf 78' lang='grc' dir='ltr'>στροφὰς</span> <span class='ocrx_word' id='word_1_124' title='bbox 983 1323 1339 1394; x_wconf 81' lang='grc' dir='ltr'><strong>λεπτολόγους</strong></span> <span class='ocrx_word' id='word_1_125' title='bbox 1371 1328 1629 1399; x_wconf 76' lang='grc' dir='ltr'>συνέφερε</span> <span class='ocrx_word' id='word_1_126' title='bbox 1670 1332 1735 1401; x_wconf 80' lang='grc' dir='ltr'>τῇ</span> <span class='ocrx_word' id='word_1_127' title='bbox 1794 1331 1922 1403; x_wconf 58' lang='grc' dir='ltr'>μάχῃ</span> 
     </span>
    </p>
   </div>
   <div class='ocr_carea' id='block_1_20' title="bbox 2024 1317 3623 1403">
    <p class='ocr_par' dir='ltr' id='par_1_20' title="bbox 2044 1329 3623 1396">
     <span class='ocr_line' id='line_1_20' title="bbox 2044 1329 3623 1396; baseline -0.002 -12"><span class='ocrx_word' id='word_1_128' title='bbox 2044 1329 2332 1385; x_wconf 87' lang='lat' dir='ltr'><strong>intervallo</strong></span> <span class='ocrx_word' id='word_1_129' title='bbox 2382 1331 2679 1384; x_wconf 80' lang='lat' dir='ltr'><strong>revocavit.</strong></span> <span class='ocrx_word' id='word_1_130' title='bbox 2718 1350 2736 1382; x_wconf 75' lang='grc' dir='ltr'><strong>ι</strong></span> <span class='ocrx_word' id='word_1_131' title='bbox 2791 1330 2916 1383; x_wconf 90' lang='lat' dir='ltr'><strong>Inde</strong></span> <span class='ocrx_word' id='word_1_132' title='bbox 2960 1329 3212 1383; x_wconf 85' lang='lat' dir='ltr'><strong>nonnihil</strong></span> <span class='ocrx_word' id='word_1_133' title='bbox 3253 1342 3623 1396; x_wconf 79' lang='lat' dir='ltr'><strong>progressus:</strong></span> 
     </span>
    </p>
   </div>
   <div class='ocr_carea' id='block_1_21' title="bbox 324 1414 1922 1494">
    <p class='ocr_par' dir='ltr' id='par_1_21' title="bbox 324 1414 1900 1494">
     <span class='ocr_line' id='line_1_21' title="bbox 324 1414 1900 1494; baseline 0.008 -31"><span class='ocrx_word' id='word_1_134' title='bbox 324 1414 669 1479; x_wconf 55' lang='grc' dir='ltr'>ποικίλλων,</span> <span class='ocrx_word' id='word_1_135' title='bbox 692 1414 1039 1487; x_wconf 80' lang='grc' dir='ltr'>ἐξαρνητικός</span> <span class='ocrx_word' id='word_1_136' title='bbox 1068 1434 1125 1472; x_wconf 90' lang='grc' dir='ltr'><strong>τε</strong></span> <span class='ocrx_word' id='word_1_137' title='bbox 1150 1420 1243 1472; x_wconf 76' lang='grc' dir='ltr'><strong>καὶ</strong></span> <span class='ocrx_word' id='word_1_138' title='bbox 1269 1424 1669 1489; x_wconf 82' lang='grc' dir='ltr'>καταφαντικός</span> <span class='ocrx_word' id='word_1_139' title='bbox 1721 1440 1779 1476; x_wconf 88' lang='grc' dir='ltr'><strong>τε</strong></span> <span class='ocrx_word' id='word_1_140' title='bbox 1833 1420 1900 1494; x_wconf 81' lang='grc' dir='ltr'><strong>ἦν</strong></span> 
     </span>
    </p>
   </div>
   <div class='ocr_carea' id='block_1_22' title="bbox 2024 1414 3624 1494">
    <p class='ocr_par' dir='ltr' id='par_1_22' title="bbox 2048 1419 3624 1492">
     <span class='ocr_line' id='line_1_22' title="bbox 2048 1419 3624 1492; baseline 0 -19"><span class='ocrx_word' id='word_1_141' title='bbox 2048 1442 2068 1473; x_wconf 72' lang='grc' dir='ltr'><strong>ι</strong></span> <span class='ocrx_word' id='word_1_142' title='bbox 2094 1421 2235 1478; x_wconf 89' lang='lat' dir='ltr'><strong>Idem</strong></span> <span class='ocrx_word' id='word_1_143' title='bbox 2266 1422 2451 1491; x_wconf 85' lang='lat' dir='ltr'><strong>igitur,</strong></span> <span class='ocrx_word' id='word_1_144' title='bbox 2484 1422 2682 1492; x_wconf 88' lang='lat' dir='ltr'><strong>inquit,</strong></span> <span class='ocrx_word' id='word_1_145' title='bbox 2704 1422 2985 1485; x_wconf 71' lang='lat' dir='ltr'><strong>aﬂerebat,</strong></span> <span class='ocrx_word' id='word_1_146' title='bbox 3024 1422 3166 1475; x_wconf 92' lang='lat' dir='ltr'><strong>idem</strong></span> <span class='ocrx_word' id='word_1_147' title='bbox 3196 1419 3501 1481; x_wconf 80' lang='lat' dir='ltr'><strong>auferebat,</strong></span> <span class='ocrx_word' id='word_1_148' title='bbox 3522 1434 3624 1489; x_wconf 89' lang='lat' dir='ltr'><strong>pu-</strong></span> 
     </span>
    </p>
   </div>
   <div class='ocr_carea' id='block_1_23' title="bbox 321 1506 1922 1585">
    <p class='ocr_par' dir='ltr' id='par_1_23' title="bbox 321 1506 1922 1583">
     <span class='ocr_line' id='line_1_23' title="bbox 321 1506 1922 1583; baseline 0.007 -23"><span class='ocrx_word' id='word_1_149' title='bbox 321 1506 781 1580; x_wconf 71' lang='grc' dir='ltr'>κάμφοτέρωθεν</span> <span class='ocrx_word' id='word_1_150' title='bbox 806 1511 1159 1580; x_wconf 73' lang='grc' dir='ltr'><strong>ἀντιλογικός.</strong></span> <span class='ocrx_word' id='word_1_151' title='bbox 1179 1513 1244 1564; x_wconf 81' lang='grc' dir='ltr'><strong>Εἴ</strong></span> <span class='ocrx_word' id='word_1_152' title='bbox 1263 1514 1321 1565; x_wconf 85' lang='grc' dir='ltr'><strong>τέ</strong></span> <span class='ocrx_word' id='word_1_153' title='bbox 1348 1512 1457 1583; x_wconf 68' lang='lat' dir='ltr'><strong>(Mil</strong></span> <span class='ocrx_word' id='word_1_154' title='bbox 1487 1530 1589 1565; x_wconf 90' lang='grc' dir='ltr'><strong>που</strong></span> <span class='ocrx_word' id='word_1_155' title='bbox 1624 1515 1731 1567; x_wconf 78' lang='grc' dir='ltr'>ἔδει</span> <span class='ocrx_word' id='word_1_156' title='bbox 1765 1533 1817 1567; x_wconf 91' lang='grc' dir='ltr'><strong>τι</strong></span> <span class='ocrx_word' id='word_1_157' title='bbox 1846 1517 1922 1572; x_wconf 78' lang='grc' dir='ltr'><strong>κα</strong></span> 
     </span>
    </p>
   </div>
   <div class='ocr_carea' id='block_1_24' title="bbox 2024 1506 3626 1585">
    <p class='ocr_par' dir='ltr' id='par_1_24' title="bbox 2043 1512 3626 1585">
     <span class='ocr_line' id='line_1_24' title="bbox 2043 1512 3626 1585; baseline -0.001 -19"><span class='ocrx_word' id='word_1_158' title='bbox 2043 1528 2319 1585; x_wconf 86' lang='lat' dir='ltr'><strong>gnamque</strong></span> <span class='ocrx_word' id='word_1_159' title='bbox 2334 1530 2489 1567; x_wconf 89' lang='lat' dir='ltr'><strong>suam</strong></span> <span class='ocrx_word' id='word_1_160' title='bbox 2512 1514 2806 1569; x_wconf 83' lang='lat' dir='ltr'><strong>contrariis</strong></span> <span class='ocrx_word' id='word_1_161' title='bbox 2833 1514 3142 1576; x_wconf 88' lang='lat' dir='ltr'><strong>sententiis,</strong></span> <span class='ocrx_word' id='word_1_162' title='bbox 3167 1521 3220 1566; x_wconf 90' lang='lat' dir='ltr'><strong>et</strong></span> <span class='ocrx_word' id='word_1_163' title='bbox 3241 1512 3478 1566; x_wconf 89' lang='lat' dir='ltr'><strong>versutis</strong></span> <span class='ocrx_word' id='word_1_164' title='bbox 3500 1512 3626 1580; x_wconf 86' lang='lat' dir='ltr'><strong>qui-</strong></span> 
     </span>
    </p>
   </div>
   <div class='ocr_carea' id='block_1_25' title="bbox 313 1594 1922 1676">
    <p class='ocr_par' dir='ltr' id='par_1_25' title="bbox 313 1594 1922 1676">
     <span class='ocr_line' id='line_1_25' title="bbox 313 1594 1922 1676; baseline 0.006 -25"><span class='ocrx_word' id='word_1_165' title='bbox 313 1594 538 1670; x_wconf 76' lang='grc' dir='ltr'>θαῦμα</span> <span class='ocrx_word' id='word_1_166' title='bbox 566 1601 795 1671; x_wconf 80' lang='grc' dir='ltr'>ἐχόντων</span> <span class='ocrx_word' id='word_1_167' title='bbox 824 1603 1016 1671; x_wconf 84' lang='grc' dir='ltr'>λόγων,</span> <span class='ocrx_word' id='word_1_168' title='bbox 1046 1602 1359 1675; x_wconf 84' lang='grc' dir='ltr'>ὲξηγείρετο</span> <span class='ocrx_word' id='word_1_169' title='bbox 1384 1604 1602 1676; x_wconf 88' lang='grc' dir='ltr'>λάϐρος,</span> <span class='ocrx_word' id='word_1_170' title='bbox 1633 1604 1742 1659; x_wconf 73' lang='grc' dir='ltr'>οἷον</span> <span class='ocrx_word' id='word_1_171' title='bbox 1770 1625 1922 1661; x_wconf 78' lang='grc' dir='ltr'>ποτα·</span> 
     </span>
    </p>
   </div>
   <div class='ocr_carea' id='block_1_26' title="bbox 2024 1594 3625 1676">
    <p class='ocr_par' dir='ltr' id='par_1_26' title="bbox 2041 1603 3625 1675">
     <span class='ocr_line' id='line_1_26' title="bbox 2041 1603 3625 1675; baseline -0.001 -16"><span class='ocrx_word' id='word_1_172' title='bbox 2041 1603 2270 1659; x_wconf 85' lang='lat' dir='ltr'><strong>busdam</strong></span> <span class='ocrx_word' id='word_1_173' title='bbox 2300 1620 2365 1659; x_wconf 90' lang='lat' dir='ltr'><strong>ac</strong></span> <span class='ocrx_word' id='word_1_174' title='bbox 2394 1605 2688 1660; x_wconf 81' lang='lat' dir='ltr'><strong>subtilibus</strong></span> <span class='ocrx_word' id='word_1_175' title='bbox 2722 1606 2954 1675; x_wconf 85' lang='lat' dir='ltr'><strong>argutiis</strong></span> <span class='ocrx_word' id='word_1_176' title='bbox 2973 1620 3097 1659; x_wconf 89' lang='lat' dir='ltr'><strong>cum</strong></span> <span class='ocrx_word' id='word_1_177' title='bbox 3128 1604 3414 1674; x_wconf 86' lang='lat' dir='ltr'><strong>multiplici</strong></span> <span class='ocrx_word' id='word_1_178' title='bbox 3446 1603 3625 1658; x_wconf 82' lang='lat' dir='ltr'><strong>varie-</strong></span> 
     </span>
    </p>
   </div>
   <div class='ocr_carea' id='block_1_27' title="bbox 317 1690 1922 1771">
    <p class='ocr_par' dir='ltr' id='par_1_27' title="bbox 317 1690 1922 1771">
     <span class='ocr_line' id='line_1_27' title="bbox 317 1690 1922 1771; baseline 0.006 -28"><span class='ocrx_word' id='word_1_179' title='bbox 317 1690 448 1759; x_wconf 75' lang='grc' dir='ltr'>μὸς</span> <span class='ocrx_word' id='word_1_180' title='bbox 489 1693 714 1765; x_wconf 79' lang='grc' dir='ltr'><strong>ῥοώδης,</strong></span> <span class='ocrx_word' id='word_1_181' title='bbox 752 1695 995 1767; x_wconf 81' lang='grc' dir='ltr'>σφοδρῶς</span> <span class='ocrx_word' id='word_1_182' title='bbox 1054 1696 1192 1767; x_wconf 77' lang='grc' dir='ltr'><strong>ρέων</strong></span> <span class='ocrx_word' id='word_1_183' title='bbox 1246 1696 1378 1767; x_wconf 68' lang='grc'><strong>(47),</strong></span> <span class='ocrx_word' id='word_1_184' title='bbox 1438 1698 1614 1751; x_wconf 89' lang='grc' dir='ltr'>πάντα</span> <span class='ocrx_word' id='word_1_185' title='bbox 1662 1716 1922 1771; x_wconf 76' lang='grc' dir='ltr'>καταπιμ·</span> 
     </span>
    </p>
   </div>
   <div class='ocr_carea' id='block_1_28' title="bbox 2024 1690 3626 1771">
    <p class='ocr_par' dir='ltr' id='par_1_28' title="bbox 2043 1696 3626 1766">
     <span class='ocr_line' id='line_1_28' title="bbox 2043 1696 3626 1766; baseline -0.001 -17"><span class='ocrx_word' id='word_1_186' title='bbox 2043 1703 2152 1751; x_wconf 90' lang='lat' dir='ltr'><strong>tate</strong></span> <span class='ocrx_word' id='word_1_187' title='bbox 2180 1696 2467 1759; x_wconf 83' lang='lat' dir='ltr'><strong>miscebat,</strong></span> <span class='ocrx_word' id='word_1_188' title='bbox 2499 1696 2821 1750; x_wconf 72' lang='lat' dir='ltr'><strong>afﬁrmando</strong></span> <span class='ocrx_word' id='word_1_189' title='bbox 2847 1697 3009 1751; x_wconf 89' lang='lat' dir='ltr'><strong>simul</strong></span> <span class='ocrx_word' id='word_1_190' title='bbox 3043 1713 3109 1750; x_wconf 92' lang='lat' dir='ltr'><strong>ac</strong></span> <span class='ocrx_word' id='word_1_191' title='bbox 3148 1696 3417 1766; x_wconf 86' lang='lat' dir='ltr'><strong>negando,</strong></span> <span class='ocrx_word' id='word_1_192' title='bbox 3450 1706 3505 1749; x_wconf 89' lang='lat' dir='ltr'><strong>et</strong></span> <span class='ocrx_word' id='word_1_193' title='bbox 3531 1710 3626 1764; x_wconf 83' lang='lat' dir='ltr'><strong>op-</strong></span> 
     </span>
    </p>
   </div>
   <div class='ocr_carea' id='block_1_29' title="bbox 314 1785 1922 1859">
    <p class='ocr_par' dir='ltr' id='par_1_29' title="bbox 314 1785 1922 1858">
     <span class='ocr_line' id='line_1_29' title="bbox 314 1785 1922 1858; baseline 0.005 -20"><span class='ocrx_word' id='word_1_194' title='bbox 314 1785 489 1849; x_wconf 81' lang='grc' dir='ltr'>πλὰς</span> <span class='ocrx_word' id='word_1_195' title='bbox 517 1786 589 1839; x_wconf 75' lang='grc' dir='ltr'><strong>τὰ</strong></span> <span class='ocrx_word' id='word_1_196' title='bbox 618 1788 743 1858; x_wconf 81' lang='grc' dir='ltr'>τῇδε</span> <span class='ocrx_word' id='word_1_197' title='bbox 773 1790 864 1841; x_wconf 71' lang='grc' dir='ltr'><strong>καὶ</strong></span> <span class='ocrx_word' id='word_1_198' title='bbox 890 1790 959 1841; x_wconf 76' lang='grc' dir='ltr'><strong>τὰ</strong></span> <span class='ocrx_word' id='word_1_199' title='bbox 990 1789 1182 1853; x_wconf 79' lang='grc' dir='ltr'>ἐκεῖθι,</span> <span class='ocrx_word' id='word_1_200' title='bbox 1221 1792 1313 1844; x_wconf 72' lang='grc' dir='ltr'>καὶ</span> <span class='ocrx_word' id='word_1_201' title='bbox 1346 1791 1650 1856; x_wconf 83' lang='grc' dir='ltr'>είσέπιπτε,</span> <span class='ocrx_word' id='word_1_202' title='bbox 1686 1794 1778 1846; x_wconf 79' lang='grc' dir='ltr'><strong>καὶ</strong></span> <span class='ocrx_word' id='word_1_203' title='bbox 1808 1812 1922 1846; x_wconf 86' lang='grc' dir='ltr'>συν-</span> 
     </span>
    </p>
   </div>
   <div class='ocr_carea' id='block_1_30' title="bbox 2024 1785 3623 1859">
    <p class='ocr_par' dir='ltr' id='par_1_30' title="bbox 2042 1786 3623 1859">
     <span class='ocr_line' id='line_1_30' title="bbox 2042 1786 3623 1859; baseline -0.001 -16"><span class='ocrx_word' id='word_1_204' title='bbox 2042 1788 2235 1857; x_wconf 87' lang='lat' dir='ltr'><strong>positis</strong></span> <span class='ocrx_word' id='word_1_205' title='bbox 2282 1789 2536 1859; x_wconf 87' lang='lat' dir='ltr'><strong>utrinque</strong></span> <span class='ocrx_word' id='word_1_206' title='bbox 2589 1788 2892 1843; x_wconf 83' lang='lat' dir='ltr'><strong>rationibus</strong></span> <span class='ocrx_word' id='word_1_207' title='bbox 2951 1789 3302 1858; x_wconf 88' lang='lat' dir='ltr'><strong>disputando.</strong></span> <span class='ocrx_word' id='word_1_208' title='bbox 3363 1786 3519 1853; x_wconf 84' lang='lat' dir='ltr'><strong>Quod</strong></span> <span class='ocrx_word' id='word_1_209' title='bbox 3572 1788 3623 1844; x_wconf 82' lang='lat' dir='ltr'><strong>si</strong></span> 
     </span>
    </p>
   </div>
   <div class='ocr_carea' id='block_1_31' title="bbox 314 1871 1922 1957">
    <p class='ocr_par' dir='ltr' id='par_1_31' title="bbox 314 1878 1922 1957">
     <span class='ocr_line' id='line_1_31' title="bbox 314 1878 1922 1957; baseline 0.006 -26"><span class='ocrx_word' id='word_1_210' title='bbox 314 1878 511 1951; x_wconf 75' lang='grc' dir='ltr'>ἐσυρε</span> <span class='ocrx_word' id='word_1_211' title='bbox 545 1881 671 1944; x_wconf 74' lang='grc' dir='ltr'>τοὺς</span> <span class='ocrx_word' id='word_1_212' title='bbox 720 1882 1017 1946; x_wconf 77' lang='grc' dir='ltr'>ἀκούοντας</span> <span class='ocrx_word' id='word_1_213' title='bbox 1050 1882 1139 1935; x_wconf 79' lang='grc' dir='ltr'><strong>διά</strong></span> <span class='ocrx_word' id='word_1_214' title='bbox 1169 1883 1419 1955; x_wconf 80' lang='grc' dir='ltr'>θορύϐου.</span> <span class='ocrx_word' id='word_1_215' title='bbox 1471 1886 1769 1957; x_wconf 80' lang='grc' dir='ltr'>Τοιγαροῦν</span> <span class='ocrx_word' id='word_1_216' title='bbox 1795 1888 1922 1942; x_wconf 78' lang='grc' dir='ltr'>άπά-</span> 
     </span>
    </p>
   </div>
   <div class='ocr_carea' id='block_1_32' title="bbox 2024 1871 3621 1957">
    <p class='ocr_par' dir='ltr' id='par_1_32' title="bbox 2038 1881 3621 1951">
     <span class='ocr_line' id='line_1_32' title="bbox 2038 1881 3621 1951; baseline 0 -18"><span class='ocrx_word' id='word_1_217' title='bbox 2038 1881 2149 1935; x_wconf 89' lang='lat' dir='ltr'><strong>alto</strong></span> <span class='ocrx_word' id='word_1_218' title='bbox 2177 1881 2412 1950; x_wconf 85' lang='lat' dir='ltr'><strong>quodam</strong></span> <span class='ocrx_word' id='word_1_219' title='bbox 2450 1889 2504 1935; x_wconf 90' lang='lat' dir='ltr'><strong>et</strong></span> <span class='ocrx_word' id='word_1_220' title='bbox 2529 1891 2858 1951; x_wconf 77' lang='lat' dir='ltr'><strong>exaggerato</strong></span> <span class='ocrx_word' id='word_1_221' title='bbox 2883 1881 3100 1935; x_wconf 84' lang='lat' dir='ltr'><strong>dicendi</strong></span> <span class='ocrx_word' id='word_1_222' title='bbox 3139 1896 3336 1950; x_wconf 84' lang='lat' dir='ltr'><strong>genere</strong></span> <span class='ocrx_word' id='word_1_223' title='bbox 3366 1896 3506 1949; x_wconf 90' lang='lat' dir='ltr'><strong>opus</strong></span> <span class='ocrx_word' id='word_1_224' title='bbox 3532 1894 3621 1933; x_wconf 86' lang='lat' dir='ltr'><strong>es~</strong></span> 
     </span>
    </p>
   </div>
   <div class='ocr_carea' id='block_1_33' title="bbox 302 366 491 426">
    <p class='ocr_par' dir='ltr' id='par_1_33' title="bbox 302 366 491 426">
     <span class='ocr_line' id='line_1_33' title="bbox 302 366 491 426; baseline 0.011 -2"><span class='ocrx_word' id='word_1_225' title='bbox 302 366 491 426; x_wconf 69' lang='grc'><strong>1215</strong></span> 
     </span>
    </p>
   </div>
   <div class='ocr_carea' id='block_1_34' title="bbox 314 1974 1932 2053">
    <p class='ocr_par' dir='ltr' id='par_1_34' title="bbox 314 1974 1932 2053">
     <span class='ocr_line' id='line_1_34' title="bbox 314 1974 1932 2053; baseline 0.004 -26"><span class='ocrx_word' id='word_1_226' title='bbox 314 1989 456 2041; x_wconf 85' lang='grc' dir='ltr'><strong>γων</strong></span> <span class='ocrx_word' id='word_1_227' title='bbox 486 1974 617 2038; x_wconf 73' lang='grc' dir='ltr'>τοὺς</span> <span class='ocrx_word' id='word_1_228' title='bbox 645 1974 855 2039; x_wconf 80' lang='grc' dir='ltr'>ἄλλους,</span> <span class='ocrx_word' id='word_1_229' title='bbox 891 1976 1053 2039; x_wconf 82' lang='grc' dir='ltr'>αὐτὸς</span> <span class='ocrx_word' id='word_1_230' title='bbox 1082 1974 1274 2046; x_wconf 85' lang='grc' dir='ltr'>ἔμενεν</span> <span class='ocrx_word' id='word_1_231' title='bbox 1302 1978 1729 2050; x_wconf 78' lang='grc' dir='ltr'>ἁνεξαπάτητος’</span> <span class='ocrx_word' id='word_1_232' title='bbox 1778 1980 1806 2033; x_wconf 88' lang='grc' dir='ltr'><strong>δ</strong></span> <span class='ocrx_word' id='word_1_233' title='bbox 1858 1982 1932 2053; x_wconf 80' lang='grc' dir='ltr'>μὴ</span> 
     </span>
    </p>
   </div>
   <div class='ocr_carea' id='block_1_35' title="bbox 317 2064 1932 2141">
    <p class='ocr_par' dir='ltr' id='par_1_35' title="bbox 317 2064 1932 2141">
     <span class='ocr_line' id='line_1_35' title="bbox 317 2064 1932 2141; baseline 0.005 -25"><span class='ocrx_word' id='word_1_234' title='bbox 317 2064 556 2135; x_wconf 77' lang='grc' dir='ltr'>προσῆν</span> <span class='ocrx_word' id='word_1_235' title='bbox 584 2064 661 2135; x_wconf 84' lang='grc' dir='ltr'>τῷ</span> <span class='ocrx_word' id='word_1_236' title='bbox 708 2066 1061 2138; x_wconf 79' lang='grc' dir='ltr'>Ἀρκεσιλάῳ.</span> <span class='ocrx_word' id='word_1_237' title='bbox 1102 2067 1339 2132; x_wconf 83' lang='grc' dir='ltr'>Ἐκεῖνος</span> <span class='ocrx_word' id='word_1_238' title='bbox 1379 2070 1508 2141; x_wconf 80' lang='grc' dir='ltr'>γὰρ,</span> <span class='ocrx_word' id='word_1_239' title='bbox 1548 2072 1932 2141; x_wconf 82' lang='grc' dir='ltr'>περιεχόμενος</span> 
     </span>
    </p>
   </div>
   <div class='ocr_carea' id='block_1_36' title="bbox 318 2157 1931 2233">
    <p class='ocr_par' dir='ltr' id='par_1_36' title="bbox 318 2157 1931 2233">
     <span class='ocr_line' id='line_1_36' title="bbox 318 2157 1931 2233; baseline 0.006 -24"><span class='ocrx_word' id='word_1_240' title='bbox 318 2159 403 2227; x_wconf 74' lang='grc' dir='ltr'><strong>τῇ</strong></span> <span class='ocrx_word' id='word_1_241' title='bbox 432 2157 713 2229; x_wconf 79' lang='grc' dir='ltr'>φαρμάξει</span> <span class='ocrx_word' id='word_1_242' title='bbox 753 2161 877 2223; x_wconf 82' lang='grc' dir='ltr'>τοὺς</span> <span class='ocrx_word' id='word_1_243' title='bbox 904 2161 1502 2233; x_wconf 86' lang='grc' dir='ltr'>συγκορυϐαντιῶντας,</span> <span class='ocrx_word' id='word_1_244' title='bbox 1532 2164 1720 2217; x_wconf 75' lang='grc' dir='ltr'>ἔλαθεν</span> <span class='ocrx_word' id='word_1_245' title='bbox 1744 2166 1931 2219; x_wconf 78' lang='grc' dir='ltr'>ἑαυτὸν</span> 
     </span>
    </p>
   </div>
   <div class='ocr_carea' id='block_1_37' title="bbox 320 2248 1930 2327">
    <p class='ocr_par' dir='ltr' id='par_1_37' title="bbox 320 2248 1930 2327">
     <span class='ocr_line' id='line_1_37' title="bbox 320 2248 1930 2327; baseline 0.006 -28"><span class='ocrx_word' id='word_1_246' title='bbox 320 2248 563 2317; x_wconf 82' lang='grc' dir='ltr'>πρῶτον</span> <span class='ocrx_word' id='word_1_247' title='bbox 592 2248 951 2321; x_wconf 77' lang='grc' dir='ltr'>ἐξηπατηκὼς</span> <span class='ocrx_word' id='word_1_248' title='bbox 972 2252 1045 2321; x_wconf 80' lang='grc' dir='ltr'>μὴ</span> <span class='ocrx_word' id='word_1_249' title='bbox 1078 2252 1364 2324; x_wconf 75' lang='grc' dir='ltr'>ᾐσθῆσθαι,</span> <span class='ocrx_word' id='word_1_250' title='bbox 1384 2254 1673 2308; x_wconf 86' lang='grc' dir='ltr'>πεπεῖσθαι</span> <span class='ocrx_word' id='word_1_251' title='bbox 1699 2256 1744 2308; x_wconf 79' lang='grc' dir='ltr'>δ’</span> <span class='ocrx_word' id='word_1_252' title='bbox 1756 2256 1930 2327; x_wconf 81' lang='grc' dir='ltr'>ἀληθῆ</span> 
     </span>
    </p>
   </div>
   <div class='ocr_carea' id='block_1_38' title="bbox 322 2334 1931 2420">
    <p class='ocr_par' dir='ltr' id='par_1_38' title="bbox 322 2334 1931 2420">
     <span class='ocr_line' id='line_1_38' title="bbox 322 2334 1931 2420; baseline 0.006 -28"><span class='ocrx_word' id='word_1_253' title='bbox 322 2334 507 2403; x_wconf 73' lang='grc' dir='ltr'>εἶναι,</span> <span class='ocrx_word' id='word_1_254' title='bbox 525 2341 560 2394; x_wconf 77' lang='grc' dir='ltr'>ἃ</span> <span class='ocrx_word' id='word_1_255' title='bbox 582 2340 726 2409; x_wconf 88' lang='grc' dir='ltr'>λέγει</span> <span class='ocrx_word' id='word_1_256' title='bbox 753 2340 841 2395; x_wconf 75' lang='grc' dir='ltr'><strong>διὰ</strong></span> <span class='ocrx_word' id='word_1_257' title='bbox 872 2342 969 2413; x_wconf 79' lang='grc' dir='ltr'>τῆς</span> <span class='ocrx_word' id='word_1_258' title='bbox 998 2341 1402 2407; x_wconf 74' lang='grc' dir='ltr'><strong>ἁπαξαπάντων</strong></span> <span class='ocrx_word' id='word_1_259' title='bbox 1433 2346 1764 2417; x_wconf 82' lang='grc' dir='ltr'>ἀναιρέσεως</span> <span class='ocrx_word' id='word_1_260' title='bbox 1795 2364 1931 2420; x_wconf 89' lang='grc' dir='ltr'>χρη-</span> 
     </span>
    </p>
   </div>
   <div class='ocr_carea' id='block_1_39' title="bbox 327 2429 1932 2509">
    <p class='ocr_par' dir='ltr' id='par_1_39' title="bbox 327 2429 1932 2509">
     <span class='ocr_line' id='line_1_39' title="bbox 327 2429 1932 2509; baseline 0.006 -24"><span class='ocrx_word' id='word_1_261' title='bbox 327 2432 553 2500; x_wconf 81' lang='grc' dir='ltr'><strong>μάτων.</strong></span> <span class='ocrx_word' id='word_1_262' title='bbox 611 2432 797 2485; x_wconf 74' lang='grc' dir='ltr'>Κακδν</span> <span class='ocrx_word' id='word_1_263' title='bbox 850 2434 907 2486; x_wconf 85' lang='grc' dir='ltr'>δὲ</span> <span class='ocrx_word' id='word_1_264' title='bbox 970 2429 1039 2505; x_wconf 80' lang='grc' dir='ltr'><strong>ἦν</strong></span> <span class='ocrx_word' id='word_1_265' title='bbox 1094 2433 1160 2489; x_wconf 81' lang='grc' dir='ltr'>ἂν</span> <span class='ocrx_word' id='word_1_266' title='bbox 1198 2434 1353 2506; x_wconf 82' lang='grc' dir='ltr'>κακῷ</span> <span class='ocrx_word' id='word_1_267' title='bbox 1404 2437 1851 2509; x_wconf 85' lang='grc' dir='ltr'>ὲπανακείμενον,</span> <span class='ocrx_word' id='word_1_268' title='bbox 1902 2441 1932 2493; x_wconf 85' lang='grc' dir='ltr'><em>ὁ</em></span> 
     </span>
    </p>
   </div>
   <div class='ocr_carea' id='block_1_40' title="bbox 322 2521 1927 2602">
    <p class='ocr_par' dir='ltr' id='par_1_40' title="bbox 322 2521 1927 2602">
     <span class='ocr_line' id='line_1_40' title="bbox 322 2521 1927 2602; baseline 0.006 -27"><span class='ocrx_word' id='word_1_269' title='bbox 322 2521 664 2593; x_wconf 77' lang='grc' dir='ltr'>Καρνεάδης</span> <span class='ocrx_word' id='word_1_270' title='bbox 688 2522 767 2593; x_wconf 82' lang='grc' dir='ltr'><strong>τῷ</strong></span> <span class='ocrx_word' id='word_1_271' title='bbox 815 2525 1167 2595; x_wconf 74' lang='grc' dir='ltr'>’Λρκεσιλάῳο</span> <span class='ocrx_word' id='word_1_272' title='bbox 1209 2526 1283 2597; x_wconf 82' lang='grc' dir='ltr'>μὴ</span> <span class='ocrx_word' id='word_1_273' title='bbox 1310 2526 1550 2597; x_wconf 84' lang='grc' dir='ltr'>χαλάσας</span> <span class='ocrx_word' id='word_1_274' title='bbox 1578 2544 1631 2581; x_wconf 85' lang='grc' dir='ltr'><strong>τι</strong></span> <span class='ocrx_word' id='word_1_275' title='bbox 1676 2531 1927 2602; x_wconf 82' lang='grc' dir='ltr'>σμικρὸν,</span> 
     </span>
    </p>
   </div>
   <div class='ocr_carea' id='block_1_41' title="bbox 326 2610 1929 2689">
    <p class='ocr_par' dir='ltr' id='par_1_41' title="bbox 326 2610 1929 2689">
     <span class='ocr_line' id='line_1_41' title="bbox 326 2610 1929 2689; baseline 0.006 -22"><span class='ocrx_word' id='word_1_276' title='bbox 326 2614 432 2683; x_wconf 77' lang='grc' dir='ltr'><strong>ὑφ’</strong></span> <span class='ocrx_word' id='word_1_277' title='bbox 460 2610 522 2669; x_wconf 83' lang='grc' dir='ltr'><strong>οῦ</strong></span> <span class='ocrx_word' id='word_1_278' title='bbox 551 2616 650 2668; x_wconf 73' lang='grc' dir='ltr'>οὐκ</span> <span class='ocrx_word' id='word_1_279' title='bbox 682 2616 952 2687; x_wconf 80' lang='grc' dir='ltr'>ἄπρακτοι</span> <span class='ocrx_word' id='word_1_280' title='bbox 980 2618 1205 2689; x_wconf 78' lang='grc' dir='ltr'>ἔμελλον</span> <span class='ocrx_word' id='word_1_281' title='bbox 1239 2619 1478 2683; x_wconf 77' lang='grc' dir='ltr'>ἔσεσθαι,</span> <span class='ocrx_word' id='word_1_282' title='bbox 1505 2620 1645 2674; x_wconf 78' lang='grc' dir='ltr'>κατὰ</span> <span class='ocrx_word' id='word_1_283' title='bbox 1694 2621 1793 2685; x_wconf 80' lang='grc' dir='ltr'>τὰς</span> <span class='ocrx_word' id='word_1_284' title='bbox 1822 2623 1929 2676; x_wconf 85' lang='grc' dir='ltr'><strong>ἀπὸ</strong></span> 
     </span>
    </p>
   </div>
   <div class='ocr_carea' id='block_1_42' title="bbox 326 2709 1929 2787">
    <p class='ocr_par' dir='ltr' id='par_1_42' title="bbox 326 2709 1929 2787">
     <span class='ocr_line' id='line_1_42' title="bbox 326 2709 1929 2787; baseline 0.005 -26"><span class='ocrx_word' id='word_1_285' title='bbox 326 2709 437 2762; x_wconf 83' lang='grc' dir='ltr'><strong>τοῦ</strong></span> <span class='ocrx_word' id='word_1_286' title='bbox 467 2709 693 2763; x_wconf 83' lang='grc' dir='ltr'>πιθανοῦ</span> <span class='ocrx_word' id='word_1_287' title='bbox 732 2711 1029 2781; x_wconf 77' lang='grc' dir='ltr'>λεγομένας</span> <span class='ocrx_word' id='word_1_288' title='bbox 1078 2712 1227 2783; x_wconf 75' lang='grc' dir='ltr'>αὑτῷ</span> <span class='ocrx_word' id='word_1_289' title='bbox 1260 2711 1479 2777; x_wconf 81' lang='grc' dir='ltr'>θετικάς</span> <span class='ocrx_word' id='word_1_290' title='bbox 1499 2732 1555 2767; x_wconf 90' lang='grc' dir='ltr'><strong>τε</strong></span> <span class='ocrx_word' id='word_1_291' title='bbox 1586 2716 1678 2769; x_wconf 69' lang='grc' dir='ltr'>καὶ</span> <span class='ocrx_word' id='word_1_292' title='bbox 1710 2718 1929 2787; x_wconf 84' lang='grc' dir='ltr'>ἀρνητι-</span> 
     </span>
    </p>
   </div>
   <div class='ocr_carea' id='block_1_43' title="bbox 330 2801 1928 2881">
    <p class='ocr_par' dir='ltr' id='par_1_43' title="bbox 330 2801 1928 2881">
     <span class='ocr_line' id='line_1_43' title="bbox 330 2801 1928 2881; baseline 0.006 -27"><span class='ocrx_word' id='word_1_293' title='bbox 330 2802 446 2866; x_wconf 67' lang='lat' dir='ltr'><strong>ad;</strong></span> <span class='ocrx_word' id='word_1_294' title='bbox 473 2804 789 2871; x_wconf 78' lang='grc' dir='ltr'>φαντασίας,</span> <span class='ocrx_word' id='word_1_295' title='bbox 820 2804 913 2858; x_wconf 89' lang='grc' dir='ltr'><strong>τοῦ</strong></span> <span class='ocrx_word' id='word_1_296' title='bbox 964 2801 1101 2860; x_wconf 82' lang='grc' dir='ltr'>εἶναι</span> <span class='ocrx_word' id='word_1_297' title='bbox 1143 2807 1261 2859; x_wconf 89' lang='grc' dir='ltr'>τόδε</span> <span class='ocrx_word' id='word_1_298' title='bbox 1309 2823 1362 2859; x_wconf 89' lang='grc' dir='ltr'><strong>τι</strong></span> <span class='ocrx_word' id='word_1_299' title='bbox 1421 2806 1579 2873; x_wconf 77' lang='grc' dir='ltr'>ζῶον,</span> <span class='ocrx_word' id='word_1_300' title='bbox 1620 2808 1652 2880; x_wconf 85' lang='grc' dir='ltr'>ἢ</span> <span class='ocrx_word' id='word_1_301' title='bbox 1696 2808 1769 2881; x_wconf 83' lang='grc' dir='ltr'>μὴ</span> <span class='ocrx_word' id='word_1_302' title='bbox 1792 2807 1928 2874; x_wconf 77' lang='grc' dir='ltr'><strong>ζῶον</strong></span> 
     </span>
    </p>
   </div>
   <div class='ocr_carea' id='block_1_44' title="bbox 331 2889 1927 2973">
    <p class='ocr_par' dir='ltr' id='par_1_44' title="bbox 331 2889 1927 2973">
     <span class='ocr_line' id='line_1_44' title="bbox 331 2889 1927 2973; baseline 0.006 -26"><span class='ocrx_word' id='word_1_303' title='bbox 331 2889 501 2948; x_wconf 78' lang='grc' dir='ltr'>εἶναι.</span> <span class='ocrx_word' id='word_1_304' title='bbox 518 2916 534 2945; x_wconf 74' lang='grc' dir='ltr'><strong>ι</strong></span> <span class='ocrx_word' id='word_1_305' title='bbox 575 2896 744 2950; x_wconf 84' lang='grc' dir='ltr'>Τοῦτο</span> <span class='ocrx_word' id='word_1_306' title='bbox 766 2892 856 2950; x_wconf 78' lang='grc' dir='ltr'>οὖν</span> <span class='ocrx_word' id='word_1_307' title='bbox 884 2898 1131 2963; x_wconf 76' lang='grc' dir='ltr'>ὑπανεὶς,</span> <span class='ocrx_word' id='word_1_308' title='bbox 1153 2898 1341 2971; x_wconf 83' lang='grc' dir='ltr'>ὥσπερ</span> <span class='ocrx_word' id='word_1_309' title='bbox 1365 2902 1413 2953; x_wconf 87' lang='grc' dir='ltr'>οἱ</span> <span class='ocrx_word' id='word_1_310' title='bbox 1438 2901 1802 2971; x_wconf 76' lang='grc' dir='ltr'>ἀναχάζοντες</span> <span class='ocrx_word' id='word_1_311' title='bbox 1828 2902 1927 2973; x_wconf 81' lang='grc' dir='ltr'><strong>θῆ-</strong></span> 
     </span>
    </p>
   </div>
   <div class='ocr_carea' id='block_1_45' title="bbox 334 2988 1927 3061">
    <p class='ocr_par' dir='ltr' id='par_1_45' title="bbox 334 2988 1927 3061">
     <span class='ocr_line' id='line_1_45' title="bbox 334 2988 1927 3061; baseline 0.004 -21"><span class='ocrx_word' id='word_1_312' title='bbox 334 3006 458 3060; x_wconf 84' lang='grc' dir='ltr'>ρες,</span> <span class='ocrx_word' id='word_1_313' title='bbox 489 2988 809 3061; x_wconf 85' lang='grc' dir='ltr'>βιαιότερον,</span> <span class='ocrx_word' id='word_1_314' title='bbox 841 2992 934 3044; x_wconf 69' lang='grc' dir='ltr'>καὶ</span> <span class='ocrx_word' id='word_1_315' title='bbox 983 2990 1182 3061; x_wconf 73' lang='grc' dir='ltr'>μᾶλλον</span> <span class='ocrx_word' id='word_1_316' title='bbox 1218 2992 1445 3056; x_wconf 76' lang='grc' dir='ltr'>ἑαυτοὺς</span> <span class='ocrx_word' id='word_1_317' title='bbox 1504 2994 1659 3046; x_wconf 77' lang='grc' dir='ltr'>ἱεῖσιν</span> <span class='ocrx_word' id='word_1_318' title='bbox 1718 2996 1797 3057; x_wconf 84' lang='grc' dir='ltr'><strong>εἰς</strong></span> <span class='ocrx_word' id='word_1_319' title='bbox 1828 2994 1927 3058; x_wconf 83' lang='grc' dir='ltr'><strong>τὰς</strong></span> 
     </span>
    </p>
   </div>
   <div class='ocr_carea' id='block_1_46' title="bbox 334 3080 1925 3158">
    <p class='ocr_par' dir='ltr' id='par_1_46' title="bbox 334 3080 1925 3158">
     <span class='ocr_line' id='line_1_46' title="bbox 334 3080 1925 3158; baseline 0.005 -25"><span class='ocrx_word' id='word_1_320' title='bbox 334 3080 566 3151; x_wconf 73' lang='grc' dir='ltr'>αἰχμὰς,</span> <span class='ocrx_word' id='word_1_321' title='bbox 616 3082 814 3145; x_wconf 72' lang='grc' dir='ltr'>καύτὸς</span> <span class='ocrx_word' id='word_1_322' title='bbox 838 3083 1043 3147; x_wconf 74' lang='grc' dir='ltr'>ἐνδοὺς,</span> <span class='ocrx_word' id='word_1_323' title='bbox 1082 3082 1451 3157; x_wconf 81' lang='grc' dir='ltr'>δυνατώτερον</span> <span class='ocrx_word' id='word_1_324' title='bbox 1484 3085 1733 3158; x_wconf 77' lang='grc' dir='ltr'>ἐπῆλθεν.</span> <span class='ocrx_word' id='word_1_325' title='bbox 1775 3088 1925 3141; x_wconf 83' lang='grc' dir='ltr'>Ἐπεί</span> 
     </span>
    </p>
   </div>
   <div class='ocr_carea' id='block_1_47' title="bbox 334 3169 1926 3250">
    <p class='ocr_par' dir='ltr' id='par_1_47' title="bbox 334 3169 1926 3250">
     <span class='ocr_line' id='line_1_47' title="bbox 334 3169 1926 3250; baseline 0.007 -29"><span class='ocrx_word' id='word_1_326' title='bbox 334 3186 398 3225; x_wconf 84' lang='grc' dir='ltr'><strong>τε</strong></span> <span class='ocrx_word' id='word_1_327' title='bbox 436 3169 549 3240; x_wconf 68' lang='grc'><strong>(48)</strong></span> <span class='ocrx_word' id='word_1_328' title='bbox 576 3172 841 3244; x_wconf 80' lang='grc' dir='ltr'>ὑποσταίη</span> <span class='ocrx_word' id='word_1_329' title='bbox 873 3191 931 3227; x_wconf 88' lang='grc' dir='ltr'><strong>τε</strong></span> <span class='ocrx_word' id='word_1_330' title='bbox 966 3176 1062 3228; x_wconf 69' lang='grc' dir='ltr'>καὶ</span> <span class='ocrx_word' id='word_1_331' title='bbox 1104 3172 1161 3230; x_wconf 83' lang='grc' dir='ltr'>εὖ</span> <span class='ocrx_word' id='word_1_332' title='bbox 1187 3176 1320 3247; x_wconf 77' lang='grc' dir='ltr'>ἔχοι,</span> <span class='ocrx_word' id='word_1_333' title='bbox 1354 3177 1653 3248; x_wconf 83' lang='grc' dir='ltr'>τηνικαῦτα</span> <span class='ocrx_word' id='word_1_334' title='bbox 1695 3178 1794 3250; x_wconf 75' lang='grc' dir='ltr'>ἤδη</span> <span class='ocrx_word' id='word_1_335' title='bbox 1832 3180 1926 3233; x_wconf 72' lang='grc' dir='ltr'><strong>καὶ</strong></span> 
     </span>
    </p>
   </div>
   <div class='ocr_carea' id='block_1_48' title="bbox 334 3255 1926 3341">
    <p class='ocr_par' dir='ltr' id='par_1_48' title="bbox 334 3255 1926 3341">
     <span class='ocr_line' id='line_1_48' title="bbox 334 3255 1926 3341; baseline 0.007 -28"><span class='ocrx_word' id='word_1_336' title='bbox 334 3255 400 3314; x_wconf 81' lang='grc' dir='ltr'><strong>οῦ</strong></span> <span class='ocrx_word' id='word_1_337' title='bbox 435 3261 777 3331; x_wconf 81' lang='grc' dir='ltr'>προδέδοκτο,</span> <span class='ocrx_word' id='word_1_338' title='bbox 827 3264 967 3317; x_wconf 79' lang='grc' dir='ltr'>ἑκὼν</span> <span class='ocrx_word' id='word_1_339' title='bbox 1006 3266 1198 3337; x_wconf 72' lang='grc' dir='ltr'>ἡμέλει</span> <span class='ocrx_word' id='word_1_340' title='bbox 1229 3268 1323 3321; x_wconf 76' lang='grc' dir='ltr'>καὶ</span> <span class='ocrx_word' id='word_1_341' title='bbox 1374 3268 1649 3339; x_wconf 83' lang='grc' dir='ltr'>ἐμέμνητο</span> <span class='ocrx_word' id='word_1_342' title='bbox 1676 3268 1808 3341; x_wconf 73' lang='grc'><strong>(49).</strong></span> <span class='ocrx_word' id='word_1_343' title='bbox 1852 3270 1926 3324; x_wconf 82' lang='grc' dir='ltr'><strong>Τὸ</strong></span> 
     </span>
    </p>
   </div>
   <div class='ocr_carea' id='block_1_49' title="bbox 337 3353 1925 3433">
    <p class='ocr_par' dir='ltr' id='par_1_49' title="bbox 337 3353 1925 3433">
     <span class='ocr_line' id='line_1_49' title="bbox 337 3353 1925 3433; baseline 0.007 -27"><span class='ocrx_word' id='word_1_344' title='bbox 337 3353 451 3423; x_wconf 66' lang='grc' dir='ltr'><strong>γὰρ</strong></span> <span class='ocrx_word' id='word_1_345' title='bbox 469 3354 665 3423; x_wconf 82' lang='grc' dir='ltr'>ἀληθές</span> <span class='ocrx_word' id='word_1_346' title='bbox 685 3373 743 3409; x_wconf 88' lang='grc' dir='ltr'><strong>τε</strong></span> <span class='ocrx_word' id='word_1_347' title='bbox 774 3358 868 3409; x_wconf 78' lang='grc' dir='ltr'>καὶ</span> <span class='ocrx_word' id='word_1_348' title='bbox 893 3358 953 3410; x_wconf 79' lang='grc' dir='ltr'>τὸ</span> <span class='ocrx_word' id='word_1_349' title='bbox 976 3358 1171 3427; x_wconf 77' lang='grc' dir='ltr'>ψεῦδος</span> <span class='ocrx_word' id='word_1_350' title='bbox 1211 3362 1268 3413; x_wconf 85' lang='grc' dir='ltr'><strong>ὲν</strong></span> <span class='ocrx_word' id='word_1_351' title='bbox 1296 3364 1409 3425; x_wconf 82' lang='grc' dir='ltr'>τοῖς</span> <span class='ocrx_word' id='word_1_352' title='bbox 1438 3363 1757 3433; x_wconf 83' lang='grc' dir='ltr'>πράγμασιν</span> <span class='ocrx_word' id='word_1_353' title='bbox 1788 3366 1925 3417; x_wconf 78' lang='grc' dir='ltr'>ἐνεῖ-</span> 
     </span>
    </p>
   </div>
   <div class='ocr_carea' id='block_1_50' title="bbox 336 3450 1926 3532">
    <p class='ocr_par' dir='ltr' id='par_1_50' title="bbox 336 3450 1926 3532">
     <span class='ocr_line' id='line_1_50' title="bbox 336 3450 1926 3532; baseline 0.008 -31"><span class='ocrx_word' id='word_1_354' title='bbox 336 3466 430 3503; x_wconf 86' lang='grc' dir='ltr'><strong>ναι</strong></span> <span class='ocrx_word' id='word_1_355' title='bbox 460 3450 777 3521; x_wconf 85' lang='grc' dir='ltr'>συγχωρῶν,</span> <span class='ocrx_word' id='word_1_356' title='bbox 802 3451 993 3526; x_wconf 78' lang='grc' dir='ltr'>ὥσπερ</span> <span class='ocrx_word' id='word_1_357' title='bbox 1019 3455 1481 3528; x_wconf 77' lang='grc' dir='ltr'>ξυνεργαζόμενος</span> <span class='ocrx_word' id='word_1_358' title='bbox 1507 3462 1605 3530; x_wconf 76' lang='grc' dir='ltr'>τῆς</span> <span class='ocrx_word' id='word_1_359' title='bbox 1647 3459 1926 3532; x_wconf 77' lang='grc' dir='ltr'>ζητήσεως</span> 
     </span>
    </p>
   </div>
   <div class='ocr_carea' id='block_1_51' title="bbox 334 3542 1925 3624">
    <p class='ocr_par' dir='ltr' id='par_1_51' title="bbox 334 3542 1925 3624">
     <span class='ocr_line' id='line_1_51' title="bbox 334 3542 1925 3624; baseline 0.008 -30"><span class='ocrx_word' id='word_1_360' title='bbox 334 3542 541 3613; x_wconf 78' lang='grc' dir='ltr'>τρόπῳ,</span> <span class='ocrx_word' id='word_1_361' title='bbox 571 3545 867 3599; x_wconf 76' lang='grc' dir='ltr'>παλαιστοῦ</span> <span class='ocrx_word' id='word_1_362' title='bbox 917 3546 1092 3601; x_wconf 79' lang='grc' dir='ltr'>δεινοῦ</span> <span class='ocrx_word' id='word_1_363' title='bbox 1134 3549 1303 3620; x_wconf 82' lang='grc' dir='ltr'>λαϐὴν</span> <span class='ocrx_word' id='word_1_364' title='bbox 1342 3551 1486 3616; x_wconf 73' lang='grc' dir='ltr'>δοὺς,</span> <span class='ocrx_word' id='word_1_365' title='bbox 1548 3555 1925 3624; x_wconf 85' lang='grc' dir='ltr'>περιεγίγνετο</span> 
     </span>
    </p>
   </div>
   <div class='ocr_carea' id='block_1_52' title="bbox 333 3632 1924 3718">
    <p class='ocr_par' dir='ltr' id='par_1_52' title="bbox 333 3632 1924 3718">
     <span class='ocr_line' id='line_1_52' title="bbox 333 3632 1924 3718; baseline 0.009 -32"><span class='ocrx_word' id='word_1_366' title='bbox 333 3632 508 3687; x_wconf 71' lang='grc' dir='ltr'>ἔνθεν.</span> <span class='ocrx_word' id='word_1_367' title='bbox 533 3636 687 3689; x_wconf 82' lang='grc' dir='ltr'>Κατὰ</span> <span class='ocrx_word' id='word_1_368' title='bbox 727 3638 835 3709; x_wconf 78' lang='grc' dir='ltr'><strong>γὰρ</strong></span> <span class='ocrx_word' id='word_1_369' title='bbox 868 3638 965 3709; x_wconf 82' lang='grc' dir='ltr'>τὴν</span> <span class='ocrx_word' id='word_1_370' title='bbox 1018 3640 1111 3693; x_wconf 88' lang='grc' dir='ltr'><strong>τοῦ</strong></span> <span class='ocrx_word' id='word_1_371' title='bbox 1164 3642 1393 3697; x_wconf 81' lang='grc' dir='ltr'>πιθανοῦ</span> <span class='ocrx_word' id='word_1_372' title='bbox 1444 3645 1616 3717; x_wconf 77' lang='grc' dir='ltr'>ῥοπὴν</span> <span class='ocrx_word' id='word_1_373' title='bbox 1666 3645 1924 3718; x_wconf 79' lang='grc' dir='ltr'>ἑκάτερον</span> 
     </span>
    </p>
   </div>
   <div class='ocr_carea' id='block_1_53' title="bbox 335 3725 1920 3805">
    <p class='ocr_par' dir='ltr' id='par_1_53' title="bbox 335 3725 1920 3805">
     <span class='ocr_line' id='line_1_53' title="bbox 335 3725 1920 3805; baseline 0.01 -30"><span class='ocrx_word' id='word_1_374' title='bbox 335 3725 658 3795; x_wconf 87' lang='grc' dir='ltr'>παρασχὼν,</span> <span class='ocrx_word' id='word_1_375' title='bbox 676 3728 951 3800; x_wconf 77' lang='grc' dir='ltr'>οὐδέτερον</span> <span class='ocrx_word' id='word_1_376' title='bbox 977 3725 1099 3783; x_wconf 88' lang='grc' dir='ltr'>εἷπε</span> <span class='ocrx_word' id='word_1_377' title='bbox 1130 3732 1363 3802; x_wconf 82' lang='grc' dir='ltr'>βεϐαίως</span> <span class='ocrx_word' id='word_1_378' title='bbox 1388 3736 1920 3805; x_wconf 86' lang='grc' dir='ltr'>καταλαμϐάνεσθαι.</span> 
     </span>
    </p>
   </div>
   <div class='ocr_carea' id='block_1_54' title="bbox 333 3808 1924 3900">
    <p class='ocr_par' dir='ltr' id='par_1_54' title="bbox 333 3808 1924 3900">
     <span class='ocr_line' id='line_1_54' title="bbox 333 3808 1924 3900; baseline 0.007 -29"><span class='ocrx_word' id='word_1_379' title='bbox 333 3808 445 3871; x_wconf 80' lang='grc' dir='ltr'><strong>Ἦν</strong></span> <span class='ocrx_word' id='word_1_380' title='bbox 469 3817 599 3886; x_wconf 86' lang='grc' dir='ltr'>γοῦν</span> <span class='ocrx_word' id='word_1_381' title='bbox 631 3818 835 3891; x_wconf 76' lang='grc' dir='ltr'>λῃστὴς</span> <span class='ocrx_word' id='word_1_382' title='bbox 882 3821 977 3873; x_wconf 76' lang='grc' dir='ltr'>καὶ</span> <span class='ocrx_word' id='word_1_383' title='bbox 1022 3823 1157 3893; x_wconf 87' lang='grc' dir='ltr'>γόης</span> <span class='ocrx_word' id='word_1_384' title='bbox 1210 3825 1536 3898; x_wconf 79' lang='grc' dir='ltr'>σοφώτερος.</span> <span class='ocrx_word' id='word_1_385' title='bbox 1588 3828 1924 3900; x_wconf 84' lang='grc' dir='ltr'>Παραλαϐὼν</span> 
     </span>
    </p>
   </div>
   <div class='ocr_carea' id='block_1_55' title="bbox 333 3907 1923 3991">
    <p class='ocr_par' dir='ltr' id='par_1_55' title="bbox 333 3907 1923 3991">
     <span class='ocr_line' id='line_1_55' title="bbox 333 3907 1923 3991; baseline 0.01 -31"><span class='ocrx_word' id='word_1_386' title='bbox 333 3907 445 3980; x_wconf 71' lang='grc' dir='ltr'><strong>γὰρ</strong></span> <span class='ocrx_word' id='word_1_387' title='bbox 466 3908 658 3980; x_wconf 83' lang='grc' dir='ltr'>ἀληθεῖ</span> <span class='ocrx_word' id='word_1_388' title='bbox 685 3912 782 3981; x_wconf 79' lang='grc' dir='ltr'><strong>μὲν</strong></span> <span class='ocrx_word' id='word_1_389' title='bbox 808 3913 989 3983; x_wconf 86' lang='grc' dir='ltr'>ὅμοιον</span> <span class='ocrx_word' id='word_1_390' title='bbox 1041 3915 1259 3984; x_wconf 77' lang='grc' dir='ltr'>ψεῦδος,</span> <span class='ocrx_word' id='word_1_391' title='bbox 1293 3919 1669 3991; x_wconf 82' lang='grc' dir='ltr'>καταληπτικῇ</span> <span class='ocrx_word' id='word_1_392' title='bbox 1703 3921 1758 3975; x_wconf 82' lang='grc' dir='ltr'>δὲ</span> <span class='ocrx_word' id='word_1_393' title='bbox 1788 3940 1923 3991; x_wconf 85' lang='grc' dir='ltr'>φαν-</span> 
     </span>
    </p>
   </div>
   <div class='ocr_carea' id='block_1_56' title="bbox 333 4002 1920 4080">
    <p class='ocr_par' dir='ltr' id='par_1_56' title="bbox 333 4002 1920 4080">
     <span class='ocr_line' id='line_1_56' title="bbox 333 4002 1920 4080; baseline 0.01 -27"><span class='ocrx_word' id='word_1_394' title='bbox 333 4002 497 4074; x_wconf 82' lang='grc' dir='ltr'>τασίᾳ</span> <span class='ocrx_word' id='word_1_395' title='bbox 534 4005 881 4075; x_wconf 76' lang='grc' dir='ltr'>καταληπτὸν</span> <span class='ocrx_word' id='word_1_396' title='bbox 912 4008 1117 4078; x_wconf 84' lang='grc' dir='ltr'>ὅμοιον,</span> <span class='ocrx_word' id='word_1_397' title='bbox 1147 4010 1242 4062; x_wconf 71' lang='grc' dir='ltr'>καὶ</span> <span class='ocrx_word' id='word_1_398' title='bbox 1287 4012 1508 4080; x_wconf 87' lang='grc' dir='ltr'>ἀγαγὼν</span> <span class='ocrx_word' id='word_1_399' title='bbox 1541 4014 1621 4077; x_wconf 79' lang='grc' dir='ltr'>εἰς</span> <span class='ocrx_word' id='word_1_400' title='bbox 1641 4014 1739 4078; x_wconf 75' lang='grc' dir='ltr'><strong>τὰς</strong></span> <span class='ocrx_word' id='word_1_401' title='bbox 1782 4016 1920 4079; x_wconf 75' lang='grc' dir='ltr'>ἴσας,</span> 
     </span>
    </p>
   </div>
   <div class='ocr_carea' id='block_1_57' title="bbox 335 4094 1921 4175">
    <p class='ocr_par' dir='ltr' id='par_1_57' title="bbox 335 4094 1921 4175">
     <span class='ocr_line' id='line_1_57' title="bbox 335 4094 1921 4175; baseline 0.009 -30"><span class='ocrx_word' id='word_1_402' title='bbox 335 4095 436 4146; x_wconf 76' lang='grc' dir='ltr'>οὐκ</span> <span class='ocrx_word' id='word_1_403' title='bbox 466 4094 645 4148; x_wconf 77' lang='grc' dir='ltr'>εἴασεν</span> <span class='ocrx_word' id='word_1_404' title='bbox 667 4095 787 4149; x_wconf 74' lang='grc' dir='ltr'>οὗτε</span> <span class='ocrx_word' id='word_1_405' title='bbox 805 4098 867 4150; x_wconf 84' lang='grc' dir='ltr'>τὸ</span> <span class='ocrx_word' id='word_1_406' title='bbox 897 4100 1095 4169; x_wconf 84' lang='grc' dir='ltr'>ἀληθὲς</span> <span class='ocrx_word' id='word_1_407' title='bbox 1116 4098 1273 4165; x_wconf 80' lang='grc' dir='ltr'>εἶναι,</span> <span class='ocrx_word' id='word_1_408' title='bbox 1301 4103 1423 4156; x_wconf 68' lang='grc' dir='ltr'>οὔτε</span> <span class='ocrx_word' id='word_1_409' title='bbox 1470 4105 1530 4157; x_wconf 77' lang='grc' dir='ltr'>τὸ</span> <span class='ocrx_word' id='word_1_410' title='bbox 1553 4105 1765 4172; x_wconf 70' lang='grc' dir='ltr'>ψεῦδος,</span> <span class='ocrx_word' id='word_1_411' title='bbox 1797 4107 1829 4175; x_wconf 83' lang='grc' dir='ltr'><strong>ἦ</strong></span> <span class='ocrx_word' id='word_1_412' title='bbox 1860 4108 1921 4159; x_wconf 83' lang='grc' dir='ltr'>οὐ</span> 
     </span>
    </p>
   </div>
   <div class='ocr_carea' id='block_1_58' title="bbox 340 4178 1920 4265">
    <p class='ocr_par' dir='ltr' id='par_1_58' title="bbox 340 4178 1920 4265">
     <span class='ocr_line' id='line_1_58' title="bbox 340 4178 1920 4265; baseline 0.009 -28"><span class='ocrx_word' id='word_1_413' title='bbox 340 4178 539 4254; x_wconf 73' lang='grc' dir='ltr'>μᾶλλον</span> <span class='ocrx_word' id='word_1_414' title='bbox 566 4186 627 4240; x_wconf 80' lang='grc' dir='ltr'>τὸ</span> <span class='ocrx_word' id='word_1_415' title='bbox 656 4188 841 4261; x_wconf 73' lang='grc' dir='ltr'>ἕτερον</span> <span class='ocrx_word' id='word_1_416' title='bbox 890 4191 982 4243; x_wconf 87' lang='grc' dir='ltr'><strong>τοῦ</strong></span> <span class='ocrx_word' id='word_1_417' title='bbox 1034 4194 1243 4264; x_wconf 80' lang='grc' dir='ltr'>ἑτέρου,</span> <span class='ocrx_word' id='word_1_418' title='bbox 1278 4196 1310 4265; x_wconf 82' lang='grc' dir='ltr'><strong>ἢ</strong></span> <span class='ocrx_word' id='word_1_419' title='bbox 1345 4195 1545 4264; x_wconf 83' lang='grc' dir='ltr'>μᾶλλον</span> <span class='ocrx_word' id='word_1_420' title='bbox 1570 4198 1677 4251; x_wconf 81' lang='grc' dir='ltr'><strong>ἀπὸ</strong></span> <span class='ocrx_word' id='word_1_421' title='bbox 1706 4197 1799 4251; x_wconf 89' lang='grc' dir='ltr'><strong>τοῦ</strong></span> <span class='ocrx_word' id='word_1_422' title='bbox 1829 4216 1920 4251; x_wconf 83' lang='grc' dir='ltr'>πι-</span> 
     </span>
    </p>
   </div>
   <div class='ocr_carea' id='block_1_59' title="bbox 336 4276 1921 4363">
    <p class='ocr_par' dir='ltr' id='par_1_59' title="bbox 336 4276 1921 4363">
     <span class='ocr_line' id='line_1_59' title="bbox 336 4276 1921 4363; baseline 0.009 -32"><span class='ocrx_word' id='word_1_423' title='bbox 336 4278 516 4334; x_wconf 89' lang='grc' dir='ltr'>θανοῦ.</span> <span class='ocrx_word' id='word_1_424' title='bbox 534 4276 641 4333; x_wconf 85' lang='grc' dir='ltr'><strong>Ἦν</strong></span> <span class='ocrx_word' id='word_1_425' title='bbox 662 4278 754 4336; x_wconf 81' lang='grc' dir='ltr'><strong>οῦν</strong></span> <span class='ocrx_word' id='word_1_426' title='bbox 776 4284 1027 4356; x_wconf 77' lang='grc' dir='ltr'>ὀνείρατα</span> <span class='ocrx_word' id='word_1_427' title='bbox 1058 4288 1179 4340; x_wconf 76' lang='grc' dir='ltr'><strong>ἀντὶ</strong></span> <span class='ocrx_word' id='word_1_428' title='bbox 1212 4289 1523 4359; x_wconf 82' lang='grc' dir='ltr'>ὀνειράτων,</span> <span class='ocrx_word' id='word_1_429' title='bbox 1552 4291 1638 4344; x_wconf 82' lang='grc' dir='ltr'><strong>διὰ</strong></span> <span class='ocrx_word' id='word_1_430' title='bbox 1659 4292 1719 4344; x_wconf 85' lang='grc' dir='ltr'>τὸ</span> <span class='ocrx_word' id='word_1_431' title='bbox 1732 4292 1921 4363; x_wconf 78' lang='grc' dir='ltr'>ὁμοίας</span> 
     </span>
    </p>
   </div>
   <div class='ocr_carea' id='block_1_60' title="bbox 335 4367 1918 4445">
    <p class='ocr_par' dir='ltr' id='par_1_60' title="bbox 335 4367 1918 4445">
     <span class='ocr_line' id='line_1_60' title="bbox 335 4367 1918 4445; baseline 0.013 -29"><span class='ocrx_word' id='word_1_432' title='bbox 335 4367 638 4434; x_wconf 83' lang='grc' dir='ltr'>φαντασίας</span> <span class='ocrx_word' id='word_1_433' title='bbox 665 4370 920 4440; x_wconf 81' lang='grc' dir='ltr'>ἀληθέσιν</span> <span class='ocrx_word' id='word_1_434' title='bbox 976 4370 1114 4428; x_wconf 76' lang='grc' dir='ltr'>εἶναι</span> <span class='ocrx_word' id='word_1_435' title='bbox 1153 4375 1252 4438; x_wconf 75' lang='grc' dir='ltr'><strong>τὰς</strong></span> <span class='ocrx_word' id='word_1_436' title='bbox 1282 4376 1516 4445; x_wconf 68' lang='grc' dir='ltr'>ψευδεῖς,</span> <span class='ocrx_word' id='word_1_437' title='bbox 1556 4381 1631 4444; x_wconf 82' lang='grc' dir='ltr'>ὡς</span> <span class='ocrx_word' id='word_1_438' title='bbox 1678 4382 1787 4435; x_wconf 84' lang='grc' dir='ltr'><strong>ἀπὸ</strong></span> <span class='ocrx_word' id='word_1_439' title='bbox 1811 4382 1918 4436; x_wconf 85' lang='grc' dir='ltr'>ὠοῦ</span> 
     </span>
    </p>
   </div>
   <div class='ocr_carea' id='block_1_61' title="bbox 334 4458 1919 4536">
    <p class='ocr_par' dir='ltr' id='par_1_61' title="bbox 334 4458 1919 4536">
     <span class='ocr_line' id='line_1_61' title="bbox 334 4458 1919 4536; baseline 0.013 -28"><span class='ocrx_word' id='word_1_440' title='bbox 334 4458 558 4529; x_wconf 83' lang='grc' dir='ltr'>κηρίνου</span> <span class='ocrx_word' id='word_1_441' title='bbox 590 4461 726 4531; x_wconf 79' lang='grc' dir='ltr'>πρὸς</span> <span class='ocrx_word' id='word_1_442' title='bbox 772 4464 833 4516; x_wconf 86' lang='grc' dir='ltr'>τὸ</span> <span class='ocrx_word' id='word_1_443' title='bbox 866 4465 1118 4536; x_wconf 80' lang='grc' dir='ltr'>ἀληθινὸν</span> <span class='ocrx_word' id='word_1_444' title='bbox 1160 4469 1285 4523; x_wconf 85' lang='grc' dir='ltr'>ὠόν.</span> <span class='ocrx_word' id='word_1_445' title='bbox 1342 4471 1665 4526; x_wconf 84' lang='grc' dir='ltr'>Συνέϐαινεν</span> <span class='ocrx_word' id='word_1_446' title='bbox 1711 4471 1805 4528; x_wconf 74' lang='grc' dir='ltr'><strong>οὖν</strong></span> <span class='ocrx_word' id='word_1_447' title='bbox 1850 4475 1919 4529; x_wconf 73' lang='grc' dir='ltr'>τὰ</span> 
     </span>
    </p>
   </div>
   <div class='ocr_carea' id='block_1_62' title="bbox 2037 1970 3622 2040">
    <p class='ocr_par' dir='ltr' id='par_1_62' title="bbox 2037 1970 3622 2040">
     <span class='ocr_line' id='line_1_62' title="bbox 2037 1970 3622 2040; baseline -0.002 -12"><span class='ocrx_word' id='word_1_448' title='bbox 2037 1982 2138 2037; x_wconf 89' lang='lat' dir='ltr'><strong>set,</strong></span> <span class='ocrx_word' id='word_1_449' title='bbox 2173 1980 2288 2027; x_wconf 88' lang='lat' dir='ltr'><strong>tum</strong></span> <span class='ocrx_word' id='word_1_450' title='bbox 2321 1973 2604 2027; x_wconf 85' lang='lat' dir='ltr'><strong>enimvero</strong></span> <span class='ocrx_word' id='word_1_451' title='bbox 2641 1972 2947 2026; x_wconf 89' lang='lat' dir='ltr'><strong>vehementi</strong></span> <span class='ocrx_word' id='word_1_452' title='bbox 2998 1987 3060 2025; x_wconf 87' lang='lat' dir='ltr'><strong>ac</strong></span> <span class='ocrx_word' id='word_1_453' title='bbox 3111 1971 3305 2040; x_wconf 89' lang='lat' dir='ltr'><strong>rapido</strong></span> <span class='ocrx_word' id='word_1_454' title='bbox 3351 1987 3515 2026; x_wconf 88' lang='lat' dir='ltr'><strong>cursu</strong></span> <span class='ocrx_word' id='word_1_455' title='bbox 3547 1970 3622 2025; x_wconf 82' lang='lat' dir='ltr'><strong>fe-</strong></span> 
     </span>
    </p>
   </div>
   <div class='ocr_carea' id='block_1_63' title="bbox 2033 2064 3617 2133">
    <p class='ocr_par' dir='ltr' id='par_1_63' title="bbox 2033 2064 3617 2133">
     <span class='ocr_line' id='line_1_63' title="bbox 2033 2064 3617 2133; baseline -0.002 -15"><span class='ocrx_word' id='word_1_456' title='bbox 2033 2064 2288 2129; x_wconf 85' lang='lat' dir='ltr'><strong>rebatur,</strong></span> <span class='ocrx_word' id='word_1_457' title='bbox 2323 2072 2382 2117; x_wconf 91' lang='lat' dir='ltr'><strong>ut</strong></span> <span class='ocrx_word' id='word_1_458' title='bbox 2410 2064 2588 2119; x_wconf 89' lang='lat' dir='ltr'><strong>amnis</strong></span> <span class='ocrx_word' id='word_1_459' title='bbox 2617 2065 2839 2133; x_wconf 89' lang='lat' dir='ltr'><strong>quidam</strong></span> <span class='ocrx_word' id='word_1_460' title='bbox 2887 2064 3150 2118; x_wconf 89' lang='lat' dir='ltr'><strong>incitatus</strong></span> <span class='ocrx_word' id='word_1_461' title='bbox 3191 2074 3243 2118; x_wconf 89' lang='lat' dir='ltr'><strong>et</strong></span> <span class='ocrx_word' id='word_1_462' title='bbox 3289 2079 3455 2133; x_wconf 79' lang='lat' dir='ltr'><strong>rapax</strong></span> <span class='ocrx_word' id='word_1_463' title='bbox 3478 2108 3491 2129; x_wconf 93' lang='lat'><strong>,</strong></span> <span class='ocrx_word' id='word_1_464' title='bbox 3523 2066 3617 2133; x_wconf 84' lang='lat' dir='ltr'><strong>qui</strong></span> 
     </span>
    </p>
   </div>
   <div class='ocr_carea' id='block_1_64' title="bbox 2034 2159 3617 2228">
    <p class='ocr_par' dir='ltr' id='par_1_64' title="bbox 2034 2159 3617 2228">
     <span class='ocr_line' id='line_1_64' title="bbox 2034 2159 3617 2228; baseline 0.001 -16"><span class='ocrx_word' id='word_1_465' title='bbox 2034 2159 2217 2213; x_wconf 91' lang='lat' dir='ltr'><strong>omnia</strong></span> <span class='ocrx_word' id='word_1_466' title='bbox 2254 2160 2459 2228; x_wconf 90' lang='lat' dir='ltr'><strong>passim</strong></span> <span class='ocrx_word' id='word_1_467' title='bbox 2496 2160 2723 2214; x_wconf 89' lang='lat' dir='ltr'><strong>inundet</strong></span> <span class='ocrx_word' id='word_1_468' title='bbox 2755 2171 2807 2214; x_wconf 90' lang='lat' dir='ltr'><strong>et</strong></span> <span class='ocrx_word' id='word_1_469' title='bbox 2838 2160 3035 2213; x_wconf 88' lang='lat' dir='ltr'><strong>obruat</strong></span> <span class='ocrx_word' id='word_1_470' title='bbox 3074 2180 3085 2214; x_wconf 97' lang='lat'>:</span> <span class='ocrx_word' id='word_1_471' title='bbox 3121 2160 3200 2215; x_wconf 89' lang='lat' dir='ltr'><strong>sic</strong></span> <span class='ocrx_word' id='word_1_472' title='bbox 3230 2162 3282 2213; x_wconf 93' lang='lat' dir='ltr'><strong>in</strong></span> <span class='ocrx_word' id='word_1_473' title='bbox 3314 2160 3617 2214; x_wconf 77' lang='lat' dir='ltr'><strong>auditorem</strong></span> 
     </span>
    </p>
   </div>
   <div class='ocr_carea' id='block_1_65' title="bbox 2034 2249 3621 2322">
    <p class='ocr_par' dir='ltr' id='par_1_65' title="bbox 2034 2249 3621 2322">
     <span class='ocr_line' id='line_1_65' title="bbox 2034 2249 3621 2322; baseline 0.001 -19"><span class='ocrx_word' id='word_1_474' title='bbox 2034 2249 2405 2310; x_wconf 89' lang='lat' dir='ltr'><strong>incumbebat,</strong></span> <span class='ocrx_word' id='word_1_475' title='bbox 2461 2265 2699 2319; x_wconf 87' lang='lat' dir='ltr'><strong>eumque</strong></span> <span class='ocrx_word' id='word_1_476' title='bbox 2747 2266 2931 2305; x_wconf 87' lang='lat' dir='ltr'><strong>secum</strong></span> <span class='ocrx_word' id='word_1_477' title='bbox 2984 2266 3184 2322; x_wconf 84' lang='lat' dir='ltr'><strong>magno</strong></span> <span class='ocrx_word' id='word_1_478' title='bbox 3228 2268 3351 2305; x_wconf 85' lang='lat' dir='ltr'><strong>cum</strong></span> <span class='ocrx_word' id='word_1_479' title='bbox 3404 2250 3621 2321; x_wconf 83' lang='lat' dir='ltr'><strong>fragore</strong></span> 
     </span>
    </p>
   </div>
   <div class='ocr_carea' id='block_1_66' title="bbox 2032 2342 3621 2413">
    <p class='ocr_par' dir='ltr' id='par_1_66' title="bbox 2032 2342 3621 2413">
     <span class='ocr_line' id='line_1_66' title="bbox 2032 2342 3621 2413; baseline 0.001 -17"><span class='ocrx_word' id='word_1_480' title='bbox 2032 2342 2373 2411; x_wconf 88' lang='lat' dir='ltr'><strong>strepituque</strong></span> <span class='ocrx_word' id='word_1_481' title='bbox 2400 2343 2666 2409; x_wconf 88' lang='lat' dir='ltr'><strong>rapiebat.</strong></span> <span class='ocrx_word' id='word_1_482' title='bbox 2698 2343 2930 2413; x_wconf 86' lang='lat' dir='ltr'><strong>Quippe,</strong></span> <span class='ocrx_word' id='word_1_483' title='bbox 2959 2359 3084 2398; x_wconf 93' lang='lat' dir='ltr'><strong>cum</strong></span> <span class='ocrx_word' id='word_1_484' title='bbox 3120 2344 3173 2397; x_wconf 89' lang='lat' dir='ltr'><strong>in</strong></span> <span class='ocrx_word' id='word_1_485' title='bbox 3202 2343 3448 2397; x_wconf 88' lang='lat' dir='ltr'><strong>fraudem</strong></span> <span class='ocrx_word' id='word_1_486' title='bbox 3479 2344 3621 2397; x_wconf 89' lang='lat' dir='ltr'><strong>alios</strong></span> 
     </span>
    </p>
   </div>
   <div class='ocr_carea' id='block_1_67' title="bbox 2032 2434 3619 2506">
    <p class='ocr_par' dir='ltr' id='par_1_67' title="bbox 2032 2434 3619 2506">
     <span class='ocr_line' id='line_1_67' title="bbox 2032 2434 3619 2506; baseline 0.001 -19"><span class='ocrx_word' id='word_1_487' title='bbox 2032 2441 2087 2487; x_wconf 87' lang='lat' dir='ltr'><strong>et</strong></span> <span class='ocrx_word' id='word_1_488' title='bbox 2124 2448 2369 2487; x_wconf 90' lang='lat' dir='ltr'><strong>errorem</strong></span> <span class='ocrx_word' id='word_1_489' title='bbox 2412 2434 2737 2504; x_wconf 89' lang='lat' dir='ltr'><strong>impelleret,</strong></span> <span class='ocrx_word' id='word_1_490' title='bbox 2802 2446 2913 2491; x_wconf 89' lang='lat' dir='ltr'><strong>tum</strong></span> <span class='ocrx_word' id='word_1_491' title='bbox 2972 2435 3263 2491; x_wconf 76' lang='lat' dir='ltr'><strong>fallebatur</strong></span> <span class='ocrx_word' id='word_1_492' title='bbox 3317 2436 3431 2506; x_wconf 87' lang='lat' dir='ltr'><strong>ipse</strong></span> <span class='ocrx_word' id='word_1_493' title='bbox 3477 2451 3619 2489; x_wconf 86' lang='lat' dir='ltr'><strong>nun-</strong></span> 
     </span>
    </p>
   </div>
   <div class='ocr_carea' id='block_1_68' title="bbox 2031 2526 3621 2595">
    <p class='ocr_par' dir='ltr' id='par_1_68' title="bbox 2031 2526 3621 2595">
     <span class='ocr_line' id='line_1_68' title="bbox 2031 2526 3621 2595; baseline 0.003 -17"><span class='ocrx_word' id='word_1_494' title='bbox 2031 2538 2236 2595; x_wconf 86' lang='lat' dir='ltr'><strong>quam;</strong></span> <span class='ocrx_word' id='word_1_495' title='bbox 2269 2526 2321 2579; x_wconf 92' lang='lat' dir='ltr'><strong>id</strong></span> <span class='ocrx_word' id='word_1_496' title='bbox 2350 2527 2497 2595; x_wconf 89' lang='lat' dir='ltr'><strong>quod</strong></span> <span class='ocrx_word' id='word_1_497' title='bbox 2528 2528 2707 2581; x_wconf 90' lang='lat' dir='ltr'><strong>locum</strong></span> <span class='ocrx_word' id='word_1_498' title='bbox 2742 2528 2794 2581; x_wconf 91' lang='lat' dir='ltr'><strong>in</strong></span> <span class='ocrx_word' id='word_1_499' title='bbox 2834 2528 3078 2582; x_wconf 85' lang='lat' dir='ltr'><strong>Arcesila</strong></span> <span class='ocrx_word' id='word_1_500' title='bbox 3113 2544 3220 2581; x_wconf 89' lang='lat' dir='ltr'><strong>non</strong></span> <span class='ocrx_word' id='word_1_501' title='bbox 3253 2528 3508 2582; x_wconf 87' lang='lat' dir='ltr'><strong>habebat.</strong></span> <span class='ocrx_word' id='word_1_502' title='bbox 3568 2526 3621 2583; x_wconf 85' lang='lat' dir='ltr'><strong>Is</strong></span> 
     </span>
    </p>
   </div>
   <div class='ocr_carea' id='block_1_69' title="bbox 2029 2617 3619 2689">
    <p class='ocr_par' dir='ltr' id='par_1_69' title="bbox 2029 2617 3619 2689">
     <span class='ocr_line' id='line_1_69' title="bbox 2029 2617 3619 2689; baseline 0 -16"><span class='ocrx_word' id='word_1_503' title='bbox 2029 2617 2174 2673; x_wconf 89' lang='lat' dir='ltr'><strong>enim</strong></span> <span class='ocrx_word' id='word_1_504' title='bbox 2205 2618 2334 2671; x_wconf 90' lang='lat' dir='ltr'><strong>dum</strong></span> <span class='ocrx_word' id='word_1_505' title='bbox 2366 2625 2594 2673; x_wconf 74' lang='lat' dir='ltr'><strong>eteteros</strong></span> <span class='ocrx_word' id='word_1_506' title='bbox 2625 2617 2743 2672; x_wconf 89' lang='lat' dir='ltr'><strong>suis</strong></span> <span class='ocrx_word' id='word_1_507' title='bbox 2779 2632 2964 2673; x_wconf 88' lang='lat' dir='ltr'><strong>secum</strong></span> <span class='ocrx_word' id='word_1_508' title='bbox 3000 2618 3285 2673; x_wconf 82' lang='lat' dir='ltr'><strong>maleficiis</strong></span> <span class='ocrx_word' id='word_1_509' title='bbox 3316 2635 3380 2674; x_wconf 92' lang='lat' dir='ltr'><strong>ac</strong></span> <span class='ocrx_word' id='word_1_510' title='bbox 3405 2619 3619 2689; x_wconf 65' lang='lat' dir='ltr'><strong>praesti-</strong></span> 
     </span>
    </p>
   </div>
   <div class='ocr_carea' id='block_1_70' title="bbox 2029 2708 3617 2779">
    <p class='ocr_par' dir='ltr' id='par_1_70' title="bbox 2029 2708 3617 2779">
     <span class='ocr_line' id='line_1_70' title="bbox 2029 2708 3617 2779; baseline 0.002 -16"><span class='ocrx_word' id='word_1_511' title='bbox 2029 2709 2134 2778; x_wconf 73' lang='lat' dir='ltr'><strong>giis</strong></span> <span class='ocrx_word' id='word_1_512' title='bbox 2160 2749 2175 2773; x_wconf 94' lang='lat'><strong>,</strong></span> <span class='ocrx_word' id='word_1_513' title='bbox 2214 2708 2585 2779; x_wconf 85' lang='lat' dir='ltr'><strong>Corybantum</strong></span> <span class='ocrx_word' id='word_1_514' title='bbox 2634 2724 2787 2763; x_wconf 90' lang='lat' dir='ltr'><strong>more</strong></span> <span class='ocrx_word' id='word_1_515' title='bbox 2825 2708 3162 2764; x_wconf 85' lang='lat' dir='ltr'><strong>insanientes</strong></span> <span class='ocrx_word' id='word_1_516' title='bbox 3214 2709 3617 2766; x_wconf 86' lang='lat' dir='ltr'><strong>circumferret.</strong></span> 
     </span>
    </p>
   </div>
   <div class='ocr_carea' id='block_1_71' title="bbox 2030 2800 3613 2871">
    <p class='ocr_par' dir='ltr' id='par_1_71' title="bbox 2030 2800 3613 2871">
     <span class='ocr_line' id='line_1_71' title="bbox 2030 2800 3613 2871; baseline 0.001 -16"><span class='ocrx_word' id='word_1_517' title='bbox 2030 2818 2139 2855; x_wconf 87' lang='lat' dir='ltr'><strong>non</strong></span> <span class='ocrx_word' id='word_1_518' title='bbox 2192 2801 2467 2856; x_wconf 88' lang='lat' dir='ltr'><strong>sentiebat</strong></span> <span class='ocrx_word' id='word_1_519' title='bbox 2517 2816 2682 2871; x_wconf 89' lang='lat' dir='ltr'><strong>quam</strong></span> <span class='ocrx_word' id='word_1_520' title='bbox 2737 2816 2858 2856; x_wconf 87' lang='lat' dir='ltr'><strong>sese</strong></span> <span class='ocrx_word' id='word_1_521' title='bbox 2889 2801 3126 2871; x_wconf 89' lang='lat' dir='ltr'><strong>primum</strong></span> <span class='ocrx_word' id='word_1_522' title='bbox 3164 2802 3279 2871; x_wconf 89' lang='lat' dir='ltr'><strong>ipse</strong></span> <span class='ocrx_word' id='word_1_523' title='bbox 3320 2800 3613 2871; x_wconf 88' lang='lat' dir='ltr'><strong>deciperet,</strong></span> 
     </span>
    </p>
   </div>
   <div class='ocr_carea' id='block_1_72' title="bbox 2031 2894 3614 2965">
    <p class='ocr_par' dir='ltr' id='par_1_72' title="bbox 2031 2894 3614 2965">
     <span class='ocr_line' id='line_1_72' title="bbox 2031 2894 3614 2965; baseline -0.002 -17"><span class='ocrx_word' id='word_1_524' title='bbox 2031 2895 2157 2949; x_wconf 90' lang='lat' dir='ltr'><strong>dum</strong></span> <span class='ocrx_word' id='word_1_525' title='bbox 2193 2895 2296 2950; x_wconf 89' lang='lat' dir='ltr'><strong>sibi</strong></span> <span class='ocrx_word' id='word_1_526' title='bbox 2321 2911 2541 2965; x_wconf 77' lang='lat' dir='ltr'><strong>quoque</strong></span> <span class='ocrx_word' id='word_1_527' title='bbox 2586 2912 2713 2950; x_wconf 89' lang='lat' dir='ltr'><strong>vera</strong></span> <span class='ocrx_word' id='word_1_528' title='bbox 2744 2910 2867 2952; x_wconf 89' lang='lat' dir='ltr'><strong>esse</strong></span> <span class='ocrx_word' id='word_1_529' title='bbox 2894 2912 3015 2965; x_wconf 66' lang='lat' dir='ltr'><strong>quae</strong></span> <span class='ocrx_word' id='word_1_530' title='bbox 3045 2895 3270 2957; x_wconf 83' lang='lat' dir='ltr'><strong>diceret,</strong></span> <span class='ocrx_word' id='word_1_531' title='bbox 3320 2895 3502 2947; x_wconf 88' lang='lat' dir='ltr'><strong>omnia</strong></span> <span class='ocrx_word' id='word_1_532' title='bbox 3537 2894 3614 2948; x_wconf 87' lang='lat' dir='ltr'><strong>si-</strong></span> 
     </span>
    </p>
   </div>
   <div class='ocr_carea' id='block_1_73' title="bbox 2030 2986 3615 3057">
    <p class='ocr_par' dir='ltr' id='par_1_73' title="bbox 2030 2986 3615 3057">
     <span class='ocr_line' id='line_1_73' title="bbox 2030 2986 3615 3057; baseline 0.001 -19"><span class='ocrx_word' id='word_1_533' title='bbox 2030 2986 2142 3039; x_wconf 91' lang='lat' dir='ltr'><strong>mul</strong></span> <span class='ocrx_word' id='word_1_534' title='bbox 2170 3001 2234 3040; x_wconf 91' lang='lat' dir='ltr'><strong>ac</strong></span> <span class='ocrx_word' id='word_1_535' title='bbox 2283 2988 2452 3041; x_wconf 90' lang='lat' dir='ltr'><strong>semel</strong></span> <span class='ocrx_word' id='word_1_536' title='bbox 2484 2987 2777 3048; x_wconf 82' lang='lat' dir='ltr'><strong>abolendo,</strong></span> <span class='ocrx_word' id='word_1_537' title='bbox 2828 2987 3216 3057; x_wconf 85' lang='lat' dir='ltr'><strong>persuadebat.</strong></span> <span class='ocrx_word' id='word_1_538' title='bbox 3264 2986 3461 3041; x_wconf 86' lang='lat' dir='ltr'><strong>Verum</strong></span> <span class='ocrx_word' id='word_1_539' title='bbox 3487 2987 3615 3041; x_wconf 78' lang='lat' dir='ltr'><strong>Car-</strong></span> 
     </span>
    </p>
   </div>
   <div class='ocr_carea' id='block_1_74' title="bbox 2029 3078 3613 3149">
    <p class='ocr_par' dir='ltr' id='par_1_74' title="bbox 2029 3078 3613 3149">
     <span class='ocr_line' id='line_1_74' title="bbox 2029 3078 3613 3149; baseline 0 -18"><span class='ocrx_word' id='word_1_540' title='bbox 2029 3078 2255 3132; x_wconf 89' lang='lat' dir='ltr'><strong>neadem</strong></span> <span class='ocrx_word' id='word_1_541' title='bbox 2288 3078 2568 3142; x_wconf 66' lang='lat' dir='ltr'><strong>Arcesilae,</strong></span> <span class='ocrx_word' id='word_1_542' title='bbox 2600 3080 2677 3134; x_wconf 81' lang='lat' dir='ltr'><strong>sic</strong></span> <span class='ocrx_word' id='word_1_543' title='bbox 2710 3090 2969 3149; x_wconf 85' lang='lat' dir='ltr'><strong>tanquam</strong></span> <span class='ocrx_word' id='word_1_544' title='bbox 3006 3079 3207 3133; x_wconf 89' lang='lat' dir='ltr'><strong>malum</strong></span> <span class='ocrx_word' id='word_1_545' title='bbox 3250 3079 3397 3133; x_wconf 90' lang='lat' dir='ltr'><strong>malo</strong></span> <span class='ocrx_word' id='word_1_546' title='bbox 3441 3078 3613 3148; x_wconf 83' lang='lat' dir='ltr'><strong>impo-</strong></span> 
     </span>
    </p>
   </div>
   <div class='ocr_carea' id='block_1_75' title="bbox 2029 3170 3612 3241">
    <p class='ocr_par' dir='ltr' id='par_1_75' title="bbox 2029 3170 3612 3241">
     <span class='ocr_line' id='line_1_75' title="bbox 2029 3170 3612 3241; baseline -0.001 -17"><span class='ocrx_word' id='word_1_547' title='bbox 2029 3170 2195 3224; x_wconf 89' lang='lat' dir='ltr'><strong>situm</strong></span> <span class='ocrx_word' id='word_1_548' title='bbox 2222 3170 2347 3240; x_wconf 88' lang='lat' dir='ltr'><strong>jure</strong></span> <span class='ocrx_word' id='word_1_549' title='bbox 2375 3171 2602 3235; x_wconf 79' lang='lat' dir='ltr'><strong>dixeris,</strong></span> <span class='ocrx_word' id='word_1_550' title='bbox 2648 3173 2741 3241; x_wconf 91' lang='lat' dir='ltr'><strong>qui</strong></span> <span class='ocrx_word' id='word_1_551' title='bbox 2799 3188 2865 3226; x_wconf 91' lang='lat' dir='ltr'><strong>ne</strong></span> <span class='ocrx_word' id='word_1_552' title='bbox 2919 3172 3192 3226; x_wconf 87' lang='lat' dir='ltr'><strong>tantillum</strong></span> <span class='ocrx_word' id='word_1_553' title='bbox 3239 3171 3458 3241; x_wconf 86' lang='lat' dir='ltr'><strong>quidem</strong></span> <span class='ocrx_word' id='word_1_554' title='bbox 3512 3186 3612 3223; x_wconf 91' lang='lat' dir='ltr'><strong>un-</strong></span> 
     </span>
    </p>
   </div>
   <div class='ocr_carea' id='block_1_76' title="bbox 2028 3260 3610 3332">
    <p class='ocr_par' dir='ltr' id='par_1_76' title="bbox 2028 3260 3610 3332">
     <span class='ocr_line' id='line_1_76' title="bbox 2028 3260 3610 3332; baseline 0.001 -19"><span class='ocrx_word' id='word_1_555' title='bbox 2028 3276 2191 3331; x_wconf 87' lang='lat' dir='ltr'><strong>quam</strong></span> <span class='ocrx_word' id='word_1_556' title='bbox 2226 3260 2559 3321; x_wconf 85' lang='lat' dir='ltr'><strong>remitleret,</strong></span> <span class='ocrx_word' id='word_1_557' title='bbox 2604 3263 2709 3317; x_wconf 90' lang='lat' dir='ltr'><strong>nisi</strong></span> <span class='ocrx_word' id='word_1_558' title='bbox 2756 3278 2866 3332; x_wconf 89' lang='lat' dir='ltr'><strong>quo</strong></span> <span class='ocrx_word' id='word_1_559' title='bbox 2914 3262 3235 3317; x_wconf 76' lang='lat' dir='ltr'><strong>eﬂecturum</strong></span> <span class='ocrx_word' id='word_1_560' title='bbox 3285 3278 3344 3317; x_wconf 83' lang='lat' dir='ltr'><strong>se</strong></span> <span class='ocrx_word' id='word_1_561' title='bbox 3373 3262 3610 3323; x_wconf 77' lang='lat' dir='ltr'><strong>videbat,</strong></span> 
     </span>
    </p>
   </div>
   <div class='ocr_carea' id='block_1_77' title="bbox 2028 3352 3601 3424">
    <p class='ocr_par' dir='ltr' id='par_1_77' title="bbox 2028 3352 3601 3424">
     <span class='ocr_line' id='line_1_77' title="bbox 2028 3352 3601 3424; baseline -0.002 -16"><span class='ocrx_word' id='word_1_562' title='bbox 2028 3364 2089 3408; x_wconf 90' lang='lat' dir='ltr'><strong>ut</strong></span> <span class='ocrx_word' id='word_1_563' title='bbox 2139 3352 2414 3408; x_wconf 87' lang='lat' dir='ltr'><strong>auditores</strong></span> <span class='ocrx_word' id='word_1_564' title='bbox 2468 3364 2658 3423; x_wconf 89' lang='lat' dir='ltr'><strong>postea</strong></span> <span class='ocrx_word' id='word_1_565' title='bbox 2717 3370 2829 3424; x_wconf 89' lang='lat' dir='ltr'><strong>quo</strong></span> <span class='ocrx_word' id='word_1_566' title='bbox 2879 3370 2937 3408; x_wconf 91' lang='lat' dir='ltr'><strong>se</strong></span> <span class='ocrx_word' id='word_1_567' title='bbox 2976 3364 3252 3409; x_wconf 88' lang='lat' dir='ltr'><strong>verterent</strong></span> <span class='ocrx_word' id='word_1_568' title='bbox 3298 3369 3403 3407; x_wconf 89' lang='lat' dir='ltr'><strong>non</strong></span> <span class='ocrx_word' id='word_1_569' title='bbox 3448 3352 3601 3407; x_wconf 51' lang='lat' dir='ltr'><strong>habe.</strong></span> 
     </span>
    </p>
   </div>
   <div class='ocr_carea' id='block_1_78' title="bbox 2027 3447 3612 3518">
    <p class='ocr_par' dir='ltr' id='par_1_78' title="bbox 2027 3447 3612 3518">
     <span class='ocr_line' id='line_1_78' title="bbox 2027 3447 3612 3518; baseline 0 -18"><span class='ocrx_word' id='word_1_570' title='bbox 2027 3456 2148 3502; x_wconf 88' lang='lat' dir='ltr'><strong>rent</strong></span> <span class='ocrx_word' id='word_1_571' title='bbox 2190 3466 2202 3502; x_wconf 91' lang='lat'><strong>:</strong></span> <span class='ocrx_word' id='word_1_572' title='bbox 2258 3447 2310 3501; x_wconf 91' lang='lat' dir='ltr'><strong>id</strong></span> <span class='ocrx_word' id='word_1_573' title='bbox 2355 3449 2500 3517; x_wconf 89' lang='lat' dir='ltr'><strong>quod</strong></span> <span class='ocrx_word' id='word_1_574' title='bbox 2532 3465 2598 3503; x_wconf 92' lang='lat' dir='ltr'><strong>co</strong></span> <span class='ocrx_word' id='word_1_575' title='bbox 2627 3448 2867 3503; x_wconf 89' lang='lat' dir='ltr'><strong>visorum</strong></span> <span class='ocrx_word' id='word_1_576' title='bbox 2894 3489 2907 3509; x_wconf 90' lang='lat'><strong>,</strong></span> <span class='ocrx_word' id='word_1_577' title='bbox 2959 3459 3017 3502; x_wconf 90' lang='lat' dir='ltr'><strong>ut</strong></span> <span class='ocrx_word' id='word_1_578' title='bbox 3062 3448 3387 3518; x_wconf 86' lang='lat' dir='ltr'><strong>appellabat,</strong></span> <span class='ocrx_word' id='word_1_579' title='bbox 3417 3462 3612 3516; x_wconf 83' lang='lat' dir='ltr'><strong>genere</strong></span> 
     </span>
    </p>
   </div>
   <div class='ocr_carea' id='block_1_79' title="bbox 2025 3539 3613 3609">
    <p class='ocr_par' dir='ltr' id='par_1_79' title="bbox 2025 3539 3613 3609">
     <span class='ocr_line' id='line_1_79' title="bbox 2025 3539 3613 3609; baseline -0.001 -15"><span class='ocrx_word' id='word_1_580' title='bbox 2025 3539 2493 3609; x_wconf 85' lang='lat' dir='ltr'><strong>consequebatur,</strong></span> <span class='ocrx_word' id='word_1_581' title='bbox 2547 3556 2669 3609; x_wconf 65' lang='lat' dir='ltr'><strong>qum</strong></span> <span class='ocrx_word' id='word_1_582' title='bbox 2718 3540 2986 3609; x_wconf 85' lang='lat' dir='ltr'><strong>probabili</strong></span> <span class='ocrx_word' id='word_1_583' title='bbox 3038 3541 3248 3595; x_wconf 89' lang='lat' dir='ltr'><strong>ratione</strong></span> <span class='ocrx_word' id='word_1_584' title='bbox 3292 3549 3501 3594; x_wconf 87' lang='lat' dir='ltr'><strong>certum</strong></span> <span class='ocrx_word' id='word_1_585' title='bbox 3547 3553 3613 3593; x_wconf 84' lang='lat' dir='ltr'><strong>ac</strong></span> 
     </span>
    </p>
   </div>
   <div class='ocr_carea' id='block_1_80' title="bbox 2025 3630 3609 3701">
    <p class='ocr_par' dir='ltr' id='par_1_80' title="bbox 2025 3630 3609 3701">
     <span class='ocr_line' id='line_1_80' title="bbox 2025 3630 3609 3701; baseline -0.002 -16"><span class='ocrx_word' id='word_1_586' title='bbox 2025 3631 2305 3701; x_wconf 85' lang='lat' dir='ltr'><strong>singulare</strong></span> <span class='ocrx_word' id='word_1_587' title='bbox 2334 3632 2634 3700; x_wconf 89' lang='lat' dir='ltr'><strong>quiddam,</strong></span> <span class='ocrx_word' id='word_1_588' title='bbox 2671 3633 2872 3686; x_wconf 82' lang='lat' dir='ltr'><strong>animal</strong></span> <span class='ocrx_word' id='word_1_589' title='bbox 2921 3648 3077 3694; x_wconf 88' lang='lat' dir='ltr'><strong>esse,</strong></span> <span class='ocrx_word' id='word_1_590' title='bbox 3113 3632 3196 3687; x_wconf 89' lang='lat' dir='ltr'><strong>vel</strong></span> <span class='ocrx_word' id='word_1_591' title='bbox 3226 3630 3609 3690; x_wconf 84' lang='lat' dir='ltr'><strong>conﬁrmandi,</strong></span> 
     </span>
    </p>
   </div>
   <div class='ocr_carea' id='block_1_81' title="bbox 2024 3721 3611 3794">
    <p class='ocr_par' dir='ltr' id='par_1_81' title="bbox 2024 3721 3611 3794">
     <span class='ocr_line' id='line_1_81' title="bbox 2024 3721 3611 3794; baseline 0.001 -18"><span class='ocrx_word' id='word_1_592' title='bbox 2024 3724 2108 3777; x_wconf 94' lang='lat' dir='ltr'><strong>vel</strong></span> <span class='ocrx_word' id='word_1_593' title='bbox 2136 3723 2373 3793; x_wconf 80' lang='lat' dir='ltr'><strong>negandi</strong></span> <span class='ocrx_word' id='word_1_594' title='bbox 2420 3724 2527 3777; x_wconf 88' lang='lat' dir='ltr'><strong>vim</strong></span> <span class='ocrx_word' id='word_1_595' title='bbox 2565 3724 2845 3778; x_wconf 84' lang='lat' dir='ltr'><strong>haberent.</strong></span> <span class='ocrx_word' id='word_1_596' title='bbox 2905 3723 3048 3794; x_wconf 85' lang='lat' dir='ltr'><strong>Ergo</strong></span> <span class='ocrx_word' id='word_1_597' title='bbox 3083 3733 3369 3793; x_wconf 89' lang='lat' dir='ltr'><strong>postquam</strong></span> <span class='ocrx_word' id='word_1_598' title='bbox 3404 3721 3611 3791; x_wconf 88' lang='lat' dir='ltr'><strong>aliquid</strong></span> 
     </span>
    </p>
   </div>
   <div class='ocr_carea' id='block_1_82' title="bbox 2023 3814 3611 3885">
    <p class='ocr_par' dir='ltr' id='par_1_82' title="bbox 2023 3814 3611 3885">
     <span class='ocr_line' id='line_1_82' title="bbox 2023 3814 3611 3885; baseline -0.001 -16"><span class='ocrx_word' id='word_1_599' title='bbox 2023 3815 2293 3884; x_wconf 84' lang='lat' dir='ltr'><strong>ejusmodi</strong></span> <span class='ocrx_word' id='word_1_600' title='bbox 2346 3826 2627 3885; x_wconf 90' lang='lat' dir='ltr'><strong>utcunque</strong></span> <span class='ocrx_word' id='word_1_601' title='bbox 2668 3817 2923 3881; x_wconf 88' lang='lat' dir='ltr'><strong>dederat,</strong></span> <span class='ocrx_word' id='word_1_602' title='bbox 2974 3814 3441 3885; x_wconf 89' lang='lat' dir='ltr'><strong>quemadmodum</strong></span> <span class='ocrx_word' id='word_1_603' title='bbox 3483 3814 3611 3869; x_wconf 73' lang='lat' dir='ltr'><strong>fera:</strong></span> 
     </span>
    </p>
   </div>
   <div class='ocr_carea' id='block_1_83' title="bbox 2024 3906 3607 3978">
    <p class='ocr_par' dir='ltr' id='par_1_83' title="bbox 2024 3906 3607 3978">
     <span class='ocr_line' id='line_1_83' title="bbox 2024 3906 3607 3978; baseline -0.002 -16"><span class='ocrx_word' id='word_1_604' title='bbox 2024 3907 2367 3978; x_wconf 82' lang='lat' dir='ltr'><strong>aliquantum</strong></span> <span class='ocrx_word' id='word_1_605' title='bbox 2422 3906 2699 3971; x_wconf 81' lang='lat' dir='ltr'><strong>cedentes,</strong></span> <span class='ocrx_word' id='word_1_606' title='bbox 2756 3907 2807 3960; x_wconf 90' lang='lat' dir='ltr'><strong>in</strong></span> <span class='ocrx_word' id='word_1_607' title='bbox 2841 3907 3049 3975; x_wconf 87' lang='lat' dir='ltr'><strong>spicula</strong></span> <span class='ocrx_word' id='word_1_608' title='bbox 3083 3915 3235 3961; x_wconf 89' lang='lat' dir='ltr'><strong>tanto</strong></span> <span class='ocrx_word' id='word_1_609' title='bbox 3262 3906 3607 3976; x_wconf 89' lang='lat' dir='ltr'><strong>postmodum</strong></span> 
     </span>
    </p>
   </div>
   <div class='ocr_carea' id='block_1_84' title="bbox 2023 3998 3610 4055">
    <p class='ocr_par' dir='ltr' id='par_1_84' title="bbox 2023 3998 3610 4055">
     <span class='ocr_line' id='line_1_84' title="bbox 2023 3998 3610 4055; baseline -0.001 -2"><span class='ocrx_word' id='word_1_610' title='bbox 2023 4000 2402 4055; x_wconf 88' lang='lat' dir='ltr'><strong>vehementius</strong></span> <span class='ocrx_word' id='word_1_611' title='bbox 2426 4000 2645 4054; x_wconf 89' lang='lat' dir='ltr'><strong>irruunt</strong></span> <span class='ocrx_word' id='word_1_612' title='bbox 2679 4018 2691 4053; x_wconf 89' lang='lat'><strong><em>:</em></strong></span> <span class='ocrx_word' id='word_1_613' title='bbox 2721 3999 2802 4053; x_wconf 85' lang='lat' dir='ltr'><strong>sic</strong></span> <span class='ocrx_word' id='word_1_614' title='bbox 2829 3999 2917 4053; x_wconf 88' lang='lat' dir='ltr'><strong>ille</strong></span> <span class='ocrx_word' id='word_1_615' title='bbox 2949 3998 3039 4053; x_wconf 89' lang='lat' dir='ltr'><strong>ubi</strong></span> <span class='ocrx_word' id='word_1_616' title='bbox 3074 3999 3324 4053; x_wconf 81' lang='lat' dir='ltr'><strong>nonnihil</strong></span> <span class='ocrx_word' id='word_1_617' title='bbox 3370 3999 3610 4053; x_wconf 85' lang='lat' dir='ltr'><strong>indulse-</strong></span> 
     </span>
    </p>
   </div>
   <div class='ocr_carea' id='block_1_85' title="bbox 2023 4090 3611 4161">
    <p class='ocr_par' dir='ltr' id='par_1_85' title="bbox 2023 4090 3611 4161">
     <span class='ocr_line' id='line_1_85' title="bbox 2023 4090 3611 4161; baseline -0.001 -17"><span class='ocrx_word' id='word_1_618' title='bbox 2023 4098 2214 4157; x_wconf 90' lang='lat' dir='ltr'><strong>rat,eo</strong></span> <span class='ocrx_word' id='word_1_619' title='bbox 2240 4091 2436 4146; x_wconf 88' lang='lat' dir='ltr'><strong>deinde</strong></span> <span class='ocrx_word' id='word_1_620' title='bbox 2459 4092 2736 4161; x_wconf 90' lang='lat' dir='ltr'><strong>potentius</strong></span> <span class='ocrx_word' id='word_1_621' title='bbox 2766 4091 3070 4161; x_wconf 87' lang='lat' dir='ltr'><strong>ingruebat.</strong></span> <span class='ocrx_word' id='word_1_622' title='bbox 3112 4090 3253 4146; x_wconf 91' lang='lat' dir='ltr'><strong>Idem</strong></span> <span class='ocrx_word' id='word_1_623' title='bbox 3280 4091 3368 4145; x_wconf 90' lang='lat' dir='ltr'><strong>ubi</strong></span> <span class='ocrx_word' id='word_1_624' title='bbox 3403 4090 3611 4143; x_wconf 75' lang='lat' dir='ltr'><strong>ﬁrmior</strong></span> 
     </span>
    </p>
   </div>
   <div class='ocr_carea' id='block_1_86' title="bbox 2018 4180 3605 4252">
    <p class='ocr_par' dir='ltr' id='par_1_86' title="bbox 2018 4180 3605 4252">
     <span class='ocr_line' id='line_1_86' title="bbox 2018 4180 3605 4252; baseline -0.001 -18"><span class='ocrx_word' id='word_1_625' title='bbox 2018 4180 2130 4251; x_wconf 87' lang='lat' dir='ltr'><strong>jam</strong></span> <span class='ocrx_word' id='word_1_626' title='bbox 2177 4190 2299 4236; x_wconf 87' lang='lat' dir='ltr'><strong>erat</strong></span> <span class='ocrx_word' id='word_1_627' title='bbox 2340 4182 2676 4252; x_wconf 85' lang='lat' dir='ltr'><strong>solidiorque</strong></span> <span class='ocrx_word' id='word_1_628' title='bbox 2723 4182 3059 4252; x_wconf 88' lang='lat' dir='ltr'><strong>disputatio,</strong></span> <span class='ocrx_word' id='word_1_629' title='bbox 3088 4191 3202 4236; x_wconf 89' lang='lat' dir='ltr'><strong>tum</strong></span> <span class='ocrx_word' id='word_1_630' title='bbox 3246 4181 3376 4235; x_wconf 90' lang='lat' dir='ltr'><strong>illud</strong></span> <span class='ocrx_word' id='word_1_631' title='bbox 3406 4181 3605 4249; x_wconf 90' lang='lat' dir='ltr'><strong>ipsum,</strong></span> 
     </span>
    </p>
   </div>
   <div class='ocr_carea' id='block_1_87' title="bbox 2022 4271 3605 4343">
    <p class='ocr_par' dir='ltr' id='par_1_87' title="bbox 2022 4271 3605 4343">
     <span class='ocr_line' id='line_1_87' title="bbox 2022 4271 3605 4343; baseline 0.001 -19"><span class='ocrx_word' id='word_1_632' title='bbox 2022 4271 2169 4341; x_wconf 87' lang='lat' dir='ltr'><strong>quod</strong></span> <span class='ocrx_word' id='word_1_633' title='bbox 2212 4271 2317 4327; x_wconf 91' lang='lat' dir='ltr'><strong>sibi</strong></span> <span class='ocrx_word' id='word_1_634' title='bbox 2354 4282 2481 4327; x_wconf 89' lang='lat' dir='ltr'><strong>ante</strong></span> <span class='ocrx_word' id='word_1_635' title='bbox 2528 4273 2707 4328; x_wconf 86' lang='lat' dir='ltr'><strong>visum</strong></span> <span class='ocrx_word' id='word_1_636' title='bbox 2752 4283 2936 4341; x_wconf 82' lang='lat' dir='ltr'><strong>esset,</strong></span> <span class='ocrx_word' id='word_1_637' title='bbox 2962 4273 3229 4343; x_wconf 89' lang='lat' dir='ltr'><strong>cujusque</strong></span> <span class='ocrx_word' id='word_1_638' title='bbox 3274 4273 3605 4327; x_wconf 88' lang='lat' dir='ltr'><strong>mentionem</strong></span> 
     </span>
    </p>
   </div>
   <div class='ocr_carea' id='block_1_88' title="bbox 2018 4360 3604 4435">
    <p class='ocr_par' dir='ltr' id='par_1_88' title="bbox 2018 4360 3604 4435">
     <span class='ocr_line' id='line_1_88' title="bbox 2018 4360 3604 4435; baseline 0.001 -21"><span class='ocrx_word' id='word_1_639' title='bbox 2018 4360 2130 4430; x_wconf 88' lang='lat' dir='ltr'><strong>jam</strong></span> <span class='ocrx_word' id='word_1_640' title='bbox 2178 4361 2420 4427; x_wconf 85' lang='lat' dir='ltr'><strong>fecisset,</strong></span> <span class='ocrx_word' id='word_1_641' title='bbox 2452 4362 2600 4418; x_wconf 91' lang='lat' dir='ltr'><strong>ultro</strong></span> <span class='ocrx_word' id='word_1_642' title='bbox 2650 4364 2977 4435; x_wconf 81' lang='lat' dir='ltr'><strong>negligebat.</strong></span> <span class='ocrx_word' id='word_1_643' title='bbox 3020 4364 3184 4434; x_wconf 78' lang='lat'><strong>738</strong></span> <span class='ocrx_word' id='word_1_644' title='bbox 3222 4361 3356 4416; x_wconf 86' lang='lat' dir='ltr'><strong>Nam</strong></span> <span class='ocrx_word' id='word_1_645' title='bbox 3382 4365 3476 4434; x_wconf 87' lang='lat' dir='ltr'><strong>qui</strong></span> <span class='ocrx_word' id='word_1_646' title='bbox 3510 4380 3604 4416; x_wconf 82' lang='lat' dir='ltr'><strong>ve-</strong></span> 
     </span>
    </p>
   </div>
   <div class='ocr_carea' id='block_1_89' title="bbox 2021 4454 3606 4525">
    <p class='ocr_par' dir='ltr' id='par_1_89' title="bbox 2021 4454 3606 4525">
     <span class='ocr_line' id='line_1_89' title="bbox 2021 4454 3606 4525; baseline 0.002 -18"><span class='ocrx_word' id='word_1_647' title='bbox 2021 4469 2141 4507; x_wconf 90' lang='lat' dir='ltr'><strong>rum</strong></span> <span class='ocrx_word' id='word_1_648' title='bbox 2176 4470 2241 4509; x_wconf 90' lang='lat' dir='ltr'><strong>ac</strong></span> <span class='ocrx_word' id='word_1_649' title='bbox 2272 4454 2471 4509; x_wconf 90' lang='lat' dir='ltr'><strong>falsum</strong></span> <span class='ocrx_word' id='word_1_650' title='bbox 2512 4454 2565 4508; x_wconf 92' lang='lat' dir='ltr'><strong>iu</strong></span> <span class='ocrx_word' id='word_1_651' title='bbox 2592 4455 2756 4510; x_wconf 88' lang='lat' dir='ltr'><strong>rebus</strong></span> <span class='ocrx_word' id='word_1_652' title='bbox 2792 4458 2972 4513; x_wconf 89' lang='lat' dir='ltr'><strong>inesse</strong></span> <span class='ocrx_word' id='word_1_653' title='bbox 2999 4457 3343 4519; x_wconf 77' lang='lat' dir='ltr'><strong>concederet,</strong></span> <span class='ocrx_word' id='word_1_654' title='bbox 3382 4457 3606 4525; x_wconf 87' lang='lat' dir='ltr'><strong>perinde</strong></span> 
     </span>
    </p>
   </div>
   <div class='ocr_carea' id='block_1_90' title="bbox 332 4544 1922 4636">
    <p class='ocr_par' dir='ltr' id='par_1_90' title="bbox 332 4547 1917 4636">
     <span class='ocr_line' id='line_1_90' title="bbox 332 4547 1917 4636; baseline 0.013 -36"><span class='ocrx_word' id='word_1_655' title='bbox 332 4547 623 4613; x_wconf 72' lang='grc' dir='ltr'>κακὰ,καὶ</span> <span class='ocrx_word' id='word_1_656' title='bbox 677 4552 864 4605; x_wconf 85' lang='grc' dir='ltr'>πλείω.</span> <span class='ocrx_word' id='word_1_657' title='bbox 924 4556 1031 4608; x_wconf 73' lang='grc' dir='ltr'><strong>Καὶ</strong></span> <span class='ocrx_word' id='word_1_658' title='bbox 1078 4557 1260 4626; x_wconf 87' lang='grc' dir='ltr'>μέντοι</span> <span class='ocrx_word' id='word_1_659' title='bbox 1308 4559 1480 4627; x_wconf 84' lang='grc' dir='ltr'>λέγων</span> <span class='ocrx_word' id='word_1_660' title='bbox 1522 4565 1550 4616; x_wconf 84' lang='grc' dir='ltr'>ὁ</span> <span class='ocrx_word' id='word_1_661' title='bbox 1598 4564 1917 4636; x_wconf 85' lang='grc' dir='ltr'>Καρνεάδης</span> 
     </span>
    </p>
   </div>
   <div class='ocr_carea' id='block_1_91' title="bbox 2024 4544 3607 4636">
    <p class='ocr_par' dir='ltr' id='par_1_91' title="bbox 2024 4544 3607 4617">
     <span class='ocr_line' id='line_1_91' title="bbox 2024 4544 3607 4617; baseline 0.003 -19"><span class='ocrx_word' id='word_1_662' title='bbox 2024 4560 2086 4598; x_wconf 89' lang='lat' dir='ltr'><strong>ac</strong></span> <span class='ocrx_word' id='word_1_663' title='bbox 2107 4544 2152 4599; x_wconf 91' lang='lat' dir='ltr'><strong>si</strong></span> <span class='ocrx_word' id='word_1_664' title='bbox 2185 4544 2253 4598; x_wconf 91' lang='lat' dir='ltr'><strong>ad</strong></span> <span class='ocrx_word' id='word_1_665' title='bbox 2292 4544 2571 4615; x_wconf 89' lang='lat' dir='ltr'><strong>propriam</strong></span> <span class='ocrx_word' id='word_1_666' title='bbox 2606 4562 2726 4601; x_wconf 87' lang='lat' dir='ltr'><strong>sese</strong></span> <span class='ocrx_word' id='word_1_667' title='bbox 2756 4548 3074 4617; x_wconf 65' lang='lat' dir='ltr'><strong>quaestionis</strong></span> <span class='ocrx_word' id='word_1_668' title='bbox 3098 4548 3367 4603; x_wconf 88' lang='lat' dir='ltr'><strong>rationem</strong></span> <span class='ocrx_word' id='word_1_669' title='bbox 3394 4564 3607 4603; x_wconf 79' lang='lat' dir='ltr'><strong>accom-</strong></span> 
     </span>
    </p>
   </div>
   <div class='ocr_carea' id='block_1_92' title="bbox 331 4637 1917 4725">
    <p class='ocr_par' dir='ltr' id='par_1_92' title="bbox 331 4637 1917 4725">
     <span class='ocr_line' id='line_1_92' title="bbox 331 4637 1917 4725; baseline 0.011 -34"><span class='ocrx_word' id='word_1_670' title='bbox 331 4637 677 4711; x_wconf 73' lang='grc' dir='ltr'>ἐψυχαγώγει</span> <span class='ocrx_word' id='word_1_671' title='bbox 710 4645 803 4696; x_wconf 82' lang='grc' dir='ltr'>καὶ</span> <span class='ocrx_word' id='word_1_672' title='bbox 842 4645 1279 4716; x_wconf 71' lang='grc' dir='ltr'>ἠνδραποδίζετο.</span> <span class='ocrx_word' id='word_1_673' title='bbox 1313 4645 1421 4702; x_wconf 83' lang='grc' dir='ltr'><strong>Ἦν</strong></span> <span class='ocrx_word' id='word_1_674' title='bbox 1445 4652 1500 4704; x_wconf 76' lang='grc' dir='ltr'>δὲ</span> <span class='ocrx_word' id='word_1_675' title='bbox 1548 4651 1794 4706; x_wconf 83' lang='grc' dir='ltr'>κλέπτων</span> <span class='ocrx_word' id='word_1_676' title='bbox 1820 4656 1917 4725; x_wconf 80' lang='grc' dir='ltr'><strong>μὲν</strong></span> 
     </span>
    </p>
   </div>
   <div class='ocr_carea' id='block_1_93' title="bbox 331 4731 1917 4817">
    <p class='ocr_par' dir='ltr' id='par_1_93' title="bbox 331 4731 1917 4817">
     <span class='ocr_line' id='line_1_93' title="bbox 331 4731 1917 4817; baseline 0.01 -33"><span class='ocrx_word' id='word_1_677' title='bbox 331 4731 562 4804; x_wconf 64' lang='grc' dir='ltr'>ἀφανὴς,</span> <span class='ocrx_word' id='word_1_678' title='bbox 604 4736 928 4806; x_wconf 77' lang='grc' dir='ltr'>φαινόμενος</span> <span class='ocrx_word' id='word_1_679' title='bbox 963 4739 1020 4791; x_wconf 82' lang='grc' dir='ltr'>δὲ</span> <span class='ocrx_word' id='word_1_680' title='bbox 1071 4739 1292 4812; x_wconf 81' lang='grc' dir='ltr'>λῃστὴς,</span> <span class='ocrx_word' id='word_1_681' title='bbox 1328 4744 1495 4814; x_wconf 82' lang='grc' dir='ltr'>αἱρῶν</span> <span class='ocrx_word' id='word_1_682' title='bbox 1532 4746 1621 4797; x_wconf 71' lang='grc' dir='ltr'><strong>καὶ</strong></span> <span class='ocrx_word' id='word_1_683' title='bbox 1646 4746 1780 4817; x_wconf 84' lang='grc' dir='ltr'>δόλῳ</span> <span class='ocrx_word' id='word_1_684' title='bbox 1824 4750 1917 4801; x_wconf 78' lang='grc' dir='ltr'>καὶ</span> 
     </span>
    </p>
   </div>
   <div class='ocr_carea' id='block_1_94' title="bbox 332 4824 1915 4908">
    <p class='ocr_par' dir='ltr' id='par_1_94' title="bbox 332 4824 1915 4908">
     <span class='ocr_line' id='line_1_94' title="bbox 332 4824 1915 4908; baseline 0.013 -34"><span class='ocrx_word' id='word_1_685' title='bbox 332 4824 423 4894; x_wconf 75' lang='grc' dir='ltr'><strong>βία</strong></span> <span class='ocrx_word' id='word_1_686' title='bbox 446 4826 572 4885; x_wconf 76' lang='grc' dir='ltr'>τοὺς</span> <span class='ocrx_word' id='word_1_687' title='bbox 594 4828 686 4879; x_wconf 80' lang='grc' dir='ltr'>καὶ</span> <span class='ocrx_word' id='word_1_688' title='bbox 718 4828 856 4881; x_wconf 82' lang='grc' dir='ltr'>πάνυ</span> <span class='ocrx_word' id='word_1_689' title='bbox 888 4830 1087 4902; x_wconf 75' lang='grc' dir='ltr'>σφόδρα</span> <span class='ocrx_word' id='word_1_690' title='bbox 1148 4836 1719 4908; x_wconf 85' lang='grc' dir='ltr'>παρεσκευασμένους.</span> <span class='ocrx_word' id='word_1_691' title='bbox 1759 4842 1915 4896; x_wconf 74' lang='grc' dir='ltr'>Πᾶσα</span> 
     </span>
    </p>
   </div>
   <div class='ocr_carea' id='block_1_95' title="bbox 329 4917 1915 5003">
    <p class='ocr_par' dir='ltr' id='par_1_95' title="bbox 329 4917 1915 5003">
     <span class='ocr_line' id='line_1_95' title="bbox 329 4917 1915 5003; baseline 0.011 -35"><span class='ocrx_word' id='word_1_692' title='bbox 329 4917 459 4983; x_wconf 90' lang='grc' dir='ltr'>γοῦν</span> <span class='ocrx_word' id='word_1_693' title='bbox 483 4919 796 4989; x_wconf 84' lang='grc' dir='ltr'>Καρνεάδου</span> <span class='ocrx_word' id='word_1_694' title='bbox 848 4921 1055 4976; x_wconf 86' lang='grc' dir='ltr'>διάνοια</span> <span class='ocrx_word' id='word_1_695' title='bbox 1085 4925 1260 4989; x_wconf 81' lang='grc' dir='ltr'>ἐνίκα,</span> <span class='ocrx_word' id='word_1_696' title='bbox 1294 4928 1386 4980; x_wconf 79' lang='grc' dir='ltr'>καὶ</span> <span class='ocrx_word' id='word_1_697' title='bbox 1431 4929 1653 5001; x_wconf 76' lang='grc' dir='ltr'>οὐδεμία</span> <span class='ocrx_word' id='word_1_698' title='bbox 1693 4933 1915 5003; x_wconf 83' lang='grc' dir='ltr'>ἡτισοῦν</span> 
     </span>
    </p>
   </div>
   <div class='ocr_carea' id='block_1_96' title="bbox 329 5006 1915 5089">
    <p class='ocr_par' dir='ltr' id='par_1_96' title="bbox 329 5006 1915 5089">
     <span class='ocr_line' id='line_1_96' title="bbox 329 5006 1915 5089; baseline 0.011 -29"><span class='ocrx_word' id='word_1_699' title='bbox 329 5007 521 5070; x_wconf 79' lang='grc' dir='ltr'>ἄλλως·</span> <span class='ocrx_word' id='word_1_700' title='bbox 551 5010 673 5079; x_wconf 76' lang='grc' dir='ltr'>ἐπεὶ</span> <span class='ocrx_word' id='word_1_701' title='bbox 703 5012 796 5064; x_wconf 76' lang='grc' dir='ltr'>καὶ</span> <span class='ocrx_word' id='word_1_702' title='bbox 826 5006 907 5076; x_wconf 70' lang='grc' dir='ltr'>οἷς</span> <span class='ocrx_word' id='word_1_703' title='bbox 942 5016 1365 5087; x_wconf 80' lang='grc' dir='ltr'>προσεπολέμει,</span> <span class='ocrx_word' id='word_1_704' title='bbox 1400 5014 1541 5089; x_wconf 76' lang='grc' dir='ltr'>ἦσαν</span> <span class='ocrx_word' id='word_1_705' title='bbox 1586 5022 1760 5075; x_wconf 84' lang='grc' dir='ltr'>εἰπεῖν</span> <span class='ocrx_word' id='word_1_706' title='bbox 1788 5022 1915 5076; x_wconf 84' lang='grc' dir='ltr'>ἁδυ-</span> 
     </span>
    </p>
   </div>
   <div class='ocr_carea' id='block_1_97' title="bbox 327 5100 1911 5185">
    <p class='ocr_par' dir='ltr' id='par_1_97' title="bbox 327 5100 1911 5185">
     <span class='ocr_line' id='line_1_97' title="bbox 327 5100 1911 5185; baseline 0.011 -33"><span class='ocrx_word' id='word_1_707' title='bbox 327 5100 639 5172; x_wconf 84' lang='grc' dir='ltr'>νατὼτεροι.</span> <span class='ocrx_word' id='word_1_708' title='bbox 675 5104 1025 5178; x_wconf 84' lang='grc' dir='ltr'>’Λντίπατρος</span> <span class='ocrx_word' id='word_1_709' title='bbox 1050 5108 1179 5176; x_wconf 91' lang='grc' dir='ltr'>γοῦν</span> <span class='ocrx_word' id='word_1_710' title='bbox 1204 5110 1231 5161; x_wconf 89' lang='grc' dir='ltr'>ὁ</span> <span class='ocrx_word' id='word_1_711' title='bbox 1265 5111 1383 5163; x_wconf 81' lang='grc' dir='ltr'>κατ’</span> <span class='ocrx_word' id='word_1_712' title='bbox 1422 5112 1581 5166; x_wconf 81' lang='grc' dir='ltr'>αὑτὸν</span> <span class='ocrx_word' id='word_1_713' title='bbox 1604 5114 1911 5185; x_wconf 89' lang='grc' dir='ltr'>γενόμενος,</span> 
     </span>
    </p>
   </div>
   <div class='ocr_carea' id='block_1_98' title="bbox 330 5189 1914 5273">
    <p class='ocr_par' dir='ltr' id='par_1_98' title="bbox 330 5189 1914 5273">
     <span class='ocr_line' id='line_1_98' title="bbox 330 5189 1914 5273; baseline 0.013 -32"><span class='ocrx_word' id='word_1_714' title='bbox 330 5189 516 5260; x_wconf 79' lang='grc' dir='ltr'>ἔμελλε</span> <span class='ocrx_word' id='word_1_715' title='bbox 552 5193 652 5262; x_wconf 84' lang='grc' dir='ltr'><strong>μὲν</strong></span> <span class='ocrx_word' id='word_1_716' title='bbox 684 5195 922 5267; x_wconf 82' lang='grc' dir='ltr'>ἁγωνιᾷν</span> <span class='ocrx_word' id='word_1_717' title='bbox 947 5215 998 5250; x_wconf 90' lang='grc' dir='ltr'><strong>τι</strong></span> <span class='ocrx_word' id='word_1_718' title='bbox 1018 5200 1269 5271; x_wconf 75' lang='grc' dir='ltr'>γράφειν·</span> <span class='ocrx_word' id='word_1_719' title='bbox 1299 5204 1435 5273; x_wconf 83' lang='grc' dir='ltr'>πρὸς</span> <span class='ocrx_word' id='word_1_720' title='bbox 1465 5205 1508 5257; x_wconf 75' lang='grc' dir='ltr'>δ’</span> <span class='ocrx_word' id='word_1_721' title='bbox 1532 5204 1625 5258; x_wconf 85' lang='grc' dir='ltr'><strong>οῦν</strong></span> <span class='ocrx_word' id='word_1_722' title='bbox 1657 5209 1783 5272; x_wconf 76' lang='grc' dir='ltr'>τοὺς</span> <span class='ocrx_word' id='word_1_723' title='bbox 1805 5209 1914 5261; x_wconf 83' lang='grc' dir='ltr'><strong>ἀπὸ</strong></span> 
     </span>
    </p>
   </div>
   <div class='ocr_carea' id='block_1_99' title="bbox 330 5282 1912 5367">
    <p class='ocr_par' dir='ltr' id='par_1_99' title="bbox 330 5282 1912 5367">
     <span class='ocr_line' id='line_1_99' title="bbox 330 5282 1912 5367; baseline 0.013 -32"><span class='ocrx_word' id='word_1_724' title='bbox 330 5282 645 5354; x_wconf 80' lang='grc' dir='ltr'>Καρνεάδου</span> <span class='ocrx_word' id='word_1_725' title='bbox 676 5288 1022 5362; x_wconf 74' lang='grc' dir='ltr'>καθ’ήμέραν</span> <span class='ocrx_word' id='word_1_726' title='bbox 1046 5294 1491 5365; x_wconf 70' lang='grc' dir='ltr'>ἀποφερομένους</span> <span class='ocrx_word' id='word_1_727' title='bbox 1514 5298 1704 5367; x_wconf 86' lang='grc' dir='ltr'>λόγους</span> <span class='ocrx_word' id='word_1_728' title='bbox 1718 5301 1912 5355; x_wconf 75' lang='grc' dir='ltr'>οὔποτε</span> 
     </span>
    </p>
   </div>
   <div class='ocr_carea' id='block_1_100' title="bbox 401 5482 1911 5609">
    <p class='ocr_par' dir='ltr' id='par_1_100' title="bbox 401 5482 1911 5609">
     <span class='ocr_line' id='line_1_100' title="bbox 401 5482 1911 5609; baseline 0.013 -72"><span class='ocrx_word' id='word_1_729' title='bbox 401 5484 513 5609; x_wconf 69' lang='grc' dir='ltr'><strong>(Η)</strong></span> <span class='ocrx_word' id='word_1_730' title='bbox 546 5482 628 5540; x_wconf 84' lang='grc' dir='ltr'><strong>Οὗ</strong></span> <span class='ocrx_word' id='word_1_731' title='bbox 657 5487 864 5571; x_wconf 65' lang='grc' dir='ltr'>χρεὼγ.</span> <span class='ocrx_word' id='word_1_732' title='bbox 893 5483 988 5544; x_wconf 81' lang='grc' dir='ltr'><strong>Οῦ.</strong></span> <span class='ocrx_word' id='word_1_733' title='bbox 1018 5492 1189 5562; x_wconf 89' lang='lat' dir='ltr'><strong>Cujus</strong></span> <span class='ocrx_word' id='word_1_734' title='bbox 1226 5496 1482 5552; x_wconf 84' lang='lat' dir='ltr'><strong>tandem?</strong></span> <span class='ocrx_word' id='word_1_735' title='bbox 1510 5497 1772 5566; x_wconf 85' lang='lat' dir='ltr'><strong>Platonis,</strong></span> <span class='ocrx_word' id='word_1_736' title='bbox 1795 5502 1911 5571; x_wconf 89' lang='lat' dir='ltr'><strong>opi-</strong></span> 
     </span>
     <span class='ocr_line' id='line_1_101' title="bbox 401 5557 1882 5609; baseline 0.001 -2"><span class='ocrx_word' id='word_1_737' title='bbox 401 5572 452 5608; x_wconf 42' lang='lat' dir='ltr'><strong>tr.</strong></span> <span class='ocrx_word' id='word_1_738' title='bbox 512 5574 541 5608; x_wconf 93' lang='lat' dir='ltr'><strong>n</strong></span> <span class='ocrx_word' id='word_1_739' title='bbox 591 5557 693 5609; x_wconf 91' lang='lat' dir='ltr'><strong>hoc</strong></span> <span class='ocrx_word' id='word_1_740' title='bbox 727 5575 928 5609; x_wconf 81' lang='lat' dir='ltr'><strong>numne</strong></span> <span class='ocrx_word' id='word_1_741' title='bbox 974 5565 1177 5609; x_wconf 75' lang='grc' dir='ltr'>ηιιιιιιις</span> <span class='ocrx_word' id='word_1_742' title='bbox 1211 5576 1337 5609; x_wconf 70' lang='lat' dir='ltr'><strong>nm.-</strong></span> <span class='ocrx_word' id='word_1_743' title='bbox 1372 5566 1670 5609; x_wconf 73' lang='lat' dir='ltr'><strong>Nlllnnninc</strong></span> <span class='ocrx_word' id='word_1_744' title='bbox 1709 5571 1882 5609; x_wconf 66' lang='lat' dir='ltr'><strong>suam.</strong></span> 
     </span>
    </p>
   </div>
   <div class='ocr_carea' id='block_1_101' title="bbox 331 5557 1905 5630">
    <p class='ocr_par' dir='ltr' id='par_1_101' title="bbox 331 5557 1905 5630">
     <span class='ocr_line' id='line_1_102' title="bbox 331 5557 1905 5630; baseline 0.011 -21"><span class='ocrx_word' id='word_1_745' title='bbox 331 5557 541 5630; x_wconf 59' lang='lat' dir='ltr'><strong>no_r.__l_n</strong></span> <span class='ocrx_word' id='word_1_746' title='bbox 570 5557 696 5630; x_wconf 25' lang='lat' dir='ltr'><strong>Ahoc</strong></span> <span class='ocrx_word' id='word_1_747' title='bbox 727 5562 928 5630; x_wconf 88' lang='lat' dir='ltr'><strong>quippe</strong></span> <span class='ocrx_word' id='word_1_748' title='bbox 973 5557 1177 5619; x_wconf 69' lang='lat' dir='ltr'><strong>multus</strong></span> <span class='ocrx_word' id='word_1_749' title='bbox 1211 5576 1337 5619; x_wconf 87' lang='lat' dir='ltr'><strong>ante</strong></span> <span class='ocrx_word' id='word_1_750' title='bbox 1369 5566 1670 5625; x_wconf 77' lang='lat' dir='ltr'><strong>Numenius</strong></span> <span class='ocrx_word' id='word_1_751' title='bbox 1708 5557 1905 5626; x_wconf 73' lang='lat' dir='ltr'><strong>fuerat.</strong></span> 
     </span>
    </p>
   </div>
   <div class='ocr_carea' id='block_1_102' title="bbox 402 5625 1907 5708">
    <p class='ocr_par' dir='ltr' id='par_1_102' title="bbox 402 5625 1907 5708">
     <span class='ocr_line' id='line_1_103' title="bbox 402 5625 1907 5708; baseline 0.013 -30"><span class='ocrx_word' id='word_1_752' title='bbox 402 5625 513 5708; x_wconf 61' lang='grc' dir='ltr'>με)</span> <span class='ocrx_word' id='word_1_753' title='bbox 569 5625 898 5708; x_wconf 61' lang='grc' dir='ltr'>Ἀπέφερὲνῖ.</span> <span class='ocrx_word' id='word_1_754' title='bbox 935 5632 1073 5708; x_wconf 80' lang='lat' dir='ltr'><strong>Quid</strong></span> <span class='ocrx_word' id='word_1_755' title='bbox 1128 5637 1171 5708; x_wconf 80' lang='lat' dir='ltr'><strong>si</strong></span> <span class='ocrx_word' id='word_1_756' title='bbox 1221 5636 1456 5707; x_wconf 64' lang='grc' dir='ltr'>ἔφερενῖ</span> <span class='ocrx_word' id='word_1_757' title='bbox 1507 5638 1601 5695; x_wconf 80' lang='lat' dir='ltr'><strong>Est</strong></span> <span class='ocrx_word' id='word_1_758' title='bbox 1652 5625 1818 5701; x_wconf 71' lang='lat' dir='ltr'><strong>enim,</strong></span> <span class='ocrx_word' id='word_1_759' title='bbox 1853 5625 1907 5697; x_wconf 83' lang='lat' dir='ltr'><strong>ut</strong></span> 
     </span>
    </p>
   </div>
   <div class='ocr_carea' id='block_1_103' title="bbox 330 5702 1909 5782">
    <p class='ocr_par' dir='ltr' id='par_1_103' title="bbox 330 5702 1909 5782">
     <span class='ocr_line' id='line_1_104' title="bbox 330 5702 1909 5782; baseline 0.012 -34"><span class='ocrx_word' id='word_1_760' title='bbox 330 5702 513 5782; x_wconf 79' lang='lat' dir='ltr'><strong>pueris</strong></span> <span class='ocrx_word' id='word_1_761' title='bbox 538 5708 747 5765; x_wconf 87' lang='lat' dir='ltr'><strong>notum,</strong></span> <span class='ocrx_word' id='word_1_762' title='bbox 778 5702 934 5771; x_wconf 82' lang='grc' dir='ltr'>ἄγειν</span> <span class='ocrx_word' id='word_1_763' title='bbox 958 5703 1051 5758; x_wconf 73' lang='grc' dir='ltr'>καὶ</span> <span class='ocrx_word' id='word_1_764' title='bbox 1075 5702 1279 5777; x_wconf 69' lang='grc' dir='ltr'>φέρειν,</span> <span class='ocrx_word' id='word_1_765' title='bbox 1300 5702 1519 5766; x_wconf 78' lang='lat' dir='ltr'><strong>sursum</strong></span> <span class='ocrx_word' id='word_1_766' title='bbox 1548 5713 1909 5782; x_wconf 81' lang='lat' dir='ltr'><strong>deorsumque</strong></span> 
     </span>
    </p>
   </div>
   <div class='ocr_carea' id='block_1_104' title="bbox 330 5781 1131 5822">
    <p class='ocr_par' dir='ltr' id='par_1_104' title="bbox 330 5781 1131 5822">
     <span class='ocr_line' id='line_1_105' title="bbox 330 5781 1131 5822; baseline 0.001 -4"><span class='ocrx_word' id='word_1_767' title='bbox 330 5781 577 5822; x_wconf 71' lang='lat' dir='ltr'><strong>IIIISCBI&#39;C.</strong></span> <span class='ocrx_word' id='word_1_768' title='bbox 1124 5814 1131 5819; x_wconf 91' lang='lat'><strong>.</strong></span> 
     </span>
    </p>
   </div>
   <div class='ocr_carea' id='block_1_105' title="bbox 401 5837 885 5909">
    <p class='ocr_par' dir='ltr' id='par_1_105' title="bbox 401 5837 885 5909">
     <span class='ocr_line' id='line_1_106' title="bbox 401 5837 885 5909; baseline 0.017 -20"><span class='ocrx_word' id='word_1_769' title='bbox 401 5837 513 5909; x_wconf 68' lang='grc'><strong>(46)</strong></span> <span class='ocrx_word' id='word_1_770' title='bbox 539 5837 701 5897; x_wconf 84' lang='lat' dir='ltr'><strong>Forte</strong></span> <span class='ocrx_word' id='word_1_771' title='bbox 731 5844 776 5895; x_wconf 82' lang='lat' dir='ltr'><strong>ci</strong></span> <span class='ocrx_word' id='word_1_772' title='bbox 810 5844 885 5897; x_wconf 75' lang='grc' dir='ltr'><strong>δέ.</strong></span> 
     </span>
    </p>
   </div>
   <div class='ocr_carea' id='block_1_106' title="bbox 2021 4636 3605 4708">
    <p class='ocr_par' dir='ltr' id='par_1_106' title="bbox 2021 4636 3605 4708">
     <span class='ocr_line' id='line_1_107' title="bbox 2021 4636 3605 4708; baseline 0.004 -20"><span class='ocrx_word' id='word_1_773' title='bbox 2021 4636 2290 4702; x_wconf 90' lang='lat' dir='ltr'><strong>modaret,</strong></span> <span class='ocrx_word' id='word_1_774' title='bbox 2331 4653 2496 4707; x_wconf 91' lang='lat' dir='ltr'><strong>quam</strong></span> <span class='ocrx_word' id='word_1_775' title='bbox 2541 4637 2771 4707; x_wconf 86' lang='lat' dir='ltr'><strong>ipsemet</strong></span> <span class='ocrx_word' id='word_1_776' title='bbox 2818 4639 2972 4708; x_wconf 89' lang='lat' dir='ltr'><strong>periti</strong></span> <span class='ocrx_word' id='word_1_777' title='bbox 3012 4640 3295 4696; x_wconf 87' lang='lat' dir='ltr'><strong>luctatoris</strong></span> <span class='ocrx_word' id='word_1_778' title='bbox 3327 4656 3478 4695; x_wconf 88' lang='lat' dir='ltr'><strong>more</strong></span> <span class='ocrx_word' id='word_1_779' title='bbox 3506 4658 3605 4695; x_wconf 65' lang='lat' dir='ltr'><strong>auo</strong></span> 
     </span>
    </p>
   </div>
   <div class='ocr_carea' id='block_1_107' title="bbox 2019 4730 3601 4803">
    <p class='ocr_par' dir='ltr' id='par_1_107' title="bbox 2019 4730 3601 4803">
     <span class='ocr_line' id='line_1_108' title="bbox 2019 4730 3601 4803; baseline 0.004 -21"><span class='ocrx_word' id='word_1_780' title='bbox 2019 4744 2135 4782; x_wconf 90' lang='lat' dir='ltr'><strong>sam</strong></span> <span class='ocrx_word' id='word_1_781' title='bbox 2180 4730 2438 4797; x_wconf 87' lang='lat' dir='ltr'><strong>dederat,</strong></span> <span class='ocrx_word' id='word_1_782' title='bbox 2482 4747 2545 4787; x_wconf 86' lang='lat' dir='ltr'><strong>ea</strong></span> <span class='ocrx_word' id='word_1_783' title='bbox 2580 4733 2926 4803; x_wconf 85' lang='lat' dir='ltr'><strong>postmodum</strong></span> <span class='ocrx_word' id='word_1_784' title='bbox 2977 4734 3091 4803; x_wconf 86' lang='lat' dir='ltr'><strong>ipsa</strong></span> <span class='ocrx_word' id='word_1_785' title='bbox 3141 4735 3410 4791; x_wconf 66' lang='lat' dir='ltr'><strong>vincebat.</strong></span> <span class='ocrx_word' id='word_1_786' title='bbox 3461 4734 3601 4789; x_wconf 89' lang='lat' dir='ltr'><strong>Dum</strong></span> 
     </span>
    </p>
   </div>
   <div class='ocr_carea' id='block_1_108' title="bbox 2019 4822 3605 4896">
    <p class='ocr_par' dir='ltr' id='par_1_108' title="bbox 2019 4822 3605 4896">
     <span class='ocr_line' id='line_1_109' title="bbox 2019 4822 3605 4896; baseline 0.004 -21"><span class='ocrx_word' id='word_1_787' title='bbox 2019 4822 2166 4875; x_wconf 90' lang='lat' dir='ltr'><strong>enim</strong></span> <span class='ocrx_word' id='word_1_788' title='bbox 2197 4831 2494 4894; x_wconf 88' lang='lat' dir='ltr'><strong>utrumque</strong></span> <span class='ocrx_word' id='word_1_789' title='bbox 2508 4840 2607 4896; x_wconf 84' lang='lat' dir='ltr'><strong>pro</strong></span> <span class='ocrx_word' id='word_1_790' title='bbox 2626 4826 3116 4881; x_wconf 82' lang='lat' dir='ltr'><strong>verisimilitudinis</strong></span> <span class='ocrx_word' id='word_1_791' title='bbox 3135 4826 3390 4895; x_wconf 86' lang='lat' dir='ltr'><strong>utrinque</strong></span> <span class='ocrx_word' id='word_1_792' title='bbox 3407 4838 3605 4881; x_wconf 88' lang='lat' dir='ltr'><strong>nutan-</strong></span> 
     </span>
    </p>
   </div>
   <div class='ocr_carea' id='block_1_109' title="bbox 2016 4914 3601 4982">
    <p class='ocr_par' dir='ltr' id='par_1_109' title="bbox 2016 4914 3601 4982">
     <span class='ocr_line' id='line_1_110' title="bbox 2016 4914 3601 4982; baseline 0.003 -14"><span class='ocrx_word' id='word_1_793' title='bbox 2016 4914 2087 4969; x_wconf 85' lang='lat' dir='ltr'><strong>tis</strong></span> <span class='ocrx_word' id='word_1_794' title='bbox 2134 4915 2349 4971; x_wconf 90' lang='lat' dir='ltr'><strong>ralione</strong></span> <span class='ocrx_word' id='word_1_795' title='bbox 2401 4918 2775 4982; x_wconf 85' lang='lat' dir='ltr'><strong>concedebat,</strong></span> <span class='ocrx_word' id='word_1_796' title='bbox 2832 4929 3084 4973; x_wconf 89' lang='lat' dir='ltr'><strong>neutrum</strong></span> <span class='ocrx_word' id='word_1_797' title='bbox 3156 4919 3322 4974; x_wconf 92' lang='lat' dir='ltr'><strong>simul</strong></span> <span class='ocrx_word' id='word_1_798' title='bbox 3374 4919 3601 4973; x_wconf 83' lang='lat' dir='ltr'><strong>firmiter</strong></span> 
     </span>
    </p>
   </div>
   <div class='ocr_carea' id='block_1_110' title="bbox 2016 5007 3602 5081">
    <p class='ocr_par' dir='ltr' id='par_1_110' title="bbox 2016 5007 3602 5081">
     <span class='ocr_line' id='line_1_111' title="bbox 2016 5007 3602 5081; baseline 0.001 -20"><span class='ocrx_word' id='word_1_799' title='bbox 2016 5007 2407 5077; x_wconf 84' lang='lat' dir='ltr'><strong>comprehendi</strong></span> <span class='ocrx_word' id='word_1_800' title='bbox 2440 5023 2598 5078; x_wconf 74' lang='lat' dir='ltr'><strong>posse</strong></span> <span class='ocrx_word' id='word_1_801' title='bbox 2630 5009 2863 5065; x_wconf 84' lang='lat' dir='ltr'><strong>dicebat.</strong></span> <span class='ocrx_word' id='word_1_802' title='bbox 2906 5008 3017 5064; x_wconf 88' lang='lat' dir='ltr'><strong>Fur</strong></span> <span class='ocrx_word' id='word_1_803' title='bbox 3042 5026 3172 5081; x_wconf 74' lang='lat' dir='ltr'><strong>ergo</strong></span> <span class='ocrx_word' id='word_1_804' title='bbox 3211 5011 3602 5081; x_wconf 73' lang='lat' dir='ltr'><strong>praestigiator—</strong></span> 
     </span>
    </p>
   </div>
   <div class='ocr_carea' id='block_1_111' title="bbox 2016 5098 3597 5168">
    <p class='ocr_par' dir='ltr' id='par_1_111' title="bbox 2016 5098 3597 5168">
     <span class='ocr_line' id='line_1_112' title="bbox 2016 5098 3597 5168; baseline 0.004 -18"><span class='ocrx_word' id='word_1_805' title='bbox 2016 5114 2122 5168; x_wconf 89' lang='lat' dir='ltr'><strong>qne</strong></span> <span class='ocrx_word' id='word_1_806' title='bbox 2170 5098 2270 5154; x_wconf 90' lang='lat' dir='ltr'><strong>fuit</strong></span> <span class='ocrx_word' id='word_1_807' title='bbox 2322 5100 2566 5156; x_wconf 85' lang='lat' dir='ltr'><strong>Arcesila</strong></span> <span class='ocrx_word' id='word_1_808' title='bbox 2618 5102 2889 5157; x_wconf 85' lang='lat' dir='ltr'><strong>solertior.</strong></span> <span class='ocrx_word' id='word_1_809' title='bbox 2949 5101 3022 5157; x_wconf 87' lang='lat' dir='ltr'><strong>Ita</strong></span> <span class='ocrx_word' id='word_1_810' title='bbox 3065 5104 3345 5159; x_wconf 86' lang='lat' dir='ltr'><strong>enimvero</strong></span> <span class='ocrx_word' id='word_1_811' title='bbox 3398 5103 3597 5158; x_wconf 89' lang='lat' dir='ltr'><strong>falsum</strong></span> 
     </span>
    </p>
   </div>
   <div class='ocr_carea' id='block_1_112' title="bbox 2016 5192 3601 5265">
    <p class='ocr_par' dir='ltr' id='par_1_112' title="bbox 2016 5192 3601 5265">
     <span class='ocr_line' id='line_1_113' title="bbox 2016 5192 3601 5265; baseline 0.003 -20"><span class='ocrx_word' id='word_1_812' title='bbox 2016 5192 2260 5261; x_wconf 89' lang='lat' dir='ltr'><strong>aliquod,</strong></span> <span class='ocrx_word' id='word_1_813' title='bbox 2321 5194 2579 5263; x_wconf 88' lang='lat' dir='ltr'><strong>quodque</strong></span> <span class='ocrx_word' id='word_1_814' title='bbox 2627 5195 3028 5263; x_wconf 83' lang='lat' dir='ltr'><strong>percipiebatur</strong></span> <span class='ocrx_word' id='word_1_815' title='bbox 3079 5196 3381 5264; x_wconf 76' lang='lat' dir='ltr'><strong>phantasia:</strong></span> <span class='ocrx_word' id='word_1_816' title='bbox 3422 5196 3601 5265; x_wconf 90' lang='lat' dir='ltr'><strong>perci-</strong></span> 
     </span>
    </p>
   </div>
   <div class='ocr_carea' id='block_1_113' title="bbox 2015 5276 3601 5360">
    <p class='ocr_par' dir='ltr' id='par_1_113' title="bbox 2015 5276 3601 5360">
     <span class='ocr_line' id='line_1_114' title="bbox 2015 5276 3601 5360; baseline 0.003 -22"><span class='ocrx_word' id='word_1_817' title='bbox 2015 5285 2188 5355; x_wconf 88' lang='lat' dir='ltr'><strong>pienti</strong></span> <span class='ocrx_word' id='word_1_818' title='bbox 2213 5286 2393 5341; x_wconf 85' lang='lat' dir='ltr'><strong>simile</strong></span> <span class='ocrx_word' id='word_1_819' title='bbox 2422 5286 2751 5357; x_wconf 85' lang='lat' dir='ltr'><strong>adjungebat</strong></span> <span class='ocrx_word' id='word_1_820' title='bbox 2772 5327 2786 5351; x_wconf 91' lang='lat'><strong>,</strong></span> <span class='ocrx_word' id='word_1_821' title='bbox 2814 5296 2873 5341; x_wconf 92' lang='lat' dir='ltr'><strong>ut</strong></span> <span class='ocrx_word' id='word_1_822' title='bbox 2897 5287 3047 5357; x_wconf 90' lang='lat' dir='ltr'><strong>paria</strong></span> <span class='ocrx_word' id='word_1_823' title='bbox 3080 5276 3405 5360; x_wconf 85' lang='lat' dir='ltr'><strong>geminaque</strong></span> <span class='ocrx_word' id='word_1_824' title='bbox 3435 5288 3601 5343; x_wconf 86' lang='lat' dir='ltr'><strong>ambo</strong></span> 
     </span>
    </p>
   </div>
   <div class='ocr_carea' id='block_1_114' title="bbox 2088 5504 3595 5581">
    <p class='ocr_par' dir='ltr' id='par_1_114' title="bbox 2088 5504 3595 5581">
     <span class='ocr_line' id='line_1_115' title="bbox 2088 5504 3595 5581; baseline 0.006 -25"><span class='ocrx_word' id='word_1_825' title='bbox 2088 5504 2200 5572; x_wconf 68' lang='grc'><strong>(47)</strong></span> <span class='ocrx_word' id='word_1_826' title='bbox 2247 5505 2522 5581; x_wconf 55' lang='grc' dir='ltr'>Σμυδρῶς</span> <span class='ocrx_word' id='word_1_827' title='bbox 2548 5508 2737 5581; x_wconf 62' lang='grc' dir='ltr'><strong>Δῥέων.</strong></span> <span class='ocrx_word' id='word_1_828' title='bbox 2776 5508 2899 5564; x_wconf 67' lang='lat' dir='ltr'><strong>&quot;me</strong></span> <span class='ocrx_word' id='word_1_829' title='bbox 2934 5512 3246 5581; x_wconf 77' lang='lat' dir='ltr'><strong>glossemati</strong></span> <span class='ocrx_word' id='word_1_830' title='bbox 3283 5512 3595 5579; x_wconf 81' lang='lat' dir='ltr'><strong>simillima,</strong></span> 
     </span>
    </p>
   </div>
   <div class='ocr_carea' id='block_1_115' title="bbox 2013 5577 2689 5649">
    <p class='ocr_par' dir='ltr' id='par_1_115' title="bbox 2013 5577 2689 5649">
     <span class='ocr_line' id='line_1_116' title="bbox 2013 5577 2689 5649; baseline 0.004 -20"><span class='ocrx_word' id='word_1_831' title='bbox 2013 5589 2134 5649; x_wconf 76' lang='lat' dir='ltr'><strong>Cum</strong></span> <span class='ocrx_word' id='word_1_832' title='bbox 2152 5579 2441 5649; x_wconf 44' lang='grc' dir='ltr'><strong>Δρι’ίυοεηιςιι</strong></span> <span class='ocrx_word' id='word_1_833' title='bbox 2465 5577 2689 5649; x_wconf 73' lang='grc' dir='ltr'>ῥοώδης.</span> 
     </span>
    </p>
   </div>
   <div class='ocr_carea' id='block_1_116' title="bbox 2086 5644 2486 5713">
    <p class='ocr_par' dir='ltr' id='par_1_116' title="bbox 2086 5644 2486 5713">
     <span class='ocr_line' id='line_1_117' title="bbox 2086 5644 2486 5713; baseline 0.01 -17"><span class='ocrx_word' id='word_1_834' title='bbox 2086 5644 2197 5713; x_wconf 77' lang='grc'><strong>(18)</strong></span> <span class='ocrx_word' id='word_1_835' title='bbox 2229 5646 2388 5700; x_wconf 81' lang='lat' dir='ltr'><strong>Forte</strong></span> <span class='ocrx_word' id='word_1_836' title='bbox 2410 5644 2486 5701; x_wconf 71' lang='grc' dir='ltr'>δέ’.</span> 
     </span>
    </p>
   </div>
   <div class='ocr_carea' id='block_1_117' title="bbox 2087 5716 3594 5795">
    <p class='ocr_par' dir='ltr' id='par_1_117' title="bbox 2087 5716 3594 5795">
     <span class='ocr_line' id='line_1_118' title="bbox 2087 5716 3594 5795; baseline 0.005 -28"><span class='ocrx_word' id='word_1_837' title='bbox 2087 5716 2197 5795; x_wconf 54' lang='lat' dir='ltr'><strong>till)</strong></span> <span class='ocrx_word' id='word_1_838' title='bbox 2248 5718 2355 5795; x_wconf 49' lang='lat' dir='ltr'><strong>Ital</strong></span> <span class='ocrx_word' id='word_1_839' title='bbox 2399 5719 2733 5795; x_wconf 33' lang='grc' dir='ltr'>ἐμέμηιηῖτίπτ</span> <span class='ocrx_word' id='word_1_840' title='bbox 2760 5720 3080 5795; x_wconf 67' lang='lat' dir='ltr'><strong>Lugendum</strong></span> <span class='ocrx_word' id='word_1_841' title='bbox 3104 5724 3207 5795; x_wconf 66' lang='grc' dir='ltr'>καὶ</span> <span class='ocrx_word' id='word_1_842' title='bbox 3244 5722 3343 5776; x_wconf 82' lang='grc' dir='ltr'><strong>οῦκ</strong></span> <span class='ocrx_word' id='word_1_843' title='bbox 3373 5722 3594 5795; x_wconf 62' lang='grc' dir='ltr'>ἐμέμνη</span> 
     </span>
    </p>
   </div>
   <div class='ocr_carea' id='block_1_118' title="bbox 2014 5787 3591 5865">
    <p class='ocr_par' dir='ltr' id='par_1_118' title="bbox 2014 5787 3591 5865">
     <span class='ocr_line' id='line_1_119' title="bbox 2014 5787 3591 5865; baseline 0.007 -28"><span class='ocrx_word' id='word_1_844' title='bbox 2014 5787 2118 5849; x_wconf 78' lang='lat' dir='ltr'><strong>vel,</strong></span> <span class='ocrx_word' id='word_1_845' title='bbox 2155 5789 2561 5865; x_wconf 37' lang='lat' dir='ltr'><strong>quruluptilleiit</strong></span> <span class='ocrx_word' id='word_1_846' title='bbox 2616 5787 2925 5850; x_wconf 72' lang='grc' dir='ltr'>ινι;ι111η.ὀῦ</span> <span class='ocrx_word' id='word_1_847' title='bbox 2955 5792 3297 5865; x_wconf 71' lang='grc' dir='ltr'>προδέδοκτο,</span> <span class='ocrx_word' id='word_1_848' title='bbox 3333 5787 3424 5848; x_wconf 65' lang='grc' dir='ltr'>κα)</span> <span class='ocrx_word' id='word_1_849' title='bbox 3455 5787 3591 5865; x_wconf 62' lang='grc' dir='ltr'>ἑμέ-</span> 
     </span>
    </p>
   </div>
   <div class='ocr_carea' id='block_1_119' title="bbox 2019 5858 2621 5925">
    <p class='ocr_par' dir='ltr' id='par_1_119' title="bbox 2019 5858 2621 5925">
     <span class='ocr_line' id='line_1_120' title="bbox 2019 5858 2621 5925; baseline 0.008 -16"><span class='ocrx_word' id='word_1_850' title='bbox 2019 5874 2204 5925; x_wconf 69' lang='grc' dir='ltr'>μνητν),</span> <span class='ocrx_word' id='word_1_851' title='bbox 2238 5858 2377 5911; x_wconf 74' lang='grc' dir='ltr'>ἑκὼν</span> <span class='ocrx_word' id='word_1_852' title='bbox 2415 5861 2621 5924; x_wconf 48' lang='lat' dir='ltr'><strong>imitat.</strong></span> 
     </span>
    </p>
   </div>
  </div>
