  <div class='ocr_page' id='page_1' title='image "/cluster/home/n/w/nwhite01/storage/ocr_20150623/21/hvd.32044073501165/621.png"; bbox 0 0 4090 6382; ppageno 0'>
   <div class='ocr_carea' id='block_1_1' title="bbox 475 351 618 406">
    <p class='ocr_par' dir='ltr' id='par_1_1' title="bbox 475 351 618 406">
     <span class='ocr_line' id='line_1_1' title="bbox 475 351 618 406; baseline 0.007 -1"><span class='ocrx_word' id='word_1_1' title='bbox 475 351 618 406; x_wconf 63' lang='lat' dir='ltr'><strong>HIS</strong></span> 
     </span>
    </p>
   </div>
   <div class='ocr_carea' id='block_1_2' title="bbox 1116 346 3051 409">
    <p class='ocr_par' dir='ltr' id='par_1_2' title="bbox 1116 346 3051 409">
     <span class='ocr_line' id='line_1_2' title="bbox 1116 346 3051 409; baseline -0.002 -4"><span class='ocrx_word' id='word_1_2' title='bbox 1116 350 1384 407; x_wconf 79' lang='lat' dir='ltr'><strong>EUSEBII</strong></span> <span class='ocrx_word' id='word_1_3' title='bbox 1423 350 1903 409; x_wconf 73' lang='lat' dir='ltr'><strong>C/ESARIENSIS</strong></span> <span class='ocrx_word' id='word_1_4' title='bbox 1940 351 2092 407; x_wconf 87' lang='lat' dir='ltr'><strong>OPP.</strong></span> <span class='ocrx_word' id='word_1_5' title='bbox 2133 350 2313 406; x_wconf 82' lang='lat' dir='ltr'><strong>PARS</strong></span> <span class='ocrx_word' id='word_1_6' title='bbox 2363 350 2427 407; x_wconf 92' lang='lat' dir='ltr'><strong>ll.</strong></span> <span class='ocrx_word' id='word_1_7' title='bbox 2461 346 3051 405; x_wconf 79' lang='lat' dir='ltr'><strong>—APOLOCETICA.</strong></span> 
     </span>
    </p>
   </div>
   <div class='ocr_carea' id='block_1_3' title="bbox 3580 343 3725 400">
    <p class='ocr_par' dir='ltr' id='par_1_3' title="bbox 3580 343 3725 400">
     <span class='ocr_line' id='line_1_3' title="bbox 3580 343 3725 400; baseline -0.007 0"><span class='ocrx_word' id='word_1_8' title='bbox 3580 343 3725 400; x_wconf 73' lang='grc'><strong>1216</strong></span> 
     </span>
    </p>
   </div>
   <div class='ocr_carea' id='block_1_4' title="bbox 468 467 2050 547">
    <p class='ocr_par' dir='ltr' id='par_1_4' title="bbox 468 478 2044 545">
     <span class='ocr_line' id='line_1_4' title="bbox 468 478 2044 545; baseline 0.003 -17"><span class='ocrx_word' id='word_1_9' title='bbox 468 490 594 530; x_wconf 87' lang='lat' dir='ltr'><strong>cum</strong></span> <span class='ocrx_word' id='word_1_10' title='bbox 624 478 966 545; x_wconf 87' lang='lat' dir='ltr'><strong>ostenderet,</strong></span> <span class='ocrx_word' id='word_1_11' title='bbox 1005 479 1165 532; x_wconf 86' lang='lat' dir='ltr'><strong>simul</strong></span> <span class='ocrx_word' id='word_1_12' title='bbox 1194 493 1294 532; x_wconf 89' lang='lat' dir='ltr'><strong>nec</strong></span> <span class='ocrx_word' id='word_1_13' title='bbox 1329 493 1457 531; x_wconf 88' lang='lat' dir='ltr'><strong>vero</strong></span> <span class='ocrx_word' id='word_1_14' title='bbox 1486 478 1663 533; x_wconf 91' lang='lat' dir='ltr'><strong>locum</strong></span> <span class='ocrx_word' id='word_1_15' title='bbox 1704 478 1870 531; x_wconf 89' lang='lat' dir='ltr'><strong>ullum</strong></span> <span class='ocrx_word' id='word_1_16' title='bbox 1893 518 1907 542; x_wconf 95' lang='lat'><strong>,</strong></span> <span class='ocrx_word' id='word_1_17' title='bbox 1943 493 2044 533; x_wconf 88' lang='lat' dir='ltr'><strong>nec</strong></span> 
     </span>
    </p>
   </div>
   <div class='ocr_carea' id='block_1_5' title="bbox 2156 467 3721 547">
    <p class='ocr_par' dir='ltr' id='par_1_5' title="bbox 2156 467 3721 547">
     <span class='ocr_line' id='line_1_5' title="bbox 2156 467 3721 547; baseline -0.006 -18"><span class='ocrx_word' id='word_1_18' title='bbox 2156 475 2545 547; x_wconf 72' lang='grc' dir='ltr'>ὲδημοσίευσεν,</span> <span class='ocrx_word' id='word_1_19' title='bbox 2601 474 2701 526; x_wconf 81' lang='grc' dir='ltr'>οὐκ</span> <span class='ocrx_word' id='word_1_20' title='bbox 2762 474 2819 525; x_wconf 85' lang='grc' dir='ltr'><strong>ἐν</strong></span> <span class='ocrx_word' id='word_1_21' title='bbox 2871 474 2991 534; x_wconf 85' lang='grc' dir='ltr'>ταῖς</span> <span class='ocrx_word' id='word_1_22' title='bbox 3045 468 3366 541; x_wconf 82' lang='grc' dir='ltr'>διατριϐαῖς,</span> <span class='ocrx_word' id='word_1_23' title='bbox 3391 467 3491 521; x_wconf 85' lang='grc' dir='ltr'>οὐκ</span> <span class='ocrx_word' id='word_1_24' title='bbox 3522 470 3579 521; x_wconf 83' lang='grc' dir='ltr'><strong>ἐν</strong></span> <span class='ocrx_word' id='word_1_25' title='bbox 3605 472 3721 532; x_wconf 83' lang='grc' dir='ltr'>τοῖς</span> 
     </span>
    </p>
   </div>
   <div class='ocr_carea' id='block_1_6' title="bbox 470 569 2041 640">
    <p class='ocr_par' dir='ltr' id='par_1_6' title="bbox 470 569 2041 640">
     <span class='ocr_line' id='line_1_6' title="bbox 470 569 2041 640; baseline 0.001 -20"><span class='ocrx_word' id='word_1_26' title='bbox 470 569 610 623; x_wconf 84' lang='lat' dir='ltr'><strong>falso</strong></span> <span class='ocrx_word' id='word_1_27' title='bbox 638 570 991 640; x_wconf 89' lang='lat' dir='ltr'><strong>relinqueret,</strong></span> <span class='ocrx_word' id='word_1_28' title='bbox 1035 580 1131 624; x_wconf 91' lang='lat' dir='ltr'><strong>aut</strong></span> <span class='ocrx_word' id='word_1_29' title='bbox 1164 579 1415 623; x_wconf 88' lang='lat' dir='ltr'><strong>neutrmn</strong></span> <span class='ocrx_word' id='word_1_30' title='bbox 1450 570 1621 623; x_wconf 90' lang='lat' dir='ltr'><strong>altero</strong></span> <span class='ocrx_word' id='word_1_31' title='bbox 1647 569 1828 639; x_wconf 89' lang='lat' dir='ltr'><strong>potius</strong></span> <span class='ocrx_word' id='word_1_32' title='bbox 1854 584 2041 622; x_wconf 84' lang='lat' dir='ltr'><strong>verum</strong></span> 
     </span>
    </p>
   </div>
   <div class='ocr_carea' id='block_1_7' title="bbox 470 657 2041 730">
    <p class='ocr_par' dir='ltr' id='par_1_7' title="bbox 470 657 2041 730">
     <span class='ocr_line' id='line_1_7' title="bbox 470 657 2041 730; baseline 0.001 -18"><span class='ocrx_word' id='word_1_33' title='bbox 470 674 594 712; x_wconf 89' lang='lat' dir='ltr'><strong>esse</strong></span> <span class='ocrx_word' id='word_1_34' title='bbox 628 657 896 714; x_wconf 77' lang='lat' dir='ltr'><strong>falsumve</strong></span> <span class='ocrx_word' id='word_1_35' title='bbox 930 670 1229 730; x_wconf 89' lang='lat' dir='ltr'><strong>pateretur,</strong></span> <span class='ocrx_word' id='word_1_36' title='bbox 1270 670 1362 714; x_wconf 92' lang='lat' dir='ltr'><strong>aut</strong></span> <span class='ocrx_word' id='word_1_37' title='bbox 1410 661 1455 713; x_wconf 97' lang='lat' dir='ltr'><strong>si</strong></span> <span class='ocrx_word' id='word_1_38' title='bbox 1488 660 1810 714; x_wconf 90' lang='lat' dir='ltr'><strong>alterutrum</strong></span> <span class='ocrx_word' id='word_1_39' title='bbox 1840 660 2041 729; x_wconf 86' lang='lat' dir='ltr'><strong>potius,</strong></span> 
     </span>
    </p>
   </div>
   <div class='ocr_carea' id='block_1_8' title="bbox 471 750 2043 822">
    <p class='ocr_par' dir='ltr' id='par_1_8' title="bbox 471 750 2043 822">
     <span class='ocr_line' id='line_1_8' title="bbox 471 750 2043 822; baseline 0.002 -19"><span class='ocrx_word' id='word_1_40' title='bbox 471 750 523 803; x_wconf 89' lang='lat' dir='ltr'><strong>id</strong></span> <span class='ocrx_word' id='word_1_41' title='bbox 553 759 731 804; x_wconf 89' lang='lat' dir='ltr'><strong>tamen</strong></span> <span class='ocrx_word' id='word_1_42' title='bbox 768 767 871 805; x_wconf 88' lang='lat' dir='ltr'><strong>non</strong></span> <span class='ocrx_word' id='word_1_43' title='bbox 904 751 1007 806; x_wconf 89' lang='lat' dir='ltr'><strong>nisi</strong></span> <span class='ocrx_word' id='word_1_44' title='bbox 1043 751 1425 821; x_wconf 90' lang='lat' dir='ltr'><strong>probabilitate</strong></span> <span class='ocrx_word' id='word_1_45' title='bbox 1478 761 1636 806; x_wconf 89' lang='lat' dir='ltr'><strong>tenus</strong></span> <span class='ocrx_word' id='word_1_46' title='bbox 1661 752 1928 822; x_wconf 76' lang='lat' dir='ltr'><strong>ejusmodi</strong></span> <span class='ocrx_word' id='word_1_47' title='bbox 1962 753 2043 806; x_wconf 87' lang='lat' dir='ltr'><strong>vi-</strong></span> 
     </span>
    </p>
   </div>
   <div class='ocr_carea' id='block_1_9' title="bbox 469 839 2040 912">
    <p class='ocr_par' dir='ltr' id='par_1_9' title="bbox 469 839 2040 912">
     <span class='ocr_line' id='line_1_9' title="bbox 469 839 2040 912; baseline 0.003 -20"><span class='ocrx_word' id='word_1_48' title='bbox 469 839 712 893; x_wconf 91' lang='lat' dir='ltr'><strong>deretur.</strong></span> <span class='ocrx_word' id='word_1_49' title='bbox 757 840 999 896; x_wconf 89' lang='lat' dir='ltr'><strong>Somniis</strong></span> <span class='ocrx_word' id='word_1_50' title='bbox 1044 856 1175 912; x_wconf 80' lang='lat' dir='ltr'><strong>ergo</strong></span> <span class='ocrx_word' id='word_1_51' title='bbox 1226 842 1439 896; x_wconf 87' lang='lat' dir='ltr'><strong>somnia</strong></span> <span class='ocrx_word' id='word_1_52' title='bbox 1482 843 1878 909; x_wconf 74' lang='lat' dir='ltr'><strong>succedebant,</strong></span> <span class='ocrx_word' id='word_1_53' title='bbox 1911 841 2040 896; x_wconf 91' lang='lat' dir='ltr'><strong>dum</strong></span> 
     </span>
    </p>
   </div>
   <div class='ocr_carea' id='block_1_10' title="bbox 470 930 2044 1005">
    <p class='ocr_par' dir='ltr' id='par_1_10' title="bbox 470 930 2044 1005">
     <span class='ocr_line' id='line_1_10' title="bbox 470 930 2044 1005; baseline 0.004 -23"><span class='ocrx_word' id='word_1_54' title='bbox 470 930 615 984; x_wconf 85' lang='lat' dir='ltr'><strong>veris</strong></span> <span class='ocrx_word' id='word_1_55' title='bbox 665 931 829 985; x_wconf 89' lang='lat' dir='ltr'><strong>etiam</strong></span> <span class='ocrx_word' id='word_1_56' title='bbox 867 932 999 988; x_wconf 82' lang='lat' dir='ltr'><strong>visis</strong></span> <span class='ocrx_word' id='word_1_57' title='bbox 1048 931 1182 988; x_wconf 81' lang='lat' dir='ltr'><strong>falsa</strong></span> <span class='ocrx_word' id='word_1_58' title='bbox 1235 934 1435 989; x_wconf 86' lang='lat' dir='ltr'><strong>similia</strong></span> <span class='ocrx_word' id='word_1_59' title='bbox 1490 934 1857 1004; x_wconf 82' lang='lat' dir='ltr'><strong>putabantur,</strong></span> <span class='ocrx_word' id='word_1_60' title='bbox 1908 950 2044 1005; x_wconf 86' lang='lat' dir='ltr'><strong>quo-</strong></span> 
     </span>
    </p>
   </div>
   <div class='ocr_carea' id='block_1_11' title="bbox 471 1026 2044 1098">
    <p class='ocr_par' dir='ltr' id='par_1_11' title="bbox 471 1026 2044 1098">
     <span class='ocr_line' id='line_1_11' title="bbox 471 1026 2044 1098; baseline 0.003 -20"><span class='ocrx_word' id='word_1_61' title='bbox 471 1026 635 1080; x_wconf 89' lang='lat' dir='ltr'><strong>modo</strong></span> <span class='ocrx_word' id='word_1_62' title='bbox 681 1027 725 1082; x_wconf 93' lang='lat' dir='ltr'><strong>si</strong></span> <span class='ocrx_word' id='word_1_63' title='bbox 757 1028 841 1081; x_wconf 91' lang='lat' dir='ltr'><strong>ovi</strong></span> <span class='ocrx_word' id='word_1_64' title='bbox 886 1028 1028 1083; x_wconf 87' lang='lat' dir='ltr'><strong>cerei</strong></span> <span class='ocrx_word' id='word_1_65' title='bbox 1072 1029 1248 1083; x_wconf 87' lang='lat' dir='ltr'><strong>visum</strong></span> <span class='ocrx_word' id='word_1_66' title='bbox 1292 1044 1416 1083; x_wconf 89' lang='lat' dir='ltr'><strong>cum</strong></span> <span class='ocrx_word' id='word_1_67' title='bbox 1453 1044 1580 1084; x_wconf 91' lang='lat' dir='ltr'><strong>vero</strong></span> <span class='ocrx_word' id='word_1_68' title='bbox 1611 1043 1714 1084; x_wconf 90' lang='lat' dir='ltr'><strong>ovo</strong></span> <span class='ocrx_word' id='word_1_69' title='bbox 1748 1044 2044 1098; x_wconf 83' lang='lat' dir='ltr'><strong>compona-</strong></span> 
     </span>
    </p>
   </div>
   <div class='ocr_carea' id='block_1_12' title="bbox 472 1116 2044 1191">
    <p class='ocr_par' dir='ltr' id='par_1_12' title="bbox 472 1116 2044 1191">
     <span class='ocr_line' id='line_1_12' title="bbox 472 1116 2044 1191; baseline 0.004 -22"><span class='ocrx_word' id='word_1_70' title='bbox 472 1126 583 1170; x_wconf 90' lang='lat' dir='ltr'><strong>tur.</strong></span> <span class='ocrx_word' id='word_1_71' title='bbox 626 1116 973 1175; x_wconf 91' lang='lat' dir='ltr'><strong>lncommoda</strong></span> <span class='ocrx_word' id='word_1_72' title='bbox 1005 1120 1119 1176; x_wconf 70' lang='lat' dir='ltr'><strong>haec</strong></span> <span class='ocrx_word' id='word_1_73' title='bbox 1146 1121 1311 1191; x_wconf 83' lang='lat' dir='ltr'><strong>igitur</strong></span> <span class='ocrx_word' id='word_1_74' title='bbox 1337 1121 1550 1191; x_wconf 89' lang='lat' dir='ltr'><strong>aliaque</strong></span> <span class='ocrx_word' id='word_1_75' title='bbox 1579 1121 1733 1189; x_wconf 91' lang='lat' dir='ltr'><strong>plura</strong></span> <span class='ocrx_word' id='word_1_76' title='bbox 1763 1121 2044 1189; x_wconf 81' lang='lat' dir='ltr'><strong>continge-</strong></span> 
     </span>
    </p>
   </div>
   <div class='ocr_carea' id='block_1_13' title="bbox 474 1207 2040 1275">
    <p class='ocr_par' dir='ltr' id='par_1_13' title="bbox 474 1207 2040 1275">
     <span class='ocr_line' id='line_1_13' title="bbox 474 1207 2040 1275; baseline 0.004 -16"><span class='ocrx_word' id='word_1_77' title='bbox 474 1207 623 1262; x_wconf 87' lang='lat' dir='ltr'><strong>bant.</strong></span> <span class='ocrx_word' id='word_1_78' title='bbox 684 1210 754 1263; x_wconf 85' lang='lat' dir='ltr'><strong>At</strong></span> <span class='ocrx_word' id='word_1_79' title='bbox 782 1210 1063 1265; x_wconf 83' lang='lat' dir='ltr'><strong>enimvero</strong></span> <span class='ocrx_word' id='word_1_80' title='bbox 1091 1212 1400 1268; x_wconf 83' lang='lat' dir='ltr'><strong>Carneades</strong></span> <span class='ocrx_word' id='word_1_81' title='bbox 1454 1212 1682 1275; x_wconf 83' lang='lat' dir='ltr'><strong>interea,</strong></span> <span class='ocrx_word' id='word_1_82' title='bbox 1712 1210 1926 1266; x_wconf 86' lang='lat' dir='ltr'><strong>dicendi</strong></span> <span class='ocrx_word' id='word_1_83' title='bbox 1956 1210 2040 1265; x_wconf 83' lang='lat' dir='ltr'><strong>fa-</strong></span> 
     </span>
    </p>
   </div>
   <div class='ocr_carea' id='block_1_14' title="bbox 470 1300 2044 1373">
    <p class='ocr_par' dir='ltr' id='par_1_14' title="bbox 470 1300 2044 1373">
     <span class='ocr_line' id='line_1_14' title="bbox 470 1300 2044 1373; baseline 0.005 -23"><span class='ocrx_word' id='word_1_84' title='bbox 470 1300 674 1354; x_wconf 84' lang='lat' dir='ltr'><strong>cultate</strong></span> <span class='ocrx_word' id='word_1_85' title='bbox 701 1300 1004 1356; x_wconf 79' lang='lat' dir='ltr'><strong>auditorem</strong></span> <span class='ocrx_word' id='word_1_86' title='bbox 1049 1304 1417 1373; x_wconf 85' lang='lat' dir='ltr'><strong>permulcebat</strong></span> <span class='ocrx_word' id='word_1_87' title='bbox 1452 1304 1628 1369; x_wconf 90' lang='lat' dir='ltr'><strong>idem,</strong></span> <span class='ocrx_word' id='word_1_88' title='bbox 1678 1302 1929 1372; x_wconf 79' lang='lat' dir='ltr'><strong>idemque</strong></span> <span class='ocrx_word' id='word_1_89' title='bbox 1956 1319 2044 1358; x_wconf 87' lang='lat' dir='ltr'><strong>ca-</strong></span> 
     </span>
    </p>
   </div>
   <div class='ocr_carea' id='block_1_15' title="bbox 473 1390 2040 1464">
    <p class='ocr_par' dir='ltr' id='par_1_15' title="bbox 473 1390 2040 1464">
     <span class='ocr_line' id='line_1_15' title="bbox 473 1390 2040 1464; baseline 0.004 -21"><span class='ocrx_word' id='word_1_90' title='bbox 473 1390 680 1458; x_wconf 88' lang='lat' dir='ltr'><strong>ptivum</strong></span> <span class='ocrx_word' id='word_1_91' title='bbox 713 1392 961 1447; x_wconf 84' lang='lat' dir='ltr'><strong>trahebat</strong></span> <span class='ocrx_word' id='word_1_92' title='bbox 990 1412 1003 1447; x_wconf 88' lang='lat'><strong>:</strong></span> <span class='ocrx_word' id='word_1_93' title='bbox 1043 1403 1098 1449; x_wconf 90' lang='lat' dir='ltr'><strong>et</strong></span> <span class='ocrx_word' id='word_1_94' title='bbox 1126 1395 1214 1448; x_wconf 82' lang='lat' dir='ltr'><strong>l&#39;ur</strong></span> <span class='ocrx_word' id='word_1_95' title='bbox 1245 1395 1488 1459; x_wconf 86' lang='lat' dir='ltr'><strong>occulte,</strong></span> <span class='ocrx_word' id='word_1_96' title='bbox 1521 1393 1807 1449; x_wconf 82' lang='lat' dir='ltr'><strong>manifeste</strong></span> <span class='ocrx_word' id='word_1_97' title='bbox 1838 1396 2040 1464; x_wconf 63' lang='lat' dir='ltr'><strong>praedo,</strong></span> 
     </span>
    </p>
   </div>
   <div class='ocr_carea' id='block_1_16' title="bbox 470 1482 2041 1556">
    <p class='ocr_par' dir='ltr' id='par_1_16' title="bbox 470 1482 2041 1556">
     <span class='ocr_line' id='line_1_16' title="bbox 470 1482 2041 1556; baseline 0.002 -20"><span class='ocrx_word' id='word_1_98' title='bbox 470 1483 557 1537; x_wconf 81' lang='lat' dir='ltr'><strong>vel</strong></span> <span class='ocrx_word' id='word_1_99' title='bbox 580 1482 774 1539; x_wconf 80' lang='lat' dir='ltr'><strong>fraude</strong></span> <span class='ocrx_word' id='word_1_100' title='bbox 800 1485 884 1539; x_wconf 85' lang='lat' dir='ltr'><strong>vel</strong></span> <span class='ocrx_word' id='word_1_101' title='bbox 918 1496 1099 1555; x_wconf 89' lang='lat' dir='ltr'><strong>aperta</strong></span> <span class='ocrx_word' id='word_1_102' title='bbox 1130 1487 1178 1540; x_wconf 92' lang='lat' dir='ltr'><strong>vi</strong></span> <span class='ocrx_word' id='word_1_103' title='bbox 1210 1487 1613 1556; x_wconf 89' lang='lat' dir='ltr'><strong>paratissimum</strong></span> <span class='ocrx_word' id='word_1_104' title='bbox 1652 1486 1816 1540; x_wconf 88' lang='lat' dir='ltr'><strong>etiam</strong></span> <span class='ocrx_word' id='word_1_105' title='bbox 1842 1502 2041 1555; x_wconf 85' lang='lat' dir='ltr'><strong>quem-</strong></span> 
     </span>
    </p>
   </div>
   <div class='ocr_carea' id='block_1_17' title="bbox 468 1576 2045 1649">
    <p class='ocr_par' dir='ltr' id='par_1_17' title="bbox 468 1576 2045 1649">
     <span class='ocr_line' id='line_1_17' title="bbox 468 1576 2045 1649; baseline 0.003 -21"><span class='ocrx_word' id='word_1_106' title='bbox 468 1592 579 1646; x_wconf 92' lang='lat' dir='ltr'><strong>qne</strong></span> <span class='ocrx_word' id='word_1_107' title='bbox 626 1576 895 1647; x_wconf 84' lang='lat' dir='ltr'><strong>capiebat.</strong></span> <span class='ocrx_word' id='word_1_108' title='bbox 948 1578 1139 1633; x_wconf 86' lang='lat' dir='ltr'><strong>Omnis</strong></span> <span class='ocrx_word' id='word_1_109' title='bbox 1201 1580 1400 1649; x_wconf 80' lang='lat' dir='ltr'><strong>quippe</strong></span> <span class='ocrx_word' id='word_1_110' title='bbox 1450 1579 1747 1634; x_wconf 85' lang='lat' dir='ltr'><strong>Carneadis</strong></span> <span class='ocrx_word' id='word_1_111' title='bbox 1795 1579 2045 1633; x_wconf 82' lang='lat' dir='ltr'><strong>vincebat</strong></span> 
     </span>
    </p>
   </div>
   <div class='ocr_carea' id='block_1_18' title="bbox 468 1665 2044 1738">
    <p class='ocr_par' dir='ltr' id='par_1_18' title="bbox 468 1665 2044 1738">
     <span class='ocr_line' id='line_1_18' title="bbox 468 1665 2044 1738; baseline 0.004 -19"><span class='ocrx_word' id='word_1_112' title='bbox 468 1665 680 1736; x_wconf 77' lang='lat' dir='ltr'><strong>Opinio,</strong></span> <span class='ocrx_word' id='word_1_113' title='bbox 711 1666 817 1722; x_wconf 90' lang='lat' dir='ltr'><strong>alia</strong></span> <span class='ocrx_word' id='word_1_114' title='bbox 843 1668 1135 1737; x_wconf 87' lang='lat' dir='ltr'><strong>cujuslibet</strong></span> <span class='ocrx_word' id='word_1_115' title='bbox 1172 1670 1317 1723; x_wconf 87' lang='lat' dir='ltr'><strong>nulla</strong></span> <span class='ocrx_word' id='word_1_116' title='bbox 1348 1686 1607 1738; x_wconf 88' lang='lat' dir='ltr'><strong>prorsus,</strong></span> <span class='ocrx_word' id='word_1_117' title='bbox 1640 1686 1763 1725; x_wconf 92' lang='lat' dir='ltr'><strong>cum</strong></span> <span class='ocrx_word' id='word_1_118' title='bbox 1796 1670 2044 1725; x_wconf 81' lang='lat' dir='ltr'><strong>adversa-</strong></span> 
     </span>
    </p>
   </div>
   <div class='ocr_carea' id='block_1_19' title="bbox 473 1758 2047 1831">
    <p class='ocr_par' dir='ltr' id='par_1_19' title="bbox 473 1758 2047 1831">
     <span class='ocr_line' id='line_1_19' title="bbox 473 1758 2047 1831; baseline 0.003 -21"><span class='ocrx_word' id='word_1_119' title='bbox 473 1758 586 1813; x_wconf 89' lang='lat' dir='ltr'><strong>rios</strong></span> <span class='ocrx_word' id='word_1_120' title='bbox 617 1774 810 1816; x_wconf 83' lang='lat' dir='ltr'><strong>omnes</strong></span> <span class='ocrx_word' id='word_1_121' title='bbox 843 1760 999 1831; x_wconf 83' lang='lat' dir='ltr'><strong>longe</strong></span> <span class='ocrx_word' id='word_1_122' title='bbox 1024 1761 1255 1816; x_wconf 91' lang='lat' dir='ltr'><strong>dicendo</strong></span> <span class='ocrx_word' id='word_1_123' title='bbox 1288 1761 1572 1817; x_wconf 85' lang='lat' dir='ltr'><strong>inferiores</strong></span> <span class='ocrx_word' id='word_1_124' title='bbox 1616 1764 1857 1817; x_wconf 85' lang='lat' dir='ltr'><strong>haberet.</strong></span> <span class='ocrx_word' id='word_1_125' title='bbox 1898 1763 2047 1816; x_wconf 84' lang='lat' dir='ltr'><strong>Anti-</strong></span> 
     </span>
    </p>
   </div>
   <div class='ocr_carea' id='block_1_20' title="bbox 2146 556 3721 637">
    <p class='ocr_par' dir='ltr' id='par_1_20' title="bbox 2146 556 3721 637">
     <span class='ocr_line' id='line_1_20' title="bbox 2146 556 3721 637; baseline -0.006 -17"><span class='ocrx_word' id='word_1_126' title='bbox 2146 565 2485 637; x_wconf 80' lang='grc' dir='ltr'><strong>περιπάτοις,</strong></span> <span class='ocrx_word' id='word_1_127' title='bbox 2516 562 2634 616; x_wconf 74' lang='grc' dir='ltr'>οὐδὲ</span> <span class='ocrx_word' id='word_1_128' title='bbox 2660 556 2829 625; x_wconf 80' lang='grc' dir='ltr'>εἶπεν,</span> <span class='ocrx_word' id='word_1_129' title='bbox 2857 559 2976 613; x_wconf 83' lang='grc' dir='ltr'>οὐδέ</span> <span class='ocrx_word' id='word_1_130' title='bbox 3009 559 3326 628; x_wconf 76' lang='grc' dir='ltr'>ἐφθέγξατο,</span> <span class='ocrx_word' id='word_1_131' title='bbox 3378 558 3484 610; x_wconf 72' lang='grc' dir='ltr'>οὐδ’</span> <span class='ocrx_word' id='word_1_132' title='bbox 3518 558 3721 629; x_wconf 72' lang='grc' dir='ltr'>ἢκουσέ</span> 
     </span>
    </p>
   </div>
   <div class='ocr_carea' id='block_1_21' title="bbox 2146 647 3723 723">
    <p class='ocr_par' dir='ltr' id='par_1_21' title="bbox 2146 647 3723 723">
     <span class='ocr_line' id='line_1_21' title="bbox 2146 647 3723 723; baseline -0.006 -14"><span class='ocrx_word' id='word_1_133' title='bbox 2146 674 2230 719; x_wconf 88' lang='grc' dir='ltr'><strong>τις</strong></span> <span class='ocrx_word' id='word_1_134' title='bbox 2256 655 2440 717; x_wconf 78' lang='grc' dir='ltr'>αὐτοῦ,</span> <span class='ocrx_word' id='word_1_135' title='bbox 2476 656 2661 723; x_wconf 71' lang='grc' dir='ltr'>φασιν,</span> <span class='ocrx_word' id='word_1_136' title='bbox 2709 650 2829 705; x_wconf 78' lang='grc' dir='ltr'>οὐδὲ</span> <span class='ocrx_word' id='word_1_137' title='bbox 2883 650 3008 722; x_wconf 70' lang='grc' dir='ltr'>γρῖν</span> <span class='ocrx_word' id='word_1_138' title='bbox 3040 648 3379 719; x_wconf 81' lang='grc' dir='ltr'>ἀντιγραφάς</span> <span class='ocrx_word' id='word_1_139' title='bbox 3421 647 3478 701; x_wconf 80' lang='grc' dir='ltr'>δὲ</span> <span class='ocrx_word' id='word_1_140' title='bbox 3524 650 3723 701; x_wconf 79' lang='grc' dir='ltr'>ἐπαινε-</span> 
     </span>
    </p>
   </div>
   <div class='ocr_carea' id='block_1_22' title="bbox 2144 740 3725 813">
    <p class='ocr_par' dir='ltr' id='par_1_22' title="bbox 2144 740 3725 813">
     <span class='ocr_line' id='line_1_22' title="bbox 2144 740 3725 813; baseline -0.006 -12"><span class='ocrx_word' id='word_1_141' title='bbox 2144 748 2367 810; x_wconf 85' lang='grc' dir='ltr'>τείνετο,</span> <span class='ocrx_word' id='word_1_142' title='bbox 2387 746 2484 800; x_wconf 73' lang='grc' dir='ltr'>καὶ</span> <span class='ocrx_word' id='word_1_143' title='bbox 2505 744 2705 813; x_wconf 80' lang='grc' dir='ltr'>γωνίαν</span> <span class='ocrx_word' id='word_1_144' title='bbox 2734 741 2935 809; x_wconf 87' lang='grc' dir='ltr'>λαϐὼν,</span> <span class='ocrx_word' id='word_1_145' title='bbox 2994 741 3172 812; x_wconf 88' lang='grc' dir='ltr'>βιϐλία</span> <span class='ocrx_word' id='word_1_146' title='bbox 3199 740 3455 794; x_wconf 86' lang='grc' dir='ltr'>κατέλιπε</span> <span class='ocrx_word' id='word_1_147' title='bbox 3504 740 3725 810; x_wconf 67' lang='grc' dir='ltr'>γράψας</span> 
     </span>
    </p>
   </div>
   <div class='ocr_carea' id='block_1_23' title="bbox 2145 829 3727 908">
    <p class='ocr_par' dir='ltr' id='par_1_23' title="bbox 2145 829 3727 908">
     <span class='ocr_line' id='line_1_23' title="bbox 2145 829 3727 908; baseline -0.006 -16"><span class='ocrx_word' id='word_1_148' title='bbox 2145 842 2257 901; x_wconf 89' lang='grc' dir='ltr'>τοῖς</span> <span class='ocrx_word' id='word_1_149' title='bbox 2287 837 2530 908; x_wconf 78' lang='grc' dir='ltr'>ὕστερον,</span> <span class='ocrx_word' id='word_1_150' title='bbox 2558 835 2680 889; x_wconf 71' lang='grc' dir='ltr'>οὔτε</span> <span class='ocrx_word' id='word_1_151' title='bbox 2711 835 2804 888; x_wconf 82' lang='grc' dir='ltr'>νῦν</span> <span class='ocrx_word' id='word_1_152' title='bbox 2825 833 3117 905; x_wconf 85' lang='grc' dir='ltr'>δυνάμενα,</span> <span class='ocrx_word' id='word_1_153' title='bbox 3165 832 3259 885; x_wconf 73' lang='grc' dir='ltr'>καὶ</span> <span class='ocrx_word' id='word_1_154' title='bbox 3286 832 3405 884; x_wconf 88' lang='grc' dir='ltr'>τότε</span> <span class='ocrx_word' id='word_1_155' title='bbox 3448 829 3727 884; x_wconf 78' lang='grc' dir='ltr'>ἀδυνατώ-</span> 
     </span>
    </p>
   </div>
   <div class='ocr_carea' id='block_1_24' title="bbox 2146 922 3727 1002">
    <p class='ocr_par' dir='ltr' id='par_1_24' title="bbox 2146 922 3727 1002">
     <span class='ocr_line' id='line_1_24' title="bbox 2146 922 3727 1002; baseline -0.006 -19"><span class='ocrx_word' id='word_1_156' title='bbox 2146 948 2278 1002; x_wconf 87' lang='grc' dir='ltr'>τερα</span> <span class='ocrx_word' id='word_1_157' title='bbox 2302 928 2439 1000; x_wconf 84' lang='grc' dir='ltr'>πρὸς</span> <span class='ocrx_word' id='word_1_158' title='bbox 2465 928 2633 990; x_wconf 72' lang='grc' dir='ltr'>οὕτως</span> <span class='ocrx_word' id='word_1_159' title='bbox 2667 926 2836 997; x_wconf 83' lang='grc' dir='ltr'>ἄνδρα</span> <span class='ocrx_word' id='word_1_160' title='bbox 2860 925 3178 996; x_wconf 84' lang='grc' dir='ltr'>ὑπέρμεγαν</span> <span class='ocrx_word' id='word_1_161' title='bbox 3217 924 3470 993; x_wconf 73' lang='grc' dir='ltr'>φανέντα,</span> <span class='ocrx_word' id='word_1_162' title='bbox 3507 922 3602 974; x_wconf 78' lang='grc' dir='ltr'>καὶ</span> <span class='ocrx_word' id='word_1_163' title='bbox 3622 938 3727 974; x_wconf 82' lang='grc' dir='ltr'>κα-</span> 
     </span>
    </p>
   </div>
   <div class='ocr_carea' id='block_1_25' title="bbox 2147 1013 3723 1087">
    <p class='ocr_par' dir='ltr' id='par_1_25' title="bbox 2147 1013 3723 1087">
     <span class='ocr_line' id='line_1_25' title="bbox 2147 1013 3723 1087; baseline -0.005 -14"><span class='ocrx_word' id='word_1_164' title='bbox 2147 1019 2441 1085; x_wconf 78' lang='grc' dir='ltr'>ταδόξαντα</span> <span class='ocrx_word' id='word_1_165' title='bbox 2478 1013 2615 1071; x_wconf 77' lang='grc' dir='ltr'>εἶναι</span> <span class='ocrx_word' id='word_1_166' title='bbox 2647 1020 2756 1081; x_wconf 88' lang='grc' dir='ltr'>τοῖς</span> <span class='ocrx_word' id='word_1_167' title='bbox 2778 1018 2897 1070; x_wconf 87' lang='grc' dir='ltr'>τότε</span> <span class='ocrx_word' id='word_1_168' title='bbox 2926 1014 3233 1087; x_wconf 84' lang='grc' dir='ltr'>ἀνθρώποις</span> <span class='ocrx_word' id='word_1_169' title='bbox 3261 1015 3350 1069; x_wconf 77' lang='grc' dir='ltr'>τὸν</span> <span class='ocrx_word' id='word_1_170' title='bbox 3379 1013 3723 1084; x_wconf 71' lang='grc' dir='ltr'><strong>Καρνεάδην.</strong></span> 
     </span>
    </p>
   </div>
   <div class='ocr_carea' id='block_1_26' title="bbox 2151 1107 3728 1183">
    <p class='ocr_par' dir='ltr' id='par_1_26' title="bbox 2151 1107 3728 1183">
     <span class='ocr_line' id='line_1_26' title="bbox 2151 1107 3728 1183; baseline -0.005 -18"><span class='ocrx_word' id='word_1_171' title='bbox 2151 1114 2339 1183; x_wconf 83' lang='grc' dir='ltr'><strong>Ὅμως</strong></span> <span class='ocrx_word' id='word_1_172' title='bbox 2358 1112 2437 1175; x_wconf 85' lang='grc' dir='ltr'><strong>δέ,</strong></span> <span class='ocrx_word' id='word_1_173' title='bbox 2465 1111 2639 1165; x_wconf 89' lang='grc' dir='ltr'>καίτοι</span> <span class='ocrx_word' id='word_1_174' title='bbox 2668 1111 2863 1174; x_wconf 83' lang='grc' dir='ltr'>καύτὸς</span> <span class='ocrx_word' id='word_1_175' title='bbox 2885 1110 2989 1163; x_wconf 85' lang='grc' dir='ltr'><strong>ὑπὸ</strong></span> <span class='ocrx_word' id='word_1_176' title='bbox 3012 1107 3259 1178; x_wconf 81' lang='grc' dir='ltr'><strong>Στωϊκῆς</strong></span> <span class='ocrx_word' id='word_1_177' title='bbox 3284 1107 3614 1177; x_wconf 80' lang='grc' dir='ltr'>φιλονεικίας</span> <span class='ocrx_word' id='word_1_178' title='bbox 3644 1107 3728 1169; x_wconf 85' lang='grc' dir='ltr'>εἰς</span> 
     </span>
    </p>
   </div>
   <div class='ocr_carea' id='block_1_27' title="bbox 2146 1201 3726 1276">
    <p class='ocr_par' dir='ltr' id='par_1_27' title="bbox 2146 1201 3726 1276">
     <span class='ocr_line' id='line_1_27' title="bbox 2146 1201 3726 1276; baseline -0.002 -19"><span class='ocrx_word' id='word_1_179' title='bbox 2146 1205 2208 1257; x_wconf 84' lang='grc' dir='ltr'>τὸ</span> <span class='ocrx_word' id='word_1_180' title='bbox 2236 1204 2465 1276; x_wconf 79' lang='grc' dir='ltr'>φανερὸν</span> <span class='ocrx_word' id='word_1_181' title='bbox 2488 1204 2691 1270; x_wconf 84' lang='grc' dir='ltr'><strong>κυκῶν,</strong></span> <span class='ocrx_word' id='word_1_182' title='bbox 2720 1202 2855 1276; x_wconf 88' lang='grc' dir='ltr'>πρός</span> <span class='ocrx_word' id='word_1_183' title='bbox 2883 1220 2946 1273; x_wconf 90' lang='grc' dir='ltr'><strong>γε</strong></span> <span class='ocrx_word' id='word_1_184' title='bbox 2976 1204 3101 1267; x_wconf 76' lang='grc' dir='ltr'>τοὺς</span> <span class='ocrx_word' id='word_1_185' title='bbox 3148 1201 3341 1256; x_wconf 76' lang='grc' dir='ltr'>ἐαυτοῦ</span> <span class='ocrx_word' id='word_1_186' title='bbox 3380 1202 3631 1273; x_wconf 79' lang='grc' dir='ltr'>ἑταίρους</span> <span class='ocrx_word' id='word_1_187' title='bbox 3655 1201 3726 1255; x_wconf 85' lang='grc' dir='ltr'><strong>δι’</strong></span> 
     </span>
    </p>
   </div>
   <div class='ocr_carea' id='block_1_28' title="bbox 2147 1292 3728 1367">
    <p class='ocr_par' dir='ltr' id='par_1_28' title="bbox 2147 1292 3728 1367">
     <span class='ocr_line' id='line_1_28' title="bbox 2147 1292 3728 1367; baseline -0.003 -18"><span class='ocrx_word' id='word_1_188' title='bbox 2147 1296 2472 1367; x_wconf 68' lang='grc' dir='ltr'>ἀπορρήτων</span> <span class='ocrx_word' id='word_1_189' title='bbox 2502 1294 2768 1365; x_wconf 85' lang='grc' dir='ltr'><strong>ὡμολόγει</strong></span> <span class='ocrx_word' id='word_1_190' title='bbox 2814 1312 2876 1348; x_wconf 89' lang='grc' dir='ltr'><strong>τε</strong></span> <span class='ocrx_word' id='word_1_191' title='bbox 2919 1294 3013 1349; x_wconf 69' lang='grc' dir='ltr'>καὶ</span> <span class='ocrx_word' id='word_1_192' title='bbox 3053 1292 3303 1364; x_wconf 73' lang='grc' dir='ltr'>ἠλήθευε,</span> <span class='ocrx_word' id='word_1_193' title='bbox 3343 1294 3437 1346; x_wconf 73' lang='grc' dir='ltr'>καὶ</span> <span class='ocrx_word' id='word_1_194' title='bbox 3486 1292 3728 1362; x_wconf 80' lang='grc' dir='ltr'>ἀπεφαί-</span> 
     </span>
    </p>
   </div>
   <div class='ocr_carea' id='block_1_29' title="bbox 2148 1380 3726 1457">
    <p class='ocr_par' dir='ltr' id='par_1_29' title="bbox 2148 1380 3726 1457">
     <span class='ocr_line' id='line_1_29' title="bbox 2148 1380 3726 1457; baseline -0.004 -14"><span class='ocrx_word' id='word_1_195' title='bbox 2148 1408 2287 1453; x_wconf 89' lang='grc' dir='ltr'>νετο,</span> <span class='ocrx_word' id='word_1_196' title='bbox 2317 1389 2353 1443; x_wconf 83' lang='grc' dir='ltr'>ἃ</span> <span class='ocrx_word' id='word_1_197' title='bbox 2391 1389 2492 1443; x_wconf 86' lang='grc' dir='ltr'>κᾶν</span> <span class='ocrx_word' id='word_1_198' title='bbox 2514 1388 2669 1453; x_wconf 79' lang='grc' dir='ltr'>ἄλλος</span> <span class='ocrx_word' id='word_1_199' title='bbox 2687 1387 2798 1442; x_wconf 83' lang='grc' dir='ltr'><strong>τῶν</strong></span> <span class='ocrx_word' id='word_1_200' title='bbox 2829 1386 3239 1457; x_wconf 74' lang='grc' dir='ltr'>ἐπιτυχόντων.»</span> <span class='ocrx_word' id='word_1_201' title='bbox 3267 1380 3397 1438; x_wconf 83' lang='grc' dir='ltr'>Εἶτα</span> <span class='ocrx_word' id='word_1_202' title='bbox 3422 1385 3547 1455; x_wconf 77' lang='grc' dir='ltr'><strong>ἑξῆς</strong></span> <span class='ocrx_word' id='word_1_203' title='bbox 3567 1401 3726 1456; x_wconf 77' lang='grc' dir='ltr'>φησιο</span> 
     </span>
    </p>
   </div>
   <div class='ocr_carea' id='block_1_30' title="bbox 2156 1478 3731 1555">
    <p class='ocr_par' dir='ltr' id='par_1_30' title="bbox 2156 1478 3731 1555">
     <span class='ocr_line' id='line_1_30' title="bbox 2156 1478 3731 1555; baseline -0.002 -21"><span class='ocrx_word' id='word_1_204' title='bbox 2156 1503 2172 1534; x_wconf 79' lang='grc' dir='ltr'><strong>ι</strong></span> <span class='ocrx_word' id='word_1_205' title='bbox 2208 1484 2518 1555; x_wconf 81' lang='grc' dir='ltr'>Καρνεάδου</span> <span class='ocrx_word' id='word_1_206' title='bbox 2572 1483 2629 1536; x_wconf 88' lang='grc' dir='ltr'>δὲ</span> <span class='ocrx_word' id='word_1_207' title='bbox 2691 1484 2901 1551; x_wconf 88' lang='grc' dir='ltr'>γίνεται</span> <span class='ocrx_word' id='word_1_208' title='bbox 2956 1479 3229 1551; x_wconf 86' lang='grc' dir='ltr'>γνώριμος</span> <span class='ocrx_word' id='word_1_209' title='bbox 3276 1479 3507 1550; x_wconf 79' lang='grc' dir='ltr'><strong>Μέντωρ</strong></span> <span class='ocrx_word' id='word_1_210' title='bbox 3548 1478 3647 1550; x_wconf 84' lang='grc' dir='ltr'>μὲν</span> <span class='ocrx_word' id='word_1_211' title='bbox 3697 1480 3731 1531; x_wconf 87' lang='grc' dir='ltr'><strong>ό</strong></span> 
     </span>
    </p>
   </div>
   <div class='ocr_carea' id='block_1_31' title="bbox 2152 1570 3731 1649">
    <p class='ocr_par' dir='ltr' id='par_1_31' title="bbox 2152 1570 3731 1649">
     <span class='ocr_line' id='line_1_31' title="bbox 2152 1570 3731 1649; baseline -0.003 -19"><span class='ocrx_word' id='word_1_212' title='bbox 2152 1578 2385 1649; x_wconf 79' lang='grc' dir='ltr'>πρῶτος,</span> <span class='ocrx_word' id='word_1_213' title='bbox 2411 1577 2471 1629; x_wconf 84' lang='grc' dir='ltr'>οὐ</span> <span class='ocrx_word' id='word_1_214' title='bbox 2535 1576 2638 1649; x_wconf 79' lang='grc' dir='ltr'>μὴν</span> <span class='ocrx_word' id='word_1_215' title='bbox 2668 1576 2927 1645; x_wconf 88' lang='grc' dir='ltr'>διάδοχος.</span> <span class='ocrx_word' id='word_1_216' title='bbox 2970 1573 3107 1627; x_wconf 84' lang='grc' dir='ltr'>Ἀλλ’</span> <span class='ocrx_word' id='word_1_217' title='bbox 3133 1573 3217 1627; x_wconf 83' lang='grc' dir='ltr'><strong>ἐτι</strong></span> <span class='ocrx_word' id='word_1_218' title='bbox 3266 1571 3374 1636; x_wconf 76' lang='grc' dir='ltr'><strong>ζῶν</strong></span> <span class='ocrx_word' id='word_1_219' title='bbox 3408 1570 3731 1643; x_wconf 77' lang='grc' dir='ltr'>Καρνεάδης</span> 
     </span>
    </p>
   </div>
   <div class='ocr_carea' id='block_1_32' title="bbox 2152 1662 3731 1741">
    <p class='ocr_par' dir='ltr' id='par_1_32' title="bbox 2152 1662 3731 1741">
     <span class='ocr_line' id='line_1_32' title="bbox 2152 1662 3731 1741; baseline -0.005 -19"><span class='ocrx_word' id='word_1_220' title='bbox 2152 1671 2243 1724; x_wconf 71' lang='grc' dir='ltr'>ἐπὶ</span> <span class='ocrx_word' id='word_1_221' title='bbox 2268 1669 2515 1741; x_wconf 82' lang='grc' dir='ltr'>παλλακῇ</span> <span class='ocrx_word' id='word_1_222' title='bbox 2548 1668 2731 1740; x_wconf 82' lang='grc' dir='ltr'>μοιχὸν</span> <span class='ocrx_word' id='word_1_223' title='bbox 2754 1666 2948 1739; x_wconf 82' lang='grc' dir='ltr'>εὑρὼν,</span> <span class='ocrx_word' id='word_1_224' title='bbox 2972 1666 3071 1736; x_wconf 81' lang='grc' dir='ltr'>οὐχ</span> <span class='ocrx_word' id='word_1_225' title='bbox 3113 1664 3218 1718; x_wconf 86' lang='grc' dir='ltr'><strong>ὑπὸ</strong></span> <span class='ocrx_word' id='word_1_226' title='bbox 3262 1662 3492 1733; x_wconf 78' lang='grc' dir='ltr'>πιθανῆς</span> <span class='ocrx_word' id='word_1_227' title='bbox 3522 1680 3731 1731; x_wconf 84' lang='grc' dir='ltr'>φαντα-</span> 
     </span>
    </p>
   </div>
   <div class='ocr_carea' id='block_1_33' title="bbox 2153 1754 3729 1834">
    <p class='ocr_par' dir='ltr' id='par_1_33' title="bbox 2153 1754 3729 1834">
     <span class='ocr_line' id='line_1_33' title="bbox 2153 1754 3729 1834; baseline -0.006 -17"><span class='ocrx_word' id='word_1_228' title='bbox 2153 1765 2293 1827; x_wconf 83' lang='grc' dir='ltr'>σίας,</span> <span class='ocrx_word' id='word_1_229' title='bbox 2319 1763 2427 1817; x_wconf 77' lang='grc' dir='ltr'>οὑδ⁹</span> <span class='ocrx_word' id='word_1_230' title='bbox 2445 1764 2521 1826; x_wconf 86' lang='grc' dir='ltr'>ὼς</span> <span class='ocrx_word' id='word_1_231' title='bbox 2540 1764 2612 1834; x_wconf 83' lang='grc' dir='ltr'>μὴ</span> <span class='ocrx_word' id='word_1_232' title='bbox 2636 1757 2996 1831; x_wconf 83' lang='grc' dir='ltr'>κατειληφὼς,</span> <span class='ocrx_word' id='word_1_233' title='bbox 3013 1759 3086 1822; x_wconf 85' lang='grc' dir='ltr'><strong>ὡς</strong></span> <span class='ocrx_word' id='word_1_234' title='bbox 3105 1758 3160 1812; x_wconf 88' lang='grc' dir='ltr'>δὲ</span> <span class='ocrx_word' id='word_1_235' title='bbox 3191 1756 3423 1828; x_wconf 85' lang='grc' dir='ltr'>μάλιστα</span> <span class='ocrx_word' id='word_1_236' title='bbox 3454 1754 3729 1809; x_wconf 76' lang='grc' dir='ltr'><strong>πιστεύων</strong></span> 
     </span>
    </p>
   </div>
   <div class='ocr_carea' id='block_1_34' title="bbox 470 1847 2050 1929">
    <p class='ocr_par' dir='ltr' id='par_1_34' title="bbox 470 1851 2045 1925">
     <span class='ocr_line' id='line_1_34' title="bbox 470 1851 2045 1925; baseline 0.004 -21"><span class='ocrx_word' id='word_1_237' title='bbox 470 1861 627 1919; x_wconf 85' lang='lat' dir='ltr'><strong>pater</strong></span> <span class='ocrx_word' id='word_1_238' title='bbox 655 1861 820 1917; x_wconf 88' lang='lat' dir='ltr'><strong>certe,</strong></span> <span class='ocrx_word' id='word_1_239' title='bbox 849 1851 1000 1908; x_wconf 89' lang='lat' dir='ltr'><strong>illius</strong></span> <span class='ocrx_word' id='word_1_240' title='bbox 1029 1853 1275 1922; x_wconf 80' lang='lat' dir='ltr'><strong>aequalis,</strong></span> <span class='ocrx_word' id='word_1_241' title='bbox 1317 1854 1522 1923; x_wconf 89' lang='lat' dir='ltr'><strong>scripto</strong></span> <span class='ocrx_word' id='word_1_242' title='bbox 1553 1854 1818 1909; x_wconf 75' lang='lat' dir='ltr'><strong>duntaxat</strong></span> <span class='ocrx_word' id='word_1_243' title='bbox 1841 1856 2045 1925; x_wconf 90' lang='lat' dir='ltr'><strong>aliquid</strong></span> 
     </span>
    </p>
   </div>
   <div class='ocr_carea' id='block_1_35' title="bbox 2156 1847 3728 1929">
    <p class='ocr_par' dir='ltr' id='par_1_35' title="bbox 2156 1847 3728 1929">
     <span class='ocr_line' id='line_1_35' title="bbox 2156 1847 3728 1929; baseline -0.009 -17"><span class='ocrx_word' id='word_1_244' title='bbox 2156 1862 2209 1929; x_wconf 80' lang='grc' dir='ltr'>τῇ</span> <span class='ocrx_word' id='word_1_245' title='bbox 2244 1858 2387 1928; x_wconf 67' lang='grc' dir='ltr'>ὄψει,</span> <span class='ocrx_word' id='word_1_246' title='bbox 2410 1858 2504 1910; x_wconf 73' lang='grc' dir='ltr'>καὶ</span> <span class='ocrx_word' id='word_1_247' title='bbox 2536 1854 2878 1917; x_wconf 84' lang='grc' dir='ltr'>καταλαϐὼν,</span> <span class='ocrx_word' id='word_1_248' title='bbox 2908 1853 3262 1925; x_wconf 79' lang='grc' dir='ltr'><strong>παρῃτήσατο</strong></span> <span class='ocrx_word' id='word_1_249' title='bbox 3292 1850 3389 1921; x_wconf 83' lang='grc' dir='ltr'>τῆς</span> <span class='ocrx_word' id='word_1_250' title='bbox 3418 1847 3728 1919; x_wconf 79' lang='grc' dir='ltr'>διατριϐῆς.</span> 
     </span>
    </p>
   </div>
   <div class='ocr_carea' id='block_1_36' title="bbox 474 1942 2048 2015">
    <p class='ocr_par' dir='ltr' id='par_1_36' title="bbox 474 1942 2048 2015">
     <span class='ocr_line' id='line_1_36' title="bbox 474 1942 2048 2015; baseline 0.004 -20"><span class='ocrx_word' id='word_1_251' title='bbox 474 1942 858 2009; x_wconf 83' lang='lat' dir='ltr'><strong>meditabatur,</strong></span> <span class='ocrx_word' id='word_1_252' title='bbox 914 1954 1077 2015; x_wconf 88' lang='lat' dir='ltr'><strong>atque</strong></span> <span class='ocrx_word' id='word_1_253' title='bbox 1126 1944 1177 1999; x_wconf 90' lang='lat' dir='ltr'><strong>id</strong></span> <span class='ocrx_word' id='word_1_254' title='bbox 1224 1946 1518 2001; x_wconf 89' lang='lat' dir='ltr'><strong>admodum</strong></span> <span class='ocrx_word' id='word_1_255' title='bbox 1569 1947 1776 2002; x_wconf 88' lang='lat' dir='ltr'><strong>timide.</strong></span> <span class='ocrx_word' id='word_1_256' title='bbox 1814 1947 1949 2002; x_wconf 65' lang='lat' dir='ltr'><strong>Nam</strong></span> <span class='ocrx_word' id='word_1_257' title='bbox 1980 1949 2048 2002; x_wconf 91' lang='lat' dir='ltr'><strong>ad</strong></span> 
     </span>
    </p>
   </div>
   <div class='ocr_carea' id='block_1_37' title="bbox 479 2034 2049 2111">
    <p class='ocr_par' dir='ltr' id='par_1_37' title="bbox 479 2034 2049 2111">
     <span class='ocr_line' id='line_1_37' title="bbox 479 2034 2049 2111; baseline 0.006 -24"><span class='ocrx_word' id='word_1_258' title='bbox 479 2048 575 2089; x_wconf 89' lang='lat' dir='ltr'><strong>eas</strong></span> <span class='ocrx_word' id='word_1_259' title='bbox 606 2034 1025 2105; x_wconf 71' lang='lat' dir='ltr'><strong>disputationes,</strong></span> <span class='ocrx_word' id='word_1_260' title='bbox 1056 2052 1194 2106; x_wconf 93' lang='lat' dir='ltr'><strong>quas</strong></span> <span class='ocrx_word' id='word_1_261' title='bbox 1220 2053 1247 2089; x_wconf 91' lang='lat' dir='ltr'><strong>a</strong></span> <span class='ocrx_word' id='word_1_262' title='bbox 1273 2037 1551 2095; x_wconf 84' lang='lat' dir='ltr'><strong>Carneade</strong></span> <span class='ocrx_word' id='word_1_263' title='bbox 1594 2039 1779 2094; x_wconf 91' lang='lat' dir='ltr'><strong>haberi</strong></span> <span class='ocrx_word' id='word_1_264' title='bbox 1806 2040 2049 2111; x_wconf 87' lang='lat' dir='ltr'><strong>quotidie</strong></span> 
     </span>
    </p>
   </div>
   <div class='ocr_carea' id='block_1_38' title="bbox 471 2126 2045 2202">
    <p class='ocr_par' dir='ltr' id='par_1_38' title="bbox 471 2126 2045 2202">
     <span class='ocr_line' id='line_1_38' title="bbox 471 2126 2045 2202; baseline 0.004 -22"><span class='ocrx_word' id='word_1_265' title='bbox 471 2126 752 2193; x_wconf 83' lang='lat' dir='ltr'><strong>audiebat,</strong></span> <span class='ocrx_word' id='word_1_266' title='bbox 806 2143 1083 2197; x_wconf 88' lang='lat' dir='ltr'><strong>nunquam</strong></span> <span class='ocrx_word' id='word_1_267' title='bbox 1112 2130 1164 2182; x_wconf 91' lang='lat' dir='ltr'><strong>in</strong></span> <span class='ocrx_word' id='word_1_268' title='bbox 1198 2129 1375 2184; x_wconf 91' lang='lat' dir='ltr'><strong>lucem</strong></span> <span class='ocrx_word' id='word_1_269' title='bbox 1416 2146 1481 2185; x_wconf 91' lang='lat' dir='ltr'><strong>ac</strong></span> <span class='ocrx_word' id='word_1_270' title='bbox 1520 2131 1795 2201; x_wconf 86' lang='lat' dir='ltr'><strong>publicum</strong></span> <span class='ocrx_word' id='word_1_271' title='bbox 1825 2134 2045 2202; x_wconf 88' lang='lat' dir='ltr'><strong>prodiit,</strong></span> 
     </span>
    </p>
   </div>
   <div class='ocr_carea' id='block_1_39' title="bbox 474 2216 2047 2282">
    <p class='ocr_par' dir='ltr' id='par_1_39' title="bbox 474 2216 2047 2282">
     <span class='ocr_line' id='line_1_39' title="bbox 474 2216 2047 2282; baseline 0.006 -14"><span class='ocrx_word' id='word_1_272' title='bbox 474 2229 586 2270; x_wconf 88' lang='lat' dir='ltr'><strong>non</strong></span> <span class='ocrx_word' id='word_1_273' title='bbox 638 2216 690 2269; x_wconf 91' lang='lat' dir='ltr'><strong>in</strong></span> <span class='ocrx_word' id='word_1_274' title='bbox 736 2216 923 2271; x_wconf 89' lang='lat' dir='ltr'><strong>schola</strong></span> <span class='ocrx_word' id='word_1_275' title='bbox 946 2256 962 2282; x_wconf 92' lang='lat'><strong>,</strong></span> <span class='ocrx_word' id='word_1_276' title='bbox 998 2234 1106 2272; x_wconf 90' lang='lat' dir='ltr'><strong>non</strong></span> <span class='ocrx_word' id='word_1_277' title='bbox 1132 2219 1184 2272; x_wconf 93' lang='lat' dir='ltr'><strong>in</strong></span> <span class='ocrx_word' id='word_1_278' title='bbox 1228 2219 1669 2276; x_wconf 84' lang='lat' dir='ltr'><strong>deambulatione</strong></span> <span class='ocrx_word' id='word_1_279' title='bbox 1696 2221 1776 2275; x_wconf 91' lang='lat' dir='ltr'><strong>vel</strong></span> <span class='ocrx_word' id='word_1_280' title='bbox 1812 2221 1978 2275; x_wconf 89' lang='lat' dir='ltr'><strong>hilum</strong></span> <span class='ocrx_word' id='word_1_281' title='bbox 2016 2239 2047 2277; x_wconf 89' lang='lat' dir='ltr'><strong>a</strong></span> 
     </span>
    </p>
   </div>
   <div class='ocr_carea' id='block_1_40' title="bbox 474 2310 2043 2382">
    <p class='ocr_par' dir='ltr' id='par_1_40' title="bbox 474 2310 2043 2382">
     <span class='ocr_line' id='line_1_40' title="bbox 474 2310 2043 2382; baseline 0.003 -20"><span class='ocrx_word' id='word_1_282' title='bbox 474 2322 773 2377; x_wconf 85' lang='lat' dir='ltr'><strong>quoquam,</strong></span> <span class='ocrx_word' id='word_1_283' title='bbox 816 2317 875 2363; x_wconf 87' lang='lat' dir='ltr'><strong>ut</strong></span> <span class='ocrx_word' id='word_1_284' title='bbox 907 2310 1063 2363; x_wconf 91' lang='lat' dir='ltr'><strong>aiunt</strong></span> <span class='ocrx_word' id='word_1_285' title='bbox 1092 2351 1107 2377; x_wconf 95' lang='lat'><strong>,</strong></span> <span class='ocrx_word' id='word_1_286' title='bbox 1148 2326 1396 2366; x_wconf 89' lang='lat' dir='ltr'><strong>mussare</strong></span> <span class='ocrx_word' id='word_1_287' title='bbox 1428 2328 1668 2382; x_wconf 87' lang='lat' dir='ltr'><strong>unquam</strong></span> <span class='ocrx_word' id='word_1_288' title='bbox 1698 2313 1916 2369; x_wconf 89' lang='lat' dir='ltr'><strong>auditus</strong></span> <span class='ocrx_word' id='word_1_289' title='bbox 1942 2324 2043 2369; x_wconf 88' lang='lat' dir='ltr'><strong>est.</strong></span> 
     </span>
    </p>
   </div>
   <div class='ocr_carea' id='block_1_41' title="bbox 474 2396 2055 2476">
    <p class='ocr_par' dir='ltr' id='par_1_41' title="bbox 474 2396 2055 2476">
     <span class='ocr_line' id='line_1_41' title="bbox 474 2396 2055 2476; baseline 0.004 -23"><span class='ocrx_word' id='word_1_290' title='bbox 474 2396 691 2467; x_wconf 84' lang='lat' dir='ltr'><strong>Scripta</strong></span> <span class='ocrx_word' id='word_1_291' title='bbox 720 2400 896 2454; x_wconf 93' lang='lat' dir='ltr'><strong>solum</strong></span> <span class='ocrx_word' id='word_1_292' title='bbox 923 2403 1170 2471; x_wconf 68' lang='lat' dir='ltr'><strong>quaedam</strong></span> <span class='ocrx_word' id='word_1_293' title='bbox 1206 2404 1423 2457; x_wconf 88' lang='lat' dir='ltr'><strong>eminus</strong></span> <span class='ocrx_word' id='word_1_294' title='bbox 1443 2404 1779 2472; x_wconf 86' lang='lat' dir='ltr'><strong>intentabat,</strong></span> <span class='ocrx_word' id='word_1_295' title='bbox 1809 2414 1865 2460; x_wconf 90' lang='lat' dir='ltr'><strong>et</strong></span> <span class='ocrx_word' id='word_1_296' title='bbox 1884 2420 2055 2476; x_wconf 80' lang='lat' dir='ltr'><strong>angu-</strong></span> 
     </span>
    </p>
   </div>
   <div class='ocr_carea' id='block_1_42' title="bbox 476 2491 2051 2569">
    <p class='ocr_par' dir='ltr' id='par_1_42' title="bbox 476 2491 2051 2569">
     <span class='ocr_line' id='line_1_42' title="bbox 476 2491 2051 2569; baseline 0.005 -24"><span class='ocrx_word' id='word_1_297' title='bbox 476 2491 560 2547; x_wconf 85' lang='lat' dir='ltr'><strong>los</strong></span> <span class='ocrx_word' id='word_1_298' title='bbox 588 2491 931 2564; x_wconf 88' lang='lat' dir='ltr'><strong>latebrasque</strong></span> <span class='ocrx_word' id='word_1_299' title='bbox 962 2503 1186 2564; x_wconf 85' lang='lat' dir='ltr'><strong>captans</strong></span> <span class='ocrx_word' id='word_1_300' title='bbox 1208 2536 1224 2561; x_wconf 77' lang='lat'><strong>.,</strong></span> <span class='ocrx_word' id='word_1_301' title='bbox 1250 2496 1419 2551; x_wconf 87' lang='lat' dir='ltr'><strong>libros</strong></span> <span class='ocrx_word' id='word_1_302' title='bbox 1465 2505 1672 2550; x_wconf 89' lang='lat' dir='ltr'><strong>tantum</strong></span> <span class='ocrx_word' id='word_1_303' title='bbox 1711 2498 1944 2569; x_wconf 79' lang='lat' dir='ltr'><strong>posteris</strong></span> <span class='ocrx_word' id='word_1_304' title='bbox 1971 2514 2051 2553; x_wconf 80' lang='lat' dir='ltr'><strong>re-</strong></span> 
     </span>
    </p>
   </div>
   <div class='ocr_carea' id='block_1_43' title="bbox 473 2585 2045 2661">
    <p class='ocr_par' dir='ltr' id='par_1_43' title="bbox 473 2585 2045 2661">
     <span class='ocr_line' id='line_1_43' title="bbox 473 2585 2045 2661; baseline 0.004 -23"><span class='ocrx_word' id='word_1_305' title='bbox 473 2585 791 2655; x_wconf 82' lang='lat' dir='ltr'><strong>linquebat,</strong></span> <span class='ocrx_word' id='word_1_306' title='bbox 843 2603 1033 2643; x_wconf 87' lang='lat' dir='ltr'><strong>verum</strong></span> <span class='ocrx_word' id='word_1_307' title='bbox 1068 2588 1373 2658; x_wconf 80' lang='lat' dir='ltr'><strong>ejusmodi,</strong></span> <span class='ocrx_word' id='word_1_308' title='bbox 1406 2589 1499 2659; x_wconf 90' lang='lat' dir='ltr'><strong>qui</strong></span> <span class='ocrx_word' id='word_1_309' title='bbox 1527 2605 1595 2645; x_wconf 91' lang='lat' dir='ltr'><strong>ne</strong></span> <span class='ocrx_word' id='word_1_310' title='bbox 1634 2606 1781 2646; x_wconf 91' lang='lat' dir='ltr'><strong>nunc</strong></span> <span class='ocrx_word' id='word_1_311' title='bbox 1806 2590 2045 2661; x_wconf 89' lang='lat' dir='ltr'><strong>quidem,</strong></span> 
     </span>
    </p>
   </div>
   <div class='ocr_carea' id='block_1_44' title="bbox 476 2680 2049 2752">
    <p class='ocr_par' dir='ltr' id='par_1_44' title="bbox 476 2680 2049 2752">
     <span class='ocr_line' id='line_1_44' title="bbox 476 2680 2049 2752; baseline 0.004 -21"><span class='ocrx_word' id='word_1_312' title='bbox 476 2685 594 2733; x_wconf 91' lang='lat' dir='ltr'><strong>tum</strong></span> <span class='ocrx_word' id='word_1_313' title='bbox 625 2693 753 2733; x_wconf 91' lang='lat' dir='ltr'><strong>vero</strong></span> <span class='ocrx_word' id='word_1_314' title='bbox 779 2680 952 2734; x_wconf 92' lang='lat' dir='ltr'><strong>multo</strong></span> <span class='ocrx_word' id='word_1_315' title='bbox 973 2680 1155 2737; x_wconf 90' lang='lat' dir='ltr'><strong>minus</strong></span> <span class='ocrx_word' id='word_1_316' title='bbox 1178 2682 1509 2736; x_wconf 74' lang='lat' dir='ltr'><strong>Carneadem</strong></span> <span class='ocrx_word' id='word_1_317' title='bbox 1548 2682 1718 2749; x_wconf 90' lang='lat' dir='ltr'><strong>illum,</strong></span> <span class='ocrx_word' id='word_1_318' title='bbox 1747 2684 1839 2752; x_wconf 92' lang='lat' dir='ltr'><strong>qui</strong></span> <span class='ocrx_word' id='word_1_319' title='bbox 1866 2691 2049 2737; x_wconf 90' lang='lat' dir='ltr'><strong>tantus</strong></span> 
     </span>
    </p>
   </div>
   <div class='ocr_carea' id='block_1_45' title="bbox 476 2770 2047 2841">
    <p class='ocr_par' dir='ltr' id='par_1_45' title="bbox 476 2770 2047 2841">
     <span class='ocr_line' id='line_1_45' title="bbox 476 2770 2047 2841; baseline 0.002 -17"><span class='ocrx_word' id='word_1_320' title='bbox 476 2784 543 2824; x_wconf 85' lang='lat' dir='ltr'><strong>ac</strong></span> <span class='ocrx_word' id='word_1_321' title='bbox 570 2780 680 2826; x_wconf 89' lang='lat' dir='ltr'><strong>tam</strong></span> <span class='ocrx_word' id='word_1_322' title='bbox 711 2770 1052 2827; x_wconf 90' lang='lat' dir='ltr'><strong>admirabilis</strong></span> <span class='ocrx_word' id='word_1_323' title='bbox 1085 2772 1205 2841; x_wconf 87' lang='lat' dir='ltr'><strong>ejus</strong></span> <span class='ocrx_word' id='word_1_324' title='bbox 1245 2774 1341 2827; x_wconf 70' lang='lat' dir='ltr'><strong>arvi</strong></span> <span class='ocrx_word' id='word_1_325' title='bbox 1394 2772 1711 2828; x_wconf 86' lang='lat' dir='ltr'><strong>hominibus</strong></span> <span class='ocrx_word' id='word_1_326' title='bbox 1744 2773 2047 2838; x_wconf 89' lang='lat' dir='ltr'><strong>videbatur,</strong></span> 
     </span>
    </p>
   </div>
   <div class='ocr_carea' id='block_1_46' title="bbox 475 2856 2050 2933">
    <p class='ocr_par' dir='ltr' id='par_1_46' title="bbox 475 2856 2050 2933">
     <span class='ocr_line' id='line_1_46' title="bbox 475 2856 2050 2933; baseline 0.006 -23"><span class='ocrx_word' id='word_1_327' title='bbox 475 2856 751 2913; x_wconf 82' lang='lat' dir='ltr'><strong>sustinere</strong></span> <span class='ocrx_word' id='word_1_328' title='bbox 780 2871 1023 2928; x_wconf 83' lang='lat' dir='ltr'><strong>possent.</strong></span> <span class='ocrx_word' id='word_1_329' title='bbox 1077 2860 1143 2916; x_wconf 88' lang='lat' dir='ltr'><strong>Et</strong></span> <span class='ocrx_word' id='word_1_330' title='bbox 1172 2871 1352 2917; x_wconf 92' lang='lat' dir='ltr'><strong>tamen</strong></span> <span class='ocrx_word' id='word_1_331' title='bbox 1397 2862 1484 2917; x_wconf 91' lang='lat' dir='ltr'><strong>ille</strong></span> <span class='ocrx_word' id='word_1_332' title='bbox 1520 2863 1668 2932; x_wconf 89' lang='lat' dir='ltr'><strong>ipse,</strong></span> <span class='ocrx_word' id='word_1_333' title='bbox 1713 2862 1806 2933; x_wconf 88' lang='lat' dir='ltr'><strong>qui</strong></span> <span class='ocrx_word' id='word_1_334' title='bbox 1838 2862 2050 2919; x_wconf 88' lang='lat' dir='ltr'><strong>Stoicos</strong></span> 
     </span>
    </p>
   </div>
   <div class='ocr_carea' id='block_1_47' title="bbox 479 2951 2051 3025">
    <p class='ocr_par' dir='ltr' id='par_1_47' title="bbox 479 2951 2051 3025">
     <span class='ocr_line' id='line_1_47' title="bbox 479 2951 2051 3025; baseline 0.006 -21"><span class='ocrx_word' id='word_1_335' title='bbox 479 2951 761 3006; x_wconf 87' lang='lat' dir='ltr'><strong>vellicandi</strong></span> <span class='ocrx_word' id='word_1_336' title='bbox 792 2953 976 3009; x_wconf 90' lang='lat' dir='ltr'><strong>studio</strong></span> <span class='ocrx_word' id='word_1_337' title='bbox 1008 2956 1186 3025; x_wconf 90' lang='lat' dir='ltr'><strong>palam</strong></span> <span class='ocrx_word' id='word_1_338' title='bbox 1222 2968 1421 3012; x_wconf 76' lang='lat' dir='ltr'><strong>cuneta</strong></span> <span class='ocrx_word' id='word_1_339' title='bbox 1464 2954 1757 3020; x_wconf 87' lang='lat' dir='ltr'><strong>miscebat,</strong></span> <span class='ocrx_word' id='word_1_340' title='bbox 1791 2958 1931 3012; x_wconf 90' lang='lat' dir='ltr'><strong>clam</strong></span> <span class='ocrx_word' id='word_1_341' title='bbox 1966 2972 2051 3013; x_wconf 87' lang='lat' dir='ltr'><strong>so-</strong></span> 
     </span>
    </p>
   </div>
   <div class='ocr_carea' id='block_1_48' title="bbox 476 3048 2050 3120">
    <p class='ocr_par' dir='ltr' id='par_1_48' title="bbox 476 3048 2050 3120">
     <span class='ocr_line' id='line_1_48' title="bbox 476 3048 2050 3120; baseline 0.002 -18"><span class='ocrx_word' id='word_1_342' title='bbox 476 3048 628 3105; x_wconf 86' lang='lat' dir='ltr'><strong>dales</strong></span> <span class='ocrx_word' id='word_1_343' title='bbox 660 3051 798 3105; x_wconf 88' lang='lat' dir='ltr'><strong>inter</strong></span> <span class='ocrx_word' id='word_1_344' title='bbox 829 3068 959 3108; x_wconf 91' lang='lat' dir='ltr'><strong>suos</strong></span> <span class='ocrx_word' id='word_1_345' title='bbox 981 3051 1169 3107; x_wconf 89' lang='lat' dir='ltr'><strong>eadem</strong></span> <span class='ocrx_word' id='word_1_346' title='bbox 1198 3050 1381 3105; x_wconf 90' lang='lat' dir='ltr'><strong>omnia</strong></span> <span class='ocrx_word' id='word_1_347' title='bbox 1415 3050 1708 3117; x_wconf 90' lang='lat' dir='ltr'><strong>fatebatur,</strong></span> <span class='ocrx_word' id='word_1_348' title='bbox 1722 3064 1959 3120; x_wconf 88' lang='lat' dir='ltr'><strong>vereque</strong></span> <span class='ocrx_word' id='word_1_349' title='bbox 1984 3066 2050 3105; x_wconf 88' lang='lat' dir='ltr'><strong>ac</strong></span> 
     </span>
    </p>
   </div>
   <div class='ocr_carea' id='block_1_49' title="bbox 2165 1934 3727 2014">
    <p class='ocr_par' dir='ltr' id='par_1_49' title="bbox 2165 1934 3727 2014">
     <span class='ocr_line' id='line_1_49' title="bbox 2165 1934 3727 2014; baseline -0.01 -11"><span class='ocrx_word' id='word_1_350' title='bbox 2165 1950 2221 2003; x_wconf 81' lang='grc' dir='ltr'>Ὀ</span> <span class='ocrx_word' id='word_1_351' title='bbox 2246 1950 2302 2003; x_wconf 88' lang='grc' dir='ltr'><strong>δέ</strong></span> <span class='ocrx_word' id='word_1_352' title='bbox 2358 1947 2599 2012; x_wconf 82' lang='grc' dir='ltr'>ἀποστάς</span> <span class='ocrx_word' id='word_1_353' title='bbox 2640 1945 3077 2014; x_wconf 83' lang='grc' dir='ltr'>άντεσοφίστευε,</span> <span class='ocrx_word' id='word_1_354' title='bbox 3128 1942 3220 1997; x_wconf 76' lang='grc' dir='ltr'>καὶ</span> <span class='ocrx_word' id='word_1_355' title='bbox 3265 1940 3573 2009; x_wconf 84' lang='grc' dir='ltr'>ἀντίτεχνος</span> <span class='ocrx_word' id='word_1_356' title='bbox 3632 1934 3727 2009; x_wconf 76' lang='grc' dir='ltr'>ἦν,</span> 
     </span>
    </p>
   </div>
   <div class='ocr_carea' id='block_1_50' title="bbox 2150 2034 3733 2112">
    <p class='ocr_par' dir='ltr' id='par_1_50' title="bbox 2150 2034 3733 2112">
     <span class='ocr_line' id='line_1_50' title="bbox 2150 2034 3733 2112; baseline -0.006 -17"><span class='ocrx_word' id='word_1_357' title='bbox 2150 2042 2388 2112; x_wconf 76' lang='grc' dir='ltr'>ἐλέγχων</span> <span class='ocrx_word' id='word_1_358' title='bbox 2400 2040 2565 2095; x_wconf 80' lang='grc' dir='ltr'>αὑτοῦ</span> <span class='ocrx_word' id='word_1_359' title='bbox 2589 2039 2690 2111; x_wconf 83' lang='grc' dir='ltr'>τὴν</span> <span class='ocrx_word' id='word_1_360' title='bbox 2720 2040 2777 2091; x_wconf 86' lang='grc' dir='ltr'><strong>ἐν</strong></span> <span class='ocrx_word' id='word_1_361' title='bbox 2805 2041 2918 2102; x_wconf 86' lang='grc' dir='ltr'>τοῖς</span> <span class='ocrx_word' id='word_1_362' title='bbox 2941 2038 3118 2105; x_wconf 86' lang='grc' dir='ltr'>λόγοις</span> <span class='ocrx_word' id='word_1_363' title='bbox 3135 2034 3532 2105; x_wconf 78' lang='grc' dir='ltr'>ἀκαταληψίαν.</span> <span class='ocrx_word' id='word_1_364' title='bbox 3568 2051 3588 2086; x_wconf 74' lang='lat' dir='ltr'><strong>t</strong></span> <span class='ocrx_word' id='word_1_365' title='bbox 3617 2034 3733 2086; x_wconf 80' lang='grc' dir='ltr'><strong>Καὶ</strong></span> 
     </span>
    </p>
   </div>
   <div class='ocr_carea' id='block_1_51' title="bbox 2151 2121 3734 2202">
    <p class='ocr_par' dir='ltr' id='par_1_51' title="bbox 2151 2121 3734 2202">
     <span class='ocr_line' id='line_1_51' title="bbox 2151 2121 3734 2202; baseline -0.004 -17"><span class='ocrx_word' id='word_1_366' title='bbox 2151 2132 2313 2185; x_wconf 92' lang='grc' dir='ltr'>πάλιν</span> <span class='ocrx_word' id='word_1_367' title='bbox 2337 2130 2588 2202; x_wconf 79' lang='grc' dir='ltr'>ἐπιφέρει</span> <span class='ocrx_word' id='word_1_368' title='bbox 2621 2130 2813 2199; x_wconf 87' lang='grc' dir='ltr'>λέγων·</span> <span class='ocrx_word' id='word_1_369' title='bbox 2854 2147 2873 2180; x_wconf 80' lang='grc' dir='ltr'><strong>ι</strong></span> <span class='ocrx_word' id='word_1_370' title='bbox 2913 2130 2969 2183; x_wconf 91' lang='lat'><strong>&#39;0</strong></span> <span class='ocrx_word' id='word_1_371' title='bbox 2990 2130 3047 2183; x_wconf 83' lang='grc' dir='ltr'>δὲ</span> <span class='ocrx_word' id='word_1_372' title='bbox 3076 2128 3414 2201; x_wconf 80' lang='grc' dir='ltr'>Καρνεάδης,</span> <span class='ocrx_word' id='word_1_373' title='bbox 3447 2121 3559 2179; x_wconf 72' lang='grc' dir='ltr'>οἷον</span> <span class='ocrx_word' id='word_1_374' title='bbox 3582 2128 3734 2180; x_wconf 77' lang='grc' dir='ltr'>ἀντε-</span> 
     </span>
    </p>
   </div>
   <div class='ocr_carea' id='block_1_52' title="bbox 2152 2218 3732 2295">
    <p class='ocr_par' dir='ltr' id='par_1_52' title="bbox 2152 2218 3732 2295">
     <span class='ocr_line' id='line_1_52' title="bbox 2152 2218 3732 2295; baseline -0.004 -18"><span class='ocrx_word' id='word_1_375' title='bbox 2152 2223 2474 2295; x_wconf 83' lang='grc' dir='ltr'>στραμμένα</span> <span class='ocrx_word' id='word_1_376' title='bbox 2500 2222 2821 2293; x_wconf 83' lang='grc' dir='ltr'>φιλοσοφῶν,</span> <span class='ocrx_word' id='word_1_377' title='bbox 2850 2225 2959 2285; x_wconf 86' lang='grc' dir='ltr'>τοῖς</span> <span class='ocrx_word' id='word_1_378' title='bbox 3003 2220 3273 2292; x_wconf 80' lang='grc' dir='ltr'>ψεύμασιν</span> <span class='ocrx_word' id='word_1_379' title='bbox 3306 2218 3732 2283; x_wconf 76' lang='grc' dir='ltr'>ἐκαλλωπίζετο,</span> 
     </span>
    </p>
   </div>
   <div class='ocr_carea' id='block_1_53' title="bbox 2151 2313 3735 2386">
    <p class='ocr_par' dir='ltr' id='par_1_53' title="bbox 2151 2313 3735 2386">
     <span class='ocr_line' id='line_1_53' title="bbox 2151 2313 3735 2386; baseline -0.001 -19"><span class='ocrx_word' id='word_1_380' title='bbox 2151 2315 2241 2367; x_wconf 77' lang='grc' dir='ltr'>καὶ</span> <span class='ocrx_word' id='word_1_381' title='bbox 2270 2314 2361 2367; x_wconf 76' lang='grc' dir='ltr'>ὑπ’</span> <span class='ocrx_word' id='word_1_382' title='bbox 2400 2314 2581 2378; x_wconf 82' lang='grc' dir='ltr'>αὐτοῖς</span> <span class='ocrx_word' id='word_1_383' title='bbox 2606 2315 2676 2367; x_wconf 82' lang='grc' dir='ltr'>τὰ</span> <span class='ocrx_word' id='word_1_384' title='bbox 2704 2314 2878 2386; x_wconf 81' lang='grc' dir='ltr'><strong>ἀληθῆ</strong></span> <span class='ocrx_word' id='word_1_385' title='bbox 2925 2313 3175 2385; x_wconf 71' lang='grc' dir='ltr'>ἠφάνιζε.</span> <span class='ocrx_word' id='word_1_386' title='bbox 3227 2313 3735 2383; x_wconf 82' lang='grc' dir='ltr'>Παραπετάσμασιν</span> 
     </span>
    </p>
   </div>
   <div class='ocr_carea' id='block_1_54' title="bbox 2149 2401 3732 2476">
    <p class='ocr_par' dir='ltr' id='par_1_54' title="bbox 2149 2401 3732 2476">
     <span class='ocr_line' id='line_1_54' title="bbox 2149 2401 3732 2476; baseline -0.002 -17"><span class='ocrx_word' id='word_1_387' title='bbox 2149 2401 2241 2459; x_wconf 75' lang='grc' dir='ltr'><strong>οὖν</strong></span> <span class='ocrx_word' id='word_1_388' title='bbox 2262 2404 2458 2476; x_wconf 82' lang='grc' dir='ltr'>ἐχρῆτο</span> <span class='ocrx_word' id='word_1_389' title='bbox 2482 2408 2593 2468; x_wconf 86' lang='grc' dir='ltr'>τοῖς</span> <span class='ocrx_word' id='word_1_390' title='bbox 2616 2405 2879 2475; x_wconf 79' lang='grc' dir='ltr'>ψεύμασι,</span> <span class='ocrx_word' id='word_1_391' title='bbox 2917 2405 3010 2458; x_wconf 76' lang='grc' dir='ltr'>καὶ</span> <span class='ocrx_word' id='word_1_392' title='bbox 3032 2403 3297 2475; x_wconf 81' lang='grc' dir='ltr'>ὴλήθευεν</span> <span class='ocrx_word' id='word_1_393' title='bbox 3349 2403 3496 2456; x_wconf 79' lang='grc' dir='ltr'>ἔνδον</span> <span class='ocrx_word' id='word_1_394' title='bbox 3530 2402 3732 2456; x_wconf 79' lang='grc' dir='ltr'>λανθά-</span> 
     </span>
    </p>
   </div>
   <div class='ocr_carea' id='block_1_55' title="bbox 2150 2491 3732 2567">
    <p class='ocr_par' dir='ltr' id='par_1_55' title="bbox 2150 2491 3732 2567">
     <span class='ocr_line' id='line_1_55' title="bbox 2150 2491 3732 2567; baseline -0.001 -18"><span class='ocrx_word' id='word_1_395' title='bbox 2150 2514 2255 2550; x_wconf 92' lang='grc' dir='ltr'><strong>νων</strong></span> <span class='ocrx_word' id='word_1_396' title='bbox 2288 2495 2752 2567; x_wconf 78' lang='grc' dir='ltr'>καπηλικώτερον.</span> <span class='ocrx_word' id='word_1_397' title='bbox 2787 2498 3060 2566; x_wconf 87' lang='grc' dir='ltr'>Ἐπασχεν</span> <span class='ocrx_word' id='word_1_398' title='bbox 3089 2491 3181 2548; x_wconf 77' lang='grc' dir='ltr'>οὖν</span> <span class='ocrx_word' id='word_1_399' title='bbox 3208 2494 3435 2566; x_wconf 84' lang='grc' dir='ltr'>πάθημα</span> <span class='ocrx_word' id='word_1_400' title='bbox 3463 2493 3732 2564; x_wconf 85' lang='grc' dir='ltr'>ὀσπρίων,</span> 
     </span>
    </p>
   </div>
   <div class='ocr_carea' id='block_1_56' title="bbox 2149 2582 3736 2659">
    <p class='ocr_par' dir='ltr' id='par_1_56' title="bbox 2149 2582 3736 2659">
     <span class='ocr_line' id='line_1_56' title="bbox 2149 2582 3736 2659; baseline -0.002 -17"><span class='ocrx_word' id='word_1_401' title='bbox 2149 2582 2224 2642; x_wconf 82' lang='grc' dir='ltr'>ὦν</span> <span class='ocrx_word' id='word_1_402' title='bbox 2248 2587 2315 2641; x_wconf 79' lang='grc' dir='ltr'><strong>τά</strong></span> <span class='ocrx_word' id='word_1_403' title='bbox 2341 2589 2437 2659; x_wconf 83' lang='grc' dir='ltr'>μὲν</span> <span class='ocrx_word' id='word_1_404' title='bbox 2465 2588 2595 2643; x_wconf 75' lang='grc' dir='ltr'>κενά</span> <span class='ocrx_word' id='word_1_405' title='bbox 2620 2586 2937 2652; x_wconf 78' lang='grc' dir='ltr'>ἐπιπολάζει</span> <span class='ocrx_word' id='word_1_406' title='bbox 2978 2605 3037 2641; x_wconf 88' lang='grc' dir='ltr'><strong>τε</strong></span> <span class='ocrx_word' id='word_1_407' title='bbox 3078 2586 3156 2658; x_wconf 79' lang='grc' dir='ltr'>τῷ</span> <span class='ocrx_word' id='word_1_408' title='bbox 3195 2586 3369 2650; x_wconf 78' lang='grc' dir='ltr'>ὕδατι,</span> <span class='ocrx_word' id='word_1_409' title='bbox 3397 2588 3493 2640; x_wconf 76' lang='grc' dir='ltr'>καὶ</span> <span class='ocrx_word' id='word_1_410' title='bbox 3532 2586 3736 2657; x_wconf 82' lang='grc' dir='ltr'>ὑπερέ-</span> 
     </span>
    </p>
   </div>
   <div class='ocr_carea' id='block_1_57' title="bbox 2150 2678 3731 2752">
    <p class='ocr_par' dir='ltr' id='par_1_57' title="bbox 2150 2678 3731 2752">
     <span class='ocr_line' id='line_1_57' title="bbox 2150 2678 3731 2752; baseline -0.001 -20"><span class='ocrx_word' id='word_1_411' title='bbox 2150 2697 2255 2750; x_wconf 91' lang='grc' dir='ltr'>χει,</span> <span class='ocrx_word' id='word_1_412' title='bbox 2295 2679 2363 2732; x_wconf 72' lang='grc' dir='ltr'><strong>τά</strong></span> <span class='ocrx_word' id='word_1_413' title='bbox 2392 2678 2601 2752; x_wconf 83' lang='grc' dir='ltr'>χρηστὰ</span> <span class='ocrx_word' id='word_1_414' title='bbox 2628 2680 2686 2732; x_wconf 82' lang='grc' dir='ltr'>δὲ</span> <span class='ocrx_word' id='word_1_415' title='bbox 2708 2679 2886 2733; x_wconf 84' lang='grc' dir='ltr'>αὐτῶν</span> <span class='ocrx_word' id='word_1_416' title='bbox 2914 2681 3031 2732; x_wconf 90' lang='grc' dir='ltr'>ἐστι</span> <span class='ocrx_word' id='word_1_417' title='bbox 3074 2679 3223 2733; x_wconf 88' lang='grc' dir='ltr'>κάτω</span> <span class='ocrx_word' id='word_1_418' title='bbox 3247 2678 3342 2733; x_wconf 75' lang='grc' dir='ltr'>καὶ</span> <span class='ocrx_word' id='word_1_419' title='bbox 3374 2680 3432 2732; x_wconf 93' lang='grc' dir='ltr'><strong>ἐν</strong></span> <span class='ocrx_word' id='word_1_420' title='bbox 3458 2678 3673 2747; x_wconf 70' lang='grc' dir='ltr'>ἀφανεῖ.</span> <span class='ocrx_word' id='word_1_421' title='bbox 3710 2698 3731 2730; x_wconf 69' lang='grc' dir='ltr'><strong>ι</strong></span> 
     </span>
    </p>
   </div>
   <div class='ocr_carea' id='block_1_58' title="bbox 2155 2773 3734 2847">
    <p class='ocr_par' dir='ltr' id='par_1_58' title="bbox 2155 2773 3734 2847">
     <span class='ocr_line' id='line_1_58' title="bbox 2155 2773 3734 2847; baseline 0.003 -20"><span class='ocrx_word' id='word_1_422' title='bbox 2155 2773 2341 2827; x_wconf 77' lang='grc' dir='ltr'>Ταῦτα</span> <span class='ocrx_word' id='word_1_423' title='bbox 2397 2776 2492 2828; x_wconf 78' lang='grc' dir='ltr'>καὶ</span> <span class='ocrx_word' id='word_1_424' title='bbox 2545 2775 2674 2847; x_wconf 77' lang='grc' dir='ltr'>περὶ</span> <span class='ocrx_word' id='word_1_425' title='bbox 2728 2775 3039 2847; x_wconf 86' lang='grc' dir='ltr'>Καρνεάδου</span> <span class='ocrx_word' id='word_1_426' title='bbox 3088 2776 3324 2844; x_wconf 85' lang='grc' dir='ltr'>λέγεται.</span> <span class='ocrx_word' id='word_1_427' title='bbox 3385 2776 3641 2846; x_wconf 86' lang='grc' dir='ltr'>Διάδοχος</span> <span class='ocrx_word' id='word_1_428' title='bbox 3686 2778 3734 2831; x_wconf 83' lang='grc' dir='ltr'>δ’</span> 
     </span>
    </p>
   </div>
   <div class='ocr_carea' id='block_1_59' title="bbox 2156 2867 3730 2941">
    <p class='ocr_par' dir='ltr' id='par_1_59' title="bbox 2156 2867 3730 2941">
     <span class='ocr_line' id='line_1_59' title="bbox 2156 2867 3730 2941; baseline 0.003 -21"><span class='ocrx_word' id='word_1_429' title='bbox 2156 2867 2321 2921; x_wconf 77' lang='grc' dir='ltr'>αὐτοῦ</span> <span class='ocrx_word' id='word_1_430' title='bbox 2399 2868 2497 2938; x_wconf 78' lang='grc' dir='ltr'>τῆς</span> <span class='ocrx_word' id='word_1_431' title='bbox 2569 2868 2847 2940; x_wconf 79' lang='grc' dir='ltr'>διατριϐῆς</span> <span class='ocrx_word' id='word_1_432' title='bbox 2930 2868 3253 2923; x_wconf 85' lang='grc' dir='ltr'>καθίσταται</span> <span class='ocrx_word' id='word_1_433' title='bbox 3328 2869 3730 2941; x_wconf 82' lang='grc' dir='ltr'>Κλειτόμαχος·</span> 
     </span>
    </p>
   </div>
   <div class='ocr_carea' id='block_1_60' title="bbox 2160 2955 3737 3035">
    <p class='ocr_par' dir='ltr' id='par_1_60' title="bbox 2160 2955 3737 3035">
     <span class='ocr_line' id='line_1_60' title="bbox 2160 2955 3737 3035; baseline 0.003 -22"><span class='ocrx_word' id='word_1_434' title='bbox 2160 2959 2275 3030; x_wconf 84' lang='grc' dir='ltr'>μεθ’</span> <span class='ocrx_word' id='word_1_435' title='bbox 2302 2960 2361 3014; x_wconf 83' lang='grc' dir='ltr'>ὃν</span> <span class='ocrx_word' id='word_1_436' title='bbox 2404 2960 2607 3027; x_wconf 80' lang='grc' dir='ltr'>Φίλων,</span> <span class='ocrx_word' id='word_1_437' title='bbox 2665 2955 2726 3015; x_wconf 74' lang='grc' dir='ltr'><strong>οὗ</strong></span> <span class='ocrx_word' id='word_1_438' title='bbox 2781 2962 2907 3035; x_wconf 83' lang='grc' dir='ltr'>πέρι</span> <span class='ocrx_word' id='word_1_439' title='bbox 2961 2964 2990 3016; x_wconf 86' lang='grc' dir='ltr'><strong>ό</strong></span> <span class='ocrx_word' id='word_1_440' title='bbox 3039 2963 3345 3035; x_wconf 84' lang='grc' dir='ltr'>Νουμήνιος</span> <span class='ocrx_word' id='word_1_441' title='bbox 3402 2964 3737 3035; x_wconf 72' lang='grc' dir='ltr'>μνημονεύει</span> 
     </span>
    </p>
   </div>
   <div class='ocr_carea' id='block_1_61' title="bbox 2155 3052 2347 3107">
    <p class='ocr_par' dir='ltr' id='par_1_61' title="bbox 2155 3052 2347 3107">
     <span class='ocr_line' id='line_1_61' title="bbox 2155 3052 2347 3107; baseline 0.005 -1"><span class='ocrx_word' id='word_1_442' title='bbox 2155 3052 2347 3107; x_wconf 76' lang='grc' dir='ltr'>ταῦτα.</span> 
     </span>
    </p>
   </div>
   <div class='ocr_carea' id='block_1_62' title="bbox 475 3143 3740 3218">
    <p class='ocr_par' dir='ltr' id='par_1_62' title="bbox 475 3143 3740 3218">
     <span class='ocr_line' id='line_1_62' title="bbox 475 3143 3740 3218; baseline 0.002 -21"><span class='ocrx_word' id='word_1_443' title='bbox 475 3152 629 3197; x_wconf 83' lang='lat' dir='ltr'><strong>certo</strong></span> <span class='ocrx_word' id='word_1_444' title='bbox 670 3145 1073 3213; x_wconf 86' lang='lat' dir='ltr'><strong>pronuntiabat,</strong></span> <span class='ocrx_word' id='word_1_445' title='bbox 1103 3160 1224 3215; x_wconf 76' lang='lat' dir='ltr'><strong>qua:</strong></span> <span class='ocrx_word' id='word_1_446' title='bbox 1246 3144 1386 3199; x_wconf 89' lang='lat' dir='ltr'><strong>alius</strong></span> <span class='ocrx_word' id='word_1_447' title='bbox 1418 3144 1597 3214; x_wconf 88' lang='lat' dir='ltr'><strong>quivis</strong></span> <span class='ocrx_word' id='word_1_448' title='bbox 1622 3160 1651 3198; x_wconf 92' lang='lat' dir='ltr'><strong>e</strong></span> <span class='ocrx_word' id='word_1_449' title='bbox 1686 3144 1905 3214; x_wconf 77' lang='lat' dir='ltr'><strong>pepulo.</strong></span> <span class='ocrx_word' id='word_1_450' title='bbox 1952 3162 1969 3195; x_wconf 70' lang='grc' dir='ltr'><strong>ι</strong></span> <span class='ocrx_word' id='word_1_451' title='bbox 1992 3143 2199 3210; x_wconf 86' lang='lat' dir='ltr'><strong>Quibus</strong></span> <span class='ocrx_word' id='word_1_452' title='bbox 2226 3146 2419 3201; x_wconf 89' lang='lat' dir='ltr'><strong>deinde</strong></span> <span class='ocrx_word' id='word_1_453' title='bbox 2444 3146 2594 3201; x_wconf 89' lang='lat' dir='ltr'><strong>addit</strong></span> <span class='ocrx_word' id='word_1_454' title='bbox 2625 3163 2639 3201; x_wconf 86' lang='lat'>:</span> <span class='ocrx_word' id='word_1_455' title='bbox 2671 3165 2690 3198; x_wconf 77' lang='grc' dir='ltr'><strong>ι</strong></span> <span class='ocrx_word' id='word_1_456' title='bbox 2714 3146 3011 3203; x_wconf 81' lang='lat' dir='ltr'><strong>Mentorem</strong></span> <span class='ocrx_word' id='word_1_457' title='bbox 3040 3148 3354 3203; x_wconf 79' lang='lat' dir='ltr'><strong>Carneades</strong></span> <span class='ocrx_word' id='word_1_458' title='bbox 3376 3147 3611 3218; x_wconf 85' lang='lat' dir='ltr'><strong>primum</strong></span> <span class='ocrx_word' id='word_1_459' title='bbox 3643 3149 3740 3203; x_wconf 79' lang='lat' dir='ltr'><strong>ha-</strong></span> 
     </span>
    </p>
   </div>
   <div class='ocr_carea' id='block_1_63' title="bbox 482 3235 3736 3312">
    <p class='ocr_par' dir='ltr' id='par_1_63' title="bbox 482 3235 3736 3312">
     <span class='ocr_line' id='line_1_63' title="bbox 482 3235 3736 3312; baseline 0.002 -23"><span class='ocrx_word' id='word_1_460' title='bbox 482 3235 599 3290; x_wconf 88' lang='lat' dir='ltr'><strong>buit</strong></span> <span class='ocrx_word' id='word_1_461' title='bbox 652 3236 1009 3307; x_wconf 89' lang='lat' dir='ltr'><strong>discipulum,</strong></span> <span class='ocrx_word' id='word_1_462' title='bbox 1067 3252 1173 3292; x_wconf 92' lang='lat' dir='ltr'><strong>non</strong></span> <span class='ocrx_word' id='word_1_463' title='bbox 1218 3248 1397 3291; x_wconf 86' lang='lat' dir='ltr'><strong>tamen</strong></span> <span class='ocrx_word' id='word_1_464' title='bbox 1438 3252 1832 3292; x_wconf 86' lang='lat' dir='ltr'><strong>successorem.</strong></span> <span class='ocrx_word' id='word_1_465' title='bbox 1895 3236 2049 3303; x_wconf 88' lang='lat' dir='ltr'><strong>Quod</strong></span> <span class='ocrx_word' id='word_1_466' title='bbox 2088 3239 2232 3293; x_wconf 88' lang='lat' dir='ltr'><strong>enim</strong></span> <span class='ocrx_word' id='word_1_467' title='bbox 2281 3240 2432 3295; x_wconf 90' lang='lat' dir='ltr'><strong>illum</strong></span> <span class='ocrx_word' id='word_1_468' title='bbox 2486 3239 2666 3295; x_wconf 86' lang='lat' dir='ltr'><strong>adhuc</strong></span> <span class='ocrx_word' id='word_1_469' title='bbox 2714 3241 2903 3296; x_wconf 80' lang='lat' dir='ltr'><strong>vivens</strong></span> <span class='ocrx_word' id='word_1_470' title='bbox 2942 3257 3065 3296; x_wconf 90' lang='lat' dir='ltr'><strong>cum</strong></span> <span class='ocrx_word' id='word_1_471' title='bbox 3091 3241 3279 3311; x_wconf 90' lang='lat' dir='ltr'><strong>pellice</strong></span> <span class='ocrx_word' id='word_1_472' title='bbox 3301 3256 3400 3296; x_wconf 90' lang='lat' dir='ltr'><strong>sua</strong></span> <span class='ocrx_word' id='word_1_473' title='bbox 3436 3250 3736 3312; x_wconf 88' lang='lat' dir='ltr'><strong>repererat,</strong></span> 
     </span>
    </p>
   </div>
   <div class='ocr_carea' id='block_1_64' title="bbox 478 3332 3739 3409">
    <p class='ocr_par' dir='ltr' id='par_1_64' title="bbox 478 3332 3739 3409">
     <span class='ocr_line' id='line_1_64' title="bbox 478 3332 3739 3409; baseline 0.003 -24"><span class='ocrx_word' id='word_1_474' title='bbox 478 3347 586 3386; x_wconf 90' lang='lat' dir='ltr'><strong>non</strong></span> <span class='ocrx_word' id='word_1_475' title='bbox 610 3348 724 3403; x_wconf 79' lang='lat' dir='ltr'><strong>jam</strong></span> <span class='ocrx_word' id='word_1_476' title='bbox 754 3334 871 3387; x_wconf 91' lang='lat' dir='ltr'><strong>viso</strong></span> <span class='ocrx_word' id='word_1_477' title='bbox 918 3342 1129 3389; x_wconf 88' lang='lat' dir='ltr'><strong>tantum</strong></span> <span class='ocrx_word' id='word_1_478' title='bbox 1162 3332 1451 3404; x_wconf 89' lang='lat' dir='ltr'><strong>probabili,</strong></span> <span class='ocrx_word' id='word_1_479' title='bbox 1502 3343 1594 3385; x_wconf 91' lang='lat' dir='ltr'><strong>aut</strong></span> <span class='ocrx_word' id='word_1_480' title='bbox 1628 3334 1785 3403; x_wconf 89' lang='lat' dir='ltr'><strong>quasi</strong></span> <span class='ocrx_word' id='word_1_481' title='bbox 1837 3334 2018 3389; x_wconf 89' lang='lat' dir='ltr'><strong>minus</strong></span> <span class='ocrx_word' id='word_1_482' title='bbox 2069 3336 2345 3391; x_wconf 90' lang='lat' dir='ltr'><strong>hominem</strong></span> <span class='ocrx_word' id='word_1_483' title='bbox 2392 3338 2914 3409; x_wconf 90' lang='lat' dir='ltr'><strong>comprehenderet,</strong></span> <span class='ocrx_word' id='word_1_484' title='bbox 2962 3347 3019 3393; x_wconf 89' lang='lat' dir='ltr'><strong>at</strong></span> <span class='ocrx_word' id='word_1_485' title='bbox 3054 3339 3173 3395; x_wconf 82' lang='lat' dir='ltr'><strong>suis</strong></span> <span class='ocrx_word' id='word_1_486' title='bbox 3227 3339 3465 3395; x_wconf 77' lang='lat' dir='ltr'><strong>maxime</strong></span> <span class='ocrx_word' id='word_1_487' title='bbox 3504 3340 3739 3396; x_wconf 79' lang='lat' dir='ltr'><strong>credens</strong></span> 
     </span>
    </p>
   </div>
   <div class='ocr_carea' id='block_1_65' title="bbox 477 3422 3738 3503">
    <p class='ocr_par' dir='ltr' id='par_1_65' title="bbox 477 3422 3738 3503">
     <span class='ocr_line' id='line_1_65' title="bbox 477 3422 3738 3503; baseline 0.004 -27"><span class='ocrx_word' id='word_1_488' title='bbox 477 3422 674 3490; x_wconf 89' lang='lat' dir='ltr'><strong>oculis,</strong></span> <span class='ocrx_word' id='word_1_489' title='bbox 706 3440 941 3494; x_wconf 89' lang='lat' dir='ltr'><strong>eumque</strong></span> <span class='ocrx_word' id='word_1_490' title='bbox 966 3441 1091 3480; x_wconf 92' lang='lat' dir='ltr'><strong>vere</strong></span> <span class='ocrx_word' id='word_1_491' title='bbox 1124 3425 1613 3494; x_wconf 74' lang='lat' dir='ltr'><strong>comprehenderis,</strong></span> <span class='ocrx_word' id='word_1_492' title='bbox 1649 3428 1767 3496; x_wconf 87' lang='lat' dir='ltr'><strong>ejus</strong></span> <span class='ocrx_word' id='word_1_493' title='bbox 1824 3428 2079 3498; x_wconf 86' lang='lat' dir='ltr'><strong>deinceps</strong></span> <span class='ocrx_word' id='word_1_494' title='bbox 2117 3445 2335 3498; x_wconf 88' lang='lat' dir='ltr'><strong>operam</strong></span> <span class='ocrx_word' id='word_1_495' title='bbox 2364 3440 2418 3486; x_wconf 89' lang='lat' dir='ltr'><strong>et</strong></span> <span class='ocrx_word' id='word_1_496' title='bbox 2459 3432 2910 3489; x_wconf 89' lang='lat' dir='ltr'><strong>consuetudinem</strong></span> <span class='ocrx_word' id='word_1_497' title='bbox 2947 3434 3273 3503; x_wconf 89' lang='lat' dir='ltr'><strong>repudiavit.</strong></span> <span class='ocrx_word' id='word_1_498' title='bbox 3312 3433 3415 3501; x_wconf 88' lang='lat' dir='ltr'><strong>Qui</strong></span> <span class='ocrx_word' id='word_1_499' title='bbox 3453 3449 3481 3487; x_wconf 92' lang='lat' dir='ltr'><strong>a</strong></span> <span class='ocrx_word' id='word_1_500' title='bbox 3507 3434 3738 3490; x_wconf 88' lang='lat' dir='ltr'><strong>doctore</strong></span> 
     </span>
    </p>
   </div>
   <div class='ocr_carea' id='block_1_66' title="bbox 479 3519 3743 3601">
    <p class='ocr_par' dir='ltr' id='par_1_66' title="bbox 479 3519 3743 3601">
     <span class='ocr_line' id='line_1_66' title="bbox 479 3519 3743 3601; baseline 0.005 -32"><span class='ocrx_word' id='word_1_501' title='bbox 479 3526 762 3587; x_wconf 88' lang='lat' dir='ltr'><strong>propterea</strong></span> <span class='ocrx_word' id='word_1_502' title='bbox 811 3519 1091 3582; x_wconf 88' lang='lat' dir='ltr'><strong>deliciens,</strong></span> <span class='ocrx_word' id='word_1_503' title='bbox 1143 3522 1347 3575; x_wconf 87' lang='lat' dir='ltr'><strong>mutuis</strong></span> <span class='ocrx_word' id='word_1_504' title='bbox 1373 3537 1496 3575; x_wconf 91' lang='lat' dir='ltr'><strong>cum</strong></span> <span class='ocrx_word' id='word_1_505' title='bbox 1547 3522 1638 3575; x_wconf 91' lang='lat' dir='ltr'><strong>illo</strong></span> <span class='ocrx_word' id='word_1_506' title='bbox 1686 3523 1915 3593; x_wconf 83' lang='lat' dir='ltr'><strong>argutiis</strong></span> <span class='ocrx_word' id='word_1_507' title='bbox 1963 3525 2279 3595; x_wconf 84' lang='lat' dir='ltr'><strong>technisque</strong></span> <span class='ocrx_word' id='word_1_508' title='bbox 2310 3543 2569 3597; x_wconf 80' lang='lat' dir='ltr'><strong>pugnare,</strong></span> <span class='ocrx_word' id='word_1_509' title='bbox 2609 3546 2838 3600; x_wconf 69' lang='lat' dir='ltr'><strong>quaeque</strong></span> <span class='ocrx_word' id='word_1_510' title='bbox 2878 3529 2967 3585; x_wconf 79' lang='lat' dir='ltr'><strong>ille</strong></span> <span class='ocrx_word' id='word_1_511' title='bbox 3012 3530 3464 3601; x_wconf 85' lang='lat' dir='ltr'><strong>incomprehense</strong></span> <span class='ocrx_word' id='word_1_512' title='bbox 3489 3530 3743 3586; x_wconf 86' lang='lat' dir='ltr'><strong>defende-</strong></span> 
     </span>
    </p>
   </div>
   <div class='ocr_carea' id='block_1_67' title="bbox 478 3608 3740 3693">
    <p class='ocr_par' dir='ltr' id='par_1_67' title="bbox 478 3608 3740 3693">
     <span class='ocr_line' id='line_1_67' title="bbox 478 3608 3740 3693; baseline 0.005 -31"><span class='ocrx_word' id='word_1_513' title='bbox 478 3608 604 3673; x_wconf 81' lang='lat' dir='ltr'><strong>bat,</strong></span> <span class='ocrx_word' id='word_1_514' title='bbox 635 3625 948 3678; x_wconf 73' lang='lat' dir='ltr'><strong>Oppugnare</strong></span> <span class='ocrx_word' id='word_1_515' title='bbox 996 3614 1179 3681; x_wconf 75' lang='lat' dir='ltr'><strong>cmpit.</strong></span> <span class='ocrx_word' id='word_1_516' title='bbox 1229 3631 1247 3664; x_wconf 75' lang='grc' dir='ltr'><strong>ι</strong></span> <span class='ocrx_word' id='word_1_517' title='bbox 1288 3612 1450 3684; x_wconf 81' lang='lat'><strong>739</strong></span> <span class='ocrx_word' id='word_1_518' title='bbox 1491 3613 1730 3683; x_wconf 90' lang='lat' dir='ltr'><strong>Itemque</strong></span> <span class='ocrx_word' id='word_1_519' title='bbox 1764 3625 1886 3685; x_wconf 89' lang='lat' dir='ltr'><strong>post</strong></span> <span class='ocrx_word' id='word_1_520' title='bbox 1921 3616 2027 3670; x_wconf 90' lang='lat' dir='ltr'><strong>alia</strong></span> <span class='ocrx_word' id='word_1_521' title='bbox 2058 3632 2073 3671; x_wconf 89' lang='lat'><strong>:</strong></span> <span class='ocrx_word' id='word_1_522' title='bbox 2104 3637 2122 3669; x_wconf 70' lang='grc' dir='ltr'><strong>ι</strong></span> <span class='ocrx_word' id='word_1_523' title='bbox 2166 3621 2475 3675; x_wconf 74' lang='lat' dir='ltr'><strong>Carneades</strong></span> <span class='ocrx_word' id='word_1_524' title='bbox 2534 3632 2753 3687; x_wconf 87' lang='lat' dir='ltr'><strong>autem,</strong></span> <span class='ocrx_word' id='word_1_525' title='bbox 2801 3623 2895 3693; x_wconf 87' lang='lat' dir='ltr'><strong>qui</strong></span> <span class='ocrx_word' id='word_1_526' title='bbox 2941 3624 3211 3679; x_wconf 89' lang='lat' dir='ltr'><strong>contraria</strong></span> <span class='ocrx_word' id='word_1_527' title='bbox 3265 3624 3501 3679; x_wconf 83' lang='lat' dir='ltr'><strong>vicissim</strong></span> <span class='ocrx_word' id='word_1_528' title='bbox 3552 3625 3740 3680; x_wconf 75' lang='lat' dir='ltr'><strong>omnia</strong></span> 
     </span>
    </p>
   </div>
   <div class='ocr_carea' id='block_1_68' title="bbox 479 3700 3741 3786">
    <p class='ocr_par' dir='ltr' id='par_1_68' title="bbox 479 3700 3741 3786">
     <span class='ocr_line' id='line_1_68' title="bbox 479 3700 3741 3786; baseline 0.006 -34"><span class='ocrx_word' id='word_1_529' title='bbox 479 3700 983 3774; x_wconf 89' lang='lat' dir='ltr'><strong>philosopharetur,</strong></span> <span class='ocrx_word' id='word_1_530' title='bbox 1029 3704 1401 3773; x_wconf 89' lang='lat' dir='ltr'><strong>triumphabat</strong></span> <span class='ocrx_word' id='word_1_531' title='bbox 1452 3706 1505 3758; x_wconf 90' lang='lat' dir='ltr'><strong>in</strong></span> <span class='ocrx_word' id='word_1_532' title='bbox 1550 3708 1871 3773; x_wconf 89' lang='lat' dir='ltr'><strong>mendaciis,</strong></span> <span class='ocrx_word' id='word_1_533' title='bbox 1908 3709 2108 3779; x_wconf 89' lang='lat' dir='ltr'><strong>quibus</strong></span> <span class='ocrx_word' id='word_1_534' title='bbox 2132 3702 2332 3765; x_wconf 41' lang='lat' dir='ltr'><strong>‘verum</strong></span> <span class='ocrx_word' id='word_1_535' title='bbox 2394 3712 2661 3768; x_wconf 89' lang='lat' dir='ltr'><strong>abolebat.</strong></span> <span class='ocrx_word' id='word_1_536' title='bbox 2722 3714 3045 3785; x_wconf 90' lang='lat' dir='ltr'><strong>Quanquam</strong></span> <span class='ocrx_word' id='word_1_537' title='bbox 3089 3715 3157 3771; x_wconf 89' lang='lat' dir='ltr'><strong>iis</strong></span> <span class='ocrx_word' id='word_1_538' title='bbox 3195 3724 3452 3785; x_wconf 89' lang='lat' dir='ltr'><strong>tanquam</strong></span> <span class='ocrx_word' id='word_1_539' title='bbox 3479 3731 3741 3786; x_wconf 75' lang='lat' dir='ltr'><strong>oppansrs</strong></span> 
     </span>
    </p>
   </div>
   <div class='ocr_carea' id='block_1_69' title="bbox 477 3797 3739 3878">
    <p class='ocr_par' dir='ltr' id='par_1_69' title="bbox 477 3797 3739 3878">
     <span class='ocr_line' id='line_1_69' title="bbox 477 3797 3739 3878; baseline 0.004 -29"><span class='ocrx_word' id='word_1_540' title='bbox 477 3797 809 3868; x_wconf 86' lang='lat' dir='ltr'><strong>quihusdam</strong></span> <span class='ocrx_word' id='word_1_541' title='bbox 841 3797 975 3853; x_wconf 91' lang='lat' dir='ltr'><strong>velis</strong></span> <span class='ocrx_word' id='word_1_542' title='bbox 1022 3798 1311 3863; x_wconf 89' lang='lat' dir='ltr'><strong>utebatur,</strong></span> <span class='ocrx_word' id='word_1_543' title='bbox 1374 3814 1497 3853; x_wconf 92' lang='lat' dir='ltr'><strong>cum</strong></span> <span class='ocrx_word' id='word_1_544' title='bbox 1532 3799 1675 3854; x_wconf 90' lang='lat' dir='ltr'><strong>intro</strong></span> <span class='ocrx_word' id='word_1_545' title='bbox 1731 3799 1950 3855; x_wconf 86' lang='lat' dir='ltr'><strong>latitans</strong></span> <span class='ocrx_word' id='word_1_546' title='bbox 2015 3817 2142 3856; x_wconf 89' lang='lat' dir='ltr'><strong>vera</strong></span> <span class='ocrx_word' id='word_1_547' title='bbox 2180 3802 2428 3858; x_wconf 81' lang='lat' dir='ltr'><strong>callidius</strong></span> <span class='ocrx_word' id='word_1_548' title='bbox 2473 3821 2537 3861; x_wconf 92' lang='lat' dir='ltr'><strong>ac</strong></span> <span class='ocrx_word' id='word_1_549' title='bbox 2578 3807 2849 3862; x_wconf 88' lang='lat' dir='ltr'><strong>versutius</strong></span> <span class='ocrx_word' id='word_1_550' title='bbox 2896 3807 3229 3876; x_wconf 88' lang='lat' dir='ltr'><strong>loqueretur.</strong></span> <span class='ocrx_word' id='word_1_551' title='bbox 3286 3807 3360 3862; x_wconf 91' lang='lat' dir='ltr'><strong>Ita</strong></span> <span class='ocrx_word' id='word_1_552' title='bbox 3414 3809 3517 3864; x_wconf 86' lang='lat' dir='ltr'><strong>hoc</strong></span> <span class='ocrx_word' id='word_1_553' title='bbox 3558 3809 3739 3878; x_wconf 89' lang='lat' dir='ltr'><strong>ipsum</strong></span> 
     </span>
    </p>
   </div>
   <div class='ocr_carea' id='block_1_70' title="bbox 478 3892 3743 3974">
    <p class='ocr_par' dir='ltr' id='par_1_70' title="bbox 478 3892 3743 3974">
     <span class='ocr_line' id='line_1_70' title="bbox 478 3892 3743 3974; baseline 0.005 -28"><span class='ocrx_word' id='word_1_554' title='bbox 478 3892 808 3965; x_wconf 86' lang='lat' dir='ltr'><strong>philosopho</strong></span> <span class='ocrx_word' id='word_1_555' title='bbox 839 3892 1137 3954; x_wconf 88' lang='lat' dir='ltr'><strong>accidebat,</strong></span> <span class='ocrx_word' id='word_1_556' title='bbox 1178 3894 1323 3962; x_wconf 89' lang='lat' dir='ltr'><strong>quod</strong></span> <span class='ocrx_word' id='word_1_557' title='bbox 1362 3893 1414 3947; x_wconf 91' lang='lat' dir='ltr'><strong>in</strong></span> <span class='ocrx_word' id='word_1_558' title='bbox 1442 3895 1809 3965; x_wconf 82' lang='lat' dir='ltr'><strong>leguminibus</strong></span> <span class='ocrx_word' id='word_1_559' title='bbox 1838 3897 2055 3952; x_wconf 85' lang='lat' dir='ltr'><strong>evenire</strong></span> <span class='ocrx_word' id='word_1_560' title='bbox 2090 3899 2244 3961; x_wconf 88' lang='lat' dir='ltr'><strong>solet,</strong></span> <span class='ocrx_word' id='word_1_561' title='bbox 2288 3916 2351 3954; x_wconf 76' lang='lat' dir='ltr'><strong>ex</strong></span> <span class='ocrx_word' id='word_1_562' title='bbox 2384 3902 2586 3971; x_wconf 88' lang='lat' dir='ltr'><strong>quibus</strong></span> <span class='ocrx_word' id='word_1_563' title='bbox 2638 3920 2759 3974; x_wconf 72' lang='lat' dir='ltr'><strong>qua:</strong></span> <span class='ocrx_word' id='word_1_564' title='bbox 2784 3904 2965 3958; x_wconf 88' lang='lat' dir='ltr'><strong>inania</strong></span> <span class='ocrx_word' id='word_1_565' title='bbox 3011 3915 3140 3959; x_wconf 89' lang='lat' dir='ltr'><strong>sunt</strong></span> <span class='ocrx_word' id='word_1_566' title='bbox 3165 3914 3219 3959; x_wconf 94' lang='lat' dir='ltr'><strong>et</strong></span> <span class='ocrx_word' id='word_1_567' title='bbox 3240 3920 3433 3968; x_wconf 78' lang='lat' dir='ltr'><strong>vacua,</strong></span> <span class='ocrx_word' id='word_1_568' title='bbox 3464 3906 3743 3961; x_wconf 76' lang='lat' dir='ltr'><strong>exsistunt</strong></span> 
     </span>
    </p>
   </div>
   <div class='ocr_carea' id='block_1_71' title="bbox 480 3986 3742 4060">
    <p class='ocr_par' dir='ltr' id='par_1_71' title="bbox 480 3986 3742 4060">
     <span class='ocr_line' id='line_1_71' title="bbox 480 3986 3742 4060; baseline 0.004 -19"><span class='ocrx_word' id='word_1_569' title='bbox 480 4001 547 4041; x_wconf 84' lang='lat' dir='ltr'><strong>ac</strong></span> <span class='ocrx_word' id='word_1_570' title='bbox 580 4000 809 4040; x_wconf 71' lang='lat' dir='ltr'><strong>summa:</strong></span> <span class='ocrx_word' id='word_1_571' title='bbox 867 4001 1021 4055; x_wconf 79' lang='lat' dir='ltr'><strong>aqua:</strong></span> <span class='ocrx_word' id='word_1_572' title='bbox 1054 3986 1336 4052; x_wconf 89' lang='lat' dir='ltr'><strong>innatant,</strong></span> <span class='ocrx_word' id='word_1_573' title='bbox 1373 4004 1495 4041; x_wconf 87' lang='lat' dir='ltr'><strong>eum</strong></span> <span class='ocrx_word' id='word_1_574' title='bbox 1540 3989 1743 4057; x_wconf 88' lang='lat' dir='ltr'><strong>optima</strong></span> <span class='ocrx_word' id='word_1_575' title='bbox 1806 4005 2035 4060; x_wconf 71' lang='lat' dir='ltr'><strong>qumque</strong></span> <span class='ocrx_word' id='word_1_576' title='bbox 2087 3992 2307 4057; x_wconf 87' lang='lat' dir='ltr'><strong>lateant,</strong></span> <span class='ocrx_word' id='word_1_577' title='bbox 2354 4006 2407 4049; x_wconf 90' lang='lat' dir='ltr'><strong>et</strong></span> <span class='ocrx_word' id='word_1_578' title='bbox 2450 3996 2641 4051; x_wconf 89' lang='lat' dir='ltr'><strong>altiore</strong></span> <span class='ocrx_word' id='word_1_579' title='bbox 2673 3997 2841 4053; x_wconf 90' lang='lat' dir='ltr'><strong>fundo</strong></span> <span class='ocrx_word' id='word_1_580' title='bbox 2883 3997 3068 4055; x_wconf 88' lang='lat' dir='ltr'><strong>clausa</strong></span> <span class='ocrx_word' id='word_1_581' title='bbox 3114 4008 3418 4054; x_wconf 88' lang='lat' dir='ltr'><strong>teneantur.</strong></span> <span class='ocrx_word' id='word_1_582' title='bbox 3453 4018 3471 4052; x_wconf 74' lang='grc' dir='ltr'><strong>ι</strong></span> <span class='ocrx_word' id='word_1_583' title='bbox 3518 3997 3643 4054; x_wconf 64' lang='lat' dir='ltr'><strong>Haec</strong></span> <span class='ocrx_word' id='word_1_584' title='bbox 3671 3999 3742 4055; x_wconf 92' lang='lat' dir='ltr'><strong>de</strong></span> 
     </span>
    </p>
   </div>
   <div class='ocr_carea' id='block_1_72' title="bbox 480 4076 3743 4159">
    <p class='ocr_par' dir='ltr' id='par_1_72' title="bbox 480 4076 3743 4159">
     <span class='ocr_line' id='line_1_72' title="bbox 480 4076 3743 4159; baseline 0.004 -28"><span class='ocrx_word' id='word_1_585' title='bbox 480 4076 764 4132; x_wconf 88' lang='lat' dir='ltr'><strong>Carneade</strong></span> <span class='ocrx_word' id='word_1_586' title='bbox 814 4076 1026 4147; x_wconf 89' lang='lat' dir='ltr'><strong>prodita</strong></span> <span class='ocrx_word' id='word_1_587' title='bbox 1053 4078 1302 4146; x_wconf 80' lang='lat' dir='ltr'><strong>legimus.</strong></span> <span class='ocrx_word' id='word_1_588' title='bbox 1350 4078 1401 4134; x_wconf 91' lang='lat' dir='ltr'><strong>ls</strong></span> <span class='ocrx_word' id='word_1_589' title='bbox 1442 4080 1841 4137; x_wconf 73' lang='lat' dir='ltr'><strong>Clitomachum</strong></span> <span class='ocrx_word' id='word_1_590' title='bbox 1893 4084 2027 4139; x_wconf 90' lang='lat' dir='ltr'><strong>artis</strong></span> <span class='ocrx_word' id='word_1_591' title='bbox 2084 4085 2449 4157; x_wconf 56' lang='lat' dir='ltr'><strong>doctrinaque</strong></span> <span class='ocrx_word' id='word_1_592' title='bbox 2503 4105 2874 4146; x_wconf 88' lang='lat' dir='ltr'><strong>successorem</strong></span> <span class='ocrx_word' id='word_1_593' title='bbox 2908 4090 3129 4159; x_wconf 86' lang='lat' dir='ltr'><strong>habuit;</strong></span> <span class='ocrx_word' id='word_1_594' title='bbox 3165 4090 3448 4147; x_wconf 82' lang='lat' dir='ltr'><strong>Philonem</strong></span> <span class='ocrx_word' id='word_1_595' title='bbox 3478 4092 3743 4147; x_wconf 89' lang='lat' dir='ltr'><strong>Clitoma-</strong></span> 
     </span>
    </p>
   </div>
   <div class='ocr_carea' id='block_1_73' title="bbox 480 4172 1802 4246">
    <p class='ocr_par' dir='ltr' id='par_1_73' title="bbox 480 4172 1802 4246">
     <span class='ocr_line' id='line_1_73' title="bbox 480 4172 1802 4246; baseline 0.002 -15"><span class='ocrx_word' id='word_1_596' title='bbox 480 4173 640 4239; x_wconf 83' lang='lat' dir='ltr'><strong>chus,</strong></span> <span class='ocrx_word' id='word_1_597' title='bbox 669 4173 735 4227; x_wconf 91' lang='lat' dir='ltr'><strong>de</strong></span> <span class='ocrx_word' id='word_1_598' title='bbox 756 4189 865 4246; x_wconf 91' lang='lat' dir='ltr'><strong>quo</strong></span> <span class='ocrx_word' id='word_1_599' title='bbox 902 4173 1044 4229; x_wconf 88' lang='lat' dir='ltr'><strong>idem</strong></span> <span class='ocrx_word' id='word_1_600' title='bbox 1073 4172 1522 4233; x_wconf 75' lang='lat' dir='ltr'><strong>Numenius‘haec</strong></span> <span class='ocrx_word' id='word_1_601' title='bbox 1549 4177 1802 4233; x_wconf 84' lang='lat' dir='ltr'><strong>breviter.</strong></span> 
     </span>
    </p>
   </div>
   <div class='ocr_carea' id='block_1_74' title="bbox 1072 4288 1457 4347">
    <p class='ocr_par' dir='ltr' id='par_1_74' title="bbox 1072 4288 1457 4347">
     <span class='ocr_line' id='line_1_74' title="bbox 1072 4288 1457 4347; baseline 0.008 -4"><span class='ocrx_word' id='word_1_602' title='bbox 1072 4288 1303 4344; x_wconf 86' lang='lat' dir='ltr'><strong>CAPUT</strong></span> <span class='ocrx_word' id='word_1_603' title='bbox 1366 4288 1457 4347; x_wconf 75' lang='lat' dir='ltr'><strong>IX.</strong></span> 
     </span>
    </p>
   </div>
   <div class='ocr_carea' id='block_1_75' title="bbox 483 4400 2055 4474">
    <p class='ocr_par' dir='ltr' id='par_1_75' title="bbox 483 4400 2055 4474">
     <span class='ocr_line' id='line_1_75' title="bbox 483 4400 2055 4474; baseline 0.001 -19"><span class='ocrx_word' id='word_1_604' title='bbox 483 4401 560 4456; x_wconf 88' lang='lat' dir='ltr'><strong>De</strong></span> <span class='ocrx_word' id='word_1_605' title='bbox 583 4400 829 4464; x_wconf 79' lang='lat' dir='ltr'><strong>Philone,</strong></span> <span class='ocrx_word' id='word_1_606' title='bbox 855 4400 1171 4474; x_wconf 78' lang='lat' dir='ltr'><strong>Clitomachi</strong></span> <span class='ocrx_word' id='word_1_607' title='bbox 1201 4402 1314 4469; x_wconf 81' lang='lat' dir='ltr'><strong>ejus</strong></span> <span class='ocrx_word' id='word_1_608' title='bbox 1346 4420 1667 4474; x_wconf 69' lang='lat' dir='ltr'><strong>successore,</strong></span> <span class='ocrx_word' id='word_1_609' title='bbox 1699 4405 1788 4474; x_wconf 82' lang='lat' dir='ltr'><strong>qui</strong></span> <span class='ocrx_word' id='word_1_610' title='bbox 1817 4402 2055 4458; x_wconf 83' lang='lat' dir='ltr'><strong>Carnea-</strong></span> 
     </span>
    </p>
   </div>
   <div class='ocr_carea' id='block_1_76' title="bbox 874 4471 1661 4540">
    <p class='ocr_par' dir='ltr' id='par_1_76' title="bbox 874 4471 1661 4540">
     <span class='ocr_line' id='line_1_76' title="bbox 874 4471 1661 4540; baseline 0.004 -16"><span class='ocrx_word' id='word_1_611' title='bbox 874 4472 991 4525; x_wconf 83' lang='lat' dir='ltr'><strong>dem</strong></span> <span class='ocrx_word' id='word_1_612' title='bbox 1014 4482 1302 4540; x_wconf 77' lang='lat' dir='ltr'><strong>exceperat.</strong></span> <span class='ocrx_word' id='word_1_613' title='bbox 1356 4471 1437 4526; x_wconf 76' lang='lat' dir='ltr'><strong>Ea:</strong></span> <span class='ocrx_word' id='word_1_614' title='bbox 1460 4478 1661 4528; x_wconf 88' lang='lat' dir='ltr'><strong>eodem.</strong></span> 
     </span>
    </p>
   </div>
   <div class='ocr_carea' id='block_1_77' title="bbox 560 4563 2057 4637">
    <p class='ocr_par' dir='ltr' id='par_1_77' title="bbox 560 4563 2057 4637">
     <span class='ocr_line' id='line_1_77' title="bbox 560 4563 2057 4637; baseline 0.003 -20"><span class='ocrx_word' id='word_1_615' title='bbox 560 4582 579 4616; x_wconf 72' lang='grc' dir='ltr'><strong>ε</strong></span> <span class='ocrx_word' id='word_1_616' title='bbox 616 4563 772 4618; x_wconf 81' lang='lat' dir='ltr'><strong>Philo</strong></span> <span class='ocrx_word' id='word_1_617' title='bbox 805 4565 928 4627; x_wconf 88' lang='lat' dir='ltr'><strong>iste,</strong></span> <span class='ocrx_word' id='word_1_618' title='bbox 982 4565 1180 4635; x_wconf 90' lang='lat' dir='ltr'><strong>inquit,</strong></span> <span class='ocrx_word' id='word_1_619' title='bbox 1227 4565 1496 4636; x_wconf 84' lang='lat' dir='ltr'><strong>principio</strong></span> <span class='ocrx_word' id='word_1_620' title='bbox 1549 4568 1767 4637; x_wconf 88' lang='lat' dir='ltr'><strong>quidem</strong></span> <span class='ocrx_word' id='word_1_621' title='bbox 1818 4584 1941 4622; x_wconf 89' lang='lat' dir='ltr'><strong>cum</strong></span> <span class='ocrx_word' id='word_1_622' title='bbox 1990 4566 2057 4621; x_wconf 90' lang='lat' dir='ltr'><strong>ab</strong></span> 
     </span>
    </p>
   </div>
   <div class='ocr_carea' id='block_1_78' title="bbox 486 4655 2057 4726">
    <p class='ocr_par' dir='ltr' id='par_1_78' title="bbox 486 4655 2057 4726">
     <span class='ocr_line' id='line_1_78' title="bbox 486 4655 2057 4726; baseline 0.001 -15"><span class='ocrx_word' id='word_1_623' title='bbox 486 4665 706 4725; x_wconf 89' lang='lat' dir='ltr'><strong>accepta</strong></span> <span class='ocrx_word' id='word_1_624' title='bbox 768 4656 969 4711; x_wconf 84' lang='lat' dir='ltr'><strong>schon</strong></span> <span class='ocrx_word' id='word_1_625' title='bbox 1018 4655 1342 4726; x_wconf 71' lang='lat' dir='ltr'><strong>praefectura</strong></span> <span class='ocrx_word' id='word_1_626' title='bbox 1408 4673 1599 4714; x_wconf 87' lang='lat' dir='ltr'><strong>recens</strong></span> <span class='ocrx_word' id='word_1_627' title='bbox 1661 4659 1843 4716; x_wconf 90' lang='lat' dir='ltr'><strong>adhuc</strong></span> <span class='ocrx_word' id='word_1_628' title='bbox 1889 4670 2057 4725; x_wconf 79' lang='lat' dir='ltr'><strong>esset,</strong></span> 
     </span>
    </p>
   </div>
   <div class='ocr_carea' id='block_1_79' title="bbox 486 4745 2060 4818">
    <p class='ocr_par' dir='ltr' id='par_1_79' title="bbox 486 4745 2060 4818">
     <span class='ocr_line' id='line_1_79' title="bbox 486 4745 2060 4818; baseline 0.003 -19"><span class='ocrx_word' id='word_1_629' title='bbox 486 4745 673 4800; x_wconf 67' lang='lat' dir='ltr'><strong>laetitia</strong></span> <span class='ocrx_word' id='word_1_630' title='bbox 698 4745 1107 4801; x_wconf 72' lang='lat' dir='ltr'><strong>vehementiore</strong></span> <span class='ocrx_word' id='word_1_631' title='bbox 1153 4748 1459 4816; x_wconf 85' lang='lat' dir='ltr'><strong>perculsus,</strong></span> <span class='ocrx_word' id='word_1_632' title='bbox 1508 4764 1572 4803; x_wconf 89' lang='lat' dir='ltr'><strong>ac</strong></span> <span class='ocrx_word' id='word_1_633' title='bbox 1601 4748 1901 4804; x_wconf 65' lang='lat' dir='ltr'><strong>referendae</strong></span> <span class='ocrx_word' id='word_1_634' title='bbox 1938 4766 2060 4818; x_wconf 76' lang='lat' dir='ltr'><strong>gra-</strong></span> 
     </span>
    </p>
   </div>
   <div class='ocr_carea' id='block_1_80' title="bbox 488 4837 2060 4908">
    <p class='ocr_par' dir='ltr' id='par_1_80' title="bbox 488 4837 2060 4908">
     <span class='ocr_line' id='line_1_80' title="bbox 488 4837 2060 4908; baseline 0.003 -17"><span class='ocrx_word' id='word_1_635' title='bbox 488 4838 576 4892; x_wconf 78' lang='lat' dir='ltr'><strong>tize</strong></span> <span class='ocrx_word' id='word_1_636' title='bbox 620 4837 980 4908; x_wconf 87' lang='lat' dir='ltr'><strong>percupidus,</strong></span> <span class='ocrx_word' id='word_1_637' title='bbox 1015 4838 1341 4894; x_wconf 89' lang='lat' dir='ltr'><strong>Clitomachi</strong></span> <span class='ocrx_word' id='word_1_638' title='bbox 1392 4840 1609 4894; x_wconf 89' lang='lat' dir='ltr'><strong>decreta</strong></span> <span class='ocrx_word' id='word_1_639' title='bbox 1645 4841 1861 4904; x_wconf 86' lang='lat' dir='ltr'><strong>colere,</strong></span> <span class='ocrx_word' id='word_1_640' title='bbox 1908 4842 2060 4895; x_wconf 88' lang='lat' dir='ltr'><strong>illus-</strong></span> 
     </span>
    </p>
   </div>
   <div class='ocr_carea' id='block_1_81' title="bbox 487 4929 2060 5000">
    <p class='ocr_par' dir='ltr' id='par_1_81' title="bbox 487 4929 2060 5000">
     <span class='ocr_line' id='line_1_81' title="bbox 487 4929 2060 5000; baseline 0.001 -17"><span class='ocrx_word' id='word_1_641' title='bbox 487 4939 631 4984; x_wconf 84' lang='lat' dir='ltr'><strong>trare</strong></span> <span class='ocrx_word' id='word_1_642' title='bbox 673 4930 846 4999; x_wconf 81' lang='lat' dir='ltr'><strong>magis</strong></span> <span class='ocrx_word' id='word_1_643' title='bbox 876 4938 1039 5000; x_wconf 89' lang='lat' dir='ltr'><strong>atque</strong></span> <span class='ocrx_word' id='word_1_644' title='bbox 1082 4930 1279 5000; x_wconf 82' lang='lat' dir='ltr'><strong>magis,</strong></span> <span class='ocrx_word' id='word_1_645' title='bbox 1332 4929 1550 4985; x_wconf 88' lang='lat' dir='ltr'><strong>Stoicos</strong></span> <span class='ocrx_word' id='word_1_646' title='bbox 1586 4939 1768 4985; x_wconf 90' lang='lat' dir='ltr'><strong>autem</strong></span> <span class='ocrx_word' id='word_1_647' title='bbox 1814 4932 2060 4985; x_wconf 85' lang='lat' dir='ltr'><strong>radiante</strong></span> 
     </span>
    </p>
   </div>
   <div class='ocr_carea' id='block_1_82' title="bbox 488 5019 2060 5099">
    <p class='ocr_par' dir='ltr' id='par_1_82' title="bbox 488 5019 2060 5099">
     <span class='ocr_line' id='line_1_82' title="bbox 488 5019 2060 5099; baseline 0.003 -27"><span class='ocrx_word' id='word_1_648' title='bbox 488 5019 743 5074; x_wconf 76' lang='lat' dir='ltr'><strong>lacessere</strong></span> <span class='ocrx_word' id='word_1_649' title='bbox 799 5020 962 5089; x_wconf 81' lang='lat' dir='ltr'><strong>ferro.</strong></span> <span class='ocrx_word' id='word_1_650' title='bbox 1002 5022 1073 5075; x_wconf 84' lang='lat' dir='ltr'><strong>At</strong></span> <span class='ocrx_word' id='word_1_651' title='bbox 1120 5036 1415 5099; x_wconf 71' lang='lat' dir='ltr'><strong>progressu</strong></span> <span class='ocrx_word' id='word_1_652' title='bbox 1454 5023 1735 5092; x_wconf 90' lang='lat' dir='ltr'><strong>temporis,</strong></span> <span class='ocrx_word' id='word_1_653' title='bbox 1786 5040 1911 5078; x_wconf 92' lang='lat' dir='ltr'><strong>cum</strong></span> <span class='ocrx_word' id='word_1_654' title='bbox 1958 5040 2060 5079; x_wconf 84' lang='lat' dir='ltr'><strong>usu</strong></span> 
     </span>
    </p>
   </div>
   <div class='ocr_carea' id='block_1_83' title="bbox 489 5102 2060 5184">
    <p class='ocr_par' dir='ltr' id='par_1_83' title="bbox 489 5102 2060 5184">
     <span class='ocr_line' id='line_1_83' title="bbox 489 5102 2060 5184; baseline 0.002 -20"><span class='ocrx_word' id='word_1_655' title='bbox 489 5111 812 5181; x_wconf 83' lang='lat' dir='ltr'><strong>quotidiano</strong></span> <span class='ocrx_word' id='word_1_656' title='bbox 860 5102 1325 5173; x_wconf 19' lang='lat' dir='ltr'><strong>Academicorum,</strong></span> <span class='ocrx_word' id='word_1_657' title='bbox 1377 5114 1466 5166; x_wconf 90' lang='lat' dir='ltr'><strong>illa</strong></span> <span class='ocrx_word' id='word_1_658' title='bbox 1524 5113 1756 5169; x_wconf 88' lang='lat' dir='ltr'><strong>retentio</strong></span> <span class='ocrx_word' id='word_1_659' title='bbox 1799 5114 2060 5184; x_wconf 90' lang='lat' dir='ltr'><strong>paulatim</strong></span> 
     </span>
    </p>
   </div>
   <div class='ocr_carea' id='block_1_84' title="bbox 487 5202 2065 5274">
    <p class='ocr_par' dir='ltr' id='par_1_84' title="bbox 487 5202 2065 5274">
     <span class='ocr_line' id='line_1_84' title="bbox 487 5202 2065 5274; baseline 0 -17"><span class='ocrx_word' id='word_1_660' title='bbox 487 5211 876 5269; x_wconf 83' lang='lat' dir='ltr'><strong>evanesceret,</strong></span> <span class='ocrx_word' id='word_1_661' title='bbox 917 5202 1055 5260; x_wconf 90' lang='lat' dir='ltr'><strong>nihil</strong></span> <span class='ocrx_word' id='word_1_662' title='bbox 1088 5204 1200 5273; x_wconf 90' lang='lat' dir='ltr'><strong>jam</strong></span> <span class='ocrx_word' id='word_1_663' title='bbox 1249 5219 1351 5261; x_wconf 90' lang='lat' dir='ltr'><strong>suo</strong></span> <span class='ocrx_word' id='word_1_664' title='bbox 1394 5204 1623 5274; x_wconf 90' lang='lat' dir='ltr'><strong>pristino</strong></span> <span class='ocrx_word' id='word_1_665' title='bbox 1671 5219 1824 5259; x_wconf 91' lang='lat' dir='ltr'><strong>more</strong></span> <span class='ocrx_word' id='word_1_666' title='bbox 1870 5204 2065 5259; x_wconf 88' lang='lat' dir='ltr'><strong>sentie-</strong></span> 
     </span>
    </p>
   </div>
   <div class='ocr_carea' id='block_1_85' title="bbox 489 5293 2061 5364">
    <p class='ocr_par' dir='ltr' id='par_1_85' title="bbox 489 5293 2061 5364">
     <span class='ocr_line' id='line_1_85' title="bbox 489 5293 2061 5364; baseline 0.002 -17"><span class='ocrx_word' id='word_1_667' title='bbox 489 5293 618 5358; x_wconf 86' lang='lat' dir='ltr'><strong>bat,</strong></span> <span class='ocrx_word' id='word_1_668' title='bbox 663 5294 757 5348; x_wconf 88' lang='lat' dir='ltr'><strong>sed</strong></span> <span class='ocrx_word' id='word_1_669' title='bbox 822 5294 999 5364; x_wconf 87' lang='lat' dir='ltr'><strong>ipsum</strong></span> <span class='ocrx_word' id='word_1_670' title='bbox 1057 5294 1109 5352; x_wconf 92' lang='lat' dir='ltr'><strong>in</strong></span> <span class='ocrx_word' id='word_1_671' title='bbox 1176 5295 1504 5354; x_wconf 81' lang='lat' dir='ltr'><strong>contrariam</strong></span> <span class='ocrx_word' id='word_1_672' title='bbox 1567 5294 1794 5349; x_wconf 91' lang='lat' dir='ltr'><strong>omnino</strong></span> <span class='ocrx_word' id='word_1_673' title='bbox 1853 5305 2061 5364; x_wconf 88' lang='lat' dir='ltr'><strong>partem</strong></span> 
     </span>
    </p>
   </div>
   <div class='ocr_carea' id='block_1_86' title="bbox 490 5386 2062 5457">
    <p class='ocr_par' dir='ltr' id='par_1_86' title="bbox 490 5386 2062 5457">
     <span class='ocr_line' id='line_1_86' title="bbox 490 5386 2062 5457; baseline 0.003 -17"><span class='ocrx_word' id='word_1_674' title='bbox 490 5386 845 5440; x_wconf 88' lang='lat' dir='ltr'><strong>convertebat</strong></span> <span class='ocrx_word' id='word_1_675' title='bbox 890 5387 1007 5457; x_wconf 90' lang='lat' dir='ltr'><strong>ipsa</strong></span> <span class='ocrx_word' id='word_1_676' title='bbox 1063 5402 1292 5451; x_wconf 85' lang='lat' dir='ltr'><strong>casuum</strong></span> <span class='ocrx_word' id='word_1_677' title='bbox 1350 5396 1405 5441; x_wconf 91' lang='lat' dir='ltr'><strong>et</strong></span> <span class='ocrx_word' id='word_1_678' title='bbox 1463 5387 1733 5441; x_wconf 87' lang='lat' dir='ltr'><strong>malorum</strong></span> <span class='ocrx_word' id='word_1_679' title='bbox 1790 5389 2062 5445; x_wconf 84' lang='lat' dir='ltr'><strong>evidentia</strong></span> 
     </span>
    </p>
   </div>
   <div class='ocr_carea' id='block_1_87' title="bbox 492 5476 2065 5550">
    <p class='ocr_par' dir='ltr' id='par_1_87' title="bbox 492 5476 2065 5550">
     <span class='ocr_line' id='line_1_87' title="bbox 492 5476 2065 5550; baseline 0.003 -19"><span class='ocrx_word' id='word_1_680' title='bbox 492 5484 657 5545; x_wconf 87' lang='lat' dir='ltr'><strong>atque</strong></span> <span class='ocrx_word' id='word_1_681' title='bbox 711 5476 1009 5533; x_wconf 82' lang='lat' dir='ltr'><strong>confessio.</strong></span> <span class='ocrx_word' id='word_1_682' title='bbox 1047 5476 1123 5535; x_wconf 85' lang='lat' dir='ltr'><strong>Ita</strong></span> <span class='ocrx_word' id='word_1_683' title='bbox 1170 5493 1295 5533; x_wconf 90' lang='lat' dir='ltr'><strong>cum</strong></span> <span class='ocrx_word' id='word_1_684' title='bbox 1327 5478 1588 5547; x_wconf 85' lang='lat' dir='ltr'><strong>pleraque</strong></span> <span class='ocrx_word' id='word_1_685' title='bbox 1632 5489 1782 5533; x_wconf 83' lang='lat' dir='ltr'><strong>certo</strong></span> <span class='ocrx_word' id='word_1_686' title='bbox 1812 5479 1926 5549; x_wconf 87' lang='lat' dir='ltr'><strong>jam</strong></span> <span class='ocrx_word' id='word_1_687' title='bbox 1957 5481 2065 5550; x_wconf 87' lang='lat' dir='ltr'><strong>pla-</strong></span> 
     </span>
    </p>
   </div>
   <div class='ocr_carea' id='block_1_88' title="bbox 492 5571 2066 5642">
    <p class='ocr_par' dir='ltr' id='par_1_88' title="bbox 492 5571 2066 5642">
     <span class='ocr_line' id='line_1_88' title="bbox 492 5571 2066 5642; baseline 0.001 -18"><span class='ocrx_word' id='word_1_688' title='bbox 492 5585 667 5639; x_wconf 87' lang='lat' dir='ltr'><strong>neque</strong></span> <span class='ocrx_word' id='word_1_689' title='bbox 695 5572 1033 5641; x_wconf 86' lang='lat' dir='ltr'><strong>perciperet,</strong></span> <span class='ocrx_word' id='word_1_690' title='bbox 1063 5571 1326 5626; x_wconf 79' lang='lat' dir='ltr'><strong>exsistere</strong></span> <span class='ocrx_word' id='word_1_691' title='bbox 1356 5580 1566 5626; x_wconf 88' lang='lat' dir='ltr'><strong>tantum</strong></span> <span class='ocrx_word' id='word_1_692' title='bbox 1602 5571 1853 5627; x_wconf 84' lang='lat' dir='ltr'><strong>videlicet</strong></span> <span class='ocrx_word' id='word_1_693' title='bbox 1880 5589 1910 5625; x_wconf 90' lang='lat' dir='ltr'><strong>a</strong></span> <span class='ocrx_word' id='word_1_694' title='bbox 1943 5574 2066 5642; x_wconf 89' lang='lat' dir='ltr'><strong>qui-</strong></span> 
     </span>
    </p>
   </div>
   <div class='ocr_carea' id='block_1_89' title="bbox 2700 4276 3208 4330">
    <p class='ocr_par' dir='ltr' id='par_1_89' title="bbox 2700 4276 3208 4330">
     <span class='ocr_line' id='line_1_89' title="bbox 2700 4276 3208 4330; baseline 0 -1"><span class='ocrx_word' id='word_1_695' title='bbox 2700 4276 3096 4330; x_wconf 81' lang='grc' dir='ltr'><strong>ΚΕΦΑΛΑΙΟΝ</strong></span> <span class='ocrx_word' id='word_1_696' title='bbox 3133 4276 3208 4329; x_wconf 83' lang='grc' dir='ltr'><strong>Θ’.</strong></span> 
     </span>
    </p>
   </div>
   <div class='ocr_carea' id='block_1_90' title="bbox 2162 4391 3747 4515">
    <p class='ocr_par' dir='ltr' id='par_1_90' title="bbox 2162 4391 3747 4515">
     <span class='ocr_line' id='line_1_90' title="bbox 2162 4391 3747 4515; baseline -0.001 -64"><span class='ocrx_word' id='word_1_697' title='bbox 2162 4397 2297 4465; x_wconf 77' lang='grc' dir='ltr'>Περὶ</span> <span class='ocrx_word' id='word_1_698' title='bbox 2328 4396 2591 4460; x_wconf 76' lang='grc' dir='ltr'>Φίλωνος</span> <span class='ocrx_word' id='word_1_699' title='bbox 2609 4392 2715 4446; x_wconf 87' lang='grc' dir='ltr'>τοῦ</span> <span class='ocrx_word' id='word_1_700' title='bbox 2736 4391 3163 4515; x_wconf 53' lang='grc' dir='ltr'>ὃιαδεξᾶιέιένου</span> <span class='ocrx_word' id='word_1_701' title='bbox 3184 4393 3608 4471; x_wconf 56' lang='grc' dir='ltr'>Κλειτόμαχον,</span> <span class='ocrx_word' id='word_1_702' title='bbox 3638 4395 3747 4449; x_wconf 79' lang='grc' dir='ltr'><strong>τὸν</strong></span> 
     </span>
     <span class='ocr_line' id='line_1_91' title="bbox 2270 4461 3630 4515; baseline 0 0"><span class='ocrx_word' id='word_1_703' title='bbox 2270 4465 2698 4515; x_wconf 73' lang='grc' dir='ltr'>διαὸεέάιιενον</span> <span class='ocrx_word' id='word_1_704' title='bbox 2730 4462 2958 4515; x_wconf 76' lang='grc' dir='ltr'>Καονε⁹</span> <span class='ocrx_word' id='word_1_705' title='bbox 3002 4480 3101 4515; x_wconf 81' lang='grc' dir='ltr'>ην.</span> <span class='ocrx_word' id='word_1_706' title='bbox 3139 4461 3272 4515; x_wconf 79' lang='grc' dir='ltr'><strong>Ἀπὸ</strong></span> <span class='ocrx_word' id='word_1_707' title='bbox 3298 4480 3405 4515; x_wconf 82' lang='grc' dir='ltr'><strong>του</strong></span> <span class='ocrx_word' id='word_1_708' title='bbox 3424 4465 3630 4515; x_wconf 85' lang='grc' dir='ltr'>αὐτοῦ.</span> 
     </span>
    </p>
   </div>
   <div class='ocr_carea' id='block_1_91' title="bbox 2270 4461 3630 4534">
    <p class='ocr_par' dir='ltr' id='par_1_91' title="bbox 2270 4461 3630 4534">
     <span class='ocr_line' id='line_1_92' title="bbox 2270 4461 3630 4534; baseline 0 -15"><span class='ocrx_word' id='word_1_709' title='bbox 2270 4465 2698 4534; x_wconf 75' lang='grc' dir='ltr'>διαδεξάμενον</span> <span class='ocrx_word' id='word_1_710' title='bbox 2730 4461 3101 4531; x_wconf 74' lang='grc' dir='ltr'>Καρνεάδην.</span> <span class='ocrx_word' id='word_1_711' title='bbox 3139 4461 3272 4516; x_wconf 79' lang='grc' dir='ltr'><strong>Ἀπὸ</strong></span> <span class='ocrx_word' id='word_1_712' title='bbox 3298 4461 3630 4519; x_wconf 79' lang='grc' dir='ltr'>τοῦαύτοῦ.</span> 
     </span>
    </p>
   </div>
   <div class='ocr_carea' id='block_1_92' title="bbox 2238 4548 3747 4630">
    <p class='ocr_par' dir='ltr' id='par_1_92' title="bbox 2238 4548 3747 4630">
     <span class='ocr_line' id='line_1_93' title="bbox 2238 4548 3747 4630; baseline 0 -19"><span class='ocrx_word' id='word_1_713' title='bbox 2238 4579 2256 4611; x_wconf 77' lang='grc' dir='ltr'><strong>ι</strong></span> <span class='ocrx_word' id='word_1_714' title='bbox 2308 4561 2366 4612; x_wconf 91' lang='lat'><strong>&#39;0</strong></span> <span class='ocrx_word' id='word_1_715' title='bbox 2399 4558 2453 4613; x_wconf 84' lang='grc' dir='ltr'>δὲ</span> <span class='ocrx_word' id='word_1_716' title='bbox 2486 4559 2658 4613; x_wconf 80' lang='grc' dir='ltr'>Φίλων</span> <span class='ocrx_word' id='word_1_717' title='bbox 2698 4559 2803 4630; x_wconf 82' lang='grc' dir='ltr'>ἄρα</span> <span class='ocrx_word' id='word_1_718' title='bbox 2830 4548 3008 4622; x_wconf 72' lang='grc' dir='ltr'>οὗτος,</span> <span class='ocrx_word' id='word_1_719' title='bbox 3067 4556 3186 4627; x_wconf 79' lang='grc' dir='ltr'>ἄρτι</span> <span class='ocrx_word' id='word_1_720' title='bbox 3245 4556 3342 4625; x_wconf 81' lang='grc' dir='ltr'>μὲν</span> <span class='ocrx_word' id='word_1_721' title='bbox 3387 4556 3747 4629; x_wconf 77' lang='grc' dir='ltr'>ἐκδεξάμενος</span> 
     </span>
    </p>
   </div>
   <div class='ocr_carea' id='block_1_93' title="bbox 2164 4647 3746 4722">
    <p class='ocr_par' dir='ltr' id='par_1_93' title="bbox 2164 4647 3746 4722">
     <span class='ocr_line' id='line_1_94' title="bbox 2164 4647 3746 4722; baseline 0.001 -20"><span class='ocrx_word' id='word_1_722' title='bbox 2164 4651 2261 4722; x_wconf 82' lang='grc' dir='ltr'>τὴν</span> <span class='ocrx_word' id='word_1_723' title='bbox 2284 4650 2587 4722; x_wconf 82' lang='grc' dir='ltr'>διατριϐὴν,</span> <span class='ocrx_word' id='word_1_724' title='bbox 2608 4650 2710 4703; x_wconf 76' lang='grc' dir='ltr'>ὑπὸ</span> <span class='ocrx_word' id='word_1_725' title='bbox 2731 4649 3012 4721; x_wconf 80' lang='grc' dir='ltr'>χαρμονῆς</span> <span class='ocrx_word' id='word_1_726' title='bbox 3042 4647 3434 4719; x_wconf 79' lang='grc' dir='ltr'>ἐξεπέπληκτο,</span> <span class='ocrx_word' id='word_1_727' title='bbox 3470 4651 3563 4703; x_wconf 74' lang='grc' dir='ltr'>καὶ</span> <span class='ocrx_word' id='word_1_728' title='bbox 3583 4651 3746 4721; x_wconf 84' lang='grc' dir='ltr'>χάριν</span> 
     </span>
    </p>
   </div>
   <div class='ocr_carea' id='block_1_94' title="bbox 2165 4739 3746 4813">
    <p class='ocr_par' dir='ltr' id='par_1_94' title="bbox 2165 4739 3746 4813">
     <span class='ocr_line' id='line_1_95' title="bbox 2165 4739 3746 4813; baseline -0.001 -18"><span class='ocrx_word' id='word_1_729' title='bbox 2165 4742 2450 4805; x_wconf 78' lang='grc' dir='ltr'>ἀποδιδοὺς</span> <span class='ocrx_word' id='word_1_730' title='bbox 2482 4740 2801 4813; x_wconf 87' lang='grc' dir='ltr'>ἐθεράπευε,</span> <span class='ocrx_word' id='word_1_731' title='bbox 2841 4741 2933 4793; x_wconf 75' lang='grc' dir='ltr'>καὶ</span> <span class='ocrx_word' id='word_1_732' title='bbox 2988 4739 3059 4793; x_wconf 79' lang='grc' dir='ltr'><strong>τὰ</strong></span> <span class='ocrx_word' id='word_1_733' title='bbox 3089 4740 3381 4811; x_wconf 82' lang='grc' dir='ltr'>δεδογμένα</span> <span class='ocrx_word' id='word_1_734' title='bbox 3403 4740 3479 4811; x_wconf 81' lang='grc' dir='ltr'>τῷ</span> <span class='ocrx_word' id='word_1_735' title='bbox 3516 4741 3746 4794; x_wconf 83' lang='grc' dir='ltr'>Κλειτο-</span> 
     </span>
    </p>
   </div>
   <div class='ocr_carea' id='block_1_95' title="bbox 2170 4829 3746 4906">
    <p class='ocr_par' dir='ltr' id='par_1_95' title="bbox 2170 4829 3746 4906">
     <span class='ocr_line' id='line_1_96' title="bbox 2170 4829 3746 4906; baseline 0.001 -21"><span class='ocrx_word' id='word_1_736' title='bbox 2170 4834 2328 4905; x_wconf 88' lang='grc' dir='ltr'>μάχῳ</span> <span class='ocrx_word' id='word_1_737' title='bbox 2358 4829 2509 4906; x_wconf 78' lang='grc' dir='ltr'>ηὖξε,</span> <span class='ocrx_word' id='word_1_738' title='bbox 2539 4834 2633 4887; x_wconf 76' lang='grc' dir='ltr'>καὶ</span> <span class='ocrx_word' id='word_1_739' title='bbox 2674 4836 2787 4896; x_wconf 80' lang='grc' dir='ltr'>τοῖς</span> <span class='ocrx_word' id='word_1_740' title='bbox 2817 4835 3075 4896; x_wconf 80' lang='grc' dir='ltr'>Στωϊκοῖς</span> <span class='ocrx_word' id='word_1_741' title='bbox 3126 4833 3494 4902; x_wconf 74' lang='grc' dir='ltr'>ἐκορύσσετο</span> <span class='ocrx_word' id='word_1_742' title='bbox 3523 4833 3746 4901; x_wconf 73' lang='grc' dir='ltr'>νώροπι</span> 
     </span>
    </p>
   </div>
   <div class='ocr_carea' id='block_1_96' title="bbox 2166 4924 3745 4996">
    <p class='ocr_par' dir='ltr' id='par_1_96' title="bbox 2166 4924 3745 4996">
     <span class='ocr_line' id='line_1_97' title="bbox 2166 4924 3745 4996; baseline -0.003 -17"><span class='ocrx_word' id='word_1_743' title='bbox 2166 4925 2392 4996; x_wconf 73' lang='grc' dir='ltr'>χαλκῷ.</span> <span class='ocrx_word' id='word_1_744' title='bbox 2445 4926 2532 4989; x_wconf 83' lang='grc' dir='ltr'>Ὡς</span> <span class='ocrx_word' id='word_1_745' title='bbox 2560 4926 2617 4979; x_wconf 83' lang='grc' dir='ltr'>δὲ</span> <span class='ocrx_word' id='word_1_746' title='bbox 2644 4926 2919 4996; x_wconf 82' lang='grc' dir='ltr'>προϊόντος</span> <span class='ocrx_word' id='word_1_747' title='bbox 2974 4926 3073 4996; x_wconf 82' lang='grc' dir='ltr'>μὲν</span> <span class='ocrx_word' id='word_1_748' title='bbox 3101 4925 3195 4980; x_wconf 80' lang='grc' dir='ltr'><strong>τοῦ</strong></span> <span class='ocrx_word' id='word_1_749' title='bbox 3252 4926 3468 4996; x_wconf 89' lang='grc' dir='ltr'>χρόνου,</span> <span class='ocrx_word' id='word_1_750' title='bbox 3498 4924 3745 4993; x_wconf 73' lang='grc' dir='ltr'>ἐξιτήλου</span> 
     </span>
    </p>
   </div>
   <div class='ocr_carea' id='block_1_97' title="bbox 2167 5014 3743 5087">
    <p class='ocr_par' dir='ltr' id='par_1_97' title="bbox 2167 5014 3743 5087">
     <span class='ocr_line' id='line_1_98' title="bbox 2167 5014 3743 5087; baseline -0.003 -17"><span class='ocrx_word' id='word_1_751' title='bbox 2167 5018 2213 5070; x_wconf 76' lang='grc' dir='ltr'>δ’</span> <span class='ocrx_word' id='word_1_752' title='bbox 2242 5016 2347 5069; x_wconf 83' lang='grc' dir='ltr'><strong>ὑπὸ</strong></span> <span class='ocrx_word' id='word_1_753' title='bbox 2372 5016 2656 5087; x_wconf 83' lang='grc' dir='ltr'>συνηθείας</span> <span class='ocrx_word' id='word_1_754' title='bbox 2679 5014 2845 5087; x_wconf 75' lang='grc' dir='ltr'>οὔσης</span> <span class='ocrx_word' id='word_1_755' title='bbox 2870 5015 3050 5069; x_wconf 79' lang='grc' dir='ltr'>αὐτῶν</span> <span class='ocrx_word' id='word_1_756' title='bbox 3081 5016 3181 5086; x_wconf 81' lang='grc' dir='ltr'>τῆς</span> <span class='ocrx_word' id='word_1_757' title='bbox 3213 5014 3434 5085; x_wconf 79' lang='grc' dir='ltr'>ἐποχῆς,</span> <span class='ocrx_word' id='word_1_758' title='bbox 3462 5014 3612 5067; x_wconf 63' lang='grc' dir='ltr'>οὐδὲν</span> <span class='ocrx_word' id='word_1_759' title='bbox 3644 5015 3743 5081; x_wconf 79' lang='grc' dir='ltr'>μὲν</span> 
     </span>
    </p>
   </div>
   <div class='ocr_carea' id='block_1_98' title="bbox 2170 5106 3746 5178">
    <p class='ocr_par' dir='ltr' id='par_1_98' title="bbox 2170 5106 3746 5178">
     <span class='ocr_line' id='line_1_99' title="bbox 2170 5106 3746 5178; baseline -0.001 -18"><span class='ocrx_word' id='word_1_760' title='bbox 2170 5107 2311 5161; x_wconf 71' lang='grc' dir='ltr'>κατὰ</span> <span class='ocrx_word' id='word_1_761' title='bbox 2330 5107 2399 5161; x_wconf 80' lang='grc' dir='ltr'><strong>τὰ</strong></span> <span class='ocrx_word' id='word_1_762' title='bbox 2430 5108 2569 5160; x_wconf 83' lang='grc' dir='ltr'>αὐτὰ</span> <span class='ocrx_word' id='word_1_763' title='bbox 2591 5107 2767 5177; x_wconf 79' lang='grc' dir='ltr'>ἐαυτῷ</span> <span class='ocrx_word' id='word_1_764' title='bbox 2793 5108 2950 5172; x_wconf 85' lang='grc' dir='ltr'>ἐνόει,</span> <span class='ocrx_word' id='word_1_765' title='bbox 2985 5108 3018 5178; x_wconf 79' lang='grc' dir='ltr'><strong>ἡ</strong></span> <span class='ocrx_word' id='word_1_766' title='bbox 3045 5108 3101 5160; x_wconf 84' lang='grc' dir='ltr'>δὲ</span> <span class='ocrx_word' id='word_1_767' title='bbox 3126 5107 3232 5160; x_wconf 84' lang='grc' dir='ltr'>τῶν</span> <span class='ocrx_word' id='word_1_768' title='bbox 3262 5106 3601 5177; x_wconf 84' lang='grc' dir='ltr'>παθημάτων</span> <span class='ocrx_word' id='word_1_769' title='bbox 3649 5108 3746 5160; x_wconf 77' lang='grc' dir='ltr'><strong>αὖ·</strong></span> 
     </span>
    </p>
   </div>
   <div class='ocr_carea' id='block_1_99' title="bbox 2168 5199 3748 5273">
    <p class='ocr_par' dir='ltr' id='par_1_99' title="bbox 2168 5199 3748 5273">
     <span class='ocr_line' id='line_1_100' title="bbox 2168 5199 3748 5273; baseline 0 -20"><span class='ocrx_word' id='word_1_770' title='bbox 2168 5201 2259 5253; x_wconf 81' lang='grc' dir='ltr'>τὸν</span> <span class='ocrx_word' id='word_1_771' title='bbox 2300 5200 2627 5271; x_wconf 80' lang='grc' dir='ltr'>ἀνέστρεφεν</span> <span class='ocrx_word' id='word_1_772' title='bbox 2678 5201 2932 5273; x_wconf 82' lang='grc' dir='ltr'>ἐνάργειά</span> <span class='ocrx_word' id='word_1_773' title='bbox 2978 5217 3035 5253; x_wconf 90' lang='grc' dir='ltr'><strong>τε</strong></span> <span class='ocrx_word' id='word_1_774' title='bbox 3087 5203 3179 5255; x_wconf 73' lang='grc' dir='ltr'>καὶ</span> <span class='ocrx_word' id='word_1_775' title='bbox 3230 5199 3507 5270; x_wconf 82' lang='grc' dir='ltr'>ὁμολογία.</span> <span class='ocrx_word' id='word_1_776' title='bbox 3540 5201 3748 5273; x_wconf 80' lang='grc' dir='ltr'>Πολλὴν</span> 
     </span>
    </p>
   </div>
   <div class='ocr_carea' id='block_1_100' title="bbox 2169 5290 3740 5366">
    <p class='ocr_par' dir='ltr' id='par_1_100' title="bbox 2169 5290 3740 5366">
     <span class='ocr_line' id='line_1_101' title="bbox 2169 5290 3740 5366; baseline 0.001 -19"><span class='ocrx_word' id='word_1_777' title='bbox 2169 5294 2445 5365; x_wconf 79' lang='grc' dir='ltr'>δῆτ’ἒχων</span> <span class='ocrx_word' id='word_1_778' title='bbox 2497 5295 2597 5365; x_wconf 75' lang='grc' dir='ltr'>ἥδη</span> <span class='ocrx_word' id='word_1_779' title='bbox 2658 5294 2756 5366; x_wconf 78' lang='grc' dir='ltr'>τὴν</span> <span class='ocrx_word' id='word_1_780' title='bbox 2820 5294 3152 5364; x_wconf 88' lang='grc' dir='ltr'>διαίσθησιν,</span> <span class='ocrx_word' id='word_1_781' title='bbox 3208 5293 3636 5366; x_wconf 80' lang='grc' dir='ltr'>ὑπερεπεθύμει,</span> <span class='ocrx_word' id='word_1_782' title='bbox 3681 5290 3740 5348; x_wconf 83' lang='grc' dir='ltr'>εὖ</span> 
     </span>
    </p>
   </div>
   <div class='ocr_carea' id='block_1_101' title="bbox 2170 5385 3741 5458">
    <p class='ocr_par' dir='ltr' id='par_1_101' title="bbox 2170 5385 3741 5458">
     <span class='ocr_line' id='line_1_102' title="bbox 2170 5385 3741 5458; baseline 0.001 -19"><span class='ocrx_word' id='word_1_783' title='bbox 2170 5387 2304 5440; x_wconf 71' lang='grc' dir='ltr'>οἷσθ’</span> <span class='ocrx_word' id='word_1_784' title='bbox 2348 5388 2463 5449; x_wconf 77' lang='grc' dir='ltr'>ὅτι,</span> <span class='ocrx_word' id='word_1_785' title='bbox 2518 5387 2625 5441; x_wconf 84' lang='grc' dir='ltr'>τῶν</span> <span class='ocrx_word' id='word_1_786' title='bbox 2677 5386 3003 5456; x_wconf 83' lang='grc' dir='ltr'>ἐλεγξόντων</span> <span class='ocrx_word' id='word_1_787' title='bbox 3051 5390 3253 5458; x_wconf 87' lang='grc' dir='ltr'>τυχεῖν,</span> <span class='ocrx_word' id='word_1_788' title='bbox 3304 5388 3389 5439; x_wconf 83' lang='grc' dir='ltr'>ἵνα</span> <span class='ocrx_word' id='word_1_789' title='bbox 3439 5386 3513 5457; x_wconf 85' lang='grc' dir='ltr'>μὴ</span> <span class='ocrx_word' id='word_1_790' title='bbox 3568 5385 3741 5440; x_wconf 80' lang='grc' dir='ltr'>ἐδόκει</span> 
     </span>
    </p>
   </div>
   <div class='ocr_carea' id='block_1_102' title="bbox 2176 5477 3746 5549">
    <p class='ocr_par' dir='ltr' id='par_1_102' title="bbox 2176 5477 3746 5549">
     <span class='ocr_line' id='line_1_103' title="bbox 2176 5477 3746 5549; baseline 0.004 -20"><span class='ocrx_word' id='word_1_791' title='bbox 2176 5478 2311 5548; x_wconf 86' lang='grc' dir='ltr'>μετὰ</span> <span class='ocrx_word' id='word_1_792' title='bbox 2338 5478 2485 5532; x_wconf 86' lang='grc' dir='ltr'>νῶτα</span> <span class='ocrx_word' id='word_1_793' title='bbox 2525 5477 2702 5548; x_wconf 88' lang='grc' dir='ltr'>βαλὼν</span> <span class='ocrx_word' id='word_1_794' title='bbox 2756 5479 2918 5542; x_wconf 80' lang='grc' dir='ltr'>αὐτὸς</span> <span class='ocrx_word' id='word_1_795' title='bbox 2976 5478 3119 5532; x_wconf 86' lang='grc' dir='ltr'>ἐκὼν</span> <span class='ocrx_word' id='word_1_796' title='bbox 3145 5481 3386 5549; x_wconf 80' lang='grc' dir='ltr'>φεύγειν.</span> <span class='ocrx_word' id='word_1_797' title='bbox 3429 5479 3664 5543; x_wconf 75' lang='grc' dir='ltr'>Φίλωνος</span> <span class='ocrx_word' id='word_1_798' title='bbox 3689 5480 3746 5535; x_wconf 80' lang='grc' dir='ltr'>δὲ</span> 
     </span>
    </p>
   </div>
   <div class='ocr_carea' id='block_1_103' title="bbox 2172 5570 3747 5644">
    <p class='ocr_par' dir='ltr' id='par_1_103' title="bbox 2172 5570 3747 5644">
     <span class='ocr_line' id='line_1_104' title="bbox 2172 5570 3747 5644; baseline 0.002 -22"><span class='ocrx_word' id='word_1_799' title='bbox 2172 5571 2378 5639; x_wconf 84' lang='grc' dir='ltr'>γίνεται</span> <span class='ocrx_word' id='word_1_800' title='bbox 2411 5570 2680 5643; x_wconf 78' lang='grc' dir='ltr'>ἀκουστὴς</span> <span class='ocrx_word' id='word_1_801' title='bbox 2741 5572 3030 5643; x_wconf 81' lang='grc' dir='ltr'>Ἀντίοχος,</span> <span class='ocrx_word' id='word_1_802' title='bbox 3076 5572 3266 5643; x_wconf 82' lang='grc' dir='ltr'>ἐτέρας</span> <span class='ocrx_word' id='word_1_803' title='bbox 3292 5572 3460 5643; x_wconf 77' lang='grc' dir='ltr'>ἄρξας</span> <span class='ocrx_word' id='word_1_804' title='bbox 3519 5574 3747 5644; x_wconf 77' lang='grc' dir='ltr'>Ἀκαδη-</span> 
     </span>
    </p>
   </div>
   <div class='ocr_carea' id='block_1_104' title="bbox 492 5662 2050 5736">
    <p class='ocr_par' dir='ltr' id='par_1_104' title="bbox 492 5662 2050 5734">
     <span class='ocr_line' id='line_1_105' title="bbox 492 5662 2050 5734; baseline 0.001 -17"><span class='ocrx_word' id='word_1_805' title='bbox 492 5663 597 5717; x_wconf 87' lang='lat' dir='ltr'><strong>bus</strong></span> <span class='ocrx_word' id='word_1_806' title='bbox 630 5662 1074 5728; x_wconf 89' lang='lat' dir='ltr'><strong>convinceretur,</strong></span> <span class='ocrx_word' id='word_1_807' title='bbox 1126 5679 1472 5734; x_wconf 87' lang='lat' dir='ltr'><strong>summopere</strong></span> <span class='ocrx_word' id='word_1_808' title='bbox 1500 5665 1788 5733; x_wconf 87' lang='lat' dir='ltr'><strong>cupiebat,</strong></span> <span class='ocrx_word' id='word_1_809' title='bbox 1822 5682 1887 5720; x_wconf 87' lang='lat' dir='ltr'><strong>ne</strong></span> <span class='ocrx_word' id='word_1_810' title='bbox 1915 5676 2050 5734; x_wconf 80' lang='lat' dir='ltr'><strong>terga</strong></span> 
     </span>
    </p>
   </div>
   <div class='ocr_carea' id='block_1_105' title="bbox 2156 5662 3745 5736">
    <p class='ocr_par' dir='ltr' id='par_1_105' title="bbox 2171 5662 3745 5736">
     <span class='ocr_line' id='line_1_106' title="bbox 2171 5662 3745 5736; baseline 0.003 -22"><span class='ocrx_word' id='word_1_811' title='bbox 2171 5662 2318 5732; x_wconf 87' lang='grc' dir='ltr'>μίας.</span> <span class='ocrx_word' id='word_1_812' title='bbox 2343 5663 2657 5734; x_wconf 83' lang='grc' dir='ltr'>Μνησάρχῳ</span> <span class='ocrx_word' id='word_1_813' title='bbox 2684 5663 2813 5733; x_wconf 82' lang='grc' dir='ltr'>γοῦν</span> <span class='ocrx_word' id='word_1_814' title='bbox 2833 5665 2909 5736; x_wconf 80' lang='grc' dir='ltr'>τῷ</span> <span class='ocrx_word' id='word_1_815' title='bbox 2931 5665 3155 5735; x_wconf 79' lang='grc' dir='ltr'>Στωϊκῷ</span> <span class='ocrx_word' id='word_1_816' title='bbox 3206 5665 3492 5735; x_wconf 83' lang='grc' dir='ltr'>σχολάσας,</span> <span class='ocrx_word' id='word_1_817' title='bbox 3527 5668 3745 5718; x_wconf 84' lang='grc' dir='ltr'>ἐναντία</span> 
     </span>
    </p>
   </div>
   <div class='ocr_carea' id='block_1_106' title="bbox 496 5754 2061 5833">
    <p class='ocr_par' dir='ltr' id='par_1_106' title="bbox 496 5754 2061 5833">
     <span class='ocr_line' id='line_1_107' title="bbox 496 5754 2061 5833; baseline 0.004 -24"><span class='ocrx_word' id='word_1_818' title='bbox 496 5754 641 5809; x_wconf 91' lang='lat' dir='ltr'><strong>ultro</strong></span> <span class='ocrx_word' id='word_1_819' title='bbox 694 5754 923 5814; x_wconf 78' lang='lat' dir='ltr'><strong>vertisse</strong></span> <span class='ocrx_word' id='word_1_820' title='bbox 978 5755 1289 5831; x_wconf 80' lang='lat' dir='ltr'><strong>fugisseque</strong></span> <span class='ocrx_word' id='word_1_821' title='bbox 1335 5757 1628 5817; x_wconf 83' lang='lat' dir='ltr'><strong>videretur.</strong></span> <span class='ocrx_word' id='word_1_822' title='bbox 1673 5756 1849 5829; x_wconf 83' lang='lat' dir='ltr'><strong>llujus</strong></span> <span class='ocrx_word' id='word_1_823' title='bbox 1898 5774 2061 5833; x_wconf 84' lang='lat' dir='ltr'><strong>porro</strong></span> 
     </span>
    </p>
   </div>
   <div class='ocr_carea' id='block_1_107' title="bbox 3644 5757 3670 5768">
    <p class='ocr_par' dir='ltr' id='par_1_107' title="bbox 3644 5757 3670 5768">
     <span class='ocr_line' id='line_1_108' title="bbox 3644 5757 3670 5768; baseline 0 0"><span class='ocrx_word' id='word_1_824' title='bbox 3644 5757 3670 5768; x_wconf 56' lang='grc' dir='ltr'><strong>α</strong></span> 
     </span>
    </p>
   </div>
   <div class='ocr_carea' id='block_1_108' title="bbox 2166 5756 3746 5831">
    <p class='ocr_par' dir='ltr' id='par_1_108' title="bbox 2166 5756 3746 5831">
     <span class='ocr_line' id='line_1_109' title="bbox 2166 5756 3746 5831; baseline -0.004 -19"><span class='ocrx_word' id='word_1_825' title='bbox 2166 5758 2355 5812; x_wconf 81' lang='grc' dir='ltr'>Φίλωνι</span> <span class='ocrx_word' id='word_1_826' title='bbox 2375 5756 2452 5829; x_wconf 76' lang='grc' dir='ltr'>τῷ</span> <span class='ocrx_word' id='word_1_827' title='bbox 2473 5756 2754 5828; x_wconf 72' lang='grc' dir='ltr'>καθηγητῇ</span> <span class='ocrx_word' id='word_1_828' title='bbox 2782 5758 3063 5827; x_wconf 71' lang='grc' dir='ltr'>ἐφρόνησε,</span> <span class='ocrx_word' id='word_1_829' title='bbox 3086 5758 3249 5827; x_wconf 80' lang='grc' dir='ltr'>μυρία</span> <span class='ocrx_word' id='word_1_830' title='bbox 3276 5774 3333 5809; x_wconf 87' lang='grc' dir='ltr'><strong>τε</strong></span> <span class='ocrx_word' id='word_1_831' title='bbox 3360 5757 3481 5823; x_wconf 82' lang='grc' dir='ltr'>ξένα</span> <span class='ocrx_word' id='word_1_832' title='bbox 3504 5757 3746 5831; x_wconf 71' lang='grc' dir='ltr'>προσῆφε</span> 
     </span>
    </p>
   </div>
  </div>
