4090 6382
336 374 468 431 1217
1456 377 1776 434 PR/EPAR.
1821 378 2071 435 EVANG.
2114 379 2243 436 LIB.
2283 381 2423 439 XIV.
3447 396 3587 453 HIS

322 496 391 564 τῇ
430 492 753 564 Ἀκαδημίᾳ.
797 512 816 545 ι
848 492 1031 548 Ταῦτα
1059 494 1153 547 καὶ
1178 494 1540 567 παραπλήσια
1561 497 1772 561 τούτοις
1808 514 1902 569 μυ·
1930 542 1937 557 λ

1968 542 1974 556 ,
2004 495 2250 553 Philonis
2282 501 2501 554 auditor
2541 499 2645 556 fuit
2673 502 2995 572 Antiochus,
3048 524 3203 565 nova:
3249 523 3434 583 postea
3470 515 3583 570 fun-

327 584 420 655 ρία
448 584 549 656 τῆς
579 585 860 649 Πλάτωνος
886 585 1012 658 περὶ
1031 585 1278 657 διαδοχῆς
1308 587 1722 658 μνημονεύεται.
1762 590 1900 675 Ὦρα

2003 588 2163 643 dator
2205 589 2511 646 Academia:
2557 616 2567 647 :
2619 595 2711 663 qui
2756 595 3078 654 Mnesarcho
3124 601 3307 657 Stoico
3359 620 3582 675 operam

325 675 373 729 δ’
404 670 518 737 οὖν,
539 672 746 727 ἄνωθεν
769 674 862 728 τόν
884 675 1040 743 λόγον
1067 675 1453 743 ἀναλαϐόντας,
1500 677 1615 732 τῶν
1647 674 1898 733 Φυσικ’ὦν

2007 695 2134 734 cum
2174 681 2454 745 dedisset,
2509 694 2563 739 et
2612 701 2641 739 a
2696 688 2962 757 magistro
3014 689 3242 749 Philone
3295 695 3579 762 dissensit,

320 766 627 837 φιλοσόφων
653 767 752 831 τὰς
778 768 1124 838 ψευδοδοξίας
1151 770 1285 841 ὁμοῦ
1314 770 1409 824 καὶ
1447 770 1747 836 ἀντιδοξίας
1776 773 1897 825 ἐπι-

2003 776 2059 823 et
2119 770 2295 825 aliena
2360 774 2755 845 peregrinaque
2828 793 3085 835 sexcenta
3140 783 3445 842 Academia:
3507 800 3583 845 at-

322 856 646 931 σκέςιασθαιι
676 858 724 912 οἳ
745 858 843 930 τὴν
876 859 1076 930 πολλὴν
1102 859 1207 930 γῆν
1247 859 1630 931 πλανηθέντες,
1682 864 1778 915 καὶ
1799 863 1897 936 τὴν

2005 861 2194 914 texuit.
2233 879 2253 912 ι
2306 859 2435 916 Haec
2478 864 2696 934 aliaque
2752 867 2803 922 id
2854 884 3029 939 genus
3073 872 3284 929 infinita
3340 875 3409 931 de
3460 878 3582 937 Pla-

317 947 415 1001 τοῦ
465 949 698 1022 ἀληθοῦς
756 949 971 1021 εὕρεσιν
1018 951 1147 1022 περὶ
1200 950 1453 1006 πλείστου
1505 954 1896 1026 πεποιημένοι,

2003 953 2145 1008 tonis
2170 954 2521 1011 successione
2549 959 2860 1016 traduntur.
2890 960 3048 1019 Nunc
3074 966 3241 1037 igitur
3268 972 3430 1029 altius
3454 992 3574 1031 ora-

318 1042 439 1102 ταῖς
460 1056 520 1092 τε
548 1040 657 1094 τῶν
685 1040 926 1094 παλαιῶν
957 1042 1207 1096 ἁπάντων
1223 1041 1402 1107 δόξαις
1429 1043 1895 1117 καθωμιληκὸτες,

2000 1042 2147 1098 tione
2185 1045 2435 1114 repetita,
2481 1050 2831 1118 physicorum
2878 1054 3107 1111 istorum
3153 1062 3350 1128 partim
3388 1063 3581 1131 falsas,

319 1132 415 1185 καὶ
430 1130 687 1203 τάκριϐὲς
716 1135 814 1204 τῆς
835 1133 986 1204 παρὰ
1008 1134 1351 1199 πᾶσιΦοίνιξί
1366 1152 1425 1187 τε
1444 1136 1539 1223 καὶ
1560 1138 1895 1205 Αἰγυπτίοις,

1998 1136 2196 1203 partim
2226 1139 2535 1195 contrarias
2565 1154 2983 1216 pugnantesque
3029 1153 3331 1209 sententias
3360 1157 3581 1223 diligent-

317 1220 503 1284 αὐτοῖς
540 1239 601 1274 τε
626 1220 851 1292 Ἕλλησι
892 1220 1026 1275 πολὺ
1077 1222 1342 1294 πρότερον
1369 1221 1645 1291 θεολογίας
1678 1225 1897 1296 ἐξηκρι-

2001 1225 2110 1280 tius
2140 1231 2615 1302 cxcuterejuverit
2640 1254 2653 1289 :
2680 1251 2913 1307 cumque
2938 1249 3148 1297 tantum
3179 1245 3280 1315 ipsi
3314 1257 3577 1306 terrarum

318 1309 578 1375 ϐωκότες,
614 1312 734 1364 τίνα
758 1312 867 1364 τῶν
894 1313 1069 1365 πόνων
1117 1311 1209 1365 τὸν
1243 1314 1455 1385 καρπὸν
1490 1315 1731 1387 εὕροντο,
1766 1319 1893 1390 παρ’

1998 1320 2253 1389 obierint,
2311 1332 2465 1379 tanto
2505 1328 2742 1383 arserint
2796 1329 3161 1403 investigandi
3211 1341 3323 1393 veri
3372 1318 3579 1410 studio,

316 1402 497 1457 αὐτῶν
531 1404 677 1471 ἀξιον
707 1402 958 1471 ἀκοῦσαι,
997 1405 1072 1468 ὡς
1101 1405 1164 1461 ἂν
1197 1407 1460 1479 μάθοιμεν
1514 1410 1567 1461 εί
1593 1426 1645 1462 τι
1672 1409 1897 1481 θεοπρε-

1998 1423 2146 1467 tanta
2176 1415 2231 1468 in
2259 1417 2631 1485 cxpendendis
2660 1431 2902 1478 veterum
2950 1429 3194 1484 omnium
3228 1434 3579 1503 opinionibus

316 1494 418 1557 πὲς
442 1495 523 1558 εἰς
569 1494 765 1558 αὐτοὺς
820 1496 972 1567 παρά
1021 1496 1129 1550 τῶν
1186 1498 1572 1571 πρεσϐυτέρων
1602 1500 1890 1571 κατῆλθεν.

1998 1505 2320 1562 assiduitate
2351 1511 2553 1566 versati
2583 1512 2714 1579 sint,
2752 1516 2989 1588 denique
3021 1531 3171 1577 tanto
3212 1538 3338 1582 ante
3385 1546 3578 1587 recon-

328 1584 581 1657 Ἐκράτει
610 1586 708 1657 μὲν
730 1587 837 1658 γὰρ
868 1587 1130 1660 πρότερον
1160 1590 1223 1641 ἐκ
1268 1590 1496 1643 παλαιοῦ
1526 1590 1718 1655 αἰῶνος
1744 1591 1895 1665 παρὰ

1997 1595 2108 1650 dita
2133 1614 2366 1669 quaeque
2399 1603 2646 1658 omnium
2672 1608 2753 1662 vel
2779 1584 3101 1668 Phtetticttm
3124 1657 3138 1681 ,
3193 1620 3273 1673 vel
3301 1620 3580 1695 Egyptio-

311 1681 427 1742 τοῖς
452 1676 660 1734 ἔθνεσιν
707 1682 739 1750 ἡ
797 1679 1055 1743 πολύθεος
1084 1680 1495 1752 δεισιδαιμονία,
1541 1683 1646 1753 νεῴ
1698 1702 1756 1737 τε
1800 1686 1895 1738 καὶ

319 1773 588 1790 λλη-ηι,κη
622 1771 729 1790 ῑκνὶ
808 1771 921 1790 ’.νη
966 1771 991 1784 ¹¹⁹
1175 1773 1185 1790 ὶ
1282 1774 1316 1790 I‘
1505 1775 1518 1790 \
1605 1774 1616 1790 Ι

1996 1704 2140 1753 rum,
2170 1691 2333 1763 740
2365 1695 2448 1749 vel
2478 1695 2795 1755 Graecorum
2844 1704 3089 1773 ipsorum
3122 1711 3409 1785 theologia:
3460 1734 3577 1790 my-

313 1773 592 1843 μυστήρια
621 1771 743 1843 ἱερὰ
765 1771 873 1825 τῶν
895 1771 1032 1827 θεῶν
1058 1773 1199 1827 κατά
1227 1774 1409 1839 πόλεις
1437 1775 1527 1828 καὶ
1550 1774 1733 1847 χώρας
1769 1794 1894 1830 συν·-

1997 1783 2161 1837 steria
2190 1792 2298 1838 tam
2341 1798 2596 1845 accurate
2626 1795 2990 1866 perviderint;
3024 1818 3211 1858 verum
3243 1807 3431 1878 utique
3464 1771 3578 1865 fue-

311 1862 461 1933 ήθως
521 1862 673 1933 παρά
704 1864 867 1917 πᾶσιν
900 1864 1279 1934 ἐφυλάττοντο.
1315 1866 1388 1917 Οὐ
1422 1865 1485 1937 δὴ
1534 1863 1627 1919 οὖν
1654 1867 1774 1920 οὑδέ
1807 1886 1894 1937 φι-

1966 1877 1969 1914 ι
1998 1874 2087 1939 rit,
2118 1891 2281 1945 quem
2327 1880 2541 1936 tandem
2570 1883 2818 1941 laborum
2855 1905 3080 1947 suorum
3126 1894 3366 1953 fructum
3391 1917 3581 1958 conse-

308 1954 568 2023 λοσοφίας
595 1954 940 2027 ἀνθρωπίνης
958 1951 1025 2027 ἦν
1053 1956 1229 2027 χρεία,
1249 1958 1298 2009 εί
1322 1957 1385 2029 δὴ
1411 1957 1480 2011 τὰ
1494 1958 1592 2030 τῆς
1614 1959 1893 2029 θεοσοφίας

1997 1966 2106 2019 cuti
2126 1968 2256 2034 sint,
2274 1985 2339 2023 ex
2358 1971 2464 2027 illis
2492 1974 2624 2044 ipsis
2651 1978 2861 2045 audire,
2886 1992 2945 2037 ut
2972 1984 3360 2059 intelligamus,
3378 1998 3574 2066 ecquid

311 2046 656 2119 προειλήφειο
687 2048 797 2101 οὐδ’
816 2043 883 2119 ἦν
915 2065 998 2111 τις
1029 2048 1239 2121 ἀνάγκη
1291 2056 1630 2123 καινοτομεῖν
1656 2054 1780 2117 τοὺς
1807 2070 1896 2106 σος-

386 2142 399 2157 .
524 2142 535 2157 .
576 2139 618 2157 ι..
702 2140 713 2157 .
823 2141 848 2152 ..
1089 2144 1100 2157 ,
1302 2143 1314 2157 .
1388 2145 1410 2157 -
1516 2140 1541 2157 τ
1586 2144 1608 2157 ..
1806 2142 1830 2157 τ

1994 2056 2180 2113 divina
2210 2060 2301 2115 illa
2326 2074 2521 2120 natura
2554 2068 2778 2138 dignum
2823 2073 2893 2127 ah
2918 2077 3319 2148 antiquioribus
3351 2043 3579 2157 παῦρο-

308 2142 465 2210 φοὺς,
489 2142 537 2194 εί
570 2139 633 2213 δὴ
660 2140 726 2195 τά
779 2141 889 2195 τῶν
931 2144 1211 2214 προγόνων
1256 2143 1439 2207 αὐτοῖς
1485 2140 1543 2199 εὖ
1584 2144 1777 2216 έχοντα
1802 2142 1890 2218 ἦν·

1997 2150 2123 2204 rint.
2161 2150 2454 2211 Enimvero
2478 2159 2548 2213 ah
2576 2162 2765 2217 ultima
2805 2164 2918 2233 jam
2953 2184 3127 2240 usque
3158 2139 3579 2245 memoria,.;u-

306 2233 427 2287 ἀλλ’
448 2232 572 2287 οὐδὲ
598 2233 904 2299 στασιάζειν
932 2236 1025 2288 καὶ
1061 2234 1411 2305 διαφέρεσθαι
1440 2236 1566 2301 τοὺς
1612 2237 1892 2306 γενναίους

1994 2244 2341 2312 perstitiosus
2372 2250 2459 2305 ille
2484 2252 2628 2322 apud
2654 2232 2842 2325 gentes
2863 2232 3102 2331 plurium
3134 2265 3361 2324 deorum
3392 2232 3574 2330 cultus

308 2324 652 2396 φιλοσόφους,
680 2327 728 2379 εί
769 2325 833 2399 δὴ
882 2326 1170 2398 σύμφωνος
1207 2329 1303 2383 καὶ
1356 2328 1562 2402 ἀληθὴς
1588 2332 1622 2401 ἡ
1664 2331 1890 2402 πάτριος

1992 2333 2228 2405 vigebat,
2266 2342 2576 2413 templaque
2618 2348 2822 2415 passim
2856 2361 2910 2404 et
2941 2368 3098 2410 sacra
3144 2360 3432 2417 numinum
3461 2382 3574 2438 my-

305 2419 495 2483 αὐτοῖς
520 2420 647 2491 περὶ
672 2419 809 2474 θεῶν
836 2420 963 2485 δόξα
990 2421 1285 2493 τυγχάνειν
1332 2422 1706 2494 δεδοκίμαστο.
1744 2423 1809 2475 Τί
1831 2422 1890 2514 δὲ

1992 2424 2189 2489 steria,
2237 2437 2344 2482 tam
2378 2430 2433 2484 in
2467 2432 2696 2490 urbibus
2717 2474 2732 2499 ,
2766 2452 2932 2507 quam
2976 2441 3030 2495 in
3060 2444 3377 2514 regionibus
3404 2419 3577 2507 omni-

304 2510 417 2564 ἔδει
446 2510 701 2582 πολεμεῖν
727 2511 995 2583 ἀλλήλοις,
1030 2512 1124 2567 καὶ
1152 2512 1443 2583 μάχεσθαι,
1476 2512 1509 2583 ἢ
1546 2512 1643 2605 τὴν
1671 2512 1888 2584 μακρὰν

1992 2513 2095 2568 bus
2124 2515 2286 2587 longo
2312 2518 2425 2587 jam
2455 2536 2558 2576 usu
2591 2523 3027 2584 celebrabantur.
3099 2510 3573 2605 Itaque'humana

304 2604 426 2658 ὁδὸν
454 2605 566 2659 ἀνω
595 2606 686 2659 καὶ
711 2606 861 2660 κάτω
919 2605 1293 2677 περιτρέχειν,
1348 2604 1650 2660 πλανᾶσθαί
1694 2622 1753 2658 τε
1795 2607 1889 2659 καὶ

1993 2610 2107 2658 tum
2137 2605 2489 2679 philosophia
2516 2627 2655 2682 opus
2681 2615 2754 2668 nil
2786 2617 2917 2672 dum
2944 2631 3080 2687 erat,
3130 2604 3221 2681 ubi
3261 2629 3446 2687 divina
3491 2651 3576 2689 sa-

303 2699 376 2752 τά
410 2698 697 2769 βαρϐάρων
744 2697 1041 2769 ὑποσυλᾷν,
1085 2698 1223 2752 οίκοι
1264 2698 1383 2752 δέον
1434 2698 1693 2770 μένοντας
1737 2698 1889 2771 παρά

1989 2696 2194 2765 pientis
2241 2699 2424 2757 locum
2477 2719 2773 2778 occuparat
2804 2729 2818 2766 :
2857 2728 2961 2769 nec
2991 2716 3265 2786 sapientes
3297 2722 3419 2780 illos
3445 2728 3573 2782 novi

304 2784 447 2839 θεῶν
464 2785 840 2858 ἐκμανθάνειν,
867 2788 915 2839 εί
945 2786 1009 2858 δή
1036 2803 1179 2850 τινες
1204 2783 1342 2858 ἦσαν
1363 2788 1496 2851 θεοὶ,
1529 2787 1561 2859 ἢ
1599 2788 1747 2860 παρά
1778 2789 1888 2842 τῶν

1990 2790 2287 2862 quidquam
2316 2796 2493 2852 moliri
2521 2801 2898 2868 necesse-fuit,
2927 2805 2973 2860 si
3007 2808 3279 2879 majorum
3305 2814 3572 2875 institutis

303 2879 569 2949 θεολόγων
602 2877 832 2949 ἀνδρῶν,
861 2880 985 2942 τοὺς
1013 2879 1233 2952 ἀληθεῖς
1251 2881 1344 2933 καὶ
1368 2880 1741 2945 ἀδιαπτώτους
1763 2882 1889 2954 περὶ

1990 2896 2089 2936 sua
2114 2885 2259 2953 apud
2292 2901 2351 2941 se
2374 2888 2653 2958 integritas
2686 2893 3059 2967 honestasque
3080 2877 3357 2960 constaret
3398 2926 3411 2963 :
3458 2909 3577 2965 imo

299 2974 413 3027 τῶν
444 2972 885 3043 ἐπιζητουμένων
937 2973 996 3025 ἐν
1043 2973 1329 3043 φιλοσοφίᾳ
1368 2972 1763 3047 λόγους,λπερ“ι
1811 2968 1886 3029 ὧν

1989 2989 2091 3029 nec
2117 2976 2395 3045 przeclaris
2417 2980 2759 3053 philosophis
2785 2994 2863 3042 tot
2892 2989 3160 3051 factiones
3187 3010 3251 3051 ac
3271 2998 3571 3057 dissensio-

302 3062 476 3135 μυρία
508 3064 607 3116 ὅσα
671 3064 1039 3135 μοχθήσαντες
1100 3064 1480 3136 διηνέχθησαν,
1542 3066 1735 3138 μακρῷ
1785 3067 1885 3138 τῆς

1989 3079 2088 3121 nes
2121 3067 2455 3135 excitandas,
2500 3071 2547 3126 si
2597 3077 2771 3142 patria
2816 3078 2884 3133 de
2914 3080 3019 3137 diis
3064 3084 3252 3154 opinio
3285 3096 3340 3142 et
3382 3104 3568 3146 secum

296 3154 568 3227 τάληθοῦς
600 3155 868 3227 εὑρέσεως
896 3157 1409 3229 ἀφυστερήσαντετ;
1440 3158 1505 3211 Τί
1543 3158 1600 3212 δέ
1627 3159 1721 3213 καὶ
1755 3160 1883 3231 περὶ

1990 3156 2107 3227 ipsa
2134 3160 2501 3226 consentiens,
2532 3171 2586 3217 et
2609 3179 2734 3220 vera
2760 3166 3122 3237 judicaretur.
3150 3174 3285 3231 Nam
3315 3180 3447 3250 quid
3473 3197 3573 3238 eos

298 3248 439 3303 θεῶν
469 3248 710 3321 νεώτερα
734 3249 872 3322 χρῆν
896 3250 1174 3322 ἐπιζητεῖν
1216 3252 1442 3324 τολμᾷν,
1499 3252 1533 3325 ἢ
1570 3250 1880 3316 στασιάζειν
1912 3248 1913 3252 “

1954 3249 1956 3256 ’
1990 3252 2275 3318 attinebat,
2308 3263 2403 3309 aut
2429 3256 2510 3310 sic
2541 3256 2682 3314 inter
2713 3274 2772 3315 se
2799 3262 3107 3335 confligere,
3149 3278 3245 3324 aut
3273 3248 3381 3327 tam
3407 3273 3569 3347 longa

296 3342 394 3396 καὶ
416 3341 795 3397 διαπυκτεύειν
814 3341 1082 3414 ἀλλήλοις,
1118 3348 1165 3399 εἰ
1189 3344 1252 3417 δὴ
1298 3345 1543 3418 ἀσφαλὴς
1570 3346 1663 3399 καὶ
1686 3345 1880 3416 βεϐαία

1990 3359 2210 3399 sursum
2260 3361 2326 3401 ac
2365 3347 2622 3404 deorsum
2684 3352 2877 3410 itinera
2930 3358 3228 3424 conficere.
3276 3341 3572 3439 vagarique

297 3433 439 3489 θεῶν
466 3433 701 3505 εὕρεσις,
737 3434 831 3488 καὶ
857 3435 1056 3504 γνῶσις
1085 3436 1365 3501 εὐσεϐείας
1413 3436 1615 3508 ἀληθὴς
1649 3438 1706 3490 ἐν
1733 3436 1880 3490 τελε-

1990 3433 2217 3501 passim,
2254 3444 2308 3490 et
2332 3452 2460 3495 suas
2489 3439 2740 3499 barbaris
2774 3459 2905 3515 opes
2949 3447 3230 3518 snﬂ‘urari,
3265 3433 3391 3509 cum
3420 3433 3568 3514 domi

297 3530 419 3593 ταῖς
447 3529 542 3584 καὶ
567 3531 905 3602 μυστηρίοις,
958 3532 1025 3602 τῇ
1067 3547 1127 3583 τε
1188 3530 1321 3603 άλλη
1379 3532 1489 3584 τῶν
1536 3530 1880 3585 παλαιτάτων

1986 3527 2168 3594 potius
2194 3528 2564 3599 quiescentes,
2598 3534 2681 3589 vel
2709 3536 2808 3592 abs
2836 3538 2963 3605 diis,
3001 3541 3048 3597 si
3077 3542 3173 3610 qui
3203 3544 3343 3602 forte
3374 3548 3446 3603 dii
3481 3567 3571 3607 es-

297 3621 607 3691 περιείχετο
640 3621 908 3694 θεολογίᾳ,
954 3622 1123 3695 αὐτὴν
1152 3622 1368 3695 ἐκείνην
1423 3622 1594 3693 παρὸν
1623 3622 1877 3693 ἀκίνητον

1988 3626 2131 3685 sent,
2167 3619 2249 3674 vel
2294 3635 2324 3675 a
2360 3621 2623 3694 theologis
2652 3642 2813 3686 veras
2846 3644 3036 3686 eorum
3060 3673 3075 3699 ,
3102 3650 3225 3705 quae
3256 3638 3309 3692 in
3335 3638 3570 3710 philoso-

297 3716 393 3768 καὶ
417 3714 850 3786 ὁμολογουμένην
881 3714 1182 3786 συμφώνως
1210 3714 1525 3786 περιέπειν;
1571 3714 1727 3767 Ἀλλά
1746 3714 1875 3786 γὰρ,

1986 3709 2115 3780 phia
2156 3711 2560 3783 disquiruntur,
2588 3719 2828 3775 rationes
2864 3722 3085 3781 haurire
3111 3709 3467 3801 debuissent,
3500 3736 3570 3793 de

297 3810 347 3861 εί
368 3810 584 3878 φανεῖεν
611 3802 755 3862 οὗτοι
787 3808 953 3880 μηδὲν
982 3807 1178 3879 ἀληθὲς
1230 3810 1359 3881 περ)⁹
1400 3807 1536 3861 Θεοῦ
1578 3809 1728 3881 παρά
1767 3807 1878 3861 τῶν

1986 3804 2188 3874 quibus
2215 3806 2319 3877 ipsi
2345 3816 2470 3877 post
2492 3806 2733 3868 inﬁnitos
2760 3814 2978 3873 labores
3001 3818 3070 3874 ab
3087 3821 3212 3877 aliis
3229 3823 3567 3898 dissidendo,

298 3900 583 3972 προτέρων
616 3901 1015 3973 μεμαθηκότες,
1045 3901 1272 3964 οἰκείαις
1297 3901 1342 3954 δ’
1368 3901 1631 3965 ἐπινοίαις
1659 3904 1725 3972 τῇ
1748 3902 1877 3973 περὶ

1985 3898 2056 3953 ab
2086 3897 2206 3968 ipsa
2228 3899 2477 3957 veritatis
2520 3900 2937 3976 investigatione
2970 3914 3163 3980 procul
3197 3897 3576 3980 aberrarunt!

297 3994 515 4063 φύσεως
542 3994 957 4066 ἐπιϐεϐληκότες
980 3993 1243 4061 ἐξετάσει,
1275 3993 1368 4047 καὶ
1404 3995 1729 4065 στοχασμοῖς
1751 3994 1879 4065 μᾶλ-

1984 3988 2125 4057 Quid
2154 4006 2320 4061 porro
2346 4008 2570 4051 necesse
2590 4005 2726 4064 erat,
2747 4014 2885 4055 nova
2912 4002 2979 4057 de
3000 4003 3109 4059 diis
3137 4008 3387 4078 quaedam
3417 4027 3573 4067 com-

296 4091 388 4139 λον
419 4087 453 4157 ἢ
485 4086 781 4159 καταλήψει
815 4086 1161 4159 κεχρημένοι·
1194 4086 1247 4140 τί
1268 4086 1372 4158 χρὴ
1410 4084 1594 4140 λοιπὸν
1630 4085 1705 4159 μὴ
1756 4087 1877 4157 οὐχὶ⁸

1984 4084 2224 4154 minisci,
2259 4095 2356 4141 aut
2381 4088 2523 4143 inter
2554 4104 2675 4146 sese
2696 4092 2943 4163 pugilum
2979 4112 3132 4152 more
3161 4101 3493 4168 conﬂictari,
3521 4107 3571 4160 si

296 4177 679 4249 συνομολογεῖν
699 4178 796 4250 τὴν
820 4178 1056 4231 παλαιὰν
1085 4176 1191 4230 τῶν
1211 4176 1381 4230 ἐθνῶν
1411 4176 1689 4245 θεολογίαν
1711 4176 1876 4248 μηδὲν

1982 4178 2147 4233 modo
2199 4194 2392 4236 secura
2438 4182 2705 4253 ﬁrmaque
2751 4186 2820 4242 de
2858 4186 2963 4244 diis
3010 4190 3383 4262 existimatio,
3413 4211 3566 4252 vera-

296 4271 457 4324 πλέον
490 4270 590 4340 τῆς
613 4269 965 4341 ἀποδοθείσης
992 4270 1050 4323 ἐν
1082 4272 1191 4333 τοῖς
1228 4269 1336 4341 πρὸ
1372 4269 1559 4322 τούτου
1604 4269 1877 4341 συγγράμ-

1984 4286 2089 4341 que
2118 4273 2396 4346 religionis
2424 4277 2697 4354 COgnitio',
2729 4279 3041 4349 priscorum
3072 4286 3358 4341 hominum
3394 4290 3568 4345 sacris

297 4380 462 4432 μασιν
486 4362 726 4435 ἱστορίας
759 4363 1006 4433 ἐπέχειν;
1048 4363 1168 4415 Ὅτι
1195 4362 1293 4433 μὲν
1316 4356 1408 4415 οὖν
1433 4362 1492 4426 ἐξ
1520 4361 1875 4431 ἀνθρωπίνων

1984 4364 2091 4417 illis
2125 4363 2321 4420 ritibus
2362 4375 2526 4435 atque
2570 4368 2879 4438 mysteriis,
2931 4373 3251 4445 ueterisque
3281 4376 3574 4449 theologia:

297 4455 641 4528 στοχασμῶν,
694 4456 792 4510 καὶ
836 4455 1038 4524 πολλῆς
1087 4454 1437 4525 λογομαχίας,
1492 4454 1585 4505 καὶ
1645 4451 1872 4523 πλάνης,

1982 4469 2096 4509 suae
2129 4455 2436 4513 rationibus
2479 4460 2864 4517 continebatur
2898 4481 2911 4517 :
2951 4479 3078 4519 cum
3127 4466 3217 4521 illa
3259 4469 3376 4538 ipsa
3416 4472 3568 4527 nulla

294 4550 410 4604 ἀλλ’
435 4551 535 4603 οὐκ
562 4550 627 4603 ἐκ
653 4566 798 4613 τινος
829 4547 1089 4621 ἀκριϐοῦς
1120 4547 1496 4616 καταλήψεως,
1527 4548 1561 4617 ἡ
1593 4544 1744 4615 παρά
1763 4548 1874 4609 τοῖς

1950 4600 1953 4622 ,
1982 4551 2066 4602 sui
2096 4558 2303 4603 mutata
2330 4560 2504 4621 parte,
2536 4555 2814 4609 communi
2842 4566 3186 4626 posterorum
3210 4576 3482 4619 consensu
3501 4579 3565 4620 ae

298 4643 556 4713 Ἕλλησιν
577 4643 783 4713 ὑπέστη
817 4641 1124 4712 φιλοσοφία,
1170 4642 1233 4692 ἐκ
1270 4640 1369 4710 τῆς
1395 4640 1528 4711 πρὸς
1552 4640 1878 4694 Νεκτεναϐὼ
1905 4721 1908 4723 Δ

1985 4642 2325 4710 professione
2371 4644 2593 4698 retineri
2631 4648 2855 4715 posset?
2902 4649 2997 4703 Sin
3028 4662 3216 4707 autem
3244 4654 3298 4708 id
3322 4665 3568 4725 constat,

294 4736 385 4789 τὸν
414 4734 712 4803 Αἰγύπτιον
750 4734 1039 4805 ἐπιστολῆς
1077 4734 1171 4786 τοῦ
1207 4732 1515 4804 Πορφυρίου
1564 4732 1753 4803 μάθοις
1786 4732 1875 4799 ἂν,

1985 4734 2318 4790 recentiores
2349 4736 2484 4793 istos
2515 4737 2627 4794 veri
2661 4739 2729 4794 de
2752 4738 2864 4794 Deo
2898 4741 3033 4796 nihil
3068 4743 3137 4798 ab
3160 4746 3572 4816 antiquioribus

294 4829 427 4881 αὐτὸ
496 4828 562 4901 δὴ
622 4827 783 4881 τοῦτο
858 4828 1097 4891 ἀκούσας
1172 4824 1561 4899 ὁμολογοῦντος
1627 4826 1685 4878 ἐν
1752 4824 1876 4878 τού-

1983 4826 2091 4881 illis
2119 4827 2397 4894 didicisse,
2430 4846 2494 4890 ac
2517 4844 2710 4902 suopte
2730 4850 3003 4906 quemque
3034 4837 3249 4909 ingenio
3272 4841 3352 4896 sic
3375 4841 3429 4895 in
3464 4858 3563 4897 na-

295 4937 428 4985 τοις,
966 4906 967 4909 “
1984 4929 2120 4973 tura:
2150 4920 2621 4993 investigationem
2655 4925 2989 4992 incubuisse,
3025 4936 3085 4984 ut
3112 4931 3445 5002 coniecturis
3471 4949 3575 5005 po.

296 5015 404 5070 tius
444 5028 609 5084 quam
658 5012 766 5065 ulla
828 5006 1314 5081 comprehensione
1358 5009 1663 5063 niterentur
1710 5025 1722 5061 :
1770 5008 1894 5078 quis
1935 5024 2044 5063 non
2097 5010 2331 5081 ingenue
2359 5014 2724 5071 conﬁlendum
2760 5032 2883 5073 esse
2922 5020 3122 5090 videat,
3152 5024 3289 5080 nihil
3338 5028 3575 5084 omnino.

297 5117 493 5177 praeter
514 5122 599 5174 ea,
648 5122 769 5177 quae
813 5104 1189 5182 superioribus
1218 5102 1369 5158 lihris
1428 5101 1812 5169 indicavimus,
1855 5106 2095 5171 gentium
2126 5107 2398 5180 theologia
2448 5112 2755 5167 contineri?
2780 5113 2859 5169 Ae
2884 5126 3219 5185 postremum
3251 5100 3470 5191 quidem
3499 5123 3571 5177 il-

294 5201 424 5266 lnd,
456 5216 622 5271 quam
651 5216 717 5254 ex
744 5208 1005 5254 accurata
1056 5200 1205 5253 nulla
1250 5196 1773 5267 comprehensione,
1828 5197 1926 5252 sed
1964 5201 2292 5269 quibusdam
2342 5212 2554 5259 tantum
2583 5219 2646 5260 ex
2698 5206 3052 5277 conjecturis,
3104 5227 3413 5283 magnoque
3436 5230 3564 5269 ver-

296 5297 490 5351 borum
545 5294 800 5352 conllictu
853 5295 1038 5351 multis
1084 5310 1208 5349 cum
1253 5293 1534 5349 erroribus
1582 5293 1874 5362 coniuncto
1907 5294 2221 5352 Graecorum
2277 5300 2621 5371 philosophia
2671 5302 2962 5367 exstiterit,
2995 5304 3153 5361 facile
3197 5309 3280 5362 vel
3332 5323 3398 5363 ex
3433 5323 3566 5380 qua-

294 5392 420 5445 dam
456 5390 742 5462 Porphyrii
775 5391 843 5447 ad
872 5389 1308 5447 Nectcnabonem
1361 5387 1677 5460 Egyptium
1731 5386 1960 5458 epistola
2004 5391 2306 5466 intelligas,
2353 5397 2405 5451 in
2447 5412 2553 5468 qua
2593 5397 2643 5452 id
2692 5394 2871 5465 ipsum
2904 5400 3126 5456 totidem
3165 5400 3349 5457 verbis
3371 5400 3564 5463 audies

295 5492 662 5544 uenaleutem.
