4090 6382
473 405 607 462 ιειθ

984 539 1143 611 741
1188 536 1415 593 CAPUT
1458 536 1525 588 .\'.

472 656 673 711 Nullas
727 656 867 726 apud
902 654 1112 709 ercos
1151 651 1489 721 pltilosOpltos
1529 648 1865 726 conjecturas
1920 661 2054 726 esse,

542 715 815 782 verborum
850 740 1074 794 pugnas,
1123 715 1433 794 erroresque
1463 715 1751 794 permultos
1770 734 1789 794 ,'_
1829 732 1893 770 ea:
1922 715 2058 768 Por-

539 800 712 869 phyrii
732 799 799 849 ad
824 789 1241 869 Nectenubonem
1261 789 1572 869 gyptium
1598 789 1846 869 epistola,
1872 804 1970 839 non
1993 801 2059 838 ex

541 859 645 933 iis:
676 884 791 937 qua:
827 869 898 920 De
925 868 1109 937 animo
1144 865 1211 917 ad
1260 859 1518 916 Boethum
1568 859 1870 937 rescripsit,
1898 871 2059 935 eoque

543 956 607 995 ex
633 931 772 992 libro
798 954 949 1008 quem
980 936 1053 989 De
1084 937 1275 989 hausta
1302 949 1367 986 ex
1394 931 1745 987 oraculorum
1777 931 2059 999 responsis

543 1009 891 1082 phil050phia
924 1008 1116 1060 edidit.

551 1207 570 1241 ι
608 1187 721 1242 Hoc
756 1189 808 1241 in
834 1203 997 1250 meae,
1030 1176 1244 1254 inquit,
1285 1198 1412 1253 erga
1453 1191 1504 1237 te
1528 1179 1921 1237 benevolentiae
1948 1176 2063 1233 olli-

475 1281 583 1347 cio,
614 1296 643 1333 a
676 1279 782 1333 diis
812 1279 944 1348 ipsis
980 1278 1251 1346 bonisque
1282 1274 1646 1339 dasmonibus,
1677 1282 1841 1341 atque
1884 1272 1968 1325 his
1989 1270 2066 1324 af-

478 1373 681 1428 ﬁnibus
702 1369 1029 1441 quibusdam
1055 1366 1411 1437 cognatisque
1429 1364 1790 1433 philosophia
1816 1362 2065 1432 partibus

479 1465 741 1533 incipiam
768 1502 784 1525 ,
834 1465 901 1516 de
932 1460 1132 1529 quibus
1157 1475 1187 1513 a
1216 1459 1419 1513 Graecis
1459 1471 1681 1527 quoque
1727 1454 2065 1525 philos‘Ophis

478 1557 745 1626 permulta
776 1554 919 1609 dicta
948 1561 1113 1618 sunt;
1139 1567 1327 1603 verum
1364 1548 1659 1618 ejusmodi,
1704 1563 1825 1617 quae
1857 1556 2065 1617 partem

476 1661 609 1701 sane
636 1641 1087 1706 niaximam,lidei
1116 1639 1377 1694 faciendae
1401 1639 1667 1708 principia
1690 1654 1795 1690 nou
1824 1636 2063 1696 aliunde,

476 1755 644 1809 quam
682 1753 745 1791 ex
787 1737 903 1791 sola
935 1735 1247 1804 conjectura
1295 1734 1577 1787 ducerent.
1617 1749 1633 1781 ι
1676 1728 1813 1783 Tum
1846 1726 2067 1797 interje-

477 1832 585 1885 etis
614 1830 738 1884 aliis
778 1829 852 1882 ita
879 1827 1222 1898 progreditur
1251 1844 1263 1878 :
1308 1842 1326 1876 ι
1353 1823 1508 1893 Apud
1542 1839 1665 1889 nos,
1709 1822 1907 1891 inquit,
1941 1835 2064 1875 ver-

481 1924 677 1977 borum
710 1921 998 1976 conllictus
1027 1920 1217 1988 ingens
1240 1958 1255 1983 ,
1291 1919 1490 1987 quippe
1536 1916 1629 1986 qui
1678 1916 1918 1969 humana
1947 1922 2069 1967 tan-

480 2022 595 2068 tum
615 2011 1019 2067 existimatione
1047 2010 1114 2064 de
1138 2011 1283 2064 bono
1316 2018 1646 2063 statuamus.
1667 2006 1935 2062 Caeterum
1972 2005 2066 2075 qui

477 2108 548 2162 ad
568 2104 965 2176 assequendam
1000 2104 1147 2157 illam
1174 2117 1296 2157 cum
1321 2100 1591 2169 superiori
1613 2108 1806 2153 natura
1836 2098 2068 2167 conjun—

478 2199 717 2255 ctionem
749 2196 1092 2257 incumbunt,
1119 2194 1156 2247 ii
1181 2192 1424 2263 profecto
1451 2193 1591 2245 hanc
1617 2192 1661 2247 si
1684 2200 1891 2261 partem
1916 2190 2071 2245 inve-

480 2288 791 2358 stigationis
815 2285 1282 2357 praetermiserim,
1310 2284 1518 2337 frustra
1540 2292 1749 2337 tantum
1769 2283 1821 2336 in
1848 2283 2070 2352 sapien-

480 2381 571 2436 tia:
583 2380 763 2436 studio
784 2377 988 2432 laboris
1010 2390 1297 2445 Opemque
1318 2382 1705 2430 consumunt.»
1733 2371 1878 2429 Idem
1906 2376 1958 2427 in
1979 2373 2067 2436 iis,

479 2488 603 2543 qua:
624 2471 696 2525 De
712 2474 891 2525 animo
913 2469 980 2524 ad
993 2468 1261 2523 Boethum
1284 2467 1583 2538 rescripsit,
1604 2466 1655 2521 id
1676 2467 1851 2534 ipsum
1874 2478 2071 2520 conce-

483 2565 591 2635 ptis
622 2565 822 2618 fatetur
844 2563 1058 2628 verbis;
1088 2560 1218 2615 dum
1256 2562 1353 2627 ait,
1379 2560 1783 2613 «Immortalem
1810 2573 1932 2613 esse
1954 2558 2071 2612 ani-

484 2675 659 2723 mum,
695 2656 785 2710 illa
828 2655 1163 2726 intelligendi
1195 2662 1249 2708 et
1296 2652 1705 2709 commentandi
1752 2652 1836 2708 vis
1864 2652 2072 2722 absque

483 2752 591 2805 ulla
640 2748 982 2804 dubitatione
1022 2748 1323 2802 convincit.
1367 2744 1759 2800 Verumtamen
1801 2743 2070 2816 quidquid

482 2844 757 2898 rationum
785 2858 815 2895 a
833 2840 1172 2911 philosophis
1186 2841 1289 2894 hoc
1315 2839 1381 2893 ad
1402 2838 1893 2894 demonstrandum
1919 2835 2073 2891 affer-

485 2941 595 2996 tur,
630 2933 682 2986 id
711 2942 884 2987 totum
914 2941 1136 3002 propter
1161 2946 1306 2995 eam,
1344 2944 1508 2999 quam
1541 2928 1594 2981 in
1619 2926 1877 2982 omnibus
1907 2942 2072 2996 repu-

484 3026 685 3097 gnamli
718 3025 992 3080 solertiam
1031 3023 1207 3092 arguti
1244 3032 1299 3077 et
1324 3021 1656 3076 coutclttiosi
1700 3019 1953 3075 homines
1980 3034 2070 3073 re-

483 3131 762 3193 pererunt,
791 3118 1049 3189 perfacile
1098 3119 1163 3172 ad
1199 3115 1554 3172 refellendum
1588 3115 1823 3171 videtur.
1862 3134 1882 3166 »
1925 3113 2067 3181 Quid

484 3216 630 3267 enim
661 3221 769 3265 tota
807 3212 859 3263 in
887 3209 1228 3279 philosophia
1266 3207 1357 3268 sit.
1379 3207 1523 3275 quod
1548 3206 1618 3259 ab
1643 3206 1803 3259 aliter
1828 3205 2067 3259 sentien-
2097 3244 2139 3301 Ο

487 3303 633 3356 tibus
666 3301 975 3370 impugnari
1029 3309 1302 3367 nequeat,
1350 3313 1476 3351 cum
1523 3297 1576 3349 in
1614 3296 1680 3350 iis
1709 3294 1875 3350 etiam
1898 3336 1913 3362 ,
1948 3310 2071 3365 qua:

485 3391 772 3463 perspicua
812 3406 879 3443 ex
908 3405 1029 3444 sese
1058 3389 1404 3453 videbantur,
1437 3386 1815 3441 assensionem
1848 3400 2072 3441 onmem

486 3481 722 3537 retinere
763 3480 960 3534 borum
1006 3477 1255 3532 nonnulli
1303 3476 1631 3531 maluerint?
1659 3473 1981 3541 Postremo,
2016 3476 2071 3530 in

484 3588 553 3630 eo
583 3587 801 3643 quoque
829 3571 989 3634 libro,
1016 3586 1177 3639 quem
1209 3569 1286 3622 De
1310 3571 1503 3622 hausta
1542 3586 1605 3622 ea:
1640 3569 1977 3623 oraculorum
2001 3584 2075 3623 re-

486 3665 692 3735 sponsis
742 3664 1076 3733 philosophia
1128 3664 1492 3733 conscripsit,
1542 3663 1827 3717 aberrasse
1856 3660 2075 3716 Graecos

487 3758 688 3813 diserte
714 3754 941 3809 omnino
976 3754 1297 3818 confitetur,
1332 3770 1493 3808 suum
1528 3754 1692 3808 etiam
1730 3753 1898 3808 Deum
1935 3753 2075 3806 hanc

489 3848 544 3900 in
571 3860 684 3900 rem
720 3844 1076 3914 testatus,qui
1104 3844 1220 3897 suis
1251 3844 1355 3896 hoc
1378 3844 1553 3913 ipsum
1580 3844 1819 3898 oraculis
1847 3860 2077 3916 respon-

488 3933 659 3996 derit,
692 3931 1049 4001 barbarisque
1079 3930 1261 4000 potius
1305 3945 1469 3998 quam
1499 3929 1704 3986 Graecis
1734 3931 2072 3995 hominibus,

489 4025 736 4079 veritatis
787 4025 1020 4078 inventa:
1067 4024 1282 4079 laudem
1331 4024 1648 4080 testimonio
1681 4037 1785 4078 suo
1814 4023 2073 4078 delende-

493 4117 591 4183 rit,
642 4131 815 4186 eoque
857 4115 1081 4171 ferendo
1129 4117 1392 4171 barbaros
1440 4118 1589 4186 ipsos
1631 4116 1955 4171 nominatim
1980 4130 2078 4185 ap-

490 4208 725 4280 pellarit.
764 4206 958 4262 Statim
994 4209 1138 4263 enim
1178 4219 1299 4279 post
1328 4210 1534 4264 oraculi
1576 4209 1973 4279 expositionem
2003 4209 2075 4263 ita

490 4300 796 4356 concludit:
830 4317 848 4350 ι
886 4299 1158 4353 Audivisti
1202 4310 1466 4369 quantum
1492 4298 1696 4353 laboris
1746 4297 2076 4352 exhaustum

490 4393 582 4458 sit,
621 4402 681 4445 ut
706 4391 955 4461 corporis
988 4401 1198 4445 tantum
1231 4406 1396 4446 causa
1432 4390 1708 4460 piaculare
1753 4390 1877 4459 quis
1908 4390 2079 4444 sacri-

490 4485 675 4540 ﬁcium
702 4484 924 4548 faceret,
961 4482 1121 4556 742
1149 4498 1257 4537 ιιοη
1285 4484 1433 4552 quod
1463 4483 1633 4536 animi
1660 4483 1889 4537 salutem
1923 4483 2076 4535 inve-

1148 402 1233 458 EU
1245 400 1413 455 SEBll
1454 394 1934 454 CASSARIENSIS
1976 393 2073 450 ΟΡ]

2177 389 2350 447 PARS
2377 388 2439 443 ll.
2466 418 2534 430 -—
2569 374 3069 441 APOLOCETICA.

3608 377 3754 433 1220

2712 517 3106 577 ΚΕΦΑᾹΑΙΟΝ
3152 520 3211 572 l'.

2160 647 2280 698 Ὅτι
2340 638 2712 717 στοχασμοί,
2765 637 2863 692 καὶ
2908 633 3330 717 λογομαχέαιιη

2227 715 2431 781 πλάνη
2458 702 2742 781 ἷυγὶάνει
2773 702 3107 781 παρὰίᾲτοῒς
3486 702 3757 781 ,φιλοσό-

2230 804 2385 855 emc-
2416 769 2721 855 "Agid'nic
2746 769 2890 855 πρὸξ
2923 769 3271 855 Nam"???
3293 771 3399 855 Ξὺν
3424 769 3767 855 ᾼῖτῨπῖέεΪ

2229 837 2561 918 ἓπιᾶτολ-ῆς
2594 837 2960 918 Ιιόῥφῦρίὸυ.
3008 848 3107 900 καὶ
3155 837 3764 918 ἁφῶν-ἀντέγραψε

2233 910 2437 991 Βοηθῷ
2465 910 2599 994 Περὶ
2647 910 2847 994 ᾧμᾶἧξ,
2909 918 3007 971 καὶ
3052 915 3172 971 ἀπὸ
3198 910 3332 981 ’τῆς
3378 910 3518 982 Περὶ
3553 910 3661 977 τῆς
3698 910 3766 958 ἐκ

2230 990 2427 1065 λογίων
2454 990 2791 1063 φιλοσοφίας.

2241 1192 2260 1225 σ
2310 1165 2663 1241 Ἀρξομαιδέ
2700 1164 2801 1235 τῆς
2839 1161 2975 1234 πρὸς
3003 1160 3065 1213 σέ
3106 1158 3287 1229 φιλίας
3334 1156 3441 1210 ἀπὸ
3492 1154 3631 1208 θεῶν
3658 1154 3763 1207 καὶ

2164 1265 2433 1336 δαιμόνων
2473 1259 2716 1329 ἀγαθῶν,
2747 1254 2857 1309 τῶν
2883 1272 2943 1306 τε
2991 1252 3201 1315 τούτοις
3230 1248 3510 1319 συγγενῶν
3538 1247 3760 1317 φιλοσο·

2167 1356 2457 1427 φημάτων,
2497 1350 2625 1424 περὶ
2669 1342 2744 1401 ὧν
2791 1346 3008 1419 εἴρηται
3049 1345 3146 1415 μὲν
3207 1342 3457 1395 πλεῖστα.
3492 1340 3585 1393 καὶ
3609 1339 3763 1409 παρὰ

2167 1452 2279 1511 τοῖς
2325 1446 2593 1517 Ἑλλήνων
2644 1440 2975 1511 φιλοσόφοις,
3006 1438 3219 1510 εἴρηται
3267 1436 3322 1489 δὲ
3358 1436 3422 1487 ἐκ
3450 1430 3763 1503 στοχασμοῦ

2166 1544 2227 1597 τὸ
2263 1542 2422 1597 πλέον
2443 1538 2545 1602 τάς
2564 1536 2737 1608 ἀρχάς
2771 1533 2892 1604 ἕχον
2914 1533 3014 1603 τῆς
3053 1531 3305 1593 πίστεως.
3342 1548 3360 1580 ι
3409 1528 3519 1581 Καὶ
3549 1524 3765 1587 ὑποϐάς

2171 1636 2299 1705 ἑξῆς
2328 1632 2599 1703 ἐπιφέρει,
2622 1629 2817 1696 λέγων·
2880 1644 2898 1677 ι
2937 1623 3097 1696 Παρά
3129 1624 3227 1694 μὲν
3268 1622 3378 1692 γάρ
3434 1622 3565 1691 ημῖν
3606 1618 3767 1686 λογο-

2174 1722 2347 1793 μαχία
2366 1719 2450 1783 τίς
2482 1720 2597 1770 ἐστι
2638 1714 2829 1785 πολλὴ.
2885 1713 2981 1766 ἆτε
3016 1712 3076 1776 ἐξ
3099 1711 3454 1781 ἀνθρωπίνων
3484 1706 3766 1777 λογισμῶν

2171 1814 2264 1868 τοῦ
2299 1811 2505 1881 ἀγαθοῦ
2529 1809 2905 1879 εἰκαζομένου.
2929 1801 3023 1871 Οἷς
3044 1806 3101 1859 δὲ
3136 1803 3518 1875 μεμηχάνηται
3555 1804 3588 1871 ἡ
3626 1814 3768 1871 προς

2168 1906 2230 1959 τὸ
2260 1908 2507 1978 κρεῖττον
2551 1900 2826 1964 συνουσία,
2861 1901 2910 1953 εἰ
2956 1900 3208 1971 παρεῖται
3258 1897 3320 1949 τὸ
3370 1895 3534 1966 μέρος
3604 1890 3771 1947 τοῦτο

2170 2000 2250 2061 εἰς
2288 1996 2555 2061 ἐξέτασιν,
2620 1994 2798 2064 μάτην
2850 1992 3034 2053 αὐτοῖς
3085 1992 3120 2061 ἡ
3179 1987 3340 2058 σοφία
3384 1987 3710 2057 ἐξήσκηται.
3744 2003 3763 2033 ι

2183 2089 2342 2142 Ἀλλά
2376 2088 2468 2141 καὶ¹
2489 2089 2546 2141 ἐν
2574 2080 2655 2149 οἷς
2684 2083 2992 2156 ἀντέγραψε
3023 2081 3213 2153 Βοηθῴ
3260 2079 3401 2148 Περὶ
3448 2076 3679 2147 ψυχῆς,
3739 2078 3772 2128 6

2168 2182 2330 2245 αὐτὸς
2374 2174 2474 2233 ὦδε
2535 2179 2764 2251 γράφων
2809 2175 3058 2247 ὁμολογεί
3106 2175 3241 2244 πρὸς
3298 2170 3462 2239 λέξιν·
3514 2190 3532 2222 ι
3581 2170 3667 2232 Ὡς
3700 2168 3772 2222 τά

2174 2274 2272 2344 μὲν
2302 2272 2411 2325 τῶν
2440 2270 2680 2333 ἐννοιῶν,
2716 2268 2811 2323 καὶ
2832 2266 2899 2320 τά
2922 2266 3021 2337 τῆς
3058 2264 3298 2337 ἱστορίας
3348 2260 3769 2333 ἀναμφιλέκτως

2172 2365 2453 2435 συνίστησι
2482 2363 2580 2434 τὴν
2612 2360 2791 2433 ψυχὴν
2831 2355 2970 2414 εἶναι
3011 2357 3295 2412 ἀθάνατονο
3327 2355 3377 2408 οἱ
3418 2354 3475 2407 δέ
3520 2355 3601 2417 είς
3630 2351 3773 2406 ἀπό-

2168 2455 2332 2522 δειξιν
2360 2454 2511 2526 παρά
2538 2452 2648 2506 τῶν
2671 2450 2977 2521 φιλοσόφων
3007 2449 3359 2520 κομισθέντες
3388 2446 3538 2515 λόγοι
3573 2442 3767 2497 δοκοῦ-

2173 2567 2256 2604 σιν
2278 2544 2415 2602 εἶναι
2449 2546 2842 2618 εύανάτρεπτοι
2864 2543 2954 2596 διά
2981 2542 3077 2614 τὴν
3108 2544 3165 2595 ἐν
3192 2543 3358 2595 πᾶσιν
3389 2537 3771 2610 εὐρεσιλογίαν

2171 2642 2279 2697 τῶν
2314 2639 2627 2713 ἐριστικῶν.
2663 2638 2760 2702 Τίς
2782 2639 2890 2708 γὰρ
2929 2636 3085 2706 λόγος
3122 2636 3231 2689 τῶν
3263 2637 3322 2689 ἐν
3353 2634 3642 2705 φιλοσοφίᾳ
3666 2633 3772 2687 οὐκ

2170 2733 2656 2806 ἀμφισϐητήσιμος
2682 2734 2791 2795 τοῖς
2819 2728 3169 2800 ἐτεροδόξοις,
3221 2729 3355 2781 ὅπου
3383 2726 3475 2781 καὶ
3504 2725 3635 2797 περὶ
3658 2724 3775 2780 τῶν

2169 2827 2472 2882 δοκούντων
2527 2823 2773 2896 ἐναργῶν
2822 2823 3040 2893 ἐπέχειν
3074 2820 3253 2874 αὐτῶν
3298 2836 3440 2873 τισιν
3494 2818 3768 2884 ἐδόκεις»

2171 2921 2283 2975 Καὶ
2315 2921 2372 2972 ἐν
2397 2914 2477 2982 οἷς
2518 2917 2575 2970 δὲ
2603 2916 2881 2987 ἐπέγραψε
2907 2915 3044 2984 Περὶ
3085 2914 3196 2981 τῆς
3221 2915 3290 2967 ἐκ
3328 2912 3551 2983 λογίων
3596 2915 3770 2981 φιλο-

2170 3014 2413 3082 σοφίας,
2445 3009 2740 3082 διαρρήδην
2764 3007 3018 3079 ὁμολογεῖ
3047 3009 3173 3071 τοὺς
3200 3006 3468 3078 Ἓλληνας
3498 3006 3776 3076 πεπλανῆ-

2171 3104 2315 3171 σθαι,
2364 3102 2875 3173 ἐπιμαρτυρόμενος
2926 3100 3016 3154 τὸν
3071 3099 3267 3153 ἑαυτοῦ
3314 3098 3465 3160 Θεὸν,
3494 3098 3571 3161 ὡς
3613 3097 3776 3151 τοῦτο

2172 3194 2389 3251 καὶτοῦ
2451 3193 2785 3257 ’Λπόλλωνος
2837 3192 2926 3245 διὰ
2976 3191 3244 3263 χρησμῶν
3287 3191 3617 3257 ἐξειπόντος,
3676 3192 3776 3244 καὶ

2176 3288 2471 3362 βαρϐάροις
2494 3285 2757 3359 μᾶλλονῆ
2798 3285 3025 3355 Ἕλλησι
3080 3285 3181 3355 τὴν
3229 3284 3448 3356 εὓρεσιν
3478 3285 3575 3355 τῆς
3631 3284 3773 3353 ἀλη-

2174 3381 2325 3447 θείας
2352 3381 2917 3452 ἐπιμαρτυρήσαντος,
2948 3377 3043 3431 καὶ⁹
3098 3377 3162 3448 δὴ
3212 3377 3305 3431 καί
3346 3376 3610 3448 Ἐϐραίων
3638 3394 3777 3448 μνη-

2177 3477 2533 3551 μονεύσαντος
2565 3476 2758 3537 ἐντοῖς
2793 3470 3208 3544 μαρτυρηθεὲσι.
3263 3471 3417 3526 Μετά
3474 3470 3607 3539 γοῦν
3668 3471 3775 3543 τὴν

2173 3569 2268 3624 τοῦ
2291 3567 2540 3642 χρησμοῦ
2562 3564 2887 3637 παράθεσιν,
2928 3563 3055 3633 ἐξῆς
3109 3562 3319 3627 τούτοις
3349 3563 3617 3635 κέχρηται
3658 3566 3776 3627 τοίς

2176 3663 2469 3731 ἐπιλόγοις.
2534 3680 2551 3711 ι
2605 3659 2874 3729 ’Δκήκοας
2938 3656 3104 3719 πόσος
3135 3656 3319 3720 πόνος,
3375 3657 3439 3709 ἵν’
3480 3656 3623 3727 ὑπὲρ
3676 3655 3778 3709 σώ-

2179 3755 2347 3828 ματός
2373 3772 2456 3817 τις
2487 3753 2555 3807 τὰ
2579 3753 2851 3825 καθάρσια
2884 3751 3042 3824 θύσῃ,
3088 3752 3187 3822 οὐχ
3220 3752 3301 3804 ὅτι
3328 3750 3426 3820 τῆς
3450 3750 3629 3819 ψυχῆς
3673 3748 3779 3821 τὴν

2179 3845 2451 3917 σωτηρίαν
2499 3844 2727 3916 ὲξεύρῃς
2796 3842 3129 3905 Χαλκόδετος
3185 3843 3295 3912 γὰρ
3341 3843 3374 3911 ἡ
3438 3841 3575 3912 πρὸς
3617 3841 3777 3905 θεοὺς

2175 3940 2313 4003 ὁδὸς,
2347 3940 2564 4008 αἰπεινή
2598 3954 2658 3990 τε
2692 3937 2787 3990 καὶ
2846 3937 3095 4007 τραχεῖα,
3143 3929 3213 4005 ἦς
3268 3933 3466 3996 πολλάς
3494 3935 3778 4003 ἀτραποὺς

2180 4031 2447 4104 βάρϐαροι
2471 4029 2569 4101 μὲν
2602 4027 2843 4099 ἐξεῦρον,
2880 4025 3141 4097 Ἕλληνες
3186 4025 3243 4078 δὲ
3278 4024 3679 4095 ἐπλανήθησαν·
3726 4028 3775 4078 oi

2177 4124 2236 4177 δέ
2264 4120 2594 4195 κρατοῦντες
2618 4120 2718 4191 ἤδη
2774 4120 2869 4172 καὶ
2924 4118 3259 4189 διέφθειραν.
3300 4117 3411 4189 Τὴν
3449 4117 3506 4170 δέ
3558 4116 3778 4189 εὕρεσιν

2177 4216 2547 4285 Αίγυπτίοιςό
2573 4213 2705 4277 Θεὸς
2735 4211 3110 4284 ἐμαρτύρησε,
3146 4210 3347 4277 Φοίνιξί
3387 4228 3447 4264 τε
3492 4212 3583 4265 καὶ
3628 4212 3779 4265 Χαλ-

2179 4308 2351 4370 δαίοις
2439 4306 2458 4376 (
2508 4305 2782 4377 Ἀσσύριοι
2837 4303 2948 4373 γάρ
3009 4299 3156 4357 οὗτοι
3196 4303 3255 4370 )’
3309 4302 3503 4367 Λυδοῖς
3560 4320 3617 4356 τε
3679 4304 3776 4356 καὶ⁵

2191 4400 2485 4471 Ἑϐραίοις.
2520 4419 2537 4449 ι
2578 4397 2763 4451 Ταῦτα
2788 4400 2816 4451 ό
2846 4397 3155 4467 φιλόσοφος,
3201 4396 3403 4467 μᾶλλον
3444 4397 3500 4450 δὲ
3547 4400 3575 4450 ό
3605 4397 3775 4450 αὐτοῦ

2180 4492 2332 4556 Θεός.
2353 4489 2476 4563 'Ap'
2506 4486 2596 4544 οὖν
2623 4490 2771 4555 ἀξιον
2808 4490 2945 4561 μετά
2968 4488 3122 4543 ταῦθ’
3146 4492 3279 4560 ἡμῖν
3334 4489 3777 4560 ἐπιμέμψασθαι,

490 4578 695 4634 uisset?
726 4576 955 4648 Quippe,
980 4579 1162 4631 vincta
1195 4578 1341 4633 enim
1372 4576 1684 4642 aere,ardua
1716 4587 1771 4630 et
1792 4575 2070 4630 salebrosa

2177 4582 2260 4634 ὅτι
2279 4580 2343 4652 δὴ
2368 4582 2495 4644 τοὺς
2529 4580 2980 4652 πεπλανημένους
3008 4579 3278 4649 Ἕλληνας
3310 4580 3742 4649 καταλείψαντες
3762 4624 3778 4648 ,

487 4674 573 4725 via
618 4682 737 4737 est,
774 4685 879 4739 qua
921 4670 987 4723 ad
1034 4670 1165 4724 deos
1212 4671 1355 4734 itur,
1398 4670 1556 4739 cujus
1592 4669 1809 4723 barbari
1849 4670 2070 4739 quidem

487 4762 797 4832 complures
829 4762 1053 4816 semitas
1081 4772 1420 4831 repererunt,
1444 4761 1618 4817 Graeci
1646 4777 1776 4815 vero
1802 4761 1870 4815 ab
1892 4777 1955 4816 ea
1984 4777 2075 4830 pe-

489 4860 635 4912 nitus
682 4857 1025 4912 aberrarunt.
1062 4858 1237 4923 Quam
1286 4856 1331 4911 si
1365 4856 1457 4927 qui
1494 4856 1633 4909 forte
1655 4856 1766 4925 jam
1798 4856 2074 4919 tenebant,

487 4950 731 5004 eamdem
766 4950 986 5020 ipsimet
1020 4958 1402 5020 corruperunt.
1441 4951 1511 5003 At
1539 4949 1660 5019 ejus
1700 4950 1932 5002 inventa:
1957 4948 2077 5001 lau-

485 5043 609 5097 dem
647 5041 940 5114 IEgyptiis,
982 5041 1338 5097 Phoenicibus
1387 5052 1439 5097 et
1468 5040 1744 5097 Chaldmis
1777 5040 1901 5109 (hos
1928 5041 2075 5094 enim

486 5136 743 5206 Assyrios
788 5135 1010 5206 vocat),
1058 5133 1244 5205 Lydiis
1286 5136 1451 5190 etiam
1503 5142 1557 5188 et
1602 5132 1848 5188 Hebraais
1883 5141 2078 5202 suopte

489 5223 635 5279 Doris
660 5225 974 5279 testimonio
1006 5225 1355 5279 vindicavit.»
1395 5222 1522 5278 Haec
1549 5222 1774 5278 Grmcus
1810 5224 1915 5277 iste
1951 5223 2075 5292 phi-

487 5316 773 5387 losophus,
810 5318 892 5372 vel
928 5318 1039 5387 ipse
1064 5318 1243 5387 potius
1265 5333 1428 5388 quem
1459 5316 1673 5370 colebat
1715 5314 1876 5371 Deus.
1942 5314 2078 5381 Quis

487 5424 617 5478 ergo
646 5410 901 5478 deinceps
951 5409 1108 5463 nobis
1150 5410 1275 5479 jure
1318 5418 1680 5474 succenseat,
1733 5407 1879 5477 quod
1920 5409 2079 5462 aber-

488 5510 673 5556 rantes
704 5501 923 5555 Grzccos
951 5501 1356 5569 reliquerimus,
1402 5509 1461 5553 ut
1500 5498 1778 5565 llebrmos,
1818 5515 1847 5553 a
1876 5501 2077 5570 quibus

490 5592 940 5660 comprehensam
974 5608 1097 5647 esse
1122 5595 1408 5647 veritatem
1439 5594 1557 5664 ipso
1578 5595 1803 5649 deorum
1831 5593 2078 5647 testimo-

490 5680 582 5734 nio
630 5683 961 5749 constiterit,
1014 5687 1408 5755 sequeremur?
1464 5687 1597 5741 Nam
1625 5687 1755 5757 quid
1792 5688 2011 5741 tandem
2045 5703 2074 5740 a

491 5774 830 5845 philosophis
854 5777 1076 5832 doctum
1112 5780 1177 5832 iri
1209 5796 1308 5835 nos
1336 5790 1719 5849 exspectemus
1740 5781 1761 5834 ?
1782 5794 1877 5835 aut
1907 5797 2071 5851 quam

486 5864 559 5921 ab
587 5865 652 5920 iis
680 5866 876 5923 deinde
910 5884 1067 5939 opem
1099 5872 1499 5940 utilitatemque
1531 5890 1813 5939 speremus
1836 5914 1849 5939 ,
1879 5875 1921 5928 si
1953 5892 2073 5937 qua:

2177 4674 2245 4728 τά
2286 4673 2855 4746 Ἐϐραίωνείλόμεθα,
2907 4672 3017 4726 τῶν
3048 4674 3134 4725 ἐπ’
3174 4672 3431 4744 ἀληθείας
3473 4673 3781 4745 καταλήψει

2182 4766 2732 4837 μεμαρτυρημένων;
2783 4764 2937 4818 Τίδέ
2970 4764 3079 4835 χρὴ
3131 4764 3283 4835 παρά
3327 4762 3635 4833 φιλοσόφων
3677 4781 3780 4835 μα-

2180 4860 2442 4931 θήσεσθαι
2476 4859 2816 4931 προσδοκᾷν;
2856 4860 2891 4930 ἢ
2946 4859 3076 4912 ποία
3130 4858 3285 4920 ἐλπὶς
3336 4858 3435 4929 τῆς
3483 4858 3545 4922 ἐξ
3596 4859 3780 4911 αὐτῶν

2180 4954 2467 5025 ὠφελείας,
2491 4957 2539 5007 εἰ
2571 4953 2634 5025 δὴ
2659 4952 2729 5006 τά
2751 4951 3020 5023 λεγόμενα
3064 4952 3195 5022 παρ’
3227 4953 3413 5015 αὐτοῖς
3446 4953 3510 5004 ἐκ
3584 4968 3780 5021 στοχα-

2182 5046 2333 5118 σμῶν
2368 5048 2462 5099 καὶ
2491 5045 2768 5117 είκασμῶν
2816 5045 2877 5098 τὸ
2909 5045 3070 5098 πλέον
3106 5045 3206 5109 τάς
3248 5045 3421 5116 ἀρχάς
3455 5044 3649 5115 ἔχοντα
3677 5043 3782 5115 τῆς

2181 5140 2418 5202 πίστεως
2453 5138 2747 5209 τυγχάνεις
2804 5138 3152 5208 Λογομαχίας
3177 5137 3237 5190 δέ
3269 5138 3355 5202 τίς
3384 5140 3412 5191 6
3445 5138 3681 5208 καρπὸς,
3727 5138 3780 5191 εί

2178 5230 2243 5301 δὴ
2272 5230 2473 5291 πάντες
2524 5232 2575 5283 οί
2633 5230 2742 5283 τῶν
2804 5213 3111 5300 φιλοσόων
3176 5229 3326 5299 λόγοι
3380 5232 3779 5303 εύανάτρεπτοι

2180 5322 2573 5393 καθεστήκασι,
2603 5321 2691 5374 διά
2716 5321 2816 5392 τὴν
2849 5324 2907 5375 ἐν
2936 5324 3100 5375 πᾶσιν
3150 5321 3554 5394 εύρεσιλογίαν;
3588 5320 3780 5377 Ταῦτα

2180 5414 2287 5485 γάρ
2310 5414 2371 5465 ού
2413 5415 2543 5484 παρ’
2593 5412 2747 5483 ἡμῶν
2773 5412 2998 5484 ἀρτίως,
3050 5412 3189 5466 ἀλλά
3234 5415 3364 5484 παρ’
3394 5412 3575 5465 αὐτῶν
3624 5413 3779 5483 εἰρη-

2183 5506 2322 5577 μένα
2352 5504 2601 5575 ὴκούετο.
2653 5505 2850 5576 Διόπερ
2912 5501 2971 5558 εὖ
3029 5522 3119 5575 μοι
3171 5505 3433 5576 δοκοῦμεν
3486 5505 3581 5557 καὶ
3639 5504 3779 5573 μετὰ

2180 5600 2414 5670 κρίσεως
2444 5598 2839 5669 ἐξητασμένης,
2871 5599 2992 5668 οὐχὶ
3039 5598 3083 5651 δ’
3132 5598 3362 5667 ἀλόγως,
3402 5598 3477 5661 ὠς
3508 5598 3572 5651 ἂν
3602 5596 3782 5650 τοιού.

2178 5707 2324 5754 των,
2399 5690 2968 5760 καταπεφρονηκέναι.
3038 5688 3119 5742 Τά
3192 5690 3247 5741 δὲ
3317 5689 3448 5761 παρ’
3502 5689 3781 5760 Ἑϐραίοις

2178 5782 2548 5851 ἠγαπηκέναι,
2579 5783 2674 5851 οὐχ
2709 5782 2789 5833 ὅτι
2818 5782 2953 5852 πρὸς
2989 5782 3083 5833 τοῦ
3110 5781 3361 5852 δαίμονος
3420 5781 3781 5854 μεμαρτύρη-

2181 5892 2289 5935 ται,
2320 5875 2433 5927 ἀλλ’
2468 5875 2547 5926 ὅτι
2582 5874 2681 5933 τῑῖς
2714 5874 2893 5927 ἐνθέου
2954 5876 3153 5930 ἀοετῆς
3211 5893 3267 5926 τε
3332 5875 3421 5925 καὶ
3489 5873 3777 5929 δυνάμεως
