4090 6382
307 373 437 428 1221

1435 374 1754 432 ΡΒΑΞΡΔΒ.
1797 373 2046 431 EVA‘NG.
2086 373 2212 429 LIB.
2261 373 2395 429 XIV.

3417 371 3556 428 12:79.

311 488 511 559 μέτοχα
535 488 661 541 ὄντα
685 489 1088 548 ἀποδείκνυται.
1116 493 1232 546 ’Ἱνα
1267 492 1313 546 δ’
1334 487 1425 546 οῦν
1459 494 1550 546 καὶ
1576 495 1756 557 αὐτοῖς
1787 493 1878 564 ἔρ-

1992 493 2049 548 ib
2077 493 2144 548 iis
2167 493 2446 556 dicuntur,
2481 500 2684 561 partem
2716 505 2777 544 ea
2811 490 3104 545 maximam
3138 491 3260 547 lidei
3298 490 3557 548 faciendae

305 596 422 656 γοις
454 579 552 642 τάς
573 579 678 633 τῶν
704 580 1028 652 θαυμαστῶν
1056 584 1360 653 φιλοσόφων
1402 584 1730 655 λογομαχίας
1778 586 1882 655 μά-

311 672 441 734 ίὶοις,
470 673 568 736 τάς
595 690 654 725 τε
681 673 807 744 περὶ
836 674 1039 744 ἀρχῶν,
1069 678 1162 728 καὶ
1196 678 1320 748 περ)⁵
1353 676 1509 740 θεῶν,
1547 678 1638 732 καὶ
1664 678 1761 748 τῆς
1787 677 1883 731 τοῦ

312 763 508 826 παντὸς
559 763 866 828 συστάσεως
922 765 1234 834 διαφωνίας,
1287 768 1481 840 μικρὸν
1531 770 1626 840 μὲν
1659 768 1882 839 ὕστερον

307 853 610 924 ὲκθήσομαί
637 872 717 907 σοι
763 856 859 919 τὰς
884 857 1061 909 αὐτῶν
1112 859 1314 928 φωνάς.
1365 858 1584 931 Πρῶτον
1627 859 1669 912 δ’
1695 858 1882 930 ἐπειδὴ

308 945 695 1016 περιφέρουσιν
749 947 860 1001 ἀνω
916 948 1008 1002 καὶ
1047 949 1196 1003 κάτω
1228 949 1579 1022 θρυλλοῦντες
1613 949 1681 1003 τὰ
1712 949 1884 1021 μαθή-

313 1054 478 1108 ματα,
507 1037 616 1091 δεῖν
669 1037 728 1102 ἐξ
788 1039 1023 1104 ἅπαντος
1068 1043 1367 1110 φάσκοντες
1417 1044 1540 1106 τοὺς
1595 1043 1884 1114 μέλλοντας

277 1181 280 1184 .
309 1132 368 1182 ὲν
395 1131 558 1201 πείρᾳ
595 1129 696 1200 τῆς
719 1130 810 1183 τοῦ
833 1132 1063 1203 ἀληθοῦς
1086 1135 1440 1206 καταλήψεως
1463 1135 1763 1204 γίγνεσθαι,
1796 1153 1884 1206 με-

307 1222 512 1276 τελθεῖν
537 1225 918 1296 ἀστρονομίαν,
938 1227 1325 1298 ἀριθμητικὴν,
1359 1229 1719 1300 γεωμετρίαν,
1756 1245 1883 1298 μου-

313 1314 489 1386 σικὴν,
522 1317 660 1370 αὑτά
688 1316 751 1389 δὴ
777 1316 844 1370 τὰ
876 1319 1027 1389 παρά
1052 1318 1339 1390 βαρϐάρων
1380 1323 1460 1384 εἰς
1493 1321 1689 1382 αὐτοὺς
1729 1321 1883 1390 ἥκειν

310 1408 695 1478 ἀποδειχθέντα
735 1409 958 1480 (τούτων
1006 1412 1113 1482 γὰρ
1139 1411 1269 1464 ἄνευ
1298 1414 1372 1484 μὴ
1410 1412 1665 1467 δύνασθαι
1704 1413 1883 1480 λόγιον

309 1501 480 1572 ἄνδρα
507 1503 600 1555 καὶ
629 1503 912 1572 φιλόσοφον
964 1504 1410 1575 ἀποτελεσθῆναι,
1474 1505 1586 1558 ἀλλ’
1613 1505 1734 1559 οὐδὲ
1785 1505 1884 1575 τῆς

309 1593 420 1646 τῶν
452 1593 617 1648 ὅντων
646 1595 901 1666 ἀληθείας
925 1596 1148 1665 ψαῦσαι,
1178 1599 1252 1669 μὴ
1282 1597 1484 1652 τούτων
1522 1600 1580 1652 ὲν
1606 1597 1748 1668 ψυχῇ
1783 1596 1884 1667 τῆς

310 1686 564 1755 γνώσεως
597 1687 1084 1762 προτυπωθείσης)·
1140 1688 1238 1744 εἶτ’
1293 1690 1769 1761 ὲπανατεινάμενοι
1817 1692 1881 1761 τῇ

313 1781 546 1851 μαθήσει
600 1781 708 1835 τῶν
746 1782 1073 1853 εἰρημένων,
1138 1785 1226 1838 ἐπ’
1250 1784 1415 1838 αὐτοῦ
1456 1784 1734 1854 μονονουχὶ
1788 1781 1883 1835 τοῦ

1989 587 2254 656 principia
2280 601 2384 638 non
2410 585 2649 648 aliunde,
2677 600 2839 652 quam
2871 599 2934 637 ex
2968 584 3403 652 conjecturarutn
3428 602 3559 657 qua-

1989 677 2114 730 dam
2147 674 2524 745 probabilitate
2555 673 2793 728 ducam?
2853 673 3083 728 Fructus
3121 690 3281 744 porro
3315 678 3559 732 verbosa:

1982 767 2358 823 contentionis
2388 765 2610 835 quinam
2643 765 2976 829 ostenditur,
3014 766 3059 817 si
3093 766 3352 836 quidquid
3379 782 3411 821 a
3439 768 3560 838 phi-

1989 859 2231 928 losopliis
2259 859 2531 912 rationum
2577 857 2816 923 aﬂ‘ertur,
2849 857 2900 912 id
2947 865 3119 911 totum
3148 868 3366 928 propter
3399 875 3562 930 argu-

1991 961 2099 1006 tam
2124 952 2416 1020 quamdam
2469 950 2521 1004 in
2571 950 2826 1004 omnibus
2865 950 3204 1020 repugnandi
3262 951 3560 1012 solertiam,

1990 1040 2245 1111 perfacile
2271 1043 2341 1095 sit
2374 1041 2440 1095 ad
2467 1039 2868 1095 refellendum?
2913 1042 3040 1095 Haec
3071 1042 3216 1096 enim
3247 1041 3411 1111 paulo
3437 1051 3569 1097 ante

1991 1148 2095 1186 non
2125 1147 2154 1186 a
2184 1131 2470 1196 nobis,scd
2502 1130 2570 1184 ab
2595 1131 2700 1185 illis
2727 1130 2858 1200 ipsis
2879 1129 2987 1185 diei
3021 1130 3402 1185 audiebantur.
3432 1130 3564 1196 Quae

1989 1221 2207 1290 quidem
2235 1221 2503 1290 ejusmodi
2531 1235 2653 1274 cum
2677 1221 2806 1286 sint,
2826 1236 2890 1275 ea
2918 1219 3163 1290 profecto
3193 1235 3301 1274 non
3339 1231 3564 1284 temere,

1990 1314 2082 1368 sed
2116 1321 2330 1367 maturo
2359 1313 2652 1368 admodum
2701 1313 3062 1384 prudentique
3084 1313 3327 1382 judicio,
3379 1314 3571 1395 negle-

1991 1404 2158 1469 xisse,
2206 1403 2449 1460 llebrzeis
2493 1415 2672 1460 autem
2721 1407 2946 1461 hazsisse
2996 1405 3192 1460 merito
3233 1405 3562 1461 videamur:

1992 1514 2097 1552 non
2126 1500 2269 1569 quod
2301 1500 2394 1554 abs
2425 1501 2671 1555 daamone
2708 1499 3078 1554 testimonium
3113 1499 3424 1560 habuerint.
3470 1498 3573 1555 sed;

1990 1591 2135 1660 quod
2190 1591 2243 1643 in
2297 1591 2363 1646 iis
2403 1592 2587 1646 divina
2634 1591 2792 1662 plane
2838 1591 2920 1646 vis
2971 1606 3036 1646 ac
3068 1599 3309 1660 potestas
3334 1592 3564 1646 eluceat.

1993 1685 2169 1755 Atque
2205 1695 2263 1739 ut
2290 1685 2546 1739 verbosas
2592 1686 2711 1740 illas
2743 1684 3086 1755 egregiorum
3113 1684 3566 1753 phil050pliorum

1994 1793 2227 1849 pugnas,
2267 1779 2442 1848 deque
2467 1775 2774 1848 principiis,
2806 1777 2872 1830 de
2906 1774 3046 1842 diis,
3080 1785 3134 1828 et
3166 1774 3406 1829 universi
3439 1790 3576 1830 con-

308 1872 527 1945 αἰθέρος
557 1873 757 1942 βαίνειν
781 1876 1048 1947 μετέωροι
1072 1875 1328 1946 ἀρθέντες
1357 1875 1578 1940 οἴονται,
1599 1876 1672 1940 ὡς
1699 1875 1763 1947 δὴ
1795 1876 1884 1930 τὸν

1993 1869 2272 1924 stitutioue
2330 1868 2699 1922 dissensiones
2748 1881 2938 1936 reapse
2987 1865 3322 1936 perspicias,
3374 1881 3566 1921 eorum

308 1967 442 2019 θεὸν
469 1967 628 2024 asa»;
652 1969 708 2020 ἐν
728 1969 852 2032 οτοίς
879 1968 1129 2040 ἀριθμοῖς
1179 1968 1580 2040 περιφέροντες·
1619 1971 1767 2039 ἡμᾶς
1790 1987 1847 2022 τε
1870 2010 1885 2034 ,

308 2059 391 2111 ὅτι
424 2059 496 2129 μὴ
528 2059 596 2111 τὰ
624 2059 782 2128 ὃμοια
838 2058 1127 2132 ζηλοῦμεν,
1175 2060 1533 2131 βοσκημάτων
1583 2063 1702 2114 κατ’
1739 2061 1891 2114 οὐδὲν

309 2156 588 2228 διαφέρειν
611 2155 890 2226 ἡγοῦνται,⁸
919 2156 1090 2228 ταύτῃ
1136 2156 1192 2208 δέ
1229 2173 1360 2225 φασι
1393 2155 1528 2226 μηδὲ
1577 2156 1729 2220 Θεὸν,
1763 2158 1894 2228 μηδέ

306 2266 358 2301 τι
378 2248 485 2300 τῶν
504 2247 714 2318 σεμνῶν
730 2249 877 2318 ἡμᾶς
898 2248 1154 2301 δύνασθαι
1178 2247 1376 2301 εἰδέναι
1399 2247 1554 2318 φέρε,
1575 2247 1734 2301 τοῦτο
1752 2248 1896 2321 πρῶ-

310 2355 403 2392 τον
419 2338 518 2390 οὐκ
535 2339 627 2410 ὀρθ
636 2339 709 2402 ὦς
736 2339 856 2410 ἔχον
877 2339 1287 2408 ἀπευθύνωμεν,
1305 2339 1396 2392 τὸν
1412 2337 1585 2410 ἀληθῆ
1608 2339 1761 2408 λόγον
1779 2342 1897 2394 ἀντὶ

311 2428 488 2495 φωτὸς
535 2429 717 2492 αὐτοῖς
774 2429 1224 2502 παραϐάλλοντες.
1303 2429 1361 2482 Ὀ
1408 2429 1484 2493 δὲ,
1520 2430 1745 2501 μυρίους
1797 2431 1895 2501 μὲν

311 2518 600 2589 Ἕλληνας,
624 2521 792 2592 μυρία
813 2521 868 2574 δὲ
888 2522 982 2574 καὶ
1009 2520 1299 2592 βαρϐάρων
1328 2520 1483 2592 γένη,
1515 2522 1643 2584 τοὺς
1668 2522 1768 2592 μὲν
1797 2523 1894 2576 σὺν

307 2612 422 2671 τοῖς
452 2611 760 2681 εἰρημένοις
805 2612 1122 2684 μαθήμασιν
1151 2611 1276 2665 οὕτε
1308 2610 1461 2677 Θεὸν,
1490 2611 1614 2665 οὔτε
1647 2611 1896 2684 σώφρονα

311 2701 445 2771 βίον,
471 2703 582 2755 οὗθ’
622 2704 755 2767 ὅλως
790 2723 841 2758 τι
894 2704 1002 2757 τῶν
1029 2704 1320 2775 βελτίστων
1374 2706 1468 2758 καὶ
1509 2706 1894 2776 συμφερόντων

309 2795 631 2862 ἐπιγνόντας
663 2797 951 2863 ἀποδείξει·
976 2798 1103 2862 τοὺς
1147 2797 1201 2851 δὲ
1231 2796 1340 2850 τῶν
1376 2795 1712 2868 μαθημάτων
1739 2796 1894 2862 ἐκτὸς

311 2887 527 2940 πάντων
542 2889 965 2953 εὐσεϐεστάτους
988 2891 1080 2943 καὶ
1101 2889 1570 2960 φιλοσοφωτάτους
1588 2890 1892 2958 γεγονέναι.

320 2977 380 3031 Ὀ
398 2979 528 3048 γοῦν
545 2981 696 3053 παρά
719 2983 882 3034 πᾶσιν
906 2982 1088 3046 αὐτοῖς
1113 2982 1372 3052 ᾁδόμενος
1397 2981 1714 3052 Σωκράτης,
1741 2981 1891 3044 ὅπως

311 3073 440 3125 ποτὲ
477 3073 692 3140 ἐδόξαζε
714 3075 839 3146 περὶ
853 3074 1040 3139 τῶνδε,
1069 3074 1258 3145 μάθοις
1278 3074 1342 3128 ἂν
1358 3073 1825 3143 Ξενοφῶντιπιστε
1835 3074 1893 3126 ύ-

310 3180 426 3227 σις,
463 3166 519 3216 ὲν
560 3166 1187 3236 Ἀπομνημονεύμασιν
1214 3160 1316 3220 ὧδέ
1343 3183 1420 3238 πη
1449 3165 1774 3237 ἱστοροῦντι.

1996 1961 2089 2014 tibi
2126 1960 2288 2029 paulo
2319 1968 2440 2029 post
2468 1959 2739 2029 ipsissima
2763 1958 2925 2012 verba
2966 1957 3276 2028 subjiciam.
3322 1956 3576 2012 Primum

1999 2061 2201 2114 tamen,
2233 2053 2492 2122 quoniam
2522 2049 2903 2104 mathematica
2930 2049 3020 2103 illa
3045 2064 3143 2104 sua
3175 2059 3454 2120 tantopere
3483 2051 3572 2121 ja-

1997 2153 2144 2199 ctare
2194 2144 2409 2205 solent,
2461 2157 2797 2212 prorsusque
2832 2143 3202 2198 necessarium
3252 2158 3373 2198 esse
3417 2144 3572 2199 dicti-

1999 2245 2136 2298 tant,
2169 2244 2230 2290 ut
2254 2234 2505 2304 quisquis
2536 2233 3032 2304 comprehendendi
3064 2234 3172 2288 veri
3203 2235 3384 2289 studio
3421 2244 3578 2290 tene-

1998 2327 2178 2388 bitur,
2234 2325 2663 2389 astronomiam,
2714 2325 3148 2391 arithmeticam,
3192 2328 3576 2396 geometriam,

2001 2419 2291 2483 musicam,
2328 2416 2415 2470 illa
2456 2417 2712 2470 nimirum
2741 2418 2875 2486 ipsa,
2919 2434 3040 2487 qua:
3075 2420 3140 2472 ad
3183 2435 3279 2474 eos
3307 2436 3337 2474 a
3372 2420 3568 2474 barba-

1999 2506 2076 2559 ris
2108 2504 2344 2574 profecta
2371 2521 2493 2560 esse
2521 2507 2634 2575 jam
2667 2509 3041 2574 ostendimus,
3075 2521 3434 2580 persequatur
3461 2510 3580 2581 (his

1994 2599 2138 2651 enim
2159 2598 2252 2667 qui
2281 2597 2744 2666 carebit,doetum
2765 2597 3172 2669 perfectumque
3189 2603 3578 2672 philosophum-

1995 2703 2115 2744 esse
2156 2687 2426 2741 neminem
2451 2729 2466 2753 ,
2502 2689 2612 2742 imo
2657 2704 2838 2743 rerum
2886 2691 3169 2744 veritatem
3196 2707 3263 2745 ne
3310 2694 3570 2762 primori-

1996 2781 2098 2836 bus
2129 2782 2347 2851 quidem
2378 2780 2548 2835 labris
2575 2781 2867 2850 degustare
2903 2797 3087 2851 posse,
3115 2783 3218 2837 nisi
3251 2784 3342 2853 qui
3375 2783 3571 2839 harum

1996 2885 2126 2929 ante
2149 2889 2328 2928 rerum
2362 2875 2546 2927 animo
2577 2873 2938 2942 cognitionem
2967 2875 3324 2946 impresserit)
3348 2894 3360 2929 :
3380 2875 3584 2931 deinde

1999 2966 2142 3019 hanc
2169 2981 2393 3019 suarum
2423 2964 2621 3018 artium
2657 2964 2906 3034 peritiam
2939 2965 3376 3034 magniﬁcentius
3393 2976 3583 3021 osten-

1999 3067 2208 3115 tantes.
2249 3058 2450 3112 a-there
2491 3072 2610 3112 sese
2654 3056 2832 3111 medio
2880 3057 3140 3112 sublimes
3185 3059 3581 3129 propemodum

1924 3162 1964 3218 C
2002 3165 2271 3229 incedere,
2302 3163 2651 3232 numerisque
2677 3163 2794 3216 suis
2824 3163 3000 3232 ipsum
3030 3179 3248 3233 quoque
3276 3164 3441 3218 Deum
3467 3164 3576 3219 ci.‘

311 3256 584 3311 euinferre
635 3260 1134 3314 arbitranturznos
1199 3275 1328 3314 vero
1373 3261 1466 3330 qui
1533 3260 1791 3315 similium
1847 3258 2253 3328 disciplinarum
2309 3272 2494 3310 amore
2554 3271 2660 3310 non
2699 3255 3020 3324 ﬂagremus,
3065 3255 3583 3325 niliilapecudibus

309 3351 504 3404 abesse
527 3351 858 3416 existimant,
892 3351 1094 3422 Deique
1114 3361 1396 3421 propterea
1419 3367 1721 3420 nunquam,
1778 3366 2058 3420 nunquam
2107 3349 2184 3404 rei
2233 3348 2396 3417 paulo
2444 3348 2709 3417 gravioris
2757 3349 3003 3402 notitiam
3049 3359 3400 3420 percepturos
3456 3365 3580 3406 esse

312 3442 669 3510 pronuntiant
711 3461 724 3495 :
769 3443 927 3516 743
955 3460 1071 3516 age,
1107 3445 1208 3500 hoc
1244 3445 1421 3517 ipsum
1479 3460 1642 3514 quam
1706 3451 1931 3513 praVum
1973 3442 2042 3495 sit
2115 3448 2276 3508 atque
2303 3441 2630 3503 distortum,
2662 3455 2785 3494 Vera
2811 3440 3034 3497 luminis
3063 3443 3182 3496 loco
3210 3443 3419 3498 ratione
3448 3458 3580 3513 pro-

314 3535 516 3605 posita,
552 3537 630 3590 sic
659 3546 915 3606 tanquam
963 3539 1029 3593 ad
1075 3537 1307 3592 libellam
1361 3553 1425 3592 ac
1467 3537 1708 3606 regulam
1761 3533 2064 3603 exigamus.
2123 3531 2239 3584 Erit
2293 3546 2354 3584 ea
2395 3531 2612 3600 quidem
2659 3533 2946 3601 ejusmodi,
2995 3548 3116 3601 qua:
3168 3531 3386 3588 Graacos
3419 3536 3570 3588 innu-

315 3616 626 3689 merabiies,
682 3627 1026 3699 infinitasque
1073 3629 1337 3683 barbaros
1393 3631 1703 3698 complexa;
1764 3625 1900 3679 alios
1961 3627 2174 3678 tametsi
2224 3623 2291 3677 ab
2346 3623 2430 3677 his
2480 3623 2690 3677 artibus
2752 3623 3127 3692 doctrinisque
3178 3632 3433 3692 paratos,
3477 3643 3578 3682 uce

315 3720 485 3774 Deum
528 3737 799 3789 unquam,
858 3737 955 3775 nec
1002 3722 1240 3776 honesta}
1300 3722 1422 3776 vitae
1481 3722 1752 3787 rationes,
1803 3735 1902 3774 nec
1968 3718 2192 3772 omnino
2245 3716 2564 3785 prarelarum
2617 3724 2670 3768 et
2710 3716 2836 3768 utile
2877 3716 3173 3785 quidquam
3232 3719 3578 3787 percepiSSc;

316 3813 484 3878 alios,
520 3823 576 3866 ut
603 3814 671 3866 ab
701 3814 941 3867 onmium
989 3815 1395 3884 disciplinarum
1455 3814 1708 3884 prmsidio
1766 3811 2008 3868 destituti
2063 3818 2267 3873 essent,
2325 3806 2765 3877 religiosissimos
2794 3815 2974 3860 tamen
3029 3823 3092 3862 ac
3141 3809 3580 3879 sapientissimos

315 3909 591 3964 exstitisse
634 3909 987 3965 demonstret.
1052 3909 1370 3977 Enimvero,
1421 3926 1670 3982 quamam
1706 3911 1806 3964 hoc
1861 3911 1914 3964 in
1979 3924 2178 3979 genere
2216 3907 2458 3962 Socratis
2504 3904 2682 3969 illius,
2719 3904 2811 3971 qui
2851 3905 2920 3959 ab
2964 3905 3084 3961 istis
3113 3909 3367 3963 omnibus
3399 3919 3576 3964 tanto-

319 4018 446 4072 pere
476 4004 803 4067 celebratur,
861 4005 1125 4060 sententia
1159 4007 1342 4072 l'uerit,
1377 4023 1408 4064 e
1438 4006 1798 4079 Xenophonte
1830 4005 2117 4076 intelliges,
2171 4003 2218 4058 si
2251 4003 2412 4056 modo
2467 4002 2514 4056 ei
2571 4001 2688 4056 suis
2744 4003 2797 4056 in
2832 4001 3266 4058 Memorabilibus
3309 4005 3426 4060 haec
3452 4008 3582 4072 seri.

317 4097 469 4151 benti
499 4096 658 4150 [idem
682 4096 978 4152 adhibebis.

564 4178 591 4207 ⁹
837 4191 1232 4245 ΚΕΦΑΛΑΙΟΝ
1271 4194 1373 4245 ιΑσ.

320 4282 457 4350 Περὶ
486 4282 856 4350 γεωμετρῖας,
876 4282 973 4336 καὶ
988 4285 1410 4351 ἀστρονομίας.
1437 4283 1534 4337 καί
1567 4281 1890 4352 λογισμῶν.

414 4352 545 4405 Ἀπὸ
589 4353 708 4404 τῶν
751 4355 1352 4424 Ἀπομνημονευμάτων
1385 4354 1784 4424 Ξενοφῶντος.

395 4463 413 4495 ι
467 4443 741 4496 Ἐδίδασκε
761 4444 815 4496 δὲ
838 4444 970 4515 (50),
1005 4446 1098 4497 καὶ
1124 4446 1314 4517 μέχρις
1337 4448 1458 4500 ὅτου
1493 4447 1600 4499 δέοι
1635 4447 1894 4517 ἔμπειρον
1929 4479 1970 4533 Β

320 4533 455 4589 εἶναι
491 4535 723 4590 ἑκάστου
764 4537 1086 4607 πράγματος
1123 4538 1214 4590 τὸν
1238 4539 1412 4609 ὀρθῶς
1444 4541 1892 4610 πεπαιδευμένον.

322 4629 530 4680 Αὐτίκα
555 4627 894 4698 γεωμετρίαν
922 4627 1080 4698 μέχρι
1133 4629 1230 4698 μὲν
1259 4629 1446 4682 τούτου
1495 4629 1596 4700 ἔφη
1621 4631 1729 4682 δεῖν
1771 4648 1895 4700 μαν-

323 4720 523 4782 θάνειν,
549 4720 652 4781 ἕως
688 4718 868 4781 ἱκανός
920 4737 1003 4782 τις
1047 4720 1274 4788 γένοιτο,
1310 4719 1508 4773 εἴποτε
1533 4721 1761 4792 δεήσειε,
1793 4724 1896 4793 γῆν

321 4816 506 4886 μέτρῳ
530 4813 702 4884 ὀρθῶς
743 4812 775 4882 ἢ
808 4812 1162 4883 παραλαϐεῖν,
1187 4814 1220 4882 ἢ
1255 4813 1605 4882 παραδοῦναι,
1637 4815 1668 4884 ἢ
1700 4815 1896 4868 διανεί-

225 4931 243 4950 ο
322 4925 439 4977 μαι,
468 4906 500 4976 ἢ
531 4905 688 4976 ἔργον
716 4905 1012 4970 ἀποδεῖξαι.
1043 4904 1197 4958 υῦτω
1229 4906 1284 4957 δὲ
1307 4905 1466 4958 τοῦτο
1503 4905 1682 4978 ῥᾴδιον
1709 4905 1896 4977 μαθεῖν

317 4993 477 5059 εἶναι,
507 4996 645 5050 ὥστε
668 4997 759 5049 τὸν
791 4997 1125 5068 προσέχοντα
1155 4997 1248 5049 τὸν
1309 4995 1430 5049 νοῦν
1491 5000 1556 5068 τῇ
1613 4999 1893 5069 μετρήσει,

318 5085 436 5156 ἅμα
461 5087 560 5156 τήν
586 5103 645 5138 τε
674 5086 777 5155 γῆν
801 5085 976 5155 ὁπόση
1012 5088 1156 5138 ἐστὶν
1183 5087 1402 5150 εἰδέναι,
1432 5089 1527 5141 καὶ
1581 5087 1654 5152 ὡς
1683 5093 1896 5160 μετρεῖ-

317 5193 407 5231 ται
430 5177 788 5249 ἐπιστάμενον
819 5179 1054 5233 ἀπιέναι.
1078 5179 1149 5231 Τὸ
1168 5179 1224 5232 δὲ
1247 5181 1409 5252 μέχρι
1435 5181 1543 5233 τῶν
1565 5180 1893 5246 δυσξυνέτων

393 5331 861 5405 (5οῌ)ῨἘ‹Σὶδαονκε
885 5333 970 5388 δέ.
1009 5334 1306 5405 Xenophon
1339 5335 1667 5393 Memorabil.
1696 5339 1788 5394 lib.
1818 5355 1890 5402 Iv,

318 5418 442 5473 pag.
475 5402 579 5456 814
624 5403 685 5455 Β.
732 5403 1013 5470 Quatenus
1057 5402 1242 5460 earum
1283 5408 1652 5463 doctrinarum
1699 5409 1891 5465 studiis

318 5475 564 5548 eruditos
607 5489 730 5548 esse
769 5484 1016 5548 oporteat
1061 5476 1269 5548 reipub.
1314 5479 1601 5547 principes,
1647 5481 1892 5548 pluribus

319 5558 350 5597 a
403 5542 626 5597 Platone
676 5542 891 5620 lib._'_De
944 5542 1508 5620 rapum-disputatur.
1561 5542 1890 5620 Λογιστικῆς

319 5629 590 5686 summam
637 5616 998 5686 cognitionem
1054 5632 1174 5671 esse
1221 5616 1370 5684 jubet
1439 5616 1750 5686 geometria:
1805 5616 1890 5675 se-

319 5684 500 5761 cundp
527 5684 666 5761 _loco
704 5685 818 5761 dari
850 5701 1092 5761 operam,
1121 5696 1391 5761 quatenus
1429 5684 1696 5761 πρὸςτὰς
1734 5708 1891 5761 στρα-

318 5753 813 5843 τοπεδεύσειςηκαὶ
850 5753 1174 5843 aramque
1228 5753 1487 5843 4wpimv“.:
1508 5760 1600 5843 καί
1649 5753 1890 5830 συναγω-

319 5824 443 5894 γάς,
471 5825 564 5878 καί
591 5826 838 5890 ἐκτάσεις
869 5824 1146 5901 στρατιᾶς,
1181 5824 1272 5882 καὶ
1305 5824 1403 5883 ὅσα
1435 5829 1497 5899 δὴ
1521 5831 1651 5885 ἄλλα
1684 5851 1781 5891 orm
1793 5824 1886 5895 μα-

2619 4182 2846 4239 CAPUT
2874 4183 2964 4238 XI.

2003 4299 2080 4354 De
2102 4300 2406 4370 geometria.
2434 4300 2762 4370 astronomia
2787 4309 2834 4352 et
2878 4310 3140 4370 computo,
3167 4317 3194 4354 ε
3216 4299 3578 4370 Xenophontis

2580 4368 3043 4424 Memorabilibus.

2078 4482 2096 4515 ι
2135 4461 2388 4525 Docebat,
2428 4460 2600 4530 inquit
2629 4462 2737 4527 ille,
2772 4471 3053 4531 przeterea.
3087 4471 3356 4532 quatenus
3387 4463 3576 4534 cujus-

1999 4569 2105 4623 que
2150 4554 2224 4606 rei
2280 4553 2512 4623 peritmn
2570 4567 2692 4606 esse
2745 4552 3020 4607 hominem
3078 4553 3212 4608 bene
3263 4554 3574 4608 institutum

1998 4653 2292 4713 eporteret.
2356 4640 2630 4711 Principio
2691 4644 3001 4713 geometriae
3060 4643 3292 4699 dandam
3351 4655 3578 4702 eatenus

1999 4747 2218 4802 operam
2270 4747 2392 4788 esse
2437 4733 2671 4798 dicebat,
2728 4741 2785 4786 ut
2818 4733 2863 4788 si
2901 4733 3122 4802 quando
3163 4751 3250 4788 res
3304 4744 3574 4803 posceret,

1999 4824 2302 4877 dimensam
2341 4826 2441 4878 rite
2493 4835 2690 4879 terram
2743 4826 2826 4879 vel
2884 4826 3128 4894 accipere
3161 4827 3229 4880 ab
3287 4829 3436 4891 alio,
3490 4829 3574 4882 vel

1999 4915 2088 4968 alii
2119 4916 2350 4980 tradere,
2385 4917 2466 4976 vel
2496 4932 2615 4970 eam
2649 4916 2910 4980 dividere,
2940 4917 3024 4969 vel
3058 4933 3196 4986 opus
3226 4918 3444 4985 aliquod
3474 4919 3573 4971 de-

1997 5009 2214 5079 signare
2249 5019 2450 5078 posset.
2488 5007 2542 5063 ld
2597 5024 2760 5080 porro
2809 5018 2914 5062 tam
2965 5024 3085 5063 esse
3135 5010 3201 5063 ad
3254 5011 3572 5067 discemlum

1997 5101 2174 5165 facile,
2209 5110 2266 5154 ut
2299 5101 2390 5170 qui
2422 5101 2817 5154 dimensionem
2846 5101 3124 5154 attendere
3150 5101 3398 5167 voluerit,
3433 5103 3572 5158 idem

1995 5192 2159 5246 simul
2190 5201 2243 5245 et
2264 5201 2468 5262 quanta
2500 5192 2571 5246 sit
2599 5201 2755 5246 terra:
2783 5191 3102 5262 magnitudo
3125 5193 3342 5262 assequi
3366 5195 3572 5264 possit;

1989 5351 2198 5416 τίζουσι
2239 5351 2309 5403 τὰ
2342 5349 2701 5421 στρατόπεδα,
2733 5346 2984 5421 conferre
3029 5357 3223 5416 potest.
3276 5348 3349 5404 De.
3395 5359 3572 5404 astro-

1992 5424 2174 5475 nomia
2215 5423 2343 5490 quid
2387 5419 2612 5483 statuat,
2664 5419 3224 5490 subobscurum__cst,
3276 5422 3379 5474 nisi
3425 5422 3571 5490 quod

1991 5488 2250 5564 ἄντικρυς
2294 5506 2510 5564 parumk
2531 5490 2822 5564 admodum
2871 5489 2999 5564 περὶ
3040 5488 3124 5564 τ’ἀ-
3149 5491 3326 5564 ὲν-τῷ
3356 5488 3574 5564 οὐρανῷ

1993 5558 2242 5616 curiosos
2275 5558 2394 5616 esse
2424 5558 2576 5626 vult;
2613 5569 2776 5630 atque
2808 5559 2862 5612 in
2893 5558 3000 5614 illis
3026 5558 3328 5616 cmleStium
3354 5558 3568 5617 orbium

1989 5647 2056 5686 ac
2085 5632 2323 5686 siderum
2357 5630 2828 5695 conversionibus,
2865 5630 3112 5700 umbram
3155 5632 3335 5700 potius
3365 5644 3458 5686 aut
3490 5636 3568 5687 εἰ.

1994 5702 2354 5756 militutlincm
2403 5700 2678 5763 veritatis,
2729 5715 2894 5771 quam
2944 5699 3232 5768 ipsammct
3288 5704 3565 5758 veritatem

1993 5773 2256 5842 agnoscit.
