4090 6382
483 306 499 399 ξ
531 301 671 362 19.23
1194 298 1979 356 EUSEBII‘CIESARIENSIS
2007 300 2157 355 OPP.
2214 296 2398 352 PARS
2436 298 2497 351 11.
2531 328 2596 337 ——
2625 296 3124 353 APOLOGETICA.
3654 297 3793 352 ιεει

526 430 581 473 et
609 434 860 490 quaenam
890 418 1013 486 ejus
1052 417 1338 471 metienda:
1372 416 1512 469 ratio
1550 417 1781 471 breviter
1814 417 2106 471 admodum

2211 414 2643 484 διαγραμμάτων
2672 413 3014 483 γεωμετρίαν
3061 411 3343 483 μανθάνειι
3372 409 3791 480 ἀπεδοκίμαζεν⁶

525 513 886 583 expediteque
916 524 1263 582 cognoscere.
1296 512 1366 562 At
1401 509 1645 578 ejusdem
1694 510 1746 562 in
1792 510 2107 579 geometria:

528 606 733 670 studio,
767 605 831 659 ad
867 604 990 658 illas
1021 617 1195 672 usque
1227 602 1623 671 descriptiones
1655 601 1931 657 intellectu
1965 601 2106 656 ditii-

526 697 751 753 ciliores
777 710 1109 767 quemquam
1144 694 1420 764 pmgrcdi,
1453 692 1665 749 Socrati
1697 709 1805 748 non
1837 694 2103 764 placebat.

522 790 627 845 Cui
657 791 802 845 enim
856 790 999 843 bono
1031 787 1231 841 futura:
1265 787 1369 841 illa:
1398 795 1603 851 essent,
1634 785 1816 841 videre
1847 801 1927 850 se,
1970 794 2109 840 latn-

524 883 627 938 etsi
682 899 752 937 ne
799 881 1017 935 illarum
1059 878 1279 948 quidem
1330 878 1614 948 imperitus
1650 888 1812 944 esset,
1854 877 2104 948 negabat.

524 973 841 1039 Enimvero,
878 973 944 1027 ad
999 971 1425 1025 exbauricndam
1478 969 1718 1026 hominis
1767 970 1932 1024 vitam
1981 985 2104 1023 cum

526 1070 664 1124 satis
698 1069 819 1123 illas
843 1083 987 1132 esse,
1026 1076 1139 1121 tum
1174 1064 1403 1119 aliarum
1436 1064 1652 1118 interim
1699 1072 1753 1117 et
1784 1063 2021 1133 plurium
2055 1072 2109 1117 et

526 1162 811 1215 utiliorum
864 1160 1242 1215 doctrinarum
1280 1155 1460 1211 studia
1516 1156 1799 1225 impedire.
1842 1156 2109 1210 Astrono-

525 1257 689 1310 iniam
720 1254 972 1310 similiter
997 1261 1224 1307 eatenus
1255 1248 1544 1320 complecti
1575 1249 1750 1303 solum
1779 1248 2021 1318 jubebat,
2051 1256 2110 1301 ttt

525 1347 727 1411 noctis,
763 1345 967 1400 mensis
1010 1344 1249 1413 annique
1301 1352 1548 1411 tempora
1584 1355 1963 1411 cognosceres,
2020 1350 2107 1394 at-

523 1454 631 1509 que
663 1438 829 1507 hujus
862 1437 1188 1509 cognitionis
1231 1451 1354 1507 ope,
1400 1436 1448 1491 si
1491 1434 1712 1505 quando
1742 1434 1822 1487 vel
1874 1433 1994 1499 iter,
2026 1434 2108 1487 vel

524 1531 800 1600 navigatio
831 1529 1179 1599 suscipienda
1201 1538 1368 1593 esset,
1401 1528 1485 1584 vel
1532 1528 1755 1599 agenda:
1788 1526 1967 1580 forent
2015 1542 2111 1579 ex-

520 1622 719 1687 cubiae,
756 1622 839 1677 vel
875 1622 928 1675 in
962 1621 1110 1675 aliud
1146 1621 1436 1691 quidlibet,
1464 1619 1623 1690 fquod
1659 1618 1857 1680 noctis,
1903 1618 2109 1672 mensis

522 1713 765 1780 annique
795 1710 972 1781 spatio
1003 1710 1119 1765 tieri
1154 1708 1317 1774 solet,
1347 1709 1797 1773 incumbendunt,
1836 1708 2007 1779 signis
2038 1708 2103 1761 ad

2207 505 2236 557 ὃ
2270 523 2321 557 τι
2358 505 2455 575 μὲν
2484 504 2591 576 γὰρ
2611 503 2845 574 ὠφελοίη
2878 503 3071 560 ταῦτα.
3099 504 3199 555 οὐκ
3237 502 3338 573 ἔφη
3378 504 3529 573 όρᾷν·
3576 502 3670 555 καί
3716 518 3797 554 τοι

2208 597 2306 650 οὐκ
2339 597 2564 667 ἄπειρός
2581 613 2644 665 γε
2672 595 2852 650 αὐτῶν
2885 591 2972 667 ἦν.
3005 595 3148 664 Ἔφη
3203 594 3259 646 δὲ
3296 594 3454 647 ἱκανά
3482 593 3622 647 αὐτὰ
3658 589 3799 647 εἶναι

2208 688 2497 763 ἀνθρώπου
2525 689 2638 760 βίον
2667 689 3040 761 κατατρίϐειν,
3061 690 3154 741 καὶ
3179 688 3352 742 ἄλλων
3382 687 3590 741 πολλῶν
3613 705 3672 741 τε
3704 688 3799 742 καὶ

2209 781 2499 853 ὠφελίμων
2532 781 2869 853 μαθημάτων
2904 779 3261 835 ἀποκωλύειν.
3298 779 3549 834 Ἐκέλευε
3600 780 3659 833 δὲ
3705 780 3799 833 καὶ

2211 874 2573 946 ἀστρονομίας
2605 873 2903 945 ἐμπείρους
2935 871 3241 942 γίγνεσθαι,
3260 873 3353 925 καὶ
3379 871 3584 942 ταύτης
3615 872 3797 943 μέντοι

2214 965 2374 1036 μέχρι
2401 964 2495 1018 τοῦ
2522 965 2715 1029 νυκτός
2745 983 2804 1018 τε
2831 964 3000 1037 ὥραν,
3035 965 3129 1019 καὶ
3165 965 3354 1037 μηνὸς,
3402 965 3498 1017 καὶ
3546 964 3796 1018 ἐνιαυτοῦ

2209 1057 2468 1111 δύνασθαι
2546 1057 2855 1128 γινώσκειν,
2915 1058 3078 1111 ἕνεκα
3134 1057 3250 1120 τοῦ,
3313 1056 3539 1129 πορείας
3580 1075 3639 1110 τε
3706 1057 3798 1111 καὶ

2210 1149 2366 1212 πλοῦ,
2395 1151 2487 1203 καὶ
2520 1151 2788 1220 φυλακῆς,
2825 1151 2920 1203 καὶ
2944 1151 3043 1203 ὅσα
3081 1149 3272 1222 ἀλλαῆ
3298 1150 3512 1213 νυκτὸς,
3542 1148 3576 1220 ἢ
3608 1149 3795 1218 μηνὸς,

2208 1241 2513 1313 ἢὲνιαυτοῦ
2567 1244 2885 1314 πράττεται,
2917 1241 3053 1314 πρὸς
3091 1242 3245 1295 ταῦτ’
3292 1243 3438 1313 ἔχειν
3477 1242 3798 1313 τεκμηρίοις

2210 1336 2464 1407 χρῆσθαι,
2504 1337 2602 1400 τὰς
2634 1336 2784 1407 ὠρας
2837 1335 2943 1389 τῶν
2983 1336 3288 1407 εἰρημένων
3347 1334 3795 1403 διαγινώσκοντα.

2211 1429 2323 1481 Καὶ
2355 1428 2524 1482 ταῦτα
2548 1428 2604 1481 δὲ
2628 1429 2806 1501 ῥᾴδιον
2843 1427 3032 1499 μαθεῖν
3061 1426 3213 1498 παρά
3232 1444 3292 1480 τε
3312 1426 3680 1498 νυκτοθηρῶν,
3704 1426 3800 1481 καὶ

2211 1520 2580 1593 κυϐερνητῶν,
2616 1522 2709 1574 καὶ
2734 1520 2908 1574 ἄλλων
2942 1519 3175 1584 πολλῶν,
3207 1514 3287 1581 οἷς
3338 1518 3597 1589 ἐπιμελὲς
3626 1518 3797 1571 ταῦτα

2210 1613 2425 1668 εἰδέναι.
2464 1614 2537 1666 Τὸ
2568 1614 2623 1666 δὲ
2654 1613 2815 1684 μέχρι
2845 1612 3034 1666 τούτου
3087 1609 3451 1683 ἀστρονομίαν
3480 1609 3795 1680 μανθάνειν,

2214 1704 2374 1778 μέχρι
2402 1705 2496 1759 τοῦ
2530 1705 2621 1758 καὶ
2650 1704 2718 1758 τά
2753 1704 2827 1777 μὴ
2860 1706 2916 1758 ἐν
2939 1707 3005 1775 τῇ
3038 1703 3175 1774 αὐτῇ
3202 1702 3475 1774 περιφορᾷ
3519 1699 3669 1762 ὅντα,
3706 1698 3798 1751 καὶ

518 1821 584 1858 ea
619 1805 801 1858 omnia
844 1803 960 1858 suis
1001 1818 1233 1871 qumque
1290 1802 1629 1871 temporibus
1659 1799 1932 1862 obeunda,
1989 1814 2106 1854 cer-

2210 1798 2336 1861 τους
2368 1797 2645 1869 πλανήτας
2688 1798 2783 1851 καὶ⁸
2847 1796 3228 1868 ἀσταθμήτους
3273 1793 3509 1864 ἀστέρας
3554 1792 3794 1858 γνῶναι,

524 1896 755 1949 tioribus
784 1902 1026 1950 uterere.
1048 1894 1213 1962 Atqui
1250 1894 1366 1947 haec
1392 1893 1567 1947 nihilo
1591 1891 1863 1946 difﬁcilius
1892 1901 1999 1945 tam
2040 1906 2107 1945 ex

522 1984 805 2041 nocturnis
858 1983 1235 2049 venatoribus,
1282 1998 1445 2053 quam
1503 1997 1571 2037 ex
1631 1983 1851 2036 navium
1905 1983 2106 2053 guber-

518 2077 851 2141 natoribus,
911 2084 965 2130 et
1026 2075 1149 2131 aliis
1201 2074 1621 2146 quamplurimis
1686 2073 1849 2146 744
1915 2074 2107 2129 resciri

522 2184 710 2240 posse,
742 2184 773 2222 a
802 2167 1006 2238 quibus
1039 2181 1231 2222 eorum
1266 2165 1515 2236 peritiam
1546 2180 1660 2220 suae
1688 2166 1954 2234 cujusque
1984 2180 2109 2234 par-

518 2271 605 2317 tes
654 2260 1001 2331 oiIiciumque
1052 2259 1333 2329 deposcat.
1384 2259 1454 2311 At
1504 2257 1751 2312 eamdem
1813 2265 1982 2311 artem
2039 2272 2106 2311 eo

520 2369 696 2423 usque
724 2351 1003 2423 persequi,
1030 2351 1161 2406 dum
1194 2367 1258 2407 ea
1289 2366 1412 2422 qua:
1438 2365 1553 2405 non
1588 2348 1781 2405 eodem
1814 2357 1963 2403 motu
1993 2349 2105 2403 cir-

520 2444 937 2508 cumferantur,
986 2445 1284 2514 stellasque
1329 2442 1496 2499 simul
1546 2450 1793 2498 errantes
1841 2449 1892 2496 et
1940 2455 2107 2511 vagas

518 2540 853 2611 distinguere
906 2538 1145 2604 noveris,
1177 2537 1426 2608 adeoque
1479 2537 1529 2590 in
1580 2550 1771 2592 carum
1819 2534 1919 2589 abs
1959 2544 2104 2590 terra

520 2632 847 2697 intervallis,
888 2629 1364 2695 conversionibus,
1400 2628 1693 2698 causisque
1731 2626 1995 2681 rimandis
2032 2640 2106 2680 aa-

522 2731 692 2777 tatem
723 2721 976 2791 viresque
1002 2733 1371 2785 consumere;
1399 2717 1454 2772 id
1490 2732 1618 2772 vero
1647 2717 1884 2787 graviter
1916 2716 2105 2786 impri-

521 2812 625 2866 mis
656 2826 721 2865 ac
756 2808 899 2864 serio
935 2809 1283 2879 prohibebat,
1315 2807 1460 2878 quod
1498 2807 1707 2862 nullum
1738 2806 1903 2877 hujus
1938 2811 2102 2862 etiam

521 2917 701 2972 operte
724 2901 957 2973 pretium
988 2900 1215 2966 videret,
1251 2899 1466 2957 tametsi
1496 2916 1563 2955 ne
1617 2900 1671 2954 in
1716 2899 1841 2955 istis
1882 2900 2102 2971 quidem

520 2995 688 3050 rebus
733 2994 933 3063 hospes
982 2995 1101 3064 ipse
1133 3008 1199 3048 ac
1239 2993 1559 3063 peregrinus
1605 3001 1773 3047 esset.
1834 2991 2101 3059 Addebat,

510 3085 874 3140 conﬁcienda
908 3083 1149 3139 hominis
1173 3084 1297 3139 vitae
1319 3084 1442 3139 illas
1459 3100 1685 3156 quoque
1706 3085 1842 3141 satis
1866 3084 2100 3150 futuras,

509 3192 646 3248 .qua:
678 3176 895 3231 interim
927 3190 959 3229 a
994 3175 1244 3246 pluribus
1270 3176 1690 3247 utilioribusque
1735 3177 1930 3233 studiis
1967 3192 2102 3232 avo-

508 3280 731 3326 -carent.
774 3268 1058 3325 Postremo
1100 3268 1305 3339 quibus
1337 3269 1579 3339 coelestia
1617 3285 1857 3339 quaeque
1900 3285 2104 3324 numen

511 3359 835 3414 irationibus
882 3356 1242 3422 moderetur,
1293 3358 1608 3428 investigari
1656 3359 1909 3425 nolebat,
1959 3360 2106 3430 quod

509 3468 650 3507 «cum
672 3468 738 3507 eo
775 3452 845 3506 ab
877 3434 1195 3506 hominibus
1222 3451 1454 3521 aspirari
1485 3466 1592 3506 non
1620 3467 1803 3522 posse,
1846 3463 1962 3508 tum
1999 3455 2106 3507 mi-

526 3562 630 3600 nus
659 3560 784 3599 cum
815 3544 920 3598 diis
954 3543 1176 3613 probari
1202 3543 1681 3614 existimaret,qui
1712 3560 1834 3614 qua:
1857 3555 2104 3616 prompta

527 3646 767 3707 notaque
794 3650 916 3691 esse
949 3636 1276 3703 noluissent,
1310 3635 1631 3706 inquireret.
1659 3634 1769 3692 Nec
1797 3638 1978 3693 minus
2006 3638 2104 3705 illi,

527 3743 692 3799 quem
726 3742 791 3782 ea
824 3727 1207 3784 vehementius
1244 3743 1376 3783 cura
1408 3728 1715 3793 distineret,
1753 3730 1977 3786 insaniae
2013 3746 2108 3800 pe-

521 3820 763 3875 .riculum
813 3819 1101 3875 imminere
1150 3821 1385 3887 dicebat,
1421 3836 1587 3890 quam
1618 3819 1975 3894 Anaxagorae,
2012 3822 2108 3893 qui

519 3912 831 3984 explicatas
867 3913 965 3969 abs
993 3930 1054 3969 se
1090 3914 1318 3969 deorum
1350 3913 1633 3970 machinas
1664 3922 1947 3985 tantopere
1995 3916 2108 3986 glo-

529 4004 799 4059 riabatur.
846 4002 1079 4075 Quippe,
1126 4006 1256 4060 dum
1298 4004 1482 4075 ignem
1534 4016 1698 4075 atque
1741 4006 1912 4060 solem
1966 4006 2107 4062 idem

530 4110 655 4150 esse
700 4095 925 4160 diceret,
963 4095 1238 4150 nesciebat
1268 4095 1477 4164 utique,
1512 4093 1691 4164 ignem
1747 4094 1995 4151 homines
2026 4096 2110 4149 vi-

534 4188 664 4242 dere
694 4186 970 4256 perfacile,
1016 4186 1185 4241 solem
1220 4196 1398 4240 tamen
1428 4186 1719 4240 adversum
1764 4186 1965 4242 intueri
2000 4202 2108 4242 non

532 4294 741 4351 posse:
777 4280 871 4350 qui
921 4279 976 4334 in
1008 4279 1121 4334 sole
1170 4278 1509 4349 apricantur,
1554 4292 1649 4335 eos
1698 4279 1933 4335 colorem
1986 4279 2111 4335 inde

533 4366 830 4438 nigriorem
859 4368 1206 4432 contrahere,
1238 4366 1331 4436 qui
1378 4381 1445 4421 ex
1478 4367 1601 4437 igne
1649 4383 1758 4423 non
1809 4378 2107 4439 sequatur:

2208 1891 2427 1954 καὶτὰς
2470 1890 2798 1954 ἀποστάσεις
2830 1889 3008 1943 αὐτῶν
3060 1888 3169 1944 ἀπὸ
3228 1888 3329 1958 τῆς
3384 1886 3508 1957 γῆς,
3554 1883 3651 1937 καὶ
3698 1885 3797 1948 τὰς

2208 1980 2508 2053 περιόδους,
2541 1982 2635 2035 καί⁵
2667 1981 2765 2045 τὰς
2795 1982 2973 2044 αἰτίας
3000 1978 3179 2033 αὐτῶν
3233 1976 3497 2049 ζητοῦντα
3539 1975 3797 2046 κατατρί-

2207 2074 2425 2138 ϐεσθαι,
2459 2073 2697 2146 ἰσχυρῶς
2732 2073 3063 2144 ἀπέτρεπεν.
3132 2070 3409 2141 Ὠφέλειαν
3438 2069 3536 2140 μὲν
3569 2067 3679 2139 γὰρ
3711 2068 3797 2121 (:2-

2207 2166 2395 2238 δεμίαν
2428 2166 2534 2220 οὐδ’
2567 2167 2623 2219 ὲν
2648 2165 2857 2229 τούτοις
2904 2164 3009 2235 ἔφη
3041 2164 3196 2235 όρᾷν,
3230 2161 3406 2215 καίτοι
3438 2160 3561 2214 οὐδὲ
3595 2162 3797 2213 τούτων

2208 2274 2270 2327 γε
2296 2259 2528 2329 ἀνήκοος
2554 2253 2641 2329 ἦν.
2692 2258 2836 2329 Ἔφη
2870 2257 2926 2311 δὲ
2954 2257 3047 2310 καὶ
3070 2256 3243 2310 ταῦτα
3276 2255 3439 2311 ἱκανὰ
3460 2250 3601 2309 εἶναι
3632 2274 3797 2309 κατα-

2205 2350 2413 2421 τρίϐειν
2470 2349 2759 2423 ἀνθρώπου
2814 2348 2949 2420 βίον,
2983 2349 3079 2402 καὶ¹
3121 2348 3329 2401 πολλῶν
3364 2348 3459 2402 καὶ
3501 2348 3796 2419 ὠφελίμων

2207 2442 2563 2501 ἀποκωλύειν.
2597 2442 2772 2505 Ὅλως
2801 2441 2858 2494 δὲ
2890 2440 2999 2493 τῶν
3032 2440 3298 2512 οὐρανίων
3384 2439 3591 2493 ἕκαστα
3611 2442 3639 2493 ὁ
3664 2440 3797 2500 Θεὸς

2211 2536 2538 2607 μηχανᾶται,
2586 2532 2912 2607 φροντιστὴν
2957 2533 3239 2603 γίγνεσθαι
3299 2532 3632 2603 ἀπέτρεπεν·
3669 2532 3794 2586 uina

2206 2628 2314 2699 γὰρ
2344 2625 2541 2696 εύρετά
2572 2625 2880 2697 ἀνθρώποις
2905 2623 3043 2677 αὑτά
3079 2623 3326 2693 ἐνόμιζεν
3350 2623 3514 2688 εἶναι,
3542 2621 3667 2678 οὔτε
3695 2645 3794 2697 χα-

2209 2719 2450 2792 ρίζεσθαι
2476 2718 2615 2781 θεοῖς
2647 2716 2713 2771 ἂν
2742 2718 2926 2789 ἡγεῖτο
2944 2717 3037 2771 τὸν
3070 2717 3358 2789 ζητοῦντα,
3401 2720 3437 2775 ἃ
3468 2724 3663 2775 ἐκεῖνοι
3700 2738 3795 2774 σα-

2208 2813 2429 2884 φηνίσαι
2451 2811 2551 2864 οὐκ
2572 2809 2961 2881 ἐϐουλήθησαν.
2995 2810 3356 2865 Κινδυνεῦσαι
3387 2811 3434 2866 δ’
3461 2814 3527 2867 ἂν
3553 2813 3682 2883 ἔφη,
3700 2813 3794 2866 καὶ

2207 2903 2627 2977 παραφρονῆσαι
2658 2903 2747 2957 τὸν
2770 2903 2943 2957 ταῦτα
3004 2905 3372 2976 μεριμνῶντα,
3413 2906 3565 2959 οὐδὲν
3596 2901 3792 2977 ἦττον,
3850 2968 3859 2975 ι

2205 2992 2241 3065 ἢ
2290 2992 2657 3065 Ἀναξαγόρας
2682 2994 3114 3065 παρεφρόνησεν,
3167 2995 3198 3046 ὁ
3233 2995 3487 3065 μέγιστον
3517 2999 3795 3069 φρονήσας

2206 3086 2300 3139 ἐπὶ
2332 3085 2409 3157 τῷ
2430 3086 2530 3149 τὰς
2554 3085 2661 3139 τῶν
2689 3084 2828 3139 θεῶν
2870 3086 3121 3157 μηχανὰς
3179 3087 3510 3159 ἐξηγεῖσθαι.
3556 3091 3795 3155 Ἐκεῖνος

2207 3176 2317 3249 γὰρ
2342 3177 2515 3245 λέγων
2551 3177 2648 3248 μὲν
2673 3177 2734 3230 τὸ
2766 3178 2899 3232 αὐτὸ
2921 3174 3059 3232 εἶναι
3081 3179 3193 3251 πῦρ
3222 3198 3281 3233 τε
3309 3182 3402 3235 καὶ
3421 3182 3591 3252 ἥλιον,
3610 3183 3797 3252 ἠγνόει

2206 3269 2288 3323 ὅτι
2315 3268 2377 3321 τὸ
2403 3268 2502 3339 μὲν
2540 3267 2651 3339 πῦρ
2679 3269 2726 3322 οἱ
2750 3269 3024 3342 ἄνθρωποι
3078 3269 3276 3343 ῥᾳδίως
3319 3271 3621 3344 καθορῶσιν
3641 3314 3655 3337 ,
3716 3276 3797 3338 είς

2206 3361 2262 3415 δὲ
2287 3360 2377 3415 τὸν
2404 3361 2554 3431 ἥλιον
2604 3362 2664 3415 ού
2691 3360 2943 3417 δύνανται
2977 3362 3342 3418 ἀντιϐλέπειν.
3401 3366 3509 3420 Καὶ
3539 3366 3645 3420 ὑπὸ
3697 3368 3798 3438 μὲν

2205 3450 2301 3505 τοῦ
2331 3450 2482 3523 ἡλίου
2506 3451 3008 3525 καταλαμπόμενοι,
3057 3454 3125 3507 τὰ
3178 3454 3445 3527 χρώματα
3492 3456 3795 3531 μελάντερα

2209 3542 2445 3616 ἔχουσιν,
2487 3544 2592 3599 ὑπὸ
2625 3545 2682 3599 δὲ
2730 3544 2825 3599 τοῦ
2873 3547 3063 3619 πυρὸς,
3102 3546 3185 3601 οὔ.
3234 3549 3448 3617 Ἥγνόει
3480 3549 3537 3603 δὲ
3569 3550 3663 3603 καὶ
3711 3552 3793 3605 ὅτι

2206 3636 2318 3690 τῶν
2348 3638 2415 3691 ὲκ
2443 3637 2543 3707 τῆς
2570 3637 2676 3708 γῆς
2728 3638 3030 3710 φυομένων,
3083 3640 3210 3695 ἀνευ
3248 3641 3347 3713 μὲν
3406 3642 3555 3714 ἡλίου
3618 3643 3795 3715 αὐγῆς

2206 3729 2359 3784 οὐδὲν
2404 3729 2626 3784 δύναται
2677 3730 2857 3795 καλῶς
2895 3730 3171 3797 αὔξεσθαι,
3220 3734 3325 3787 ὑπὸ
3366 3734 3422 3787 δὲ
3476 3733 3571 3788 τοῦ
3622 3736 3791 3808 πυρὸς

2211 3819 2612 3893 θερμαινόμενα
2675 3820 2853 3874 πάντα
2924 3822 3241 3878 ἀπόλλυται.
3307 3822 3534 3878 Φάσκων
3594 3824 3650 3879 δὲ
3702 3827 3791 3879 τὸν

2208 3911 2357 3985 ἣλιον
2385 3912 2531 3965 λίθον
2595 3912 2858 3985 διάπυρον
2912 3909 3071 3977 εἶναι,
3124 3914 3218 3967 καὶ
3258 3914 3415 3969 τοῦτο
3467 3916 3675 3987 ἠγνόει,
3711 3917 3792 3971 ὅτι

2210 4002 2358 4068 λίθος
2383 4003 2504 4075 μὲν,
2532 4005 2589 4057 ὲν
2612 4003 2745 4075 mp1
2773 4003 2870 4068 ῶν,
2918 4003 3045 4057 οὔτε
3077 4005 3305 4077 λάμπει,
3329 4006 3453 4061 οὔτε
3481 4008 3647 4063 πολὺν
3668 4009 3792 4082 χρό-

2211 4112 2299 4150 νον
2331 4096 2565 4167 ἀντέχει·
2598 4098 2626 4149 ό
2655 4096 2711 4149 δὲ
2743 4096 2894 4165 ἣλιος
2953 4098 3132 4151 πάντα
3177 4098 3267 4151 τὸν
3325 4099 3547 4171 χρόνον,
3576 4101 3791 4155 πάντων

2209 4189 2588 4263 λαμπρότατος
2617 4188 2711 4255 ῶν,
2741 4191 2999 4263 διαμένει.
3036 4192 3281 4246 Ἐκέλευε
3308 4194 3364 4246 δὲ
3385 4196 3479 4247 καὶ
3499 4194 3790 4267 λογισμοὺς

2213 4283 2525 4355 μανθάνειν·
2558 4284 2654 4337 καὶ
2683 4284 2888 4337 τούτων
2912 4284 2969 4338 δὲ
3016 4285 3216 4356 ὁμοίως
3240 4288 3353 4350 τοῖς
3374 4287 3552 4351 ἄλλοις
3570 4288 3784 4341 ἐκέλευε

2212 4376 2571 4446 φυλάττεσθαι
2606 4375 2704 4448 τὴν
2742 4377 2968 4448 μάταιον
2997 4379 3589 4452 πραγματείαν.Μέχρι
3610 4381 3664 4433 δὲ
3692 4380 3787 4434 τοῦ

531 4474 723 4515 eorum
752 4476 876 4531 qua:
899 4472 1197 4518 nascantur
1222 4478 1255 4517 e
1305 4471 1469 4529 terra,
1500 4463 1621 4520 sine
1663 4464 1795 4520 solis
1824 4465 2106 4536 splendore

2214 4467 2488 4539 ὠφελίμου
2517 4468 2693 4522 πάντα
2723 4471 2817 4523 καὶ
2842 4471 3001 4534 αὐτὸς
3032 4472 3373 4535 συνεσκόπει,
3402 4475 3499 4527 καὶ
3556 4474 3791 4541 συνδιεξ-

533 4552 718 4619 augeri
754 4567 1109 4625 crescereque
1138 4554 1294 4619 nihil,
1322 4555 1459 4609 nihil
1486 4563 1677 4611 contra
1709 4571 1817 4610 non
1851 4557 1989 4626 ignis
2020 4573 2109 4611 ar-

2207 4559 2428 4631 ῄειτοῖς
2477 4560 2716 4617 συνοῦσι.
2749 4583 2767 4616 ι
2818 4563 3003 4617 Ταῦτα
3054 4563 3299 4633 Ξενοφῶν
3329 4568 3387 4619 ὲν
3428 4568 3790 4638 Ἀπομνημο-

533 4643 668 4698 dore
714 4644 1087 4715 languescere.
1143 4645 1289 4702 idem
1342 4656 1595 4718 prseterea
1657 4647 1827 4702 solem
1882 4648 2106 4718 ignitum

2209 4655 2520 4724 νεύμασιν.
2559 4655 2645 4708 Ἐν
2692 4657 2945 4729 ἐπιστολῇ
2970 4657 3024 4711 δὲ
3045 4661 3072 4711 ὁ
3102 4660 3260 4723 αὐτὸς
3284 4662 3351 4731 τῇ
3378 4660 3512 4732 πρὸς
3534 4661 3791 4733 Αἰσχίνην

529 4733 768 4807 lapidem
797 4754 921 4795 esse
958 4755 1083 4795 cum
1114 4740 1339 4807 diceret,
1376 4757 1482 4794 non
1516 4740 1751 4805 videbat,
1786 4740 2018 4810 lapidem
2058 4741 2106 4796 in

2211 4746 2341 4818 περὶ
2365 4747 2651 4810 Πλάτωνος
2675 4750 2769 4801 καὶ
2799 4748 2909 4802 τῶν
2971 4750 3281 4820 αὐχούντων
3326 4753 3426 4823 τὴν
3466 4752 3561 4807 τοῦ
3593 4755 3790 4818 παντκ

532 4830 712 4899 ignem
763 4834 1069 4903 conjectum
1127 4851 1228 4891 nec
1270 4834 1498 4905 fulgere,
1549 4848 1649 4887 nec
1682 4833 1775 4887 diu
1818 4833 2106 4902 resistere;

2211 4836 2557 4906 φυσιολογίαν
2581 4839 2804 4892 τοιαῦτα
2832 4841 3053 4911 γράφει.

532 4926 700 4979 sulem
732 4942 799 4981 ex
839 4928 989 4982 omni
1020 4945 1135 4984 aevo
1181 4945 1342 4983 suum
1391 4928 1540 4983 illum
1587 4927 1954 4997 splendorem,
1998 4944 2109 4999 quo
2148 4938 2345 4984 cuncta
2413 4940 2669 5002 superat,
2702 4942 3043 4989 constantem
3091 4951 3493 5006 pcrennemque
3535 4936 3787 4992 retinere.

534 5015 663 5072 Suis
693 5018 855 5073 etiam
889 5028 1080 5075 auctor
1117 5029 1255 5086 erat,
1287 5030 1349 5075 ut
1400 5019 1456 5073 in
1487 5018 1838 5089 computandi
1866 5028 1987 5073 arte
2027 5019 2308 5087 discenda,
2358 5022 2582 5091 perinde
2637 5030 2696 5076 ut
2744 5022 2799 5076 in
2836 5023 2961 5078 aliis
3011 5024 3225 5079 inanem
3254 5040 3315 5080 ac
3332 5041 3788 5096 supervacaneam

531 5124 753 5177 operam
790 5122 1072 5167 caverent.
1102 5112 1157 5166 ld
1207 5110 1355 5183 quod
1414 5111 1469 5165 in
1526 5110 1720 5180 primis
1767 5109 1835 5165 ab
1890 5126 1955 5165 eo
1994 5111 2348 5179 servabatur,
2401 5112 2493 5181 qui
2548 5115 3039 5170 commentationes
3087 5131 3151 5171 ac
3205 5116 3605 5188 disputationes
3663 5133 3790 5174 suas

532 5214 745 5267 omnes,
795 5219 933 5272 quas
977 5220 1103 5259 cum
1159 5204 1443 5275 discipulis
1491 5203 1726 5258 habebat
1758 5196 1918 5271 'suis,
1972 5203 2137 5257 unius
2190 5204 2440 5260 utilitatis
2484 5204 2686 5261 ﬁnibus
2719 5206 3049 5262 includebat.
3090 5227 3109 5260 ι
3158 5208 3431 5265 Hactenus
3484 5208 3787 5281 Xenophon

531 5291 589 5345 in
620 5292 1075 5349 Memorabilibus.
1139 5297 1289 5350 Idem
1348 5296 1580 5367 epistola
1620 5296 1859 5366 quadam
1910 5295 1978 5351 ad
2030 5294 2349 5351 IEschinem
2396 5298 2618 5367 scripta,
2654 5298 2722 5354 de
2772 5297 3014 5363 Platone,
3053 5300 3229 5371 deque
3269 5301 3335 5356 iis
3382 5301 3475 5371 qui
3525 5316 3683 5357 suam
3731 5303 3789 5360 in

533 5388 852 5458 eXplicanda
884 5390 1125 5459 universi
1164 5402 1359 5448 natura
1405 5392 1804 5465 physioiogtam
1858 5391 2234 5464 venditabant,
2266 5392 2381 5448 hate
2410 5392 2587 5448 habet.
