4090 6382
528 385 657 439 Hi?

1148 383 1414 438 EL’SEBll
1454 383 1928 439 CASSARIENSIS
1967 383 2064 439 ΟΡ]

2165 384 2339 439 PARS
2376 384 2437 438 ιι.
2478 416 2546 424 -
2584 347 3081 439 ΑροιοεετιεΑ.

3604 382 3754 437 1238

522 505 644 560 illos
698 503 1001 572 reipublicae
1033 503 1307 568 custodes,
1342 503 1394 555 in
1446 503 1635 557 bellica
1686 503 2064 557 exercitatione

2177 503 2304 574 γάρ.
2324 535 2391 543 -
2407 504 2617 573 Δεῖάρα
2640 503 2732 555 xui
2764 502 2922 555 τοῦτο
2952 502 3062 570 (58)
3095 500 3379 573 προσέχειν
3399 500 3459 553 τδ
3492 501 3751 571 μάθημα,

514 596 626 662 jam
662 608 831 661 usque
860 592 927 645 ab
958 592 1315 647 adolescentia
1344 592 1652 645 necessario
1682 603 1923 645 versatos
1950 608 2072 647 esse

518 686 713 739 debere
743 685 853 753 jam
884 683 1162 737 diximus?
1191 712 1260 722 ——
1300 682 1547 737 Diximus
1595 683 1800 751 utique.
1832 713 1902 723 —
1933 681 2071 753 Ergo

519 786 710 845 prazter
744 776 894 839 illud,
946 775 1140 828 haheat
1187 776 1288 829 hoc
1319 775 1479 829 etiam
1528 791 1748 830 necesse
1793 784 1875 829 est
1906 776 2070 829 disci-

517 867 658 935 plina
693 881 851 935 quatn
887 864 1197 933 qumrimus.
1229 893 1297 901 —
1327 863 1463 929 Quid
1498 864 1710 917 tandem
1734 864 1758 916 ’ί
1782 894 1850 903 —
1876 862 1964 917 Uti
2006 879 2072 919 ne

516 958 784 1011 bellicosis
838 955 1145 1008 hominibus
1198 955 1403 1009 inutilis
1459 937 1524 1009 ea
1577 956 1666 1010 sit.
1730 955 1957 1011 Necesse
2019 956 2069 1009 id

515 1064 660 1113 vero,
690 1048 884 1118 inquit,
919 1048 964 1101 si
989 1050 1147 1100 modo
1173 1047 1285 1100 lieri
1312 1057 1503 1116 potest.
1536 1046 1698 1116 Atqui
1727 1048 2072 1117 gymnastictn

513 1156 575 1193 ac
611 1140 828 1192 musica:
859 1138 1065 1191 artibus
1096 1138 1217 1191 illos
1251 1147 1374 1191 ante
1395 1138 1508 1207 jam
1536 1138 1853 1192 erudiimus.
1888 1168 1953 1177 -—
1980 1136 2072 1193 Sic

508 1238 611 1289 est.
640 1229 834 1295 inquit.
862 1258 931 1265 -—
956 1228 1299 1297 Gymnastica
1331 1242 1492 1296 porro
1523 1228 1665 1283 circa
1696 1228 1747 1282 id
1780 1229 1922 1297 quod
1960 1229 2071 1281 Ori-

508 1331 598 1373 tur
631 1320 881 1390 quodque
927 1319 1109 1372 interit
1146 1326 1253 1371 tota
1283 1328 1545 1383 versatur,
1600 1334 1892 1387 corporum
1922 1320 2065 1373 enim

510 1414 841 1467 incremento
869 1426 931 1464 ac
957 1410 1302 1463 diminutioni
1331 1419 1541 1479 praeest.
1577 1440 1632 1448 —
1658 1410 1831 1464 Certe.
1860 1441 1924 1449 —
1949 1410 2065 1465 Non

505 1514 590 1557 est
628 1504 787 1573 igitur
834 1518 896 1556 ea
950 1500 1254 1570 disciplina,
1306 1516 1467 1569 quam
1518 1501 1831 1570 quaerimus.
1866 1532 1936 1541 —
1976 1500 2070 1555 Mi-

498 1598 653 1651 nime
676 1610 825 1647 vero.
859 1622 929 1633 —
955 1593 1034 1645 Au
1069 1592 1205 1645 forte
1233 1593 1437 1647 musica
1471 1592 1557 1646 illa
1588 1593 1675 1657 sit,
1705 1593 1879 1662 quade
1908 1607 2068 1661 supe-

505 1692 621 1743 rius
674 1687 838 1741 locuti
885 1685 1117 1740 sumus?
1161 1684 1229 1737 At
1262 1684 1371 1748 illa,
1424 1684 1616 1753 inquit,
1671 1684 1714 1738 si
1751 1684 2064 1749 meministi,

507 1794 664 1832 usum
696 1778 856 1831 habet
886 1774 1315 1846 gymnasticaz'in
1348 1774 1598 1828 dissimili
1626 1789 1822 1843 genere
1855 1774 2065 1829 similli-

2175 596 2203 647 δ
2231 594 2515 665 ζητοῦμεν,
2546 594 2680 665 πρὸς
2705 595 2914 664 ἐκείνῳ.
2947 625 3014 634 —
3042 594 3113 646 Τὸ
3146 595 3325 656 ποῖον;
3365 624 3430 635 σ-
3459 592 3549 662 Μὴ
3573 593 3753 662 ἀχρη-

2178 703 2298 739 στον
2325 686 2916 757 πολεμικοῖς’ἀνδράσιν
2947 681 3105 738 εἶναι.
3150 686 3237 737 Δεῖ
3271 684 3471 755 μέντοι,
3507 683 3635 753 ἔφη,
3669 684 3753 735 εἴ-

2176 796 2279 848 περ
2308 772 2417 830 οἷόν
2449 795 2526 830 τε.
2561 779 2907 847 Γυμναστικῇ
2970 794 3043 846 πη
3090 777 3183 829 xui
3222 778 3451 846 μουσικῇ
3478 774 3533 829 ἐν
3560 790 3625 843 γε
3668 773 3753 843 τῷ

2177 869 2410 940 πρόσθεν
2442 868 2787 921 ἐπαιδεύοντο
2817 863 3175 938 ἡιμῖν.--⁷Ην
3210 866 3398 928 ταῦτα,
3433 866 3754 935 ἔφη-Καὶ

2175 960 2247 1011 Γυ
2257 958 2521 1029 μναστικὴ
2547 958 2643 1027 μέν
2666 974 2766 1010 που
2783 972 2850 1008 πε
2859 956 3239 1027 ρὶγιγνόμενον
3265 957 3359 1007 xui
3378 955 3755 1023 ἀπολλύμενον

2172 1050 2482 1103 τετεύτακε⁶
2531 1047 2779 1119 σώματος
2808 1049 2915 1116 γὰρ
2942 1046 3107 1116 αΰξης
3133 1048 3225 1100 xui
3254 1046 3485 1114 φθίσεως
3523 1048 3756 1099 ἐπιστα-

2171 1142 2273 1191 τεῖ.
2296 1171 2364 1180 -
2388 1140 2658 1193 Φαίνεται.
2688 1171 2755 1178 —
2783 1139 2951 1191 Τοῦτο
2988 1138 3084 1208 μὲν
3136 1137 3197 1207 δὴ
3239 1138 3339 1189 οὐκ
3370 1136 3434 1189 ἂν
3474 1136 3560 1205 εἴη
3590 1136 3618 1187 ὃ
3646 1135 3753 1205 ζη-

2171 1232 2370 1301 τοῦμεν
2404 1232 2647 1302 μάθημα.
2672 1232 2832 1283 -Ού
2880 1231 3006 1302 γάρ.
3047 1262 3111 1269 -
3148 1229 3283 1281 Ἀλλ’
3335 1226 3443 1299 ἆρα
3490 1225 3754 1297 μουσικὴ,

2170 1325 2299 1393 ὅσην
2336 1322 2395 1377 τὺ
2421 1323 2680 1396 πρότερον
2710 1321 3026 1392 διήλθομεν;
3068 1320 3206 1373 Ἀλλ’
3231 1317 3297 1392 ἦν
3319 1320 3499 1389 ἐκείνη
3518 1319 3594 1387 γ’,
3612 1318 3749 1388 ἔφη,

2170 1416 2519 1486 ἀντίστροφος
2560 1414 2657 1484 τῆς
2711 1412 3081 1483 γυμναστικῆς
3141 1411 3275 1481 (59),
3329 1412 3375 1463 εί
3430 1412 3751 1479 μέμνησαι,

2171 1506 2312 1558 ἔθεσί
2341 1504 2449 1577 (60)
2476 1504 2799 1558 παιδεύουσα
2821 1505 2943 1566 τοὺς
2978 1502 3241 1571 φύλακας,
3285 1501 3424 1554 κατὰ
3472 1517 3529 1551 τε
3567 1501 3750 1569 ἁρμο-

2169 1598 2287 1650 νίαν
2307 1596 2669 1667 εὐαρμοστίαν
2698 1595 2839 1658 τινὰ,
2868 1596 2967 1647 οὐκ
3005 1595 3312 1664 ἐπιστήμην
3338 1590 3707 1661 παραδιδοῦσα
3730 1632 3746 1654 ,

2168 1688 2261 1740 xui
2287 1688 2425 1741 κατά
2458 1688 2661 1759 ῥυθμὸν
2688 1686 3001 1757 εὐρυθμίαν,
3034 1684 3089 1737 ἐν
3140 1701 3198 1737 τε
3227 1687 3338 1747 τοῖς
3381 1683 3557 1751 λόγοις
3578 1683 3747 1751 ἕτερα

2168 1776 2371 1830 τούτων
2397 1775 2599 1844 ἀδελφά
2634 1775 2726 1846 ἔθη
2758 1774 2892 1828 ἄττα
2944 1774 3160 1844 ἔχουσα,
3196 1774 3288 1826 xui
3316 1774 3427 1825 ὅσοι
3478 1770 3749 1842 μυθώδεις

504 1884 651 1922 mum
685 1886 697 1920 :
739 1875 924 1934 utpote
961 1880 1081 1933 qum
1113 1863 1355 1917 moribus
1383 1874 1590 1918 tantum
1636 1864 1943 1933 reipublice
1974 1881 2064 1919 cu-

2170 1867 2274 1921 τῶν
2300 1867 2493 1935 λόγων,
2529 1867 2622 1919 xui
2642 1867 2756 1919 ὅσοι
2786 1864 3167 1935 ἀληθινώτεροι
3198 1860 3355 1933 ἦσαν.
3408 1864 3651 1933 Μαθημα
3682 1862 3745 1915 δὲ

504 1960 687 2013 ειοάοε
738 1958 1013 2021 informet,
1068 1966 1228 2025 atque
1265 1965 1322 2008 ut
1353 1957 1405 2008 in
1439 1968 1702 2010 concentu
1744 1957 1858 2009 lieri
1906 1957 2063 2021 solet,

500 2062 681 2120 aptam
715 2048 1009 2119 quamdam
1036 2047 1436 2109 cohaerentiam,
1488 2062 1551 2101 ac
1586 2046 1912 2115 persimilem
1968 2063 2069 2101 nu-

502 2145 667 2197 meris
697 2141 1141 2211 compositionem
1197 2140 1520 2208 suppeditet,
1578 2154 1684 2192 non
1730 2155 1912 2193 veram
1946 2154 2069 2209 pro-

502 2234 784 2303 priamque
816 2232 1094 2286 scientiam
1126 2248 1139 2293 ;
1170 2239 1329 2298 atque
1373 2230 1425 2281 in
1460 2229 1579 2297 ipso
1632 2229 1841 2283 dicendi
1875 2242 2068 2300 genere

500 2324 605 2377 alia
637 2322 880 2391 quaedam
913 2321 1107 2373 haheat
1139 2320 1381 2373 moribus
1420 2319 1525 2373 illis
1573 2318 1771 2383 allinia,
1807 2333 2068 2387 verasque

501 2413 842 2467 narrationes
877 2426 903 2463 a
938 2410 1197 2463 fabulosis
1245 2407 1557 2478 distinguat.
1592 2408 1854 2461 Caeterum
1909 2406 2068 2461 habet

499 2520 562 2557 ea
617 2502 769 2567 nihil,
798 2502 967 2570 cujus
1002 2516 1100 2554 nos
1147 2499 1382 2569 cognitio
1431 2502 1496 2551 ad
1552 2498 1752 2567 aliquid
1809 2501 2067 2569 perducat

498 2592 788 2662 ejusmodi,
813 2592 955 2659 quod
995 2607 1137 2645 nunc
1186 2590 1283 2644 abs
1318 2598 1368 2643 te
1402 2590 1681 2658 quaeritur.
1714 2618 1781 2625 —-
1806 2588 1888 2643 Me
1916 2606 2063 2655 vero,

503 2689 742 2754 inquam,
770 2683 1060 2735 admodum
1086 2691 1384 2751 opportune
1415 2695 1638 2733 moues:
1668 2694 1890 2749 prorsus
1920 2683 2066 2736 enim

502 2778 679 2831 simile
697 2776 825 2829 nihil
849 2772 1212 2828 habit—Sed
1260 2773 1387 2842 quid
1408 2772 1589 2842 igitur,
1615 2772 1815 2841 optime
1840 2772 2064 2840 Glauco,

500 2871 605 2924 tale
640 2886 757 2923 esse
786 2868 999 2937 possit?
1028 2884 1149 2920 nam
1186 2876 1328 2921 artes
1361 2866 1577 2935 quidem
1612 2881 1801 2920 omnes
1838 2865 2067 2920 sordida:

501 2961 658 3015 nobis
701 2968 752 3013 et
800 2958 1086 3012 illiberales
1128 2958 1255 3012 visre
1301 2966 1445 3011 sunt.
1480 2986 1549 2995 —
1578 2958 1653 3012 Ac
1702 2958 1894 3011 merito
1939 2955 2063 3028 qui-

501 3054 642 3105 dem.
689 3072 705 3097 »
744 3050 904 3115 Τυιιι,
937 3050 1183 3119 pluribus
1226 3049 1537 3118 iuterjectis,
1563 3050 1634 3103 ita
1665 3048 2012 3119 prosequitur
2048 3066 2061 3103 :

506 3164 524 3195 ι
568 3144 823 3199 Dabimus
861 3158 1099 3213 operam,
1136 3142 1329 3211 inquit,
1364 3156 1428 3194 ne
1457 3140 1548 3209 qui
1583 3155 1611 3193 a
1646 3141 1801 3195 nobis
1829 3141 2065 3195 educan—

502 3246 610 3298 tur,
644 3236 845 3303 aliquid
879 3236 947 3289 ab
980 3236 1046 3289 iis
1094 3234 1197 3289 hoc
1246 3235 1297 3286 in
1330 3248 1523 3302 genere
1556 3232 1852 3301 perfectura
1884 3233 2064 3288 minus

502 3339 885 3397 maturumque
940 3327 1271 3390 doceantur;
1337 3324 1586 3393 quodque
1646 3338 1753 3377 non
1802 3339 1867 3377 eo
1922 3340 2064 3378 sem-

500 3437 615 3489 per,
644 3436 752 3489 quo
779 3418 995 3472 tendere
1018 3431 1203 3471 omnes
1232 3414 1482 3478 debeant,
1514 3414 1803 3477 referatur,
1835 3416 2064 3485 utijam-

497 3512 608 3579 jam
640 3512 716 3564 de.
738 3510 1066 3564 astronomia
1097 3506 1431 3561 dicebamus.
1474 3505 1691 3575 Ignoras
1724 3515 1780 3560 tu
1810 3521 1958 3573 vero,
1990 3507 2064 3561 si-

494 3602 627 3669 mile
656 3601 781 3669 quid
817 3600 964 3652 aliud
1002 3598 1054 3651 in
1088 3598 1371 3652 harmonia
1418 3596 1668 3652 homines
1698 3598 1832 3653 istos
1862 3597 2063 3669 agere?

500 3690 705 3760 Quippe
744 3691 870 3744 dum
909 3689 1029 3744 illos
1077 3703 1270 3742 vocum
1320 3702 1686 3757 sonorumque
1735 3697 2058 3753 concentus,

498 3785 592 3853 qui
620 3785 841 3837 auribus
870 3783 1255 3853 percipiuntur,
1285 3782 1423 3836 inter
1452 3796 1570 3836 sese
1610 3781 1880 3836 metiendo
1919 3798 2063 3837 com-

500 3885 727 3943 ponit-nt,
787 3875 1067 3927 inutilibus
1133 3873 1184 3937 in
1245 3873 1426 3935 rebus,
1482 3872 1936 3941 quemadmodum
2006 3882 2061 3927 et

498 3968 828 4029 astronomi,
886 3967 1122 4020 studium
1173 3979 1503 4034 operamque
1557 3972 1784 4033 ponunt.
1840 3962 1916 4017 lla
1966 3979 2060 4033 per

498 4063 647 4124 deos,
679 4060 855 4129 inquit
882 4077 898 4125 ;
933 4074 994 4112 ac
1025 4057 1237 4111 ridiculi
1282 4058 1439 4125 plane
1467 4065 1614 4120 sunt,
1644 4054 1771 4109 dum
1809 4055 2060 4125 frequen-

498 4161 733 4204 tamenta
787 4150 970 4203 nescio
1004 4164 1122 4217 qua:
1157 4146 1313 4219 747
1374 4148 1672 4212 nominaut,
1720 4147 2060 4215 admotisque

499 4242 721 4295 auribus
755 4254 936 4292 vocem
994 4240 1143 4308 quasi
1188 4236 1408 4306 propius
1454 4244 1828 4305 aucupantes:
1884 4237 1970 4289 alii
2001 4251 2059 4290 se

500 4338 553 4386 in
592 4332 769 4385 medio
804 4346 994 4384 sonum
1046 4330 1279 4397 aliquem
1343 4327 1619 4393 exaudire,
1661 4342 1725 4381 ac
1774 4326 2056 4381 minimum

500 4425 652 4487 illud,
684 4422 839 4491 cujus
872 4422 924 4474 in
967 4420 1237 4473 metiendo
1284 4436 1415 4475 usus
1467 4434 1589 4474 esse
1626 4419 1836 4481 debeat,
1889 4420 2057 4473 inter-

2169 1958 2303 2029 πρὸς
2328 1957 2565 2010 τοιοῦτόν
2595 1974 2646 2009 τι
2677 1959 2827 2025 ἄγον,
2862 1951 3049 2008 οἷονσὺ
3076 1954 3170 2009 νῦν
3202 1952 3401 2024 ζητεῖς,
3419 1951 3651 2023 ούδὲνῆν
3680 1955 3746 2007 ἐν

2168 2050 2321 2119 αὐτῇ.
2342 2079 2411 2087 -
2441 2048 2850 2119 Ἀκριὸέστατα,
2874 2043 2941 2117 ἦν
2966 2047 3008 2100 δ’
3032 2046 3161 2114 ἐγὼ,
3180 2047 3609 2117 ἀναμιμνήσκεις
3645 2063 3741 2117 με.

2168 2138 2257 2207 Τῷ
2286 2140 2391 2211 γάρ
2425 2140 2537 2192 ὅντι
2560 2138 2795 2191 τοιοῦτον
2818 2139 2967 2191 οὐδὲν
2984 2134 3147 2208 εἶχεν.
3169 2166 3233 2177 -—
3250 2138 3407 2201 Ἀλλ’,
3426 2133 3470 2189 ὦ
3494 2137 3741 2207 δαιμόνιε

2168 2232 2442 2297 Γλαύκων,
2472 2233 2521 2285 τί
2564 2232 2628 2287 ἂν
2656 2233 2742 2303 εἴη
2770 2232 3033 2298 τοιοῦτον;
3067 2232 3125 2285 αἴ
3146 2250 3203 2284 τε
3247 2233 3352 2303 γὰρ
3406 2233 3590 2300 τέχναι
3642 2229 3742 2300 βά-

2168 2325 2352 2378 ναυσοί
2384 2344 2483 2377 που
2513 2326 2717 2379 ἅπασαι
2750 2325 2930 2390 ἔδοξαν
2966 2318 3320 2388 εῖναι-Πῶς
3353 2326 3397 2378 δ’
3435 2323 3523 2386 οὕς
3563 2344 3581 2375 ι
3621 2319 3721 2401 Ei?

2167 2420 2293 2489 ἐξῆς
2326 2417 2527 2490 προῖὼν
2549 2418 2805 2486 ἐπιλέγει·
2837 2438 2851 2468 ι
2880 2417 3090 2490 Μήποτ⁹
3125 2417 3303 2470 αὐτῶν
3332 2418 3584 2481 τιάτελές
3612 2419 3738 2471 ἐπι-

2166 2511 2417 2582 χειρὼσιν
2454 2511 2582 2580 ἡμῖν
2638 2508 2943 2579 μανθάνειν,
2998 2508 3090 2571 οὒς
3152 2508 3440 2578 θρέψομεν,
3492 2508 3585 2561 xui
3634 2510 3738 2563 οὐκ

2167 2596 2359 2670 ἐξῆκον
2388 2601 2562 2651 ἐκεῖσε
2590 2599 2695 2660 ἀεὶ,
2727 2594 2782 2651 οἷ
2813 2599 3019 2661 πάντας
3044 2598 3125 2650 δεῖ
3158 2598 3399 2668 ἀνήκειν,
3455 2592 3567 2651 οἷον
3611 2600 3739 2669 ἄρτι

2168 2691 2422 2761 περὶτῆς
2450 2692 2807 2761 ἀστρονομίας
2858 2689 3131 2760 ἐλέγομεν.
3193 2691 3261 2741 Ἦ
3307 2691 3405 2742 οὐκ
3445 2686 3597 2753 οἶσθ’,
3651 2692 3735 2742 ὅτι

2167 2784 2258 2836 xui
2283 2783 2407 2852 περ).
2432 2782 2695 2853 ἁρμονίας
2715 2782 2899 2852 ἕτερον
2930 2780 3164 2833 τοιοῦτον
3192 2778 3432 2843 «meum;
3490 2777 3587 2840 τὰς
3626 2779 3738 2851 γὰρ

2166 2873 2501 2943 ἀκουομένας
2548 2869 2612 2926 αὖ
2670 2872 2985 2941 συμφωνίας
3036 2871 3130 2925 xui
3192 2870 3458 2939 φθόγγους
3485 2869 3737 2940 ἀλλήλοις

2165 2963 2615 3033 ἀναμετροῦντες,
2660 2963 2893 3034 ἀνήνυτα
2944 2962 3132 3034 ὥσπερ
3161 2964 3208 3016 οί
3256 2961 3579 3032 ἀστρονόμοι
3618 2976 3739 3012 ποι-

2165 3057 2302 3110 οῦσι.
2330 3055 2411 3126 Νὴ
2435 3058 2559 3119 τοὺς
2591 3056 2764 3121 θεοὺς,
2794 3056 2915 3128 ἔφη,
2938 3056 3033 3109 xui
3052 3056 3276 3125 γελοίως
3310 3073 3371 3125 γε
3414 3054 3737 3124 πυκνώματ’

2165 3149 2298 3203 ἄττα
2330 3147 2438 3219 (61)
2470 3148 2845 3216 ὀνομάζοντες,
2897 3150 2991 3203 xui
3043 3148 3481 3219 παραϐάλλοντες
3502 3147 3569 3200 τά
3595 3141 3733 3207 ὦτα,

2164 3236 2272 3293 οἷον
2304 3242 2367 3293 ἐκ
2392 3239 2642 3307 γειτόνων
2692 3238 2871 3310 φωνὴν
2902 3239 3272 3313 θηρευόμενον
3329 3241 3376 3291 οἱ
3443 3239 3541 3309 μέν
3569 3255 3733 3306 φασιν

2163 3330 2241 3384 ἔτι
2268 3331 2588 3385 κατακούειν
2620 3332 2676 3383 ἐν
2713 3331 2861 3401 μέσῳ
2892 3332 3010 3385 τινὰ
3037 3332 3194 3402 ἠχὴν,
3231 3332 3323 3383 xui
3376 3330 3737 3401 σμικρότατον

2162 3418 2298 3476 εἶναι
2328 3422 2485 3475 τοῦτο
2514 3421 2804 3491 διάστημα,
2857 3415 2900 3487 ᾧ
2946 3422 3258 3492 μετρητέον
3295 3422 3341 3473 οἱ
3378 3420 3422 3472 δ’
3451 3417 3735 3489 ἀμφισϐη-

2160 3515 2401 3578 τοῦντες,
2449 3515 2523 3578 ὡς
2564 3516 2745 3585 ὅμοιον
2794 3514 2894 3584 ήδη
2966 3513 3379 3583 φθεγγομένων⁹
3431 3513 3733 3583 ἀμφότεροι

2159 3600 2273 3661 ὦτα
2296 3608 2390 3660 τοῦ
2415 3607 2505 3660 νοῦ
2539 3606 2990 3678 προστησάμενοι.
3028 3606 3096 3657 Σὺ
3124 3606 3241 3675 μὲν,
3273 3600 3339 3674 ἦν
3359 3605 3403 3657 δ’
3432 3604 3559 3673 ἐγὼ,
3606 3605 3732 3666 τοὺς

2160 3700 2426 3770 χρηστοὺς
2454 3698 2769 3767 λέγειςτοὺς
2819 3699 2937 3758 ταῖς
2977 3695 3189 3764 χορδαῖς
3233 3696 3528 3765 πράγματα
3584 3712 3728 3765 παρ-

2158 3791 2399 3861 έχοντας,
2452 3791 2543 3841 xui
2593 3789 2975 3860 βασανίζοντας
3004 3789 3096 3840 ἐπὶ
3145 3788 3253 3840 τῶν
3282 3787 3576 3851 κολλόπων,
3634 3789 3728 3839 xui

2161 3879 2566 3950 στρεϐλοῦντας.
2608 3880 2723 3931 Ἵνα
2754 3877 2809 3929 δὲ
2842 3877 2914 3947 μὴ
2943 3877 3251 3947 μακροτέρα
3298 3878 3330 3947 ἠ
3357 3875 3518 3928 εἰκὼν
3549 3875 3729 3946 γίγνη-

2157 3987 2265 4033 ται,
2300 3970 2558 4039 πλήκτρῳ
2606 3986 2664 4020 τε
2700 3968 2919 4036 πληγῶν
2952 3969 3305 4038 γιγνομένων,
3354 3967 3447 4021 xui
3488 3982 3723 4036 κατηγο-

2160 4062 2279 4131 ρίας
2310 4062 2457 4132 πέρι,
2485 4062 2577 4113 xui
2606 4060 2963 4131 ἐξαρνήσεως,
3008 4062 3101 4113 xui
3159 4059 3472 4123 ἀλαζονείας
3497 4059 3724 4130 χορδῶν,

2157 4154 2399 4223 παύομαι
2424 4152 2523 4221 τῆς
2564 4153 2786 4214 εἰκόνος,
2818 4151 2909 4204 xui
2967 4150 3026 4202 οὗ
3077 4168 3217 4221 φημι
3260 4149 3479 4213 τούτους
3524 4150 3720 4218 λέγειν,

2158 4242 2270 4295 ἀλλ’
2300 4243 2557 4307 ἐκείνους,
2591 4241 2684 4303 οὓς
2711 4242 2917 4311 ἔφαμεν
2949 4240 3041 4293 νῦν
3085 4240 3147 4312 δὴ
3180 4241 3305 4310 περὶ
3340 4241 3601 4313 ἁρμονίας
3649 4242 3723 4293 εί-

2160 4335 2356 4407 ρῆσθαι
2385 4334 2515 4404 (62),
2544 4334 2751 4386 Ταύτὸν
2781 4335 2889 4405 γὰρ
2932 4333 3141 4386 ποιοῦσι
3170 4336 3279 4397 τοῖς
3299 4334 3355 4385 ἐν
3381 4337 3447 4404 τῇ
3470 4334 3717 4403 ἀστρονο-

2162 4430 2279 4499 μία.
2313 4428 2450 4489 Τοὺς
2498 4425 2604 4494 γὰρ
2664 4427 2721 4478 ἐν
2778 4426 2999 4488 ταύταις
3058 4428 3175 4489 ταῖς
3219 4423 3555 4493 συμφωνίαις
3605 4427 3720 4487 ταῖς

498 4518 696 4569 vallum
725 4531 843 4569 esse
872 4513 1118 4568 dictitant
1148 4528 1161 4575 ;
1194 4513 1280 4564 alii
1309 4528 1437 4565 vero
1453 4511 1887 4580 dubitaut,quasi
1912 4526 2056 4565 avo-

2165 4518 2515 4587 ἀκουομέναις
2560 4516 2823 4587 ἀριθμοὺς
2882 4516 3149 4585 ζητοῦσιν,
3199 4515 3309 4569 ἀλλ’
3340 4516 3440 4568 οὐκ
3488 4518 3565 4579 εἰς
3596 4534 3722 4587 προ-

499 4610 651 4661 ribus
682 4608 916 4675 illisjam
946 4605 1135 4660 similis
1158 4605 1375 4674 quidam
1402 4620 1568 4658 sonus
1597 4604 1838 4658 exsistat.
1867 4604 1919 4655 In
1949 4618 2057 4671 quo

500 4698 717 4766 utrique
744 4698 910 4749 menti
944 4709 1103 4749 aures
1139 4702 1489 4762 anteponunt.
1519 4691 1599 4745 Tu
1636 4707 1781 4756 vero,
1814 4692 2055 4762 inquam,

500 4790 637 4841 alios
672 4788 790 4841 illos
828 4786 1116 4840 admodum
1150 4785 1306 4838 utiles
1334 4784 1613 4838 arbitraris
1642 4783 1734 4853 qui
1768 4784 1900 4839 fides
1935 4798 2058 4852 per~

500 4890 664 4947 petuo
720 4885 954 4939 vexant,
1002 4876 1357 4939 distendunt,
1403 4873 1789 4942 claviculisque
1836 4882 2057 4927 contor-

500 4969 712 5038 quent?
752 4969 943 5022 Verum
982 4983 1046 5020 ne
1076 4967 1287 5036 longius
1317 4966 1429 5019 haec
1469 4981 1566 5018 nos
1596 4966 1773 5035 imago
1804 4966 2058 5030 detineat,

502 5064 628 5114 dum
658 5060 861 5131 plectro
886 5060 1111 5129 pulsata:
1141 5059 1270 5113 lides
1300 5066 1392 5111 aut
1413 5056 1700 5120 aﬂirmant,
1731 5066 1823 5110 aut
1843 5068 2059 5127 negant,

574 5238 681 5309 (58)
711 5237 810 5290 Δεῖ
832 5237 1065 5309 ἀραγκαὶ
1090 5236 1283 5298 τοῦτο,
1319 5243 1422 5289 etc.
1459 5231 1699 5309 Ficiuus,
1728 5248 1833 5286 non
1872 5232 1963 5309 ita.
2005 5240 2063 5286 ut

503 5310 550 5361 vi
576 5304 729 5373 letor,
762 5304 997 5361 auctoris
1031 5323 1094 5359 ex
1140 5320 1300 5361 sensu
1342 5305 1517 5366 vertit,
1553 5313 1749 5370 oportet
1778 5319 1897 5372 ergo
1930 5304 2062 5356 hanc

502 5392 751 5447 praeterea
785 5378 1041 5447 superiori
1084 5376 1273 5429 addere
1319 5373 1685 5447 disciplinam,
1732 5388 1888 5430 quam
1921 5389 2064 5443 qure-

505 5442 687 5500 rimus.
716 5446 1028 5518 Προσέχειν,
1062 5462 1164 5499 non
1195 5453 1275 5518 est
1304 5442 1661 5514 προστιθέναι.

576 5518 683 5586 (59)
739 5509 1143 5583 ’Ᾱντίὸίτροέιος
1194 5512 1299 5581 τῆς
1337 5509 1763 5586 γυμναστικῆς.
1811 5509 2061 5586 Sororem

506 5582 673 5640 tuear
698 5588 788 5639 lib.
835 5602 889 5639 ιιι
921 5582 992 5637 lle
1025 5582 1179 5649 repub
1212 5625 1225 5647 ,
1260 5585 1345 5637 ubi
1381 5587 1444 5636 de
1484 5584 1685 5635 inusiea
1720 5597 1783 5634 ex
1820 5582 2062 5650 professo

504 5658 741 5722 disputat
770 5652 931 5726 :'Ap'
961 5651 1073 5717 οὖν,
1109 5656 1300 5726 inquit.
1339 5656 1370 5723 ἡ
1415 5652 1656 5726 βελτίστη
1699 5652 2059 5723 γυμναστικὴ.

504 5720 702 5796 ἀδελφή
726 5743 808 5787 τις
843 5720 908 5778 ἂν
936 5726 1146 5796 εἱήᾼτῆς
1176 5720 1674 5793 ἀπλῆεμὸυσικῆςέ

575 5791 700 5864 (60)
738 5797 959 5861 Ἔϐεσι,
1005 5791 1275 5861 Quantum
1307 5791 1499 5848 'valeat
1550 5792 1752 5847 musica
1812 5791 1942 5863 πρὸς
1994 5793 2060 5847 τὰ

2165 4609 2413 4679 ϐλήματα
2438 4606 2645 4659 ἀνίασιν
2677 4606 3161 4668 ἐπισκοπεῖν,τίνες
3192 4605 3463 4675 ξύμφωνοι
3484 4604 3721 4675 ἀριθμοὶ,

2162 4699 2255 4750 xui
2273 4698 2412 4758 τίνες
2439 4694 2521 4758 οὒ,
2566 4696 2658 4748 xui
2686 4696 2771 4748 διὰ
2820 4696 2871 4748 τί
2906 4696 3169 4767 ἑκάτεροι.
3211 4716 3228 4746 ι
3302 4694 3458 4746 Ἀλλά
3483 4695 3590 4765 γὰρ
3636 4697 3726 4749 xui

2160 4788 2311 4841 ταῦθ’
2346 4790 2476 4859 ἡμῖν
2501 4788 2601 4859 πρὸ
2628 4787 2746 4841 ὀδοῦ
2781 4786 2996 4850 κείσθω,
3025 4786 3475 4856 ἀπολογουμένοις
3533 4787 3613 4839 ὅτι
3652 4788 3725 4858 μὴ

2161 4879 2283 4948 δίχα
2315 4879 2549 4941 διανοίας
2574 4877 2755 4949 ὀρθῆς,
2793 4878 2884 4930 xui
2915 4877 3013 4946 τῆς
3059 4877 3167 4930 τῶν
3204 4876 3417 4929 τοιῶνδε
3460 4877 3726 4947 ἀχρηστο-

2168 4969 2393 5040 μαθείας
2416 4969 2860 5039 ὼλιγωρήσαμεν.
2887 4968 3218 5039 Σκεψώμεθα
3244 4968 3375 5039 δῆτα
3414 4967 3595 5021 λοιπὸν
3626 4969 3723 5039 ἢδη

2163 5061 2365 5115 ἄνωθεν
2392 5060 2702 5131 ἀρξάμενοι,
2738 5059 2834 5123 τὰς
2882 5058 2987 5111 τῶν
3020 5060 3318 5129 εἰρημένων
3369 5058 3615 5112 Φυσικῶν
3643 5077 3727 5128 φι-

2165 5237 2290 5307 ἧθη,
2332 5237 2451 5291 eod.
2489 5236 2580 5289 lib.
2618 5253 2674 5307 ιιι
2703 5235 2964 5307 pluribus,
2992 5236 3080 5288 ubi
3110 5234 3497 5307 gymnasticam
3531 5251 3724 5304 corpo-

2166 5305 2265 5372 ris,
2302 5308 2563 5360 musicam
2592 5305 2767 5375 animi
2787 5307 3059 5375 propriam
3085 5305 3204 5359 esse
3230 5305 3404 5357 docet.

2234 5376 2346 5444 (61)
2372 5373 2713 5443 Πυκνώμαϊ
2735 5372 2900 5429 ἄττα.
2924 5375 3122 5428 Gellius
3147 5376 3237 5444 lib.
3264 5372 3511 5440 I,cap.ll
3548 5392 3559 5444 ι
3584 5374 3723 5438 Quid

2164 5445 2311 5514 enlm_
2332 5443 2467 5514 foret
2498 5462 2558 5498 ea
2588 5460 2640 5496 re
2672 5444 2939 5512 ineptius?
2971 5446 3052 5507 si,
3096 5455 3151 5496 ut
3182 5443 3445 5514 planipedi
3480 5443 3723 5506 saltanti,

2164 5518 2239 5569 ita
2274 5510 2508 5567 Graccho
2542 5510 2893 5577 concionnnti,
2921 5528 3161 5567 numeros
3183 5510 3251 5567 ει
3295 5510 3472 5581 modo:
3497 5549 3511 5574 .
3538 5522 3587 5565 et
3620 5514 3727 5581 [ro-

2203 5594 2528 5637 uentamenta
2574 5586 2735 5653 varia,
2772 5583 2956 5653 tibieen
3001 5584 3288 5636 incineret?
3336 5580 3727 5653 Nutneros’pu-

2164 5601 2528 5707 geentamenta
2574 5601 2721 5637 varia
2772 5601 2956 5637 ιιοιεεη
3001 5601 3287 5636 Incmeret!
3336 5601 3600 5636 numeros
3633 5601 3727 5653 p0-

2164 5653 2370 5781 αμοῗς,
2414 5655 2602 5708 modos
2659 5652 2828 5724 μέλη,
2878 5651 3339 5723 frequentamenta
3391 5652 3729 5723 πυκνώματα

2206 5740 2315 5778 ιχι..

2206 5735 2315 5778 ιΧιΙ..

2238 5794 2346 5865 (62)
2379 5792 2499 5860 Ms,
2530 5790 2867 5863 uiprueobut.
