4090 6382
400 340 424 391 1
436 336 537 389 22⁸1

1519 328 1841 390 ΡΒΑΞΡΑΒ.
1888 331 2133 393 EVANG.
2179 336 2305 394 LIB.
2348 341 2485 397 XIV.

3512 346 3533 398 ί
3549 345 3649 398 ὶδθ

395 452 636 521 λοσόφων
668 451 1000 523 δογματικὰς
1032 452 1167 523 πρὸς
1195 452 1453 522 ἀλλήλους
1482 452 1799 517 ἀντιδοξίας.
1832 452 1965 523 Τρά-

2071 462 2166 507 aut
2220 456 2512 524 superbius
2564 458 2939 530 refragantur,
2992 460 3204 515 mittam
3262 472 3382 517 eam
3440 463 3641 515 modo?

397 561 485 613 φει
510 544 573 614 δὴ
595 544 803 614 ἀθρόως
827 545 1099 609 ἁπάντων,
1125 544 1231 597 τῶν
1272 544 1630 597 Πλατωνικῶν
1662 544 1818 614 ὁμοῦ,
1879 544 1973 597 καὶ

396 637 796 708 Πυθαγορείων,
819 637 925 689 τῶν
952 655 1011 689 τε
1058 637 1136 689 ἔτι
1196 636 1579 707 πρεσϐυτέρων
1603 635 1849 688 Φυσικῶν
1880 647 1969 704 φι-

396 726 634 795 λοσόφων
668 727 1128 796 ὲπικεκλημένων,
1163 728 1256 779 καὶ
1280 720 1345 778 αὖ
1378 724 1538 778 πάλιν
1564 724 1671 777 τῶν
1696 724 1971 795 νεωτέρων

401 817 850 889 Περιπατητικῶν
877 836 933 870 τε
962 819 1053 871 καὶ
1107 817 1377 881 Στωϊκῶν,
1434 819 1529 870 καὶ
1584 816 1971 887 Ἐπικουρείων

394 911 494 975 τὰς
520 910 675 975 δόξας
712 911 1027 979 συναγαγὼν
1051 912 1079 963 ὁ
1105 910 1467 982 Πλούταρχος,
1495 912 1550 962 ὲν
1581 904 1661 972 οἷς
1695 907 1971 977 ἐπέγραψε

396 1004 535 1071 Περὶ
574 1003 689 1056 τῶν
712 1005 1093 1071 ἀρεσκόντων
1132 1003 1254 1069 τοῖς
1311 1005 1668 1071 φιλοσόφοις
1700 1000 1974 1069 φυσικῶν

395 1092 720 1163 δογμάτων.
762 1094 848 1160 Ἐξ
870 1088 942 1146 ὧν
978 1093 1361 1165 παραθήσομαι
1390 1091 1578 1145 ταῦτα.

2073 554 2285 599 tantum
2316 546 2493 601 dicam
2522 564 2629 603 non
2658 550 2769 620 jam
2796 551 2955 613 istos.
2985 553 3077 606 sed
3109 552 3244 606 alios
3278 553 3400 607 illos
3440 553 3642 624 potius,

2073 636 2141 690 de
2174 637 2374 707 quibus
2401 640 2565 708 paulo
2593 649 2719 695 ante
2741 643 3135 711 loquebamur,
3186 646 3407 699 musicae
3442 661 3647 715 praece-
3692 698 3699 704 .

2072 735 2255 794 plores
2299 727 2613 797 deligendos
2640 746 2779 787 esse.
2812 732 2945 787 Nam
2979 734 3063 788 isti
3109 734 3324 804 quidem
3376 738 3424 791 id
3466 737 3643 808 ipsum

2074 816 2219 885 quod
2254 822 2553 874 astronomi
2614 821 2837 888 faciunt,
2890 826 3021 881 dum
3064 827 3135 880 ita
3176 838 3472 884 concentus
3524 831 3646 900 ejus

2074 907 2166 976 qui
2188 924 2318 963 aure
2344 911 2638 982 percipitur
2663 931 2920 993 numeros
2942 918 3247 985 attendunt,
3288 930 3345 973 ut
3366 938 3642 990 numnam

2074 998 2141 1052 ad
2178 1014 2333 1056 veras
2364 1002 2484 1058 illas
2530 1008 2859 1075 quaestiones
2891 1010 3153 1065 veniant:
3192 1012 3413 1080 quinam
3470 1030 3498 1067 e
3542 1029 3643 1067 nu-

2074 1093 2241 1148 meris
2273 1094 2411 1150 inter
2442 1111 2501 1151 se
2543 1102 2887 1167 conveniant,
2924 1104 3084 1173 quive
3115 1120 3274 1160 secus
3303 1124 3316 1165 ;
3349 1115 3402 1160 et
3456 1124 3638 1176 quam-

397 1190 582 1242 obrem
616 1189 830 1259 utrique
866 1190 999 1243 tales
1035 1190 1353 1244 habeantur.
1399 1208 1416 1239 ι
1467 1186 1740 1242 Hactenus
1789 1186 1963 1240 Plato.
2004 1189 2180 1258 Atque
2215 1191 2328 1247 hau:
2356 1209 2385 1247 a
2426 1196 2584 1250 nobis
2630 1198 2791 1253 etiam
2838 1202 3116 1269 praemissa
3168 1212 3349 1267 sunto,
3406 1220 3470 1257 ex
3524 1207 3647 1275 qui-'-

397 1286 497 1339 bus
532 1298 876 1342 accusatores
918 1288 1088 1340 nostri
1124 1286 1441 1355 intelligant,
1485 1300 1592 1337 non
1651 1284 1769 1338 sine
1833 1294 2047 1338 maturo
2084 1287 2315 1341 consilio
2379 1305 2478 1344 nos
2536 1292 2719 1348 inania
2774 1311 2956 1349 rerum
3007 1298 3271 1366 ejusmodi
3324 1300 3497 1353 studia
3556 1318 3644 1355 ne-

396 1382 646 1452 glexisse.
690 1380 809 1436 1am
858 1399 987 1436 vero
1037 1383 1329 1453 pugnantia
1382 1380 1469 1433 illa
1514 1378 1960 1449 philosophorum
2000 1395 2139 1448 quos
2166 1380 2423 1452 Physicos
2453 1398 2668 1451 vocant,
2698 1389 2914 1444 decreta
2973 1392 3135 1445 altius
3182 1394 3474 1462 repetendo
3526 1412 3648 1465 spes-

395 1483 622 1529 ctemus.
657 1475 1045 1545 Complectitur
1103 1490 1234 1530 sane
1275 1474 1597 1527 Plutarchus
1651 1472 2100 1541 philosophorum
2166 1474 2328 1528 simul
2372 1477 2615 1532 omnium
2666 1490 2773 1534 tam
2834 1481 3262 1546 Platonicorum,
3318 1499 3480 1554 quam
3545 1486 3647 1557 Py-

397 1566 800 1635 thagoreorum,
850 1583 1061 1622 necnon
1125 1566 1493 1635 antiquiorum
1525 1565 1687 1618 etiam
1759 1564 1998 1628 illorum,
2039 1580 2133 1634 qui
2169 1565 2385 1637 Physici
2436 1570 2564 1625 dicti
2597 1583 2745 1638 sunt,
2800 1590 3016 1645 Unaque
3092 1577 3476 1642 recentiorum,
3532 1589 3643 1633 tam

396 1652 897 1726 Peripateticorum,
941 1673 1105 1728 quam
1139 1656 1468 1722 Stoicorum,
1499 1666 1551 1711 et
1583 1656 1973 1727 Epicureorum
2018 1659 2335 1724 sententias,
2369 1676 2434 1715 eo
2466 1664 2604 1718 libro
2646 1680 2804 1735 quem
2835 1665 2910 1720 De
2944 1668 3377 1737 philosovhorum
3422 1672 3643 1725 decretis

395 1750 464 1801 ad
500 1764 579 1803 res
606 1750 853 1819 physicas
884 1750 1266 1819 pertinentibus
1294 1750 1637 1818 conscripsit.
1685 1747 1797 1819 Ego
1829 1748 1941 1802 haec
1978 1758 2187 1803 tantum
2218 1752 2379 1807 dabo.

925 1838 1319 1891 ΚΕΦΑΛΑΙΟΝ
1362 1834 1455 1890 ΙΔ’.

395 1948 569 2011 Δόξαι
602 1948 947 2017 φιλοσόφων
985 1949 1115 2015 περὶ
1163 1947 1384 2017 ἀρχῶν.
1437 1948 1578 2002 Ἀπὸ
1625 1946 1743 2002 τῶν
1771 1951 1965 2002 [Mov-

466 2018 684 2086 τάρχου
716 2021 786 2072 ἐν
804 2018 909 2091 τῷᾲ
940 2021 1075 2091 Περὶ
1094 2018 1202 2075 τῶν
1232 2018 1573 2091 ἀρεσκόντων
1610 2024 1722 2083 τοῖς
1754 2019 1966 2089 φιλοσόα

466 2106 586 2157 φοις
623 2089 862 2157 φυσικῶν
893 2089 1199 2159 δογμάτων.

471 2220 489 2252 ι
535 2201 713 2271 Θαλῆς
764 2205 792 2255 ὁ
844 2202 1107 2274 Μιλήσιος
1134 2203 1263 2274 (65),
1296 2200 1375 2267 εἷς
1428 2204 1534 2256 τῶν
1583 2202 1723 2256 ἐπτά
1758 2200 1963 2271 Σοφῶν,

395 2298 567 2371 ἀρχὴν
595 2297 701 2349 τῶν
730 2296 896 2348 ὅντων
925 2298 1240 2367 ἀπεφήνατο
1265 2294 1403 2350 εἶναι
1434 2298 1493 2349 τὸ
1522 2296 1683 2365 ὕδωρ.
1710 2299 1867 2348 Δοκεῖ
1909 2295 1966 2348 δὲ

395 2396 421 2445 ὁ
456 2391 593 2461 ἀνὴρ
626 2384 774 2451 οὗτος
797 2387 955 2459 ἄρξαι
987 2388 1081 2457 τῆς
1109 2389 1444 2457 φιλοσοφίας,
1476 2390 1569 2441 καὶ
1616 2389 1708 2440 ἀπ’
1738 2386 1901 2440 αὐτοῦ
1932 2388 1964 2457 ἠ

407 2481 617 2551 Ἰωνικὴ
648 2480 855 2551 αἵρεσις
878 2480 1313 2550 προσηγορεύθη.
1364 2480 1646 2547 Ἐγένοντο
1689 2478 1796 2550 γὰρ
1819 2478 1966 2531 πλεῖ-

397 2583 518 2628 σται
548 2573 800 2643 διαδοχαί.
832 2573 1200 2641 Φιλοσοφήσας
1228 2571 1280 2624 δὲ
1324 2574 1380 2625 ὲν
1423 2572 1700 2641 Αἰγύπτῳ,
1731 2569 1967 2639 πρεσϐύ-

395 2684 549 2737 τερος
572 2662 732 2736 ἦλθεν
751 2666 829 2728 είς
864 2664 1121 2733 Μίλητον.
1170 2663 1258 2729 Ἐξ
1289 2663 1475 2727 ὓδατος
1527 2663 1583 2715 δέ
1614 2680 1745 2733 φησι
1791 2664 1968 2717 πάντα

395 2757 555 2821 εἶναι,
588 2759 680 2810 καὶ
722 2759 801 2819 είς
846 2756 989 2827 ὕδωρ
1022 2759 1197 2809 πάντα
1243 2756 1584 2810 ἀναλύεσθαι.
1642 2756 1966 2826 Στοχάζεται

393 2852 450 2904 δὲ
465 2852 526 2903 ἐκ
539 2850 724 2903 τούτου
744 2846 977 2920 πρῶτον,
996 2848 1077 2901 ὅτι
1101 2849 1313 2901 πάντων
1331 2847 1484 2913 ζώων
1507 2852 1539 2920 ἡ
1561 2850 1690 2919 γονὴ
1713 2850 1852 2921 ἀρχή
1879 2851 1970 2901 ὲσ-

393 2963 499 3006 τιν,
532 2942 674 3015 ύγρά
705 2938 858 2995 οὖσα·
878 2941 1047 3005 οὕτως
1065 2943 1208 3005 εἰκὸς
1228 2944 1320 2995 καὶ
1339 2942 1407 2996 τὰ
1424 2944 1597 2997 πάντα
1613 2929 1669 3008 ἐξ
1682 2932 1847 3013 ὑγροῦ
1870 2942 1966 3013 τὴν

395 3037 570 3108 ἀρχὴν
598 3036 760 3106 ἔχειν.
792 3034 1071 3105 Δεύτερον,
1098 3036 1179 3088 ὃτι
1210 3036 1383 3088 πάντα
1405 3035 1474 3088 τὰ
1500 3035 1638 3105 φυτά
1669 3035 1821 3106 ὑγρῷ
1844 3037 1968 3107 τρέ-

394 3131 553 3199 φεταί
588 3147 644 3183 τε
675 3129 767 3182 καὶ
796 3130 1151 3199 καρποφορεῖ·
1187 3128 1514 3198 ἀμοιροῦντα
1545 3126 1601 3181 δὲ
1631 3126 1959 3199 ξηραίνεται.

394 3222 586 3295 Τρίτον
612 3222 687 3285 δὲ,
717 3223 798 3274 ὅτι
821 3219 916 3274 καὶ
945 3219 1073 3272 αὐτὸ
1099 3218 1157 3272 τὸ
1190 3219 1299 3290 πῦρ
1352 3218 1412 3272 τὸ
1460 3218 1547 3272 τοῦ
1582 3219 1731 3289 ἡλίου
1768 3221 1859 3273 καὶ
1902 3218 1963 3272 τὸ

393 3313 501 3368 τῶν
532 3314 742 3383 ἄστρων
767 3314 885 3374 ταῖς
907 3311 1013 3364 τῶν
1036 3311 1241 3365 ὑδάτων
1271 3310 1661 3381 ἀναθυμιάσεσι
1686 3312 1960 3382 τρέφεται,

391 3408 489 3461 καὶ
520 3408 679 3471 αὐτὸς
710 3409 737 3460 ὁ
765 3406 980 3476 κόσμος.
1034 3405 1132 3457 Διά
1170 3404 1323 3457 τοῦτο
1369 3405 1463 3457 καὶ
1494 3405 1737 3475 Ὄμηρος
1764 3405 1963 3475 ταύτην

394 3498 491 3569 τὴν
524 3498 735 3567 γένεσιν
766 3497 1075 3551 ὑποτίθεται
1097 3496 1333 3567 περὶτοῦ
1368 3495 1576 3557 ὓδατος

402 3767 685 3821 Ὠκεανὸν
746 3765 886 3835 (64),
936 3762 1123 3835 ὅσπερ
1175 3765 1411 3836 γένεσις
1458 3766 1750 3911 πάντεσρνι
1803 3768 1965 3823 τέτυ-

1718 3857 1868 3893 κται.

1718 3857 1868 3893 κται.

397 3928 582 3983 Ταῦτα
617 3931 711 3999 μὲν
762 3931 789 3983 ὁ
823 3929 1023 3999 Θαλῆς.
1090 3930 1505 4002 Ἀναξίμανδρος
1537 3931 1593 3984 δὲ
1637 3935 1666 3986 ὁ
1706 3932 1965 4004 Μιλήσιός

398 4037 531 4090 φησι
564 4020 669 4075 τῶν
715 4021 882 4074 ὄντων
931 4021 1025 4093 τὴν
1054 4022 1225 4094 ἀρχὴν
1264 4019 1399 4075 εἶναι
1449 4023 1511 4075 τὸ
1561 4022 1806 4094 ἄπειρον.
1872 4025 1965 4077 Ἐκ

397 4113 507 4185 γὰρ
544 4111 730 4165 τούτου
764 4112 940 4165 πάντα
1000 4112 1275 4181 γίνεσθαι,
1320 4113 1413 4167 καὶ
1454 4114 1533 4176 είς
1573 4114 1731 4166 τοῦτο
1792 4115 1965 4168 πάντα

397 4204 728 4275 φθείρεσθαι.
750 4205 838 4257 Διὸ
871 4208 961 4258 καὶ
992 4205 1279 4272 γεννᾶσθαι
1312 4207 1569 4277 ἀπείρους
1598 4208 1853 4280 κόσμους,
1872 4210 1966 4262 καὶ

394 4296 556 4349 πάλιν
590 4296 900 4366 φθείρεσθαι
935 4299 1012 4359 εἰς
1032 4297 1113 4360 τὸ,
1139 4296 1198 4361 ἐξ
1224 4292 1283 4351 οὗ
1317 4299 1539 4365 γίνεται.
1565 4300 1728 4369 Λέγει
1781 4290 1825 4353 δ’
1851 4296 1961 4366 οὖν,

391 4388 526 4443 διότι
564 4389 624 4441 τὸ
656 4389 879 4461 ἄπειρόν
916 4392 1083 4453 ἐστιν,
1116 4388 1202 4445 ἵνα
1227 4388 1391 4462 μηδὲν
1416 4391 1634 4462 ἐλλείπῃ
1664 4390 1756 4445 καὶ
1814 4395 1846 4461 ή
1876 4394 1966 4462 γέ-

394 4494 540 4545 νεσις
579 4483 689 4553 (65)
738 4484 771 4553 ἡ
829 4483 1189 4551 ὑφισταμένη.
1238 4483 1561 4552 Ἀμαρτάνει
1585 4483 1640 4536 δὲ
1667 4484 1759 4537 καὶ
1790 4480 1960 4550 οὗτος,
1994 4516 2039 4571 D

397 4575 470 4647 μὴ
508 4575 698 4649 λέγων,
730 4576 782 4628 τί
812 4576 927 4628 ἐστι
954 4574 1016 4627 τὸ
1042 4575 1283 4646 ἄπειρον,
1312 4574 1532 4646 πότερον
1572 4577 1679 4647 ἀήρ
1711 4578 1875 4642 ἐστιν,
1925 4578 1957 4649 ἢ

392 4668 737 4739 ὓδωρ,ἢγῆ,
774 4668 806 4739 ἢ
839 4666 975 4721 ἄλλα
1024 4666 1145 4720 τινὰ
1207 4666 1450 4737 σώματα.
1502 4668 1826 4738 Ἀμαρτάνει
1868 4665 1959 4723 οὖν

391 4757 488 4828 τὴν
540 4758 634 4827 μὲν
668 4756 799 4827 ὕλην
861 4757 1313 4827 ἀποφαινόμενος,
1363 4757 1500 4810 τὸδὲ
1553 4758 1736 4811 ποιοῦν
1790 4761 1959 4814 αἴτιον

393 4850 643 4922 ἀναιρῶν
681 4849 753 4901 Τὸ
778 4850 886 4921 γάρ
911 4849 1136 4919 ἄπειρον
1169 4848 1318 4901 οὐδὲν
1347 4849 1474 4902 ἄλλο
1507 4849 1538 4919 ἢ
1575 4848 1672 4921 ὕλη
1702 4851 1864 4903 ἐστίν·
1897 4853 1956 4904 οὐ

391 4941 607 4995 δύναται
633 4942 753 5013 δὲὴ
810 4941 906 5013 ὕλη
963 4937 1099 4994 εἶναι
1156 4940 1404 5012 ἐνεργείᾳ
1451 4941 1585 5011 (66),
1638 4942 1731 4995 ἐὰν
1786 4943 1859 5015 μὴ
1898 4943 1958 4995 τὸ

393 5034 574 5087 ποιοῦν
597 5034 861 5104 ὑπόθηται
892 5033 1023 5104 (67).
1067 5032 1415 5105 Ἀναξιμένης
1441 5035 1497 5087 δὲ
1524 5038 1551 5087 ὁ
1583 5034 1841 5107 Μιλήσιος
1868 5036 1959 5107 ἀρ-

389 5123 490 5194 χὴν
518 5124 622 5177 τῶν
656 5124 821 5178 ὄντων
846 5125 933 5179 τὸν
964 5126 1097 5201 ἀέρα
1129 5128 1461 5199 ἀπεφήνατο·
1522 5129 1585 5180 ὲκ
1615 5128 1719 5199 γὰρ
1767 5128 1956 5183 τούτου

462 5279 569 5355 (65)
595 5279 793 5348 Θαλῆς
812 5281 1176 5355 ρᾃῌιζῑήσιος.
1206 5281 1478 5338 Plutarch.
1499 5282 1576 5337 De
1600 5283 1809 5353 placitis
1834 5286 1924 5355 plti

389 5351 614 5419 losop/t.,
649 5367 768 5421 pag.
802 5353 906 5405 875
934 5352 995 5406 ι).

459 5422 571 5489 (64)
619 5422 917 5475 Ὠκεανόν.
948 5421 1163 5476 llomer.
1198 5421 1360 5477 Iliad.
1385 5423 1445 5486 Ξ,
1478 5423 1602 5479 ⁸246.
1918 5455 1929 5466 ~

482 5491 571 5563 65)
620 5493 727 5544 Kal
775 5494 813 5559 ἡ
856 5492 1111 5563 γένεσις.
1148 5493 1420 5548 Plutarch.
1459 5511 1563 5547 non
1616 5495 1775 5549 habet
1826 5495 1953 5549 illud

386 5563 500 5626 καί,
532 5564 623 5616 scd
668 5563 1111 5637 i_s_ta_rconjungit,
1150 5564 1238 5616 ἴνα
1288 5565 1453 5635 μηδὲν
1478 5565 1778 5637 institui]
1808 5565 1957 5633 γένε-

387 5644 494 5698 αις,
525 5646 628 5688 etc.
677 5632 908 5706 Mclius._
926 5632 1032 5685 Καί
1064 5645 1242 5688 tamen
1271 5632 1490 5706 retineri
1519 5632 1722 5706 optime
1756 5632 1952 5705 potest,

386 5706 549 5759 modo
596 5713 853 5774 sequatur
880 5699 937 5777 ᾗ,
968 5720 1066 5775 pro
1096 5706 1160 5775 ὴ,
1192 5705 1338 5776 quod
1386 5706 1519 5761 mihi
1556 5699 1727 5777 inagis
1756 5699 1958 5777 proba?

387 5784 555 5829 retur.

2655 1844 2884 1902 CAPUT
2912 1840 3053 1901 XIV.

2068 1946 2507 2028 Philosophorum
2537 1956 2599 2028 de
2623 1959 2899 2028 principiis
2926 1964 3213 2017 sentcntiae.
3252 1963 3336 2018 Ex
3371 1959 3646 2022 Plutarchi

2145 2019 2298 2098 libro,
2362 2042 2512 2093 quem
2566 2019 2640 2082 De
2672 2019 3118 2098 philosophorum
3173 2034 3403 2090 decretis
3453 2040 3518 2090 ad
3559 2019 3645 2093 res

2138 2090 2391 2161 physicas
2428 2090 2823 2165 pertinentibus
2851 2090 3183 2173 conscripsit.
3562 2090 3573 2091 ί
3598 2090 3629 2133 ﬁt

2145 2223 2163 2255 ι
2213 2204 2410 2263 Thales
2461 2209 2705 2267 Milesius
2735 2255 2750 2281 ,
2800 2214 3004 2285 inquit,
3063 2226 3268 2286 septem
3325 2218 3643 2289 Sapientum

2066 2310 2229 2361 unus,
2272 2316 2451 2354 rerum
2492 2305 2817 2374 principium
2854 2324 3051 2378 aquam
3082 2327 3203 2365 esse
3244 2314 3640 2381 pronuntiavit.

2066 2389 2117 2443 ls
2147 2400 2200 2444 et
2258 2393 2612 2465 philosophiae
2667 2399 2902 2463 initium,
2951 2412 3004 2455 et
3035 2401 3227 2458 Ionica:
3279 2415 3439 2459 secta:
3480 2404 3646 2477 748

2066 2494 2263 2535 nomen
2289 2483 2500 2537 dedisse
2523 2487 2757 2553 videtur,
2788 2506 2817 2543 a
2850 2505 2961 2559 quo
3007 2494 3187 2561 plures
3220 2495 3476 2564 deinceps
3519 2512 3644 2551 suc-

2067 2574 2343 2630 cessiones
2386 2589 2693 2648 propagata:
2743 2591 2889 2635 sunt.
2942 2582 3087 2637 Idem
3136 2594 3258 2655 post
3298 2599 3548 2641 navatam
3588 2588 3641 2640 in

2068 2664 2302 2738 Egypto
2347 2670 2703 2741 philosophia:
2744 2689 2991 2743 operam,
3039 2676 3280 2732 Miletum
3323 2680 3481 2733 rediit
3527 2681 3640 2748 jam

2069 2760 2270 2813 senior.
2320 2759 2509 2825 Porro,
2548 2772 2607 2816 ut
2634 2778 2699 2817 ex
2746 2782 2886 2835 aqua
2930 2777 3056 2821 nata
3086 2784 3208 2822 esse
3238 2771 3442 2834 omnia,
3490 2782 3543 2826 et
3588 2773 3641 2825 in

2069 2868 2263 2922 aquam
2299 2857 2481 2909 omnia
2511 2858 2735 2912 dissolvi
2763 2868 2984 2929 statuat,
3012 2862 3097 2917 his
3120 2863 3446 2932 coniecturis
3471 2869 3642 2922 addu-

2068 2945 2229 2999 citur.
2261 2945 2525 3015 Primum,
2559 2965 2744 3005 semen
2777 2953 3135 3008 animantium
3164 2957 3409 3010 omnium
3440 2961 3643 3027 princi;

2066 3038 2236 3107 pium,
2270 3038 2553 3094 humidum
2577 3052 2659 3096 est
2682 3060 2694 3094 :
2718 3044 2997 3111 probabile
3025 3045 3193 3114 igitur
3221 3057 3302 3101 est
3328 3063 3388 3100 ex
3416 3049 3643 3104 humore

2069 3131 2251 3185 omnia
2284 3132 2609 3202 principium
2644 3135 2862 3190 ducere.
2910 3133 3133 3202 Deinde,
3184 3138 3415 3192 humore
3444 3139 3642 3209 stirpes

2066 3223 2286 3277 aluntur
2328 3239 2558 3280 omnes:
2591 3240 2656 3279 ex
2696 3241 2762 3280 eo
2804 3226 3187 3283 fecunditatem
3222 3229 3524 3295 hauriunt;
3576 3245 3642 3287 eo

2067 3315 2111 3368 si
2140 3325 2380 3375 careant,
2406 3326 2751 3371 cxarescunt.
2787 3314 2992 3381 Tertio,
3027 3318 3141 3386 ipse
3168 3332 3386 3388 quoque
3420 3320 3551 3375 solis
3579 3331 3642 3375 ac

2066 3406 2399 3477 reliquorum
2442 3417 2716 3461 astrorum
2744 3408 2905 3477 ignis,
2938 3411 3283 3480 mundusqne
3313 3411 3447 3465 adeo
3494 3421 3641 3467 totus

2066 3510 2331 3567 aquarum
2402 3500 2839 3555 exhalationibus
2885 3502 3067 3555 alitur.
3120 3503 3307 3572 Itaque
3371 3502 3641 3559 Homerus

2066 3593 2226 3644 etiam
2261 3592 2360 3646 hos
2390 3608 2569 3647 rerum
2614 3602 2767 3648 ortus
2808 3610 2963 3665 aqua:
3003 3598 3254 3665 preprios
3298 3611 3420 3651 esse
3463 3598 3639 3666 ponit,

2068 3684 2172 3739 hoc
2201 3700 2384 3751 versu,

2146 3774 2413 3828 Oceanum
2438 3778 2639 3830 cunctis
2658 3779 2972 3847 praebentem
2996 3778 3217 3833 exordia
3241 3776 3413 3834 rebus.

2067 3929 2193 3986 ﬂare
2233 3930 2448 3987 Thales.
2485 3931 2891 3987 Anaximander
2939 3934 3125 3989 itidem
3160 3934 3424 4001 Milesius,
3458 3948 3645 3993 rerum

2066 4023 2396 4093 principium
2444 4038 2564 4078 esse
2613 4024 2729 4078 vult
2775 4024 3072 4080 inﬁnitum.
3108 4025 3318 4095 Quippe
3352 4042 3474 4080 cum
3516 4027 3642 4080 inde

2067 4115 2217 4170 nasci
2260 4115 2463 4180 omnia,
2493 4125 2603 4170 tum
2632 4116 2820 4169 eodem
2849 4116 3031 4170 omnia
3078 4117 3275 4182 redire,
3306 4117 3432 4171 dum
3470 4117 3641 4171 inter-

2066 4217 2215 4263 eunt.
2279 4207 2459 4273 Quare
2508 4209 2744 4264 mundos
2798 4209 3040 4264 inﬁnitos
3079 4209 3324 4280 generari
3377 4210 3638 4274 vicissim,

2065 4313 2131 4352 ac
2178 4298 2417 4352 vicissim
2462 4298 2516 4351 in
2566 4298 2697 4352 illud
2743 4299 3064 4353 intereundo
3116 4299 3364 4364 dissolvi,
3414 4314 3483 4354 ex
3530 4314 3639 4369 quo

2066 4388 2301 4457 primum
2356 4389 2681 4444 exstiterint.
2716 4389 3009 4443 Enimvero
3039 4390 3309 4444 inﬁnitum
3352 4403 3474 4444 esse
3515 4406 3640 4459 prox

2067 4486 2249 4546 pterea
2280 4477 2459 4542 docet,
2487 4496 2556 4534 ne
2605 4479 2735 4550 quid
2785 4495 3024 4549 unquam
3073 4480 3307 4545 deﬁciat,
3352 4496 3416 4533 ac
3461 4496 3636 4535 rerum

2067 4583 2221 4629 ortus
2264 4573 2468 4643 aliquid
2513 4590 2727 4644 semper
2755 4575 2953 4629 habeat
2980 4589 3088 4644 quo
3111 4574 3334 4628 nitatur.
3384 4574 3488 4627 Sed
3536 4574 3639 4630 hoc

2065 4674 2255 4736 peccat
2285 4666 2398 4731 ille,
2428 4666 2572 4736 quod
2620 4666 2891 4721 inﬁnitum
2940 4667 3067 4736 quid
3120 4668 3190 4720 sit
3231 4681 3339 4719 non
3386 4666 3636 4734 aperiat;

2061 4769 2244 4813 utrum
2281 4775 2393 4824 aer,
2450 4776 2515 4815 an
2568 4775 2729 4829 aqua,
2781 4759 2863 4813 vel
2904 4770 3069 4823 terra,
3125 4760 3209 4812 vel
3250 4758 3353 4811 alia
3389 4758 3636 4827 quaedam

2060 4866 2309 4922 corpora.
2339 4851 2533 4907 Pe‘ecat
2563 4864 2845 4921 praeterea,
2872 4852 3000 4906 dum
3030 4851 3313 4905 materiam
3345 4850 3418 4904 ita
3463 4850 3636 4918 ponit,

2060 4953 2120 4996 ut
2144 4959 2365 4999 causam
2394 4946 2547 4998 tollat
2576 4944 2918 4999 efﬁcientem.
2952 4942 3085 4997 Nam
3114 4943 3386 4996 inlinitum
3420 4944 3637 5011 quidem

2059 5035 2207 5090 aliud
2239 5038 2372 5092 nihil
2407 5054 2569 5109 quam
2614 5037 2840 5092 materia
2887 5046 3011 5102 est;
3067 5036 3296 5090 materia
3332 5050 3479 5099 vero,
3534 5035 3637 5088 nisi

2056 5152 2224 5193 causa
2255 5134 2491 5189 eﬁiciens
2539 5129 2807 5196 adfuerit,
2845 5145 2904 5183 re
2954 5133 3070 5199 ipsa
3103 5139 3156 5183 et
3201 5136 3328 5183 actu‘
3379 5143 3501 5182 esse
3528 5145 3635 5181 non

2129 5292 2255 5363 (66)
2278 5291 2588 5363 Ὲνεργείᾳ.
2622 5287 2735 5363 Hoc
2768 5287 2924 5363 _malo
2959 5298 3121 5363 quam
3157 5285 3428 5363 ἐνέργεια,
3470 5294 3636 5363 ut_est

2057 5356 2197 5432 apud
2222 5356 2606 5432 'Plutarc'huin,
2644 5360 2733 5432 u_hi
2764 5357 2990 5432 Latinus
3019 5356 3287 5432 interpres
3317 5358 3428 5409 haec
3450 5356 3633 5432 verba,

2056 5426 2116 5486 οὗ
2137 5432 2357 5487 δύναται
2380 5433 2433 5484 δὲ
2457 5433 2491 5503 ἡ
2514 5429 2613 5499 ὕλη
2642 5426 2780 5503 εἶναι
2808 5428 3057 5503 ἐνέργεια
3086 5428 3245 5480 vertit
3273 5426 3497 5478 materia
3528 5442 3633 5503 rem

2058 5520 2236 5558 creare
2269 5497 2691 5571 nullum'potest.
2720 5497 2992 5553 Plutarchi
3027 5512 3181 5551 mens
3214 5512 3491 5565 nunquam
3532 5497 3632 5550 ista

2058 5573 2178 5629 fuit.

2130 5644 2239 5714 (67)
2282 5644 2607 5709 Ὑκόθηται.
2633 5640 2944 5714 Plutarch,
2975 5637 3295 5714 ὑποκέηται,
3328 5634 3630 5709 Utrumque

2058 5710 2272 5771 delendi
2304 5724 2508 5786 potest;
2538 5712 2805 5785 ὑπόθηται
2843 5720 3021 5766 tamen
3050 5711 3219 5782 magis
3247 5710 3442 5781 placet.
