  <div class='ocr_page' id='page_1' title='image "/cluster/home/n/w/nwhite01/storage/ocr_20150623/21/hvd.32044073501165/631.png"; bbox 0 0 4090 6382; ppageno 0'>
   <div class='ocr_carea' id='block_1_1' title="bbox 507 281 635 335">
    <p class='ocr_par' dir='ltr' id='par_1_1' title="bbox 507 281 635 335">
     <span class='ocr_line' id='line_1_1' title="bbox 507 281 635 335; baseline -0.008 0"><span class='ocrx_word' id='word_1_1' title='bbox 507 281 635 335; x_wconf 71' lang='grc'><strong>1231</strong></span> 
     </span>
    </p>
   </div>
   <div class='ocr_carea' id='block_1_2' title="bbox 1137 275 3091 339">
    <p class='ocr_par' dir='ltr' id='par_1_2' title="bbox 1137 275 3091 339">
     <span class='ocr_line' id='line_1_2' title="bbox 1137 275 3091 339; baseline -0.001 -7"><span class='ocrx_word' id='word_1_2' title='bbox 1137 277 1405 335; x_wconf 86' lang='lat' dir='ltr'><strong>EUSEBII</strong></span> <span class='ocrx_word' id='word_1_3' title='bbox 1445 278 1926 337; x_wconf 70' lang='lat' dir='ltr'><strong>CIESARIENSIS</strong></span> <span class='ocrx_word' id='word_1_4' title='bbox 1962 276 2113 339; x_wconf 81' lang='lat' dir='ltr'><strong>OPP.</strong></span> <span class='ocrx_word' id='word_1_5' title='bbox 2156 275 2340 331; x_wconf 76' lang='lat' dir='ltr'><strong>PARS</strong></span> <span class='ocrx_word' id='word_1_6' title='bbox 2380 277 2441 331; x_wconf 81' lang='lat' dir='ltr'><strong>ll.</strong></span> <span class='ocrx_word' id='word_1_7' title='bbox 2486 308 2553 317; x_wconf 91' lang='lat'>—</span> <span class='ocrx_word' id='word_1_8' title='bbox 2592 276 3091 332; x_wconf 75' lang='lat' dir='ltr'><strong>APOLOGETICA.</strong></span> 
     </span>
    </p>
   </div>
   <div class='ocr_carea' id='block_1_3' title="bbox 3604 276 3744 331">
    <p class='ocr_par' dir='ltr' id='par_1_3' title="bbox 3604 276 3744 331">
     <span class='ocr_line' id='line_1_3' title="bbox 3604 276 3744 331; baseline -0.014 0"><span class='ocrx_word' id='word_1_9' title='bbox 3604 276 3744 331; x_wconf 65' lang='lat'><strong>£252</strong></span> 
     </span>
    </p>
   </div>
   <div class='ocr_carea' id='block_1_4' title="bbox 506 395 2057 470">
    <p class='ocr_par' dir='ltr' id='par_1_4' title="bbox 506 397 2057 470">
     <span class='ocr_line' id='line_1_4' title="bbox 506 397 2057 470; baseline -0.002 -17"><span class='ocrx_word' id='word_1_10' title='bbox 506 409 699 470; x_wconf 86' lang='lat' dir='ltr'><strong>potest.</strong></span> <span class='ocrx_word' id='word_1_11' title='bbox 754 399 1117 454; x_wconf 78' lang='lat' dir='ltr'><strong>Anaximenes</strong></span> <span class='ocrx_word' id='word_1_12' title='bbox 1161 398 1397 455; x_wconf 84' lang='lat' dir='ltr'><strong>indidem</strong></span> <span class='ocrx_word' id='word_1_13' title='bbox 1442 397 1645 463; x_wconf 78' lang='lat' dir='ltr'><strong>Mileto,</strong></span> <span class='ocrx_word' id='word_1_14' title='bbox 1697 414 1877 454; x_wconf 84' lang='lat' dir='ltr'><strong>aerem</strong></span> <span class='ocrx_word' id='word_1_15' title='bbox 1924 398 2057 468; x_wconf 86' lang='lat' dir='ltr'><strong>ejus-</strong></span> 
     </span>
    </p>
   </div>
   <div class='ocr_carea' id='block_1_5' title="bbox 2156 395 3740 470">
    <p class='ocr_par' dir='ltr' id='par_1_5' title="bbox 2167 395 3740 466">
     <span class='ocr_line' id='line_1_5' title="bbox 2167 395 3740 466; baseline 0.001 -18"><span class='ocrx_word' id='word_1_16' title='bbox 2167 397 2234 450; x_wconf 84' lang='grc' dir='ltr'><strong>τά</strong></span> <span class='ocrx_word' id='word_1_17' title='bbox 2271 398 2445 452; x_wconf 82' lang='grc' dir='ltr'>πάντα</span> <span class='ocrx_word' id='word_1_18' title='bbox 2473 398 2737 466; x_wconf 83' lang='grc' dir='ltr'>γίνεσθαι,</span> <span class='ocrx_word' id='word_1_19' title='bbox 2774 399 2867 450; x_wconf 76' lang='grc' dir='ltr'>καὶ</span> <span class='ocrx_word' id='word_1_20' title='bbox 2903 398 2983 460; x_wconf 73' lang='grc' dir='ltr'>εἰς</span> <span class='ocrx_word' id='word_1_21' title='bbox 3026 395 3185 449; x_wconf 72' lang='grc' dir='ltr'>αὑτὸν</span> <span class='ocrx_word' id='word_1_22' title='bbox 3208 396 3367 451; x_wconf 71' lang='grc' dir='ltr'>πάλιν</span> <span class='ocrx_word' id='word_1_23' title='bbox 3394 396 3740 451; x_wconf 78' lang='grc' dir='ltr'><strong>ἀναλύεσθαι.</strong></span> 
     </span>
    </p>
   </div>
   <div class='ocr_carea' id='block_1_6' title="bbox 504 490 2069 562">
    <p class='ocr_par' dir='ltr' id='par_1_6' title="bbox 504 490 2069 562">
     <span class='ocr_line' id='line_1_6' title="bbox 504 490 2069 562; baseline -0.001 -14"><span class='ocrx_word' id='word_1_24' title='bbox 504 493 649 548; x_wconf 79' lang='grc' dir='ltr'>ωοθί</span> <span class='ocrx_word' id='word_1_25' title='bbox 686 491 1012 562; x_wconf 84' lang='lat' dir='ltr'><strong>principium</strong></span> <span class='ocrx_word' id='word_1_26' title='bbox 1044 504 1163 545; x_wconf 87' lang='lat' dir='ltr'><strong>esse</strong></span> <span class='ocrx_word' id='word_1_27' title='bbox 1196 490 1421 544; x_wconf 90' lang='lat' dir='ltr'><strong>docuit:</strong></span> <span class='ocrx_word' id='word_1_28' title='bbox 1476 504 1542 544; x_wconf 74' lang='lat' dir='ltr'><strong>ex</strong></span> <span class='ocrx_word' id='word_1_29' title='bbox 1573 504 1637 545; x_wconf 90' lang='lat' dir='ltr'><strong>eo</strong></span> <span class='ocrx_word' id='word_1_30' title='bbox 1676 490 1817 544; x_wconf 89' lang='lat' dir='ltr'><strong>enim</strong></span> <span class='ocrx_word' id='word_1_31' title='bbox 1873 501 2069 547; x_wconf 81' lang='lat' dir='ltr'><strong>cuncta</strong></span> 
     </span>
    </p>
   </div>
   <div class='ocr_carea' id='block_1_7' title="bbox 504 580 2071 653">
    <p class='ocr_par' dir='ltr' id='par_1_7' title="bbox 504 580 2071 653">
     <span class='ocr_line' id='line_1_7' title="bbox 504 580 2071 653; baseline -0.003 -14"><span class='ocrx_word' id='word_1_32' title='bbox 504 586 676 651; x_wconf 89' lang='lat' dir='ltr'><strong>nasci,</strong></span> <span class='ocrx_word' id='word_1_33' title='bbox 732 584 785 638; x_wconf 90' lang='lat' dir='ltr'><strong>in</strong></span> <span class='ocrx_word' id='word_1_34' title='bbox 831 598 1067 653; x_wconf 89' lang='lat' dir='ltr'><strong>eumque</strong></span> <span class='ocrx_word' id='word_1_35' title='bbox 1095 582 1335 637; x_wconf 76' lang='lat' dir='ltr'><strong>vicissim</strong></span> <span class='ocrx_word' id='word_1_36' title='bbox 1382 590 1575 636; x_wconf 88' lang='lat' dir='ltr'><strong>cuncta</strong></span> <span class='ocrx_word' id='word_1_37' title='bbox 1630 581 1872 638; x_wconf 82' lang='lat' dir='ltr'><strong>dissolvi.</strong></span> <span class='ocrx_word' id='word_1_38' title='bbox 1931 580 2071 635; x_wconf 87' lang='lat' dir='ltr'><strong>Nam</strong></span> 
     </span>
    </p>
   </div>
   <div class='ocr_carea' id='block_1_8' title="bbox 504 672 2068 744">
    <p class='ocr_par' dir='ltr' id='par_1_8' title="bbox 504 672 2068 744">
     <span class='ocr_line' id='line_1_8' title="bbox 504 672 2068 744; baseline -0.003 -14"><span class='ocrx_word' id='word_1_39' title='bbox 504 679 743 738; x_wconf 83' lang='lat' dir='ltr'><strong>animus,</strong></span> <span class='ocrx_word' id='word_1_40' title='bbox 803 674 997 744; x_wconf 91' lang='lat' dir='ltr'><strong>inquit,</strong></span> <span class='ocrx_word' id='word_1_41' title='bbox 1051 681 1258 739; x_wconf 78' lang='lat' dir='ltr'><strong>noster,</strong></span> <span class='ocrx_word' id='word_1_42' title='bbox 1296 672 1529 742; x_wconf 76' lang='lat' dir='ltr'><strong>exempli</strong></span> <span class='ocrx_word' id='word_1_43' title='bbox 1570 688 1736 727; x_wconf 88' lang='lat' dir='ltr'><strong>causa</strong></span> <span class='ocrx_word' id='word_1_44' title='bbox 1762 712 1777 738; x_wconf 96' lang='lat'><strong>,</strong></span> <span class='ocrx_word' id='word_1_45' title='bbox 1824 686 1917 726; x_wconf 90' lang='lat' dir='ltr'><strong>aer</strong></span> <span class='ocrx_word' id='word_1_46' title='bbox 1953 678 2068 737; x_wconf 89' lang='lat' dir='ltr'><strong>est,</strong></span> 
     </span>
    </p>
   </div>
   <div class='ocr_carea' id='block_1_9' title="bbox 504 766 2068 838">
    <p class='ocr_par' dir='ltr' id='par_1_9' title="bbox 504 766 2068 838">
     <span class='ocr_line' id='line_1_9' title="bbox 504 766 2068 838; baseline -0.003 -15"><span class='ocrx_word' id='word_1_47' title='bbox 504 784 713 838; x_wconf 89' lang='lat' dir='ltr'><strong>nosque</strong></span> <span class='ocrx_word' id='word_1_48' title='bbox 739 766 881 821; x_wconf 79' lang='lat' dir='ltr'><strong>fovet</strong></span> <span class='ocrx_word' id='word_1_49' title='bbox 912 782 976 822; x_wconf 89' lang='lat' dir='ltr'><strong>ac</strong></span> <span class='ocrx_word' id='word_1_50' title='bbox 1002 776 1180 822; x_wconf 84' lang='lat' dir='ltr'><strong>tuetur</strong></span> <span class='ocrx_word' id='word_1_51' title='bbox 1209 783 1223 832; x_wconf 93' lang='lat'><strong>;</strong></span> <span class='ocrx_word' id='word_1_52' title='bbox 1256 775 1620 836; x_wconf 89' lang='lat' dir='ltr'><strong>cunctumque</strong></span> <span class='ocrx_word' id='word_1_53' title='bbox 1640 767 1775 821; x_wconf 88' lang='lat' dir='ltr'><strong>adeo</strong></span> <span class='ocrx_word' id='word_1_54' title='bbox 1808 766 2068 820; x_wconf 91' lang='lat' dir='ltr'><strong>mundum</strong></span> 
     </span>
    </p>
   </div>
   <div class='ocr_carea' id='block_1_10' title="bbox 502 853 2069 925">
    <p class='ocr_par' dir='ltr' id='par_1_10' title="bbox 502 853 2069 925">
     <span class='ocr_line' id='line_1_10' title="bbox 502 853 2069 925; baseline -0.001 -15"><span class='ocrx_word' id='word_1_55' title='bbox 502 858 727 925; x_wconf 72' lang='lat' dir='ltr'><strong>Spiritus</strong></span> <span class='ocrx_word' id='word_1_56' title='bbox 775 870 974 925; x_wconf 89' lang='lat' dir='ltr'><strong>aerque</strong></span> <span class='ocrx_word' id='word_1_57' title='bbox 1016 854 1411 924; x_wconf 84' lang='lat' dir='ltr'><strong>complectitur.</strong></span> <span class='ocrx_word' id='word_1_58' title='bbox 1464 853 1561 909; x_wconf 86' lang='lat' dir='ltr'><strong>Est</strong></span> <span class='ocrx_word' id='word_1_59' title='bbox 1606 864 1784 908; x_wconf 88' lang='lat' dir='ltr'><strong>autem</strong></span> <span class='ocrx_word' id='word_1_60' title='bbox 1847 853 2069 923; x_wconf 81' lang='lat' dir='ltr'><strong>spiritus</strong></span> 
     </span>
    </p>
   </div>
   <div class='ocr_carea' id='block_1_11' title="bbox 502 946 2067 1017">
    <p class='ocr_par' dir='ltr' id='par_1_11' title="bbox 502 946 2067 1017">
     <span class='ocr_line' id='line_1_11' title="bbox 502 946 2067 1017; baseline -0.001 -15"><span class='ocrx_word' id='word_1_61' title='bbox 502 948 687 1002; x_wconf 84' lang='lat' dir='ltr'><strong>eadem</strong></span> <span class='ocrx_word' id='word_1_62' title='bbox 740 947 995 1016; x_wconf 87' lang='lat' dir='ltr'><strong>aerisque</strong></span> <span class='ocrx_word' id='word_1_63' title='bbox 1042 946 1392 1017; x_wconf 87' lang='lat' dir='ltr'><strong>signiﬁcatio.</strong></span> <span class='ocrx_word' id='word_1_64' title='bbox 1424 946 1495 1000; x_wconf 84' lang='lat' dir='ltr'><strong>At</strong></span> <span class='ocrx_word' id='word_1_65' title='bbox 1534 956 1717 1016; x_wconf 83' lang='lat' dir='ltr'><strong>peccat</strong></span> <span class='ocrx_word' id='word_1_66' title='bbox 1760 946 1921 1000; x_wconf 89' lang='lat' dir='ltr'><strong>etiam</strong></span> <span class='ocrx_word' id='word_1_67' title='bbox 1960 946 2067 1011; x_wconf 87' lang='lat' dir='ltr'><strong>hic,</strong></span> 
     </span>
    </p>
   </div>
   <div class='ocr_carea' id='block_1_12' title="bbox 501 1037 2068 1109">
    <p class='ocr_par' dir='ltr' id='par_1_12' title="bbox 501 1037 2068 1109">
     <span class='ocr_line' id='line_1_12' title="bbox 501 1037 2068 1109; baseline -0.002 -16"><span class='ocrx_word' id='word_1_68' title='bbox 501 1040 628 1094; x_wconf 90' lang='lat' dir='ltr'><strong>dum</strong></span> <span class='ocrx_word' id='word_1_69' title='bbox 662 1055 728 1094; x_wconf 80' lang='lat' dir='ltr'><strong>ex</strong></span> <span class='ocrx_word' id='word_1_70' title='bbox 760 1040 991 1109; x_wconf 83' lang='lat' dir='ltr'><strong>simplici</strong></span> <span class='ocrx_word' id='word_1_71' title='bbox 1033 1050 1087 1093; x_wconf 90' lang='lat' dir='ltr'><strong>et</strong></span> <span class='ocrx_word' id='word_1_72' title='bbox 1132 1038 1323 1095; x_wconf 67' lang='lat' dir='ltr'><strong>formae</strong></span> <span class='ocrx_word' id='word_1_73' title='bbox 1367 1039 1529 1094; x_wconf 93' lang='lat' dir='ltr'><strong>unius</strong></span> <span class='ocrx_word' id='word_1_74' title='bbox 1574 1054 1699 1093; x_wconf 86' lang='lat' dir='ltr'><strong>aere</strong></span> <span class='ocrx_word' id='word_1_75' title='bbox 1742 1053 1807 1093; x_wconf 89' lang='lat' dir='ltr'><strong>ac</strong></span> <span class='ocrx_word' id='word_1_76' title='bbox 1849 1037 2068 1107; x_wconf 86' lang='lat' dir='ltr'><strong>spiritu,</strong></span> 
     </span>
    </p>
   </div>
   <div class='ocr_carea' id='block_1_13' title="bbox 501 1130 2069 1202">
    <p class='ocr_par' dir='ltr' id='par_1_13' title="bbox 501 1130 2069 1202">
     <span class='ocr_line' id='line_1_13' title="bbox 501 1130 2069 1202; baseline 0.001 -18"><span class='ocrx_word' id='word_1_77' title='bbox 501 1132 651 1202; x_wconf 87' lang='lat' dir='ltr'><strong>ipsas</strong></span> <span class='ocrx_word' id='word_1_78' title='bbox 701 1133 862 1190; x_wconf 87' lang='lat' dir='ltr'><strong>etiam</strong></span> <span class='ocrx_word' id='word_1_79' title='bbox 926 1132 1230 1189; x_wconf 84' lang='lat' dir='ltr'><strong>animantes</strong></span> <span class='ocrx_word' id='word_1_80' title='bbox 1283 1142 1535 1187; x_wconf 90' lang='lat' dir='ltr'><strong>constare</strong></span> <span class='ocrx_word' id='word_1_81' title='bbox 1581 1133 1714 1187; x_wconf 83' lang='lat' dir='ltr'><strong>vult.</strong></span> <span class='ocrx_word' id='word_1_82' title='bbox 1768 1130 1877 1187; x_wconf 85' lang='lat' dir='ltr'><strong>Nec</strong></span> <span class='ocrx_word' id='word_1_83' title='bbox 1924 1132 2069 1186; x_wconf 89' lang='lat' dir='ltr'><strong>enim</strong></span> 
     </span>
    </p>
   </div>
   <div class='ocr_carea' id='block_1_14' title="bbox 500 1223 2067 1294">
    <p class='ocr_par' dir='ltr' id='par_1_14' title="bbox 500 1223 2067 1294">
     <span class='ocr_line' id='line_1_14' title="bbox 500 1223 2067 1294; baseline -0.002 -15"><span class='ocrx_word' id='word_1_84' title='bbox 500 1224 617 1279; x_wconf 86' lang='lat' dir='ltr'><strong>fieri</strong></span> <span class='ocrx_word' id='word_1_85' title='bbox 661 1233 856 1294; x_wconf 85' lang='lat' dir='ltr'><strong>potest,</strong></span> <span class='ocrx_word' id='word_1_86' title='bbox 889 1236 948 1279; x_wconf 90' lang='lat' dir='ltr'><strong>ut</strong></span> <span class='ocrx_word' id='word_1_87' title='bbox 980 1224 1207 1278; x_wconf 83' lang='lat' dir='ltr'><strong>materia</strong></span> <span class='ocrx_word' id='word_1_88' title='bbox 1240 1240 1347 1278; x_wconf 88' lang='lat' dir='ltr'><strong>una</strong></span> <span class='ocrx_word' id='word_1_89' title='bbox 1384 1240 1565 1278; x_wconf 86' lang='lat' dir='ltr'><strong>rerum</strong></span> <span class='ocrx_word' id='word_1_90' title='bbox 1592 1223 1914 1292; x_wconf 92' lang='lat' dir='ltr'><strong>principium</strong></span> <span class='ocrx_word' id='word_1_91' title='bbox 1964 1223 2067 1288; x_wconf 87' lang='lat' dir='ltr'><strong>sit;</strong></span> 
     </span>
    </p>
   </div>
   <div class='ocr_carea' id='block_1_15' title="bbox 500 1314 2072 1385">
    <p class='ocr_par' dir='ltr' id='par_1_15' title="bbox 500 1314 2072 1385">
     <span class='ocr_line' id='line_1_15' title="bbox 500 1314 2072 1385; baseline -0.001 -16"><span class='ocrx_word' id='word_1_92' title='bbox 500 1316 723 1371; x_wconf 86' lang='lat' dir='ltr'><strong>accedat</strong></span> <span class='ocrx_word' id='word_1_93' title='bbox 744 1330 963 1370; x_wconf 88' lang='lat' dir='ltr'><strong>necesse</strong></span> <span class='ocrx_word' id='word_1_94' title='bbox 982 1325 1064 1369; x_wconf 90' lang='lat' dir='ltr'><strong>est</strong></span> <span class='ocrx_word' id='word_1_95' title='bbox 1086 1330 1251 1370; x_wconf 89' lang='lat' dir='ltr'><strong>causa</strong></span> <span class='ocrx_word' id='word_1_96' title='bbox 1283 1314 1540 1370; x_wconf 81' lang='lat' dir='ltr'><strong>efﬁciens.</strong></span> <span class='ocrx_word' id='word_1_97' title='bbox 1568 1316 2072 1385; x_wconf 81' lang='lat' dir='ltr'><strong>Argentum,exein-</strong></span> 
     </span>
    </p>
   </div>
   <div class='ocr_carea' id='block_1_16' title="bbox 501 1405 2069 1478">
    <p class='ocr_par' dir='ltr' id='par_1_16' title="bbox 501 1405 2069 1478">
     <span class='ocr_line' id='line_1_16' title="bbox 501 1405 2069 1478; baseline -0.003 -17"><span class='ocrx_word' id='word_1_98' title='bbox 501 1407 575 1478; x_wconf 93' lang='lat' dir='ltr'><strong>pli</strong></span> <span class='ocrx_word' id='word_1_99' title='bbox 607 1408 799 1477; x_wconf 86' lang='lat' dir='ltr'><strong>gratia,</strong></span> <span class='ocrx_word' id='word_1_100' title='bbox 843 1415 903 1461; x_wconf 92' lang='lat' dir='ltr'><strong>ut</strong></span> <span class='ocrx_word' id='word_1_101' title='bbox 932 1406 1160 1460; x_wconf 80' lang='lat' dir='ltr'><strong>exsistat</strong></span> <span class='ocrx_word' id='word_1_102' title='bbox 1190 1406 1471 1476; x_wconf 88' lang='lat' dir='ltr'><strong>poculum,</strong></span> <span class='ocrx_word' id='word_1_103' title='bbox 1503 1405 1637 1460; x_wconf 90' lang='lat' dir='ltr'><strong>satis</strong></span> <span class='ocrx_word' id='word_1_104' title='bbox 1675 1420 1769 1474; x_wconf 88' lang='lat' dir='ltr'><strong>per</strong></span> <span class='ocrx_word' id='word_1_105' title='bbox 1800 1420 1918 1461; x_wconf 87' lang='lat' dir='ltr'><strong>sese</strong></span> <span class='ocrx_word' id='word_1_106' title='bbox 1963 1422 2069 1459; x_wconf 87' lang='lat' dir='ltr'><strong>non</strong></span> 
     </span>
    </p>
   </div>
   <div class='ocr_carea' id='block_1_17' title="bbox 500 1496 2066 1568">
    <p class='ocr_par' dir='ltr' id='par_1_17' title="bbox 500 1496 2066 1568">
     <span class='ocr_line' id='line_1_17' title="bbox 500 1496 2066 1568; baseline -0.002 -14"><span class='ocrx_word' id='word_1_107' title='bbox 500 1509 621 1563; x_wconf 88' lang='lat' dir='ltr'><strong>est,</strong></span> <span class='ocrx_word' id='word_1_108' title='bbox 683 1499 785 1553; x_wconf 88' lang='lat' dir='ltr'><strong>nisi</strong></span> <span class='ocrx_word' id='word_1_109' title='bbox 839 1496 988 1552; x_wconf 84' lang='lat' dir='ltr'><strong>faber</strong></span> <span class='ocrx_word' id='word_1_110' title='bbox 1045 1500 1388 1568; x_wconf 86' lang='lat' dir='ltr'><strong>argentarius</strong></span> <span class='ocrx_word' id='word_1_111' title='bbox 1445 1498 1665 1552; x_wconf 71' lang='lat' dir='ltr'><strong>eﬁ‘ector</strong></span> <span class='ocrx_word' id='word_1_112' title='bbox 1725 1497 2066 1553; x_wconf 88' lang='lat' dir='ltr'><strong>accesserit:</strong></span> 
     </span>
    </p>
   </div>
   <div class='ocr_carea' id='block_1_18' title="bbox 501 1587 2070 1658">
    <p class='ocr_par' dir='ltr' id='par_1_18' title="bbox 501 1587 2070 1658">
     <span class='ocr_line' id='line_1_18' title="bbox 501 1587 2070 1658; baseline -0.003 -15"><span class='ocrx_word' id='word_1_113' title='bbox 501 1588 752 1658; x_wconf 87' lang='lat' dir='ltr'><strong>idemque</strong></span> <span class='ocrx_word' id='word_1_114' title='bbox 778 1589 843 1641; x_wconf 90' lang='lat' dir='ltr'><strong>de</strong></span> <span class='ocrx_word' id='word_1_115' title='bbox 871 1603 997 1651; x_wconf 69' lang='lat' dir='ltr'><strong>aere,</strong></span> <span class='ocrx_word' id='word_1_116' title='bbox 1025 1587 1207 1657; x_wconf 79' lang='lat' dir='ltr'><strong>lignis,</strong></span> <span class='ocrx_word' id='word_1_117' title='bbox 1237 1596 1541 1657; x_wconf 74' lang='lat' dir='ltr'><strong>cmteraquc</strong></span> <span class='ocrx_word' id='word_1_118' title='bbox 1570 1588 1797 1642; x_wconf 86' lang='lat' dir='ltr'><strong>materia</strong></span> <span class='ocrx_word' id='word_1_119' title='bbox 1827 1597 2070 1642; x_wconf 89' lang='lat' dir='ltr'><strong>statuen-</strong></span> 
     </span>
    </p>
   </div>
   <div class='ocr_carea' id='block_1_19' title="bbox 2170 484 3739 561">
    <p class='ocr_par' dir='ltr' id='par_1_19' title="bbox 2170 484 3739 561">
     <span class='ocr_line' id='line_1_19' title="bbox 2170 484 3739 561; baseline -0.002 -18"><span class='ocrx_word' id='word_1_120' title='bbox 2170 484 2294 543; x_wconf 84' lang='grc' dir='ltr'><strong>Οἷον</strong></span> <span class='ocrx_word' id='word_1_121' title='bbox 2325 492 2357 559; x_wconf 87' lang='grc' dir='ltr'>ἡ</span> <span class='ocrx_word' id='word_1_122' title='bbox 2387 490 2554 561; x_wconf 69' lang='grc' dir='ltr'>ψυχὴ,</span> <span class='ocrx_word' id='word_1_123' title='bbox 2584 491 2766 561; x_wconf 71' lang='grc' dir='ltr'>φησιν,</span> <span class='ocrx_word' id='word_1_124' title='bbox 2808 492 2838 559; x_wconf 77' lang='grc' dir='ltr'>ἠ</span> <span class='ocrx_word' id='word_1_125' title='bbox 2871 488 3131 561; x_wconf 76' lang='grc' dir='ltr'>ἡμετέρα,</span> <span class='ocrx_word' id='word_1_126' title='bbox 3176 490 3283 559; x_wconf 80' lang='grc' dir='ltr'>ἀήρ</span> <span class='ocrx_word' id='word_1_127' title='bbox 3313 490 3427 541; x_wconf 76' lang='grc' dir='ltr'>ἐστι</span> <span class='ocrx_word' id='word_1_128' title='bbox 3451 490 3582 560; x_wconf 83' lang='grc'><strong>(68)’</strong></span> <span class='ocrx_word' id='word_1_129' title='bbox 3617 506 3739 557; x_wconf 83' lang='grc' dir='ltr'>συγ-</span> 
     </span>
    </p>
   </div>
   <div class='ocr_carea' id='block_1_20' title="bbox 2170 579 3740 652">
    <p class='ocr_par' dir='ltr' id='par_1_20' title="bbox 2170 579 3740 652">
     <span class='ocr_line' id='line_1_20' title="bbox 2170 579 3740 652; baseline 0 -19"><span class='ocrx_word' id='word_1_130' title='bbox 2170 584 2361 651; x_wconf 82' lang='grc' dir='ltr'><strong>κρατεῖ</strong></span> <span class='ocrx_word' id='word_1_131' title='bbox 2405 582 2511 652; x_wconf 76' lang='grc' dir='ltr'>γὰρ</span> <span class='ocrx_word' id='word_1_132' title='bbox 2565 582 2731 650; x_wconf 73' lang='grc' dir='ltr'>ἡμᾶς’</span> <span class='ocrx_word' id='word_1_133' title='bbox 2765 581 2859 633; x_wconf 74' lang='grc' dir='ltr'>καὶ</span> <span class='ocrx_word' id='word_1_134' title='bbox 2908 579 3026 632; x_wconf 79' lang='grc' dir='ltr'>ὅλον</span> <span class='ocrx_word' id='word_1_135' title='bbox 3060 579 3115 631; x_wconf 83' lang='grc' dir='ltr'>δὲ</span> <span class='ocrx_word' id='word_1_136' title='bbox 3164 580 3256 631; x_wconf 77' lang='grc' dir='ltr'>τὸν</span> <span class='ocrx_word' id='word_1_137' title='bbox 3297 580 3496 649; x_wconf 82' lang='grc' dir='ltr'><strong>κόσμον</strong></span> <span class='ocrx_word' id='word_1_138' title='bbox 3525 579 3740 650; x_wconf 77' lang='grc' dir='ltr'>πνεῦμα</span> 
     </span>
    </p>
   </div>
   <div class='ocr_carea' id='block_1_21' title="bbox 2170 670 3738 745">
    <p class='ocr_par' dir='ltr' id='par_1_21' title="bbox 2170 670 3738 745">
     <span class='ocr_line' id='line_1_21' title="bbox 2170 670 3738 745; baseline 0.001 -21"><span class='ocrx_word' id='word_1_139' title='bbox 2170 674 2263 726; x_wconf 73' lang='grc' dir='ltr'><strong>καὶ</strong></span> <span class='ocrx_word' id='word_1_140' title='bbox 2294 672 2399 743; x_wconf 79' lang='grc' dir='ltr'><strong>ἀὴρ</strong></span> <span class='ocrx_word' id='word_1_141' title='bbox 2420 673 2755 743; x_wconf 74' lang='grc' dir='ltr'>ἐμπεριέχει.</span> <span class='ocrx_word' id='word_1_142' title='bbox 2790 671 3018 740; x_wconf 79' lang='grc' dir='ltr'><strong>Λέγεται</strong></span> <span class='ocrx_word' id='word_1_143' title='bbox 3056 670 3111 724; x_wconf 81' lang='grc' dir='ltr'>δὲ</span> <span class='ocrx_word' id='word_1_144' title='bbox 3144 672 3470 743; x_wconf 76' lang='grc' dir='ltr'><strong>συνωνύμως</strong></span> <span class='ocrx_word' id='word_1_145' title='bbox 3512 673 3621 745; x_wconf 83' lang='grc' dir='ltr'><strong>ἀὴρ</strong></span> <span class='ocrx_word' id='word_1_146' title='bbox 3650 676 3738 726; x_wconf 69' lang='lat' dir='ltr'><strong>xa‘v</strong></span> 
     </span>
    </p>
   </div>
   <div class='ocr_carea' id='block_1_22' title="bbox 2170 754 3738 835">
    <p class='ocr_par' dir='ltr' id='par_1_22' title="bbox 2170 754 3738 835">
     <span class='ocr_line' id='line_1_22' title="bbox 2170 754 3738 835; baseline 0.001 -20"><span class='ocrx_word' id='word_1_147' title='bbox 2170 763 2403 832; x_wconf 80' lang='grc' dir='ltr'>πνεῦμα.</span> <span class='ocrx_word' id='word_1_148' title='bbox 2458 761 2783 832; x_wconf 85' lang='grc' dir='ltr'>Ἀμαρτάνει</span> <span class='ocrx_word' id='word_1_149' title='bbox 2822 762 2876 815; x_wconf 83' lang='grc' dir='ltr'>δὲ</span> <span class='ocrx_word' id='word_1_150' title='bbox 2911 763 3004 814; x_wconf 77' lang='grc' dir='ltr'>καὶ</span> <span class='ocrx_word' id='word_1_151' title='bbox 3035 754 3209 825; x_wconf 73' lang='grc' dir='ltr'>οὗτος,</span> <span class='ocrx_word' id='word_1_152' title='bbox 3244 762 3302 828; x_wconf 63' lang='lat' dir='ltr'><strong>ea</strong></span> <span class='ocrx_word' id='word_1_153' title='bbox 3332 761 3500 815; x_wconf 78' lang='grc' dir='ltr'>ἀπλοῦ</span> <span class='ocrx_word' id='word_1_154' title='bbox 3524 764 3616 817; x_wconf 76' lang='grc' dir='ltr'>καὶ</span> <span class='ocrx_word' id='word_1_155' title='bbox 3642 782 3738 835; x_wconf 88' lang='grc' dir='ltr'>μο-</span> 
     </span>
    </p>
   </div>
   <div class='ocr_carea' id='block_1_23' title="bbox 2170 849 3741 921">
    <p class='ocr_par' dir='ltr' id='par_1_23' title="bbox 2170 849 3741 921">
     <span class='ocr_line' id='line_1_23' title="bbox 2170 849 3741 921; baseline 0.001 -16"><span class='ocrx_word' id='word_1_156' title='bbox 2170 850 2403 914; x_wconf 80' lang='grc' dir='ltr'>νοειδοῦς</span> <span class='ocrx_word' id='word_1_157' title='bbox 2426 852 2586 921; x_wconf 79' lang='grc' dir='ltr'>ἀέρος</span> <span class='ocrx_word' id='word_1_158' title='bbox 2614 852 2707 904; x_wconf 66' lang='grc' dir='ltr'><strong>καὶ</strong></span> <span class='ocrx_word' id='word_1_159' title='bbox 2739 849 3044 921; x_wconf 85' lang='grc' dir='ltr'>πνεύματος</span> <span class='ocrx_word' id='word_1_160' title='bbox 3072 851 3243 905; x_wconf 81' lang='grc' dir='ltr'>δοκῶν</span> <span class='ocrx_word' id='word_1_161' title='bbox 3302 856 3616 907; x_wconf 76' lang='grc' dir='ltr'><strong>συνιστάναι</strong></span> <span class='ocrx_word' id='word_1_162' title='bbox 3673 856 3741 908; x_wconf 75' lang='grc' dir='ltr'>τὰ</span> 
     </span>
    </p>
   </div>
   <div class='ocr_carea' id='block_1_24' title="bbox 2171 941 3739 1016">
    <p class='ocr_par' dir='ltr' id='par_1_24' title="bbox 2171 941 3739 1016">
     <span class='ocr_line' id='line_1_24' title="bbox 2171 941 3739 1016; baseline 0.003 -23"><span class='ocrx_word' id='word_1_163' title='bbox 2171 941 2304 1006; x_wconf 79' lang='grc' dir='ltr'>ζῶα.</span> <span class='ocrx_word' id='word_1_164' title='bbox 2350 943 2631 996; x_wconf 85' lang='grc' dir='ltr'>Ἀδύνατον</span> <span class='ocrx_word' id='word_1_165' title='bbox 2658 942 2763 1013; x_wconf 83' lang='grc' dir='ltr'><strong>γὰρ</strong></span> <span class='ocrx_word' id='word_1_166' title='bbox 2785 944 2957 1015; x_wconf 77' lang='grc' dir='ltr'>ἀρχὴν</span> <span class='ocrx_word' id='word_1_167' title='bbox 2991 943 3116 1013; x_wconf 76' lang='grc' dir='ltr'>μίαν</span> <span class='ocrx_word' id='word_1_168' title='bbox 3147 944 3242 1015; x_wconf 85' lang='grc' dir='ltr'>τὴν</span> <span class='ocrx_word' id='word_1_169' title='bbox 3291 945 3419 1016; x_wconf 75' lang='grc' dir='ltr'>ὓλην</span> <span class='ocrx_word' id='word_1_170' title='bbox 3444 947 3550 998; x_wconf 78' lang='grc' dir='ltr'>τῶν</span> <span class='ocrx_word' id='word_1_171' title='bbox 3576 947 3739 998; x_wconf 80' lang='grc' dir='ltr'>όντων</span> 
     </span>
    </p>
   </div>
   <div class='ocr_carea' id='block_1_25' title="bbox 2171 1033 3735 1106">
    <p class='ocr_par' dir='ltr' id='par_1_25' title="bbox 2171 1033 3735 1106">
     <span class='ocr_line' id='line_1_25' title="bbox 2171 1033 3735 1106; baseline 0 -20"><span class='ocrx_word' id='word_1_172' title='bbox 2171 1034 2466 1104; x_wconf 78' lang='grc' dir='ltr'><strong>ὑποστῆναι</strong></span> <span class='ocrx_word' id='word_1_173' title='bbox 2502 1034 2633 1103; x_wconf 83' lang='grc'><strong>(69)·</strong></span> <span class='ocrx_word' id='word_1_174' title='bbox 2664 1034 2796 1086; x_wconf 85' lang='grc' dir='ltr'>ἀλλὰ</span> <span class='ocrx_word' id='word_1_175' title='bbox 2828 1034 3005 1087; x_wconf 79' lang='grc' dir='ltr'>καὶτὸ</span> <span class='ocrx_word' id='word_1_176' title='bbox 3037 1033 3221 1086; x_wconf 80' lang='grc' dir='ltr'>ποιοῦν</span> <span class='ocrx_word' id='word_1_177' title='bbox 3254 1037 3423 1088; x_wconf 78' lang='grc' dir='ltr'>αἴτιον</span> <span class='ocrx_word' id='word_1_178' title='bbox 3466 1036 3572 1106; x_wconf 79' lang='grc' dir='ltr'><strong>χρὴ</strong></span> <span class='ocrx_word' id='word_1_179' title='bbox 3598 1035 3735 1087; x_wconf 70' lang='grc' dir='ltr'>τιθέο</span> 
     </span>
    </p>
   </div>
   <div class='ocr_carea' id='block_1_26' title="bbox 2170 1121 3734 1198">
    <p class='ocr_par' dir='ltr' id='par_1_26' title="bbox 2170 1121 3734 1198">
     <span class='ocr_line' id='line_1_26' title="bbox 2170 1121 3734 1198; baseline -0.002 -17"><span class='ocrx_word' id='word_1_180' title='bbox 2170 1144 2278 1181; x_wconf 89' lang='grc' dir='ltr'>ναι.</span> <span class='ocrx_word' id='word_1_181' title='bbox 2305 1121 2429 1181; x_wconf 77' lang='grc' dir='ltr'>οἷον</span> <span class='ocrx_word' id='word_1_182' title='bbox 2451 1127 2549 1179; x_wconf 81' lang='grc' dir='ltr'>οὐκ</span> <span class='ocrx_word' id='word_1_183' title='bbox 2584 1126 2821 1197; x_wconf 84' lang='grc' dir='ltr'>ἄργυρος</span> <span class='ocrx_word' id='word_1_184' title='bbox 2859 1128 3017 1198; x_wconf 86' lang='grc' dir='ltr'>ἀρκεῖ</span> <span class='ocrx_word' id='word_1_185' title='bbox 3062 1125 3196 1197; x_wconf 83' lang='grc' dir='ltr'>πρὸς</span> <span class='ocrx_word' id='word_1_186' title='bbox 3222 1126 3281 1179; x_wconf 83' lang='grc' dir='ltr'>τὸ</span> <span class='ocrx_word' id='word_1_187' title='bbox 3314 1125 3543 1197; x_wconf 78' lang='grc' dir='ltr'>ἔκπωμα</span> <span class='ocrx_word' id='word_1_188' title='bbox 3586 1126 3734 1195; x_wconf 79' lang='grc' dir='ltr'>γενέο</span> 
     </span>
    </p>
   </div>
   <div class='ocr_carea' id='block_1_27' title="bbox 2174 1217 3735 1294">
    <p class='ocr_par' dir='ltr' id='par_1_27' title="bbox 2174 1217 3735 1294">
     <span class='ocr_line' id='line_1_27' title="bbox 2174 1217 3735 1294; baseline 0 -20"><span class='ocrx_word' id='word_1_189' title='bbox 2174 1221 2316 1283; x_wconf 92' lang='grc' dir='ltr'>σθαι,</span> <span class='ocrx_word' id='word_1_190' title='bbox 2349 1222 2441 1275; x_wconf 81' lang='grc' dir='ltr'><strong>ὲάν</strong></span> <span class='ocrx_word' id='word_1_191' title='bbox 2478 1223 2551 1291; x_wconf 81' lang='grc' dir='ltr'>μὴ</span> <span class='ocrx_word' id='word_1_192' title='bbox 2573 1222 2632 1274; x_wconf 78' lang='grc' dir='ltr'>τὸ</span> <span class='ocrx_word' id='word_1_193' title='bbox 2668 1221 2851 1275; x_wconf 77' lang='grc' dir='ltr'>ποιοῦν</span> <span class='ocrx_word' id='word_1_194' title='bbox 2908 1217 2964 1294; x_wconf 78' lang='grc' dir='ltr'><strong>ᾗ,</strong></span> <span class='ocrx_word' id='word_1_195' title='bbox 3011 1220 3151 1274; x_wconf 76' lang='grc' dir='ltr'>τοῦτ’</span> <span class='ocrx_word' id='word_1_196' title='bbox 3187 1220 3332 1274; x_wconf 79' lang='grc' dir='ltr'>ἔστιν</span> <span class='ocrx_word' id='word_1_197' title='bbox 3364 1222 3392 1273; x_wconf 99' lang='lat'><strong>6</strong></span> <span class='ocrx_word' id='word_1_198' title='bbox 3439 1220 3735 1292; x_wconf 78' lang='grc' dir='ltr'>ἀργυροκόο</span> 
     </span>
    </p>
   </div>
   <div class='ocr_carea' id='block_1_28' title="bbox 2172 1308 3737 1383">
    <p class='ocr_par' dir='ltr' id='par_1_28' title="bbox 2172 1308 3737 1383">
     <span class='ocr_line' id='line_1_28' title="bbox 2172 1308 3737 1383; baseline -0.001 -17"><span class='ocrx_word' id='word_1_199' title='bbox 2172 1330 2291 1377; x_wconf 73' lang='grc' dir='ltr'>ποςο</span> <span class='ocrx_word' id='word_1_200' title='bbox 2318 1313 2517 1383; x_wconf 77' lang='grc' dir='ltr'>ὁμοίως</span> <span class='ocrx_word' id='word_1_201' title='bbox 2550 1313 2641 1367; x_wconf 74' lang='grc' dir='ltr'><strong>καὶ</strong></span> <span class='ocrx_word' id='word_1_202' title='bbox 2671 1313 2763 1365; x_wconf 75' lang='grc' dir='ltr'><strong>ἐπὶ</strong></span> <span class='ocrx_word' id='word_1_203' title='bbox 2800 1312 2890 1365; x_wconf 71' lang='grc' dir='ltr'>τοῦ</span> <span class='ocrx_word' id='word_1_204' title='bbox 2916 1308 3136 1382; x_wconf 68' lang='grc' dir='ltr'>χαλκοῦ,</span> <span class='ocrx_word' id='word_1_205' title='bbox 3173 1314 3264 1365; x_wconf 78' lang='grc' dir='ltr'><strong>καὶ</strong></span> <span class='ocrx_word' id='word_1_206' title='bbox 3302 1312 3496 1378; x_wconf 80' lang='grc' dir='ltr'>ξύλων,</span> <span class='ocrx_word' id='word_1_207' title='bbox 3522 1314 3615 1365; x_wconf 68' lang='grc' dir='ltr'><strong>καὶ</strong></span> <span class='ocrx_word' id='word_1_208' title='bbox 3640 1312 3737 1382; x_wconf 82' lang='grc' dir='ltr'><strong>τῆς</strong></span> 
     </span>
    </p>
   </div>
   <div class='ocr_carea' id='block_1_29' title="bbox 2172 1404 3732 1477">
    <p class='ocr_par' dir='ltr' id='par_1_29' title="bbox 2172 1404 3732 1477">
     <span class='ocr_line' id='line_1_29' title="bbox 2172 1404 3732 1477; baseline -0.002 -16"><span class='ocrx_word' id='word_1_209' title='bbox 2172 1407 2336 1476; x_wconf 80' lang='grc' dir='ltr'>ἄλλης</span> <span class='ocrx_word' id='word_1_210' title='bbox 2369 1406 2517 1476; x_wconf 71' lang='grc' dir='ltr'>ὕλης.</span> <span class='ocrx_word' id='word_1_211' title='bbox 2561 1405 2908 1477; x_wconf 77' lang='grc' dir='ltr'>Ἰἰράκλειτος</span> <span class='ocrx_word' id='word_1_212' title='bbox 2941 1406 3050 1474; x_wconf 83' lang='lat'><strong>(70)</strong></span> <span class='ocrx_word' id='word_1_213' title='bbox 3086 1404 3176 1459; x_wconf 69' lang='grc' dir='ltr'>καὶ</span> <span class='ocrx_word' id='word_1_214' title='bbox 3204 1406 3469 1468; x_wconf 82' lang='grc' dir='ltr'>Ἵππασος</span> <span class='ocrx_word' id='word_1_215' title='bbox 3501 1405 3528 1455; x_wconf 93' lang='lat'><strong>6</strong></span> <span class='ocrx_word' id='word_1_216' title='bbox 3555 1406 3732 1459; x_wconf 85' lang='grc' dir='ltr'>Μετα-</span> 
     </span>
    </p>
   </div>
   <div class='ocr_carea' id='block_1_30' title="bbox 2173 1496 3735 1569">
    <p class='ocr_par' dir='ltr' id='par_1_30' title="bbox 2173 1496 3735 1569">
     <span class='ocr_line' id='line_1_30' title="bbox 2173 1496 3735 1569; baseline -0.003 -16"><span class='ocrx_word' id='word_1_217' title='bbox 2173 1504 2435 1562; x_wconf 88' lang='grc' dir='ltr'>ποντῖνος,</span> <span class='ocrx_word' id='word_1_218' title='bbox 2471 1499 2641 1569; x_wconf 79' lang='grc' dir='ltr'>ἀρχὴν</span> <span class='ocrx_word' id='word_1_219' title='bbox 2672 1498 2779 1551; x_wconf 84' lang='grc' dir='ltr'><strong>τῶν</strong></span> <span class='ocrx_word' id='word_1_220' title='bbox 2826 1498 3039 1551; x_wconf 83' lang='grc' dir='ltr'>πάντων</span> <span class='ocrx_word' id='word_1_221' title='bbox 3059 1498 3117 1551; x_wconf 78' lang='grc' dir='ltr'>τὸ</span> <span class='ocrx_word' id='word_1_222' title='bbox 3150 1498 3280 1568; x_wconf 77' lang='grc' dir='ltr'>πῦρ.</span> <span class='ocrx_word' id='word_1_223' title='bbox 3327 1496 3421 1550; x_wconf 84' lang='grc' dir='ltr'>Ἐκ</span> <span class='ocrx_word' id='word_1_224' title='bbox 3446 1496 3538 1549; x_wconf 82' lang='grc' dir='ltr'>τοῦ</span> <span class='ocrx_word' id='word_1_225' title='bbox 3570 1498 3735 1567; x_wconf 75' lang='grc' dir='ltr'>πυρὸς</span> 
     </span>
    </p>
   </div>
   <div class='ocr_carea' id='block_1_31' title="bbox 2171 1588 3734 1664">
    <p class='ocr_par' dir='ltr' id='par_1_31' title="bbox 2171 1588 3734 1664">
     <span class='ocr_line' id='line_1_31' title="bbox 2171 1588 3734 1664; baseline -0.004 -19"><span class='ocrx_word' id='word_1_226' title='bbox 2171 1593 2279 1664; x_wconf 89' lang='grc' dir='ltr'><strong>γάρ</strong></span> <span class='ocrx_word' id='word_1_227' title='bbox 2311 1591 2379 1644; x_wconf 75' lang='grc' dir='ltr'>τὰ</span> <span class='ocrx_word' id='word_1_228' title='bbox 2411 1590 2585 1644; x_wconf 82' lang='grc' dir='ltr'>πάντα</span> <span class='ocrx_word' id='word_1_229' title='bbox 2606 1589 2847 1659; x_wconf 89' lang='grc' dir='ltr'>γίνεσθαι</span> <span class='ocrx_word' id='word_1_230' title='bbox 2899 1591 2992 1642; x_wconf 72' lang='grc' dir='ltr'><strong>καὶ</strong></span> <span class='ocrx_word' id='word_1_231' title='bbox 3018 1592 3095 1652; x_wconf 77' lang='grc' dir='ltr'><strong>εἰς</strong></span> <span class='ocrx_word' id='word_1_232' title='bbox 3126 1588 3234 1659; x_wconf 76' lang='grc' dir='ltr'>πῦρ</span> <span class='ocrx_word' id='word_1_233' title='bbox 3280 1588 3455 1641; x_wconf 78' lang='grc' dir='ltr'>πάντα</span> <span class='ocrx_word' id='word_1_234' title='bbox 3485 1589 3734 1658; x_wconf 78' lang='grc' dir='ltr'>τελευτᾷν</span> 
     </span>
    </p>
   </div>
   <div class='ocr_carea' id='block_1_32' title="bbox 499 1678 2057 1753">
    <p class='ocr_par' dir='ltr' id='par_1_32' title="bbox 499 1678 2057 1751">
     <span class='ocr_line' id='line_1_32' title="bbox 499 1678 2057 1751; baseline 0.001 -16"><span class='ocrx_word' id='word_1_235' title='bbox 499 1680 649 1735; x_wconf 91' lang='lat' dir='ltr'><strong>dum.</strong></span> <span class='ocrx_word' id='word_1_236' title='bbox 698 1678 1007 1734; x_wconf 79' lang='lat' dir='ltr'><strong>Heraclitus</strong></span> <span class='ocrx_word' id='word_1_237' title='bbox 1041 1691 1095 1735; x_wconf 80' lang='lat' dir='ltr'><strong>et</strong></span> <span class='ocrx_word' id='word_1_238' title='bbox 1140 1680 1410 1750; x_wconf 81' lang='lat' dir='ltr'><strong>Hippasus</strong></span> <span class='ocrx_word' id='word_1_239' title='bbox 1466 1680 1886 1751; x_wconf 82' lang='lat' dir='ltr'><strong>Metapontinus,</strong></span> <span class='ocrx_word' id='word_1_240' title='bbox 1924 1681 2057 1737; x_wconf 81' lang='lat' dir='ltr'><strong>hunt</strong></span> 
     </span>
    </p>
   </div>
   <div class='ocr_carea' id='block_1_33' title="bbox 2156 1678 3732 1753">
    <p class='ocr_par' dir='ltr' id='par_1_33' title="bbox 2172 1679 3732 1753">
     <span class='ocr_line' id='line_1_33' title="bbox 2172 1679 3732 1753; baseline -0.003 -17"><span class='ocrx_word' id='word_1_241' title='bbox 2172 1684 2407 1753; x_wconf 87' lang='grc' dir='ltr'>λέγουσι·</span> <span class='ocrx_word' id='word_1_242' title='bbox 2438 1682 2623 1734; x_wconf 85' lang='grc' dir='ltr'>τούτου</span> <span class='ocrx_word' id='word_1_243' title='bbox 2645 1681 2699 1733; x_wconf 83' lang='grc' dir='ltr'>δὲ</span> <span class='ocrx_word' id='word_1_244' title='bbox 2740 1680 3258 1751; x_wconf 74' lang='grc' dir='ltr'>κατασϐεννυμένου,</span> <span class='ocrx_word' id='word_1_245' title='bbox 3295 1679 3732 1750; x_wconf 80' lang='grc' dir='ltr'>κοσμοποιεῖσθαι</span> 
     </span>
    </p>
   </div>
   <div class='ocr_carea' id='block_1_34' title="bbox 500 1768 2061 1842">
    <p class='ocr_par' dir='ltr' id='par_1_34' title="bbox 500 1768 2061 1842">
     <span class='ocr_line' id='line_1_34' title="bbox 500 1768 2061 1842; baseline -0.001 -17"><span class='ocrx_word' id='word_1_246' title='bbox 500 1772 607 1842; x_wconf 84' lang='lat' dir='ltr'><strong>igni</strong></span> <span class='ocrx_word' id='word_1_247' title='bbox 655 1771 1016 1841; x_wconf 88' lang='lat' dir='ltr'><strong>principatum</strong></span> <span class='ocrx_word' id='word_1_248' title='bbox 1071 1772 1394 1826; x_wconf 86' lang='lat' dir='ltr'><strong>attribuunt.</strong></span> <span class='ocrx_word' id='word_1_249' title='bbox 1446 1768 1581 1824; x_wconf 87' lang='lat' dir='ltr'><strong>Nam</strong></span> <span class='ocrx_word' id='word_1_250' title='bbox 1631 1787 1695 1825; x_wconf 81' lang='lat' dir='ltr'><strong>ex</strong></span> <span class='ocrx_word' id='word_1_251' title='bbox 1746 1771 1867 1839; x_wconf 82' lang='lat' dir='ltr'><strong>igne</strong></span> <span class='ocrx_word' id='word_1_252' title='bbox 1931 1772 2061 1825; x_wconf 90' lang='lat' dir='ltr'><strong>oriri</strong></span> 
     </span>
    </p>
   </div>
   <div class='ocr_carea' id='block_1_35' title="bbox 499 1863 2061 1933">
    <p class='ocr_par' dir='ltr' id='par_1_35' title="bbox 499 1863 2061 1933">
     <span class='ocr_line' id='line_1_35' title="bbox 499 1863 2061 1933; baseline 0 -16"><span class='ocrx_word' id='word_1_253' title='bbox 499 1864 713 1928; x_wconf 88' lang='lat' dir='ltr'><strong>omnia,</strong></span> <span class='ocrx_word' id='word_1_254' title='bbox 762 1874 816 1918; x_wconf 89' lang='lat' dir='ltr'><strong>et</strong></span> <span class='ocrx_word' id='word_1_255' title='bbox 862 1866 914 1918; x_wconf 91' lang='lat' dir='ltr'><strong>in</strong></span> <span class='ocrx_word' id='word_1_256' title='bbox 965 1865 1143 1933; x_wconf 81' lang='lat' dir='ltr'><strong>ignem</strong></span> <span class='ocrx_word' id='word_1_257' title='bbox 1178 1864 1359 1918; x_wconf 89' lang='lat' dir='ltr'><strong>omnia</strong></span> <span class='ocrx_word' id='word_1_258' title='bbox 1409 1863 1659 1919; x_wconf 87' lang='lat' dir='ltr'><strong>desinere</strong></span> <span class='ocrx_word' id='word_1_259' title='bbox 1713 1864 2061 1919; x_wconf 85' lang='lat' dir='ltr'><strong>confirmant.</strong></span> 
     </span>
    </p>
   </div>
   <div class='ocr_carea' id='block_1_36' title="bbox 501 1951 2062 2027">
    <p class='ocr_par' dir='ltr' id='par_1_36' title="bbox 501 1951 2062 2027">
     <span class='ocr_line' id='line_1_36' title="bbox 501 1951 2062 2027; baseline 0 -17"><span class='ocrx_word' id='word_1_260' title='bbox 501 1951 664 2024; x_wconf 72' lang='grc'><strong>749</strong></span> <span class='ocrx_word' id='word_1_261' title='bbox 679 1954 892 2025; x_wconf 81' lang='lat' dir='ltr'><strong>Quippe</strong></span> <span class='ocrx_word' id='word_1_262' title='bbox 922 1955 1049 2010; x_wconf 92' lang='lat' dir='ltr'><strong>dum</strong></span> <span class='ocrx_word' id='word_1_263' title='bbox 1073 1958 1461 2027; x_wconf 79' lang='lat' dir='ltr'><strong>exstinguitur,</strong></span> <span class='ocrx_word' id='word_1_264' title='bbox 1500 1966 1679 2026; x_wconf 88' lang='lat' dir='ltr'><strong>partes</strong></span> <span class='ocrx_word' id='word_1_265' title='bbox 1710 1956 1833 2011; x_wconf 79' lang='lat' dir='ltr'><strong>inde</strong></span> <span class='ocrx_word' id='word_1_266' title='bbox 1877 1957 2062 2011; x_wconf 91' lang='lat' dir='ltr'><strong>mundi</strong></span> 
     </span>
    </p>
   </div>
   <div class='ocr_carea' id='block_1_37' title="bbox 501 2044 2065 2117">
    <p class='ocr_par' dir='ltr' id='par_1_37' title="bbox 501 2044 2065 2117">
     <span class='ocr_line' id='line_1_37' title="bbox 501 2044 2065 2117; baseline 0.004 -20"><span class='ocrx_word' id='word_1_267' title='bbox 501 2058 691 2099; x_wconf 91' lang='lat' dir='ltr'><strong>omnes</strong></span> <span class='ocrx_word' id='word_1_268' title='bbox 720 2046 1006 2100; x_wconf 81' lang='lat' dir='ltr'><strong>exsistere.</strong></span> <span class='ocrx_word' id='word_1_269' title='bbox 1038 2044 1280 2100; x_wconf 89' lang='lat' dir='ltr'><strong>Primum</strong></span> <span class='ocrx_word' id='word_1_270' title='bbox 1312 2046 1455 2101; x_wconf 89' lang='lat' dir='ltr'><strong>enim</strong></span> <span class='ocrx_word' id='word_1_271' title='bbox 1489 2048 1636 2117; x_wconf 90' lang='lat' dir='ltr'><strong>quod</strong></span> <span class='ocrx_word' id='word_1_272' title='bbox 1667 2048 1719 2104; x_wconf 94' lang='lat' dir='ltr'><strong>in</strong></span> <span class='ocrx_word' id='word_1_273' title='bbox 1744 2063 1811 2103; x_wconf 85' lang='lat' dir='ltr'><strong>eo</strong></span> <span class='ocrx_word' id='word_1_274' title='bbox 1842 2049 2065 2105; x_wconf 88' lang='lat' dir='ltr'><strong>crassis-</strong></span> 
     </span>
    </p>
   </div>
   <div class='ocr_carea' id='block_1_38' title="bbox 498 2134 2065 2206">
    <p class='ocr_par' dir='ltr' id='par_1_38' title="bbox 498 2134 2065 2206">
     <span class='ocr_line' id='line_1_38' title="bbox 498 2134 2065 2206; baseline 0.003 -16"><span class='ocrx_word' id='word_1_275' title='bbox 498 2134 699 2190; x_wconf 88' lang='lat' dir='ltr'><strong>simum</strong></span> <span class='ocrx_word' id='word_1_276' title='bbox 731 2144 833 2203; x_wconf 88' lang='lat' dir='ltr'><strong>est,</strong></span> <span class='ocrx_word' id='word_1_277' title='bbox 867 2152 1243 2206; x_wconf 88' lang='lat' dir='ltr'><strong>compressum</strong></span> <span class='ocrx_word' id='word_1_278' title='bbox 1284 2147 1337 2193; x_wconf 93' lang='lat' dir='ltr'><strong>et</strong></span> <span class='ocrx_word' id='word_1_279' title='bbox 1384 2138 1667 2195; x_wconf 88' lang='lat' dir='ltr'><strong>collectum</strong></span> <span class='ocrx_word' id='word_1_280' title='bbox 1699 2140 1752 2194; x_wconf 93' lang='lat' dir='ltr'><strong>in</strong></span> <span class='ocrx_word' id='word_1_281' title='bbox 1783 2154 1923 2204; x_wconf 86' lang='lat' dir='ltr'><strong>sese,</strong></span> <span class='ocrx_word' id='word_1_282' title='bbox 1956 2150 2065 2199; x_wconf 82' lang='lat' dir='ltr'><strong>ter-</strong></span> 
     </span>
    </p>
   </div>
   <div class='ocr_carea' id='block_1_39' title="bbox 498 2224 2061 2300">
    <p class='ocr_par' dir='ltr' id='par_1_39' title="bbox 498 2224 2061 2300">
     <span class='ocr_line' id='line_1_39' title="bbox 498 2224 2061 2300; baseline 0.005 -21"><span class='ocrx_word' id='word_1_283' title='bbox 498 2240 615 2279; x_wconf 90' lang='lat' dir='ltr'><strong>ram</strong></span> <span class='ocrx_word' id='word_1_284' title='bbox 647 2224 762 2281; x_wconf 89' lang='lat' dir='ltr'><strong>ﬁeri</strong></span> <span class='ocrx_word' id='word_1_285' title='bbox 790 2243 805 2293; x_wconf 91' lang='lat'><strong>;</strong></span> <span class='ocrx_word' id='word_1_286' title='bbox 837 2227 1034 2282; x_wconf 90' lang='lat' dir='ltr'><strong>deinde</strong></span> <span class='ocrx_word' id='word_1_287' title='bbox 1064 2238 1286 2294; x_wconf 88' lang='lat' dir='ltr'><strong>terram,</strong></span> <span class='ocrx_word' id='word_1_288' title='bbox 1316 2245 1441 2285; x_wconf 93' lang='lat' dir='ltr'><strong>cum</strong></span> <span class='ocrx_word' id='word_1_289' title='bbox 1472 2231 1613 2300; x_wconf 90' lang='lat' dir='ltr'><strong>ignis</strong></span> <span class='ocrx_word' id='word_1_290' title='bbox 1643 2232 1695 2286; x_wconf 82' lang='lat' dir='ltr'><strong>vi</strong></span> <span class='ocrx_word' id='word_1_291' title='bbox 1727 2231 1977 2300; x_wconf 71' lang='lat' dir='ltr'><strong>solvatur,</strong></span> <span class='ocrx_word' id='word_1_292' title='bbox 2008 2232 2061 2287; x_wconf 92' lang='lat' dir='ltr'><strong>in</strong></span> 
     </span>
    </p>
   </div>
   <div class='ocr_carea' id='block_1_40' title="bbox 496 2319 2064 2394">
    <p class='ocr_par' dir='ltr' id='par_1_40' title="bbox 496 2319 2064 2394">
     <span class='ocr_line' id='line_1_40' title="bbox 496 2319 2064 2394; baseline 0.006 -21"><span class='ocrx_word' id='word_1_293' title='bbox 496 2332 696 2391; x_wconf 90' lang='lat' dir='ltr'><strong>aquam</strong></span> <span class='ocrx_word' id='word_1_294' title='bbox 748 2319 1005 2376; x_wconf 86' lang='lat' dir='ltr'><strong>eﬁluere:</strong></span> <span class='ocrx_word' id='word_1_295' title='bbox 1043 2321 1186 2392; x_wconf 90' lang='lat' dir='ltr'><strong>quod</strong></span> <span class='ocrx_word' id='word_1_296' title='bbox 1216 2332 1396 2378; x_wconf 90' lang='lat' dir='ltr'><strong>autem</strong></span> <span class='ocrx_word' id='word_1_297' title='bbox 1427 2325 1687 2394; x_wconf 81' lang='lat' dir='ltr'><strong>exspirat,</strong></span> <span class='ocrx_word' id='word_1_298' title='bbox 1718 2326 1868 2381; x_wconf 85' lang='lat' dir='ltr'><strong>abire</strong></span> <span class='ocrx_word' id='word_1_299' title='bbox 1888 2326 1943 2383; x_wconf 82' lang='lat' dir='ltr'><strong>la</strong></span> <span class='ocrx_word' id='word_1_300' title='bbox 1974 2342 2064 2383; x_wconf 87' lang='lat' dir='ltr'><strong>ae-</strong></span> 
     </span>
    </p>
   </div>
   <div class='ocr_carea' id='block_1_41' title="bbox 497 2415 2060 2487">
    <p class='ocr_par' dir='ltr' id='par_1_41' title="bbox 497 2415 2060 2487">
     <span class='ocr_line' id='line_1_41' title="bbox 497 2415 2060 2487; baseline 0.005 -21"><span class='ocrx_word' id='word_1_301' title='bbox 497 2426 651 2467; x_wconf 83' lang='lat' dir='ltr'><strong>rem:</strong></span> <span class='ocrx_word' id='word_1_302' title='bbox 687 2427 881 2468; x_wconf 84' lang='lat' dir='ltr'><strong>rursus</strong></span> <span class='ocrx_word' id='word_1_303' title='bbox 922 2428 1052 2468; x_wconf 84' lang='lat' dir='ltr'><strong>vero</strong></span> <span class='ocrx_word' id='word_1_304' title='bbox 1081 2415 1343 2469; x_wconf 91' lang='lat' dir='ltr'><strong>mundum</strong></span> <span class='ocrx_word' id='word_1_305' title='bbox 1393 2431 1730 2487; x_wconf 85' lang='lat' dir='ltr'><strong>corporaque</strong></span> <span class='ocrx_word' id='word_1_306' title='bbox 1779 2418 1963 2475; x_wconf 87' lang='lat' dir='ltr'><strong>omnia</strong></span> <span class='ocrx_word' id='word_1_307' title='bbox 2007 2419 2060 2476; x_wconf 90' lang='lat' dir='ltr'><strong>in</strong></span> 
     </span>
    </p>
   </div>
   <div class='ocr_carea' id='block_1_42' title="bbox 491 2503 2063 2583">
    <p class='ocr_par' dir='ltr' id='par_1_42' title="bbox 491 2503 2063 2583">
     <span class='ocr_line' id='line_1_42' title="bbox 491 2503 2063 2583; baseline 0.006 -24"><span class='ocrx_word' id='word_1_308' title='bbox 491 2503 960 2576; x_wconf 79' lang='lat' dir='ltr'><strong>conﬂagratione,</strong></span> <span class='ocrx_word' id='word_1_309' title='bbox 1018 2506 1159 2578; x_wconf 85' lang='lat' dir='ltr'><strong>ignis</strong></span> <span class='ocrx_word' id='word_1_310' title='bbox 1217 2509 1411 2563; x_wconf 87' lang='lat' dir='ltr'><strong>ardore</strong></span> <span class='ocrx_word' id='word_1_311' title='bbox 1462 2510 1852 2566; x_wconf 87' lang='lat' dir='ltr'><strong>consumenda.</strong></span> <span class='ocrx_word' id='word_1_312' title='bbox 1918 2511 2063 2583; x_wconf 85' lang='lat' dir='ltr'><strong>Ignis</strong></span> 
     </span>
    </p>
   </div>
   <div class='ocr_carea' id='block_1_43' title="bbox 491 2595 2063 2676">
    <p class='ocr_par' dir='ltr' id='par_1_43' title="bbox 491 2595 2063 2676">
     <span class='ocr_line' id='line_1_43' title="bbox 491 2595 2063 2676; baseline 0.009 -26"><span class='ocrx_word' id='word_1_313' title='bbox 491 2595 662 2669; x_wconf 83' lang='lat' dir='ltr'><strong>igitur</strong></span> <span class='ocrx_word' id='word_1_314' title='bbox 710 2610 764 2655; x_wconf 90' lang='lat' dir='ltr'><strong>et</strong></span> <span class='ocrx_word' id='word_1_315' title='bbox 810 2602 1135 2671; x_wconf 88' lang='lat' dir='ltr'><strong>principium</strong></span> <span class='ocrx_word' id='word_1_316' title='bbox 1191 2612 1311 2667; x_wconf 86' lang='lat' dir='ltr'><strong>est,</strong></span> <span class='ocrx_word' id='word_1_317' title='bbox 1355 2604 1499 2673; x_wconf 89' lang='lat' dir='ltr'><strong>quod</strong></span> <span class='ocrx_word' id='word_1_318' title='bbox 1556 2620 1622 2661; x_wconf 78' lang='lat' dir='ltr'><strong>ex</strong></span> <span class='ocrx_word' id='word_1_319' title='bbox 1678 2620 1744 2662; x_wconf 86' lang='lat' dir='ltr'><strong>eo</strong></span> <span class='ocrx_word' id='word_1_320' title='bbox 1800 2607 2063 2676; x_wconf 85' lang='lat' dir='ltr'><strong>prodeant</strong></span> 
     </span>
    </p>
   </div>
   <div class='ocr_carea' id='block_1_44' title="bbox 496 2690 2063 2763">
    <p class='ocr_par' dir='ltr' id='par_1_44' title="bbox 496 2690 2063 2763">
     <span class='ocr_line' id='line_1_44' title="bbox 496 2690 2063 2763; baseline 0.009 -21"><span class='ocrx_word' id='word_1_321' title='bbox 496 2690 703 2753; x_wconf 85' lang='lat' dir='ltr'><strong>omnia.</strong></span> <span class='ocrx_word' id='word_1_322' title='bbox 739 2702 794 2747; x_wconf 90' lang='lat' dir='ltr'><strong>et</strong></span> <span class='ocrx_word' id='word_1_323' title='bbox 821 2691 964 2757; x_wconf 85' lang='lat' dir='ltr'><strong>ﬁnis,</strong></span> <span class='ocrx_word' id='word_1_324' title='bbox 998 2693 1143 2763; x_wconf 88' lang='lat' dir='ltr'><strong>quod</strong></span> <span class='ocrx_word' id='word_1_325' title='bbox 1176 2693 1227 2747; x_wconf 91' lang='lat' dir='ltr'><strong>in</strong></span> <span class='ocrx_word' id='word_1_326' title='bbox 1256 2696 1506 2753; x_wconf 89' lang='lat' dir='ltr'><strong>eumdem</strong></span> <span class='ocrx_word' id='word_1_327' title='bbox 1543 2698 1727 2753; x_wconf 88' lang='lat' dir='ltr'><strong>omnia</strong></span> <span class='ocrx_word' id='word_1_328' title='bbox 1756 2698 2063 2757; x_wconf 85' lang='lat' dir='ltr'><strong>dissolvan-</strong></span> 
     </span>
    </p>
   </div>
   <div class='ocr_carea' id='block_1_45' title="bbox 496 2779 2060 2859">
    <p class='ocr_par' dir='ltr' id='par_1_45' title="bbox 496 2779 2060 2859">
     <span class='ocr_line' id='line_1_45' title="bbox 496 2779 2060 2859; baseline 0.008 -26"><span class='ocrx_word' id='word_1_329' title='bbox 496 2788 605 2834; x_wconf 89' lang='lat' dir='ltr'><strong>tur.</strong></span> <span class='ocrx_word' id='word_1_330' title='bbox 662 2779 1019 2848; x_wconf 81' lang='lat' dir='ltr'><strong>Democritus,</strong></span> <span class='ocrx_word' id='word_1_331' title='bbox 1067 2798 1227 2853; x_wconf 84' lang='lat' dir='ltr'><strong>quem</strong></span> <span class='ocrx_word' id='word_1_332' title='bbox 1276 2784 1541 2855; x_wconf 85' lang='lat' dir='ltr'><strong>Epicurus</strong></span> <span class='ocrx_word' id='word_1_333' title='bbox 1594 2786 1754 2858; x_wconf 90' lang='lat' dir='ltr'><strong>longo</strong></span> <span class='ocrx_word' id='word_1_334' title='bbox 1805 2789 2060 2859; x_wconf 82' lang='lat' dir='ltr'><strong>deinceps</strong></span> 
     </span>
    </p>
   </div>
   <div class='ocr_carea' id='block_1_46' title="bbox 494 2870 2061 2947">
    <p class='ocr_par' dir='ltr' id='par_1_46' title="bbox 494 2870 2061 2947">
     <span class='ocr_line' id='line_1_46' title="bbox 494 2870 2061 2947; baseline 0.008 -24"><span class='ocrx_word' id='word_1_335' title='bbox 494 2870 778 2925; x_wconf 79' lang='lat' dir='ltr'><strong>intervallo</strong></span> <span class='ocrx_word' id='word_1_336' title='bbox 836 2882 1056 2929; x_wconf 68' lang='lat' dir='ltr'><strong>secutus</strong></span> <span class='ocrx_word' id='word_1_337' title='bbox 1103 2882 1214 2938; x_wconf 90' lang='lat' dir='ltr'><strong>est,</strong></span> <span class='ocrx_word' id='word_1_338' title='bbox 1254 2890 1433 2930; x_wconf 90' lang='lat' dir='ltr'><strong>rerum</strong></span> <span class='ocrx_word' id='word_1_339' title='bbox 1483 2876 1745 2947; x_wconf 87' lang='lat' dir='ltr'><strong>principia</strong></span> <span class='ocrx_word' id='word_1_340' title='bbox 1790 2878 2061 2935; x_wconf 81' lang='lat' dir='ltr'><strong>statuebat</strong></span> 
     </span>
    </p>
   </div>
   <div class='ocr_carea' id='block_1_47' title="bbox 494 2962 2056 3040">
    <p class='ocr_par' dir='ltr' id='par_1_47' title="bbox 494 2962 2056 3040">
     <span class='ocr_line' id='line_1_47' title="bbox 494 2962 2056 3040; baseline 0.006 -25"><span class='ocrx_word' id='word_1_341' title='bbox 494 2976 724 3033; x_wconf 88' lang='lat' dir='ltr'><strong>corpora</strong></span> <span class='ocrx_word' id='word_1_342' title='bbox 758 2962 1006 3033; x_wconf 73' lang='lat' dir='ltr'><strong>quaedam</strong></span> <span class='ocrx_word' id='word_1_343' title='bbox 1061 2964 1358 3028; x_wconf 87' lang='lat' dir='ltr'><strong>individua,</strong></span> <span class='ocrx_word' id='word_1_344' title='bbox 1386 2983 1508 3037; x_wconf 68' lang='lat' dir='ltr'><strong>qua:</strong></span> <span class='ocrx_word' id='word_1_345' title='bbox 1542 2969 1750 3024; x_wconf 89' lang='lat' dir='ltr'><strong>ratione</strong></span> <span class='ocrx_word' id='word_1_346' title='bbox 1796 2986 2056 3040; x_wconf 89' lang='lat' dir='ltr'><strong>caperen-</strong></span> 
     </span>
    </p>
   </div>
   <div class='ocr_carea' id='block_1_48' title="bbox 2175 1771 3734 1844">
    <p class='ocr_par' dir='ltr' id='par_1_48' title="bbox 2175 1771 3734 1844">
     <span class='ocr_line' id='line_1_48' title="bbox 2175 1771 3734 1844; baseline -0.002 -18"><span class='ocrx_word' id='word_1_347' title='bbox 2175 1776 2241 1828; x_wconf 81' lang='grc' dir='ltr'>τὰ</span> <span class='ocrx_word' id='word_1_348' title='bbox 2267 1774 2457 1827; x_wconf 81' lang='grc' dir='ltr'>πάντα.</span> <span class='ocrx_word' id='word_1_349' title='bbox 2487 1774 2706 1842; x_wconf 82' lang='grc' dir='ltr'>Πρῶτον</span> <span class='ocrx_word' id='word_1_350' title='bbox 2740 1773 2836 1844; x_wconf 82' lang='grc' dir='ltr'><strong>μὲν</strong></span> <span class='ocrx_word' id='word_1_351' title='bbox 2857 1772 2963 1843; x_wconf 81' lang='grc' dir='ltr'><strong>γὰρ</strong></span> <span class='ocrx_word' id='word_1_352' title='bbox 2992 1771 3051 1823; x_wconf 82' lang='grc' dir='ltr'>τὸ</span> <span class='ocrx_word' id='word_1_353' title='bbox 3076 1772 3551 1842; x_wconf 81' lang='grc' dir='ltr'>παχυμερέστατον</span> <span class='ocrx_word' id='word_1_354' title='bbox 3575 1771 3734 1824; x_wconf 79' lang='grc' dir='ltr'>αὐτοῦ</span> 
     </span>
    </p>
   </div>
   <div class='ocr_carea' id='block_1_49' title="bbox 2166 1863 3733 1935">
    <p class='ocr_par' dir='ltr' id='par_1_49' title="bbox 2166 1863 3733 1935">
     <span class='ocr_line' id='line_1_49' title="bbox 2166 1863 3733 1935; baseline -0.002 -15"><span class='ocrx_word' id='word_1_355' title='bbox 2166 1868 2245 1931; x_wconf 81' lang='grc' dir='ltr'>εἰς</span> <span class='ocrx_word' id='word_1_356' title='bbox 2268 1867 2396 1920; x_wconf 75' lang='grc' dir='ltr'>αὐτὸ</span> <span class='ocrx_word' id='word_1_357' title='bbox 2427 1865 2838 1935; x_wconf 75' lang='grc' dir='ltr'>συστελλόμενον</span> <span class='ocrx_word' id='word_1_358' title='bbox 2871 1865 2939 1934; x_wconf 88' lang='grc' dir='ltr'><strong>γῆ</strong></span> <span class='ocrx_word' id='word_1_359' title='bbox 2962 1864 3204 1932; x_wconf 79' lang='grc' dir='ltr'>γίγνεται</span> <span class='ocrx_word' id='word_1_360' title='bbox 3229 1864 3361 1935; x_wconf 71' lang='grc'>(71)·</span> <span class='ocrx_word' id='word_1_361' title='bbox 3396 1863 3583 1917; x_wconf 73' lang='grc' dir='ltr'>ἔπειτα</span> <span class='ocrx_word' id='word_1_362' title='bbox 3612 1866 3733 1918; x_wconf 73' lang='grc' dir='ltr'>ἀνασ</span> 
     </span>
    </p>
   </div>
   <div class='ocr_carea' id='block_1_50' title="bbox 2165 1955 3731 2032">
    <p class='ocr_par' dir='ltr' id='par_1_50' title="bbox 2165 1955 3731 2032">
     <span class='ocr_line' id='line_1_50' title="bbox 2165 1955 3731 2032; baseline -0.004 -17"><span class='ocrx_word' id='word_1_363' title='bbox 2165 1959 2482 2032; x_wconf 82' lang='grc' dir='ltr'>χαλωμένην</span> <span class='ocrx_word' id='word_1_364' title='bbox 2520 1958 2615 2028; x_wconf 78' lang='grc' dir='ltr'>τὴν</span> <span class='ocrx_word' id='word_1_365' title='bbox 2636 1958 2736 2027; x_wconf 85' lang='grc' dir='ltr'><strong>γῆν</strong></span> <span class='ocrx_word' id='word_1_366' title='bbox 2768 1957 2870 2010; x_wconf 71' lang='grc' dir='ltr'>ὑπὸ</span> <span class='ocrx_word' id='word_1_367' title='bbox 2906 1956 2996 2009; x_wconf 75' lang='grc' dir='ltr'>τοῦ</span> <span class='ocrx_word' id='word_1_368' title='bbox 3023 1955 3191 2026; x_wconf 86' lang='grc' dir='ltr'>πυρὸς</span> <span class='ocrx_word' id='word_1_369' title='bbox 3229 1955 3408 2023; x_wconf 80' lang='grc' dir='ltr'>φύσει,</span> <span class='ocrx_word' id='word_1_370' title='bbox 3436 1955 3578 2025; x_wconf 77' lang='grc' dir='ltr'>ὕδωρ</span> <span class='ocrx_word' id='word_1_371' title='bbox 3607 1957 3731 2009; x_wconf 86' lang='grc' dir='ltr'>ἀπο-</span> 
     </span>
    </p>
   </div>
   <div class='ocr_carea' id='block_1_51' title="bbox 2164 2048 3731 2122">
    <p class='ocr_par' dir='ltr' id='par_1_51' title="bbox 2164 2048 3731 2122">
     <span class='ocr_line' id='line_1_51' title="bbox 2164 2048 3731 2122; baseline -0.004 -16"><span class='ocrx_word' id='word_1_372' title='bbox 2164 2052 2450 2106; x_wconf 87' lang='grc' dir='ltr'>τελεῖσθαι·</span> <span class='ocrx_word' id='word_1_373' title='bbox 2481 2050 2923 2122; x_wconf 74' lang='grc' dir='ltr'>ἀναθυμιώμενον</span> <span class='ocrx_word' id='word_1_374' title='bbox 2950 2049 3007 2101; x_wconf 79' lang='grc' dir='ltr'>δὲ</span> <span class='ocrx_word' id='word_1_375' title='bbox 3036 2048 3171 2119; x_wconf 85' lang='grc' dir='ltr'>ἀέρα</span> <span class='ocrx_word' id='word_1_376' title='bbox 3199 2048 3461 2117; x_wconf 81' lang='grc' dir='ltr'>γίνεσθαι.</span> <span class='ocrx_word' id='word_1_377' title='bbox 3486 2048 3653 2102; x_wconf 85' lang='grc' dir='ltr'>Πάλιν</span> <span class='ocrx_word' id='word_1_378' title='bbox 3680 2048 3731 2101; x_wconf 80' lang='grc' dir='ltr'>δὲ</span> 
     </span>
    </p>
   </div>
   <div class='ocr_carea' id='block_1_52' title="bbox 2164 2135 3729 2211">
    <p class='ocr_par' dir='ltr' id='par_1_52' title="bbox 2164 2135 3729 2211">
     <span class='ocr_line' id='line_1_52' title="bbox 2164 2135 3729 2211; baseline -0.003 -17"><span class='ocrx_word' id='word_1_379' title='bbox 2164 2142 2252 2194; x_wconf 73' lang='grc' dir='ltr'>τὸν</span> <span class='ocrx_word' id='word_1_380' title='bbox 2285 2141 2487 2211; x_wconf 86' lang='grc' dir='ltr'>κόσμον</span> <span class='ocrx_word' id='word_1_381' title='bbox 2513 2139 2607 2194; x_wconf 73' lang='grc' dir='ltr'>καὶ</span> <span class='ocrx_word' id='word_1_382' title='bbox 2643 2140 2819 2193; x_wconf 83' lang='grc' dir='ltr'>πάντα</span> <span class='ocrx_word' id='word_1_383' title='bbox 2841 2137 2909 2190; x_wconf 87' lang='grc' dir='ltr'><strong>τά</strong></span> <span class='ocrx_word' id='word_1_384' title='bbox 2931 2136 3157 2207; x_wconf 83' lang='grc' dir='ltr'>σώματα</span> <span class='ocrx_word' id='word_1_385' title='bbox 3184 2137 3287 2189; x_wconf 82' lang='grc' dir='ltr'>ὑπὸ</span> <span class='ocrx_word' id='word_1_386' title='bbox 3313 2135 3482 2208; x_wconf 83' lang='grc' dir='ltr'>πυρὸς</span> <span class='ocrx_word' id='word_1_387' title='bbox 3513 2136 3729 2190; x_wconf 78' lang='grc' dir='ltr'>ἀναλοῦ-</span> 
     </span>
    </p>
   </div>
   <div class='ocr_carea' id='block_1_53' title="bbox 2165 2224 3733 2303">
    <p class='ocr_par' dir='ltr' id='par_1_53' title="bbox 2165 2224 3733 2303">
     <span class='ocr_line' id='line_1_53' title="bbox 2165 2224 3733 2303; baseline -0.003 -18"><span class='ocrx_word' id='word_1_388' title='bbox 2165 2233 2287 2286; x_wconf 91' lang='grc' dir='ltr'>σθαι</span> <span class='ocrx_word' id='word_1_389' title='bbox 2313 2232 2423 2303; x_wconf 69' lang='lat'><strong>(72)</strong></span> <span class='ocrx_word' id='word_1_390' title='bbox 2455 2234 2512 2284; x_wconf 72' lang='grc' dir='ltr'>ἐν</span> <span class='ocrx_word' id='word_1_391' title='bbox 2545 2234 2609 2302; x_wconf 76' lang='grc' dir='ltr'>τῇ</span> <span class='ocrx_word' id='word_1_392' title='bbox 2644 2227 2969 2301; x_wconf 73' lang='grc' dir='ltr'>ἐκπυρώσει.</span> <span class='ocrx_word' id='word_1_393' title='bbox 3024 2228 3188 2301; x_wconf 86' lang='grc' dir='ltr'>Ἀρχὴ</span> <span class='ocrx_word' id='word_1_394' title='bbox 3240 2224 3332 2282; x_wconf 78' lang='grc' dir='ltr'>οὖν</span> <span class='ocrx_word' id='word_1_395' title='bbox 3367 2228 3426 2281; x_wconf 84' lang='grc' dir='ltr'><strong>τὸ</strong></span> <span class='ocrx_word' id='word_1_396' title='bbox 3489 2228 3622 2301; x_wconf 84' lang='grc' dir='ltr'>πῦρ,</span> <span class='ocrx_word' id='word_1_397' title='bbox 3656 2230 3733 2282; x_wconf 79' lang='grc' dir='ltr'>ὅτι</span> 
     </span>
    </p>
   </div>
   <div class='ocr_carea' id='block_1_54' title="bbox 2164 2321 3731 2387">
    <p class='ocr_par' dir='ltr' id='par_1_54' title="bbox 2164 2321 3731 2387">
     <span class='ocr_line' id='line_1_54' title="bbox 2164 2321 3731 2387; baseline -0.001 -11"><span class='ocrx_word' id='word_1_398' title='bbox 2164 2326 2226 2378; x_wconf 74' lang='grc' dir='ltr'>ἐκ</span> <span class='ocrx_word' id='word_1_399' title='bbox 2262 2325 2449 2377; x_wconf 86' lang='grc' dir='ltr'>τούτου</span> <span class='ocrx_word' id='word_1_400' title='bbox 2471 2324 2539 2378; x_wconf 77' lang='grc' dir='ltr'>τὰ</span> <span class='ocrx_word' id='word_1_401' title='bbox 2568 2324 2929 2385; x_wconf 81' lang='grc' dir='ltr'>πάντα·τέλος</span> <span class='ocrx_word' id='word_1_402' title='bbox 2953 2323 3124 2385; x_wconf 81' lang='grc' dir='ltr'>δὲ,ὃτι</span> <span class='ocrx_word' id='word_1_403' title='bbox 3158 2324 3237 2387; x_wconf 76' lang='grc' dir='ltr'><strong>εἰς</strong></span> <span class='ocrx_word' id='word_1_404' title='bbox 3261 2321 3417 2375; x_wconf 80' lang='grc' dir='ltr'>τοῦτο</span> <span class='ocrx_word' id='word_1_405' title='bbox 3448 2323 3731 2377; x_wconf 76' lang='grc' dir='ltr'>ἀναλύεται</span> 
     </span>
    </p>
   </div>
   <div class='ocr_carea' id='block_1_55' title="bbox 2162 2407 3727 2488">
    <p class='ocr_par' dir='ltr' id='par_1_55' title="bbox 2162 2407 3727 2488">
     <span class='ocr_line' id='line_1_55' title="bbox 2162 2407 3727 2488; baseline 0 -21"><span class='ocrx_word' id='word_1_406' title='bbox 2162 2415 2230 2468; x_wconf 78' lang='grc' dir='ltr'>τὰ</span> <span class='ocrx_word' id='word_1_407' title='bbox 2257 2417 2454 2469; x_wconf 74' lang='grc' dir='ltr'>πάντα.</span> <span class='ocrx_word' id='word_1_408' title='bbox 2490 2416 2825 2488; x_wconf 78' lang='grc' dir='ltr'>Δημόκριτος</span> <span class='ocrx_word' id='word_1_409' title='bbox 2850 2415 2983 2485; x_wconf 79' lang='lat'><strong>(75),</strong></span> <span class='ocrx_word' id='word_1_410' title='bbox 3020 2407 3064 2482; x_wconf 80' lang='grc' dir='ltr'>ᾧ</span> <span class='ocrx_word' id='word_1_411' title='bbox 3108 2414 3242 2484; x_wconf 84' lang='grc' dir='ltr'><strong>μετά</strong></span> <span class='ocrx_word' id='word_1_412' title='bbox 3297 2415 3543 2468; x_wconf 83' lang='grc' dir='ltr'>πλεῖστον</span> <span class='ocrx_word' id='word_1_413' title='bbox 3588 2416 3727 2468; x_wconf 74' lang='grc' dir='ltr'>Ἐπίο</span> 
     </span>
    </p>
   </div>
   <div class='ocr_carea' id='block_1_56' title="bbox 2163 2506 3731 2580">
    <p class='ocr_par' dir='ltr' id='par_1_56' title="bbox 2163 2506 3731 2580">
     <span class='ocr_line' id='line_1_56' title="bbox 2163 2506 3731 2580; baseline -0.001 -19"><span class='ocrx_word' id='word_1_414' title='bbox 2163 2526 2355 2580; x_wconf 86' lang='grc' dir='ltr'>κουρος</span> <span class='ocrx_word' id='word_1_415' title='bbox 2381 2508 2761 2579; x_wconf 75' lang='grc' dir='ltr'>ἠκολούθησεν,</span> <span class='ocrx_word' id='word_1_416' title='bbox 2779 2508 2951 2579; x_wconf 88' lang='grc' dir='ltr'>ἀρχάς</span> <span class='ocrx_word' id='word_1_417' title='bbox 2972 2507 3078 2561; x_wconf 81' lang='grc' dir='ltr'><strong>τῶν</strong></span> <span class='ocrx_word' id='word_1_418' title='bbox 3098 2506 3264 2560; x_wconf 70' lang='grc' dir='ltr'>ὄντων</span> <span class='ocrx_word' id='word_1_419' title='bbox 3292 2506 3515 2579; x_wconf 79' lang='grc' dir='ltr'>σώματα</span> <span class='ocrx_word' id='word_1_420' title='bbox 3535 2507 3731 2580; x_wconf 77' lang='grc' dir='ltr'>ἄτομα,</span> 
     </span>
    </p>
   </div>
   <div class='ocr_carea' id='block_1_57' title="bbox 2161 2596 3731 2670">
    <p class='ocr_par' dir='ltr' id='par_1_57' title="bbox 2161 2596 3731 2670">
     <span class='ocr_line' id='line_1_57' title="bbox 2161 2596 3731 2670; baseline 0 -21"><span class='ocrx_word' id='word_1_421' title='bbox 2161 2596 2302 2670; x_wconf 83' lang='grc' dir='ltr'>λόγῳ</span> <span class='ocrx_word' id='word_1_422' title='bbox 2329 2598 2384 2651; x_wconf 81' lang='grc' dir='ltr'>δὲ</span> <span class='ocrx_word' id='word_1_423' title='bbox 2415 2598 2681 2670; x_wconf 79' lang='grc' dir='ltr'>θεωρητὰ,</span> <span class='ocrx_word' id='word_1_424' title='bbox 2736 2597 2976 2668; x_wconf 82' lang='grc' dir='ltr'>ἀμέτοχα</span> <span class='ocrx_word' id='word_1_425' title='bbox 3030 2596 3208 2660; x_wconf 78' lang='grc' dir='ltr'>κενοῦ,</span> <span class='ocrx_word' id='word_1_426' title='bbox 3236 2597 3523 2667; x_wconf 74' lang='grc' dir='ltr'>ἀγέννητα,</span> <span class='ocrx_word' id='word_1_427' title='bbox 3560 2599 3731 2662; x_wconf 85' lang='grc' dir='ltr'>αἲδια,</span> 
     </span>
    </p>
   </div>
   <div class='ocr_carea' id='block_1_58' title="bbox 2161 2688 3731 2761">
    <p class='ocr_par' dir='ltr' id='par_1_58' title="bbox 2161 2688 3731 2761">
     <span class='ocr_line' id='line_1_58' title="bbox 2161 2688 3731 2761; baseline -0.003 -17"><span class='ocrx_word' id='word_1_428' title='bbox 2161 2690 2431 2761; x_wconf 84' lang='grc' dir='ltr'>ἄφθαρτα,</span> <span class='ocrx_word' id='word_1_429' title='bbox 2454 2690 2572 2743; x_wconf 77' lang='grc' dir='ltr'>οὐδὲ</span> <span class='ocrx_word' id='word_1_430' title='bbox 2595 2689 2923 2761; x_wconf 87' lang='grc' dir='ltr'>θραυσθῆναι</span> <span class='ocrx_word' id='word_1_431' title='bbox 2952 2689 3242 2760; x_wconf 81' lang='grc' dir='ltr'>δυνάμενα,</span> <span class='ocrx_word' id='word_1_432' title='bbox 3258 2688 3378 2742; x_wconf 72' lang='grc' dir='ltr'>οὔτε</span> <span class='ocrx_word' id='word_1_433' title='bbox 3395 2689 3731 2760; x_wconf 75' lang='grc' dir='ltr'>διαπλασμὸν</span> 
     </span>
    </p>
   </div>
   <div class='ocr_carea' id='block_1_59' title="bbox 2161 2776 3725 2854">
    <p class='ocr_par' dir='ltr' id='par_1_59' title="bbox 2161 2776 3725 2854">
     <span class='ocr_line' id='line_1_59' title="bbox 2161 2776 3725 2854; baseline -0.003 -17"><span class='ocrx_word' id='word_1_434' title='bbox 2161 2784 2224 2837; x_wconf 80' lang='grc' dir='ltr'>ὲκ</span> <span class='ocrx_word' id='word_1_435' title='bbox 2256 2782 2363 2835; x_wconf 80' lang='grc' dir='ltr'>τῶν</span> <span class='ocrx_word' id='word_1_436' title='bbox 2397 2782 2578 2854; x_wconf 81' lang='grc' dir='ltr'>μερῶν</span> <span class='ocrx_word' id='word_1_437' title='bbox 2616 2782 2817 2845; x_wconf 73' lang='grc' dir='ltr'>λαῦεῖν,</span> <span class='ocrx_word' id='word_1_438' title='bbox 2848 2780 2969 2834; x_wconf 74' lang='grc' dir='ltr'>οὔτε</span> <span class='ocrx_word' id='word_1_439' title='bbox 2987 2780 3358 2852; x_wconf 79' lang='grc' dir='ltr'>ἀλλοιωθῆναι,</span> <span class='ocrx_word' id='word_1_440' title='bbox 3390 2776 3527 2833; x_wconf 80' lang='grc' dir='ltr'>εἶναι</span> <span class='ocrx_word' id='word_1_441' title='bbox 3558 2781 3600 2834; x_wconf 80' lang='grc' dir='ltr'>δ’</span> <span class='ocrx_word' id='word_1_442' title='bbox 3632 2782 3725 2833; x_wconf 76' lang='grc' dir='ltr'>αύ-</span> 
     </span>
    </p>
   </div>
   <div class='ocr_carea' id='block_1_60' title="bbox 2159 2871 3727 2944">
    <p class='ocr_par' dir='ltr' id='par_1_60' title="bbox 2159 2871 3727 2944">
     <span class='ocr_line' id='line_1_60' title="bbox 2159 2871 3727 2944; baseline -0.002 -18"><span class='ocrx_word' id='word_1_443' title='bbox 2159 2873 2227 2926; x_wconf 90' lang='grc' dir='ltr'><strong>τά</strong></span> <span class='ocrx_word' id='word_1_444' title='bbox 2248 2873 2388 2944; x_wconf 81' lang='grc' dir='ltr'>λόγῳ</span> <span class='ocrx_word' id='word_1_445' title='bbox 2422 2874 2684 2944; x_wconf 79' lang='grc' dir='ltr'>θεωρητά.</span> <span class='ocrx_word' id='word_1_446' title='bbox 2750 2872 2933 2925; x_wconf 80' lang='grc' dir='ltr'>Ταῦτα</span> <span class='ocrx_word' id='word_1_447' title='bbox 2990 2871 3169 2942; x_wconf 89' lang='grc' dir='ltr'>μέντοι</span> <span class='ocrx_word' id='word_1_448' title='bbox 3225 2872 3490 2926; x_wconf 85' lang='grc' dir='ltr'>κινεῖσθαι</span> <span class='ocrx_word' id='word_1_449' title='bbox 3544 2874 3603 2924; x_wconf 85' lang='grc' dir='ltr'>ἐν</span> <span class='ocrx_word' id='word_1_450' title='bbox 3652 2872 3727 2943; x_wconf 80' lang='grc' dir='ltr'><strong>τῷ</strong></span> 
     </span>
    </p>
   </div>
   <div class='ocr_carea' id='block_1_61' title="bbox 2161 2961 3728 3036">
    <p class='ocr_par' dir='ltr' id='par_1_61' title="bbox 2161 2961 3728 3036">
     <span class='ocr_line' id='line_1_61' title="bbox 2161 2961 3728 3036; baseline 0.001 -18"><span class='ocrx_word' id='word_1_451' title='bbox 2161 2965 2323 3036; x_wconf 78' lang='grc' dir='ltr'>κενῷ,</span> <span class='ocrx_word' id='word_1_452' title='bbox 2356 2967 2448 3018; x_wconf 80' lang='grc' dir='ltr'><strong>καί</strong></span> <span class='ocrx_word' id='word_1_453' title='bbox 2478 2965 2565 3019; x_wconf 73' lang='grc' dir='ltr'><strong>δίά</strong></span> <span class='ocrx_word' id='word_1_454' title='bbox 2586 2964 2678 3017; x_wconf 78' lang='grc' dir='ltr'>τοῦ</span> <span class='ocrx_word' id='word_1_455' title='bbox 2708 2964 2884 3019; x_wconf 83' lang='grc' dir='ltr'>κενοῦ·</span> <span class='ocrx_word' id='word_1_456' title='bbox 2915 2961 3051 3019; x_wconf 79' lang='grc' dir='ltr'>εἶναι</span> <span class='ocrx_word' id='word_1_457' title='bbox 3073 2966 3128 3019; x_wconf 82' lang='grc' dir='ltr'>δὲ</span> <span class='ocrx_word' id='word_1_458' title='bbox 3158 2967 3251 3018; x_wconf 68' lang='grc' dir='ltr'><strong>καὶ</strong></span> <span class='ocrx_word' id='word_1_459' title='bbox 3278 2965 3409 3018; x_wconf 82' lang='grc' dir='ltr'>αὐτὸ</span> <span class='ocrx_word' id='word_1_460' title='bbox 3464 2965 3524 3017; x_wconf 84' lang='grc' dir='ltr'><strong>τὸ</strong></span> <span class='ocrx_word' id='word_1_461' title='bbox 3576 2967 3728 3019; x_wconf 74' lang='grc' dir='ltr'>κενὸν</span> 
     </span>
    </p>
   </div>
   <div class='ocr_carea' id='block_1_62' title="bbox 493 3055 2057 3138">
    <p class='ocr_par' dir='ltr' id='par_1_62' title="bbox 493 3055 2053 3129">
     <span class='ocr_line' id='line_1_62' title="bbox 493 3055 2053 3129; baseline 0.008 -23"><span class='ocrx_word' id='word_1_462' title='bbox 493 3064 600 3119; x_wconf 89' lang='lat' dir='ltr'><strong>tur,</strong></span> <span class='ocrx_word' id='word_1_463' title='bbox 631 3055 783 3109; x_wconf 84' lang='lat' dir='ltr'><strong>vacui</strong></span> <span class='ocrx_word' id='word_1_464' title='bbox 823 3055 1086 3110; x_wconf 83' lang='lat' dir='ltr'><strong>haberent</strong></span> <span class='ocrx_word' id='word_1_465' title='bbox 1129 3057 1285 3127; x_wconf 86' lang='lat' dir='ltr'><strong>nihil,</strong></span> <span class='ocrx_word' id='word_1_466' title='bbox 1324 3057 1444 3113; x_wconf 91' lang='lat' dir='ltr'><strong>sine</strong></span> <span class='ocrx_word' id='word_1_467' title='bbox 1483 3068 1628 3125; x_wconf 84' lang='lat' dir='ltr'><strong>ortu,</strong></span> <span class='ocrx_word' id='word_1_468' title='bbox 1671 3060 1788 3115; x_wconf 90' lang='lat' dir='ltr'><strong>sine</strong></span> <span class='ocrx_word' id='word_1_469' title='bbox 1814 3061 2053 3129; x_wconf 85' lang='lat' dir='ltr'><strong>interitu,</strong></span> 
     </span>
    </p>
   </div>
   <div class='ocr_carea' id='block_1_63' title="bbox 2156 3055 3726 3138">
    <p class='ocr_par' dir='ltr' id='par_1_63' title="bbox 2159 3057 3726 3131">
     <span class='ocr_line' id='line_1_63' title="bbox 2159 3057 3726 3131; baseline 0.001 -19"><span class='ocrx_word' id='word_1_470' title='bbox 2159 3060 2402 3129; x_wconf 77' lang='grc' dir='ltr'>ἄπειρον,</span> <span class='ocrx_word' id='word_1_471' title='bbox 2437 3059 2530 3111; x_wconf 76' lang='grc' dir='ltr'><strong>καὶ</strong></span> <span class='ocrx_word' id='word_1_472' title='bbox 2558 3058 2626 3111; x_wconf 79' lang='grc' dir='ltr'><strong>τὰ</strong></span> <span class='ocrx_word' id='word_1_473' title='bbox 2689 3058 2912 3130; x_wconf 82' lang='grc' dir='ltr'>σώματα</span> <span class='ocrx_word' id='word_1_474' title='bbox 2944 3059 3165 3131; x_wconf 78' lang='grc' dir='ltr'>ἄπειρα.</span> <span class='ocrx_word' id='word_1_475' title='bbox 3202 3057 3612 3130; x_wconf 77' lang='grc' dir='ltr'>Συμϐεϐηκέναι</span> <span class='ocrx_word' id='word_1_476' title='bbox 3674 3061 3726 3114; x_wconf 80' lang='grc' dir='ltr'>δὲ</span> 
     </span>
    </p>
   </div>
   <div class='ocr_carea' id='block_1_64' title="bbox 490 3148 2057 3227">
    <p class='ocr_par' dir='ltr' id='par_1_64' title="bbox 490 3148 2056 3224">
     <span class='ocr_line' id='line_1_64' title="bbox 490 3148 2056 3224; baseline 0.006 -23"><span class='ocrx_word' id='word_1_477' title='bbox 490 3148 841 3216; x_wconf 86' lang='lat' dir='ltr'><strong>sempiterna,</strong></span> <span class='ocrx_word' id='word_1_478' title='bbox 865 3164 986 3218; x_wconf 71' lang='lat' dir='ltr'><strong>qua:</strong></span> <span class='ocrx_word' id='word_1_479' title='bbox 1012 3164 1112 3205; x_wconf 86' lang='lat' dir='ltr'><strong>nec</strong></span> <span class='ocrx_word' id='word_1_480' title='bbox 1154 3148 1349 3220; x_wconf 82' lang='lat' dir='ltr'><strong>frangi,</strong></span> <span class='ocrx_word' id='word_1_481' title='bbox 1402 3166 1502 3207; x_wconf 88' lang='lat' dir='ltr'><strong>nec</strong></span> <span class='ocrx_word' id='word_1_482' title='bbox 1532 3153 1720 3208; x_wconf 83' lang='lat' dir='ltr'><strong>multis</strong></span> <span class='ocrx_word' id='word_1_483' title='bbox 1748 3169 1779 3209; x_wconf 92' lang='lat' dir='ltr'><strong>e</strong></span> <span class='ocrx_word' id='word_1_484' title='bbox 1814 3158 2056 3224; x_wconf 86' lang='lat' dir='ltr'><strong>partihus</strong></span> 
     </span>
    </p>
   </div>
   <div class='ocr_carea' id='block_1_65' title="bbox 2156 3148 3723 3227">
    <p class='ocr_par' dir='ltr' id='par_1_65' title="bbox 2156 3150 3723 3227">
     <span class='ocr_line' id='line_1_65' title="bbox 2156 3150 3723 3227; baseline 0.003 -23"><span class='ocrx_word' id='word_1_485' title='bbox 2156 3153 2265 3214; x_wconf 87' lang='grc' dir='ltr'>τοῖς</span> <span class='ocrx_word' id='word_1_486' title='bbox 2292 3150 2505 3222; x_wconf 87' lang='grc' dir='ltr'>σώμασι</span> <span class='ocrx_word' id='word_1_487' title='bbox 2539 3152 2663 3222; x_wconf 83' lang='grc' dir='ltr'>τρία</span> <span class='ocrx_word' id='word_1_488' title='bbox 2700 3150 2889 3215; x_wconf 79' lang='grc' dir='ltr'>ταῦτα,</span> <span class='ocrx_word' id='word_1_489' title='bbox 2929 3154 3199 3223; x_wconf 82' lang='grc' dir='ltr'>σχήματα,</span> <span class='ocrx_word' id='word_1_490' title='bbox 3240 3152 3485 3223; x_wconf 81' lang='grc' dir='ltr'>μέγεθος,</span> <span class='ocrx_word' id='word_1_491' title='bbox 3540 3152 3723 3227; x_wconf 81' lang='grc' dir='ltr'>βάρος·</span> 
     </span>
    </p>
   </div>
   <div class='ocr_carea' id='block_1_66' title="bbox 491 3238 2057 3317">
    <p class='ocr_par' dir='ltr' id='par_1_66' title="bbox 491 3238 2055 3306">
     <span class='ocr_line' id='line_1_66' title="bbox 491 3238 2055 3306; baseline 0.006 -14"><span class='ocrx_word' id='word_1_492' title='bbox 491 3238 842 3306; x_wconf 85' lang='lat' dir='ltr'><strong>conformari,</strong></span> <span class='ocrx_word' id='word_1_493' title='bbox 894 3255 993 3295; x_wconf 86' lang='lat' dir='ltr'><strong>nec</strong></span> <span class='ocrx_word' id='word_1_494' title='bbox 1025 3240 1249 3295; x_wconf 91' lang='lat' dir='ltr'><strong>omnino</strong></span> <span class='ocrx_word' id='word_1_495' title='bbox 1302 3242 1517 3305; x_wconf 89' lang='lat' dir='ltr'><strong>mutari,</strong></span> <span class='ocrx_word' id='word_1_496' title='bbox 1570 3245 1663 3298; x_wconf 77' lang='lat' dir='ltr'><strong>sed</strong></span> <span class='ocrx_word' id='word_1_497' title='bbox 1717 3256 1894 3301; x_wconf 84' lang='lat' dir='ltr'><strong>mente</strong></span> <span class='ocrx_word' id='word_1_498' title='bbox 1942 3249 2055 3302; x_wconf 90' lang='lat' dir='ltr'><strong>sola</strong></span> 
     </span>
    </p>
   </div>
   <div class='ocr_carea' id='block_1_67' title="bbox 2156 3238 3722 3317">
    <p class='ocr_par' dir='ltr' id='par_1_67' title="bbox 2156 3244 3722 3317">
     <span class='ocr_line' id='line_1_67' title="bbox 2156 3244 3722 3317; baseline 0.004 -20"><span class='ocrx_word' id='word_1_499' title='bbox 2156 3244 2269 3297; x_wconf 80' lang='grc' dir='ltr'>ἀλλ’</span> <span class='ocrx_word' id='word_1_500' title='bbox 2299 3245 2327 3296; x_wconf 94' lang='lat'><strong>6</strong></span> <span class='ocrx_word' id='word_1_501' title='bbox 2385 3245 2478 3315; x_wconf 86' lang='grc' dir='ltr'>μὲν</span> <span class='ocrx_word' id='word_1_502' title='bbox 2543 3244 2877 3315; x_wconf 79' lang='grc' dir='ltr'>Δημόκριτος</span> <span class='ocrx_word' id='word_1_503' title='bbox 2934 3244 3083 3313; x_wconf 71' lang='grc' dir='ltr'>ἔλεγε</span> <span class='ocrx_word' id='word_1_504' title='bbox 3142 3245 3256 3309; x_wconf 82' lang='grc' dir='ltr'>δύο,</span> <span class='ocrx_word' id='word_1_505' title='bbox 3316 3247 3571 3317; x_wconf 87' lang='grc' dir='ltr'>μέγεθος,</span> <span class='ocrx_word' id='word_1_506' title='bbox 3634 3250 3722 3305; x_wconf 70' lang='grc' dir='ltr'><strong>καὶ</strong></span> 
     </span>
    </p>
   </div>
   <div class='ocr_carea' id='block_1_68' title="bbox 488 3327 2057 3411">
    <p class='ocr_par' dir='ltr' id='par_1_68' title="bbox 488 3327 2057 3403">
     <span class='ocr_line' id='line_1_68' title="bbox 488 3327 2057 3403; baseline 0.004 -21"><span class='ocrx_word' id='word_1_507' title='bbox 488 3327 657 3382; x_wconf 80' lang='lat' dir='ltr'><strong>videri</strong></span> <span class='ocrx_word' id='word_1_508' title='bbox 720 3337 961 3398; x_wconf 87' lang='lat' dir='ltr'><strong>possent.</strong></span> <span class='ocrx_word' id='word_1_509' title='bbox 1021 3328 1221 3384; x_wconf 89' lang='lat' dir='ltr'><strong>Eadem</strong></span> <span class='ocrx_word' id='word_1_510' title='bbox 1278 3338 1455 3384; x_wconf 89' lang='lat' dir='ltr'><strong>tamen</strong></span> <span class='ocrx_word' id='word_1_511' title='bbox 1519 3330 1572 3385; x_wconf 94' lang='lat' dir='ltr'><strong>in</strong></span> <span class='ocrx_word' id='word_1_512' title='bbox 1623 3332 1767 3386; x_wconf 91' lang='lat' dir='ltr'><strong>inani</strong></span> <span class='ocrx_word' id='word_1_513' title='bbox 1798 3372 1813 3395; x_wconf 88' lang='lat'><strong>,</strong></span> <span class='ocrx_word' id='word_1_514' title='bbox 1853 3348 1915 3389; x_wconf 89' lang='lat' dir='ltr'><strong>ac</strong></span> <span class='ocrx_word' id='word_1_515' title='bbox 1962 3350 2057 3403; x_wconf 89' lang='lat' dir='ltr'><strong>per</strong></span> 
     </span>
    </p>
   </div>
   <div class='ocr_carea' id='block_1_69' title="bbox 2156 3327 3721 3411">
    <p class='ocr_par' dir='ltr' id='par_1_69' title="bbox 2157 3336 3721 3411">
     <span class='ocr_line' id='line_1_69' title="bbox 2157 3336 3721 3411; baseline 0.003 -21"><span class='ocrx_word' id='word_1_516' title='bbox 2157 3337 2359 3408; x_wconf 82' lang='grc' dir='ltr'>σχῆμα·</span> <span class='ocrx_word' id='word_1_517' title='bbox 2402 3339 2429 3391; x_wconf 95' lang='lat'><strong>6</strong></span> <span class='ocrx_word' id='word_1_518' title='bbox 2475 3336 2530 3389; x_wconf 83' lang='grc' dir='ltr'>δὲ</span> <span class='ocrx_word' id='word_1_519' title='bbox 2568 3337 2885 3408; x_wconf 79' lang='grc' dir='ltr'>Ἐπίκουρος</span> <span class='ocrx_word' id='word_1_520' title='bbox 2928 3338 3135 3401; x_wconf 88' lang='grc' dir='ltr'>τούτοις</span> <span class='ocrx_word' id='word_1_521' title='bbox 3168 3339 3261 3392; x_wconf 74' lang='grc' dir='ltr'><strong>καὶ</strong></span> <span class='ocrx_word' id='word_1_522' title='bbox 3291 3339 3492 3410; x_wconf 84' lang='grc' dir='ltr'>τρίτον,</span> <span class='ocrx_word' id='word_1_523' title='bbox 3537 3339 3721 3411; x_wconf 81' lang='grc' dir='ltr'>βάρος,</span> 
     </span>
    </p>
   </div>
   <div class='ocr_carea' id='block_1_70' title="bbox 488 3416 2054 3489">
    <p class='ocr_par' dir='ltr' id='par_1_70' title="bbox 488 3416 2054 3489">
     <span class='ocr_line' id='line_1_70' title="bbox 488 3416 2054 3489; baseline 0.006 -19"><span class='ocrx_word' id='word_1_524' title='bbox 488 3416 650 3472; x_wconf 89' lang='lat' dir='ltr'><strong>inane</strong></span> <span class='ocrx_word' id='word_1_525' title='bbox 678 3417 826 3484; x_wconf 89' lang='lat' dir='ltr'><strong>ferri,</strong></span> <span class='ocrx_word' id='word_1_526' title='bbox 862 3418 1008 3489; x_wconf 91' lang='lat' dir='ltr'><strong>quod</strong></span> <span class='ocrx_word' id='word_1_527' title='bbox 1041 3419 1218 3488; x_wconf 81' lang='lat' dir='ltr'><strong>ipsum</strong></span> <span class='ocrx_word' id='word_1_528' title='bbox 1252 3432 1307 3475; x_wconf 90' lang='lat' dir='ltr'><strong>ct</strong></span> <span class='ocrx_word' id='word_1_529' title='bbox 1338 3419 1606 3475; x_wconf 88' lang='lat' dir='ltr'><strong>inﬁnitum</strong></span> <span class='ocrx_word' id='word_1_530' title='bbox 1636 3423 1725 3487; x_wconf 80' lang='lat' dir='ltr'><strong>sit,</strong></span> <span class='ocrx_word' id='word_1_531' title='bbox 1762 3432 1816 3477; x_wconf 91' lang='lat' dir='ltr'><strong>et</strong></span> <span class='ocrx_word' id='word_1_532' title='bbox 1846 3422 2054 3479; x_wconf 91' lang='lat' dir='ltr'><strong>inﬁnita</strong></span> 
     </span>
    </p>
   </div>
   <div class='ocr_carea' id='block_1_71' title="bbox 486 3507 2055 3580">
    <p class='ocr_par' dir='ltr' id='par_1_71' title="bbox 486 3507 2055 3580">
     <span class='ocr_line' id='line_1_71' title="bbox 486 3507 2055 3580; baseline 0.006 -20"><span class='ocrx_word' id='word_1_533' title='bbox 486 3507 752 3578; x_wconf 86' lang='lat' dir='ltr'><strong>ejusmodi</strong></span> <span class='ocrx_word' id='word_1_534' title='bbox 790 3510 1113 3579; x_wconf 90' lang='lat' dir='ltr'><strong>corpuscula</strong></span> <span class='ocrx_word' id='word_1_535' title='bbox 1155 3512 1563 3580; x_wconf 89' lang='lat' dir='ltr'><strong>complectatur.</strong></span> <span class='ocrx_word' id='word_1_536' title='bbox 1606 3513 1661 3568; x_wconf 90' lang='lat' dir='ltr'><strong>ln</strong></span> <span class='ocrx_word' id='word_1_537' title='bbox 1693 3514 1760 3569; x_wconf 91' lang='lat' dir='ltr'><strong>iis</strong></span> <span class='ocrx_word' id='word_1_538' title='bbox 1797 3515 1900 3569; x_wconf 88' lang='lat' dir='ltr'><strong>tria</strong></span> <span class='ocrx_word' id='word_1_539' title='bbox 1941 3516 2055 3571; x_wconf 66' lang='lat' dir='ltr'><strong>haec</strong></span> 
     </span>
    </p>
   </div>
   <div class='ocr_carea' id='block_1_72' title="bbox 488 3599 2053 3678">
    <p class='ocr_par' dir='ltr' id='par_1_72' title="bbox 488 3599 2053 3678">
     <span class='ocr_line' id='line_1_72' title="bbox 488 3599 2053 3678; baseline 0.007 -27"><span class='ocrx_word' id='word_1_540' title='bbox 488 3599 688 3665; x_wconf 83' lang='lat' dir='ltr'><strong>inesse,</strong></span> <span class='ocrx_word' id='word_1_541' title='bbox 722 3600 973 3670; x_wconf 88' lang='lat' dir='ltr'><strong>ﬁguram,</strong></span> <span class='ocrx_word' id='word_1_542' title='bbox 1016 3604 1465 3673; x_wconf 87' lang='lat' dir='ltr'><strong>magnitudinem,</strong></span> <span class='ocrx_word' id='word_1_543' title='bbox 1491 3615 1544 3659; x_wconf 91' lang='lat' dir='ltr'><strong>et</strong></span> <span class='ocrx_word' id='word_1_544' title='bbox 1574 3606 1803 3676; x_wconf 91' lang='lat' dir='ltr'><strong>pondus,</strong></span> <span class='ocrx_word' id='word_1_545' title='bbox 1832 3624 1898 3661; x_wconf 83' lang='lat' dir='ltr'><strong>ex</strong></span> <span class='ocrx_word' id='word_1_546' title='bbox 1928 3608 2053 3678; x_wconf 84' lang='lat' dir='ltr'><strong>qui-</strong></span> 
     </span>
    </p>
   </div>
   <div class='ocr_carea' id='block_1_73' title="bbox 488 3694 2052 3773">
    <p class='ocr_par' dir='ltr' id='par_1_73' title="bbox 488 3694 2052 3773">
     <span class='ocr_line' id='line_1_73' title="bbox 488 3694 2052 3773; baseline 0.006 -25"><span class='ocrx_word' id='word_1_547' title='bbox 488 3694 589 3749; x_wconf 83' lang='lat' dir='ltr'><strong>bus</strong></span> <span class='ocrx_word' id='word_1_548' title='bbox 636 3696 814 3765; x_wconf 79' lang='lat' dir='ltr'><strong>priora</strong></span> <span class='ocrx_word' id='word_1_549' title='bbox 853 3696 944 3751; x_wconf 90' lang='lat' dir='ltr'><strong>illa</strong></span> <span class='ocrx_word' id='word_1_550' title='bbox 977 3698 1105 3765; x_wconf 91' lang='lat' dir='ltr'><strong>duo,</strong></span> <span class='ocrx_word' id='word_1_551' title='bbox 1158 3700 1581 3770; x_wconf 81' lang='lat' dir='ltr'><strong>magnitudinem</strong></span> <span class='ocrx_word' id='word_1_552' title='bbox 1608 3710 1662 3756; x_wconf 92' lang='lat' dir='ltr'><strong>et</strong></span> <span class='ocrx_word' id='word_1_553' title='bbox 1687 3704 1911 3773; x_wconf 87' lang='lat' dir='ltr'><strong>ﬁguram</strong></span> <span class='ocrx_word' id='word_1_554' title='bbox 1947 3703 2052 3758; x_wconf 91' lang='lat' dir='ltr'><strong>De-</strong></span> 
     </span>
    </p>
   </div>
   <div class='ocr_carea' id='block_1_74' title="bbox 484 3787 2053 3865">
    <p class='ocr_par' dir='ltr' id='par_1_74' title="bbox 484 3787 2053 3865">
     <span class='ocr_line' id='line_1_74' title="bbox 484 3787 2053 3865; baseline 0.006 -26"><span class='ocrx_word' id='word_1_555' title='bbox 484 3787 748 3843; x_wconf 89' lang='lat' dir='ltr'><strong>mocritus</strong></span> <span class='ocrx_word' id='word_1_556' title='bbox 776 3801 1067 3857; x_wconf 88' lang='lat' dir='ltr'><strong>posuerat;</strong></span> <span class='ocrx_word' id='word_1_557' title='bbox 1100 3793 1341 3857; x_wconf 85' lang='lat' dir='ltr'><strong>tertium,</strong></span> <span class='ocrx_word' id='word_1_558' title='bbox 1381 3792 1431 3846; x_wconf 91' lang='lat' dir='ltr'><strong>id</strong></span> <span class='ocrx_word' id='word_1_559' title='bbox 1463 3802 1545 3847; x_wconf 91' lang='lat' dir='ltr'><strong>est</strong></span> <span class='ocrx_word' id='word_1_560' title='bbox 1573 3794 1806 3862; x_wconf 90' lang='lat' dir='ltr'><strong>pondus,</strong></span> <span class='ocrx_word' id='word_1_561' title='bbox 1858 3794 2053 3865; x_wconf 84' lang='lat' dir='ltr'><strong>Epicu-</strong></span> 
     </span>
    </p>
   </div>
   <div class='ocr_carea' id='block_1_75' title="bbox 483 3877 2048 3957">
    <p class='ocr_par' dir='ltr' id='par_1_75' title="bbox 483 3877 2048 3957">
     <span class='ocr_line' id='line_1_75' title="bbox 483 3877 2048 3957; baseline 0.007 -26"><span class='ocrx_word' id='word_1_562' title='bbox 483 3891 580 3932; x_wconf 86' lang='lat' dir='ltr'><strong>rus</strong></span> <span class='ocrx_word' id='word_1_563' title='bbox 626 3877 842 3948; x_wconf 80' lang='lat' dir='ltr'><strong>adjecit.</strong></span> <span class='ocrx_word' id='word_1_564' title='bbox 875 3880 1113 3950; x_wconf 86' lang='lat' dir='ltr'><strong>Corpora</strong></span> <span class='ocrx_word' id='word_1_565' title='bbox 1157 3884 1301 3937; x_wconf 83' lang='lat' dir='ltr'><strong>enim</strong></span> <span class='ocrx_word' id='word_1_566' title='bbox 1338 3900 1459 3954; x_wconf 70' lang='lat' dir='ltr'><strong>qua:</strong></span> <span class='ocrx_word' id='word_1_567' title='bbox 1506 3894 1811 3953; x_wconf 82' lang='lat' dir='ltr'><strong>moventur,</strong></span> <span class='ocrx_word' id='word_1_568' title='bbox 1854 3887 2048 3957; x_wconf 88' lang='lat' dir='ltr'><strong>inquit,</strong></span> 
     </span>
    </p>
   </div>
   <div class='ocr_carea' id='block_1_76' title="bbox 484 3976 2048 4050">
    <p class='ocr_par' dir='ltr' id='par_1_76' title="bbox 484 3976 2048 4050">
     <span class='ocr_line' id='line_1_76' title="bbox 484 3976 2048 4050; baseline 0.009 -28"><span class='ocrx_word' id='word_1_569' title='bbox 484 3984 643 4023; x_wconf 87' lang='lat' dir='ltr'><strong>suum</strong></span> <span class='ocrx_word' id='word_1_570' title='bbox 687 3986 915 4042; x_wconf 67' lang='lat' dir='ltr'><strong>qumque</strong></span> <span class='ocrx_word' id='word_1_571' title='bbox 941 3976 1152 4043; x_wconf 82' lang='lat' dir='ltr'><strong>pondus</strong></span> <span class='ocrx_word' id='word_1_572' title='bbox 1182 3976 1423 4045; x_wconf 88' lang='lat' dir='ltr'><strong>impellat</strong></span> <span class='ocrx_word' id='word_1_573' title='bbox 1460 3993 1681 4033; x_wconf 82' lang='lat' dir='ltr'><strong>necesse</strong></span> <span class='ocrx_word' id='word_1_574' title='bbox 1707 3988 1810 4045; x_wconf 89' lang='lat' dir='ltr'><strong>est,</strong></span> <span class='ocrx_word' id='word_1_575' title='bbox 1845 3981 2048 4050; x_wconf 89' lang='lat' dir='ltr'><strong>alioqui</strong></span> 
     </span>
    </p>
   </div>
   <div class='ocr_carea' id='block_1_77' title="bbox 481 4070 2049 4144">
    <p class='ocr_par' dir='ltr' id='par_1_77' title="bbox 481 4070 2049 4144">
     <span class='ocr_line' id='line_1_77' title="bbox 481 4070 2049 4144; baseline 0.008 -28"><span class='ocrx_word' id='word_1_576' title='bbox 481 4078 760 4133; x_wconf 88' lang='lat' dir='ltr'><strong>nunquam</strong></span> <span class='ocrx_word' id='word_1_577' title='bbox 820 4078 1185 4123; x_wconf 78' lang='lat' dir='ltr'><strong>moverentur.</strong></span> <span class='ocrx_word' id='word_1_578' title='bbox 1244 4070 1563 4127; x_wconf 85' lang='lat' dir='ltr'><strong>Atomorum</strong></span> <span class='ocrx_word' id='word_1_579' title='bbox 1622 4088 1784 4142; x_wconf 84' lang='lat' dir='ltr'><strong>porro</strong></span> <span class='ocrx_word' id='word_1_580' title='bbox 1847 4073 2049 4144; x_wconf 87' lang='lat' dir='ltr'><strong>ﬁguras</strong></span> 
     </span>
    </p>
   </div>
   <div class='ocr_carea' id='block_1_78' title="bbox 478 4160 2044 4234">
    <p class='ocr_par' dir='ltr' id='par_1_78' title="bbox 478 4160 2044 4234">
     <span class='ocr_line' id='line_1_78' title="bbox 478 4160 2044 4234; baseline 0.008 -25"><span class='ocrx_word' id='word_1_581' title='bbox 478 4167 629 4209; x_wconf 82' lang='lat' dir='ltr'><strong>certo</strong></span> <span class='ocrx_word' id='word_1_582' title='bbox 662 4172 889 4211; x_wconf 81' lang='lat' dir='ltr'><strong>numero</strong></span> <span class='ocrx_word' id='word_1_583' title='bbox 936 4160 1377 4230; x_wconf 86' lang='lat' dir='ltr'><strong>comprehensas,</strong></span> <span class='ocrx_word' id='word_1_584' title='bbox 1431 4178 1539 4215; x_wconf 90' lang='lat' dir='ltr'><strong>non</strong></span> <span class='ocrx_word' id='word_1_585' title='bbox 1592 4164 1827 4220; x_wconf 82' lang='lat' dir='ltr'><strong>inﬁnitas</strong></span> <span class='ocrx_word' id='word_1_586' title='bbox 1881 4181 2044 4234; x_wconf 87' lang='lat' dir='ltr'><strong>esse;</strong></span> 
     </span>
    </p>
   </div>
   <div class='ocr_carea' id='block_1_79' title="bbox 480 4249 2048 4319">
    <p class='ocr_par' dir='ltr' id='par_1_79' title="bbox 480 4249 2048 4319">
     <span class='ocr_line' id='line_1_79' title="bbox 480 4249 2048 4319; baseline 0.008 -21"><span class='ocrx_word' id='word_1_587' title='bbox 480 4260 581 4302; x_wconf 87' lang='lat' dir='ltr'><strong>nec</strong></span> <span class='ocrx_word' id='word_1_588' title='bbox 620 4249 763 4304; x_wconf 78' lang='lat' dir='ltr'><strong>enim</strong></span> <span class='ocrx_word' id='word_1_589' title='bbox 795 4260 889 4304; x_wconf 89' lang='lat' dir='ltr'><strong>aut</strong></span> <span class='ocrx_word' id='word_1_590' title='bbox 918 4250 1227 4319; x_wconf 86' lang='lat' dir='ltr'><strong>hamorum,</strong></span> <span class='ocrx_word' id='word_1_591' title='bbox 1258 4262 1351 4307; x_wconf 89' lang='lat' dir='ltr'><strong>aut</strong></span> <span class='ocrx_word' id='word_1_592' title='bbox 1384 4255 1721 4315; x_wconf 89' lang='lat' dir='ltr'><strong>tridentium.</strong></span> <span class='ocrx_word' id='word_1_593' title='bbox 1754 4266 1849 4310; x_wconf 90' lang='lat' dir='ltr'><strong>aut</strong></span> <span class='ocrx_word' id='word_1_594' title='bbox 1872 4272 2048 4311; x_wconf 84' lang='lat' dir='ltr'><strong>annu-</strong></span> 
     </span>
    </p>
   </div>
   <div class='ocr_carea' id='block_1_80' title="bbox 478 4340 2042 4419">
    <p class='ocr_par' dir='ltr' id='par_1_80' title="bbox 478 4340 2042 4419">
     <span class='ocr_line' id='line_1_80' title="bbox 478 4340 2042 4419; baseline 0.006 -26"><span class='ocrx_word' id='word_1_595' title='bbox 478 4340 653 4395; x_wconf 90' lang='lat' dir='ltr'><strong>lorum</strong></span> <span class='ocrx_word' id='word_1_596' title='bbox 692 4342 899 4397; x_wconf 87' lang='lat' dir='ltr'><strong>similes</strong></span> <span class='ocrx_word' id='word_1_597' title='bbox 926 4359 1089 4409; x_wconf 88' lang='lat' dir='ltr'><strong>esse;</strong></span> <span class='ocrx_word' id='word_1_598' title='bbox 1127 4360 1250 4399; x_wconf 90' lang='lat' dir='ltr'><strong>cum</strong></span> <span class='ocrx_word' id='word_1_599' title='bbox 1298 4361 1376 4400; x_wconf 71' lang='lat' dir='ltr'><strong>ea:</strong></span> <span class='ocrx_word' id='word_1_600' title='bbox 1426 4346 1609 4415; x_wconf 67' lang='lat' dir='ltr'><strong>ﬁgura:</strong></span> <span class='ocrx_word' id='word_1_601' title='bbox 1644 4347 1816 4419; x_wconf 80' lang='lat' dir='ltr'><strong>frangi</strong></span> <span class='ocrx_word' id='word_1_602' title='bbox 1868 4348 2042 4415; x_wconf 78' lang='lat' dir='ltr'><strong>facile,</strong></span> 
     </span>
    </p>
   </div>
   <div class='ocr_carea' id='block_1_81' title="bbox 478 4434 2043 4511">
    <p class='ocr_par' dir='ltr' id='par_1_81' title="bbox 478 4434 2043 4511">
     <span class='ocr_line' id='line_1_81' title="bbox 478 4434 2043 4511; baseline 0.006 -25"><span class='ocrx_word' id='word_1_603' title='bbox 478 4434 666 4500; x_wconf 88' lang='lat' dir='ltr'><strong>atomi,</strong></span> <span class='ocrx_word' id='word_1_604' title='bbox 691 4450 789 4489; x_wconf 92' lang='lat' dir='ltr'><strong>nec</strong></span> <span class='ocrx_word' id='word_1_605' title='bbox 816 4434 1012 4505; x_wconf 87' lang='lat' dir='ltr'><strong>frangi,</strong></span> <span class='ocrx_word' id='word_1_606' title='bbox 1045 4452 1143 4491; x_wconf 92' lang='lat' dir='ltr'><strong>nec</strong></span> <span class='ocrx_word' id='word_1_607' title='bbox 1167 4438 1478 4494; x_wconf 86' lang='lat' dir='ltr'><strong>detrimenti</strong></span> <span class='ocrx_word' id='word_1_608' title='bbox 1510 4455 1680 4511; x_wconf 89' lang='lat' dir='ltr'><strong>genus</strong></span> <span class='ocrx_word' id='word_1_609' title='bbox 1706 4442 1875 4495; x_wconf 88' lang='lat' dir='ltr'><strong>ullum</strong></span> <span class='ocrx_word' id='word_1_610' title='bbox 1908 4442 2043 4497; x_wconf 87' lang='lat' dir='ltr'><strong>sub-</strong></span> 
     </span>
    </p>
   </div>
   <div class='ocr_carea' id='block_1_82' title="bbox 476 4523 2045 4605">
    <p class='ocr_par' dir='ltr' id='par_1_82' title="bbox 476 4523 2045 4605">
     <span class='ocr_line' id='line_1_82' title="bbox 476 4523 2045 4605; baseline 0.008 -27"><span class='ocrx_word' id='word_1_611' title='bbox 476 4523 556 4578; x_wconf 88' lang='lat' dir='ltr'><strong>ire</strong></span> <span class='ocrx_word' id='word_1_612' title='bbox 584 4528 815 4595; x_wconf 86' lang='lat' dir='ltr'><strong>possint.</strong></span> <span class='ocrx_word' id='word_1_613' title='bbox 868 4528 1096 4600; x_wconf 86' lang='lat' dir='ltr'><strong>Figuras</strong></span> <span class='ocrx_word' id='word_1_614' title='bbox 1140 4532 1301 4601; x_wconf 90' lang='lat' dir='ltr'><strong>igitur</strong></span> <span class='ocrx_word' id='word_1_615' title='bbox 1331 4533 1577 4602; x_wconf 85' lang='lat' dir='ltr'><strong>prOprias</strong></span> <span class='ocrx_word' id='word_1_616' title='bbox 1618 4534 1852 4602; x_wconf 86' lang='lat' dir='ltr'><strong>habere,</strong></span> <span class='ocrx_word' id='word_1_617' title='bbox 1907 4552 2045 4605; x_wconf 86' lang='lat' dir='ltr'><strong>quas</strong></span> 
     </span>
    </p>
   </div>
   <div class='ocr_carea' id='block_1_83' title="bbox 474 4618 2043 4700">
    <p class='ocr_par' dir='ltr' id='par_1_83' title="bbox 474 4618 2043 4700">
     <span class='ocr_line' id='line_1_83' title="bbox 474 4618 2043 4700; baseline 0.01 -30"><span class='ocrx_word' id='word_1_618' title='bbox 474 4618 615 4671; x_wconf 87' lang='lat' dir='ltr'><strong>ratio</strong></span> <span class='ocrx_word' id='word_1_619' title='bbox 644 4621 925 4690; x_wconf 88' lang='lat' dir='ltr'><strong>percipiat.</strong></span> <span class='ocrx_word' id='word_1_620' title='bbox 950 4621 1015 4676; x_wconf 86' lang='lat' dir='ltr'><strong>Et</strong></span> <span class='ocrx_word' id='word_1_621' title='bbox 1039 4638 1165 4677; x_wconf 89' lang='lat' dir='ltr'><strong>vero</strong></span> <span class='ocrx_word' id='word_1_622' title='bbox 1192 4633 1433 4679; x_wconf 88' lang='lat' dir='ltr'><strong>atomum</strong></span> <span class='ocrx_word' id='word_1_623' title='bbox 1461 4628 1740 4697; x_wconf 86' lang='lat' dir='ltr'><strong>appellari,</strong></span> <span class='ocrx_word' id='word_1_624' title='bbox 1768 4646 1873 4684; x_wconf 89' lang='lat' dir='ltr'><strong>non</strong></span> <span class='ocrx_word' id='word_1_625' title='bbox 1899 4633 2043 4700; x_wconf 87' lang='lat' dir='ltr'><strong>quod</strong></span> 
     </span>
    </p>
   </div>
   <div class='ocr_carea' id='block_1_84' title="bbox 545 4798 2043 4882">
    <p class='ocr_par' dir='ltr' id='par_1_84' title="bbox 545 4798 2043 4882">
     <span class='ocr_line' id='line_1_84' title="bbox 545 4798 2043 4882; baseline 0.008 -31"><span class='ocrx_word' id='word_1_626' title='bbox 545 4798 654 4882; x_wconf 79' lang='lat'><strong>_(6_8)</strong></span> <span class='ocrx_word' id='word_1_627' title='bbox 676 4799 824 4882; x_wconf 52' lang='lat' dir='ltr'><strong>:Aiip</strong></span> <span class='ocrx_word' id='word_1_628' title='bbox 855 4800 1005 4882; x_wconf 49' lang='lat' dir='ltr'><strong>tigri,</strong></span> <span class='ocrx_word' id='word_1_629' title='bbox 1034 4810 1133 4882; x_wconf 77' lang='lat' dir='ltr'><strong>etc.</strong></span> <span class='ocrx_word' id='word_1_630' title='bbox 1172 4800 1474 4882; x_wconf 78' lang='lat' dir='ltr'><strong>Plutarch.,</strong></span> <span class='ocrx_word' id='word_1_631' title='bbox 1506 4806 1613 4877; x_wconf 86' lang='grc' dir='ltr'><strong>ἀὴρ</strong></span> <span class='ocrx_word' id='word_1_632' title='bbox 1641 4802 1776 4861; x_wconf 82' lang='grc' dir='ltr'>οὖσα</span> <span class='ocrx_word' id='word_1_633' title='bbox 1803 4826 2043 4882; x_wconf 84' lang='grc' dir='ltr'>συγκρα-</span> 
     </span>
    </p>
   </div>
   <div class='ocr_carea' id='block_1_85' title="bbox 472 4870 1335 4953">
    <p class='ocr_par' dir='ltr' id='par_1_85' title="bbox 472 4870 1335 4953">
     <span class='ocr_line' id='line_1_85' title="bbox 472 4870 1335 4953; baseline 0.008 -33"><span class='ocrx_word' id='word_1_634' title='bbox 472 4871 765 4953; x_wconf 36' lang='grc' dir='ltr'><strong>τεῖιῄμέίὲ-ἱ</strong></span> <span class='ocrx_word' id='word_1_635' title='bbox 784 4872 877 4953; x_wconf 57' lang='grc' dir='ltr'>κα]</span> <span class='ocrx_word' id='word_1_636' title='bbox 902 4870 1018 4923; x_wconf 83' lang='grc' dir='ltr'>ὅλον</span> <span class='ocrx_word' id='word_1_637' title='bbox 1043 4872 1137 4925; x_wconf 80' lang='grc' dir='ltr'><strong>τὸν</strong></span> <span class='ocrx_word' id='word_1_638' title='bbox 1173 4874 1335 4953; x_wconf 77' lang='grc' dir='ltr'>κόσμ.</span> 
     </span>
    </p>
   </div>
   <div class='ocr_carea' id='block_1_86' title="bbox 546 4940 2040 5011">
    <p class='ocr_par' dir='ltr' id='par_1_86' title="bbox 546 4940 2040 5011">
     <span class='ocr_line' id='line_1_86' title="bbox 546 4940 2040 5011; baseline 0.008 -20"><span class='ocrx_word' id='word_1_639' title='bbox 546 4941 652 5010; x_wconf 76' lang='lat'><strong>(69)</strong></span> <span class='ocrx_word' id='word_1_640' title='bbox 681 4940 814 5011; x_wconf 16' lang='lat' dir='ltr'><strong>ATQr</strong></span> <span class='ocrx_word' id='word_1_641' title='bbox 840 4940 1027 4994; x_wconf 74' lang='grc' dir='ltr'>ὄντων</span> <span class='ocrx_word' id='word_1_642' title='bbox 1066 4940 1423 5011; x_wconf 75' lang='grc' dir='ltr'>ὑποστῆναι.</span> <span class='ocrx_word' id='word_1_643' title='bbox 1466 4943 1739 5001; x_wconf 86' lang='lat' dir='ltr'><strong>Plutarch.</strong></span> <span class='ocrx_word' id='word_1_644' title='bbox 1761 4986 1777 5009; x_wconf 89' lang='lat'><strong>,</strong></span> <span class='ocrx_word' id='word_1_645' title='bbox 1811 4948 1918 5003; x_wconf 83' lang='grc' dir='ltr'><strong>τῶν</strong></span> <span class='ocrx_word' id='word_1_646' title='bbox 1955 4950 2040 5003; x_wconf 80' lang='grc' dir='ltr'>όν-</span> 
     </span>
    </p>
   </div>
   <div class='ocr_carea' id='block_1_87' title="bbox 470 5006 2042 5133">
    <p class='ocr_par' dir='ltr' id='par_1_87' title="bbox 470 5006 2042 5133">
     <span class='ocr_line' id='line_1_87' title="bbox 470 5006 2042 5133; baseline 0.011 -73"><span class='ocrx_word' id='word_1_647' title='bbox 470 5006 701 5133; x_wconf 51' lang='grc' dir='ltr'><strong>τιιᾶνῖὲξ</strong></span> <span class='ocrx_word' id='word_1_648' title='bbox 745 5006 811 5081; x_wconf 77' lang='grc' dir='ltr'>ἧς</span> <span class='ocrx_word' id='word_1_649' title='bbox 845 5012 1052 5076; x_wconf 84' lang='grc' dir='ltr'>πάντα,</span> <span class='ocrx_word' id='word_1_650' title='bbox 1098 5006 1424 5084; x_wconf 83' lang='grc' dir='ltr'>ὑποστῆναι,</span> <span class='ocrx_word' id='word_1_651' title='bbox 1456 5017 1597 5085; x_wconf 88' lang='lat' dir='ltr'><strong>quod</strong></span> <span class='ocrx_word' id='word_1_652' title='bbox 1646 5006 2042 5089; x_wconf 80' lang='lat' dir='ltr'><strong>signiﬁcantius</strong></span> 
     </span>
     <span class='ocr_line' id='line_1_88' title="bbox 470 5094 698 5133; baseline 0.009 -2"><span class='ocrx_word' id='word_1_653' title='bbox 470 5094 520 5132; x_wconf 72' lang='lat' dir='ltr'><strong>Vt</strong></span> <span class='ocrx_word' id='word_1_654' title='bbox 561 5095 589 5132; x_wconf 91' lang='lat' dir='ltr'><strong>e</strong></span> <span class='ocrx_word' id='word_1_655' title='bbox 616 5096 698 5133; x_wconf 91' lang='lat' dir='ltr'><strong>ur.</strong></span> 
     </span>
    </p>
   </div>
   <div class='ocr_carea' id='block_1_88' title="bbox 541 5121 2040 5230">
    <p class='ocr_par' dir='ltr' id='par_1_88' title="bbox 541 5121 2040 5230">
     <span class='ocr_line' id='line_1_89' title="bbox 541 5121 2040 5230; baseline 0.009 -29"><span class='ocrx_word' id='word_1_656' title='bbox 541 5121 1365 5230; x_wconf 37' lang='grc' dir='ltr'><strong>ᾓθδέῖΗράκλειτος.ᾎΡνςειθτίι</strong></span> <span class='ocrx_word' id='word_1_657' title='bbox 1412 5153 1709 5230; x_wconf 77' lang='lat' dir='ltr'><strong>Eusebius,</strong></span> <span class='ocrx_word' id='word_1_658' title='bbox 1755 5158 2040 5230; x_wconf 78' lang='lat' dir='ltr'><strong>Anaxago-</strong></span> 
     </span>
    </p>
   </div>
   <div class='ocr_carea' id='block_1_89' title="bbox 468 5220 2038 5351">
    <p class='ocr_par' dir='ltr' id='par_1_89' title="bbox 468 5220 2038 5351">
     <span class='ocr_line' id='line_1_90' title="bbox 468 5220 2038 5295; baseline 0.008 -23"><span class='ocrx_word' id='word_1_659' title='bbox 468 5233 617 5285; x_wconf 87' lang='lat' dir='ltr'><strong>ram,</strong></span> <span class='ocrx_word' id='word_1_660' title='bbox 648 5220 970 5275; x_wconf 84' lang='lat' dir='ltr'><strong>Archelaum</strong></span> <span class='ocrx_word' id='word_1_661' title='bbox 1010 5233 1065 5276; x_wconf 90' lang='lat' dir='ltr'><strong>et</strong></span> <span class='ocrx_word' id='word_1_662' title='bbox 1089 5223 1482 5294; x_wconf 85' lang='lat' dir='ltr'><strong>Pythagoram;</strong></span> <span class='ocrx_word' id='word_1_663' title='bbox 1508 5226 1634 5295; x_wconf 82' lang='lat' dir='ltr'><strong>quid</strong></span> <span class='ocrx_word' id='word_1_664' title='bbox 1663 5220 1903 5291; x_wconf 85' lang='lat' dir='ltr'><strong>secutus.</strong></span> <span class='ocrx_word' id='word_1_665' title='bbox 1928 5220 2038 5285; x_wconf 51' lang='lat' dir='ltr'><strong>nvon</strong></span> 
     </span>
     <span class='ocr_line' id='line_1_91' title="bbox 468 5289 2038 5351; baseline 0.005 -8"><span class='ocrx_word' id='word_1_666' title='bbox 468 5289 645 5351; x_wconf 82' lang='lat' dir='ltr'><strong>video,</strong></span> <span class='ocrx_word' id='word_1_667' title='bbox 681 5291 786 5346; x_wconf 92' lang='lat' dir='ltr'><strong>nisi</strong></span> <span class='ocrx_word' id='word_1_668' title='bbox 826 5294 970 5351; x_wconf 84' lang='lat' dir='ltr'><strong>quod</strong></span> <span class='ocrx_word' id='word_1_669' title='bbox 1016 5296 1176 5351; x_wconf 87' lang='lat' dir='ltr'><strong>paulo</strong></span> <span class='ocrx_word' id='word_1_670' title='bbox 1212 5303 1348 5351; x_wconf 80' lang='lat' dir='ltr'><strong>post.</strong></span> <span class='ocrx_word' id='word_1_671' title='bbox 1382 5311 1500 5351; x_wconf 73' lang='lat' dir='ltr'><strong>nae.</strong></span> <span class='ocrx_word' id='word_1_672' title='bbox 1551 5296 1674 5351; x_wconf 81' lang='lat'><strong>750.</strong></span> <span class='ocrx_word' id='word_1_673' title='bbox 1700 5299 2038 5351; x_wconf 63' lang='lat' dir='ltr'><strong>Anaxagorae</strong></span> 
     </span>
    </p>
   </div>
   <div class='ocr_carea' id='block_1_90' title="bbox 467 5303 2040 5438">
    <p class='ocr_par' dir='ltr' id='par_1_90' title="bbox 467 5303 2040 5438">
     <span class='ocr_line' id='line_1_92' title="bbox 467 5303 2040 5371; baseline 0.008 -28"><span class='ocrx_word' id='word_1_674' title='bbox 467 5303 645 5353; x_wconf 77' lang='lat' dir='ltr'><strong>Video,</strong></span> <span class='ocrx_word' id='word_1_675' title='bbox 681 5308 786 5346; x_wconf 85' lang='lat' dir='ltr'><strong>nisi</strong></span> <span class='ocrx_word' id='word_1_676' title='bbox 826 5303 970 5360; x_wconf 87' lang='lat' dir='ltr'><strong>quod</strong></span> <span class='ocrx_word' id='word_1_677' title='bbox 1016 5303 1176 5360; x_wconf 87' lang='lat' dir='ltr'><strong>paulo</strong></span> <span class='ocrx_word' id='word_1_678' title='bbox 1212 5303 1348 5361; x_wconf 86' lang='lat' dir='ltr'><strong>post.</strong></span> <span class='ocrx_word' id='word_1_679' title='bbox 1380 5311 1500 5365; x_wconf 88' lang='lat' dir='ltr'><strong>pag.</strong></span> <span class='ocrx_word' id='word_1_680' title='bbox 1551 5303 1674 5361; x_wconf 79' lang='lat'><strong>750,</strong></span> <span class='ocrx_word' id='word_1_681' title='bbox 1700 5303 2040 5371; x_wconf 68' lang='lat' dir='ltr'><strong>Anaxagorae</strong></span> 
     </span>
     <span class='ocr_line' id='line_1_93' title="bbox 468 5362 2040 5438; baseline 0.01 -26"><span class='ocrx_word' id='word_1_682' title='bbox 468 5363 792 5438; x_wconf 73' lang='lat' dir='ltr'><strong>sententiam</strong></span> <span class='ocrx_word' id='word_1_683' title='bbox 824 5363 1070 5438; x_wconf 82' lang='lat' dir='ltr'><strong>plnr_ihns</strong></span> <span class='ocrx_word' id='word_1_684' title='bbox 1093 5378 1158 5417; x_wconf 86' lang='lat' dir='ltr'><strong>ex</strong></span> <span class='ocrx_word' id='word_1_685' title='bbox 1186 5362 1409 5438; x_wconf 85' lang='lat' dir='ltr'><strong>Platone</strong></span> <span class='ocrx_word' id='word_1_686' title='bbox 1445 5366 1743 5424; x_wconf 83' lang='lat' dir='ltr'><strong>traditurus</strong></span> <span class='ocrx_word' id='word_1_687' title='bbox 1774 5380 1950 5438; x_wconf 78' lang='lat' dir='ltr'><strong>esset;</strong></span> <span class='ocrx_word' id='word_1_688' title='bbox 1984 5382 2040 5427; x_wconf 75' lang='lat' dir='ltr'><strong>at</strong></span> 
     </span>
    </p>
   </div>
   <div class='ocr_carea' id='block_1_91' title="bbox 466 5430 1415 5503">
    <p class='ocr_par' dir='ltr' id='par_1_91' title="bbox 466 5430 1415 5503">
     <span class='ocr_line' id='line_1_94' title="bbox 466 5430 1415 5503; baseline 0.006 -21"><span class='ocrx_word' id='word_1_689' title='bbox 466 5430 533 5482; x_wconf 87' lang='lat' dir='ltr'><strong>de</strong></span> <span class='ocrx_word' id='word_1_690' title='bbox 549 5430 835 5503; x_wconf 46' lang='lat' dir='ltr'><strong>Archelao</strong></span> <span class='ocrx_word' id='word_1_691' title='bbox 852 5442 903 5487; x_wconf 86' lang='lat' dir='ltr'><strong>et</strong></span> <span class='ocrx_word' id='word_1_692' title='bbox 925 5431 1231 5503; x_wconf 84' lang='lat' dir='ltr'><strong>Pythagora</strong></span> <span class='ocrx_word' id='word_1_693' title='bbox 1264 5436 1415 5491; x_wconf 91' lang='lat' dir='ltr'><strong>nihil.</strong></span> 
     </span>
    </p>
   </div>
   <div class='ocr_carea' id='block_1_92' title="bbox 536 5501 2033 5580">
    <p class='ocr_par' dir='ltr' id='par_1_92' title="bbox 536 5501 2033 5580">
     <span class='ocr_line' id='line_1_95' title="bbox 536 5501 2033 5580; baseline 0.011 -29"><span class='ocrx_word' id='word_1_694' title='bbox 536 5501 643 5580; x_wconf 68' lang='grc' dir='ltr'><strong>(η)</strong></span> <span class='ocrx_word' id='word_1_695' title='bbox 677 5502 797 5580; x_wconf 44' lang='grc' dir='ltr'><strong>Γῆ-</strong></span> <span class='ocrx_word' id='word_1_696' title='bbox 817 5501 1113 5580; x_wconf 54' lang='grc' dir='ltr'>γίγνεταιζ</span> <span class='ocrx_word' id='word_1_697' title='bbox 1143 5506 1337 5561; x_wconf 75' lang='lat' dir='ltr'><strong>Facilis</strong></span> <span class='ocrx_word' id='word_1_698' title='bbox 1365 5514 1482 5580; x_wconf 85' lang='lat' dir='ltr'><strong>erat</strong></span> <span class='ocrx_word' id='word_1_699' title='bbox 1507 5518 1844 5580; x_wconf 63' lang='lat' dir='ltr'><strong>conjectura,</strong></span> <span class='ocrx_word' id='word_1_700' title='bbox 1882 5525 2033 5580; x_wconf 87' lang='lat' dir='ltr'><strong>repo-</strong></span> 
     </span>
    </p>
   </div>
   <div class='ocr_carea' id='block_1_93' title="bbox 460 5570 2033 5667">
    <p class='ocr_par' dir='ltr' id='par_1_93' title="bbox 460 5570 2033 5667">
     <span class='ocr_line' id='line_1_96' title="bbox 460 5570 2033 5667; baseline 0.009 -44"><span class='ocrx_word' id='word_1_701' title='bbox 460 5570 698 5667; x_wconf 53' lang='lat' dir='ltr'><strong>nendum</strong></span> <span class='ocrx_word' id='word_1_702' title='bbox 863 5570 1165 5643; x_wconf 58' lang='grc' dir='ltr'>ἠξγνεσθαι,</span> <span class='ocrx_word' id='word_1_703' title='bbox 1198 5591 1360 5645; x_wconf 88' lang='lat' dir='ltr'><strong>quam</strong></span> <span class='ocrx_word' id='word_1_704' title='bbox 1394 5570 1676 5634; x_wconf 71' lang='lat' dir='ltr'><strong>lectionem</strong></span> <span class='ocrx_word' id='word_1_705' title='bbox 1706 5570 2033 5637; x_wconf 76' lang='lat' dir='ltr'><strong>Plutarchus</strong></span> 
     </span>
    </p>
   </div>
   <div class='ocr_carea' id='block_1_94' title="bbox 464 5652 1721 5781">
    <p class='ocr_par' dir='ltr' id='par_1_94' title="bbox 464 5652 1721 5781">
     <span class='ocr_line' id='line_1_97' title="bbox 464 5652 1721 5781; baseline 0.008 -17"><span class='ocrx_word' id='word_1_706' title='bbox 464 5652 1081 5780; x_wconf 42' lang='grc' dir='ltr'><strong>ιῗῗξῖῗῗῗξῗξιοῡσθαι.</strong></span> <span class='ocrx_word' id='word_1_707' title='bbox 1111 5714 1251 5781; x_wconf 86' lang='lat' dir='ltr'><strong>Quid</strong></span> <span class='ocrx_word' id='word_1_708' title='bbox 1284 5702 1330 5771; x_wconf 61' lang='lat' dir='ltr'><strong>5i</strong></span> <span class='ocrx_word' id='word_1_709' title='bbox 1361 5718 1721 5774; x_wconf 77' lang='grc' dir='ltr'>ἀναλύεσθαιῖ</span> 
     </span>
    </p>
   </div>
   <div class='ocr_carea' id='block_1_95' title="bbox 2157 3428 3719 3502">
    <p class='ocr_par' dir='ltr' id='par_1_95' title="bbox 2157 3428 3719 3502">
     <span class='ocr_line' id='line_1_98' title="bbox 2157 3428 3719 3502; baseline 0.003 -21"><span class='ocrx_word' id='word_1_710' title='bbox 2157 3428 2505 3501; x_wconf 80' lang='grc' dir='ltr'>προσέθηκεν.</span> <span class='ocrx_word' id='word_1_711' title='bbox 2528 3429 2760 3499; x_wconf 77' lang='grc' dir='ltr'>Ἀνάγκη</span> <span class='ocrx_word' id='word_1_712' title='bbox 2793 3430 2920 3501; x_wconf 78' lang='grc' dir='ltr'>γὰρ,</span> <span class='ocrx_word' id='word_1_713' title='bbox 2944 3431 3095 3501; x_wconf 65' lang='grc' dir='ltr'>φησι,</span> <span class='ocrx_word' id='word_1_714' title='bbox 3123 3430 3471 3486; x_wconf 82' lang='grc' dir='ltr'>κινεῖσθαιτά</span> <span class='ocrx_word' id='word_1_715' title='bbox 3501 3431 3719 3502; x_wconf 73' lang='grc' dir='ltr'>σώματα</span> 
     </span>
    </p>
   </div>
   <div class='ocr_carea' id='block_1_96' title="bbox 2152 3520 3719 3594">
    <p class='ocr_par' dir='ltr' id='par_1_96' title="bbox 2152 3520 3719 3594">
     <span class='ocr_line' id='line_1_99' title="bbox 2152 3520 3719 3594; baseline 0.002 -20"><span class='ocrx_word' id='word_1_716' title='bbox 2152 3524 2217 3592; x_wconf 83' lang='grc' dir='ltr'>τῇ</span> <span class='ocrx_word' id='word_1_717' title='bbox 2249 3521 2340 3574; x_wconf 80' lang='grc' dir='ltr'>τοῦ</span> <span class='ocrx_word' id='word_1_718' title='bbox 2382 3521 2576 3593; x_wconf 83' lang='grc' dir='ltr'>βάρους</span> <span class='ocrx_word' id='word_1_719' title='bbox 2608 3521 2807 3593; x_wconf 79' lang='grc' dir='ltr'>πληγῇ,</span> <span class='ocrx_word' id='word_1_720' title='bbox 2842 3522 2963 3575; x_wconf 71' lang='grc' dir='ltr'>ἐπεὶ</span> <span class='ocrx_word' id='word_1_721' title='bbox 3001 3523 3059 3574; x_wconf 81' lang='grc' dir='ltr'><strong>ού</strong></span> <span class='ocrx_word' id='word_1_722' title='bbox 3093 3523 3460 3594; x_wconf 77' lang='grc' dir='ltr'>κινηθήσεται.</span> <span class='ocrx_word' id='word_1_723' title='bbox 3493 3520 3645 3577; x_wconf 76' lang='grc' dir='ltr'>Εἶναι</span> <span class='ocrx_word' id='word_1_724' title='bbox 3667 3524 3719 3577; x_wconf 76' lang='grc' dir='ltr'>δὲ</span> 
     </span>
    </p>
   </div>
   <div class='ocr_carea' id='block_1_97' title="bbox 2152 3615 3719 3687">
    <p class='ocr_par' dir='ltr' id='par_1_97' title="bbox 2152 3615 3719 3687">
     <span class='ocr_line' id='line_1_100' title="bbox 2152 3615 3719 3687; baseline 0.002 -20"><span class='ocrx_word' id='word_1_725' title='bbox 2152 3615 2222 3668; x_wconf 86' lang='grc' dir='ltr'><strong>τά</strong></span> <span class='ocrx_word' id='word_1_726' title='bbox 2251 3616 2502 3687; x_wconf 76' lang='grc' dir='ltr'>σχήματα</span> <span class='ocrx_word' id='word_1_727' title='bbox 2545 3616 2720 3668; x_wconf 84' lang='grc' dir='ltr'>αύτῶν</span> <span class='ocrx_word' id='word_1_728' title='bbox 2775 3616 2990 3686; x_wconf 85' lang='grc' dir='ltr'>ἀτόμων</span> <span class='ocrx_word' id='word_1_729' title='bbox 3024 3615 3326 3686; x_wconf 81' lang='grc' dir='ltr'>περιληπτά</span> <span class='ocrx_word' id='word_1_730' title='bbox 3373 3617 3471 3669; x_wconf 87' lang='grc' dir='ltr'><strong>ούκ</strong></span> <span class='ocrx_word' id='word_1_731' title='bbox 3499 3618 3719 3687; x_wconf 71' lang='grc' dir='ltr'>ἄπειρα*</span> 
     </span>
    </p>
   </div>
   <div class='ocr_carea' id='block_1_98' title="bbox 2156 3702 3719 3779">
    <p class='ocr_par' dir='ltr' id='par_1_98' title="bbox 2156 3702 3719 3779">
     <span class='ocr_line' id='line_1_101' title="bbox 2156 3702 3719 3779; baseline -0.009 -17"><span class='ocrx_word' id='word_1_732' title='bbox 2156 3706 2229 3776; x_wconf 83' lang='grc' dir='ltr'>μὴ</span> <span class='ocrx_word' id='word_1_733' title='bbox 2253 3707 2357 3776; x_wconf 91' lang='grc' dir='ltr'><strong>γάρ</strong></span> <span class='ocrx_word' id='word_1_734' title='bbox 2390 3702 2526 3760; x_wconf 73' lang='grc' dir='ltr'>εἶναι</span> <span class='ocrx_word' id='word_1_735' title='bbox 2556 3709 2691 3778; x_wconf 73' lang='grc' dir='ltr'>μήτε</span> <span class='ocrx_word' id='word_1_736' title='bbox 2752 3708 3192 3778; x_wconf 84' lang='grc' dir='ltr'>ἀγκιστροειδεῖς,</span> <span class='ocrx_word' id='word_1_737' title='bbox 3252 3710 3389 3778; x_wconf 81' lang='grc' dir='ltr'>μήτε</span> <span class='ocrx_word' id='word_1_738' title='bbox 3439 3725 3719 3779; x_wconf 81' lang='grc' dir='ltr'>τριαινοει-</span> 
     </span>
    </p>
   </div>
   <div class='ocr_carea' id='block_1_99' title="bbox 2150 3796 3722 3869">
    <p class='ocr_par' dir='ltr' id='par_1_99' title="bbox 2150 3796 3722 3869">
     <span class='ocr_line' id='line_1_102' title="bbox 2150 3796 3722 3869; baseline 0.002 -20"><span class='ocrx_word' id='word_1_739' title='bbox 2150 3796 2277 3859; x_wconf 85' lang='grc' dir='ltr'>δεῖς,</span> <span class='ocrx_word' id='word_1_740' title='bbox 2316 3798 2453 3868; x_wconf 86' lang='grc' dir='ltr'>μήτε</span> <span class='ocrx_word' id='word_1_741' title='bbox 2483 3797 2819 3869; x_wconf 82' lang='grc' dir='ltr'>κρικοειδεῖς·</span> <span class='ocrx_word' id='word_1_742' title='bbox 2870 3798 3039 3851; x_wconf 80' lang='grc' dir='ltr'>ταῦτα</span> <span class='ocrx_word' id='word_1_743' title='bbox 3069 3797 3176 3869; x_wconf 84' lang='grc' dir='ltr'>γὰρ</span> <span class='ocrx_word' id='word_1_744' title='bbox 3208 3798 3275 3850; x_wconf 87' lang='grc' dir='ltr'><strong>τά</strong></span> <span class='ocrx_word' id='word_1_745' title='bbox 3306 3799 3557 3869; x_wconf 81' lang='grc' dir='ltr'>σχήματά</span> <span class='ocrx_word' id='word_1_746' title='bbox 3578 3803 3722 3854; x_wconf 77' lang='grc' dir='ltr'>ἐστιν</span> 
     </span>
    </p>
   </div>
   <div class='ocr_carea' id='block_1_100' title="bbox 2151 3888 3722 3960">
    <p class='ocr_par' dir='ltr' id='par_1_100' title="bbox 2151 3888 3722 3960">
     <span class='ocr_line' id='line_1_103' title="bbox 2151 3888 3722 3960; baseline 0.003 -18"><span class='ocrx_word' id='word_1_747' title='bbox 2151 3888 2475 3960; x_wconf 73' lang='grc' dir='ltr'>εὔθραυστα,</span> <span class='ocrx_word' id='word_1_748' title='bbox 2510 3890 2653 3943; x_wconf 80' lang='grc' dir='ltr'>αἰδὲ</span> <span class='ocrx_word' id='word_1_749' title='bbox 2705 3891 2895 3960; x_wconf 83' lang='grc' dir='ltr'>ἄτομοι</span> <span class='ocrx_word' id='word_1_750' title='bbox 2937 3891 3188 3954; x_wconf 87' lang='grc' dir='ltr'>ἀπαθεῖς,</span> <span class='ocrx_word' id='word_1_751' title='bbox 3248 3890 3560 3959; x_wconf 81' lang='grc' dir='ltr'>ἄθραυστοι·</span> <span class='ocrx_word' id='word_1_752' title='bbox 3617 3892 3722 3947; x_wconf 60' lang='lat' dir='ltr'><strong>tam</strong></span> 
     </span>
    </p>
   </div>
   <div class='ocr_carea' id='block_1_101' title="bbox 2149 3981 3717 4056">
    <p class='ocr_par' dir='ltr' id='par_1_101' title="bbox 2149 3981 3717 4056">
     <span class='ocr_line' id='line_1_104' title="bbox 2149 3981 3717 4056; baseline 0.003 -23"><span class='ocrx_word' id='word_1_753' title='bbox 2149 3981 2205 4034; x_wconf 87' lang='grc' dir='ltr'>δὲ</span> <span class='ocrx_word' id='word_1_754' title='bbox 2229 3982 2369 4052; x_wconf 80' lang='grc' dir='ltr'>ἔχειν</span> <span class='ocrx_word' id='word_1_755' title='bbox 2404 3985 2673 4053; x_wconf 84' lang='grc' dir='ltr'>σχήματα,</span> <span class='ocrx_word' id='word_1_756' title='bbox 2720 3982 2860 4053; x_wconf 86' lang='grc' dir='ltr'>λόγῳ</span> <span class='ocrx_word' id='word_1_757' title='bbox 2881 3982 3148 4054; x_wconf 77' lang='grc' dir='ltr'>θεωρητά.</span> <span class='ocrx_word' id='word_1_758' title='bbox 3210 3984 3319 4037; x_wconf 77' lang='grc' dir='ltr'>Καὶ</span> <span class='ocrx_word' id='word_1_759' title='bbox 3341 3984 3553 4056; x_wconf 76' lang='grc' dir='ltr'>εἴρηται</span> <span class='ocrx_word' id='word_1_760' title='bbox 3598 3985 3717 4040; x_wconf 81' lang='grc' dir='ltr'>ἀτο-</span> 
     </span>
    </p>
   </div>
   <div class='ocr_carea' id='block_1_102' title="bbox 2152 4087 3717 4161">
    <p class='ocr_par' dir='ltr' id='par_1_102' title="bbox 2152 4087 3717 4161">
     <span class='ocr_line' id='line_1_105' title="bbox 2152 4087 3717 4161; baseline 0.003 -22"><span class='ocrx_word' id='word_1_761' title='bbox 2152 4104 2269 4158; x_wconf 81' lang='grc' dir='ltr'>μος,</span> <span class='ocrx_word' id='word_1_762' title='bbox 2303 4088 2400 4157; x_wconf 80' lang='grc' dir='ltr'><strong>ούχ</strong></span> <span class='ocrx_word' id='word_1_763' title='bbox 2422 4088 2504 4140; x_wconf 82' lang='grc' dir='ltr'>ὅτι</span> <span class='ocrx_word' id='word_1_764' title='bbox 2526 4089 2672 4141; x_wconf 71' lang='grc' dir='ltr'>ἐστὶν</span> <span class='ocrx_word' id='word_1_765' title='bbox 2701 4088 2978 4159; x_wconf 73' lang='grc' dir='ltr'>ἐλαχίστη,</span> <span class='ocrx_word' id='word_1_766' title='bbox 2999 4087 3113 4141; x_wconf 82' lang='grc' dir='ltr'>ἀλλ’</span> <span class='ocrx_word' id='word_1_767' title='bbox 3143 4089 3221 4142; x_wconf 85' lang='grc' dir='ltr'>ὃτι</span> <span class='ocrx_word' id='word_1_768' title='bbox 3246 4089 3303 4141; x_wconf 82' lang='grc' dir='ltr'><strong>ού</strong></span> <span class='ocrx_word' id='word_1_769' title='bbox 3331 4089 3551 4144; x_wconf 87' lang='grc' dir='ltr'>δύναται</span> <span class='ocrx_word' id='word_1_770' title='bbox 3579 4108 3717 4161; x_wconf 75' lang='grc' dir='ltr'>τμη-</span> 
     </span>
    </p>
   </div>
   <div class='ocr_carea' id='block_1_103' title="bbox 2148 4190 3717 4266">
    <p class='ocr_par' dir='ltr' id='par_1_103' title="bbox 2148 4190 3717 4266">
     <span class='ocr_line' id='line_1_106' title="bbox 2148 4190 3717 4266; baseline 0.003 -21"><span class='ocrx_word' id='word_1_771' title='bbox 2148 4192 2324 4264; x_wconf 82' lang='grc' dir='ltr'>θῆναι,</span> <span class='ocrx_word' id='word_1_772' title='bbox 2361 4193 2573 4265; x_wconf 82' lang='grc' dir='ltr'>ἀπαθὴς</span> <span class='ocrx_word' id='word_1_773' title='bbox 2602 4190 2735 4248; x_wconf 74' lang='grc' dir='ltr'>οὖσα</span> <span class='ocrx_word' id='word_1_774' title='bbox 2775 4196 2866 4248; x_wconf 77' lang='grc' dir='ltr'><strong>καὶ</strong></span> <span class='ocrx_word' id='word_1_775' title='bbox 2908 4196 3170 4266; x_wconf 85' lang='grc' dir='ltr'>ἀμέτοχος</span> <span class='ocrx_word' id='word_1_776' title='bbox 3218 4195 3395 4249; x_wconf 84' lang='grc' dir='ltr'>κενοῦ·</span> <span class='ocrx_word' id='word_1_777' title='bbox 3427 4195 3565 4249; x_wconf 85' lang='grc' dir='ltr'>ὥστε</span> <span class='ocrx_word' id='word_1_778' title='bbox 3624 4196 3717 4249; x_wconf 84' lang='grc' dir='ltr'><strong>ὲάν</strong></span> 
     </span>
    </p>
   </div>
   <div class='ocr_carea' id='block_1_104' title="bbox 2146 4298 3715 4374">
    <p class='ocr_par' dir='ltr' id='par_1_104' title="bbox 2146 4298 3715 4374">
     <span class='ocr_line' id='line_1_107' title="bbox 2146 4298 3715 4374; baseline 0.003 -23"><span class='ocrx_word' id='word_1_779' title='bbox 2146 4298 2275 4370; x_wconf 82' lang='grc' dir='ltr'>εἴπῃ</span> <span class='ocrx_word' id='word_1_780' title='bbox 2300 4298 2409 4369; x_wconf 69' lang='grc'><strong>(74)</strong></span> <span class='ocrx_word' id='word_1_781' title='bbox 2444 4301 2660 4370; x_wconf 82' lang='grc' dir='ltr'>ἄτομον,</span> <span class='ocrx_word' id='word_1_782' title='bbox 2678 4300 2999 4372; x_wconf 86' lang='grc' dir='ltr'>ἄθραυστον,</span> <span class='ocrx_word' id='word_1_783' title='bbox 3020 4301 3166 4370; x_wconf 87' lang='grc' dir='ltr'>λέγει</span> <span class='ocrx_word' id='word_1_784' title='bbox 3190 4302 3371 4373; x_wconf 82' lang='grc' dir='ltr'>ἀπαθῆ</span> <span class='ocrx_word' id='word_1_785' title='bbox 3397 4303 3529 4374; x_wconf 83' lang='grc'><strong>(75),</strong></span> <span class='ocrx_word' id='word_1_786' title='bbox 3552 4304 3715 4374; x_wconf 82' lang='grc' dir='ltr'>ἀμέτ-</span> 
     </span>
    </p>
   </div>
   <div class='ocr_carea' id='block_1_105' title="bbox 2078 4403 3715 4483">
    <p class='ocr_par' dir='ltr' id='par_1_105' title="bbox 2078 4403 3715 4483">
     <span class='ocr_line' id='line_1_108' title="bbox 2078 4403 3715 4483; baseline 0.005 -27"><span class='ocrx_word' id='word_1_787' title='bbox 2078 4416 2120 4473; x_wconf 79' lang='lat' dir='ltr'><strong>D</strong></span> <span class='ocrx_word' id='word_1_788' title='bbox 2147 4421 2270 4475; x_wconf 90' lang='grc' dir='ltr'>οχον</span> <span class='ocrx_word' id='word_1_789' title='bbox 2299 4403 2475 4459; x_wconf 79' lang='grc' dir='ltr'>κενοῦ.</span> <span class='ocrx_word' id='word_1_790' title='bbox 2516 4407 2638 4460; x_wconf 87' lang='grc' dir='ltr'><strong>Ὅτι</strong></span> <span class='ocrx_word' id='word_1_791' title='bbox 2675 4408 2730 4461; x_wconf 85' lang='grc' dir='ltr'><strong>δέ</strong></span> <span class='ocrx_word' id='word_1_792' title='bbox 2764 4409 2911 4461; x_wconf 78' lang='grc' dir='ltr'>ἐστιν</span> <span class='ocrx_word' id='word_1_793' title='bbox 2974 4408 3193 4479; x_wconf 78' lang='grc' dir='ltr'>ἄτομος,</span> <span class='ocrx_word' id='word_1_794' title='bbox 3223 4410 3414 4479; x_wconf 74' lang='grc' dir='ltr'>σαφές·</span> <span class='ocrx_word' id='word_1_795' title='bbox 3461 4413 3555 4465; x_wconf 80' lang='grc' dir='ltr'><strong>καὶ</strong></span> <span class='ocrx_word' id='word_1_796' title='bbox 3608 4411 3715 4483; x_wconf 77' lang='grc' dir='ltr'>γάρ</span> 
     </span>
    </p>
   </div>
   <div class='ocr_carea' id='block_1_106' title="bbox 2147 4512 3713 4591">
    <p class='ocr_par' dir='ltr' id='par_1_106' title="bbox 2147 4512 3713 4591">
     <span class='ocr_line' id='line_1_109' title="bbox 2147 4512 3713 4591; baseline 0.008 -28"><span class='ocrx_word' id='word_1_797' title='bbox 2147 4512 2259 4565; x_wconf 72' lang='grc' dir='ltr'>ἐστι</span> <span class='ocrx_word' id='word_1_798' title='bbox 2294 4516 2548 4583; x_wconf 85' lang='grc' dir='ltr'>στοιχεῖα,</span> <span class='ocrx_word' id='word_1_799' title='bbox 2583 4514 2677 4567; x_wconf 74' lang='grc' dir='ltr'>καὶ</span> <span class='ocrx_word' id='word_1_800' title='bbox 2703 4514 2817 4580; x_wconf 80' lang='grc' dir='ltr'><strong>ζῶα</strong></span> <span class='ocrx_word' id='word_1_801' title='bbox 2855 4514 3005 4581; x_wconf 77' lang='grc' dir='ltr'>κενὰ,</span> <span class='ocrx_word' id='word_1_802' title='bbox 3034 4517 3126 4569; x_wconf 84' lang='grc' dir='ltr'><strong>καὶ</strong></span> <span class='ocrx_word' id='word_1_803' title='bbox 3156 4518 3188 4589; x_wconf 81' lang='grc' dir='ltr'><strong>ἠ</strong></span> <span class='ocrx_word' id='word_1_804' title='bbox 3232 4520 3415 4587; x_wconf 80' lang='grc' dir='ltr'>μονάς.</span> <span class='ocrx_word' id='word_1_805' title='bbox 3460 4521 3713 4591; x_wconf 78' lang='grc' dir='ltr'>Ἐμπεδοο</span> 
     </span>
    </p>
   </div>
   <div class='ocr_carea' id='block_1_107' title="bbox 2146 4613 3711 4695">
    <p class='ocr_par' dir='ltr' id='par_1_107' title="bbox 2146 4613 3711 4695">
     <span class='ocr_line' id='line_1_110' title="bbox 2146 4613 3711 4695; baseline 0.009 -29"><span class='ocrx_word' id='word_1_806' title='bbox 2146 4613 2277 4685; x_wconf 83' lang='grc' dir='ltr'>κλῆς</span> <span class='ocrx_word' id='word_1_807' title='bbox 2299 4615 2568 4680; x_wconf 84' lang='grc' dir='ltr'>Μέτωνος,</span> <span class='ocrx_word' id='word_1_808' title='bbox 2609 4618 3043 4689; x_wconf 83' lang='grc' dir='ltr'>’Δκραγαντῖνος,</span> <span class='ocrx_word' id='word_1_809' title='bbox 3078 4620 3310 4692; x_wconf 79' lang='grc' dir='ltr'>τέτταρα</span> <span class='ocrx_word' id='word_1_810' title='bbox 3335 4624 3431 4693; x_wconf 65' lang='grc' dir='ltr'><strong>μὲν</strong></span> <span class='ocrx_word' id='word_1_811' title='bbox 3455 4630 3711 4695; x_wconf 89' lang='grc' dir='ltr'>στοιχεῖα,</span> 
     </span>
    </p>
   </div>
   <div class='ocr_carea' id='block_1_108' title="bbox 2216 4818 3707 4896">
    <p class='ocr_par' dir='ltr' id='par_1_108' title="bbox 2216 4818 3707 4896">
     <span class='ocr_line' id='line_1_111' title="bbox 2216 4818 3707 4896; baseline 0.005 -25"><span class='ocrx_word' id='word_1_812' title='bbox 2216 4818 2328 4896; x_wconf 37' lang='grc'><strong>(7.5)</strong></span> <span class='ocrx_word' id='word_1_813' title='bbox 2378 4822 2753 4896; x_wconf 64' lang='grc' dir='ltr'>Δημᾴκριζοςι</span> <span class='ocrx_word' id='word_1_814' title='bbox 2809 4822 2964 4896; x_wconf 77' lang='lat' dir='ltr'><strong>Apud</strong></span> <span class='ocrx_word' id='word_1_815' title='bbox 3016 4821 3365 4878; x_wconf 88' lang='lat' dir='ltr'><strong>Plutarchum</strong></span> <span class='ocrx_word' id='word_1_816' title='bbox 3414 4824 3484 4879; x_wconf 89' lang='lat' dir='ltr'><strong>ita</strong></span> <span class='ocrx_word' id='word_1_817' title='bbox 3521 4826 3707 4896; x_wconf 85' lang='lat' dir='ltr'><strong>leges:</strong></span> 
     </span>
    </p>
   </div>
   <div class='ocr_carea' id='block_1_109' title="bbox 2156 4888 3711 4980">
    <p class='ocr_par' dir='ltr' id='par_1_109' title="bbox 2156 4888 3711 4980">
     <span class='ocr_line' id='line_1_112' title="bbox 2156 4888 3711 4980; baseline 0.006 -40"><span class='ocrx_word' id='word_1_818' title='bbox 2156 4888 2473 4980; x_wconf 30' lang='lat' dir='ltr'><strong>’Exrzixou&#39;pot;</strong></span> <span class='ocrx_word' id='word_1_819' title='bbox 2506 4891 2821 4980; x_wconf 53' lang='grc' dir='ltr'>Νεοκλέους,</span> <span class='ocrx_word' id='word_1_820' title='bbox 2860 4888 3140 4980; x_wconf 50' lang='grc' dir='ltr'>ᾏθηναῖος</span> <span class='ocrx_word' id='word_1_821' title='bbox 3158 4934 3171 4956; x_wconf 92' lang='grc'><strong>,</strong></span> <span class='ocrx_word' id='word_1_822' title='bbox 3205 4897 3343 4947; x_wconf 86' lang='grc' dir='ltr'><strong>κατά</strong></span> <span class='ocrx_word' id='word_1_823' title='bbox 3373 4888 3711 4980; x_wconf 53' lang='grc' dir='ltr'>ῥημόκριτον</span> 
     </span>
    </p>
   </div>
   <div class='ocr_carea' id='block_1_110' title="bbox 2143 4959 3711 5037">
    <p class='ocr_par' dir='ltr' id='par_1_110' title="bbox 2143 4959 3711 5037">
     <span class='ocr_line' id='line_1_113' title="bbox 2143 4959 3711 5037; baseline 0.005 -26"><span class='ocrx_word' id='word_1_824' title='bbox 2143 4959 2523 5037; x_wconf 50' lang='grc' dir='ltr'>φιλοσοφῄσας,</span> <span class='ocrx_word' id='word_1_825' title='bbox 2551 4962 2654 5037; x_wconf 66' lang='grc' dir='ltr'><strong>ἒφῃ</strong></span> <span class='ocrx_word' id='word_1_826' title='bbox 2675 4962 2771 5025; x_wconf 82' lang='grc' dir='ltr'>τὰς</span> <span class='ocrx_word' id='word_1_827' title='bbox 2794 4962 2962 5035; x_wconf 77' lang='grc' dir='ltr'>ἀρχὰς</span> <span class='ocrx_word' id='word_1_828' title='bbox 2979 4959 3093 5015; x_wconf 73' lang='grc' dir='ltr'><strong>τῶν</strong></span> <span class='ocrx_word' id='word_1_829' title='bbox 3117 4964 3305 5037; x_wconf 68' lang='grc' dir='ltr'>ὄντων,</span> <span class='ocrx_word' id='word_1_830' title='bbox 3324 4959 3547 5035; x_wconf 77' lang='grc' dir='ltr'>σώματα</span> <span class='ocrx_word' id='word_1_831' title='bbox 3568 4959 3711 5037; x_wconf 81' lang='grc' dir='ltr'>λόγῳ</span> 
     </span>
    </p>
   </div>
   <div class='ocr_carea' id='block_1_111' title="bbox 2142 4980 3710 5107">
    <p class='ocr_par' dir='ltr' id='par_1_111' title="bbox 2142 4980 3710 5107">
     <span class='ocr_line' id='line_1_114' title="bbox 2143 4980 3710 5037; baseline 0.005 -26"><span class='ocrx_word' id='word_1_832' title='bbox 2143 4980 2523 5033; x_wconf 61' lang='grc' dir='ltr'>φιλοσοφησας,</span> <span class='ocrx_word' id='word_1_833' title='bbox 2551 4980 2615 5029; x_wconf 61' lang='lat' dir='ltr'><strong>Et;</strong></span> <span class='ocrx_word' id='word_1_834' title='bbox 2675 4980 2771 5025; x_wconf 82' lang='grc' dir='ltr'><strong>τας</strong></span> <span class='ocrx_word' id='word_1_835' title='bbox 2794 4980 2962 5035; x_wconf 80' lang='grc' dir='ltr'>αρχας</span> <span class='ocrx_word' id='word_1_836' title='bbox 2986 4980 3093 5015; x_wconf 84' lang='grc' dir='ltr'><strong>των</strong></span> <span class='ocrx_word' id='word_1_837' title='bbox 3117 4980 3302 5028; x_wconf 85' lang='grc' dir='ltr'>οντων,</span> <span class='ocrx_word' id='word_1_838' title='bbox 3324 4980 3547 5035; x_wconf 82' lang='grc' dir='ltr'>σωματα</span> <span class='ocrx_word' id='word_1_839' title='bbox 3572 4980 3710 5037; x_wconf 80' lang='grc' dir='ltr'>Λόγῳ</span> 
     </span>
     <span class='ocr_line' id='line_1_115' title="bbox 2142 4980 3710 5107; baseline 0.007 -27"><span class='ocrx_word' id='word_1_840' title='bbox 2142 5027 2420 5107; x_wconf 65' lang='grc' dir='ltr'>θεωρητά,</span> <span class='ocrx_word' id='word_1_841' title='bbox 2471 5041 2595 5107; x_wconf 81' lang='lat' dir='ltr'><strong>ctc._</strong></span> <span class='ocrx_word' id='word_1_842' title='bbox 2621 4980 2808 5107; x_wconf 61' lang='lat' dir='ltr'><strong>Porro</strong></span> <span class='ocrx_word' id='word_1_843' title='bbox 2839 5042 3044 5107; x_wconf 85' lang='lat' dir='ltr'><strong>certum</strong></span> <span class='ocrx_word' id='word_1_844' title='bbox 3090 5045 3171 5088; x_wconf 88' lang='lat' dir='ltr'><strong>est</strong></span> <span class='ocrx_word' id='word_1_845' title='bbox 3216 5034 3507 5103; x_wconf 87' lang='lat' dir='ltr'><strong>Epicurum</strong></span> <span class='ocrx_word' id='word_1_846' title='bbox 3556 5039 3710 5107; x_wconf 86' lang='lat' dir='ltr'><strong>longe</strong></span> 
     </span>
    </p>
   </div>
   <div class='ocr_carea' id='block_1_112' title="bbox 2142 5098 3709 5177">
    <p class='ocr_par' dir='ltr' id='par_1_112' title="bbox 2142 5098 3709 5177">
     <span class='ocr_line' id='line_1_116' title="bbox 2142 5098 3709 5177; baseline 0.007 -26"><span class='ocrx_word' id='word_1_847' title='bbox 2142 5098 2450 5155; x_wconf 85' lang='lat' dir='ltr'><strong>Democrito</strong></span> <span class='ocrx_word' id='word_1_848' title='bbox 2479 5101 2750 5177; x_wconf 66' lang='lat' dir='ltr'><strong>junioiem</strong></span> <span class='ocrx_word' id='word_1_849' title='bbox 2785 5101 2953 5177; x_wconf 80' lang='lat' dir='ltr'><strong>fuisse</strong></span> <span class='ocrx_word' id='word_1_850' title='bbox 2988 5123 3001 5157; x_wconf 89' lang='lat'>:</span> <span class='ocrx_word' id='word_1_851' title='bbox 3036 5115 3168 5172; x_wconf 86' lang='lat' dir='ltr'><strong>quot</strong></span> <span class='ocrx_word' id='word_1_852' title='bbox 3199 5098 3375 5159; x_wconf 79' lang='lat' dir='ltr'><strong>tamen</strong></span> <span class='ocrx_word' id='word_1_853' title='bbox 3403 5109 3561 5162; x_wconf 88' lang='lat' dir='ltr'><strong>annis</strong></span> <span class='ocrx_word' id='word_1_854' title='bbox 3588 5098 3709 5177; x_wconf 47' lang='lat' dir='ltr'><strong>post</strong></span> 
     </span>
    </p>
   </div>
   <div class='ocr_carea' id='block_1_113' title="bbox 2139 5173 3709 5245">
    <p class='ocr_par' dir='ltr' id='par_1_113' title="bbox 2139 5173 3709 5245">
     <span class='ocr_line' id='line_1_117' title="bbox 2139 5173 3709 5245; baseline 0.006 -23"><span class='ocrx_word' id='word_1_855' title='bbox 2139 5185 2262 5223; x_wconf 86' lang='lat' dir='ltr'><strong>eum</strong></span> <span class='ocrx_word' id='word_1_856' title='bbox 2293 5180 2451 5225; x_wconf 89' lang='lat' dir='ltr'><strong>natus</strong></span> <span class='ocrx_word' id='word_1_857' title='bbox 2492 5173 2672 5235; x_wconf 87' lang='lat' dir='ltr'><strong>fuerit,</strong></span> <span class='ocrx_word' id='word_1_858' title='bbox 2716 5188 2780 5226; x_wconf 86' lang='lat' dir='ltr'><strong>eo</strong></span> <span class='ocrx_word' id='word_1_859' title='bbox 2827 5173 3087 5245; x_wconf 76' lang='lat' dir='ltr'><strong>incertum</strong></span> <span class='ocrx_word' id='word_1_860' title='bbox 3120 5187 3318 5238; x_wconf 87' lang='lat' dir='ltr'><strong>manet,</strong></span> <span class='ocrx_word' id='word_1_861' title='bbox 3351 5179 3495 5245; x_wconf 80' lang='lat' dir='ltr'><strong>quod</strong></span> <span class='ocrx_word' id='word_1_862' title='bbox 3526 5173 3709 5232; x_wconf 82' lang='lat' dir='ltr'><strong>minus</strong></span> 
     </span>
    </p>
   </div>
   <div class='ocr_carea' id='block_1_114' title="bbox 2140 5242 3703 5313">
    <p class='ocr_par' dir='ltr' id='par_1_114' title="bbox 2140 5242 3703 5313">
     <span class='ocr_line' id='line_1_118' title="bbox 2140 5242 3703 5313; baseline 0.005 -21"><span class='ocrx_word' id='word_1_863' title='bbox 2140 5250 2395 5295; x_wconf 87' lang='lat' dir='ltr'><strong>constans</strong></span> <span class='ocrx_word' id='word_1_864' title='bbox 2450 5244 2751 5309; x_wconf 86' lang='lat' dir='ltr'><strong>reperiatur</strong></span> <span class='ocrx_word' id='word_1_865' title='bbox 2802 5242 3256 5313; x_wconf 83' lang='lat' dir='ltr'><strong>chronologorutn</strong></span> <span class='ocrx_word' id='word_1_866' title='bbox 3300 5242 3384 5300; x_wconf 49' lang='lat' dir='ltr'><strong>de_</strong></span> <span class='ocrx_word' id='word_1_867' title='bbox 3413 5245 3703 5302; x_wconf 85' lang='lat' dir='ltr'><strong>Democriti</strong></span> 
     </span>
    </p>
   </div>
   <div class='ocr_carea' id='block_1_115' title="bbox 2139 5312 3707 5381">
    <p class='ocr_par' dir='ltr' id='par_1_115' title="bbox 2139 5312 3707 5381">
     <span class='ocr_line' id='line_1_119' title="bbox 2139 5312 3707 5381; baseline 0.007 -19"><span class='ocrx_word' id='word_1_868' title='bbox 2139 5320 2260 5363; x_wconf 90' lang='lat' dir='ltr'><strong>ortu</strong></span> <span class='ocrx_word' id='word_1_869' title='bbox 2293 5312 2621 5381; x_wconf 87' lang='lat' dir='ltr'><strong>interituque</strong></span> <span class='ocrx_word' id='word_1_870' title='bbox 2668 5314 2956 5368; x_wconf 88' lang='lat' dir='ltr'><strong>sententia.</strong></span> <span class='ocrx_word' id='word_1_871' title='bbox 2997 5314 3096 5368; x_wconf 84' lang='lat' dir='ltr'><strong>Adi</strong></span> <span class='ocrx_word' id='word_1_872' title='bbox 3144 5314 3423 5371; x_wconf 77' lang='lat' dir='ltr'><strong>Petavium</strong></span> <span class='ocrx_word' id='word_1_873' title='bbox 3456 5328 3707 5373; x_wconf 79' lang='lat' dir='ltr'><strong>nostrum</strong></span> 
     </span>
    </p>
   </div>
   <div class='ocr_carea' id='block_1_116' title="bbox 2138 5380 3702 5457">
    <p class='ocr_par' dir='ltr' id='par_1_116' title="bbox 2138 5380 3702 5457">
     <span class='ocr_line' id='line_1_120' title="bbox 2138 5380 3702 5457; baseline 0.007 -24"><span class='ocrx_word' id='word_1_874' title='bbox 2138 5380 2388 5457; x_wconf 42' lang='grc' dir='ltr'><strong>ῑοηιολμΔ</strong></span> <span class='ocrx_word' id='word_1_875' title='bbox 2429 5380 2789 5457; x_wconf 27' lang='grc' dir='ltr'>ρεέάοειτὶηιι</span> <span class='ocrx_word' id='word_1_876' title='bbox 2836 5393 3125 5455; x_wconf 80' lang='lat' dir='ltr'><strong>temporum</strong></span> <span class='ocrx_word' id='word_1_877' title='bbox 3169 5386 3223 5440; x_wconf 85' lang='lat' dir='ltr'><strong>in</strong></span> <span class='ocrx_word' id='word_1_878' title='bbox 3252 5387 3702 5457; x_wconf 78' lang='lat' dir='ltr'><strong>Paralipomenis,</strong></span> 
     </span>
    </p>
   </div>
   <div class='ocr_carea' id='block_1_117' title="bbox 2137 5450 2567 5520">
    <p class='ocr_par' dir='ltr' id='par_1_117' title="bbox 2137 5450 2567 5520">
     <span class='ocr_line' id='line_1_121' title="bbox 2137 5450 2567 5520; baseline 0.005 -17"><span class='ocrx_word' id='word_1_879' title='bbox 2137 5464 2261 5520; x_wconf 83' lang='lat' dir='ltr'><strong>pag.</strong></span> <span class='ocrx_word' id='word_1_880' title='bbox 2290 5450 2414 5512; x_wconf 69' lang='lat'><strong>862,</strong></span> <span class='ocrx_word' id='word_1_881' title='bbox 2442 5452 2567 5505; x_wconf 78' lang='lat'><strong>865.</strong></span> 
     </span>
    </p>
   </div>
   <div class='ocr_carea' id='block_1_118' title="bbox 2208 5520 2794 5587">
    <p class='ocr_par' dir='ltr' id='par_1_118' title="bbox 2208 5520 2794 5587">
     <span class='ocr_line' id='line_1_122' title="bbox 2208 5520 2794 5587; baseline 0.012 -17"><span class='ocrx_word' id='word_1_882' title='bbox 2208 5520 2319 5584; x_wconf 76' lang='grc'><strong>(74)</strong></span> <span class='ocrx_word' id='word_1_883' title='bbox 2348 5521 2509 5577; x_wconf 87' lang='lat' dir='ltr'><strong>Forte</strong></span> <span class='ocrx_word' id='word_1_884' title='bbox 2540 5523 2662 5577; x_wconf 83' lang='lat' dir='ltr'><strong>add.</strong></span> <span class='ocrx_word' id='word_1_885' title='bbox 2692 5541 2794 5587; x_wconf 87' lang='grc' dir='ltr'>τις.</span> 
     </span>
    </p>
   </div>
   <div class='ocr_carea' id='block_1_119' title="bbox 2135 5590 3704 5714">
    <p class='ocr_par' dir='ltr' id='par_1_119' title="bbox 2135 5590 3704 5714">
     <span class='ocr_line' id='line_1_123' title="bbox 2135 5590 3704 5714; baseline 0.003 -67"><span class='ocrx_word' id='word_1_886' title='bbox 2135 5590 2524 5714; x_wconf 47' lang='grc' dir='ltr'><strong>ἀπὲιῖἔῐξ.Λέγεει</strong></span> <span class='ocrx_word' id='word_1_887' title='bbox 2566 5594 2790 5663; x_wconf 69' lang='grc' dir='ltr'>ἀπαθῆ.</span> <span class='ocrx_word' id='word_1_888' title='bbox 2836 5595 3027 5654; x_wconf 71' lang='lat' dir='ltr'><strong>Melius</strong></span> <span class='ocrx_word' id='word_1_889' title='bbox 3068 5596 3375 5663; x_wconf 81' lang='lat' dir='ltr'><strong>Plutarch.,</strong></span> <span class='ocrx_word' id='word_1_890' title='bbox 3406 5597 3577 5665; x_wconf 83' lang='grc' dir='ltr'>λέγει,</span> <span class='ocrx_word' id='word_1_891' title='bbox 3609 5599 3704 5651; x_wconf 76' lang='grc' dir='ltr'>καὶ</span> 
     </span>
    </p>
   </div>
   <div class='ocr_carea' id='block_1_120' title="bbox 2172 5678 3317 5733">
    <p class='ocr_par' dir='ltr' id='par_1_120' title="bbox 2172 5678 3317 5733">
     <span class='ocr_line' id='line_1_124' title="bbox 2172 5678 3317 5733; baseline 0.004 -19"><span class='ocrx_word' id='word_1_892' title='bbox 2172 5678 2338 5733; x_wconf 81' lang='grc' dir='ltr'>παυη.</span> <span class='ocrx_word' id='word_1_893' title='bbox 3314 5716 3317 5719; x_wconf 88' lang='grc'>.</span> 
     </span>
    </p>
   </div>
  </div>
