  <div class='ocr_page' id='page_1' title='image "/cluster/home/n/w/nwhite01/storage/ocr_20150623/21/hvd.32044073501165/632.png"; bbox 0 0 4034 6390; ppageno 0'>
   <div class='ocr_carea' id='block_1_1' title="bbox 296 442 443 498">
    <p class='ocr_par' dir='ltr' id='par_1_1' title="bbox 296 442 443 498">
     <span class='ocr_line' id='line_1_1' title="bbox 296 442 443 498; baseline 0.014 -2"><span class='ocrx_word' id='word_1_1' title='bbox 296 442 443 498; x_wconf 72' lang='grc'><strong>1235</strong></span> 
     </span>
    </p>
   </div>
   <div class='ocr_carea' id='block_1_2' title="bbox 1419 430 2386 496">
    <p class='ocr_par' dir='ltr' id='par_1_2' title="bbox 1419 430 2386 496">
     <span class='ocr_line' id='line_1_2' title="bbox 1419 430 2386 496; baseline -0.006 -2"><span class='ocrx_word' id='word_1_2' title='bbox 1419 438 1736 496; x_wconf 67' lang='grc' dir='ltr'><strong>ΡΒΑΞΡΑΒ.</strong></span> <span class='ocrx_word' id='word_1_3' title='bbox 1775 430 2031 496; x_wconf 74' lang='lat' dir='ltr'><strong>EVANG.</strong></span> <span class='ocrx_word' id='word_1_4' title='bbox 2074 434 2204 493; x_wconf 84' lang='lat' dir='ltr'><strong>LIB.</strong></span> <span class='ocrx_word' id='word_1_5' title='bbox 2245 430 2386 489; x_wconf 75' lang='lat' dir='ltr'><strong>XIV.</strong></span> 
     </span>
    </p>
   </div>
   <div class='ocr_carea' id='block_1_3' title="bbox 3407 424 3542 478">
    <p class='ocr_par' dir='ltr' id='par_1_3' title="bbox 3407 424 3542 478">
     <span class='ocr_line' id='line_1_3' title="bbox 3407 424 3542 478; baseline 0.007 -1"><span class='ocrx_word' id='word_1_6' title='bbox 3407 424 3542 478; x_wconf 71' lang='grc' dir='ltr'>ιεει</span> 
     </span>
    </p>
   </div>
   <div class='ocr_carea' id='block_1_4' title="bbox 292 549 1864 638">
    <p class='ocr_par' dir='ltr' id='par_1_4' title="bbox 292 560 1864 638">
     <span class='ocr_line' id='line_1_4' title="bbox 292 560 1864 638; baseline 0 -21"><span class='ocrx_word' id='word_1_7' title='bbox 292 564 434 636; x_wconf 84' lang='grc' dir='ltr'>πῦρ,</span> <span class='ocrx_word' id='word_1_8' title='bbox 465 563 624 638; x_wconf 66' lang='grc' dir='ltr'>ἀέρα,</span> <span class='ocrx_word' id='word_1_9' title='bbox 661 560 824 636; x_wconf 74' lang='grc' dir='ltr'>ὕδωρ,</span> <span class='ocrx_word' id='word_1_10' title='bbox 859 565 982 636; x_wconf 84' lang='grc' dir='ltr'>γῆν,</span> <span class='ocrx_word' id='word_1_11' title='bbox 1010 563 1104 620; x_wconf 83' lang='grc' dir='ltr'><strong>δύο</strong></span> <span class='ocrx_word' id='word_1_12' title='bbox 1131 565 1187 619; x_wconf 79' lang='grc' dir='ltr'>δὲ</span> <span class='ocrx_word' id='word_1_13' title='bbox 1223 563 1455 636; x_wconf 80' lang='grc' dir='ltr'><strong>ἀρχικὰς</strong></span> <span class='ocrx_word' id='word_1_14' title='bbox 1482 565 1759 636; x_wconf 84' lang='grc' dir='ltr'>δυνάμεις,</span> <span class='ocrx_word' id='word_1_15' title='bbox 1791 583 1864 634; x_wconf 67' lang='lat' dir='ltr'><strong>rpr-</strong></span> 
     </span>
    </p>
   </div>
   <div class='ocr_carea' id='block_1_5' title="bbox 1967 549 3543 638">
    <p class='ocr_par' dir='ltr' id='par_1_5' title="bbox 1982 549 3543 628">
     <span class='ocr_line' id='line_1_5' title="bbox 1982 549 3543 628; baseline -0.012 -11"><span class='ocrx_word' id='word_1_16' title='bbox 1982 562 2268 617; x_wconf 89' lang='lat' dir='ltr'><strong>minimum</strong></span> <span class='ocrx_word' id='word_1_17' title='bbox 2300 553 2556 628; x_wconf 82' lang='lat' dir='ltr'><strong>quiddam</strong></span> <span class='ocrx_word' id='word_1_18' title='bbox 2587 553 2680 618; x_wconf 90' lang='lat' dir='ltr'><strong>sit,</strong></span> <span class='ocrx_word' id='word_1_19' title='bbox 2713 552 2803 608; x_wconf 87' lang='lat' dir='ltr'><strong>sed</strong></span> <span class='ocrx_word' id='word_1_20' title='bbox 2835 551 2977 622; x_wconf 89' lang='lat' dir='ltr'><strong>quod</strong></span> <span class='ocrx_word' id='word_1_21' title='bbox 3007 549 3202 614; x_wconf 80' lang='lat' dir='ltr'><strong>secari,</strong></span> <span class='ocrx_word' id='word_1_22' title='bbox 3239 553 3420 616; x_wconf 85' lang='lat' dir='ltr'><strong>utpote</strong></span> <span class='ocrx_word' id='word_1_23' title='bbox 3445 560 3543 599; x_wconf 87' lang='lat' dir='ltr'><strong>nec</strong></span> 
     </span>
    </p>
   </div>
   <div class='ocr_carea' id='block_1_6' title="bbox 290 639 1864 728">
    <p class='ocr_par' dir='ltr' id='par_1_6' title="bbox 290 650 1864 728">
     <span class='ocr_line' id='line_1_6' title="bbox 290 650 1864 728; baseline 0.001 -21"><span class='ocrx_word' id='word_1_24' title='bbox 290 653 421 708; x_wconf 77' lang='grc' dir='ltr'>λίαν</span> <span class='ocrx_word' id='word_1_25' title='bbox 442 672 500 709; x_wconf 90' lang='grc' dir='ltr'><strong>τε</strong></span> <span class='ocrx_word' id='word_1_26' title='bbox 529 655 623 709; x_wconf 78' lang='grc' dir='ltr'><strong>καὶ</strong></span> <span class='ocrx_word' id='word_1_27' title='bbox 653 659 849 720; x_wconf 69' lang='grc' dir='ltr'>νεῖκος.</span> <span class='ocrx_word' id='word_1_28' title='bbox 877 650 953 711; x_wconf 82' lang='grc' dir='ltr'><strong>ὧν</strong></span> <span class='ocrx_word' id='word_1_29' title='bbox 1002 657 1036 728; x_wconf 82' lang='grc' dir='ltr'><strong>ὴ</strong></span> <span class='ocrx_word' id='word_1_30' title='bbox 1071 657 1168 728; x_wconf 80' lang='grc' dir='ltr'><strong>μέν</strong></span> <span class='ocrx_word' id='word_1_31' title='bbox 1193 655 1339 710; x_wconf 72' lang='grc' dir='ltr'>ἐστιν</span> <span class='ocrx_word' id='word_1_32' title='bbox 1393 657 1646 725; x_wconf 77' lang='grc' dir='ltr'>ἑνωτικὴ,</span> <span class='ocrx_word' id='word_1_33' title='bbox 1705 655 1766 708; x_wconf 79' lang='grc' dir='ltr'>τὸ</span> <span class='ocrx_word' id='word_1_34' title='bbox 1814 655 1864 708; x_wconf 70' lang='grc' dir='ltr'>δὲ</span> 
     </span>
    </p>
   </div>
   <div class='ocr_carea' id='block_1_7' title="bbox 1967 639 3541 728">
    <p class='ocr_par' dir='ltr' id='par_1_7' title="bbox 1981 639 3541 726">
     <span class='ocr_line' id='line_1_7' title="bbox 1981 639 3541 726; baseline -0.013 -17"><span class='ocrx_word' id='word_1_35' title='bbox 1981 653 2241 726; x_wconf 86' lang='lat' dir='ltr'><strong>patibilis,</strong></span> <span class='ocrx_word' id='word_1_36' title='bbox 2271 665 2371 705; x_wconf 90' lang='lat' dir='ltr'><strong>nec</strong></span> <span class='ocrx_word' id='word_1_37' title='bbox 2409 649 2518 703; x_wconf 91' lang='lat' dir='ltr'><strong>ullo</strong></span> <span class='ocrx_word' id='word_1_38' title='bbox 2557 646 2718 700; x_wconf 91' lang='lat' dir='ltr'><strong>modo</strong></span> <span class='ocrx_word' id='word_1_39' title='bbox 2749 659 2939 706; x_wconf 88' lang='lat' dir='ltr'><strong>vacua,</strong></span> <span class='ocrx_word' id='word_1_40' title='bbox 2976 657 3082 696; x_wconf 90' lang='lat' dir='ltr'><strong>non</strong></span> <span class='ocrx_word' id='word_1_41' title='bbox 3123 641 3310 710; x_wconf 88' lang='lat' dir='ltr'><strong>possit.</strong></span> <span class='ocrx_word' id='word_1_42' title='bbox 3345 639 3419 691; x_wconf 87' lang='lat' dir='ltr'><strong>lta</strong></span> <span class='ocrx_word' id='word_1_43' title='bbox 3447 639 3541 705; x_wconf 89' lang='lat' dir='ltr'><strong>qui</strong></span> 
     </span>
    </p>
   </div>
   <div class='ocr_carea' id='block_1_8' title="bbox 288 745 1100 820">
    <p class='ocr_par' dir='ltr' id='par_1_8' title="bbox 288 745 1100 820">
     <span class='ocr_line' id='line_1_8' title="bbox 288 745 1100 820; baseline 0.006 -23"><span class='ocrx_word' id='word_1_44' title='bbox 288 745 638 820; x_wconf 83' lang='grc' dir='ltr'>διαιρετικόν.</span> <span class='ocrx_word' id='word_1_45' title='bbox 657 749 792 818; x_wconf 78' lang='grc' dir='ltr'>Φησὶ</span> <span class='ocrx_word' id='word_1_46' title='bbox 825 749 881 801; x_wconf 74' lang='grc' dir='ltr'>δὲ</span> <span class='ocrx_word' id='word_1_47' title='bbox 909 747 1100 812; x_wconf 75' lang='grc' dir='ltr'>οὕτως’</span> 
     </span>
    </p>
   </div>
   <div class='ocr_carea' id='block_1_9' title="bbox 1982 725 3542 803">
    <p class='ocr_par' dir='ltr' id='par_1_9' title="bbox 1982 725 3542 803">
     <span class='ocr_line' id='line_1_9' title="bbox 1982 725 3542 803; baseline -0.015 -3"><span class='ocrx_word' id='word_1_48' title='bbox 1982 725 2225 800; x_wconf 84' lang='lat' dir='ltr'><strong>atomum</strong></span> <span class='ocrx_word' id='word_1_49' title='bbox 2283 741 2450 802; x_wconf 86' lang='lat' dir='ltr'><strong>dicat,</strong></span> <span class='ocrx_word' id='word_1_50' title='bbox 2494 753 2606 792; x_wconf 89' lang='lat' dir='ltr'><strong>rem</strong></span> <span class='ocrx_word' id='word_1_51' title='bbox 2660 736 2730 791; x_wconf 89' lang='lat' dir='ltr'><strong>ab</strong></span> <span class='ocrx_word' id='word_1_52' title='bbox 2773 751 2840 790; x_wconf 91' lang='lat' dir='ltr'><strong>eo</strong></span> <span class='ocrx_word' id='word_1_53' title='bbox 2891 733 3020 799; x_wconf 91' lang='lat' dir='ltr'><strong>dici,</strong></span> <span class='ocrx_word' id='word_1_54' title='bbox 3051 747 3172 803; x_wconf 71' lang='lat' dir='ltr'><strong>quae</strong></span> <span class='ocrx_word' id='word_1_55' title='bbox 3215 745 3314 785; x_wconf 89' lang='lat' dir='ltr'><strong>nec</strong></span> <span class='ocrx_word' id='word_1_56' title='bbox 3369 725 3542 794; x_wconf 81' lang='lat' dir='ltr'><strong>frangi</strong></span> 
     </span>
    </p>
   </div>
   <div class='ocr_carea' id='block_1_10' title="bbox 291 824 3542 913">
    <p class='ocr_par' dir='ltr' id='par_1_10' title="bbox 291 824 3542 913">
     <span class='ocr_line' id='line_1_10' title="bbox 291 824 3542 913; baseline -0.006 -19"><span class='ocrx_word' id='word_1_57' title='bbox 291 849 486 909; x_wconf 87' lang='lat' dir='ltr'><strong>queat,</strong></span> <span class='ocrx_word' id='word_1_58' title='bbox 509 855 605 896; x_wconf 88' lang='lat' dir='ltr'><strong>nec</strong></span> <span class='ocrx_word' id='word_1_59' title='bbox 627 843 994 912; x_wconf 87' lang='lat' dir='ltr'><strong>perpessionis</strong></span> <span class='ocrx_word' id='word_1_60' title='bbox 1015 843 1310 913; x_wconf 83' lang='lat' dir='ltr'><strong>quidquam</strong></span> <span class='ocrx_word' id='word_1_61' title='bbox 1333 852 1427 897; x_wconf 88' lang='lat' dir='ltr'><strong>aut</strong></span> <span class='ocrx_word' id='word_1_62' title='bbox 1452 843 1630 898; x_wconf 90' lang='lat' dir='ltr'><strong>inanis</strong></span> <span class='ocrx_word' id='word_1_63' title='bbox 1661 841 1862 896; x_wconf 89' lang='lat' dir='ltr'><strong>subire.</strong></span> <span class='ocrx_word' id='word_1_64' title='bbox 1900 839 2032 894; x_wconf 85' lang='lat' dir='ltr'><strong>Esse</strong></span> <span class='ocrx_word' id='word_1_65' title='bbox 2062 853 2194 894; x_wconf 80' lang='lat' dir='ltr'><strong>vero</strong></span> <span class='ocrx_word' id='word_1_66' title='bbox 2232 845 2444 892; x_wconf 89' lang='lat' dir='ltr'><strong>atomos</strong></span> <span class='ocrx_word' id='word_1_67' title='bbox 2493 833 2573 886; x_wconf 83' lang='lat' dir='ltr'><strong>vel</strong></span> <span class='ocrx_word' id='word_1_68' title='bbox 2627 848 2689 886; x_wconf 80' lang='lat' dir='ltr'><strong>ex</strong></span> <span class='ocrx_word' id='word_1_69' title='bbox 2741 847 2806 884; x_wconf 95' lang='lat' dir='ltr'><strong>eo</strong></span> <span class='ocrx_word' id='word_1_70' title='bbox 2843 830 3067 899; x_wconf 90' lang='lat' dir='ltr'><strong>liquere,</strong></span> <span class='ocrx_word' id='word_1_71' title='bbox 3103 827 3245 897; x_wconf 83' lang='lat' dir='ltr'><strong>quod</strong></span> <span class='ocrx_word' id='word_1_72' title='bbox 3278 824 3542 878; x_wconf 84' lang='lat' dir='ltr'><strong>elementa</strong></span> 
     </span>
    </p>
   </div>
   <div class='ocr_carea' id='block_1_11' title="bbox 292 918 3539 1008">
    <p class='ocr_par' dir='ltr' id='par_1_11' title="bbox 292 918 3539 1008">
     <span class='ocr_line' id='line_1_11' title="bbox 292 918 3539 1008; baseline -0.006 -19"><span class='ocrx_word' id='word_1_73' title='bbox 292 944 578 1005; x_wconf 68' lang='lat' dir='ltr'><strong>perpetua,</strong></span> <span class='ocrx_word' id='word_1_74' title='bbox 607 939 751 1008; x_wconf 89' lang='lat' dir='ltr'><strong>quod</strong></span> <span class='ocrx_word' id='word_1_75' title='bbox 802 939 992 994; x_wconf 90' lang='lat' dir='ltr'><strong>inanes</strong></span> <span class='ocrx_word' id='word_1_76' title='bbox 1054 939 1378 999; x_wconf 86' lang='lat' dir='ltr'><strong>animantes.</strong></span> <span class='ocrx_word' id='word_1_77' title='bbox 1432 947 1487 994; x_wconf 88' lang='lat' dir='ltr'><strong>et</strong></span> <span class='ocrx_word' id='word_1_78' title='bbox 1543 937 1802 992; x_wconf 83' lang='lat' dir='ltr'><strong>unitatem</strong></span> <span class='ocrx_word' id='word_1_79' title='bbox 1836 951 1959 991; x_wconf 90' lang='lat' dir='ltr'><strong>esse</strong></span> <span class='ocrx_word' id='word_1_80' title='bbox 1996 943 2223 990; x_wconf 88' lang='lat' dir='ltr'><strong>constet.</strong></span> <span class='ocrx_word' id='word_1_81' title='bbox 2266 930 2617 1001; x_wconf 84' lang='lat' dir='ltr'><strong>Empedocles</strong></span> <span class='ocrx_word' id='word_1_82' title='bbox 2674 926 2904 982; x_wconf 79' lang='lat' dir='ltr'><strong>Metonis</strong></span> <span class='ocrx_word' id='word_1_83' title='bbox 2950 918 3539 995; x_wconf 58' lang='lat' dir='ltr'><strong>ﬂlius,Agrigentinus,</strong></span> 
     </span>
    </p>
   </div>
   <div class='ocr_carea' id='block_1_12' title="bbox 291 1015 3543 1102">
    <p class='ocr_par' dir='ltr' id='par_1_12' title="bbox 291 1015 3543 1102">
     <span class='ocr_line' id='line_1_12' title="bbox 291 1015 3543 1102; baseline -0.003 -23"><span class='ocrx_word' id='word_1_84' title='bbox 291 1026 564 1082; x_wconf 88' lang='lat' dir='ltr'><strong>elementa</strong></span> <span class='ocrx_word' id='word_1_85' title='bbox 590 1037 844 1098; x_wconf 89' lang='lat' dir='ltr'><strong>quatuor,</strong></span> <span class='ocrx_word' id='word_1_86' title='bbox 879 1031 1076 1102; x_wconf 82' lang='lat' dir='ltr'><strong>ignem,</strong></span> <span class='ocrx_word' id='word_1_87' title='bbox 1108 1045 1309 1092; x_wconf 88' lang='lat' dir='ltr'><strong>aerem,</strong></span> <span class='ocrx_word' id='word_1_88' title='bbox 1339 1046 1536 1101; x_wconf 88' lang='lat' dir='ltr'><strong>aquam</strong></span> <span class='ocrx_word' id='word_1_89' title='bbox 1569 1039 1622 1085; x_wconf 84' lang='lat' dir='ltr'><strong>et</strong></span> <span class='ocrx_word' id='word_1_90' title='bbox 1643 1039 1862 1094; x_wconf 88' lang='lat' dir='ltr'><strong>terram,</strong></span> <span class='ocrx_word' id='word_1_91' title='bbox 1901 1028 2165 1100; x_wconf 84' lang='lat' dir='ltr'><strong>principia</strong></span> <span class='ocrx_word' id='word_1_92' title='bbox 2218 1027 2347 1089; x_wconf 89' lang='lat' dir='ltr'><strong>duo,</strong></span> <span class='ocrx_word' id='word_1_93' title='bbox 2388 1023 2680 1079; x_wconf 77' lang='lat' dir='ltr'><strong>amicitiam</strong></span> <span class='ocrx_word' id='word_1_94' title='bbox 2742 1030 2798 1076; x_wconf 90' lang='lat' dir='ltr'><strong>et</strong></span> <span class='ocrx_word' id='word_1_95' title='bbox 2849 1019 3246 1074; x_wconf 71' lang='lat' dir='ltr'><strong>contentionem</strong></span> <span class='ocrx_word' id='word_1_96' title='bbox 3278 1015 3543 1086; x_wconf 81' lang='lat' dir='ltr'><strong>assignat,</strong></span> 
     </span>
    </p>
   </div>
   <div class='ocr_carea' id='block_1_13' title="bbox 289 1113 3013 1189">
    <p class='ocr_par' dir='ltr' id='par_1_13' title="bbox 289 1113 3013 1189">
     <span class='ocr_line' id='line_1_13' title="bbox 289 1113 3013 1189; baseline -0.003 -16"><span class='ocrx_word' id='word_1_97' title='bbox 289 1127 346 1173; x_wconf 86' lang='lat' dir='ltr'><strong>et</strong></span> <span class='ocrx_word' id='word_1_98' title='bbox 383 1119 680 1174; x_wconf 84' lang='lat' dir='ltr'><strong>amicitiam</strong></span> <span class='ocrx_word' id='word_1_99' title='bbox 727 1123 943 1189; x_wconf 78' lang='lat' dir='ltr'><strong>quidem</strong></span> <span class='ocrx_word' id='word_1_100' title='bbox 985 1120 1226 1182; x_wconf 91' lang='lat' dir='ltr'><strong>uniendi,</strong></span> <span class='ocrx_word' id='word_1_101' title='bbox 1272 1123 1671 1177; x_wconf 85' lang='lat' dir='ltr'><strong>contentionem</strong></span> <span class='ocrx_word' id='word_1_102' title='bbox 1720 1119 2007 1175; x_wconf 86' lang='lat' dir='ltr'><strong>dirimeudi</strong></span> <span class='ocrx_word' id='word_1_103' title='bbox 2039 1121 2146 1174; x_wconf 91' lang='lat' dir='ltr'><strong>vim</strong></span> <span class='ocrx_word' id='word_1_104' title='bbox 2188 1118 2384 1173; x_wconf 87' lang='lat' dir='ltr'><strong>habere</strong></span> <span class='ocrx_word' id='word_1_105' title='bbox 2416 1117 2592 1179; x_wconf 83' lang='lat' dir='ltr'><strong>docet,</strong></span> <span class='ocrx_word' id='word_1_106' title='bbox 2626 1114 2709 1168; x_wconf 89' lang='lat' dir='ltr'><strong>his</strong></span> <span class='ocrx_word' id='word_1_107' title='bbox 2747 1113 3013 1177; x_wconf 80' lang='lat' dir='ltr'><strong>versibus,</strong></span> 
     </span>
    </p>
   </div>
   <div class='ocr_carea' id='block_1_14' title="bbox 298 1207 1798 1278">
    <p class='ocr_par' dir='ltr' id='par_1_14' title="bbox 298 1207 1798 1278">
     <span class='ocr_line' id='line_1_14' title="bbox 298 1207 1798 1278; baseline 0.004 -19"><span class='ocrx_word' id='word_1_108' title='bbox 298 1207 592 1278; x_wconf 75' lang='grc' dir='ltr'>Τέσσαρα</span> <span class='ocrx_word' id='word_1_109' title='bbox 609 1207 728 1260; x_wconf 79' lang='grc' dir='ltr'><strong>τῶν</strong></span> <span class='ocrx_word' id='word_1_110' title='bbox 757 1210 999 1263; x_wconf 72' lang='grc' dir='ltr'>πάντων</span> <span class='ocrx_word' id='word_1_111' title='bbox 1022 1209 1306 1278; x_wconf 76' lang='grc' dir='ltr'><strong>ῥιζώματα</strong></span> <span class='ocrx_word' id='word_1_112' title='bbox 1333 1210 1568 1278; x_wconf 80' lang='grc' dir='ltr'>πρῶτον</span> <span class='ocrx_word' id='word_1_113' title='bbox 1587 1211 1798 1265; x_wconf 76' lang='lat' dir='ltr'><strong>dxovs&#39;</strong></span> 
     </span>
    </p>
   </div>
   <div class='ocr_carea' id='block_1_15' title="bbox 291 1277 1820 1356">
    <p class='ocr_par' dir='ltr' id='par_1_15' title="bbox 291 1277 1820 1356">
     <span class='ocr_line' id='line_1_15' title="bbox 291 1277 1820 1356; baseline 0.007 -29"><span class='ocrx_word' id='word_1_114' title='bbox 291 1277 449 1356; x_wconf 56' lang='grc' dir='ltr'>Ξεὺς</span> <span class='ocrx_word' id='word_1_115' title='bbox 475 1277 688 1356; x_wconf 30' lang='grc' dir='ltr'><strong>ᾳὶθᾼῂρζ</strong></span> <span class='ocrx_word' id='word_1_116' title='bbox 708 1279 858 1356; x_wconf 58' lang='grc' dir='ltr'><strong>’Ἡρη</strong></span> <span class='ocrx_word' id='word_1_117' title='bbox 891 1296 954 1356; x_wconf 64' lang='grc' dir='ltr'><strong>τε</strong></span> <span class='ocrx_word' id='word_1_118' title='bbox 990 1282 1323 1356; x_wconf 69' lang='grc' dir='ltr'>φερέσϐιος.</span> <span class='ocrx_word' id='word_1_119' title='bbox 1356 1277 1449 1356; x_wconf 70' lang='grc' dir='ltr'><strong>ἠδ’</strong></span> <span class='ocrx_word' id='word_1_120' title='bbox 1494 1282 1820 1356; x_wconf 60' lang='grc' dir='ltr'>Ἀτδωτῖεὺᾳ</span> 
     </span>
    </p>
   </div>
   <div class='ocr_carea' id='block_1_16' title="bbox 290 1346 1870 1421">
    <p class='ocr_par' dir='ltr' id='par_1_16' title="bbox 290 1346 1870 1421">
     <span class='ocr_line' id='line_1_16' title="bbox 290 1346 1870 1421; baseline 0.003 -22"><span class='ocrx_word' id='word_1_121' title='bbox 290 1346 527 1414; x_wconf 72' lang='grc' dir='ltr'><strong>Νῆστίς</strong></span> <span class='ocrx_word' id='word_1_122' title='bbox 555 1348 626 1410; x_wconf 81' lang='grc' dir='ltr'>θ’,</span> <span class='ocrx_word' id='word_1_123' title='bbox 657 1347 694 1416; x_wconf 75' lang='grc' dir='ltr'>ἡ</span> <span class='ocrx_word' id='word_1_124' title='bbox 721 1346 1003 1416; x_wconf 62' lang='grc' dir='ltr'>δακρύοις(</span> <span class='ocrx_word' id='word_1_125' title='bbox 1025 1350 1211 1420; x_wconf 62' lang='grc' dir='ltr'>τέγγει</span> <span class='ocrx_word' id='word_1_126' title='bbox 1242 1353 1549 1421; x_wconf 80' lang='grc' dir='ltr'><strong>κρούνωμα</strong></span> <span class='ocrx_word' id='word_1_127' title='bbox 1573 1352 1870 1420; x_wconf 78' lang='grc' dir='ltr'><strong>βρότειον.</strong></span> 
     </span>
    </p>
   </div>
   <div class='ocr_carea' id='block_1_17' title="bbox 2044 1201 3181 1275">
    <p class='ocr_par' dir='ltr' id='par_1_17' title="bbox 2044 1201 3181 1275">
     <span class='ocr_line' id='line_1_17' title="bbox 2044 1201 3181 1275; baseline -0.009 -12"><span class='ocrx_word' id='word_1_128' title='bbox 2044 1210 2238 1263; x_wconf 81' lang='lat' dir='ltr'><strong>Rerum</strong></span> <span class='ocrx_word' id='word_1_129' title='bbox 2271 1210 2476 1262; x_wconf 81' lang='lat' dir='ltr'><strong>radices</strong></span> <span class='ocrx_word' id='word_1_130' title='bbox 2498 1207 2552 1261; x_wconf 82' lang='lat' dir='ltr'><strong>in</strong></span> <span class='ocrx_word' id='word_1_131' title='bbox 2580 1205 2763 1275; x_wconf 79' lang='lat' dir='ltr'><strong>primis</strong></span> <span class='ocrx_word' id='word_1_132' title='bbox 2790 1213 3015 1275; x_wconf 85' lang='lat' dir='ltr'><strong>quatuor</strong></span> <span class='ocrx_word' id='word_1_133' title='bbox 3037 1201 3181 1275; x_wconf 75' lang='lat' dir='ltr'><strong>audi.</strong></span> 
     </span>
    </p>
   </div>
   <div class='ocr_carea' id='block_1_18' title="bbox 2044 1271 3212 1348">
    <p class='ocr_par' dir='ltr' id='par_1_18' title="bbox 2044 1271 3212 1348">
     <span class='ocr_line' id='line_1_18' title="bbox 2044 1271 3212 1348; baseline -0.008 -15"><span class='ocrx_word' id='word_1_134' title='bbox 2044 1279 2254 1348; x_wconf 83' lang='lat' dir='ltr'><strong>Jupiter</strong></span> <span class='ocrx_word' id='word_1_135' title='bbox 2279 1279 2546 1348; x_wconf 64' lang='lat' dir='ltr'><strong>aetherius,</strong></span> <span class='ocrx_word' id='word_1_136' title='bbox 2579 1271 2754 1348; x_wconf 60' lang='lat' dir='ltr'><strong>uitalia</strong></span> <span class='ocrx_word' id='word_1_137' title='bbox 2777 1271 2938 1334; x_wconf 78' lang='lat' dir='ltr'><strong>Juno,</strong></span> <span class='ocrx_word' id='word_1_138' title='bbox 2965 1271 3212 1348; x_wconf 65' lang='lat' dir='ltr'><strong>profundi</strong></span> 
     </span>
    </p>
   </div>
   <div class='ocr_carea' id='block_1_19' title="bbox 2047 1341 3396 1418">
    <p class='ocr_par' dir='ltr' id='par_1_19' title="bbox 2047 1341 3396 1418">
     <span class='ocr_line' id='line_1_19' title="bbox 2047 1341 3396 1418; baseline -0.006 -15"><span class='ocrx_word' id='word_1_139' title='bbox 2047 1341 2210 1403; x_wconf 76' lang='lat' dir='ltr'><strong>Pluto</strong></span> <span class='ocrx_word' id='word_1_140' title='bbox 2235 1359 2403 1418; x_wconf 80' lang='lat' dir='ltr'><strong>pater,</strong></span> <span class='ocrx_word' id='word_1_141' title='bbox 2430 1346 2608 1401; x_wconf 81' lang='lat' dir='ltr'><strong>Nestis</strong></span> <span class='ocrx_word' id='word_1_142' title='bbox 2635 1345 2897 1415; x_wconf 78' lang='lat' dir='ltr'><strong>lacrymas</strong></span> <span class='ocrx_word' id='word_1_143' title='bbox 2921 1341 3229 1396; x_wconf 79' lang='lat' dir='ltr'><strong>mortalibus</strong></span> <span class='ocrx_word' id='word_1_144' title='bbox 3256 1341 3396 1395; x_wconf 82' lang='lat' dir='ltr'><strong>uitro</strong></span> 
     </span>
    </p>
   </div>
   <div class='ocr_carea' id='block_1_20' title="bbox 2048 1418 2641 1489">
    <p class='ocr_par' dir='ltr' id='par_1_20' title="bbox 2048 1418 2641 1489">
     <span class='ocr_line' id='line_1_20' title="bbox 2048 1418 2641 1489; baseline -0.005 -17"><span class='ocrx_word' id='word_1_145' title='bbox 2048 1419 2340 1489; x_wconf 78' lang='lat' dir='ltr'><strong>Infundens</strong></span> <span class='ocrx_word' id='word_1_146' title='bbox 2368 1418 2641 1472; x_wconf 77' lang='lat' dir='ltr'><strong>scatebris.</strong></span> 
     </span>
    </p>
   </div>
   <div class='ocr_carea' id='block_1_21' title="bbox 295 1503 1864 1585">
    <p class='ocr_par' dir='ltr' id='par_1_21' title="bbox 295 1503 1864 1580">
     <span class='ocr_line' id='line_1_21' title="bbox 295 1503 1864 1580; baseline 0.004 -25"><span class='ocrx_word' id='word_1_147' title='bbox 295 1503 398 1557; x_wconf 76' lang='grc' dir='ltr'><strong>Δία</strong></span> <span class='ocrx_word' id='word_1_148' title='bbox 433 1503 529 1574; x_wconf 80' lang='grc' dir='ltr'><strong>μὲν</strong></span> <span class='ocrx_word' id='word_1_149' title='bbox 560 1505 668 1577; x_wconf 71' lang='grc' dir='ltr'>γὰρ</span> <span class='ocrx_word' id='word_1_150' title='bbox 708 1505 854 1575; x_wconf 79' lang='grc' dir='ltr'>λέγει</span> <span class='ocrx_word' id='word_1_151' title='bbox 881 1506 977 1579; x_wconf 78' lang='grc' dir='ltr'>τὴν</span> <span class='ocrx_word' id='word_1_152' title='bbox 1006 1507 1153 1574; x_wconf 77' lang='grc' dir='ltr'>ζέσιν</span> <span class='ocrx_word' id='word_1_153' title='bbox 1201 1510 1294 1563; x_wconf 71' lang='grc' dir='ltr'>καὶ</span> <span class='ocrx_word' id='word_1_154' title='bbox 1344 1510 1434 1563; x_wconf 69' lang='grc' dir='ltr'>τὸν</span> <span class='ocrx_word' id='word_1_155' title='bbox 1457 1509 1666 1580; x_wconf 79' lang='grc' dir='ltr'><strong>αἰθέρα,</strong></span> <span class='ocrx_word' id='word_1_156' title='bbox 1695 1509 1864 1580; x_wconf 72' lang='grc' dir='ltr'>Ἥραν</span> 
     </span>
    </p>
   </div>
   <div class='ocr_carea' id='block_1_22' title="bbox 1967 1503 3538 1585">
    <p class='ocr_par' dir='ltr' id='par_1_22' title="bbox 1977 1503 3538 1585">
     <span class='ocr_line' id='line_1_22' title="bbox 1977 1503 3538 1585; baseline -0.008 -16"><span class='ocrx_word' id='word_1_157' title='bbox 1977 1513 2137 1585; x_wconf 83' lang='grc'><strong>750</strong></span> <span class='ocrx_word' id='word_1_158' title='bbox 2162 1512 2367 1581; x_wconf 87' lang='lat' dir='ltr'><strong>Quippe</strong></span> <span class='ocrx_word' id='word_1_159' title='bbox 2387 1510 2534 1566; x_wconf 85' lang='lat' dir='ltr'><strong>Jovis</strong></span> <span class='ocrx_word' id='word_1_160' title='bbox 2558 1508 2776 1563; x_wconf 91' lang='lat' dir='ltr'><strong>nomine</strong></span> <span class='ocrx_word' id='word_1_161' title='bbox 2801 1507 3049 1561; x_wconf 89' lang='lat' dir='ltr'><strong>ardorem</strong></span> <span class='ocrx_word' id='word_1_162' title='bbox 3075 1512 3236 1574; x_wconf 89' lang='lat' dir='ltr'><strong>atque</strong></span> <span class='ocrx_word' id='word_1_163' title='bbox 3262 1503 3538 1568; x_wconf 66' lang='lat' dir='ltr'><strong>aetherem,</strong></span> 
     </span>
    </p>
   </div>
   <div class='ocr_carea' id='block_1_23' title="bbox 291 1595 1869 1672">
    <p class='ocr_par' dir='ltr' id='par_1_23' title="bbox 291 1595 1869 1672">
     <span class='ocr_line' id='line_1_23' title="bbox 291 1595 1869 1672; baseline 0.004 -26"><span class='ocrx_word' id='word_1_164' title='bbox 291 1595 352 1647; x_wconf 81' lang='grc' dir='ltr'>δὲ</span> <span class='ocrx_word' id='word_1_165' title='bbox 391 1597 679 1666; x_wconf 79' lang='grc' dir='ltr'>φερέσϐιον</span> <span class='ocrx_word' id='word_1_166' title='bbox 708 1598 799 1651; x_wconf 77' lang='grc' dir='ltr'>τὸν</span> <span class='ocrx_word' id='word_1_167' title='bbox 853 1598 1009 1671; x_wconf 77' lang='grc' dir='ltr'>ἀέρα,</span> <span class='ocrx_word' id='word_1_168' title='bbox 1043 1600 1141 1671; x_wconf 79' lang='grc' dir='ltr'><strong>τὴν</strong></span> <span class='ocrx_word' id='word_1_169' title='bbox 1175 1600 1276 1672; x_wconf 80' lang='grc' dir='ltr'><strong>γῆν</strong></span> <span class='ocrx_word' id='word_1_170' title='bbox 1309 1600 1398 1654; x_wconf 77' lang='grc' dir='ltr'>τὸν</span> <span class='ocrx_word' id='word_1_171' title='bbox 1444 1599 1718 1662; x_wconf 83' lang='grc' dir='ltr'><strong>Ἀϊδωνέα,</strong></span> <span class='ocrx_word' id='word_1_172' title='bbox 1757 1600 1869 1670; x_wconf 80' lang='grc' dir='ltr'><strong>Νῆ-</strong></span> 
     </span>
    </p>
   </div>
   <div class='ocr_carea' id='block_1_24' title="bbox 294 1686 1871 1762">
    <p class='ocr_par' dir='ltr' id='par_1_24' title="bbox 294 1686 1871 1762">
     <span class='ocr_line' id='line_1_24' title="bbox 294 1686 1871 1762; baseline 0.004 -25"><span class='ocrx_word' id='word_1_173' title='bbox 294 1702 415 1738; x_wconf 80' lang='grc' dir='ltr'>στιν</span> <span class='ocrx_word' id='word_1_174' title='bbox 443 1686 499 1740; x_wconf 81' lang='grc' dir='ltr'>δὲ</span> <span class='ocrx_word' id='word_1_175' title='bbox 550 1689 642 1740; x_wconf 77' lang='grc' dir='ltr'><strong>καὶ</strong></span> <span class='ocrx_word' id='word_1_176' title='bbox 687 1689 979 1761; x_wconf 77' lang='grc' dir='ltr'><strong>κρούνωμα</strong></span> <span class='ocrx_word' id='word_1_177' title='bbox 1019 1690 1292 1762; x_wconf 83' lang='grc' dir='ltr'><strong>βρότειον,</strong></span> <span class='ocrx_word' id='word_1_178' title='bbox 1344 1693 1506 1746; x_wconf 77' lang='grc' dir='ltr'>οἱονεὶ</span> <span class='ocrx_word' id='word_1_179' title='bbox 1538 1691 1599 1744; x_wconf 85' lang='grc' dir='ltr'><strong>τὸ</strong></span> <span class='ocrx_word' id='word_1_180' title='bbox 1651 1691 1871 1762; x_wconf 81' lang='grc' dir='ltr'>σπέρμα</span> 
     </span>
    </p>
   </div>
   <div class='ocr_carea' id='block_1_25' title="bbox 293 1778 1867 1855">
    <p class='ocr_par' dir='ltr' id='par_1_25' title="bbox 293 1778 1867 1855">
     <span class='ocr_line' id='line_1_25' title="bbox 293 1778 1867 1855; baseline 0.004 -25"><span class='ocrx_word' id='word_1_181' title='bbox 293 1779 394 1830; x_wconf 74' lang='grc' dir='ltr'><strong>καὶ</strong></span> <span class='ocrx_word' id='word_1_182' title='bbox 427 1780 488 1832; x_wconf 68' lang='grc' dir='ltr'>τὸ</span> <span class='ocrx_word' id='word_1_183' title='bbox 520 1778 683 1852; x_wconf 73' lang='grc' dir='ltr'>ὕδωρ.</span> <span class='ocrx_word' id='word_1_184' title='bbox 706 1801 724 1833; x_wconf 71' lang='grc' dir='ltr'>ι</span> <span class='ocrx_word' id='word_1_185' title='bbox 763 1781 1008 1852; x_wconf 81' lang='grc' dir='ltr'>τοσαύτη</span> <span class='ocrx_word' id='word_1_186' title='bbox 1041 1784 1136 1854; x_wconf 80' lang='grc' dir='ltr'>μὲν</span> <span class='ocrx_word' id='word_1_187' title='bbox 1171 1784 1203 1855; x_wconf 83' lang='grc' dir='ltr'>ἡ</span> <span class='ocrx_word' id='word_1_188' title='bbox 1234 1783 1341 1836; x_wconf 82' lang='grc' dir='ltr'>τῶν</span> <span class='ocrx_word' id='word_1_189' title='bbox 1374 1782 1604 1855; x_wconf 81' lang='grc' dir='ltr'>πρώτων</span> <span class='ocrx_word' id='word_1_190' title='bbox 1619 1781 1867 1836; x_wconf 81' lang='grc' dir='ltr'>Φυσικῶν</span> 
     </span>
    </p>
   </div>
   <div class='ocr_carea' id='block_1_26' title="bbox 1975 1593 3541 1667">
    <p class='ocr_par' dir='ltr' id='par_1_26' title="bbox 1975 1593 3541 1667">
     <span class='ocr_line' id='line_1_26' title="bbox 1975 1593 3541 1667; baseline -0.006 -7"><span class='ocrx_word' id='word_1_191' title='bbox 1975 1604 2202 1660; x_wconf 73' lang='lat' dir='ltr'><strong>lunonis</strong></span> <span class='ocrx_word' id='word_1_192' title='bbox 2231 1602 2411 1658; x_wconf 84' lang='lat' dir='ltr'><strong>vitalis</strong></span> <span class='ocrx_word' id='word_1_193' title='bbox 2463 1617 2668 1667; x_wconf 88' lang='lat' dir='ltr'><strong>aerem,</strong></span> <span class='ocrx_word' id='word_1_194' title='bbox 2709 1597 2956 1653; x_wconf 88' lang='lat' dir='ltr'><strong>Plutonis</strong></span> <span class='ocrx_word' id='word_1_195' title='bbox 2988 1608 3206 1663; x_wconf 89' lang='lat' dir='ltr'><strong>terram,</strong></span> <span class='ocrx_word' id='word_1_196' title='bbox 3235 1593 3412 1651; x_wconf 85' lang='lat' dir='ltr'><strong>Nestis</strong></span> <span class='ocrx_word' id='word_1_197' title='bbox 3449 1595 3541 1651; x_wconf 90' lang='lat' dir='ltr'><strong>de-</strong></span> 
     </span>
    </p>
   </div>
   <div class='ocr_carea' id='block_1_27' title="bbox 1977 1686 3540 1766">
    <p class='ocr_par' dir='ltr' id='par_1_27' title="bbox 1977 1686 3540 1766">
     <span class='ocr_line' id='line_1_27' title="bbox 1977 1686 3540 1766; baseline -0.006 -16"><span class='ocrx_word' id='word_1_198' title='bbox 1977 1696 2139 1766; x_wconf 92' lang='lat' dir='ltr'><strong>nique</strong></span> <span class='ocrx_word' id='word_1_199' title='bbox 2168 1695 2537 1764; x_wconf 83' lang='lat' dir='ltr'><strong>scatebraeque</strong></span> <span class='ocrx_word' id='word_1_200' title='bbox 2569 1692 2812 1746; x_wconf 86' lang='lat' dir='ltr'><strong>mortalis</strong></span> <span class='ocrx_word' id='word_1_201' title='bbox 2865 1704 3048 1745; x_wconf 89' lang='lat' dir='ltr'><strong>semen</strong></span> <span class='ocrx_word' id='word_1_202' title='bbox 3080 1696 3134 1744; x_wconf 90' lang='lat' dir='ltr'><strong>et</strong></span> <span class='ocrx_word' id='word_1_203' title='bbox 3153 1702 3348 1758; x_wconf 89' lang='lat' dir='ltr'><strong>aquam</strong></span> <span class='ocrx_word' id='word_1_204' title='bbox 3375 1686 3540 1755; x_wconf 79' lang='lat' dir='ltr'><strong>signi-</strong></span> 
     </span>
    </p>
   </div>
   <div class='ocr_carea' id='block_1_28' title="bbox 1971 1776 3540 1856">
    <p class='ocr_par' dir='ltr' id='par_1_28' title="bbox 1971 1776 3540 1856">
     <span class='ocr_line' id='line_1_28' title="bbox 1971 1776 3540 1856; baseline -0.007 -13"><span class='ocrx_word' id='word_1_205' title='bbox 1971 1787 2117 1844; x_wconf 83' lang='lat' dir='ltr'><strong>ﬁcat.</strong></span> <span class='ocrx_word' id='word_1_206' title='bbox 2165 1808 2183 1840; x_wconf 74' lang='grc' dir='ltr'>ι</span> <span class='ocrx_word' id='word_1_207' title='bbox 2227 1783 2301 1841; x_wconf 88' lang='lat' dir='ltr'><strong>Ea</strong></span> <span class='ocrx_word' id='word_1_208' title='bbox 2344 1787 2644 1856; x_wconf 90' lang='lat' dir='ltr'><strong>primorum</strong></span> <span class='ocrx_word' id='word_1_209' title='bbox 2699 1782 3054 1855; x_wconf 80' lang='lat' dir='ltr'><strong>Pbysicorum</strong></span> <span class='ocrx_word' id='word_1_210' title='bbox 3091 1778 3365 1836; x_wconf 90' lang='lat' dir='ltr'><strong>dissensio</strong></span> <span class='ocrx_word' id='word_1_211' title='bbox 3417 1776 3540 1839; x_wconf 81' lang='lat' dir='ltr'><strong>fuit.</strong></span> 
     </span>
    </p>
   </div>
   <div class='ocr_carea' id='block_1_29' title="bbox 292 1869 1864 1950">
    <p class='ocr_par' dir='ltr' id='par_1_29' title="bbox 292 1869 1864 1945">
     <span class='ocr_line' id='line_1_29' title="bbox 292 1869 1864 1945; baseline 0.003 -24"><span class='ocrx_word' id='word_1_212' title='bbox 292 1869 602 1938; x_wconf 82' lang='grc' dir='ltr'>φιλοσόφων</span> <span class='ocrx_word' id='word_1_213' title='bbox 656 1871 939 1942; x_wconf 73' lang='grc' dir='ltr'><strong>διαφωνία·</strong></span> <span class='ocrx_word' id='word_1_214' title='bbox 981 1874 1202 1945; x_wconf 81' lang='grc' dir='ltr'><strong>τοιαύτη</strong></span> <span class='ocrx_word' id='word_1_215' title='bbox 1227 1874 1281 1927; x_wconf 87' lang='grc' dir='ltr'>δὲ</span> <span class='ocrx_word' id='word_1_216' title='bbox 1315 1874 1490 1928; x_wconf 85' lang='grc' dir='ltr'>αὐτῶν</span> <span class='ocrx_word' id='word_1_217' title='bbox 1539 1875 1631 1927; x_wconf 72' lang='grc' dir='ltr'>καὶ</span> <span class='ocrx_word' id='word_1_218' title='bbox 1667 1875 1699 1944; x_wconf 80' lang='grc' dir='ltr'>ἡ</span> <span class='ocrx_word' id='word_1_219' title='bbox 1741 1873 1864 1945; x_wconf 66' lang='grc' dir='ltr'>περὶ</span> 
     </span>
    </p>
   </div>
   <div class='ocr_carea' id='block_1_30' title="bbox 1967 1869 3539 1950">
    <p class='ocr_par' dir='ltr' id='par_1_30' title="bbox 1970 1870 3539 1950">
     <span class='ocr_line' id='line_1_30' title="bbox 1970 1870 3539 1950; baseline -0.004 -16"><span class='ocrx_word' id='word_1_220' title='bbox 1970 1895 2033 1934; x_wconf 89' lang='lat' dir='ltr'><strong>ea</strong></span> <span class='ocrx_word' id='word_1_221' title='bbox 2060 1880 2125 1935; x_wconf 89' lang='lat' dir='ltr'><strong>de</strong></span> <span class='ocrx_word' id='word_1_222' title='bbox 2163 1879 2445 1950; x_wconf 86' lang='lat' dir='ltr'><strong>principiis</strong></span> <span class='ocrx_word' id='word_1_223' title='bbox 2483 1877 2688 1947; x_wconf 83' lang='lat' dir='ltr'><strong>Opinio,</strong></span> <span class='ocrx_word' id='word_1_224' title='bbox 2728 1877 2820 1946; x_wconf 91' lang='lat' dir='ltr'><strong>qui</strong></span> <span class='ocrx_word' id='word_1_225' title='bbox 2857 1892 2964 1930; x_wconf 93' lang='lat' dir='ltr'><strong>non</strong></span> <span class='ocrx_word' id='word_1_226' title='bbox 3010 1873 3177 1928; x_wconf 87' lang='lat' dir='ltr'><strong>Deum</strong></span> <span class='ocrx_word' id='word_1_227' title='bbox 3206 1912 3220 1934; x_wconf 89' lang='lat'><strong>,</strong></span> <span class='ocrx_word' id='word_1_228' title='bbox 3253 1887 3360 1926; x_wconf 90' lang='lat' dir='ltr'><strong>non</strong></span> <span class='ocrx_word' id='word_1_229' title='bbox 3411 1870 3539 1927; x_wconf 82' lang='lat' dir='ltr'><strong>ell&#39;e-</strong></span> 
     </span>
    </p>
   </div>
   <div class='ocr_carea' id='block_1_31' title="bbox 291 1961 1867 2036">
    <p class='ocr_par' dir='ltr' id='par_1_31' title="bbox 291 1961 1867 2036">
     <span class='ocr_line' id='line_1_31' title="bbox 291 1961 1867 2036; baseline 0.003 -23"><span class='ocrx_word' id='word_1_230' title='bbox 291 1961 480 2032; x_wconf 84' lang='grc' dir='ltr'>ἀρχῶν</span> <span class='ocrx_word' id='word_1_231' title='bbox 514 1962 659 2027; x_wconf 78' lang='grc' dir='ltr'>δόξα,</span> <span class='ocrx_word' id='word_1_232' title='bbox 704 1964 764 2017; x_wconf 77' lang='grc' dir='ltr'>οὐ</span> <span class='ocrx_word' id='word_1_233' title='bbox 815 1965 969 2026; x_wconf 83' lang='grc' dir='ltr'><strong>Θεὸν.</strong></span> <span class='ocrx_word' id='word_1_234' title='bbox 1005 1965 1066 2018; x_wconf 80' lang='grc' dir='ltr'>οὺ</span> <span class='ocrx_word' id='word_1_235' title='bbox 1108 1965 1356 2036; x_wconf 80' lang='grc' dir='ltr'><strong>ποιητὴν,</strong></span> <span class='ocrx_word' id='word_1_236' title='bbox 1410 1966 1474 2020; x_wconf 82' lang='grc' dir='ltr'>οὐ</span> <span class='ocrx_word' id='word_1_237' title='bbox 1518 1964 1867 2036; x_wconf 80' lang='grc' dir='ltr'>δημιουργὸν,</span> 
     </span>
    </p>
   </div>
   <div class='ocr_carea' id='block_1_32' title="bbox 292 2053 1868 2128">
    <p class='ocr_par' dir='ltr' id='par_1_32' title="bbox 292 2053 1868 2128">
     <span class='ocr_line' id='line_1_32' title="bbox 292 2053 1868 2128; baseline 0.004 -24"><span class='ocrx_word' id='word_1_238' title='bbox 292 2053 417 2106; x_wconf 78' lang='grc' dir='ltr'>οὐδέ</span> <span class='ocrx_word' id='word_1_239' title='bbox 477 2070 529 2106; x_wconf 89' lang='grc' dir='ltr'><strong>τι</strong></span> <span class='ocrx_word' id='word_1_240' title='bbox 590 2054 698 2109; x_wconf 86' lang='grc' dir='ltr'>τῶν</span> <span class='ocrx_word' id='word_1_241' title='bbox 753 2055 888 2111; x_wconf 81' lang='grc' dir='ltr'>ὅλων</span> <span class='ocrx_word' id='word_1_242' title='bbox 943 2057 1137 2120; x_wconf 77' lang='grc' dir='ltr'>αἴτιον,</span> <span class='ocrx_word' id='word_1_243' title='bbox 1179 2056 1297 2110; x_wconf 75' lang='grc' dir='ltr'>οὐδὲ</span> <span class='ocrx_word' id='word_1_244' title='bbox 1358 2057 1464 2128; x_wconf 81' lang='grc' dir='ltr'>μὴν</span> <span class='ocrx_word' id='word_1_245' title='bbox 1518 2056 1693 2123; x_wconf 75' lang='grc' dir='ltr'>θεοὺς,</span> <span class='ocrx_word' id='word_1_246' title='bbox 1759 2055 1868 2110; x_wconf 77' lang='grc' dir='ltr'>οὐδ’</span> 
     </span>
    </p>
   </div>
   <div class='ocr_carea' id='block_1_33' title="bbox 293 2144 1870 2220">
    <p class='ocr_par' dir='ltr' id='par_1_33' title="bbox 293 2144 1870 2220">
     <span class='ocr_line' id='line_1_33' title="bbox 293 2144 1870 2220; baseline 0.004 -24"><span class='ocrx_word' id='word_1_247' title='bbox 293 2144 617 2214; x_wconf 75' lang='grc' dir='ltr'><strong>ἀσωμάτους</strong></span> <span class='ocrx_word' id='word_1_248' title='bbox 659 2145 934 2218; x_wconf 85' lang='grc' dir='ltr'>δυνάμεις,</span> <span class='ocrx_word' id='word_1_249' title='bbox 965 2149 1024 2202; x_wconf 81' lang='grc' dir='ltr'>οὐ</span> <span class='ocrx_word' id='word_1_250' title='bbox 1085 2148 1276 2220; x_wconf 85' lang='grc' dir='ltr'>νοερὰς</span> <span class='ocrx_word' id='word_1_251' title='bbox 1319 2147 1527 2218; x_wconf 82' lang='grc' dir='ltr'>φύσεις,</span> <span class='ocrx_word' id='word_1_252' title='bbox 1549 2149 1610 2202; x_wconf 83' lang='grc' dir='ltr'>οὐ</span> <span class='ocrx_word' id='word_1_253' title='bbox 1649 2147 1870 2218; x_wconf 81' lang='grc' dir='ltr'>λογικὰς</span> 
     </span>
    </p>
   </div>
   <div class='ocr_carea' id='block_1_34' title="bbox 292 2233 1868 2310">
    <p class='ocr_par' dir='ltr' id='par_1_34' title="bbox 292 2233 1868 2310">
     <span class='ocr_line' id='line_1_34' title="bbox 292 2233 1868 2310; baseline 0.005 -26"><span class='ocrx_word' id='word_1_254' title='bbox 292 2233 502 2296; x_wconf 78' lang='grc' dir='ltr'><strong>οὐσίας,</strong></span> <span class='ocrx_word' id='word_1_255' title='bbox 534 2233 641 2288; x_wconf 77' lang='grc' dir='ltr'>οὐδ’</span> <span class='ocrx_word' id='word_1_256' title='bbox 666 2235 802 2299; x_wconf 72' lang='grc' dir='ltr'>ὅλως</span> <span class='ocrx_word' id='word_1_257' title='bbox 829 2254 879 2290; x_wconf 91' lang='grc' dir='ltr'>τι</span> <span class='ocrx_word' id='word_1_258' title='bbox 934 2237 1042 2291; x_wconf 85' lang='grc' dir='ltr'>τῶν</span> <span class='ocrx_word' id='word_1_259' title='bbox 1085 2238 1240 2302; x_wconf 76' lang='grc' dir='ltr'>ἐκτὸς</span> <span class='ocrx_word' id='word_1_260' title='bbox 1302 2238 1605 2310; x_wconf 84' lang='grc' dir='ltr'>αἰσθήσεων</span> <span class='ocrx_word' id='word_1_261' title='bbox 1637 2241 1693 2292; x_wconf 79' lang='grc' dir='ltr'>ἐν</span> <span class='ocrx_word' id='word_1_262' title='bbox 1749 2241 1868 2302; x_wconf 78' lang='grc' dir='ltr'>ταῖς</span> 
     </span>
    </p>
   </div>
   <div class='ocr_carea' id='block_1_35' title="bbox 293 2324 1868 2400">
    <p class='ocr_par' dir='ltr' id='par_1_35' title="bbox 293 2324 1868 2400">
     <span class='ocr_line' id='line_1_35' title="bbox 293 2324 1868 2400; baseline 0.004 -24"><span class='ocrx_word' id='word_1_263' title='bbox 293 2324 491 2394; x_wconf 81' lang='grc' dir='ltr'>ἀρχαῖς</span> <span class='ocrx_word' id='word_1_264' title='bbox 525 2324 890 2396; x_wconf 75' lang='grc' dir='ltr'><strong>ὑποθεμένων.</strong></span> <span class='ocrx_word' id='word_1_265' title='bbox 927 2327 1100 2392; x_wconf 82' lang='grc' dir='ltr'>Μόνος</span> <span class='ocrx_word' id='word_1_266' title='bbox 1143 2328 1186 2380; x_wconf 73' lang='grc' dir='ltr'>δ’</span> <span class='ocrx_word' id='word_1_267' title='bbox 1214 2324 1305 2382; x_wconf 79' lang='grc' dir='ltr'>οῦν</span> <span class='ocrx_word' id='word_1_268' title='bbox 1356 2328 1569 2400; x_wconf 85' lang='grc' dir='ltr'>πρῶτος</span> <span class='ocrx_word' id='word_1_269' title='bbox 1607 2328 1868 2400; x_wconf 76' lang='grc' dir='ltr'><strong>Ἑλλήνιον</strong></span> 
     </span>
    </p>
   </div>
   <div class='ocr_carea' id='block_1_36' title="bbox 307 2415 1870 2493">
    <p class='ocr_par' dir='ltr' id='par_1_36' title="bbox 307 2415 1870 2493">
     <span class='ocr_line' id='line_1_36' title="bbox 307 2415 1870 2493; baseline 0.004 -26"><span class='ocrx_word' id='word_1_270' title='bbox 307 2415 674 2488; x_wconf 81' lang='grc' dir='ltr'><strong>Ἀναξαγόρας</strong></span> <span class='ocrx_word' id='word_1_271' title='bbox 706 2419 1096 2488; x_wconf 80' lang='grc' dir='ltr'><strong>μνημονεύεται</strong></span> <span class='ocrx_word' id='word_1_272' title='bbox 1116 2420 1172 2472; x_wconf 77' lang='grc' dir='ltr'><strong>ὲν</strong></span> <span class='ocrx_word' id='word_1_273' title='bbox 1186 2423 1296 2484; x_wconf 84' lang='grc' dir='ltr'>τοῖς</span> <span class='ocrx_word' id='word_1_274' title='bbox 1321 2435 1384 2473; x_wconf 85' lang='grc' dir='ltr'><strong>πε</strong></span> <span class='ocrx_word' id='word_1_275' title='bbox 1393 2422 1448 2492; x_wconf 68' lang='lat' dir='ltr'><strong>pl.</strong></span> <span class='ocrx_word' id='word_1_276' title='bbox 1482 2420 1663 2493; x_wconf 85' lang='grc' dir='ltr'>ἀρχῶν</span> <span class='ocrx_word' id='word_1_277' title='bbox 1694 2421 1870 2490; x_wconf 83' lang='grc' dir='ltr'>λόγοις</span> 
     </span>
    </p>
   </div>
   <div class='ocr_carea' id='block_1_37' title="bbox 291 2504 1866 2583">
    <p class='ocr_par' dir='ltr' id='par_1_37' title="bbox 291 2504 1866 2583">
     <span class='ocr_line' id='line_1_37' title="bbox 291 2504 1866 2583; baseline 0.004 -25"><span class='ocrx_word' id='word_1_278' title='bbox 291 2504 421 2558; x_wconf 83' lang='grc' dir='ltr'>νοῦν</span> <span class='ocrx_word' id='word_1_279' title='bbox 467 2505 575 2559; x_wconf 85' lang='grc' dir='ltr'>τῶν</span> <span class='ocrx_word' id='word_1_280' title='bbox 606 2507 822 2561; x_wconf 80' lang='grc' dir='ltr'>πάντων</span> <span class='ocrx_word' id='word_1_281' title='bbox 874 2508 1044 2562; x_wconf 69' lang='grc' dir='ltr'>αἴτιον</span> <span class='ocrx_word' id='word_1_282' title='bbox 1082 2511 1478 2583; x_wconf 77' lang='grc' dir='ltr'>ἀποφήνασθαι.</span> <span class='ocrx_word' id='word_1_283' title='bbox 1527 2511 1663 2565; x_wconf 76' lang='grc' dir='ltr'>Φασὶ</span> <span class='ocrx_word' id='word_1_284' title='bbox 1715 2511 1866 2580; x_wconf 89' lang='grc' dir='ltr'>γοῦν,</span> 
     </span>
    </p>
   </div>
   <div class='ocr_carea' id='block_1_38' title="bbox 294 2590 1867 2674">
    <p class='ocr_par' dir='ltr' id='par_1_38' title="bbox 294 2590 1867 2674">
     <span class='ocr_line' id='line_1_38' title="bbox 294 2590 1867 2674; baseline 0.007 -29"><span class='ocrx_word' id='word_1_285' title='bbox 294 2594 374 2656; x_wconf 83' lang='grc' dir='ltr'><strong>ὼς</strong></span> <span class='ocrx_word' id='word_1_286' title='bbox 395 2594 502 2664; x_wconf 76' lang='grc' dir='ltr'><strong>ἄρα</strong></span> <span class='ocrx_word' id='word_1_287' title='bbox 526 2590 678 2661; x_wconf 73' lang='grc' dir='ltr'>οὗτος</span> <span class='ocrx_word' id='word_1_288' title='bbox 703 2596 935 2667; x_wconf 73' lang='grc' dir='ltr'>μάλιστα</span> <span class='ocrx_word' id='word_1_289' title='bbox 959 2598 1108 2670; x_wconf 79' lang='grc' dir='ltr'><strong>παρὰ</strong></span> <span class='ocrx_word' id='word_1_290' title='bbox 1128 2601 1252 2662; x_wconf 82' lang='grc' dir='ltr'>τοὺς</span> <span class='ocrx_word' id='word_1_291' title='bbox 1282 2601 1384 2671; x_wconf 81' lang='grc' dir='ltr'>πρὸ</span> <span class='ocrx_word' id='word_1_292' title='bbox 1408 2600 1570 2654; x_wconf 84' lang='grc' dir='ltr'>αὑτοῦ</span> <span class='ocrx_word' id='word_1_293' title='bbox 1594 2601 1867 2674; x_wconf 75' lang='grc' dir='ltr'>ἐθαύμασε</span> 
     </span>
    </p>
   </div>
   <div class='ocr_carea' id='block_1_39' title="bbox 296 2687 1870 2765">
    <p class='ocr_par' dir='ltr' id='par_1_39' title="bbox 296 2687 1870 2765">
     <span class='ocr_line' id='line_1_39' title="bbox 296 2687 1870 2765; baseline 0.007 -28"><span class='ocrx_word' id='word_1_294' title='bbox 296 2687 666 2756; x_wconf 75' lang='grc' dir='ltr'><strong>φυσιολογίαν·</strong></span> <span class='ocrx_word' id='word_1_295' title='bbox 713 2690 1004 2760; x_wconf 75' lang='grc' dir='ltr'>μηλόϐοτόν</span> <span class='ocrx_word' id='word_1_296' title='bbox 1034 2691 1141 2762; x_wconf 85' lang='grc'><strong>(76)</strong></span> <span class='ocrx_word' id='word_1_297' title='bbox 1176 2689 1240 2761; x_wconf 84' lang='grc' dir='ltr'><strong>γέ</strong></span> <span class='ocrx_word' id='word_1_298' title='bbox 1271 2709 1352 2745; x_wconf 86' lang='grc' dir='ltr'>τοι</span> <span class='ocrx_word' id='word_1_299' title='bbox 1389 2694 1487 2765; x_wconf 84' lang='grc' dir='ltr'>τὴν</span> <span class='ocrx_word' id='word_1_300' title='bbox 1521 2695 1712 2748; x_wconf 77' lang='grc' dir='ltr'>ἑαυτοῦ</span> <span class='ocrx_word' id='word_1_301' title='bbox 1763 2693 1870 2765; x_wconf 82' lang='grc' dir='ltr'><strong>χώ-</strong></span> 
     </span>
    </p>
   </div>
   <div class='ocr_carea' id='block_1_40' title="bbox 301 2778 1868 2858">
    <p class='ocr_par' dir='ltr' id='par_1_40' title="bbox 301 2778 1868 2858">
     <span class='ocr_line' id='line_1_40' title="bbox 301 2778 1868 2858; baseline 0.007 -28"><span class='ocrx_word' id='word_1_302' title='bbox 301 2792 403 2846; x_wconf 84' lang='grc' dir='ltr'>ραν</span> <span class='ocrx_word' id='word_1_303' title='bbox 433 2778 502 2832; x_wconf 83' lang='grc' dir='ltr'>δι’</span> <span class='ocrx_word' id='word_1_304' title='bbox 537 2779 703 2851; x_wconf 78' lang='grc' dir='ltr'>αὐτὴν</span> <span class='ocrx_word' id='word_1_305' title='bbox 727 2782 896 2846; x_wconf 81' lang='grc' dir='ltr'>εἴασε,</span> <span class='ocrx_word' id='word_1_306' title='bbox 921 2783 1011 2835; x_wconf 89' lang='grc' dir='ltr'>τόν</span> <span class='ocrx_word' id='word_1_307' title='bbox 1039 2800 1094 2836; x_wconf 91' lang='grc' dir='ltr'><strong>τε</strong></span> <span class='ocrx_word' id='word_1_308' title='bbox 1114 2784 1238 2856; x_wconf 63' lang='grc' dir='ltr'><strong>’περὶ¹</strong></span> <span class='ocrx_word' id='word_1_309' title='bbox 1259 2783 1440 2856; x_wconf 83' lang='grc' dir='ltr'>ἀρχῶν</span> <span class='ocrx_word' id='word_1_310' title='bbox 1473 2785 1626 2854; x_wconf 90' lang='grc' dir='ltr'>λόγον</span> <span class='ocrx_word' id='word_1_311' title='bbox 1657 2787 1868 2858; x_wconf 83' lang='grc' dir='ltr'>πρῶτος</span> 
     </span>
    </p>
   </div>
   <div class='ocr_carea' id='block_1_41' title="bbox 310 2865 1870 2949">
    <p class='ocr_par' dir='ltr' id='par_1_41' title="bbox 310 2865 1870 2949">
     <span class='ocr_line' id='line_1_41' title="bbox 310 2865 1870 2949; baseline 0.008 -28"><span class='ocrx_word' id='word_1_312' title='bbox 310 2865 577 2940; x_wconf 82' lang='grc' dir='ltr'>Ἑλλήνων</span> <span class='ocrx_word' id='word_1_313' title='bbox 607 2871 956 2944; x_wconf 85' lang='grc' dir='ltr'>διήρθρωσεν.</span> <span class='ocrx_word' id='word_1_314' title='bbox 994 2875 1067 2928; x_wconf 78' lang='grc' dir='ltr'><strong>Οὐ</strong></span> <span class='ocrx_word' id='word_1_315' title='bbox 1101 2877 1205 2948; x_wconf 78' lang='grc' dir='ltr'><strong>γὰρ</strong></span> <span class='ocrx_word' id='word_1_316' title='bbox 1248 2877 1404 2948; x_wconf 85' lang='grc' dir='ltr'>μόνον</span> <span class='ocrx_word' id='word_1_317' title='bbox 1449 2877 1576 2949; x_wconf 75' lang='grc' dir='ltr'>περὶ</span> <span class='ocrx_word' id='word_1_318' title='bbox 1615 2879 1709 2949; x_wconf 82' lang='grc' dir='ltr'><strong>τῆς</strong></span> <span class='ocrx_word' id='word_1_319' title='bbox 1739 2879 1870 2933; x_wconf 81' lang='grc' dir='ltr'><strong>πάν-</strong></span> 
     </span>
    </p>
   </div>
   <div class='ocr_carea' id='block_1_42' title="bbox 297 2960 1868 3038">
    <p class='ocr_par' dir='ltr' id='par_1_42' title="bbox 297 2960 1868 3038">
     <span class='ocr_line' id='line_1_42' title="bbox 297 2960 1868 3038; baseline 0.008 -27"><span class='ocrx_word' id='word_1_320' title='bbox 297 2975 405 3012; x_wconf 87' lang='grc' dir='ltr'><strong>των</strong></span> <span class='ocrx_word' id='word_1_321' title='bbox 437 2960 624 3026; x_wconf 75' lang='grc' dir='ltr'>οὐσίας</span> <span class='ocrx_word' id='word_1_322' title='bbox 653 2962 985 3036; x_wconf 77' lang='grc' dir='ltr'>ἀπεφήνατο,</span> <span class='ocrx_word' id='word_1_323' title='bbox 1017 2967 1091 3030; x_wconf 84' lang='grc' dir='ltr'>ὡς</span> <span class='ocrx_word' id='word_1_324' title='bbox 1128 2969 1175 3021; x_wconf 77' lang='grc' dir='ltr'><strong>οἱ</strong></span> <span class='ocrx_word' id='word_1_325' title='bbox 1224 2967 1330 3038; x_wconf 81' lang='grc' dir='ltr'><strong>πρὸ</strong></span> <span class='ocrx_word' id='word_1_326' title='bbox 1367 2967 1550 3029; x_wconf 79' lang='grc' dir='ltr'>αὑτοῦ,</span> <span class='ocrx_word' id='word_1_327' title='bbox 1609 2967 1742 3022; x_wconf 80' lang='grc' dir='ltr'><strong>ἀλλᾶ</strong></span> <span class='ocrx_word' id='word_1_328' title='bbox 1776 2969 1868 3023; x_wconf 70' lang='grc' dir='ltr'>καὶ</span> 
     </span>
    </p>
   </div>
   <div class='ocr_carea' id='block_1_43' title="bbox 298 3051 1869 3132">
    <p class='ocr_par' dir='ltr' id='par_1_43' title="bbox 298 3051 1869 3132">
     <span class='ocr_line' id='line_1_43' title="bbox 298 3051 1869 3132; baseline 0.008 -30"><span class='ocrx_word' id='word_1_329' title='bbox 298 3051 428 3122; x_wconf 70' lang='grc' dir='ltr'>περὶ</span> <span class='ocrx_word' id='word_1_330' title='bbox 459 3053 553 3106; x_wconf 89' lang='grc' dir='ltr'>τοῦ</span> <span class='ocrx_word' id='word_1_331' title='bbox 599 3054 872 3120; x_wconf 84' lang='grc' dir='ltr'>κινοῦντος</span> <span class='ocrx_word' id='word_1_332' title='bbox 924 3057 1092 3130; x_wconf 76' lang='grc' dir='ltr'>αὐτὴν</span> <span class='ocrx_word' id='word_1_333' title='bbox 1143 3059 1331 3112; x_wconf 71' lang='grc' dir='ltr'>αἰτίου.</span> <span class='ocrx_word' id='word_1_334' title='bbox 1382 3056 1488 3112; x_wconf 84' lang='grc' dir='ltr'><strong>Ἦν</strong></span> <span class='ocrx_word' id='word_1_335' title='bbox 1535 3059 1640 3132; x_wconf 77' lang='grc' dir='ltr'>γὰρ</span> <span class='ocrx_word' id='word_1_336' title='bbox 1686 3061 1742 3112; x_wconf 81' lang='grc' dir='ltr'><strong>ἐν</strong></span> <span class='ocrx_word' id='word_1_337' title='bbox 1771 3062 1869 3132; x_wconf 81' lang='grc' dir='ltr'><strong>ἀρ-</strong></span> 
     </span>
    </p>
   </div>
   <div class='ocr_carea' id='block_1_44' title="bbox 296 3143 1869 3222">
    <p class='ocr_par' dir='ltr' id='par_1_44' title="bbox 296 3143 1869 3222">
     <span class='ocr_line' id='line_1_44' title="bbox 296 3143 1869 3222; baseline 0.006 -26"><span class='ocrx_word' id='word_1_338' title='bbox 296 3145 368 3212; x_wconf 75' lang='grc' dir='ltr'><strong>χῇ</strong></span> <span class='ocrx_word' id='word_1_339' title='bbox 403 3143 535 3212; x_wconf 83' lang='lat'><strong>(77),</strong></span> <span class='ocrx_word' id='word_1_340' title='bbox 569 3146 754 3216; x_wconf 75' lang='grc' dir='ltr'>φησὶν,</span> <span class='ocrx_word' id='word_1_341' title='bbox 784 3147 917 3217; x_wconf 87' lang='grc' dir='ltr'>όμοῦ</span> <span class='ocrx_word' id='word_1_342' title='bbox 940 3149 1007 3202; x_wconf 79' lang='grc' dir='ltr'>τὰ</span> <span class='ocrx_word' id='word_1_343' title='bbox 1031 3149 1328 3220; x_wconf 84' lang='grc' dir='ltr'>πράγματα</span> <span class='ocrx_word' id='word_1_344' title='bbox 1356 3151 1695 3222; x_wconf 65' lang='grc' dir='ltr'>πεφυρμένω</span> <span class='ocrx_word' id='word_1_345' title='bbox 1726 3151 1869 3219; x_wconf 88' lang='grc' dir='ltr'>Νοῦς</span> 
     </span>
    </p>
   </div>
   <div class='ocr_carea' id='block_1_45' title="bbox 1968 1961 3541 2035">
    <p class='ocr_par' dir='ltr' id='par_1_45' title="bbox 1968 1961 3541 2035">
     <span class='ocr_line' id='line_1_45' title="bbox 1968 1961 3541 2035; baseline -0.005 -11"><span class='ocrx_word' id='word_1_346' title='bbox 1968 1978 2196 2035; x_wconf 90' lang='lat' dir='ltr'><strong>ctorem,</strong></span> <span class='ocrx_word' id='word_1_347' title='bbox 2238 1983 2349 2023; x_wconf 89' lang='lat' dir='ltr'><strong>non</strong></span> <span class='ocrx_word' id='word_1_348' title='bbox 2408 1966 2716 2022; x_wconf 89' lang='lat' dir='ltr'><strong>molitorem</strong></span> <span class='ocrx_word' id='word_1_349' title='bbox 2758 1965 2950 2030; x_wconf 92' lang='lat' dir='ltr'><strong>ullum,</strong></span> <span class='ocrx_word' id='word_1_350' title='bbox 2982 1979 3092 2019; x_wconf 92' lang='lat' dir='ltr'><strong>non</strong></span> <span class='ocrx_word' id='word_1_351' title='bbox 3141 1962 3373 2033; x_wconf 85' lang='lat' dir='ltr'><strong>aliquem</strong></span> <span class='ocrx_word' id='word_1_352' title='bbox 3421 1961 3541 2017; x_wconf 91' lang='lat' dir='ltr'><strong>uni-</strong></span> 
     </span>
    </p>
   </div>
   <div class='ocr_carea' id='block_1_46' title="bbox 1969 2055 3540 2126">
    <p class='ocr_par' dir='ltr' id='par_1_46' title="bbox 1969 2055 3540 2126">
     <span class='ocr_line' id='line_1_46' title="bbox 1969 2055 3540 2126; baseline -0.005 -10"><span class='ocrx_word' id='word_1_353' title='bbox 1969 2061 2244 2117; x_wconf 85' lang='lat' dir='ltr'><strong>versitatis</strong></span> <span class='ocrx_word' id='word_1_354' title='bbox 2274 2071 2574 2125; x_wconf 88' lang='lat' dir='ltr'><strong>auctorem,</strong></span> <span class='ocrx_word' id='word_1_355' title='bbox 2610 2058 2741 2124; x_wconf 90' lang='lat' dir='ltr'><strong>imo,</strong></span> <span class='ocrx_word' id='word_1_356' title='bbox 2778 2071 2846 2111; x_wconf 92' lang='lat' dir='ltr'><strong>ne</strong></span> <span class='ocrx_word' id='word_1_357' title='bbox 2890 2057 3022 2112; x_wconf 90' lang='lat' dir='ltr'><strong>deos</strong></span> <span class='ocrx_word' id='word_1_358' title='bbox 3053 2056 3292 2126; x_wconf 86' lang='lat' dir='ltr'><strong>quidem,</strong></span> <span class='ocrx_word' id='word_1_359' title='bbox 3324 2071 3423 2109; x_wconf 89' lang='lat' dir='ltr'><strong>nec</strong></span> <span class='ocrx_word' id='word_1_360' title='bbox 3453 2055 3540 2109; x_wconf 89' lang='lat' dir='ltr'><strong>in-</strong></span> 
     </span>
    </p>
   </div>
   <div class='ocr_carea' id='block_1_47' title="bbox 1968 2146 3539 2222">
    <p class='ocr_par' dir='ltr' id='par_1_47' title="bbox 1968 2146 3539 2222">
     <span class='ocr_line' id='line_1_47' title="bbox 1968 2146 3539 2222; baseline -0.006 -14"><span class='ocrx_word' id='word_1_361' title='bbox 1968 2167 2280 2222; x_wconf 87' lang='lat' dir='ltr'><strong>corporeas,</strong></span> <span class='ocrx_word' id='word_1_362' title='bbox 2301 2151 2572 2221; x_wconf 86' lang='lat' dir='ltr'><strong>spiritales</strong></span> <span class='ocrx_word' id='word_1_363' title='bbox 2617 2148 2952 2218; x_wconf 85' lang='lat' dir='ltr'><strong>rationisque</strong></span> <span class='ocrx_word' id='word_1_364' title='bbox 2978 2146 3268 2217; x_wconf 86' lang='lat' dir='ltr'><strong>participes</strong></span> <span class='ocrx_word' id='word_1_365' title='bbox 3294 2154 3539 2213; x_wconf 88' lang='lat' dir='ltr'><strong>naturas,</strong></span> 
     </span>
    </p>
   </div>
   <div class='ocr_carea' id='block_1_48' title="bbox 1967 2235 3539 2312">
    <p class='ocr_par' dir='ltr' id='par_1_48' title="bbox 1967 2235 3539 2312">
     <span class='ocr_line' id='line_1_48' title="bbox 1967 2235 3539 2312; baseline -0.006 -14"><span class='ocrx_word' id='word_1_366' title='bbox 1967 2243 2202 2312; x_wconf 88' lang='lat' dir='ltr'><strong>denique</strong></span> <span class='ocrx_word' id='word_1_367' title='bbox 2240 2241 2378 2296; x_wconf 90' lang='lat' dir='ltr'><strong>nihil</strong></span> <span class='ocrx_word' id='word_1_368' title='bbox 2409 2241 2632 2296; x_wconf 90' lang='lat' dir='ltr'><strong>omnino</strong></span> <span class='ocrx_word' id='word_1_369' title='bbox 2670 2238 2815 2310; x_wconf 89' lang='lat' dir='ltr'><strong>quod</strong></span> <span class='ocrx_word' id='word_1_370' title='bbox 2852 2251 3114 2293; x_wconf 85' lang='lat' dir='ltr'><strong>sensuum</strong></span> <span class='ocrx_word' id='word_1_371' title='bbox 3139 2235 3274 2291; x_wconf 87' lang='lat' dir='ltr'><strong>lines</strong></span> <span class='ocrx_word' id='word_1_372' title='bbox 3297 2243 3539 2305; x_wconf 79' lang='lat' dir='ltr'><strong>capturu-</strong></span> 
     </span>
    </p>
   </div>
   <div class='ocr_carea' id='block_1_49' title="bbox 1967 2326 3538 2403">
    <p class='ocr_par' dir='ltr' id='par_1_49' title="bbox 1967 2326 3538 2403">
     <span class='ocr_line' id='line_1_49' title="bbox 1967 2326 3538 2403; baseline -0.003 -16"><span class='ocrx_word' id='word_1_373' title='bbox 1967 2349 2073 2403; x_wconf 88' lang='lat' dir='ltr'><strong>que</strong></span> <span class='ocrx_word' id='word_1_374' title='bbox 2103 2341 2343 2402; x_wconf 90' lang='lat' dir='ltr'><strong>superet,</strong></span> <span class='ocrx_word' id='word_1_375' title='bbox 2377 2333 2430 2386; x_wconf 92' lang='lat' dir='ltr'><strong>in</strong></span> <span class='ocrx_word' id='word_1_376' title='bbox 2466 2331 2750 2402; x_wconf 81' lang='lat' dir='ltr'><strong>principiis</strong></span> <span class='ocrx_word' id='word_1_377' title='bbox 2781 2337 3157 2384; x_wconf 88' lang='lat' dir='ltr'><strong>numerarunt.</strong></span> <span class='ocrx_word' id='word_1_378' title='bbox 3209 2326 3352 2382; x_wconf 89' lang='lat' dir='ltr'><strong>Sane</strong></span> <span class='ocrx_word' id='word_1_379' title='bbox 3391 2326 3538 2383; x_wconf 62' lang='lat' dir='ltr'><strong>Grae-</strong></span> 
     </span>
    </p>
   </div>
   <div class='ocr_carea' id='block_1_50' title="bbox 1967 2415 3540 2493">
    <p class='ocr_par' dir='ltr' id='par_1_50' title="bbox 1967 2415 3540 2493">
     <span class='ocr_line' id='line_1_50' title="bbox 1967 2415 3540 2493; baseline -0.006 -13"><span class='ocrx_word' id='word_1_380' title='bbox 1967 2441 2155 2482; x_wconf 89' lang='lat' dir='ltr'><strong>corum</strong></span> <span class='ocrx_word' id='word_1_381' title='bbox 2187 2425 2432 2479; x_wconf 90' lang='lat' dir='ltr'><strong>omnium</strong></span> <span class='ocrx_word' id='word_1_382' title='bbox 2472 2421 2768 2493; x_wconf 88' lang='lat' dir='ltr'><strong>principem</strong></span> <span class='ocrx_word' id='word_1_383' title='bbox 2799 2422 3200 2491; x_wconf 80' lang='lat' dir='ltr'><strong>Anaxagoram,</strong></span> <span class='ocrx_word' id='word_1_384' title='bbox 3231 2417 3285 2471; x_wconf 91' lang='lat' dir='ltr'><strong>in</strong></span> <span class='ocrx_word' id='word_1_385' title='bbox 3321 2415 3435 2472; x_wconf 84' lang='lat' dir='ltr'><strong>suis</strong></span> <span class='ocrx_word' id='word_1_386' title='bbox 3472 2416 3540 2471; x_wconf 88' lang='lat' dir='ltr'><strong>de</strong></span> 
     </span>
    </p>
   </div>
   <div class='ocr_carea' id='block_1_51' title="bbox 1968 2510 3538 2590">
    <p class='ocr_par' dir='ltr' id='par_1_51' title="bbox 1968 2510 3538 2590">
     <span class='ocr_line' id='line_1_51' title="bbox 1968 2510 3538 2590; baseline -0.006 -17"><span class='ocrx_word' id='word_1_387' title='bbox 1968 2517 2254 2590; x_wconf 89' lang='lat' dir='ltr'><strong>principiis</strong></span> <span class='ocrx_word' id='word_1_388' title='bbox 2277 2514 2758 2586; x_wconf 72' lang='lat' dir='ltr'><strong>disputationibus,</strong></span> <span class='ocrx_word' id='word_1_389' title='bbox 2796 2521 3029 2569; x_wconf 90' lang='lat' dir='ltr'><strong>mentem</strong></span> <span class='ocrx_word' id='word_1_390' title='bbox 3087 2526 3266 2566; x_wconf 89' lang='lat' dir='ltr'><strong>rerum</strong></span> <span class='ocrx_word' id='word_1_391' title='bbox 3318 2510 3538 2564; x_wconf 87' lang='lat' dir='ltr'><strong>univer-</strong></span> 
     </span>
    </p>
   </div>
   <div class='ocr_carea' id='block_1_52' title="bbox 1968 2599 3539 2674">
    <p class='ocr_par' dir='ltr' id='par_1_52' title="bbox 1968 2599 3539 2674">
     <span class='ocr_line' id='line_1_52' title="bbox 1968 2599 3539 2674; baseline -0.003 -14"><span class='ocrx_word' id='word_1_392' title='bbox 1968 2621 2152 2660; x_wconf 90' lang='lat' dir='ltr'><strong>sarum</strong></span> <span class='ocrx_word' id='word_1_393' title='bbox 2185 2619 2405 2659; x_wconf 89' lang='lat' dir='ltr'><strong>causam</strong></span> <span class='ocrx_word' id='word_1_394' title='bbox 2447 2603 2693 2674; x_wconf 86' lang='lat' dir='ltr'><strong>posuisse</strong></span> <span class='ocrx_word' id='word_1_395' title='bbox 2728 2601 2930 2658; x_wconf 82' lang='lat' dir='ltr'><strong>ferunt.</strong></span> <span class='ocrx_word' id='word_1_396' title='bbox 2967 2601 3032 2656; x_wconf 86' lang='lat' dir='ltr'><strong>Et</strong></span> <span class='ocrx_word' id='word_1_397' title='bbox 3061 2615 3189 2656; x_wconf 88' lang='lat' dir='ltr'><strong>vero</strong></span> <span class='ocrx_word' id='word_1_398' title='bbox 3231 2599 3539 2670; x_wconf 87' lang='lat' dir='ltr'><strong>superiores</strong></span> 
     </span>
    </p>
   </div>
   <div class='ocr_carea' id='block_1_53' title="bbox 1966 2693 3538 2767">
    <p class='ocr_par' dir='ltr' id='par_1_53' title="bbox 1966 2693 3538 2767">
     <span class='ocr_line' id='line_1_53' title="bbox 1966 2693 3538 2767; baseline -0.004 -16"><span class='ocrx_word' id='word_1_399' title='bbox 1966 2712 2157 2752; x_wconf 88' lang='lat' dir='ltr'><strong>omnes</strong></span> <span class='ocrx_word' id='word_1_400' title='bbox 2204 2706 2468 2767; x_wconf 89' lang='lat' dir='ltr'><strong>quantum</strong></span> <span class='ocrx_word' id='word_1_401' title='bbox 2519 2697 2565 2752; x_wconf 88' lang='lat' dir='ltr'><strong>is</strong></span> <span class='ocrx_word' id='word_1_402' title='bbox 2602 2695 2954 2766; x_wconf 76' lang='lat' dir='ltr'><strong>physiologia:</strong></span> <span class='ocrx_word' id='word_1_403' title='bbox 3008 2693 3189 2749; x_wconf 89' lang='lat' dir='ltr'><strong>studio</strong></span> <span class='ocrx_word' id='word_1_404' title='bbox 3247 2693 3538 2762; x_wconf 87' lang='lat' dir='ltr'><strong>superarit,</strong></span> 
     </span>
    </p>
   </div>
   <div class='ocr_carea' id='block_1_54' title="bbox 1969 2783 3538 2858">
    <p class='ocr_par' dir='ltr' id='par_1_54' title="bbox 1969 2783 3538 2858">
     <span class='ocr_line' id='line_1_54' title="bbox 1969 2783 3538 2858; baseline -0.002 -16"><span class='ocrx_word' id='word_1_405' title='bbox 1969 2789 2050 2843; x_wconf 84' lang='lat' dir='ltr'><strong>vel</strong></span> <span class='ocrx_word' id='word_1_406' title='bbox 2071 2804 2136 2842; x_wconf 79' lang='lat' dir='ltr'><strong>ex</strong></span> <span class='ocrx_word' id='word_1_407' title='bbox 2163 2801 2227 2842; x_wconf 87' lang='lat' dir='ltr'><strong>eo</strong></span> <span class='ocrx_word' id='word_1_408' title='bbox 2257 2787 2478 2858; x_wconf 83' lang='lat' dir='ltr'><strong>intelligi</strong></span> <span class='ocrx_word' id='word_1_409' title='bbox 2505 2787 2647 2856; x_wconf 87' lang='lat' dir='ltr'><strong>quod</strong></span> <span class='ocrx_word' id='word_1_410' title='bbox 2675 2801 2834 2856; x_wconf 77' lang='lat' dir='ltr'><strong>agros</strong></span> <span class='ocrx_word' id='word_1_411' title='bbox 2868 2785 2982 2855; x_wconf 81' lang='lat' dir='ltr'><strong>ipse</strong></span> <span class='ocrx_word' id='word_1_412' title='bbox 3011 2797 3142 2839; x_wconf 90' lang='lat' dir='ltr'><strong>suos</strong></span> <span class='ocrx_word' id='word_1_413' title='bbox 3167 2783 3538 2854; x_wconf 82' lang='lat' dir='ltr'><strong>magnitudine</strong></span> 
     </span>
    </p>
   </div>
   <div class='ocr_carea' id='block_1_55' title="bbox 1968 2873 3537 2950">
    <p class='ocr_par' dir='ltr' id='par_1_55' title="bbox 1968 2873 3537 2950">
     <span class='ocr_line' id='line_1_55' title="bbox 1968 2873 3537 2950; baseline -0.003 -16"><span class='ocrx_word' id='word_1_414' title='bbox 1968 2879 2235 2950; x_wconf 88' lang='lat' dir='ltr'><strong>pastionis</strong></span> <span class='ocrx_word' id='word_1_415' title='bbox 2267 2879 2573 2934; x_wconf 88' lang='lat' dir='ltr'><strong>uberrimos</strong></span> <span class='ocrx_word' id='word_1_416' title='bbox 2602 2877 2720 2948; x_wconf 86' lang='lat' dir='ltr'><strong>ejus</strong></span> <span class='ocrx_word' id='word_1_417' title='bbox 2767 2891 2952 2930; x_wconf 88' lang='lat' dir='ltr'><strong>amore</strong></span> <span class='ocrx_word' id='word_1_418' title='bbox 2981 2874 3282 2943; x_wconf 87' lang='lat' dir='ltr'><strong>reliquerit,</strong></span> <span class='ocrx_word' id='word_1_419' title='bbox 3316 2873 3537 2930; x_wconf 64' lang='lat' dir='ltr'><strong>Graeco-</strong></span> 
     </span>
    </p>
   </div>
   <div class='ocr_carea' id='block_1_56' title="bbox 1968 2965 3534 3038">
    <p class='ocr_par' dir='ltr' id='par_1_56' title="bbox 1968 2965 3534 3038">
     <span class='ocr_line' id='line_1_56' title="bbox 1968 2965 3534 3038; baseline 0 -16"><span class='ocrx_word' id='word_1_420' title='bbox 1968 2984 2198 3038; x_wconf 91' lang='lat' dir='ltr'><strong>rumque</strong></span> <span class='ocrx_word' id='word_1_421' title='bbox 2227 2968 2436 3038; x_wconf 89' lang='lat' dir='ltr'><strong>primus</strong></span> <span class='ocrx_word' id='word_1_422' title='bbox 2467 2966 2535 3022; x_wconf 91' lang='lat' dir='ltr'><strong>de</strong></span> <span class='ocrx_word' id='word_1_423' title='bbox 2577 2965 2859 3037; x_wconf 89' lang='lat' dir='ltr'><strong>principiis</strong></span> <span class='ocrx_word' id='word_1_424' title='bbox 2906 2965 3186 3020; x_wconf 85' lang='lat' dir='ltr'><strong>enucleate</strong></span> <span class='ocrx_word' id='word_1_425' title='bbox 3223 2965 3534 3034; x_wconf 88' lang='lat' dir='ltr'><strong>disputarit.</strong></span> 
     </span>
    </p>
   </div>
   <div class='ocr_carea' id='block_1_57' title="bbox 1967 3053 3537 3119">
    <p class='ocr_par' dir='ltr' id='par_1_57' title="bbox 1967 3053 3537 3119">
     <span class='ocr_line' id='line_1_57' title="bbox 1967 3053 3537 3119; baseline -0.002 -6"><span class='ocrx_word' id='word_1_426' title='bbox 1967 3057 2076 3113; x_wconf 82' lang='lat' dir='ltr'><strong>Nec</strong></span> <span class='ocrx_word' id='word_1_427' title='bbox 2111 3057 2256 3112; x_wconf 89' lang='lat' dir='ltr'><strong>enim</strong></span> <span class='ocrx_word' id='word_1_428' title='bbox 2297 3065 2509 3111; x_wconf 89' lang='lat' dir='ltr'><strong>tantum</strong></span> <span class='ocrx_word' id='word_1_429' title='bbox 2558 3055 2625 3111; x_wconf 90' lang='lat' dir='ltr'><strong>de</strong></span> <span class='ocrx_word' id='word_1_430' title='bbox 2676 3062 2875 3110; x_wconf 81' lang='lat' dir='ltr'><strong>natura</strong></span> <span class='ocrx_word' id='word_1_431' title='bbox 2927 3069 3112 3109; x_wconf 90' lang='lat' dir='ltr'><strong>rerum</strong></span> <span class='ocrx_word' id='word_1_432' title='bbox 3150 3053 3426 3119; x_wconf 89' lang='lat' dir='ltr'><strong>omnium,</strong></span> <span class='ocrx_word' id='word_1_433' title='bbox 3480 3064 3537 3110; x_wconf 93' lang='lat' dir='ltr'><strong>ut</strong></span> 
     </span>
    </p>
   </div>
   <div class='ocr_carea' id='block_1_58' title="bbox 1969 3145 3531 3220">
    <p class='ocr_par' dir='ltr' id='par_1_58' title="bbox 1969 3145 3531 3220">
     <span class='ocr_line' id='line_1_58' title="bbox 1969 3145 3531 3220; baseline -0.005 -14"><span class='ocrx_word' id='word_1_434' title='bbox 1969 3153 2280 3220; x_wconf 78' lang='lat' dir='ltr'><strong>superiores</strong></span> <span class='ocrx_word' id='word_1_435' title='bbox 2313 3147 2411 3210; x_wconf 89' lang='lat' dir='ltr'><strong>illi,</strong></span> <span class='ocrx_word' id='word_1_436' title='bbox 2444 3146 2537 3202; x_wconf 90' lang='lat' dir='ltr'><strong>sed</strong></span> <span class='ocrx_word' id='word_1_437' title='bbox 2567 3146 2732 3202; x_wconf 89' lang='lat' dir='ltr'><strong>etiam</strong></span> <span class='ocrx_word' id='word_1_438' title='bbox 2779 3145 2846 3202; x_wconf 91' lang='lat' dir='ltr'><strong>de</strong></span> <span class='ocrx_word' id='word_1_439' title='bbox 2875 3161 3042 3201; x_wconf 83' lang='lat' dir='ltr'><strong>causa</strong></span> <span class='ocrx_word' id='word_1_440' title='bbox 3081 3161 3204 3216; x_wconf 66' lang='lat' dir='ltr'><strong>quae</strong></span> <span class='ocrx_word' id='word_1_441' title='bbox 3246 3145 3390 3200; x_wconf 88' lang='lat' dir='ltr'><strong>illam</strong></span> <span class='ocrx_word' id='word_1_442' title='bbox 3422 3161 3531 3199; x_wconf 86' lang='lat' dir='ltr'><strong>mo-</strong></span> 
     </span>
    </p>
   </div>
   <div class='ocr_carea' id='block_1_59' title="bbox 293 3232 1864 3329">
    <p class='ocr_par' dir='ltr' id='par_1_59' title="bbox 293 3232 1862 3312">
     <span class='ocr_line' id='line_1_59' title="bbox 293 3232 1862 3312; baseline 0.006 -27"><span class='ocrx_word' id='word_1_443' title='bbox 293 3232 375 3296; x_wconf 68' lang='grc' dir='ltr'>δὲ,</span> <span class='ocrx_word' id='word_1_444' title='bbox 410 3234 685 3295; x_wconf 73' lang='grc' dir='ltr'>εἰσελθὼν,</span> <span class='ocrx_word' id='word_1_445' title='bbox 736 3236 872 3292; x_wconf 72' lang='grc' dir='ltr'>αὐτὰ</span> <span class='ocrx_word' id='word_1_446' title='bbox 903 3239 965 3291; x_wconf 81' lang='grc' dir='ltr'><strong>ὲκ</strong></span> <span class='ocrx_word' id='word_1_447' title='bbox 997 3240 1094 3309; x_wconf 83' lang='grc' dir='ltr'><strong>τῆς</strong></span> <span class='ocrx_word' id='word_1_448' title='bbox 1149 3238 1376 3304; x_wconf 79' lang='grc' dir='ltr'>ἀταξίας</span> <span class='ocrx_word' id='word_1_449' title='bbox 1395 3242 1473 3304; x_wconf 73' lang='grc' dir='ltr'><strong>εἰς</strong></span> <span class='ocrx_word' id='word_1_450' title='bbox 1493 3239 1643 3304; x_wconf 81' lang='grc' dir='ltr'>τάξιν</span> <span class='ocrx_word' id='word_1_451' title='bbox 1671 3241 1862 3312; x_wconf 70' lang='grc' dir='ltr'>ἤγαγε.</span> 
     </span>
    </p>
   </div>
   <div class='ocr_carea' id='block_1_60' title="bbox 1967 3232 3537 3329">
    <p class='ocr_par' dir='ltr' id='par_1_60' title="bbox 1971 3237 3537 3310">
     <span class='ocr_line' id='line_1_60' title="bbox 1971 3237 3537 3310; baseline 0 -17"><span class='ocrx_word' id='word_1_452' title='bbox 1971 3249 2092 3296; x_wconf 80' lang='lat' dir='ltr'><strong>veat</strong></span> <span class='ocrx_word' id='word_1_453' title='bbox 2145 3240 2536 3310; x_wconf 86' lang='lat' dir='ltr'><strong>pronuntiavit.</strong></span> <span class='ocrx_word' id='word_1_454' title='bbox 2589 3238 2759 3294; x_wconf 87' lang='lat' dir='ltr'><strong>Erant</strong></span> <span class='ocrx_word' id='word_1_455' title='bbox 2805 3238 2975 3303; x_wconf 90' lang='lat' dir='ltr'><strong>enim,</strong></span> <span class='ocrx_word' id='word_1_456' title='bbox 3013 3237 3192 3309; x_wconf 88' lang='lat' dir='ltr'><strong>inquit</strong></span> <span class='ocrx_word' id='word_1_457' title='bbox 3237 3238 3346 3302; x_wconf 89' lang='lat' dir='ltr'><strong>ille,</strong></span> <span class='ocrx_word' id='word_1_458' title='bbox 3384 3238 3537 3293; x_wconf 86' lang='lat' dir='ltr'><strong>initio</strong></span> 
     </span>
    </p>
   </div>
   <div class='ocr_carea' id='block_1_61' title="bbox 295 3325 1864 3404">
    <p class='ocr_par' dir='ltr' id='par_1_61' title="bbox 295 3325 1864 3404">
     <span class='ocr_line' id='line_1_61' title="bbox 295 3325 1864 3404; baseline 0.006 -28"><span class='ocrx_word' id='word_1_459' title='bbox 295 3325 588 3395; x_wconf 82' lang='grc' dir='ltr'>Θαυμάσαι</span> <span class='ocrx_word' id='word_1_460' title='bbox 619 3328 664 3380; x_wconf 75' lang='grc' dir='ltr'>δ’</span> <span class='ocrx_word' id='word_1_461' title='bbox 695 3327 860 3391; x_wconf 74' lang='grc' dir='ltr'>ἔστιν,</span> <span class='ocrx_word' id='word_1_462' title='bbox 909 3329 985 3394; x_wconf 84' lang='grc' dir='ltr'>ὡς</span> <span class='ocrx_word' id='word_1_463' title='bbox 1035 3325 1186 3393; x_wconf 73' lang='grc' dir='ltr'>οὗτος</span> <span class='ocrx_word' id='word_1_464' title='bbox 1220 3330 1432 3403; x_wconf 85' lang='grc' dir='ltr'>πρῶτος</span> <span class='ocrx_word' id='word_1_465' title='bbox 1462 3333 1591 3404; x_wconf 81' lang='grc' dir='ltr'>παρ’</span> <span class='ocrx_word' id='word_1_466' title='bbox 1641 3332 1864 3404; x_wconf 83' lang='grc' dir='ltr'>Ἕλλησι</span> 
     </span>
    </p>
   </div>
   <div class='ocr_carea' id='block_1_62' title="bbox 296 3415 1864 3494">
    <p class='ocr_par' dir='ltr' id='par_1_62' title="bbox 296 3415 1864 3494">
     <span class='ocr_line' id='line_1_62' title="bbox 296 3415 1864 3494; baseline 0.005 -26"><span class='ocrx_word' id='word_1_467' title='bbox 296 3415 486 3470; x_wconf 76' lang='grc' dir='ltr'>τοῦτον</span> <span class='ocrx_word' id='word_1_468' title='bbox 530 3417 854 3490; x_wconf 86' lang='grc' dir='ltr'>θεολογήσας</span> <span class='ocrx_word' id='word_1_469' title='bbox 910 3420 1000 3474; x_wconf 82' lang='grc' dir='ltr'>τὸν</span> <span class='ocrx_word' id='word_1_470' title='bbox 1057 3421 1284 3492; x_wconf 84' lang='grc' dir='ltr'><strong>τρόπον,</strong></span> <span class='ocrx_word' id='word_1_471' title='bbox 1340 3419 1495 3486; x_wconf 82' lang='grc' dir='ltr'>δόξας</span> <span class='ocrx_word' id='word_1_472' title='bbox 1563 3423 1864 3494; x_wconf 75' lang='grc' dir='ltr'>Ἀθηναίοις</span> 
     </span>
    </p>
   </div>
   <div class='ocr_carea' id='block_1_63' title="bbox 296 3505 1862 3588">
    <p class='ocr_par' dir='ltr' id='par_1_63' title="bbox 296 3505 1862 3588">
     <span class='ocr_line' id='line_1_63' title="bbox 296 3505 1862 3588; baseline 0.006 -25"><span class='ocrx_word' id='word_1_473' title='bbox 296 3508 456 3573; x_wconf 74' lang='grc' dir='ltr'>ἄθεος</span> <span class='ocrx_word' id='word_1_474' title='bbox 494 3505 651 3575; x_wconf 73' lang='grc' dir='ltr'>εἶναι,</span> <span class='ocrx_word' id='word_1_475' title='bbox 684 3513 764 3566; x_wconf 84' lang='grc' dir='ltr'>ὅτι</span> <span class='ocrx_word' id='word_1_476' title='bbox 791 3512 863 3583; x_wconf 81' lang='grc' dir='ltr'>μὴ</span> <span class='ocrx_word' id='word_1_477' title='bbox 887 3515 976 3567; x_wconf 84' lang='grc' dir='ltr'><strong>τὸν</strong></span> <span class='ocrx_word' id='word_1_478' title='bbox 1003 3514 1153 3585; x_wconf 68' lang='grc' dir='ltr'>ἥλιον</span> <span class='ocrx_word' id='word_1_479' title='bbox 1185 3514 1465 3584; x_wconf 84' lang='grc' dir='ltr'>ὲθεολόγει,</span> <span class='ocrx_word' id='word_1_480' title='bbox 1510 3515 1599 3570; x_wconf 79' lang='grc' dir='ltr'>τὸν</span> <span class='ocrx_word' id='word_1_481' title='bbox 1628 3516 1682 3570; x_wconf 83' lang='grc' dir='ltr'><strong>δὲ</strong></span> <span class='ocrx_word' id='word_1_482' title='bbox 1713 3516 1862 3588; x_wconf 80' lang='grc' dir='ltr'>ἡλίου</span> 
     </span>
    </p>
   </div>
   <div class='ocr_carea' id='block_1_64' title="bbox 297 3599 1863 3673">
    <p class='ocr_par' dir='ltr' id='par_1_64' title="bbox 297 3599 1863 3673">
     <span class='ocr_line' id='line_1_64' title="bbox 297 3599 1863 3673; baseline 0.006 -22"><span class='ocrx_word' id='word_1_483' title='bbox 297 3599 546 3670; x_wconf 77' lang='grc' dir='ltr'>ποιητὴν,</span> <span class='ocrx_word' id='word_1_484' title='bbox 578 3601 770 3671; x_wconf 81' lang='grc' dir='ltr'>μικροῦ</span> <span class='ocrx_word' id='word_1_485' title='bbox 799 3601 907 3654; x_wconf 88' lang='grc' dir='ltr'>δεῖν</span> <span class='ocrx_word' id='word_1_486' title='bbox 931 3602 1306 3666; x_wconf 71' lang='grc' dir='ltr'><strong>καταλευσθεὶς</strong></span> <span class='ocrx_word' id='word_1_487' title='bbox 1334 3602 1504 3657; x_wconf 72' lang='grc' dir='ltr'>ἔθανε.</span> <span class='ocrx_word' id='word_1_488' title='bbox 1536 3604 1763 3673; x_wconf 81' lang='grc' dir='ltr'><strong>Λέγεται</strong></span> <span class='ocrx_word' id='word_1_489' title='bbox 1805 3605 1863 3661; x_wconf 78' lang='grc' dir='ltr'>δὲ</span> 
     </span>
    </p>
   </div>
   <div class='ocr_carea' id='block_1_65' title="bbox 301 3687 1864 3769">
    <p class='ocr_par' dir='ltr' id='par_1_65' title="bbox 301 3687 1864 3769">
     <span class='ocr_line' id='line_1_65' title="bbox 301 3687 1864 3769; baseline 0.006 -24"><span class='ocrx_word' id='word_1_490' title='bbox 301 3693 434 3763; x_wconf 75' lang='grc' dir='ltr'>μηδὲ</span> <span class='ocrx_word' id='word_1_491' title='bbox 467 3687 619 3756; x_wconf 84' lang='grc' dir='ltr'>οὗτος</span> <span class='ocrx_word' id='word_1_492' title='bbox 652 3694 787 3748; x_wconf 83' lang='grc' dir='ltr'>σῶον</span> <span class='ocrx_word' id='word_1_493' title='bbox 817 3694 1041 3764; x_wconf 82' lang='grc' dir='ltr'>φυλάξαι</span> <span class='ocrx_word' id='word_1_494' title='bbox 1085 3695 1146 3747; x_wconf 77' lang='grc' dir='ltr'><strong>τὸ</strong></span> <span class='ocrx_word' id='word_1_495' title='bbox 1177 3694 1369 3765; x_wconf 85' lang='grc' dir='ltr'>δόγμα.</span> <span class='ocrx_word' id='word_1_496' title='bbox 1414 3696 1731 3768; x_wconf 78' lang='grc' dir='ltr'>Ἐπιστῆσαι</span> <span class='ocrx_word' id='word_1_497' title='bbox 1767 3699 1864 3769; x_wconf 79' lang='grc' dir='ltr'>μὲν</span> 
     </span>
    </p>
   </div>
   <div class='ocr_carea' id='block_1_66' title="bbox 297 3784 1862 3854">
    <p class='ocr_par' dir='ltr' id='par_1_66' title="bbox 297 3784 1862 3854">
     <span class='ocr_line' id='line_1_66' title="bbox 297 3784 1862 3854; baseline 0.005 -19"><span class='ocrx_word' id='word_1_498' title='bbox 297 3784 408 3854; x_wconf 79' lang='grc' dir='ltr'>γὰρ</span> <span class='ocrx_word' id='word_1_499' title='bbox 434 3785 557 3838; x_wconf 92' lang='grc' dir='ltr'>νοῦν</span> <span class='ocrx_word' id='word_1_500' title='bbox 604 3789 714 3850; x_wconf 86' lang='grc' dir='ltr'>τοῖς</span> <span class='ocrx_word' id='word_1_501' title='bbox 750 3789 900 3851; x_wconf 81' lang='grc' dir='ltr'>πᾶσι,</span> <span class='ocrx_word' id='word_1_502' title='bbox 949 3785 1128 3840; x_wconf 75' lang='grc' dir='ltr'>οὐκέτι</span> <span class='ocrx_word' id='word_1_503' title='bbox 1187 3787 1242 3840; x_wconf 82' lang='grc' dir='ltr'>δὲ</span> <span class='ocrx_word' id='word_1_504' title='bbox 1276 3786 1416 3841; x_wconf 79' lang='grc' dir='ltr'>κατὰ</span> <span class='ocrx_word' id='word_1_505' title='bbox 1464 3787 1588 3842; x_wconf 80' lang='grc' dir='ltr'>νοῦν</span> <span class='ocrx_word' id='word_1_506' title='bbox 1643 3790 1736 3842; x_wconf 79' lang='grc' dir='ltr'><strong>καὶ</strong></span> <span class='ocrx_word' id='word_1_507' title='bbox 1777 3790 1862 3844; x_wconf 92' lang='grc' dir='ltr'><strong>λο-</strong></span> 
     </span>
    </p>
   </div>
   <div class='ocr_carea' id='block_1_67' title="bbox 299 3873 1859 3948">
    <p class='ocr_par' dir='ltr' id='par_1_67' title="bbox 299 3873 1859 3948">
     <span class='ocr_line' id='line_1_67' title="bbox 299 3873 1859 3948; baseline 0.005 -23"><span class='ocrx_word' id='word_1_508' title='bbox 299 3873 492 3944; x_wconf 78' lang='grc' dir='ltr'>γισμὸν</span> <span class='ocrx_word' id='word_1_509' title='bbox 513 3874 611 3946; x_wconf 86' lang='grc' dir='ltr'><strong>τὴν</strong></span> <span class='ocrx_word' id='word_1_510' title='bbox 645 3876 903 3948; x_wconf 72' lang='grc' dir='ltr'>περὶτῶν</span> <span class='ocrx_word' id='word_1_511' title='bbox 952 3877 1120 3930; x_wconf 77' lang='grc' dir='ltr'>ὄντων</span> <span class='ocrx_word' id='word_1_512' title='bbox 1159 3877 1446 3933; x_wconf 81' lang='grc' dir='ltr'>ἀποδοῦναι</span> <span class='ocrx_word' id='word_1_513' title='bbox 1499 3880 1859 3948; x_wconf 83' lang='grc' dir='ltr'>φυσιολογίαν.</span> 
     </span>
    </p>
   </div>
   <div class='ocr_carea' id='block_1_68' title="bbox 313 3962 1864 4038">
    <p class='ocr_par' dir='ltr' id='par_1_68' title="bbox 313 3962 1864 4038">
     <span class='ocr_line' id='line_1_68' title="bbox 313 3962 1864 4038; baseline 0.003 -20"><span class='ocrx_word' id='word_1_514' title='bbox 313 3965 640 4019; x_wconf 81' lang='grc' dir='ltr'><strong>Ἐπὰκουσον</strong></span> <span class='ocrx_word' id='word_1_515' title='bbox 693 3966 736 4018; x_wconf 84' lang='grc' dir='ltr'>δ’</span> <span class='ocrx_word' id='word_1_516' title='bbox 765 3963 876 4028; x_wconf 78' lang='grc' dir='ltr'>οὖν,</span> <span class='ocrx_word' id='word_1_517' title='bbox 931 3962 1018 4019; x_wconf 76' lang='grc' dir='ltr'><strong>οἷα</strong></span> <span class='ocrx_word' id='word_1_518' title='bbox 1070 3969 1098 4020; x_wconf 86' lang='grc' dir='ltr'><strong>ὁ</strong></span> <span class='ocrx_word' id='word_1_519' title='bbox 1155 3966 1447 4037; x_wconf 79' lang='grc' dir='ltr'><strong>Σωκράτης</strong></span> <span class='ocrx_word' id='word_1_520' title='bbox 1492 3970 1548 4020; x_wconf 82' lang='grc' dir='ltr'><strong>ὲν</strong></span> <span class='ocrx_word' id='word_1_521' title='bbox 1600 3966 1677 4038; x_wconf 79' lang='grc' dir='ltr'>τῷ</span> <span class='ocrx_word' id='word_1_522' title='bbox 1719 3968 1864 4022; x_wconf 80' lang='grc' dir='ltr'><strong>Πλά-</strong></span> 
     </span>
    </p>
   </div>
   <div class='ocr_carea' id='block_1_69' title="bbox 299 4057 1863 4130">
    <p class='ocr_par' dir='ltr' id='par_1_69' title="bbox 299 4057 1863 4130">
     <span class='ocr_line' id='line_1_69' title="bbox 299 4057 1863 4130; baseline 0.004 -22"><span class='ocrx_word' id='word_1_523' title='bbox 299 4070 462 4119; x_wconf 83' lang='grc' dir='ltr'>τωνος</span> <span class='ocrx_word' id='word_1_524' title='bbox 513 4058 653 4126; x_wconf 80' lang='grc' dir='ltr'><strong>Περὶ</strong></span> <span class='ocrx_word' id='word_1_525' title='bbox 707 4057 916 4128; x_wconf 62' lang='grc' dir='ltr'><strong>ψυχῆς</strong></span> <span class='ocrx_word' id='word_1_526' title='bbox 961 4060 1199 4112; x_wconf 77' lang='grc' dir='ltr'>αἰτιᾶται</span> <span class='ocrx_word' id='word_1_527' title='bbox 1245 4057 1334 4111; x_wconf 84' lang='grc' dir='ltr'><strong>τὸν</strong></span> <span class='ocrx_word' id='word_1_528' title='bbox 1391 4059 1558 4130; x_wconf 80' lang='grc' dir='ltr'>ἄνδρα</span> <span class='ocrx_word' id='word_1_529' title='bbox 1620 4061 1678 4112; x_wconf 82' lang='grc' dir='ltr'><strong>ἐν</strong></span> <span class='ocrx_word' id='word_1_530' title='bbox 1739 4060 1863 4114; x_wconf 78' lang='grc' dir='ltr'>τού-</span> 
     </span>
    </p>
   </div>
   <div class='ocr_carea' id='block_1_70' title="bbox 298 4163 430 4212">
    <p class='ocr_par' dir='ltr' id='par_1_70' title="bbox 298 4163 430 4212">
     <span class='ocr_line' id='line_1_70' title="bbox 298 4163 430 4212; baseline 0 -10"><span class='ocrx_word' id='word_1_531' title='bbox 298 4163 430 4212; x_wconf 79' lang='grc' dir='ltr'>τοις.</span> 
     </span>
    </p>
   </div>
   <div class='ocr_carea' id='block_1_71' title="bbox 1970 3327 3534 3400">
    <p class='ocr_par' dir='ltr' id='par_1_71' title="bbox 1970 3327 3534 3400">
     <span class='ocr_line' id='line_1_71' title="bbox 1970 3327 3534 3400; baseline -0.003 -15"><span class='ocrx_word' id='word_1_532' title='bbox 1970 3339 2166 3385; x_wconf 88' lang='lat' dir='ltr'><strong>cuncta</strong></span> <span class='ocrx_word' id='word_1_533' title='bbox 2195 3328 2476 3400; x_wconf 90' lang='lat' dir='ltr'><strong>permista.</strong></span> <span class='ocrx_word' id='word_1_534' title='bbox 2505 3327 2657 3384; x_wconf 80' lang='lat' dir='ltr'><strong>Mens</strong></span> <span class='ocrx_word' id='word_1_535' title='bbox 2685 3335 2892 3393; x_wconf 90' lang='lat' dir='ltr'><strong>autem,</strong></span> <span class='ocrx_word' id='word_1_536' title='bbox 2931 3342 2995 3382; x_wconf 89' lang='lat' dir='ltr'><strong>ea</strong></span> <span class='ocrx_word' id='word_1_537' title='bbox 3025 3341 3332 3398; x_wconf 87' lang='lat' dir='ltr'><strong>permeans,</strong></span> <span class='ocrx_word' id='word_1_538' title='bbox 3364 3328 3416 3382; x_wconf 93' lang='lat' dir='ltr'><strong>in</strong></span> <span class='ocrx_word' id='word_1_539' title='bbox 3447 3343 3534 3382; x_wconf 79' lang='lat' dir='ltr'><strong>or—</strong></span> 
     </span>
    </p>
   </div>
   <div class='ocr_carea' id='block_1_72' title="bbox 1970 3418 3536 3492">
    <p class='ocr_par' dir='ltr' id='par_1_72' title="bbox 1970 3418 3536 3492">
     <span class='ocr_line' id='line_1_72' title="bbox 1970 3418 3536 3492; baseline -0.001 -15"><span class='ocrx_word' id='word_1_540' title='bbox 1970 3422 2148 3478; x_wconf 91' lang='lat' dir='ltr'><strong>dinem</strong></span> <span class='ocrx_word' id='word_1_541' title='bbox 2195 3438 2263 3477; x_wconf 82' lang='lat' dir='ltr'><strong>ex</strong></span> <span class='ocrx_word' id='word_1_542' title='bbox 2311 3421 2401 3476; x_wconf 88' lang='lat' dir='ltr'><strong>illa</strong></span> <span class='ocrx_word' id='word_1_543' title='bbox 2447 3421 2854 3492; x_wconf 83' lang='lat' dir='ltr'><strong>perturbatione</strong></span> <span class='ocrx_word' id='word_1_544' title='bbox 2883 3419 3124 3491; x_wconf 79' lang='lat' dir='ltr'><strong>digessit.</strong></span> <span class='ocrx_word' id='word_1_545' title='bbox 3157 3418 3213 3473; x_wconf 90' lang='lat' dir='ltr'><strong>ln</strong></span> <span class='ocrx_word' id='word_1_546' title='bbox 3252 3436 3361 3490; x_wconf 90' lang='lat' dir='ltr'><strong>quo</strong></span> <span class='ocrx_word' id='word_1_547' title='bbox 3407 3436 3536 3476; x_wconf 86' lang='lat' dir='ltr'><strong>sane</strong></span> 
     </span>
    </p>
   </div>
   <div class='ocr_carea' id='block_1_73' title="bbox 1967 3510 3532 3584">
    <p class='ocr_par' dir='ltr' id='par_1_73' title="bbox 1967 3510 3532 3584">
     <span class='ocr_line' id='line_1_73' title="bbox 1967 3510 3532 3584; baseline 0.001 -18"><span class='ocrx_word' id='word_1_548' title='bbox 1967 3513 2264 3584; x_wconf 84' lang='lat' dir='ltr'><strong>permirum</strong></span> <span class='ocrx_word' id='word_1_549' title='bbox 2301 3512 2432 3568; x_wconf 92' lang='lat' dir='ltr'><strong>illud</strong></span> <span class='ocrx_word' id='word_1_550' title='bbox 2459 3521 2562 3576; x_wconf 89' lang='lat' dir='ltr'><strong>est,</strong></span> <span class='ocrx_word' id='word_1_551' title='bbox 2591 3512 2684 3582; x_wconf 90' lang='lat' dir='ltr'><strong>qui</strong></span> <span class='ocrx_word' id='word_1_552' title='bbox 2716 3511 2967 3581; x_wconf 85' lang='lat' dir='ltr'><strong>princeps</strong></span> <span class='ocrx_word' id='word_1_553' title='bbox 2995 3512 3135 3582; x_wconf 89' lang='lat' dir='ltr'><strong>apud</strong></span> <span class='ocrx_word' id='word_1_554' title='bbox 3167 3510 3386 3568; x_wconf 66' lang='lat' dir='ltr'><strong>Graecos</strong></span> <span class='ocrx_word' id='word_1_555' title='bbox 3415 3527 3532 3567; x_wconf 88' lang='lat' dir='ltr'><strong>eam</strong></span> 
     </span>
    </p>
   </div>
   <div class='ocr_carea' id='block_1_74' title="bbox 1969 3603 3533 3674">
    <p class='ocr_par' dir='ltr' id='par_1_74' title="bbox 1969 3603 3533 3674">
     <span class='ocr_line' id='line_1_74' title="bbox 1969 3603 3533 3674; baseline -0.001 -12"><span class='ocrx_word' id='word_1_556' title='bbox 1969 3604 2253 3674; x_wconf 79' lang='lat' dir='ltr'><strong>theologize</strong></span> <span class='ocrx_word' id='word_1_557' title='bbox 2297 3605 2562 3659; x_wconf 84' lang='lat' dir='ltr'><strong>rationem</strong></span> <span class='ocrx_word' id='word_1_558' title='bbox 2603 3604 2875 3667; x_wconf 86' lang='lat' dir='ltr'><strong>intulerat,</strong></span> <span class='ocrx_word' id='word_1_559' title='bbox 2930 3620 3051 3658; x_wconf 87' lang='lat' dir='ltr'><strong>eum</strong></span> <span class='ocrx_word' id='word_1_560' title='bbox 3093 3603 3533 3667; x_wconf 81' lang='lat' dir='ltr'><strong>Atheniensibus,</strong></span> 
     </span>
    </p>
   </div>
   <div class='ocr_carea' id='block_1_75' title="bbox 1968 3695 3529 3768">
    <p class='ocr_par' dir='ltr' id='par_1_75' title="bbox 1968 3695 3529 3768">
     <span class='ocr_line' id='line_1_75' title="bbox 1968 3695 3529 3768; baseline 0 -18"><span class='ocrx_word' id='word_1_561' title='bbox 1968 3695 2112 3768; x_wconf 92' lang='lat' dir='ltr'><strong>quod</strong></span> <span class='ocrx_word' id='word_1_562' title='bbox 2159 3711 2262 3750; x_wconf 86' lang='lat' dir='ltr'><strong>non</strong></span> <span class='ocrx_word' id='word_1_563' title='bbox 2316 3696 2428 3766; x_wconf 89' lang='lat' dir='ltr'><strong>jam</strong></span> <span class='ocrx_word' id='word_1_564' title='bbox 2477 3696 2668 3760; x_wconf 91' lang='lat' dir='ltr'><strong>solem,</strong></span> <span class='ocrx_word' id='word_1_565' title='bbox 2714 3705 2770 3750; x_wconf 93' lang='lat' dir='ltr'><strong>at</strong></span> <span class='ocrx_word' id='word_1_566' title='bbox 2816 3695 2948 3752; x_wconf 88' lang='lat' dir='ltr'><strong>solis</strong></span> <span class='ocrx_word' id='word_1_567' title='bbox 3002 3695 3173 3765; x_wconf 91' lang='lat' dir='ltr'><strong>ipsius</strong></span> <span class='ocrx_word' id='word_1_568' title='bbox 3227 3695 3529 3752; x_wconf 76' lang='lat' dir='ltr'><strong>elfectorem</strong></span> 
     </span>
    </p>
   </div>
   <div class='ocr_carea' id='block_1_76' title="bbox 1967 3787 3533 3859">
    <p class='ocr_par' dir='ltr' id='par_1_76' title="bbox 1967 3787 3533 3859">
     <span class='ocr_line' id='line_1_76' title="bbox 1967 3787 3533 3859; baseline -0.001 -14"><span class='ocrx_word' id='word_1_569' title='bbox 1967 3788 2136 3845; x_wconf 85' lang='lat' dir='ltr'><strong>Deum</strong></span> <span class='ocrx_word' id='word_1_570' title='bbox 2168 3797 2446 3852; x_wconf 87' lang='lat' dir='ltr'><strong>statueret,</strong></span> <span class='ocrx_word' id='word_1_571' title='bbox 2481 3787 2699 3842; x_wconf 86' lang='lat' dir='ltr'><strong>atheum</strong></span> <span class='ocrx_word' id='word_1_572' title='bbox 2735 3799 2855 3843; x_wconf 82' lang='lat' dir='ltr'><strong>esse</strong></span> <span class='ocrx_word' id='word_1_573' title='bbox 2885 3787 3084 3854; x_wconf 87' lang='lat' dir='ltr'><strong>visum,</strong></span> <span class='ocrx_word' id='word_1_574' title='bbox 3137 3805 3201 3844; x_wconf 90' lang='lat' dir='ltr'><strong>ac</strong></span> <span class='ocrx_word' id='word_1_575' title='bbox 3250 3798 3533 3859; x_wconf 87' lang='lat' dir='ltr'><strong>propterea</strong></span> 
     </span>
    </p>
   </div>
   <div class='ocr_carea' id='block_1_77' title="bbox 1963 3876 3529 3950">
    <p class='ocr_par' dir='ltr' id='par_1_77' title="bbox 1963 3876 3529 3950">
     <span class='ocr_line' id='line_1_77' title="bbox 1963 3876 3529 3950; baseline 0 -18"><span class='ocrx_word' id='word_1_576' title='bbox 1963 3893 2153 3948; x_wconf 89' lang='lat' dir='ltr'><strong>parum</strong></span> <span class='ocrx_word' id='word_1_577' title='bbox 2202 3877 2444 3932; x_wconf 83' lang='lat' dir='ltr'><strong>abfuisse</strong></span> <span class='ocrx_word' id='word_1_578' title='bbox 2488 3892 2620 3946; x_wconf 78' lang='lat' dir='ltr'><strong>quin</strong></span> <span class='ocrx_word' id='word_1_579' title='bbox 2667 3876 2737 3930; x_wconf 92' lang='lat' dir='ltr'><strong>ab</strong></span> <span class='ocrx_word' id='word_1_580' title='bbox 2787 3876 2852 3930; x_wconf 83' lang='lat' dir='ltr'><strong>iis</strong></span> <span class='ocrx_word' id='word_1_581' title='bbox 2905 3877 3182 3950; x_wconf 79' lang='lat' dir='ltr'><strong>lapidibus</strong></span> <span class='ocrx_word' id='word_1_582' title='bbox 3226 3890 3529 3933; x_wconf 88' lang='lat' dir='ltr'><strong>necaretur.</strong></span> 
     </span>
    </p>
   </div>
   <div class='ocr_carea' id='block_1_78' title="bbox 1965 3968 3532 4040">
    <p class='ocr_par' dir='ltr' id='par_1_78' title="bbox 1965 3968 3532 4040">
     <span class='ocr_line' id='line_1_78' title="bbox 1965 3968 3532 4040; baseline 0 -18"><span class='ocrx_word' id='word_1_583' title='bbox 1965 3968 2349 4026; x_wconf 77' lang='lat' dir='ltr'><strong>Verumtamen</strong></span> <span class='ocrx_word' id='word_1_584' title='bbox 2384 3985 2450 4024; x_wconf 92' lang='lat' dir='ltr'><strong>ne</strong></span> <span class='ocrx_word' id='word_1_585' title='bbox 2476 3969 2590 4040; x_wconf 91' lang='lat' dir='ltr'><strong>ipse</strong></span> <span class='ocrx_word' id='word_1_586' title='bbox 2620 3968 2837 4039; x_wconf 86' lang='lat' dir='ltr'><strong>quidem</strong></span> <span class='ocrx_word' id='word_1_587' title='bbox 2862 3985 3054 4024; x_wconf 90' lang='lat' dir='ltr'><strong>sanum</strong></span> <span class='ocrx_word' id='word_1_588' title='bbox 3086 3969 3216 4024; x_wconf 89' lang='lat' dir='ltr'><strong>illud</strong></span> <span class='ocrx_word' id='word_1_589' title='bbox 3245 3983 3403 4023; x_wconf 87' lang='lat' dir='ltr'><strong>suum</strong></span> <span class='ocrx_word' id='word_1_590' title='bbox 3431 3969 3532 4022; x_wconf 83' lang='lat' dir='ltr'><strong>do-</strong></span> 
     </span>
    </p>
   </div>
   <div class='ocr_carea' id='block_1_79' title="bbox 1964 4058 3531 4137">
    <p class='ocr_par' dir='ltr' id='par_1_79' title="bbox 1964 4058 3531 4137">
     <span class='ocr_line' id='line_1_79' title="bbox 1964 4058 3531 4137; baseline 0.001 -24"><span class='ocrx_word' id='word_1_591' title='bbox 1964 4076 2087 4132; x_wconf 86' lang='lat' dir='ltr'><strong>gma</strong></span> <span class='ocrx_word' id='word_1_592' title='bbox 2140 4061 2433 4116; x_wconf 90' lang='lat' dir='ltr'><strong>retinuisse</strong></span> <span class='ocrx_word' id='word_1_593' title='bbox 2478 4058 2670 4114; x_wconf 78' lang='lat' dir='ltr'><strong>fertur.</strong></span> <span class='ocrx_word' id='word_1_594' title='bbox 2728 4059 2960 4115; x_wconf 81' lang='lat' dir='ltr'><strong>Mentem</strong></span> <span class='ocrx_word' id='word_1_595' title='bbox 3012 4060 3154 4137; x_wconf 82' lang='lat' dir='ltr'><strong>enim</strong></span> <span class='ocrx_word' id='word_1_596' title='bbox 3190 4061 3401 4114; x_wconf 88' lang='lat' dir='ltr'><strong>cunctis</strong></span> <span class='ocrx_word' id='word_1_597' title='bbox 3457 4059 3531 4114; x_wconf 86' lang='lat' dir='ltr'><strong>ita</strong></span> 
     </span>
    </p>
   </div>
   <div class='ocr_carea' id='block_1_80' title="bbox 1963 4150 3531 4222">
    <p class='ocr_par' dir='ltr' id='par_1_80' title="bbox 1963 4150 3531 4222">
     <span class='ocr_line' id='line_1_80' title="bbox 1963 4150 3531 4222; baseline 0 -15"><span class='ocrx_word' id='word_1_598' title='bbox 1963 4150 2294 4222; x_wconf 73' lang='lat' dir='ltr'><strong>praefecisse,</strong></span> <span class='ocrx_word' id='word_1_599' title='bbox 2324 4161 2386 4207; x_wconf 93' lang='lat' dir='ltr'><strong>ut</strong></span> <span class='ocrx_word' id='word_1_600' title='bbox 2437 4159 2619 4206; x_wconf 85' lang='lat' dir='ltr'><strong>tamen</strong></span> <span class='ocrx_word' id='word_1_601' title='bbox 2660 4151 2728 4207; x_wconf 88' lang='lat' dir='ltr'><strong>de</strong></span> <span class='ocrx_word' id='word_1_602' title='bbox 2781 4164 2963 4207; x_wconf 87' lang='lat' dir='ltr'><strong>rerum</strong></span> <span class='ocrx_word' id='word_1_603' title='bbox 2994 4157 3189 4206; x_wconf 85' lang='lat' dir='ltr'><strong>natura</strong></span> <span class='ocrx_word' id='word_1_604' title='bbox 3221 4167 3287 4206; x_wconf 79' lang='lat' dir='ltr'><strong>ex</strong></span> <span class='ocrx_word' id='word_1_605' title='bbox 3333 4152 3531 4207; x_wconf 89' lang='lat' dir='ltr'><strong>mentis</strong></span> 
     </span>
    </p>
   </div>
   <div class='ocr_carea' id='block_1_81' title="bbox 303 4239 3531 4314">
    <p class='ocr_par' dir='ltr' id='par_1_81' title="bbox 303 4239 3531 4314">
     <span class='ocr_line' id='line_1_81' title="bbox 303 4239 3531 4314; baseline 0 -19"><span class='ocrx_word' id='word_1_606' title='bbox 303 4243 640 4312; x_wconf 85' lang='lat' dir='ltr'><strong>rationisque</strong></span> <span class='ocrx_word' id='word_1_607' title='bbox 691 4241 873 4312; x_wconf 80' lang='lat' dir='ltr'><strong>regula</strong></span> <span class='ocrx_word' id='word_1_608' title='bbox 927 4240 1150 4295; x_wconf 90' lang='lat' dir='ltr'><strong>minime</strong></span> <span class='ocrx_word' id='word_1_609' title='bbox 1196 4240 1518 4310; x_wconf 88' lang='lat' dir='ltr'><strong>disputaret.</strong></span> <span class='ocrx_word' id='word_1_610' title='bbox 1577 4239 1869 4299; x_wconf 85' lang='lat' dir='ltr'><strong>Enimvero</strong></span> <span class='ocrx_word' id='word_1_611' title='bbox 1924 4245 2153 4314; x_wconf 86' lang='lat' dir='ltr'><strong>audisis,</strong></span> <span class='ocrx_word' id='word_1_612' title='bbox 2212 4257 2460 4309; x_wconf 64' lang='lat' dir='ltr'><strong>quaenam</strong></span> <span class='ocrx_word' id='word_1_613' title='bbox 2527 4242 2628 4312; x_wconf 81' lang='lat' dir='ltr'><strong>ipsi</strong></span> <span class='ocrx_word' id='word_1_614' title='bbox 2691 4241 2798 4297; x_wconf 92' lang='lat' dir='ltr'><strong>hoc</strong></span> <span class='ocrx_word' id='word_1_615' title='bbox 2852 4243 2905 4297; x_wconf 92' lang='lat' dir='ltr'><strong>in</strong></span> <span class='ocrx_word' id='word_1_616' title='bbox 2946 4257 3162 4313; x_wconf 87' lang='lat' dir='ltr'><strong>genere,</strong></span> <span class='ocrx_word' id='word_1_617' title='bbox 3212 4242 3264 4296; x_wconf 91' lang='lat' dir='ltr'><strong>in</strong></span> <span class='ocrx_word' id='word_1_618' title='bbox 3319 4241 3531 4313; x_wconf 88' lang='lat' dir='ltr'><strong>dialogo</strong></span> 
     </span>
    </p>
   </div>
   <div class='ocr_carea' id='block_1_82' title="bbox 299 4331 1704 4397">
    <p class='ocr_par' dir='ltr' id='par_1_82' title="bbox 299 4331 1704 4397">
     <span class='ocr_line' id='line_1_82' title="bbox 299 4331 1704 4397; baseline 0.001 -10"><span class='ocrx_word' id='word_1_619' title='bbox 299 4331 539 4388; x_wconf 82' lang='lat' dir='ltr'><strong>Platonis</strong></span> <span class='ocrx_word' id='word_1_620' title='bbox 568 4332 644 4387; x_wconf 79' lang='lat' dir='ltr'><strong>De</strong></span> <span class='ocrx_word' id='word_1_621' title='bbox 669 4333 864 4397; x_wconf 81' lang='lat' dir='ltr'><strong>animo,</strong></span> <span class='ocrx_word' id='word_1_622' title='bbox 899 4348 930 4386; x_wconf 90' lang='lat' dir='ltr'><strong>a</strong></span> <span class='ocrx_word' id='word_1_623' title='bbox 967 4331 1190 4388; x_wconf 88' lang='lat' dir='ltr'><strong>Socrate</strong></span> <span class='ocrx_word' id='word_1_624' title='bbox 1221 4333 1352 4388; x_wconf 85' lang='lat' dir='ltr'><strong>vitio</strong></span> <span class='ocrx_word' id='word_1_625' title='bbox 1379 4333 1704 4390; x_wconf 85' lang='lat' dir='ltr'><strong>tribuantur.</strong></span> 
     </span>
    </p>
   </div>
   <div class='ocr_carea' id='block_1_83' title="bbox 821 4421 1334 4485">
    <p class='ocr_par' dir='ltr' id='par_1_83' title="bbox 821 4421 1334 4485">
     <span class='ocr_line' id='line_1_83' title="bbox 821 4421 1334 4485; baseline 0.002 -1"><span class='ocrx_word' id='word_1_626' title='bbox 821 4429 1213 4484; x_wconf 75' lang='grc' dir='ltr'><strong>ΚΕΦΑΛΛΙΟΝ</strong></span> <span class='ocrx_word' id='word_1_627' title='bbox 1235 4421 1334 4485; x_wconf 71' lang='grc' dir='ltr'>ιε’.</span> 
     </span>
    </p>
   </div>
   <div class='ocr_carea' id='block_1_84' title="bbox 2545 4421 2921 4478">
    <p class='ocr_par' dir='ltr' id='par_1_84' title="bbox 2545 4421 2921 4478">
     <span class='ocr_line' id='line_1_84' title="bbox 2545 4421 2921 4478; baseline 0 0"><span class='ocrx_word' id='word_1_628' title='bbox 2545 4421 2772 4478; x_wconf 83' lang='lat' dir='ltr'><strong>CAPUT</strong></span> <span class='ocrx_word' id='word_1_629' title='bbox 2804 4421 2921 4478; x_wconf 81' lang='lat' dir='ltr'><strong>XV.</strong></span> 
     </span>
    </p>
   </div>
   <div class='ocr_carea' id='block_1_85' title="bbox 298 4535 1864 4613">
    <p class='ocr_par' dir='ltr' id='par_1_85' title="bbox 298 4538 1864 4613">
     <span class='ocr_line' id='line_1_85' title="bbox 298 4538 1864 4613; baseline 0.001 -17"><span class='ocrx_word' id='word_1_630' title='bbox 298 4542 435 4611; x_wconf 75' lang='grc' dir='ltr'><strong>Περὶ</strong></span> <span class='ocrx_word' id='word_1_631' title='bbox 471 4538 582 4609; x_wconf 81' lang='grc' dir='ltr'>τῆς</span> <span class='ocrx_word' id='word_1_632' title='bbox 625 4540 1034 4613; x_wconf 31' lang='grc' dir='ltr'><strong>Ἀναξαγόρου,</strong></span> <span class='ocrx_word' id='word_1_633' title='bbox 1065 4541 1265 4607; x_wconf 80' lang='grc' dir='ltr'>δόξης.</span> <span class='ocrx_word' id='word_1_634' title='bbox 1317 4541 1458 4613; x_wconf 14' lang='grc' dir='ltr'><strong>Ἀγπῷ</strong></span> <span class='ocrx_word' id='word_1_635' title='bbox 1493 4540 1612 4613; x_wconf 77' lang='grc' dir='ltr'>τῶν</span> <span class='ocrx_word' id='word_1_636' title='bbox 1639 4542 1864 4613; x_wconf 82' lang='grc' dir='ltr'><strong>Σωκρά-</strong></span> 
     </span>
    </p>
   </div>
   <div class='ocr_carea' id='block_1_86' title="bbox 1967 4535 3496 4613">
    <p class='ocr_par' dir='ltr' id='par_1_86' title="bbox 2008 4535 3496 4613">
     <span class='ocr_line' id='line_1_86' title="bbox 2008 4535 3496 4613; baseline -0.005 -15"><span class='ocrx_word' id='word_1_637' title='bbox 2008 4542 2085 4598; x_wconf 86' lang='lat' dir='ltr'><strong>De</strong></span> <span class='ocrx_word' id='word_1_638' title='bbox 2111 4541 2352 4613; x_wconf 79' lang='lat' dir='ltr'><strong>opinione</strong></span> <span class='ocrx_word' id='word_1_639' title='bbox 2383 4538 2736 4613; x_wconf 55' lang='lat' dir='ltr'><strong>Anaxagoran</strong></span> <span class='ocrx_word' id='word_1_640' title='bbox 2882 4535 3114 4613; x_wconf 57' lang='lat' dir='ltr'><strong>Socratis</strong></span> <span class='ocrx_word' id='word_1_641' title='bbox 3143 4537 3496 4613; x_wconf 67' lang='lat' dir='ltr'><strong>disputatione</strong></span> 
     </span>
    </p>
   </div>
   <div class='ocr_carea' id='block_1_87' title="bbox 520 4610 1618 4683">
    <p class='ocr_par' dir='ltr' id='par_1_87' title="bbox 520 4610 1618 4683">
     <span class='ocr_line' id='line_1_87' title="bbox 520 4610 1618 4683; baseline 0.002 -18"><span class='ocrx_word' id='word_1_642' title='bbox 520 4627 661 4678; x_wconf 85' lang='grc' dir='ltr'>τους</span> <span class='ocrx_word' id='word_1_643' title='bbox 684 4612 753 4665; x_wconf 76' lang='grc' dir='ltr'><strong>ἐν</strong></span> <span class='ocrx_word' id='word_1_644' title='bbox 776 4610 859 4676; x_wconf 81' lang='grc' dir='ltr'>τῷ</span> <span class='ocrx_word' id='word_1_645' title='bbox 910 4610 1226 4677; x_wconf 73' lang='grc' dir='ltr'><strong>Πλάτωνος</strong></span> <span class='ocrx_word' id='word_1_646' title='bbox 1258 4612 1393 4683; x_wconf 64' lang='grc' dir='ltr'><strong>Περὶ⁵</strong></span> <span class='ocrx_word' id='word_1_647' title='bbox 1420 4611 1618 4683; x_wconf 75' lang='grc' dir='ltr'>ψυχῆς.</span> 
     </span>
    </p>
   </div>
   <div class='ocr_carea' id='block_1_88' title="bbox 374 4701 1864 4773">
    <p class='ocr_par' dir='ltr' id='par_1_88' title="bbox 374 4701 1864 4773">
     <span class='ocr_line' id='line_1_88' title="bbox 374 4701 1864 4773; baseline 0.001 -18"><span class='ocrx_word' id='word_1_648' title='bbox 374 4721 394 4755; x_wconf 73' lang='grc' dir='ltr'>ο</span> <span class='ocrx_word' id='word_1_649' title='bbox 444 4703 582 4764; x_wconf 83' lang='grc' dir='ltr'>Ἀλλ’</span> <span class='ocrx_word' id='word_1_650' title='bbox 607 4702 844 4766; x_wconf 81' lang='grc' dir='ltr'>ἀκούσας</span> <span class='ocrx_word' id='word_1_651' title='bbox 869 4701 978 4773; x_wconf 85' lang='grc'><strong>(78)</strong></span> <span class='ocrx_word' id='word_1_652' title='bbox 1016 4703 1112 4773; x_wconf 82' lang='grc' dir='ltr'><strong>μέν</strong></span> <span class='ocrx_word' id='word_1_653' title='bbox 1131 4717 1258 4755; x_wconf 78' lang='grc' dir='ltr'>ποτε</span> <span class='ocrx_word' id='word_1_654' title='bbox 1282 4705 1345 4756; x_wconf 86' lang='grc' dir='ltr'><strong>ὲκ</strong></span> <span class='ocrx_word' id='word_1_655' title='bbox 1375 4701 1576 4772; x_wconf 72' lang='grc' dir='ltr'>βιϐλίου</span> <span class='ocrx_word' id='word_1_656' title='bbox 1605 4704 1764 4770; x_wconf 82' lang='grc' dir='ltr'>τινὸς,</span> <span class='ocrx_word' id='word_1_657' title='bbox 1790 4704 1864 4769; x_wconf 86' lang='grc' dir='ltr'>ὡς</span> 
     </span>
    </p>
   </div>
   <div class='ocr_carea' id='block_1_89' title="bbox 299 4792 1865 4866">
    <p class='ocr_par' dir='ltr' id='par_1_89' title="bbox 299 4792 1865 4866">
     <span class='ocr_line' id='line_1_89' title="bbox 299 4792 1865 4866; baseline 0.001 -19"><span class='ocrx_word' id='word_1_658' title='bbox 299 4795 425 4866; x_wconf 71' lang='grc' dir='ltr'>ἔφη,</span> <span class='ocrx_word' id='word_1_659' title='bbox 469 4792 847 4866; x_wconf 79' lang='grc' dir='ltr'><strong>Ἀναξαγόρου,</strong></span> <span class='ocrx_word' id='word_1_660' title='bbox 879 4793 1355 4863; x_wconf 82' lang='grc' dir='ltr'>ἀναγινώσκοντος,</span> <span class='ocrx_word' id='word_1_661' title='bbox 1384 4794 1477 4848; x_wconf 78' lang='grc' dir='ltr'>καὶ</span> <span class='ocrx_word' id='word_1_662' title='bbox 1503 4794 1769 4864; x_wconf 83' lang='grc' dir='ltr'>λέγοντος,</span> <span class='ocrx_word' id='word_1_663' title='bbox 1790 4795 1865 4860; x_wconf 78' lang='grc' dir='ltr'><strong>ὡς</strong></span> 
     </span>
    </p>
   </div>
   <div class='ocr_carea' id='block_1_90' title="bbox 299 4883 1860 4955">
    <p class='ocr_par' dir='ltr' id='par_1_90' title="bbox 299 4883 1860 4955">
     <span class='ocr_line' id='line_1_90' title="bbox 299 4883 1860 4955; baseline -0.001 -16"><span class='ocrx_word' id='word_1_664' title='bbox 299 4886 407 4954; x_wconf 76' lang='grc' dir='ltr'><strong>ἄρα</strong></span> <span class='ocrx_word' id='word_1_665' title='bbox 445 4885 568 4948; x_wconf 89' lang='grc' dir='ltr'>νοῦς</span> <span class='ocrx_word' id='word_1_666' title='bbox 589 4887 736 4938; x_wconf 70' lang='grc' dir='ltr'>ἐστιν</span> <span class='ocrx_word' id='word_1_667' title='bbox 777 4887 806 4937; x_wconf 84' lang='grc' dir='ltr'>ὁ</span> <span class='ocrx_word' id='word_1_668' title='bbox 836 4883 1145 4955; x_wconf 85' lang='grc' dir='ltr'>διακοσμῶν</span> <span class='ocrx_word' id='word_1_669' title='bbox 1193 4900 1253 4937; x_wconf 88' lang='grc' dir='ltr'><strong>τε</strong></span> <span class='ocrx_word' id='word_1_670' title='bbox 1279 4884 1374 4937; x_wconf 72' lang='grc' dir='ltr'>καὶ</span> <span class='ocrx_word' id='word_1_671' title='bbox 1419 4884 1632 4939; x_wconf 77' lang='grc' dir='ltr'>πάντων</span> <span class='ocrx_word' id='word_1_672' title='bbox 1672 4885 1860 4949; x_wconf 78' lang='grc' dir='ltr'>αἴτιος,</span> 
     </span>
    </p>
   </div>
   <div class='ocr_carea' id='block_1_91' title="bbox 298 4973 1864 5046">
    <p class='ocr_par' dir='ltr' id='par_1_91' title="bbox 298 4973 1864 5046">
     <span class='ocr_line' id='line_1_91' title="bbox 298 4973 1864 5046; baseline 0 -19"><span class='ocrx_word' id='word_1_673' title='bbox 298 4974 468 5045; x_wconf 76' lang='grc' dir='ltr'>ταύτῃ</span> <span class='ocrx_word' id='word_1_674' title='bbox 506 4975 570 5044; x_wconf 74' lang='grc' dir='ltr'>δὴ</span> <span class='ocrx_word' id='word_1_675' title='bbox 597 4977 662 5046; x_wconf 80' lang='grc' dir='ltr'>τῇ</span> <span class='ocrx_word' id='word_1_676' title='bbox 706 4973 854 5044; x_wconf 72' lang='grc' dir='ltr'>αἰτίᾳ</span> <span class='ocrx_word' id='word_1_677' title='bbox 899 4974 1072 5045; x_wconf 70' lang='grc' dir='ltr'>ἣσθην</span> <span class='ocrx_word' id='word_1_678' title='bbox 1099 4990 1180 5038; x_wconf 83' lang='grc' dir='ltr'><strong>τε,</strong></span> <span class='ocrx_word' id='word_1_679' title='bbox 1228 4975 1321 5028; x_wconf 78' lang='grc' dir='ltr'>καὶ</span> <span class='ocrx_word' id='word_1_680' title='bbox 1372 4973 1516 5041; x_wconf 78' lang='grc' dir='ltr'><strong>ἔδοξέ</strong></span> <span class='ocrx_word' id='word_1_681' title='bbox 1543 4993 1631 5046; x_wconf 88' lang='grc' dir='ltr'>μοι</span> <span class='ocrx_word' id='word_1_682' title='bbox 1666 4976 1864 5045; x_wconf 84' lang='grc' dir='ltr'>τρόπον</span> 
     </span>
    </p>
   </div>
   <div class='ocr_carea' id='block_1_92' title="bbox 298 5064 1864 5138">
    <p class='ocr_par' dir='ltr' id='par_1_92' title="bbox 298 5064 1864 5138">
     <span class='ocr_line' id='line_1_92' title="bbox 298 5064 1864 5138; baseline 0.001 -18"><span class='ocrx_word' id='word_1_683' title='bbox 298 5067 420 5122; x_wconf 80' lang='grc' dir='ltr'>τινὰ</span> <span class='ocrx_word' id='word_1_684' title='bbox 447 5064 505 5121; x_wconf 83' lang='grc' dir='ltr'><strong>εὖ</strong></span> <span class='ocrx_word' id='word_1_685' title='bbox 538 5067 681 5138; x_wconf 78' lang='grc' dir='ltr'>ἔχειν</span> <span class='ocrx_word' id='word_1_686' title='bbox 703 5067 783 5132; x_wconf 70' lang='grc' dir='ltr'><strong>τὸ,</strong></span> <span class='ocrx_word' id='word_1_687' title='bbox 812 5067 903 5122; x_wconf 78' lang='grc' dir='ltr'><strong>τὸν</strong></span> <span class='ocrx_word' id='word_1_688' title='bbox 927 5068 1048 5122; x_wconf 75' lang='grc' dir='ltr'>νοῦν</span> <span class='ocrx_word' id='word_1_689' title='bbox 1081 5065 1218 5121; x_wconf 75' lang='grc' dir='ltr'>εἶναι</span> <span class='ocrx_word' id='word_1_690' title='bbox 1267 5067 1481 5121; x_wconf 85' lang='grc' dir='ltr'>πάντων</span> <span class='ocrx_word' id='word_1_691' title='bbox 1525 5068 1716 5133; x_wconf 77' lang='grc' dir='ltr'>αἴτιον,</span> <span class='ocrx_word' id='word_1_692' title='bbox 1770 5070 1864 5122; x_wconf 73' lang='grc' dir='ltr'><strong>καὶ</strong></span> 
     </span>
    </p>
   </div>
   <div class='ocr_carea' id='block_1_93' title="bbox 371 5219 1864 5293">
    <p class='ocr_par' dir='ltr' id='par_1_93' title="bbox 371 5219 1864 5293">
     <span class='ocr_line' id='line_1_93' title="bbox 371 5219 1864 5293; baseline 0.003 -20"><span class='ocrx_word' id='word_1_693' title='bbox 371 5219 484 5293; x_wconf 77' lang='lat'><strong>(76)</strong></span> <span class='ocrx_word' id='word_1_694' title='bbox 512 5222 874 5293; x_wconf 63' lang='grc' dir='ltr'><strong>Μηλόὸοτοιτ.</strong></span> <span class='ocrx_word' id='word_1_695' title='bbox 917 5220 1070 5293; x_wconf 85' lang='lat' dir='ltr'><strong>Plato</strong></span> <span class='ocrx_word' id='word_1_696' title='bbox 1113 5223 1167 5276; x_wconf 93' lang='lat' dir='ltr'><strong>in</strong></span> <span class='ocrx_word' id='word_1_697' title='bbox 1223 5222 1421 5293; x_wconf 77' lang='lat' dir='ltr'><strong>Hippia</strong></span> <span class='ocrx_word' id='word_1_698' title='bbox 1459 5224 1697 5292; x_wconf 79' lang='lat' dir='ltr'><strong>majore:</strong></span> <span class='ocrx_word' id='word_1_699' title='bbox 1731 5225 1864 5278; x_wconf 81' lang='grc' dir='ltr'><strong>Τοὺ-</strong></span> 
     </span>
    </p>
   </div>
   <div class='ocr_carea' id='block_1_94' title="bbox 299 5290 1858 5366">
    <p class='ocr_par' dir='ltr' id='par_1_94' title="bbox 299 5290 1858 5366">
     <span class='ocr_line' id='line_1_94' title="bbox 299 5290 1858 5366; baseline 0.004 -26"><span class='ocrx_word' id='word_1_700' title='bbox 299 5290 513 5366; x_wconf 70' lang='grc' dir='ltr'>ναντςον</span> <span class='ocrx_word' id='word_1_701' title='bbox 559 5291 667 5366; x_wconf 73' lang='grc' dir='ltr'><strong>γᾴρ</strong></span> <span class='ocrx_word' id='word_1_702' title='bbox 711 5291 1231 5366; x_wconf 50' lang='grc' dir='ltr'><strong>Ἀναξαγόρᾳ-φασὶ.⁸</strong></span> <span class='ocrx_word' id='word_1_703' title='bbox 1261 5290 1570 5366; x_wconf 70' lang='grc' dir='ltr'>συμϐῆναι,</span> <span class='ocrx_word' id='word_1_704' title='bbox 1617 5293 1650 5365; x_wconf 83' lang='grc' dir='ltr'>ἢ</span> <span class='ocrx_word' id='word_1_705' title='bbox 1701 5295 1858 5366; x_wconf 79' lang='grc' dir='ltr'>ὑμῖν·</span> 
     </span>
    </p>
   </div>
   <div class='ocr_carea' id='block_1_95' title="bbox 301 5359 1864 5440">
    <p class='ocr_par' dir='ltr' id='par_1_95' title="bbox 301 5359 1864 5440">
     <span class='ocr_line' id='line_1_95' title="bbox 301 5359 1864 5440; baseline 0.004 -28"><span class='ocrx_word' id='word_1_706' title='bbox 301 5359 764 5440; x_wconf 68' lang='grc' dir='ltr'>καταλειφθέντων</span> <span class='ocrx_word' id='word_1_707' title='bbox 795 5361 904 5440; x_wconf 66' lang='grc' dir='ltr'><strong>γᾲρ</strong></span> <span class='ocrx_word' id='word_1_708' title='bbox 940 5359 1664 5440; x_wconf 52' lang='grc' dir='ltr'>αὖτιῆπολλῷνάρήμάτων,</span> <span class='ocrx_word' id='word_1_709' title='bbox 1700 5359 1864 5440; x_wconf 68' lang='grc' dir='ltr'>κατα-</span> 
     </span>
    </p>
   </div>
   <div class='ocr_carea' id='block_1_96' title="bbox 301 5430 1864 5575">
    <p class='ocr_par' dir='ltr' id='par_1_96' title="bbox 301 5430 1864 5575">
     <span class='ocr_line' id='line_1_96' title="bbox 303 5430 1858 5501; baseline 0.003 -19"><span class='ocrx_word' id='word_1_710' title='bbox 303 5430 554 5500; x_wconf 80' lang='grc' dir='ltr'>μελῆσαι,</span> <span class='ocrx_word' id='word_1_711' title='bbox 591 5432 686 5484; x_wconf 61' lang='grc' dir='ltr'><strong>καὶ¹</strong></span> <span class='ocrx_word' id='word_1_712' title='bbox 721 5430 980 5486; x_wconf 81' lang='grc' dir='ltr'>ἀπολέσαι</span> <span class='ocrx_word' id='word_1_713' title='bbox 1023 5430 1218 5486; x_wconf 73' lang='grc' dir='ltr'>πάντα.</span> <span class='ocrx_word' id='word_1_714' title='bbox 1267 5430 1528 5501; x_wconf 74' lang='lat' dir='ltr'><strong>Diogenes</strong></span> <span class='ocrx_word' id='word_1_715' title='bbox 1569 5434 1816 5490; x_wconf 85' lang='lat' dir='ltr'><strong>Laertius</strong></span> <span class='ocrx_word' id='word_1_716' title='bbox 1847 5453 1858 5487; x_wconf 77' lang='grc' dir='ltr'>ε</span> 
     </span>
     <span class='ocr_line' id='line_1_97' title="bbox 301 5493 1864 5575; baseline 0.004 -23"><span class='ocrx_word' id='word_1_717' title='bbox 301 5493 471 5575; x_wconf 76' lang='grc' dir='ltr'>Οὗτος</span> <span class='ocrx_word' id='word_1_718' title='bbox 499 5502 764 5575; x_wconf 75' lang='grc' dir='ltr'>εὐγενείᾳ,</span> <span class='ocrx_word' id='word_1_719' title='bbox 801 5503 893 5575; x_wconf 58' lang='grc' dir='ltr'><strong>δαὶ</strong></span> <span class='ocrx_word' id='word_1_720' title='bbox 938 5503 1149 5575; x_wconf 61' lang='grc' dir='ltr'>πλούτῳ</span> <span class='ocrx_word' id='word_1_721' title='bbox 1173 5503 1440 5575; x_wconf 67' lang='grc' dir='ltr'>διαφέρων</span> <span class='ocrx_word' id='word_1_722' title='bbox 1474 5500 1574 5575; x_wconf 76' lang='grc' dir='ltr'><strong>ἦν,</strong></span> <span class='ocrx_word' id='word_1_723' title='bbox 1602 5503 1736 5558; x_wconf 82' lang='grc' dir='ltr'>ἀλλὰ</span> <span class='ocrx_word' id='word_1_724' title='bbox 1770 5507 1864 5559; x_wconf 78' lang='grc' dir='ltr'><strong>καὶ</strong></span> 
     </span>
    </p>
   </div>
   <div class='ocr_carea' id='block_1_97' title="bbox 303 5519 1865 5694">
    <p class='ocr_par' dir='ltr' id='par_1_97' title="bbox 303 5519 1865 5694">
     <span class='ocr_line' id='line_1_98' title="bbox 303 5519 1864 5575; baseline 0.004 -23"><span class='ocrx_word' id='word_1_725' title='bbox 303 5519 471 5563; x_wconf 88' lang='grc' dir='ltr'>υυτος</span> <span class='ocrx_word' id='word_1_726' title='bbox 499 5519 764 5571; x_wconf 76' lang='grc' dir='ltr'>ευγενειᾳ,</span> <span class='ocrx_word' id='word_1_727' title='bbox 801 5519 893 5556; x_wconf 84' lang='grc' dir='ltr'>και</span> <span class='ocrx_word' id='word_1_728' title='bbox 938 5519 1149 5574; x_wconf 72' lang='grc' dir='ltr'>πλουτῳ</span> <span class='ocrx_word' id='word_1_729' title='bbox 1173 5519 1440 5575; x_wconf 87' lang='grc' dir='ltr'>οιαφερων</span> <span class='ocrx_word' id='word_1_730' title='bbox 1474 5519 1561 5575; x_wconf 77' lang='grc' dir='ltr'><strong>ην,</strong></span> <span class='ocrx_word' id='word_1_731' title='bbox 1602 5519 1736 5558; x_wconf 68' lang='lat' dir='ltr'><strong>aluta</strong></span> <span class='ocrx_word' id='word_1_732' title='bbox 1770 5519 1864 5559; x_wconf 85' lang='grc' dir='ltr'><strong>και</strong></span> 
     </span>
     <span class='ocr_line' id='line_1_99' title="bbox 303 5570 1865 5694; baseline 0.003 -70"><span class='ocrx_word' id='word_1_733' title='bbox 303 5570 766 5694; x_wconf 68' lang='grc' dir='ltr'>μεγαλοφροσύνῃὸ</span> <span class='ocrx_word' id='word_1_734' title='bbox 799 5571 857 5634; x_wconf 82' lang='grc' dir='ltr'><strong>ὃς</strong></span> <span class='ocrx_word' id='word_1_735' title='bbox 896 5589 956 5641; x_wconf 90' lang='grc' dir='ltr'><strong>γε</strong></span> <span class='ocrx_word' id='word_1_736' title='bbox 998 5573 1065 5662; x_wconf 60' lang='grc' dir='ltr'>τα</span> <span class='ocrx_word' id='word_1_737' title='bbox 1095 5571 1322 5662; x_wconf 47' lang='grc' dir='ltr'>τξατρᾷζα</span> <span class='ocrx_word' id='word_1_738' title='bbox 1366 5573 1726 5661; x_wconf 63' lang='grc' dir='ltr'>παρεχώρησε</span> <span class='ocrx_word' id='word_1_739' title='bbox 1753 5578 1865 5639; x_wconf 87' lang='grc' dir='ltr'>τοῖς</span> 
     </span>
     <span class='ocr_line' id='line_1_100' title="bbox 303 5642 1862 5694; baseline 0.001 -1"><span class='ocrx_word' id='word_1_740' title='bbox 303 5642 550 5694; x_wconf 75' lang='grc' dir='ltr'>οἰκείοιςο</span> <span class='ocrx_word' id='word_1_741' title='bbox 578 5642 732 5694; x_wconf 80' lang='grc' dir='ltr'>Αἱτια</span> <span class='ocrx_word' id='word_1_742' title='bbox 770 5642 847 5694; x_wconf 72' lang='grc' dir='ltr'><strong>εὶς</strong></span> <span class='ocrx_word' id='word_1_743' title='bbox 896 5642 1004 5694; x_wconf 83' lang='grc' dir='ltr'><strong>γὰο</strong></span> <span class='ocrx_word' id='word_1_744' title='bbox 1035 5661 1110 5694; x_wconf 84' lang='grc' dir='ltr'>υπ</span> <span class='ocrx_word' id='word_1_745' title='bbox 1158 5661 1368 5694; x_wconf 85' lang='grc' dir='ltr'>αυτων.</span> <span class='ocrx_word' id='word_1_746' title='bbox 1417 5660 1492 5694; x_wconf 74' lang='grc' dir='ltr'>ως</span> <span class='ocrx_word' id='word_1_747' title='bbox 1529 5644 1765 5694; x_wconf 73' lang='grc' dir='ltr'>ἀαελων·</span> <span class='ocrx_word' id='word_1_748' title='bbox 1797 5645 1862 5694; x_wconf 83' lang='lat' dir='ltr'><strong>Ti</strong></span> 
     </span>
    </p>
   </div>
   <div class='ocr_carea' id='block_1_98' title="bbox 298 5642 1862 5724">
    <p class='ocr_par' dir='ltr' id='par_1_98' title="bbox 298 5642 1862 5724">
     <span class='ocr_line' id='line_1_101' title="bbox 298 5642 1862 5724; baseline 0.003 -31"><span class='ocrx_word' id='word_1_749' title='bbox 298 5642 557 5724; x_wconf 51' lang='grc' dir='ltr'><strong>οξκείο-ιςέ</strong></span> <span class='ocrx_word' id='word_1_750' title='bbox 578 5642 847 5724; x_wconf 72' lang='grc' dir='ltr'>Αἰτιαθεὶς</span> <span class='ocrx_word' id='word_1_751' title='bbox 869 5642 1004 5724; x_wconf 52' lang='grc' dir='ltr'>-γαρ</span> <span class='ocrx_word' id='word_1_752' title='bbox 1035 5642 1492 5724; x_wconf 38' lang='lat' dir='ltr'><strong>oratiouna;</strong></span> <span class='ocrx_word' id='word_1_753' title='bbox 1512 5642 1765 5724; x_wconf 64' lang='grc' dir='ltr'>’ἀμελῶνς</span> <span class='ocrx_word' id='word_1_754' title='bbox 1797 5645 1862 5724; x_wconf 57' lang='grc' dir='ltr'><strong>Ἱςί</strong></span> 
     </span>
    </p>
   </div>
   <div class='ocr_carea' id='block_1_99' title="bbox 296 5710 1860 5783">
    <p class='ocr_par' dir='ltr' id='par_1_99' title="bbox 296 5710 1860 5783">
     <span class='ocr_line' id='line_1_102' title="bbox 296 5710 1860 5783; baseline 0.005 -22"><span class='ocrx_word' id='word_1_755' title='bbox 296 5710 420 5783; x_wconf 67' lang='grc' dir='ltr'><strong>οὖν,</strong></span> <span class='ocrx_word' id='word_1_756' title='bbox 457 5710 589 5783; x_wconf 75' lang='grc' dir='ltr'><strong>ἔφη,</strong></span> <span class='ocrx_word' id='word_1_757' title='bbox 622 5713 720 5783; x_wconf 79' lang='grc' dir='ltr'>οὐχ</span> <span class='ocrx_word' id='word_1_758' title='bbox 763 5711 922 5783; x_wconf 31' lang='grc' dir='ltr'>ὑμεῖς.</span> <span class='ocrx_word' id='word_1_759' title='bbox 960 5710 1333 5783; x_wconf 73' lang='grc' dir='ltr'>ἑπιμελεῖσθε;</span> <span class='ocrx_word' id='word_1_760' title='bbox 1381 5710 1659 5768; x_wconf 78' lang='lat' dir='ltr'><strong>Urbanum</strong></span> <span class='ocrx_word' id='word_1_761' title='bbox 1710 5716 1860 5780; x_wconf 86' lang='lat' dir='ltr'><strong>illud,</strong></span> 
     </span>
    </p>
   </div>
   <div class='ocr_carea' id='block_1_100' title="bbox 298 5781 1862 5854">
    <p class='ocr_par' dir='ltr' id='par_1_100' title="bbox 298 5781 1862 5854">
     <span class='ocr_line' id='line_1_103' title="bbox 298 5781 1862 5854; baseline 0.004 -23"><span class='ocrx_word' id='word_1_762' title='bbox 298 5781 392 5854; x_wconf 60' lang='lat' dir='ltr'><strong>nat</strong></span> <span class='ocrx_word' id='word_1_763' title='bbox 427 5781 621 5854; x_wconf 40' lang='lat' dir='ltr'><strong>madv:</strong></span> <span class='ocrx_word' id='word_1_764' title='bbox 645 5781 746 5854; x_wconf 76' lang='lat' dir='ltr'><strong>hoc</strong></span> <span class='ocrx_word' id='word_1_765' title='bbox 783 5781 927 5854; x_wconf 84' lang='lat' dir='ltr'><strong>quod</strong></span> <span class='ocrx_word' id='word_1_766' title='bbox 951 5781 1224 5854; x_wconf 81' lang='lat' dir='ltr'><strong>sequitur,</strong></span> <span class='ocrx_word' id='word_1_767' title='bbox 1268 5786 1508 5854; x_wconf 73' lang='grc' dir='ltr'>κρεῖττον</span> <span class='ocrx_word' id='word_1_768' title='bbox 1536 5784 1569 5854; x_wconf 81' lang='grc' dir='ltr'>ἢ</span> <span class='ocrx_word' id='word_1_769' title='bbox 1603 5784 1742 5839; x_wconf 86' lang='grc' dir='ltr'>κατὰ</span> <span class='ocrx_word' id='word_1_770' title='bbox 1775 5803 1862 5854; x_wconf 83' lang='grc' dir='ltr'>φι-</span> 
     </span>
    </p>
   </div>
   <div class='ocr_carea' id='block_1_101' title="bbox 295 5850 1859 5922">
    <p class='ocr_par' dir='ltr' id='par_1_101' title="bbox 295 5850 1859 5922">
     <span class='ocr_line' id='line_1_104' title="bbox 295 5850 1859 5922; baseline 0.005 -21"><span class='ocrx_word' id='word_1_771' title='bbox 295 5850 537 5919; x_wconf 77' lang='grc' dir='ltr'>λόσοφον.</span> <span class='ocrx_word' id='word_1_772' title='bbox 567 5850 849 5921; x_wconf 84' lang='lat' dir='ltr'><strong>Ohjicicnti</strong></span> <span class='ocrx_word' id='word_1_773' title='bbox 877 5850 1051 5922; x_wconf 68' lang='lat' dir='ltr'><strong>enim,</strong></span> <span class='ocrx_word' id='word_1_774' title='bbox 1071 5853 1232 5907; x_wconf 73' lang='grc' dir='ltr'>Οὐδέν</span> <span class='ocrx_word' id='word_1_775' title='bbox 1261 5850 1340 5908; x_wconf 82' lang='grc' dir='ltr'>σοι</span> <span class='ocrx_word' id='word_1_776' title='bbox 1367 5852 1513 5922; x_wconf 86' lang='grc' dir='ltr'>μέλει</span> <span class='ocrx_word' id='word_1_777' title='bbox 1543 5850 1639 5922; x_wconf 80' lang='grc' dir='ltr'>τῆς</span> <span class='ocrx_word' id='word_1_778' title='bbox 1671 5850 1859 5921; x_wconf 73' lang='grc' dir='ltr'>πατρί-</span> 
     </span>
    </p>
   </div>
   <div class='ocr_carea' id='block_1_102' title="bbox 2200 4608 3283 4682">
    <p class='ocr_par' dir='ltr' id='par_1_102' title="bbox 2200 4608 3283 4682">
     <span class='ocr_line' id='line_1_105' title="bbox 2200 4608 3283 4682; baseline -0.005 -17"><span class='ocrx_word' id='word_1_779' title='bbox 2200 4611 2338 4682; x_wconf 82' lang='lat' dir='ltr'><strong>apud</strong></span> <span class='ocrx_word' id='word_1_780' title='bbox 2372 4608 2642 4663; x_wconf 80' lang='lat' dir='ltr'><strong>Platonem</strong></span> <span class='ocrx_word' id='word_1_781' title='bbox 2669 4610 2722 4662; x_wconf 89' lang='lat' dir='ltr'><strong>in</strong></span> <span class='ocrx_word' id='word_1_782' title='bbox 2745 4609 2955 4678; x_wconf 84' lang='lat' dir='ltr'><strong>dialogo</strong></span> <span class='ocrx_word' id='word_1_783' title='bbox 2987 4608 3058 4662; x_wconf 89' lang='lat' dir='ltr'><strong>De</strong></span> <span class='ocrx_word' id='word_1_784' title='bbox 3083 4608 3283 4661; x_wconf 88' lang='lat' dir='ltr'><strong>animo.</strong></span> 
     </span>
    </p>
   </div>
   <div class='ocr_carea' id='block_1_103' title="bbox 2042 4699 3530 4774">
    <p class='ocr_par' dir='ltr' id='par_1_103' title="bbox 2042 4699 3530 4774">
     <span class='ocr_line' id='line_1_106' title="bbox 2042 4699 3530 4774; baseline -0.001 -19"><span class='ocrx_word' id='word_1_785' title='bbox 2042 4724 2060 4755; x_wconf 77' lang='grc' dir='ltr'>ι</span> <span class='ocrx_word' id='word_1_786' title='bbox 2095 4705 2164 4760; x_wconf 84' lang='lat' dir='ltr'><strong>At</strong></span> <span class='ocrx_word' id='word_1_787' title='bbox 2197 4720 2347 4770; x_wconf 88' lang='lat' dir='ltr'><strong>vero,</strong></span> <span class='ocrx_word' id='word_1_788' title='bbox 2377 4702 2556 4774; x_wconf 88' lang='lat' dir='ltr'><strong>inquit</strong></span> <span class='ocrx_word' id='word_1_789' title='bbox 2589 4701 2697 4768; x_wconf 92' lang='lat' dir='ltr'><strong>ille,</strong></span> <span class='ocrx_word' id='word_1_790' title='bbox 2727 4716 2850 4756; x_wconf 91' lang='lat' dir='ltr'><strong>cum</strong></span> <span class='ocrx_word' id='word_1_791' title='bbox 2884 4701 3116 4770; x_wconf 87' lang='lat' dir='ltr'><strong>aliquem</strong></span> <span class='ocrx_word' id='word_1_792' title='bbox 3144 4699 3435 4770; x_wconf 90' lang='lat' dir='ltr'><strong>aliquando</strong></span> <span class='ocrx_word' id='word_1_793' title='bbox 3464 4715 3530 4754; x_wconf 78' lang='lat' dir='ltr'><strong>ex</strong></span> 
     </span>
    </p>
   </div>
   <div class='ocr_carea' id='block_1_104' title="bbox 1965 4792 3534 4866">
    <p class='ocr_par' dir='ltr' id='par_1_104' title="bbox 1965 4792 3534 4866">
     <span class='ocr_line' id='line_1_107' title="bbox 1965 4792 3534 4866; baseline -0.003 -16"><span class='ocrx_word' id='word_1_794' title='bbox 1965 4797 2103 4851; x_wconf 91' lang='lat' dir='ltr'><strong>libro</strong></span> <span class='ocrx_word' id='word_1_795' title='bbox 2130 4797 2393 4866; x_wconf 85' lang='lat' dir='ltr'><strong>quodam,</strong></span> <span class='ocrx_word' id='word_1_796' title='bbox 2425 4810 2586 4866; x_wconf 91' lang='lat' dir='ltr'><strong>quem</strong></span> <span class='ocrx_word' id='word_1_797' title='bbox 2641 4795 2979 4866; x_wconf 71' lang='lat' dir='ltr'><strong>Anaxagorae</strong></span> <span class='ocrx_word' id='word_1_798' title='bbox 3021 4805 3142 4848; x_wconf 89' lang='lat' dir='ltr'><strong>esse</strong></span> <span class='ocrx_word' id='word_1_799' title='bbox 3189 4792 3421 4858; x_wconf 90' lang='lat' dir='ltr'><strong>dicebat,</strong></span> <span class='ocrx_word' id='word_1_800' title='bbox 3458 4793 3534 4846; x_wconf 83' lang='lat' dir='ltr'><strong>le-</strong></span> 
     </span>
    </p>
   </div>
   <div class='ocr_carea' id='block_1_105' title="bbox 1964 4883 3528 4958">
    <p class='ocr_par' dir='ltr' id='par_1_105' title="bbox 1964 4883 3528 4958">
     <span class='ocr_line' id='line_1_108' title="bbox 1964 4883 3528 4958; baseline -0.003 -16"><span class='ocrx_word' id='word_1_801' title='bbox 1964 4899 2175 4958; x_wconf 84' lang='lat' dir='ltr'><strong>gentem</strong></span> <span class='ocrx_word' id='word_1_802' title='bbox 2231 4888 2560 4952; x_wconf 87' lang='lat' dir='ltr'><strong>audiissem,</strong></span> <span class='ocrx_word' id='word_1_803' title='bbox 2607 4895 2842 4941; x_wconf 89' lang='lat' dir='ltr'><strong>mentem</strong></span> <span class='ocrx_word' id='word_1_804' title='bbox 2904 4885 3150 4940; x_wconf 90' lang='lat' dir='ltr'><strong>omnium</strong></span> <span class='ocrx_word' id='word_1_805' title='bbox 3199 4883 3528 4940; x_wconf 75' lang='lat' dir='ltr'><strong>effectricem</strong></span> 
     </span>
    </p>
   </div>
   <div class='ocr_carea' id='block_1_106' title="bbox 1965 4977 3535 5051">
    <p class='ocr_par' dir='ltr' id='par_1_106' title="bbox 1965 4977 3535 5051">
     <span class='ocr_line' id='line_1_109' title="bbox 1965 4977 3535 5051; baseline -0.003 -16"><span class='ocrx_word' id='word_1_806' title='bbox 1965 4992 2150 5051; x_wconf 87' lang='lat' dir='ltr'><strong>regere</strong></span> <span class='ocrx_word' id='word_1_807' title='bbox 2188 4994 2254 5034; x_wconf 88' lang='lat' dir='ltr'><strong>ac</strong></span> <span class='ocrx_word' id='word_1_808' title='bbox 2286 4978 2555 5034; x_wconf 89' lang='lat' dir='ltr'><strong>moderari</strong></span> <span class='ocrx_word' id='word_1_809' title='bbox 2586 4978 2789 5043; x_wconf 89' lang='lat' dir='ltr'><strong>omnia,</strong></span> <span class='ocrx_word' id='word_1_810' title='bbox 2823 4977 3072 5047; x_wconf 90' lang='lat' dir='ltr'><strong>equidem</strong></span> <span class='ocrx_word' id='word_1_811' title='bbox 3119 4977 3224 5031; x_wconf 92' lang='lat' dir='ltr'><strong>hoc</strong></span> <span class='ocrx_word' id='word_1_812' title='bbox 3260 4977 3312 5031; x_wconf 93' lang='lat' dir='ltr'><strong>in</strong></span> <span class='ocrx_word' id='word_1_813' title='bbox 3353 4990 3535 5031; x_wconf 75' lang='lat' dir='ltr'><strong>causae</strong></span> 
     </span>
    </p>
   </div>
   <div class='ocr_carea' id='block_1_107' title="bbox 1962 5067 3529 5144">
    <p class='ocr_par' dir='ltr' id='par_1_107' title="bbox 1962 5067 3529 5144">
     <span class='ocr_line' id='line_1_110' title="bbox 1962 5067 3529 5144; baseline -0.005 -16"><span class='ocrx_word' id='word_1_814' title='bbox 1962 5087 2161 5144; x_wconf 86' lang='lat' dir='ltr'><strong>genere</strong></span> <span class='ocrx_word' id='word_1_815' title='bbox 2195 5087 2409 5126; x_wconf 88' lang='lat' dir='ltr'><strong>summa</strong></span> <span class='ocrx_word' id='word_1_816' title='bbox 2459 5085 2586 5126; x_wconf 89' lang='lat' dir='ltr'><strong>cum</strong></span> <span class='ocrx_word' id='word_1_817' title='bbox 2639 5069 2915 5138; x_wconf 86' lang='lat' dir='ltr'><strong>voluptate</strong></span> <span class='ocrx_word' id='word_1_818' title='bbox 2947 5068 3216 5138; x_wconf 84' lang='lat' dir='ltr'><strong>acquievi,</strong></span> <span class='ocrx_word' id='word_1_819' title='bbox 3269 5067 3416 5137; x_wconf 89' lang='lat' dir='ltr'><strong>quod</strong></span> <span class='ocrx_word' id='word_1_820' title='bbox 3463 5082 3529 5120; x_wconf 81' lang='lat' dir='ltr'><strong>ex</strong></span> 
     </span>
    </p>
   </div>
   <div class='ocr_carea' id='block_1_108' title="bbox 1962 5220 3533 5297">
    <p class='ocr_par' dir='ltr' id='par_1_108' title="bbox 1962 5220 3533 5297">
     <span class='ocr_line' id='line_1_111' title="bbox 1962 5220 3533 5297; baseline 0.005 -7"><span class='ocrx_word' id='word_1_821' title='bbox 1962 5223 2564 5297; x_wconf 60' lang='grc' dir='ltr'>δος;‹,,κὺφήμεινεφην</span> <span class='ocrx_word' id='word_1_822' title='bbox 2591 5223 2715 5297; x_wconf 63' lang='grc' dir='ltr'><strong>ἐμφὶ</strong></span> <span class='ocrx_word' id='word_1_823' title='bbox 2739 5221 2850 5297; x_wconf 77' lang='grc' dir='ltr'><strong>γὰρ</strong></span> <span class='ocrx_word' id='word_1_824' title='bbox 2890 5223 2988 5297; x_wconf 52' lang='grc' dir='ltr'>κεῖ</span> <span class='ocrx_word' id='word_1_825' title='bbox 3021 5221 3220 5292; x_wconf 74' lang='grc' dir='ltr'><strong>σφόδρα</strong></span> <span class='ocrx_word' id='word_1_826' title='bbox 3256 5220 3533 5297; x_wconf 55' lang='grc' dir='ltr'>μέλεψῆς</span> 
     </span>
    </p>
   </div>
   <div class='ocr_carea' id='block_1_109' title="bbox 1966 5291 3532 5366">
    <p class='ocr_par' dir='ltr' id='par_1_109' title="bbox 1966 5291 3532 5366">
     <span class='ocr_line' id='line_1_112' title="bbox 1966 5291 3532 5366; baseline -0.003 -17"><span class='ocrx_word' id='word_1_827' title='bbox 1966 5291 2504 5366; x_wconf 72' lang='grc' dir='ltr'>πατρίδος,’ί’δείξας</span> <span class='ocrx_word' id='word_1_828' title='bbox 2525 5291 2882 5365; x_wconf 76' lang='grc' dir='ltr'>τὸνούρανόν.</span> <span class='ocrx_word' id='word_1_829' title='bbox 2933 5292 3102 5364; x_wconf 87' lang='lat' dir='ltr'><strong>Digna</strong></span> <span class='ocrx_word' id='word_1_830' title='bbox 3150 5291 3267 5346; x_wconf 53' lang='grc' dir='ltr'><strong>τοί</strong></span> <span class='ocrx_word' id='word_1_831' title='bbox 3308 5291 3532 5346; x_wconf 87' lang='lat' dir='ltr'><strong>meliore</strong></span> 
     </span>
    </p>
   </div>
   <div class='ocr_carea' id='block_1_110' title="bbox 1965 5365 2630 5432">
    <p class='ocr_par' dir='ltr' id='par_1_110' title="bbox 1965 5365 2630 5432">
     <span class='ocr_line' id='line_1_113' title="bbox 1965 5365 2630 5432; baseline 0 -13"><span class='ocrx_word' id='word_1_832' title='bbox 1965 5365 2419 5432; x_wconf 37' lang='lat' dir='ltr'><strong>linguatmeliore</strong></span> <span class='ocrx_word' id='word_1_833' title='bbox 2448 5381 2630 5421; x_wconf 87' lang='lat' dir='ltr'><strong>sensu.</strong></span> 
     </span>
    </p>
   </div>
   <div class='ocr_carea' id='block_1_111' title="bbox 2037 5429 3532 5506">
    <p class='ocr_par' dir='ltr' id='par_1_111' title="bbox 2037 5429 3532 5506">
     <span class='ocr_line' id='line_1_114' title="bbox 2037 5429 3532 5506; baseline -0.001 -21"><span class='ocrx_word' id='word_1_834' title='bbox 2037 5429 2146 5506; x_wconf 74' lang='lat'><strong>(77)</strong></span> <span class='ocrx_word' id='word_1_835' title='bbox 2175 5430 2293 5488; x_wconf 76' lang='grc' dir='ltr'><strong>Ἷιν</strong></span> <span class='ocrx_word' id='word_1_836' title='bbox 2315 5436 2422 5506; x_wconf 78' lang='grc' dir='ltr'><strong>γὰρ</strong></span> <span class='ocrx_word' id='word_1_837' title='bbox 2451 5437 2520 5489; x_wconf 76' lang='grc' dir='ltr'><strong>ἐν</strong></span> <span class='ocrx_word' id='word_1_838' title='bbox 2556 5433 2730 5504; x_wconf 82' lang='grc' dir='ltr'><strong>ἀρχῇ.</strong></span> <span class='ocrx_word' id='word_1_839' title='bbox 2760 5431 3085 5506; x_wconf 81' lang='lat' dir='ltr'><strong>Plutarchus</strong></span> <span class='ocrx_word' id='word_1_840' title='bbox 3116 5445 3389 5506; x_wconf 69' lang='lat' dir='ltr'><strong>supra,_p.</strong></span> <span class='ocrx_word' id='word_1_841' title='bbox 3429 5429 3532 5506; x_wconf 82' lang='lat'><strong>8_76</strong></span> 
     </span>
    </p>
   </div>
   <div class='ocr_carea' id='block_1_112' title="bbox 1967 5499 3526 5588">
    <p class='ocr_par' dir='ltr' id='par_1_112' title="bbox 1967 5499 3526 5588">
     <span class='ocr_line' id='line_1_115' title="bbox 1967 5499 3526 5588; baseline -0.005 -28"><span class='ocrx_word' id='word_1_842' title='bbox 1967 5499 2053 5588; x_wconf 34' lang='grc' dir='ltr'><strong>ρ’,</strong></span> <span class='ocrx_word' id='word_1_843' title='bbox 2092 5499 2206 5584; x_wconf 43' lang='lat' dir='ltr'><strong>llaec</strong></span> <span class='ocrx_word' id='word_1_844' title='bbox 2241 5499 2410 5588; x_wconf 72' lang='lat' dir='ltr'><strong>paulo</strong></span> <span class='ocrx_word' id='word_1_845' title='bbox 2456 5499 2955 5588; x_wconf 36' lang='lat' dir='ltr'><strong>aliter-EI&#39;Aperat</strong></span> <span class='ocrx_word' id='word_1_846' title='bbox 2976 5501 3042 5588; x_wconf 52' lang='grc' dir='ltr'>δὲ</span> <span class='ocrx_word' id='word_1_847' title='bbox 3084 5499 3526 5588; x_wconf 49' lang='grc' dir='ltr'><strong>οῦτως,”ἰη‹ιυὶιξ</strong></span> 
     </span>
    </p>
   </div>
   <div class='ocr_carea' id='block_1_113' title="bbox 1977 5569 3529 5662">
    <p class='ocr_par' dir='ltr' id='par_1_113' title="bbox 1977 5569 3529 5662">
     <span class='ocr_line' id='line_1_116' title="bbox 1977 5569 3529 5662; baseline -0.004 -35"><span class='ocrx_word' id='word_1_848' title='bbox 1977 5573 2138 5662; x_wconf 49' lang='grc' dir='ltr'>ξομοῦ</span> <span class='ocrx_word' id='word_1_849' title='bbox 2184 5569 2360 5628; x_wconf 71' lang='grc' dir='ltr'>πάντα</span> <span class='ocrx_word' id='word_1_850' title='bbox 2397 5577 2665 5662; x_wconf 48' lang='grc' dir='ltr'><strong>χρήματα,</strong></span> <span class='ocrx_word' id='word_1_851' title='bbox 2683 5569 2783 5643; x_wconf 60' lang='grc' dir='ltr'><strong>ἦν,</strong></span> <span class='ocrx_word' id='word_1_852' title='bbox 2805 5569 2942 5658; x_wconf 76' lang='grc' dir='ltr'>’νοῦς</span> <span class='ocrx_word' id='word_1_853' title='bbox 2971 5571 3046 5662; x_wconf 39' lang='grc' dir='ltr'><strong>δὲ,</strong></span> <span class='ocrx_word' id='word_1_854' title='bbox 3067 5573 3206 5626; x_wconf 76' lang='grc' dir='ltr'>αὐτὰ</span> <span class='ocrx_word' id='word_1_855' title='bbox 3233 5569 3408 5662; x_wconf 55' lang='grc' dir='ltr'>διῆρε,</span> 
     </span>
    </p>
   </div>
   <div class='ocr_carea' id='block_1_114' title="bbox 1964 5590 3529 5766">
    <p class='ocr_par' dir='ltr' id='par_1_114' title="bbox 1964 5590 3529 5766">
     <span class='ocr_line' id='line_1_117' title="bbox 1980 5590 3529 5698; baseline 0.014 -97"><span class='ocrx_word' id='word_1_856' title='bbox 1980 5590 2138 5643; x_wconf 44' lang='grc' dir='ltr'>κυμου</span> <span class='ocrx_word' id='word_1_857' title='bbox 2184 5591 2360 5628; x_wconf 87' lang='grc' dir='ltr'>παντα</span> <span class='ocrx_word' id='word_1_858' title='bbox 2397 5590 2649 5662; x_wconf 72' lang='grc' dir='ltr'>χρηματα</span> <span class='ocrx_word' id='word_1_859' title='bbox 2683 5590 2773 5643; x_wconf 78' lang='grc' dir='ltr'><strong>ην,</strong></span> <span class='ocrx_word' id='word_1_860' title='bbox 2821 5590 2942 5658; x_wconf 76' lang='grc' dir='ltr'>νους</span> <span class='ocrx_word' id='word_1_861' title='bbox 2971 5590 3027 5628; x_wconf 87' lang='grc' dir='ltr'>οε</span> <span class='ocrx_word' id='word_1_862' title='bbox 3067 5590 3206 5626; x_wconf 87' lang='grc' dir='ltr'>αυτα</span> <span class='ocrx_word' id='word_1_863' title='bbox 3233 5590 3408 5698; x_wconf 62' lang='grc' dir='ltr'>οιῖρε,</span> <span class='ocrx_word' id='word_1_864' title='bbox 3439 5590 3529 5654; x_wconf 54' lang='lat' dir='ltr'><strong>aut</strong></span> 
     </span>
     <span class='ocr_line' id='line_1_118' title="bbox 1964 5643 3529 5766; baseline -0.001 -69"><span class='ocrx_word' id='word_1_865' title='bbox 2335 5662 2586 5717; x_wconf 81' lang='grc' dir='ltr'>χρηματα</span> <span class='ocrx_word' id='word_1_866' title='bbox 2612 5644 2804 5712; x_wconf 82' lang='grc' dir='ltr'>λέγων,</span> <span class='ocrx_word' id='word_1_867' title='bbox 2845 5660 2914 5696; x_wconf 85' lang='grc' dir='ltr'><strong>τα</strong></span> <span class='ocrx_word' id='word_1_868' title='bbox 2943 5644 3263 5714; x_wconf 79' lang='grc' dir='ltr'>πράγματα.</span> <span class='ocrx_word' id='word_1_869' title='bbox 3339 5643 3529 5695; x_wconf 82' lang='lat' dir='ltr'><strong>onsule</strong></span> 
     </span>
    </p>
   </div>
   <div class='ocr_carea' id='block_1_115' title="bbox 2013 5729 2276 5774">
    <p class='ocr_par' dir='ltr' id='par_1_115' title="bbox 2013 5729 2276 5774">
     <span class='ocr_line' id='line_1_119' title="bbox 2013 5729 2276 5774; baseline 0 -8"><span class='ocrx_word' id='word_1_870' title='bbox 2013 5729 2276 5774; x_wconf 71' lang='lat' dir='ltr'><strong>togenetn.</strong></span> 
     </span>
    </p>
   </div>
   <div class='ocr_carea' id='block_1_116' title="bbox 2036 5779 3524 5851">
    <p class='ocr_par' dir='ltr' id='par_1_116' title="bbox 2036 5779 3524 5851">
     <span class='ocr_line' id='line_1_120' title="bbox 2036 5779 3524 5851; baseline -0.001 -15"><span class='ocrx_word' id='word_1_871' title='bbox 2036 5781 2169 5851; x_wconf 66' lang='lat'><strong>(78).</strong></span> <span class='ocrx_word' id='word_1_872' title='bbox 2192 5783 2350 5837; x_wconf 67' lang='grc' dir='ltr'><strong>Ἀλλ’</strong></span> <span class='ocrx_word' id='word_1_873' title='bbox 2387 5783 2673 5849; x_wconf 75' lang='grc' dir='ltr'>ἀκούσας.</span> <span class='ocrx_word' id='word_1_874' title='bbox 2717 5784 2953 5842; x_wconf 78' lang='lat' dir='ltr'><strong>Platonis</strong></span> <span class='ocrx_word' id='word_1_875' title='bbox 2982 5785 3134 5840; x_wconf 68' lang='lat' dir='ltr'><strong>locus</strong></span> <span class='ocrx_word' id='word_1_876' title='bbox 3174 5791 3258 5838; x_wconf 86' lang='lat' dir='ltr'><strong>est</strong></span> <span class='ocrx_word' id='word_1_877' title='bbox 3293 5782 3346 5836; x_wconf 89' lang='lat' dir='ltr'><strong>in</strong></span> <span class='ocrx_word' id='word_1_878' title='bbox 3377 5779 3524 5836; x_wconf 74' lang='lat' dir='ltr'><strong>Plur-</strong></span> 
     </span>
    </p>
   </div>
   <div class='ocr_carea' id='block_1_117' title="bbox 1963 5851 2687 5945">
    <p class='ocr_par' dir='ltr' id='par_1_117' title="bbox 1963 5851 2687 5945">
     <span class='ocr_line' id='line_1_121' title="bbox 1963 5851 2687 5945; baseline 0.004 -39"><span class='ocrx_word' id='word_1_879' title='bbox 1963 5853 2113 5945; x_wconf 63' lang='lat' dir='ltr'><strong>done,</strong></span> <span class='ocrx_word' id='word_1_880' title='bbox 2149 5867 2270 5922; x_wconf 74' lang='lat' dir='ltr'><strong>pag.</strong></span> <span class='ocrx_word' id='word_1_881' title='bbox 2302 5852 2403 5922; x_wconf 74' lang='grc'><strong>595</strong></span> <span class='ocrx_word' id='word_1_882' title='bbox 2431 5855 2470 5908; x_wconf 67' lang='grc'><strong>(2</strong></span> <span class='ocrx_word' id='word_1_883' title='bbox 2497 5851 2687 5911; x_wconf 81' lang='lat' dir='ltr'><strong>Ficini.</strong></span> 
     </span>
    </p>
   </div>
  </div>
