  <div class='ocr_page' id='page_1' title='image "/cluster/home/n/w/nwhite01/storage/ocr_20150623/21/hvd.32044073501165/633.png"; bbox 0 0 4034 6390; ppageno 0'>
   <div class='ocr_carea' id='block_1_1' title="bbox 551 390 690 448">
    <p class='ocr_par' dir='ltr' id='par_1_1' title="bbox 551 390 690 448">
     <span class='ocr_line' id='line_1_1' title="bbox 551 390 690 448; baseline 0.029 -4"><span class='ocrx_word' id='word_1_1' title='bbox 551 390 690 448; x_wconf 68' lang='lat'><strong>19.55</strong></span> 
     </span>
    </p>
   </div>
   <div class='ocr_carea' id='block_1_2' title="bbox 545 605 2114 681">
    <p class='ocr_par' dir='ltr' id='par_1_2' title="bbox 545 605 2114 681">
     <span class='ocr_line' id='line_1_2' title="bbox 545 605 2114 681; baseline 0.006 -23"><span class='ocrx_word' id='word_1_2' title='bbox 545 605 625 659; x_wconf 91' lang='lat' dir='ltr'><strong>uti</strong></span> <span class='ocrx_word' id='word_1_3' title='bbox 678 607 1008 661; x_wconf 78' lang='lat' dir='ltr'><strong>moderatrix</strong></span> <span class='ocrx_word' id='word_1_4' title='bbox 1066 608 1156 663; x_wconf 87' lang='lat' dir='ltr'><strong>illa</strong></span> <span class='ocrx_word' id='word_1_5' title='bbox 1211 624 1363 664; x_wconf 92' lang='lat' dir='ltr'><strong>mens</strong></span> <span class='ocrx_word' id='word_1_6' title='bbox 1414 623 1611 666; x_wconf 89' lang='lat' dir='ltr'><strong>cuncta</strong></span> <span class='ocrx_word' id='word_1_7' title='bbox 1665 610 1995 681; x_wconf 77' lang='lat' dir='ltr'><strong>disponeret,</strong></span> <span class='ocrx_word' id='word_1_8' title='bbox 2049 628 2114 668; x_wconf 89' lang='lat' dir='ltr'><strong>ac</strong></span> 
     </span>
    </p>
   </div>
   <div class='ocr_carea' id='block_1_3' title="bbox 543 699 2115 772">
    <p class='ocr_par' dir='ltr' id='par_1_3' title="bbox 543 699 2115 772">
     <span class='ocr_line' id='line_1_3' title="bbox 543 699 2115 772; baseline 0.005 -22"><span class='ocrx_word' id='word_1_9' title='bbox 543 707 706 766; x_wconf 89' lang='lat' dir='ltr'><strong>prout</strong></span> <span class='ocrx_word' id='word_1_10' title='bbox 735 699 998 768; x_wconf 84' lang='lat' dir='ltr'><strong>Optimum</strong></span> <span class='ocrx_word' id='word_1_11' title='bbox 1032 700 1262 770; x_wconf 76' lang='lat' dir='ltr'><strong>singulis</strong></span> <span class='ocrx_word' id='word_1_12' title='bbox 1295 711 1441 758; x_wconf 88' lang='lat' dir='ltr'><strong>esset</strong></span> <span class='ocrx_word' id='word_1_13' title='bbox 1468 702 1734 768; x_wconf 85' lang='lat' dir='ltr'><strong>futurum,</strong></span> <span class='ocrx_word' id='word_1_14' title='bbox 1754 717 1855 759; x_wconf 91' lang='lat' dir='ltr'><strong>suo</strong></span> <span class='ocrx_word' id='word_1_15' title='bbox 1886 719 2115 772; x_wconf 77' lang='lat' dir='ltr'><strong>quaeque</strong></span> 
     </span>
    </p>
   </div>
   <div class='ocr_carea' id='block_1_4' title="bbox 544 789 2114 850">
    <p class='ocr_par' dir='ltr' id='par_1_4' title="bbox 544 789 2114 850">
     <span class='ocr_line' id='line_1_4' title="bbox 544 789 2114 850; baseline 0.003 -7"><span class='ocrx_word' id='word_1_16' title='bbox 544 789 665 844; x_wconf 90' lang='lat' dir='ltr'><strong>loco</strong></span> <span class='ocrx_word' id='word_1_17' title='bbox 721 799 775 844; x_wconf 88' lang='lat' dir='ltr'><strong>et</strong></span> <span class='ocrx_word' id='word_1_18' title='bbox 834 791 1024 846; x_wconf 80' lang='lat' dir='ltr'><strong>ordine</strong></span> <span class='ocrx_word' id='word_1_19' title='bbox 1077 793 1390 848; x_wconf 77' lang='lat' dir='ltr'><strong>collocaret.</strong></span> <span class='ocrx_word' id='word_1_20' title='bbox 1445 793 1736 849; x_wconf 84' lang='lat' dir='ltr'><strong>Enimvero</strong></span> <span class='ocrx_word' id='word_1_21' title='bbox 1795 795 1842 850; x_wconf 91' lang='lat' dir='ltr'><strong>si</strong></span> <span class='ocrx_word' id='word_1_22' title='bbox 1891 811 2114 850; x_wconf 91' lang='lat' dir='ltr'><strong>causam</strong></span> 
     </span>
    </p>
   </div>
   <div class='ocr_carea' id='block_1_5' title="bbox 544 883 2115 954">
    <p class='ocr_par' dir='ltr' id='par_1_5' title="bbox 544 883 2115 954">
     <span class='ocr_line' id='line_1_5' title="bbox 544 883 2115 954; baseline 0.005 -18"><span class='ocrx_word' id='word_1_23' title='bbox 544 897 709 947; x_wconf 90' lang='lat' dir='ltr'><strong>nosse</strong></span> <span class='ocrx_word' id='word_1_24' title='bbox 737 883 861 951; x_wconf 88' lang='lat' dir='ltr'><strong>quis</strong></span> <span class='ocrx_word' id='word_1_25' title='bbox 902 884 1051 948; x_wconf 88' lang='lat' dir='ltr'><strong>velit,</strong></span> <span class='ocrx_word' id='word_1_26' title='bbox 1086 886 1439 954; x_wconf 85' lang='lat' dir='ltr'><strong>quamobrem</strong></span> <span class='ocrx_word' id='word_1_27' title='bbox 1489 887 1590 941; x_wconf 90' lang='lat' dir='ltr'><strong>hoc</strong></span> <span class='ocrx_word' id='word_1_28' title='bbox 1623 902 1756 942; x_wconf 90' lang='lat' dir='ltr'><strong>eove</strong></span> <span class='ocrx_word' id='word_1_29' title='bbox 1789 886 1951 940; x_wconf 88' lang='lat' dir='ltr'><strong>modo</strong></span> <span class='ocrx_word' id='word_1_30' title='bbox 2001 885 2115 944; x_wconf 86' lang='lat' dir='ltr'><strong>sin-</strong></span> 
     </span>
    </p>
   </div>
   <div class='ocr_carea' id='block_1_6' title="bbox 545 976 2112 1045">
    <p class='ocr_par' dir='ltr' id='par_1_6' title="bbox 545 976 2112 1045">
     <span class='ocr_line' id='line_1_6' title="bbox 545 976 2112 1045; baseline 0.006 -19"><span class='ocrx_word' id='word_1_31' title='bbox 545 976 668 1045; x_wconf 76' lang='lat' dir='ltr'><strong>gula</strong></span> <span class='ocrx_word' id='word_1_32' title='bbox 697 976 782 1034; x_wconf 86' lang='lat' dir='ltr'><strong>vel</strong></span> <span class='ocrx_word' id='word_1_33' title='bbox 810 986 1124 1041; x_wconf 87' lang='lat' dir='ltr'><strong>nascantur,</strong></span> <span class='ocrx_word' id='word_1_34' title='bbox 1158 978 1242 1032; x_wconf 92' lang='lat' dir='ltr'><strong>vel</strong></span> <span class='ocrx_word' id='word_1_35' title='bbox 1272 979 1560 1044; x_wconf 86' lang='lat' dir='ltr'><strong>intereant,</strong></span> <span class='ocrx_word' id='word_1_36' title='bbox 1595 979 1676 1034; x_wconf 91' lang='lat' dir='ltr'><strong>vel</strong></span> <span class='ocrx_word' id='word_1_37' title='bbox 1705 981 1930 1033; x_wconf 91' lang='lat' dir='ltr'><strong>omnino</strong></span> <span class='ocrx_word' id='word_1_38' title='bbox 1965 979 2074 1035; x_wconf 88' lang='lat' dir='ltr'><strong>sint</strong></span> <span class='ocrx_word' id='word_1_39' title='bbox 2099 999 2112 1036; x_wconf 86' lang='lat'><strong>:</strong></span> 
     </span>
    </p>
   </div>
   <div class='ocr_carea' id='block_1_7' title="bbox 544 1067 2115 1141">
    <p class='ocr_par' dir='ltr' id='par_1_7' title="bbox 544 1067 2115 1141">
     <span class='ocr_line' id='line_1_7' title="bbox 544 1067 2115 1141; baseline 0.006 -24"><span class='ocrx_word' id='word_1_40' title='bbox 544 1070 610 1120; x_wconf 81' lang='lat' dir='ltr'><strong>de</strong></span> <span class='ocrx_word' id='word_1_41' title='bbox 643 1067 870 1137; x_wconf 77' lang='lat' dir='ltr'><strong>singulis</strong></span> <span class='ocrx_word' id='word_1_42' title='bbox 893 1069 1053 1122; x_wconf 89' lang='lat' dir='ltr'><strong>etiam</strong></span> <span class='ocrx_word' id='word_1_43' title='bbox 1089 1069 1162 1122; x_wconf 91' lang='lat' dir='ltr'><strong>illi</strong></span> <span class='ocrx_word' id='word_1_44' title='bbox 1194 1070 1545 1125; x_wconf 88' lang='lat' dir='ltr'><strong>statuendum</strong></span> <span class='ocrx_word' id='word_1_45' title='bbox 1582 1087 1722 1136; x_wconf 90' lang='lat' dir='ltr'><strong>esse,</strong></span> <span class='ocrx_word' id='word_1_46' title='bbox 1755 1087 1864 1141; x_wconf 90' lang='lat' dir='ltr'><strong>quo</strong></span> <span class='ocrx_word' id='word_1_47' title='bbox 1887 1087 2115 1140; x_wconf 63' lang='lat' dir='ltr'><strong>quaeque</strong></span> 
     </span>
    </p>
   </div>
   <div class='ocr_carea' id='block_1_8' title="bbox 545 1158 2115 1232">
    <p class='ocr_par' dir='ltr' id='par_1_8' title="bbox 545 1158 2115 1232">
     <span class='ocr_line' id='line_1_8' title="bbox 545 1158 2115 1232; baseline 0.003 -21"><span class='ocrx_word' id='word_1_48' title='bbox 545 1158 708 1212; x_wconf 90' lang='lat' dir='ltr'><strong>modo</strong></span> <span class='ocrx_word' id='word_1_49' title='bbox 747 1161 828 1213; x_wconf 90' lang='lat' dir='ltr'><strong>vel</strong></span> <span class='ocrx_word' id='word_1_50' title='bbox 871 1159 1050 1215; x_wconf 76' lang='lat' dir='ltr'><strong>futura</strong></span> <span class='ocrx_word' id='word_1_51' title='bbox 1083 1162 1193 1216; x_wconf 89' lang='lat' dir='ltr'><strong>sint</strong></span> <span class='ocrx_word' id='word_1_52' title='bbox 1235 1163 1458 1232; x_wconf 90' lang='lat' dir='ltr'><strong>optime,</strong></span> <span class='ocrx_word' id='word_1_53' title='bbox 1509 1165 1591 1218; x_wconf 87' lang='lat' dir='ltr'><strong>vel</strong></span> <span class='ocrx_word' id='word_1_54' title='bbox 1625 1164 1828 1232; x_wconf 84' lang='lat' dir='ltr'><strong>Optime</strong></span> <span class='ocrx_word' id='word_1_55' title='bbox 1869 1164 2115 1218; x_wconf 87' lang='lat' dir='ltr'><strong>subitura</strong></span> 
     </span>
    </p>
   </div>
   <div class='ocr_carea' id='block_1_9' title="bbox 543 1252 2116 1324">
    <p class='ocr_par' dir='ltr' id='par_1_9' title="bbox 543 1252 2116 1324">
     <span class='ocr_line' id='line_1_9' title="bbox 543 1252 2116 1324; baseline 0.009 -19"><span class='ocrx_word' id='word_1_56' title='bbox 543 1252 807 1320; x_wconf 81' lang='lat' dir='ltr'><strong>quidlibet</strong></span> <span class='ocrx_word' id='word_1_57' title='bbox 833 1262 995 1324; x_wconf 87' lang='lat' dir='ltr'><strong>atque</strong></span> <span class='ocrx_word' id='word_1_58' title='bbox 1025 1253 1256 1310; x_wconf 82' lang='lat' dir='ltr'><strong>factura.</strong></span> <span class='ocrx_word' id='word_1_59' title='bbox 1283 1257 1482 1324; x_wconf 83' lang='lat' dir='ltr'><strong>Quare.</strong></span> <span class='ocrx_word' id='word_1_60' title='bbox 1512 1259 1659 1312; x_wconf 87' lang='lat' dir='ltr'><strong>aliud</strong></span> <span class='ocrx_word' id='word_1_61' title='bbox 1692 1258 1897 1314; x_wconf 93' lang='lat' dir='ltr'><strong>homini</strong></span> <span class='ocrx_word' id='word_1_62' title='bbox 1930 1273 2025 1318; x_wconf 90' lang='lat' dir='ltr'><strong>aut</strong></span> <span class='ocrx_word' id='word_1_63' title='bbox 2051 1265 2116 1320; x_wconf 91' lang='lat' dir='ltr'><strong>de</strong></span> 
     </span>
    </p>
   </div>
   <div class='ocr_carea' id='block_1_10' title="bbox 544 1344 2117 1421">
    <p class='ocr_par' dir='ltr' id='par_1_10' title="bbox 544 1344 2117 1421">
     <span class='ocr_line' id='line_1_10' title="bbox 544 1344 2117 1421; baseline 0.01 -24"><span class='ocrx_word' id='word_1_64' title='bbox 544 1360 604 1398; x_wconf 79' lang='lat' dir='ltr'><strong>se</strong></span> <span class='ocrx_word' id='word_1_65' title='bbox 648 1344 794 1420; x_wconf 79' lang='lat' dir='ltr'><strong>ipso,</strong></span> <span class='ocrx_word' id='word_1_66' title='bbox 821 1354 915 1400; x_wconf 88' lang='lat' dir='ltr'><strong>aut</strong></span> <span class='ocrx_word' id='word_1_67' title='bbox 950 1347 1015 1401; x_wconf 90' lang='lat' dir='ltr'><strong>de</strong></span> <span class='ocrx_word' id='word_1_68' title='bbox 1045 1349 1256 1403; x_wconf 64' lang='lat' dir='ltr'><strong>cmteris</strong></span> <span class='ocrx_word' id='word_1_69' title='bbox 1285 1351 1540 1406; x_wconf 91' lang='lat' dir='ltr'><strong>omnibus</strong></span> <span class='ocrx_word' id='word_1_70' title='bbox 1575 1354 1962 1421; x_wconf 84' lang='lat' dir='ltr'><strong>pervidendum</strong></span> <span class='ocrx_word' id='word_1_71' title='bbox 1998 1374 2117 1413; x_wconf 90' lang='lat' dir='ltr'><strong>esse</strong></span> 
     </span>
    </p>
   </div>
   <div class='ocr_carea' id='block_1_11' title="bbox 545 1437 2118 1519">
    <p class='ocr_par' dir='ltr' id='par_1_11' title="bbox 545 1437 2118 1519">
     <span class='ocr_line' id='line_1_11' title="bbox 545 1437 2118 1519; baseline 0.009 -29"><span class='ocrx_word' id='word_1_72' title='bbox 545 1437 705 1500; x_wconf 83' lang='lat' dir='ltr'><strong>nihil,</strong></span> <span class='ocrx_word' id='word_1_73' title='bbox 743 1454 906 1508; x_wconf 88' lang='lat' dir='ltr'><strong>quam</strong></span> <span class='ocrx_word' id='word_1_74' title='bbox 945 1440 1075 1508; x_wconf 91' lang='lat' dir='ltr'><strong>quid</strong></span> <span class='ocrx_word' id='word_1_75' title='bbox 1109 1443 1624 1510; x_wconf 70' lang='lat' dir='ltr'><strong>przestantissimum</strong></span> <span class='ocrx_word' id='word_1_76' title='bbox 1661 1446 1730 1499; x_wconf 90' lang='lat' dir='ltr'><strong>sit</strong></span> <span class='ocrx_word' id='word_1_77' title='bbox 1779 1457 1943 1518; x_wconf 87' lang='lat' dir='ltr'><strong>atque</strong></span> <span class='ocrx_word' id='word_1_78' title='bbox 1974 1451 2118 1519; x_wconf 76' lang='lat' dir='ltr'><strong>epti-</strong></span> 
     </span>
    </p>
   </div>
   <div class='ocr_carea' id='block_1_12' title="bbox 544 1529 2118 1606">
    <p class='ocr_par' dir='ltr' id='par_1_12' title="bbox 544 1529 2118 1606">
     <span class='ocr_line' id='line_1_12' title="bbox 544 1529 2118 1606; baseline 0.006 -22"><span class='ocrx_word' id='word_1_79' title='bbox 544 1543 692 1584; x_wconf 86' lang='lat' dir='ltr'><strong>tnum</strong></span> <span class='ocrx_word' id='word_1_80' title='bbox 729 1546 741 1581; x_wconf 89' lang='lat'><strong>:</strong></span> <span class='ocrx_word' id='word_1_81' title='bbox 772 1529 935 1582; x_wconf 90' lang='lat' dir='ltr'><strong>simul</strong></span> <span class='ocrx_word' id='word_1_82' title='bbox 967 1540 1145 1584; x_wconf 90' lang='lat' dir='ltr'><strong>tamen</strong></span> <span class='ocrx_word' id='word_1_83' title='bbox 1179 1530 1250 1596; x_wconf 92' lang='lat' dir='ltr'><strong>ei,</strong></span> <span class='ocrx_word' id='word_1_84' title='bbox 1296 1533 1437 1601; x_wconf 89' lang='lat' dir='ltr'><strong>quod</strong></span> <span class='ocrx_word' id='word_1_85' title='bbox 1493 1533 1846 1589; x_wconf 88' lang='lat' dir='ltr'><strong>deterrimum</strong></span> <span class='ocrx_word' id='word_1_86' title='bbox 1901 1553 2118 1606; x_wconf 84' lang='lat' dir='ltr'><strong>quoque</strong></span> 
     </span>
    </p>
   </div>
   <div class='ocr_carea' id='block_1_13' title="bbox 543 1621 2116 1696">
    <p class='ocr_par' dir='ltr' id='par_1_13' title="bbox 543 1621 2116 1696">
     <span class='ocr_line' id='line_1_13' title="bbox 543 1621 2116 1696; baseline 0.008 -23"><span class='ocrx_word' id='word_1_87' title='bbox 543 1621 633 1688; x_wconf 88' lang='lat' dir='ltr'><strong>sit,</strong></span> <span class='ocrx_word' id='word_1_88' title='bbox 682 1622 995 1682; x_wconf 88' lang='lat' dir='ltr'><strong>necessario</strong></span> <span class='ocrx_word' id='word_1_89' title='bbox 1047 1625 1485 1692; x_wconf 73' lang='lat' dir='ltr'><strong>cognoscendum</strong></span> <span class='ocrx_word' id='word_1_90' title='bbox 1539 1641 1681 1690; x_wconf 90' lang='lat' dir='ltr'><strong>esse,</strong></span> <span class='ocrx_word' id='word_1_91' title='bbox 1736 1629 1881 1696; x_wconf 87' lang='lat' dir='ltr'><strong>quod</strong></span> <span class='ocrx_word' id='word_1_92' title='bbox 1928 1630 2116 1686; x_wconf 91' lang='lat' dir='ltr'><strong>eadem</strong></span> 
     </span>
    </p>
   </div>
   <div class='ocr_carea' id='block_1_14' title="bbox 544 1713 2116 1789">
    <p class='ocr_par' dir='ltr' id='par_1_14' title="bbox 544 1713 2116 1789">
     <span class='ocr_line' id='line_1_14' title="bbox 544 1713 2116 1789; baseline 0.006 -24"><span class='ocrx_word' id='word_1_93' title='bbox 544 1713 768 1768; x_wconf 81' lang='lat' dir='ltr'><strong>scientia</strong></span> <span class='ocrx_word' id='word_1_94' title='bbox 814 1713 865 1765; x_wconf 92' lang='lat' dir='ltr'><strong>in</strong></span> <span class='ocrx_word' id='word_1_95' title='bbox 914 1723 1143 1783; x_wconf 91' lang='lat' dir='ltr'><strong>utroque</strong></span> <span class='ocrx_word' id='word_1_96' title='bbox 1185 1725 1448 1768; x_wconf 85' lang='lat' dir='ltr'><strong>versetur.</strong></span> <span class='ocrx_word' id='word_1_97' title='bbox 1493 1714 1616 1770; x_wconf 72' lang='lat' dir='ltr'><strong>llaec</strong></span> <span class='ocrx_word' id='word_1_98' title='bbox 1647 1733 1857 1772; x_wconf 90' lang='lat' dir='ltr'><strong>mecum</strong></span> <span class='ocrx_word' id='word_1_99' title='bbox 1891 1720 2004 1789; x_wconf 85' lang='lat' dir='ltr'><strong>ipse</strong></span> <span class='ocrx_word' id='word_1_100' title='bbox 2030 1736 2116 1775; x_wconf 85' lang='lat' dir='ltr'><strong>re-</strong></span> 
     </span>
    </p>
   </div>
   <div class='ocr_carea' id='block_1_15' title="bbox 545 1806 2109 1880">
    <p class='ocr_par' dir='ltr' id='par_1_15' title="bbox 545 1806 2109 1880">
     <span class='ocr_line' id='line_1_15' title="bbox 545 1806 2109 1880; baseline 0.004 -22"><span class='ocrx_word' id='word_1_101' title='bbox 545 1813 764 1874; x_wconf 79' lang='lat' dir='ltr'><strong>putans,</strong></span> <span class='ocrx_word' id='word_1_102' title='bbox 799 1821 922 1860; x_wconf 87' lang='lat' dir='ltr'><strong>cum</strong></span> <span class='ocrx_word' id='word_1_103' title='bbox 957 1821 1042 1858; x_wconf 90' lang='lat' dir='ltr'><strong>me</strong></span> <span class='ocrx_word' id='word_1_104' title='bbox 1075 1806 1366 1875; x_wconf 85' lang='lat' dir='ltr'><strong>aliquando</strong></span> <span class='ocrx_word' id='word_1_105' title='bbox 1401 1818 1810 1878; x_wconf 74' lang='lat' dir='ltr'><strong>przeceptorem,</strong></span> <span class='ocrx_word' id='word_1_106' title='bbox 1853 1812 1946 1880; x_wconf 90' lang='lat' dir='ltr'><strong>qui</strong></span> <span class='ocrx_word' id='word_1_107' title='bbox 1980 1812 2109 1865; x_wconf 88' lang='lat' dir='ltr'><strong>mihi</strong></span> 
     </span>
    </p>
   </div>
   <div class='ocr_carea' id='block_1_16' title="bbox 1181 394 3131 458">
    <p class='ocr_par' dir='ltr' id='par_1_16' title="bbox 1181 394 3131 458">
     <span class='ocr_line' id='line_1_16' title="bbox 1181 394 3131 458; baseline 0.004 -10"><span class='ocrx_word' id='word_1_108' title='bbox 1181 394 1452 451; x_wconf 81' lang='lat' dir='ltr'><strong>EUSEBII</strong></span> <span class='ocrx_word' id='word_1_109' title='bbox 1493 396 1976 454; x_wconf 68' lang='lat' dir='ltr'><strong>CASSARIENSIS</strong></span> <span class='ocrx_word' id='word_1_110' title='bbox 2007 399 2158 456; x_wconf 78' lang='lat' dir='ltr'><strong>OPP.</strong></span> <span class='ocrx_word' id='word_1_111' title='bbox 2200 400 2382 455; x_wconf 79' lang='lat' dir='ltr'><strong>PARS</strong></span> <span class='ocrx_word' id='word_1_112' title='bbox 2415 401 2477 455; x_wconf 90' lang='lat' dir='ltr'><strong>ll.</strong></span> <span class='ocrx_word' id='word_1_113' title='bbox 2517 432 2588 442; x_wconf 91' lang='lat'><strong><em>—</em></strong></span> <span class='ocrx_word' id='word_1_114' title='bbox 2630 400 3131 458; x_wconf 81' lang='lat' dir='ltr'><strong>APOLOGETICA.</strong></span> 
     </span>
    </p>
   </div>
   <div class='ocr_carea' id='block_1_17' title="bbox 543 511 2187 588">
    <p class='ocr_par' dir='ltr' id='par_1_17' title="bbox 543 511 2187 588">
     <span class='ocr_line' id='line_1_17' title="bbox 543 511 2187 588; baseline 0.004 -22"><span class='ocrx_word' id='word_1_115' title='bbox 543 527 631 572; x_wconf 81' lang='lat' dir='ltr'><strong>eo.</strong></span> <span class='ocrx_word' id='word_1_116' title='bbox 665 511 818 582; x_wconf 78' lang='lat'><strong>751</strong></span> <span class='ocrx_word' id='word_1_117' title='bbox 853 513 895 568; x_wconf 91' lang='lat' dir='ltr'><strong>si</strong></span> <span class='ocrx_word' id='word_1_118' title='bbox 926 529 1109 569; x_wconf 88' lang='lat' dir='ltr'><strong>verum</strong></span> <span class='ocrx_word' id='word_1_119' title='bbox 1145 515 1305 570; x_wconf 91' lang='lat' dir='ltr'><strong>modo</strong></span> <span class='ocrx_word' id='word_1_120' title='bbox 1352 524 1516 581; x_wconf 84' lang='lat' dir='ltr'><strong>esset,</strong></span> <span class='ocrx_word' id='word_1_121' title='bbox 1557 516 1800 572; x_wconf 76' lang='lat' dir='ltr'><strong>futurum</strong></span> <span class='ocrx_word' id='word_1_122' title='bbox 1844 529 2110 588; x_wconf 87' lang='lat' dir='ltr'><strong>putarem,</strong></span> <span class='ocrx_word' id='word_1_123' title='bbox 2142 524 2187 580; x_wconf 80' lang='grc' dir='ltr'><strong>Α</strong></span> 
     </span>
    </p>
   </div>
   <div class='ocr_carea' id='block_1_18' title="bbox 3629 413 3740 471">
    <p class='ocr_par' dir='ltr' id='par_1_18' title="bbox 3629 413 3740 471">
     <span class='ocr_line' id='line_1_18' title="bbox 3629 413 3740 471; baseline 0.054 -6"><span class='ocrx_word' id='word_1_124' title='bbox 3629 413 3740 471; x_wconf 69' lang='lat'><strong>1256</strong></span> 
     </span>
    </p>
   </div>
   <div class='ocr_carea' id='block_1_19' title="bbox 2216 517 3744 594">
    <p class='ocr_par' dir='ltr' id='par_1_19' title="bbox 2216 517 3744 594">
     <span class='ocr_line' id='line_1_19' title="bbox 2216 517 3744 594; baseline 0.005 -23"><span class='ocrx_word' id='word_1_125' title='bbox 2216 519 2528 589; x_wconf 73' lang='grc' dir='ltr'><strong>ἡγησάμην,</strong></span> <span class='ocrx_word' id='word_1_126' title='bbox 2549 521 2596 572; x_wconf 86' lang='grc' dir='ltr'><strong>εἰ</strong></span> <span class='ocrx_word' id='word_1_127' title='bbox 2619 517 2774 571; x_wconf 88' lang='grc' dir='ltr'>τοῦτο</span> <span class='ocrx_word' id='word_1_128' title='bbox 2795 517 2966 581; x_wconf 84' lang='grc' dir='ltr'>οῦτως</span> <span class='ocrx_word' id='word_1_129' title='bbox 2999 518 3132 588; x_wconf 79' lang='grc' dir='ltr'>ἔχει,</span> <span class='ocrx_word' id='word_1_130' title='bbox 3150 517 3236 572; x_wconf 85' lang='grc' dir='ltr'><strong>τόν</strong></span> <span class='ocrx_word' id='word_1_131' title='bbox 3254 537 3317 588; x_wconf 89' lang='grc' dir='ltr'><strong>γε</strong></span> <span class='ocrx_word' id='word_1_132' title='bbox 3335 519 3451 573; x_wconf 88' lang='grc' dir='ltr'>νοῦν</span> <span class='ocrx_word' id='word_1_133' title='bbox 3479 525 3744 594; x_wconf 72' lang='grc' dir='ltr'><strong>κοσμοῦντα</strong></span> 
     </span>
    </p>
   </div>
   <div class='ocr_carea' id='block_1_20' title="bbox 2218 611 3744 689">
    <p class='ocr_par' dir='ltr' id='par_1_20' title="bbox 2218 611 3744 689">
     <span class='ocr_line' id='line_1_20' title="bbox 2218 611 3744 689; baseline 0.003 -25"><span class='ocrx_word' id='word_1_134' title='bbox 2218 612 2393 664; x_wconf 85' lang='grc' dir='ltr'>πάντα</span> <span class='ocrx_word' id='word_1_135' title='bbox 2425 613 2668 680; x_wconf 78' lang='grc' dir='ltr'>κοσμεῖν,</span> <span class='ocrx_word' id='word_1_136' title='bbox 2730 612 2823 664; x_wconf 74' lang='grc' dir='ltr'><strong>καὶ</strong></span> <span class='ocrx_word' id='word_1_137' title='bbox 2883 611 3113 664; x_wconf 83' lang='grc' dir='ltr'>ἑκαστον</span> <span class='ocrx_word' id='word_1_138' title='bbox 3167 611 3369 666; x_wconf 80' lang='grc' dir='ltr'>τιθέναι</span> <span class='ocrx_word' id='word_1_139' title='bbox 3419 613 3522 683; x_wconf 75' lang='grc'><strong>(79)</strong></span> <span class='ocrx_word' id='word_1_140' title='bbox 3560 617 3652 689; x_wconf 72' lang='grc' dir='ltr'>ὅπη</span> <span class='ocrx_word' id='word_1_141' title='bbox 3693 622 3744 676; x_wconf 75' lang='grc' dir='ltr'>ἂν</span> 
     </span>
    </p>
   </div>
   <div class='ocr_carea' id='block_1_21' title="bbox 2218 697 3745 777">
    <p class='ocr_par' dir='ltr' id='par_1_21' title="bbox 2218 697 3745 777">
     <span class='ocr_line' id='line_1_21' title="bbox 2218 697 3745 777; baseline 0.005 -23"><span class='ocrx_word' id='word_1_142' title='bbox 2218 702 2468 771; x_wconf 85' lang='grc' dir='ltr'>βέλτιστα</span> <span class='ocrx_word' id='word_1_143' title='bbox 2495 702 2610 772; x_wconf 78' lang='grc' dir='ltr'><strong>ἔχῃ.</strong></span> <span class='ocrx_word' id='word_1_144' title='bbox 2648 703 2709 755; x_wconf 90' lang='grc' dir='ltr'>Εἰ</span> <span class='ocrx_word' id='word_1_145' title='bbox 2743 697 2834 754; x_wconf 76' lang='grc' dir='ltr'>οὖν</span> <span class='ocrx_word' id='word_1_146' title='bbox 2862 719 2946 764; x_wconf 87' lang='grc' dir='ltr'><strong>τις</strong></span> <span class='ocrx_word' id='word_1_147' title='bbox 2989 700 3225 771; x_wconf 81' lang='grc' dir='ltr'>βούλοιτο</span> <span class='ocrx_word' id='word_1_148' title='bbox 3268 702 3364 772; x_wconf 78' lang='grc' dir='ltr'><strong>τὴν</strong></span> <span class='ocrx_word' id='word_1_149' title='bbox 3405 705 3571 757; x_wconf 85' lang='grc' dir='ltr'>αἰτίαν</span> <span class='ocrx_word' id='word_1_150' title='bbox 3601 707 3745 777; x_wconf 73' lang='grc' dir='ltr'>εὑρεῖν</span> 
     </span>
    </p>
   </div>
   <div class='ocr_carea' id='block_1_22' title="bbox 2217 793 3745 866">
    <p class='ocr_par' dir='ltr' id='par_1_22' title="bbox 2217 793 3745 866">
     <span class='ocr_line' id='line_1_22' title="bbox 2217 793 3745 866; baseline 0.003 -19"><span class='ocrx_word' id='word_1_151' title='bbox 2217 795 2343 866; x_wconf 71' lang='grc' dir='ltr'>περὶ</span> <span class='ocrx_word' id='word_1_152' title='bbox 2399 793 2649 857; x_wconf 75' lang='grc' dir='ltr'><strong>ἑκάστου,</strong></span> <span class='ocrx_word' id='word_1_153' title='bbox 2700 795 2805 865; x_wconf 81' lang='grc' dir='ltr'>ὅπη</span> <span class='ocrx_word' id='word_1_154' title='bbox 2839 793 2871 864; x_wconf 82' lang='grc' dir='ltr'><strong>ἢ</strong></span> <span class='ocrx_word' id='word_1_155' title='bbox 2916 794 3144 862; x_wconf 87' lang='grc' dir='ltr'>γίνεται,</span> <span class='ocrx_word' id='word_1_156' title='bbox 3177 793 3208 864; x_wconf 80' lang='grc' dir='ltr'>ἢ</span> <span class='ocrx_word' id='word_1_157' title='bbox 3241 793 3550 852; x_wconf 79' lang='grc' dir='ltr'>ἀπόλλυται.</span> <span class='ocrx_word' id='word_1_158' title='bbox 3577 798 3607 866; x_wconf 75' lang='grc' dir='ltr'><strong>ἡ</strong></span> <span class='ocrx_word' id='word_1_159' title='bbox 3636 801 3745 864; x_wconf 78' lang='grc' dir='ltr'>ἐστι,</span> 
     </span>
    </p>
   </div>
   <div class='ocr_carea' id='block_1_23' title="bbox 2215 884 3748 956">
    <p class='ocr_par' dir='ltr' id='par_1_23' title="bbox 2215 884 3748 956">
     <span class='ocr_line' id='line_1_23' title="bbox 2215 884 3748 956; baseline 0.004 -19"><span class='ocrx_word' id='word_1_160' title='bbox 2215 885 2370 944; x_wconf 85' lang='grc' dir='ltr'>τοῦτο</span> <span class='ocrx_word' id='word_1_161' title='bbox 2397 885 2505 938; x_wconf 83' lang='grc' dir='ltr'>δεῖν</span> <span class='ocrx_word' id='word_1_162' title='bbox 2563 886 2688 954; x_wconf 66' lang='grc' dir='ltr'><strong>περλ⁵</strong></span> <span class='ocrx_word' id='word_1_163' title='bbox 2747 884 2912 938; x_wconf 80' lang='grc' dir='ltr'>αὐτοῦ</span> <span class='ocrx_word' id='word_1_164' title='bbox 2949 885 3149 956; x_wconf 81' lang='grc' dir='ltr'>εὑρεῖν,</span> <span class='ocrx_word' id='word_1_165' title='bbox 3182 885 3285 956; x_wconf 85' lang='grc' dir='ltr'>ὅπη</span> <span class='ocrx_word' id='word_1_166' title='bbox 3342 884 3605 953; x_wconf 86' lang='grc' dir='ltr'>βέλτιστόν</span> <span class='ocrx_word' id='word_1_167' title='bbox 3631 889 3748 945; x_wconf 83' lang='grc' dir='ltr'>ἑστιν</span> 
     </span>
    </p>
   </div>
   <div class='ocr_carea' id='block_1_24' title="bbox 2215 975 3748 1051">
    <p class='ocr_par' dir='ltr' id='par_1_24' title="bbox 2215 975 3748 1051">
     <span class='ocr_line' id='line_1_24' title="bbox 2215 975 3748 1051; baseline -0.001 -18"><span class='ocrx_word' id='word_1_168' title='bbox 2215 981 2378 1034; x_wconf 77' lang='grc' dir='ltr'>αὐτὸν</span> <span class='ocrx_word' id='word_1_169' title='bbox 2404 980 2437 1051; x_wconf 78' lang='grc' dir='ltr'>ἢ</span> <span class='ocrx_word' id='word_1_170' title='bbox 2468 975 2627 1045; x_wconf 82' lang='grc' dir='ltr'>εἶναι,</span> <span class='ocrx_word' id='word_1_171' title='bbox 2651 981 2684 1049; x_wconf 83' lang='grc' dir='ltr'>ἢ</span> <span class='ocrx_word' id='word_1_172' title='bbox 2717 979 2844 1039; x_wconf 69' lang='grc' dir='ltr'>ἄλλο</span> <span class='ocrx_word' id='word_1_173' title='bbox 2877 979 3052 1034; x_wconf 82' lang='grc' dir='ltr'><strong>ὁτιοῦν</strong></span> <span class='ocrx_word' id='word_1_174' title='bbox 3080 980 3329 1050; x_wconf 81' lang='grc' dir='ltr'><strong>πάσχειν,</strong></span> <span class='ocrx_word' id='word_1_175' title='bbox 3381 980 3414 1050; x_wconf 87' lang='grc' dir='ltr'><strong>ἦ</strong></span> <span class='ocrx_word' id='word_1_176' title='bbox 3461 984 3636 1036; x_wconf 88' lang='grc' dir='ltr'>ποιεῖν.</span> <span class='ocrx_word' id='word_1_177' title='bbox 3672 985 3748 1038; x_wconf 78' lang='grc' dir='ltr'>Ἐκ</span> 
     </span>
    </p>
   </div>
   <div class='ocr_carea' id='block_1_25' title="bbox 2213 1071 3750 1145">
    <p class='ocr_par' dir='ltr' id='par_1_25' title="bbox 2213 1071 3750 1145">
     <span class='ocr_line' id='line_1_25' title="bbox 2213 1071 3750 1145; baseline 0.001 -19"><span class='ocrx_word' id='word_1_178' title='bbox 2213 1073 2278 1143; x_wconf 86' lang='grc' dir='ltr'>δὴ</span> <span class='ocrx_word' id='word_1_179' title='bbox 2308 1072 2398 1125; x_wconf 92' lang='grc' dir='ltr'><strong>τοῦ</strong></span> <span class='ocrx_word' id='word_1_180' title='bbox 2427 1072 2584 1140; x_wconf 84' lang='grc' dir='ltr'>λόγου</span> <span class='ocrx_word' id='word_1_181' title='bbox 2612 1071 2803 1124; x_wconf 83' lang='grc' dir='ltr'>τούτου</span> <span class='ocrx_word' id='word_1_182' title='bbox 2847 1073 2998 1128; x_wconf 76' lang='grc' dir='ltr'>οὐδὲν</span> <span class='ocrx_word' id='word_1_183' title='bbox 3049 1072 3178 1126; x_wconf 78' lang='grc' dir='ltr'>ἄλλο</span> <span class='ocrx_word' id='word_1_184' title='bbox 3231 1074 3452 1125; x_wconf 83' lang='grc' dir='ltr'>σκοπεῖν</span> <span class='ocrx_word' id='word_1_185' title='bbox 3501 1077 3750 1145; x_wconf 77' lang='grc' dir='ltr'>προσήκειν</span> 
     </span>
    </p>
   </div>
   <div class='ocr_carea' id='block_1_26' title="bbox 2215 1162 3751 1234">
    <p class='ocr_par' dir='ltr' id='par_1_26' title="bbox 2215 1162 3751 1234">
     <span class='ocr_line' id='line_1_26' title="bbox 2215 1162 3751 1234; baseline 0.002 -17"><span class='ocrx_word' id='word_1_186' title='bbox 2215 1162 2486 1234; x_wconf 80' lang='grc' dir='ltr'><strong>ἀνθρώπῳ</strong></span> <span class='ocrx_word' id='word_1_187' title='bbox 2510 1164 2602 1216; x_wconf 76' lang='grc' dir='ltr'><strong>καὶ</strong></span> <span class='ocrx_word' id='word_1_188' title='bbox 2638 1181 2702 1215; x_wconf 88' lang='grc' dir='ltr'><strong>πε</strong></span> <span class='ocrx_word' id='word_1_189' title='bbox 2711 1164 2762 1232; x_wconf 69' lang='lat' dir='ltr'><strong>pi.</strong></span> <span class='ocrx_word' id='word_1_190' title='bbox 2803 1163 2986 1227; x_wconf 78' lang='grc' dir='ltr'>αὑτοῦ,</span> <span class='ocrx_word' id='word_1_191' title='bbox 3011 1165 3104 1218; x_wconf 70' lang='grc' dir='ltr'><strong>καὶ</strong></span> <span class='ocrx_word' id='word_1_192' title='bbox 3136 1181 3201 1216; x_wconf 81' lang='grc' dir='ltr'><strong>πε</strong></span> <span class='ocrx_word' id='word_1_193' title='bbox 3211 1164 3264 1234; x_wconf 73' lang='lat' dir='ltr'><strong>pl.</strong></span> <span class='ocrx_word' id='word_1_194' title='bbox 3310 1162 3418 1218; x_wconf 81' lang='grc' dir='ltr'><strong>τῶν</strong></span> <span class='ocrx_word' id='word_1_195' title='bbox 3451 1163 3631 1228; x_wconf 75' lang='grc' dir='ltr'>ἄλλων,</span> <span class='ocrx_word' id='word_1_196' title='bbox 3662 1167 3751 1220; x_wconf 81' lang='grc' dir='ltr'>ἀλλ’</span> 
     </span>
    </p>
   </div>
   <div class='ocr_carea' id='block_1_27' title="bbox 2215 1254 3755 1327">
    <p class='ocr_par' dir='ltr' id='par_1_27' title="bbox 2215 1254 3755 1327">
     <span class='ocr_line' id='line_1_27' title="bbox 2215 1254 3755 1327; baseline 0.005 -20"><span class='ocrx_word' id='word_1_197' title='bbox 2215 1255 2248 1326; x_wconf 78' lang='grc' dir='ltr'><strong>ἢ</strong></span> <span class='ocrx_word' id='word_1_198' title='bbox 2278 1255 2336 1308; x_wconf 86' lang='grc' dir='ltr'><strong>τὸ</strong></span> <span class='ocrx_word' id='word_1_199' title='bbox 2361 1255 2581 1326; x_wconf 79' lang='grc' dir='ltr'>ἄριστον</span> <span class='ocrx_word' id='word_1_200' title='bbox 2609 1255 2702 1307; x_wconf 78' lang='grc' dir='ltr'><strong>καὶ</strong></span> <span class='ocrx_word' id='word_1_201' title='bbox 2736 1256 2794 1308; x_wconf 84' lang='grc' dir='ltr'><strong>τὸ</strong></span> <span class='ocrx_word' id='word_1_202' title='bbox 2828 1255 3122 1326; x_wconf 83' lang='grc' dir='ltr'>βέλτιστον.</span> <span class='ocrx_word' id='word_1_203' title='bbox 3176 1256 3497 1324; x_wconf 80' lang='grc' dir='ltr'>Ἀναγκαῖον</span> <span class='ocrx_word' id='word_1_204' title='bbox 3545 1256 3604 1327; x_wconf 78' lang='grc' dir='ltr'>δὴ</span> <span class='ocrx_word' id='word_1_205' title='bbox 3643 1254 3755 1315; x_wconf 76' lang='grc' dir='ltr'>εἶναι</span> 
     </span>
    </p>
   </div>
   <div class='ocr_carea' id='block_1_28' title="bbox 2215 1347 3754 1422">
    <p class='ocr_par' dir='ltr' id='par_1_28' title="bbox 2215 1347 3754 1422">
     <span class='ocr_line' id='line_1_28' title="bbox 2215 1347 3754 1422; baseline 0.004 -23"><span class='ocrx_word' id='word_1_206' title='bbox 2215 1347 2303 1399; x_wconf 80' lang='grc' dir='ltr'><strong>τὸν</strong></span> <span class='ocrx_word' id='word_1_207' title='bbox 2337 1347 2498 1400; x_wconf 78' lang='grc' dir='ltr'>αὐτὸν</span> <span class='ocrx_word' id='word_1_208' title='bbox 2527 1347 2710 1400; x_wconf 84' lang='grc' dir='ltr'>τοῦτον</span> <span class='ocrx_word' id='word_1_209' title='bbox 2739 1348 2830 1399; x_wconf 72' lang='grc' dir='ltr'><strong>καὶ</strong></span> <span class='ocrx_word' id='word_1_210' title='bbox 2879 1348 2940 1400; x_wconf 83' lang='grc' dir='ltr'>τὸ</span> <span class='ocrx_word' id='word_1_211' title='bbox 2994 1351 3171 1418; x_wconf 85' lang='grc' dir='ltr'>χεῖρον</span> <span class='ocrx_word' id='word_1_212' title='bbox 3225 1348 3439 1400; x_wconf 87' lang='grc' dir='ltr'>εἰδέναι·</span> <span class='ocrx_word' id='word_1_213' title='bbox 3486 1349 3577 1418; x_wconf 82' lang='grc' dir='ltr'>τὴν</span> <span class='ocrx_word' id='word_1_214' title='bbox 3618 1351 3754 1422; x_wconf 70' lang='grc' dir='ltr'>αὐτὴν</span> 
     </span>
    </p>
   </div>
   <div class='ocr_carea' id='block_1_29' title="bbox 2215 1434 3758 1510">
    <p class='ocr_par' dir='ltr' id='par_1_29' title="bbox 2215 1434 3758 1510">
     <span class='ocr_line' id='line_1_29' title="bbox 2215 1434 3758 1510; baseline 0.003 -21"><span class='ocrx_word' id='word_1_215' title='bbox 2215 1437 2322 1508; x_wconf 80' lang='grc' dir='ltr'><strong>γάρ</strong></span> <span class='ocrx_word' id='word_1_216' title='bbox 2347 1434 2484 1490; x_wconf 75' lang='grc' dir='ltr'>εἶναι</span> <span class='ocrx_word' id='word_1_217' title='bbox 2513 1439 2822 1510; x_wconf 76' lang='grc' dir='ltr'>ἐπιστήμην</span> <span class='ocrx_word' id='word_1_218' title='bbox 2849 1439 2976 1510; x_wconf 76' lang='grc' dir='ltr'>περὶ</span> <span class='ocrx_word' id='word_1_219' title='bbox 3007 1439 3205 1492; x_wconf 79' lang='grc' dir='ltr'>αὐτῶν.</span> <span class='ocrx_word' id='word_1_220' title='bbox 3258 1439 3443 1492; x_wconf 88' lang='grc' dir='ltr'>Ταῦτα</span> <span class='ocrx_word' id='word_1_221' title='bbox 3487 1440 3548 1510; x_wconf 79' lang='grc' dir='ltr'><strong>δὴ</strong></span> <span class='ocrx_word' id='word_1_222' title='bbox 3585 1440 3758 1510; x_wconf 74' lang='grc' dir='ltr'>λογιζό-</span> 
     </span>
    </p>
   </div>
   <div class='ocr_carea' id='block_1_30' title="bbox 2221 1529 3758 1603">
    <p class='ocr_par' dir='ltr' id='par_1_30' title="bbox 2221 1529 3758 1603">
     <span class='ocr_line' id='line_1_30' title="bbox 2221 1529 3758 1603; baseline 0.007 -25"><span class='ocrx_word' id='word_1_223' title='bbox 2221 1545 2398 1600; x_wconf 82' lang='grc' dir='ltr'>μενος,</span> <span class='ocrx_word' id='word_1_224' title='bbox 2430 1529 2665 1598; x_wconf 85' lang='grc' dir='ltr'>ἄσμενος</span> <span class='ocrx_word' id='word_1_225' title='bbox 2699 1531 2989 1602; x_wconf 75' lang='grc' dir='ltr'>εὑρηκέναι</span> <span class='ocrx_word' id='word_1_226' title='bbox 3029 1529 3186 1600; x_wconf 72' lang='grc' dir='ltr'>ᾤμην</span> <span class='ocrx_word' id='word_1_227' title='bbox 3224 1530 3536 1583; x_wconf 82' lang='grc' dir='ltr'>διδάσκαλον</span> <span class='ocrx_word' id='word_1_228' title='bbox 3582 1533 3665 1603; x_wconf 78' lang='grc' dir='ltr'>τῆς</span> <span class='ocrx_word' id='word_1_229' title='bbox 3693 1538 3758 1587; x_wconf 51' lang='lat' dir='ltr'><strong>al.</strong></span> 
     </span>
    </p>
   </div>
   <div class='ocr_carea' id='block_1_31' title="bbox 2216 1620 3758 1692">
    <p class='ocr_par' dir='ltr' id='par_1_31' title="bbox 2216 1620 3758 1692">
     <span class='ocr_line' id='line_1_31' title="bbox 2216 1620 3758 1692; baseline 0.004 -20"><span class='ocrx_word' id='word_1_230' title='bbox 2216 1620 2333 1683; x_wconf 88' lang='grc' dir='ltr'>τίας</span> <span class='ocrx_word' id='word_1_231' title='bbox 2360 1620 2485 1692; x_wconf 87' lang='grc' dir='ltr'>πέρι</span> <span class='ocrx_word' id='word_1_232' title='bbox 2507 1620 2614 1673; x_wconf 88' lang='grc' dir='ltr'><strong>τῶν</strong></span> <span class='ocrx_word' id='word_1_233' title='bbox 2647 1620 2813 1674; x_wconf 82' lang='grc' dir='ltr'>όντων</span> <span class='ocrx_word' id='word_1_234' title='bbox 2847 1622 2986 1675; x_wconf 72' lang='grc' dir='ltr'>κατὰ</span> <span class='ocrx_word' id='word_1_235' title='bbox 3015 1621 3138 1674; x_wconf 88' lang='grc' dir='ltr'>νοῦν</span> <span class='ocrx_word' id='word_1_236' title='bbox 3169 1621 3410 1692; x_wconf 79' lang='grc' dir='ltr'>ἐμαυτῷ,</span> <span class='ocrx_word' id='word_1_237' title='bbox 3445 1621 3533 1674; x_wconf 73' lang='grc' dir='ltr'><strong>τὸν</strong></span> <span class='ocrx_word' id='word_1_238' title='bbox 3571 1624 3758 1690; x_wconf 69' lang='grc' dir='ltr'>’Δναξας</span> 
     </span>
    </p>
   </div>
   <div class='ocr_carea' id='block_1_32' title="bbox 2217 1711 3758 1789">
    <p class='ocr_par' dir='ltr' id='par_1_32' title="bbox 2217 1711 3758 1789">
     <span class='ocr_line' id='line_1_32' title="bbox 2217 1711 3758 1789; baseline 0.003 -27"><span class='ocrx_word' id='word_1_239' title='bbox 2217 1711 2404 1784; x_wconf 84' lang='grc' dir='ltr'>γόραν·</span> <span class='ocrx_word' id='word_1_240' title='bbox 2433 1711 2524 1764; x_wconf 89' lang='grc' dir='ltr'><strong>καί</strong></span> <span class='ocrx_word' id='word_1_241' title='bbox 2577 1729 2665 1782; x_wconf 92' lang='grc' dir='ltr'><strong>μοι</strong></span> <span class='ocrx_word' id='word_1_242' title='bbox 2710 1712 2940 1784; x_wconf 79' lang='grc' dir='ltr'>φράσειν</span> <span class='ocrx_word' id='word_1_243' title='bbox 2989 1714 3202 1784; x_wconf 80' lang='grc' dir='ltr'>πρῶτον</span> <span class='ocrx_word' id='word_1_244' title='bbox 3259 1714 3357 1784; x_wconf 83' lang='grc' dir='ltr'><strong>μὲν</strong></span> <span class='ocrx_word' id='word_1_245' title='bbox 3418 1714 3758 1789; x_wconf 73' lang='grc' dir='ltr'>πότερονὴγῆ</span> 
     </span>
    </p>
   </div>
   <div class='ocr_carea' id='block_1_33' title="bbox 2217 1803 3759 1876">
    <p class='ocr_par' dir='ltr' id='par_1_33' title="bbox 2217 1803 3759 1876">
     <span class='ocr_line' id='line_1_33' title="bbox 2217 1803 3759 1876; baseline 0.004 -22"><span class='ocrx_word' id='word_1_246' title='bbox 2217 1803 2444 1856; x_wconf 83' lang='grc' dir='ltr'>πλατεῐά</span> <span class='ocrx_word' id='word_1_247' title='bbox 2489 1804 2656 1865; x_wconf 82' lang='grc' dir='ltr'>ἑστιν,</span> <span class='ocrx_word' id='word_1_248' title='bbox 2717 1804 2750 1874; x_wconf 77' lang='grc' dir='ltr'>ἢ</span> <span class='ocrx_word' id='word_1_249' title='bbox 2808 1805 3132 1875; x_wconf 80' lang='grc' dir='ltr'>στρογγύλη·</span> <span class='ocrx_word' id='word_1_250' title='bbox 3174 1805 3361 1875; x_wconf 76' lang='grc' dir='ltr'>ἐπειδὴ</span> <span class='ocrx_word' id='word_1_251' title='bbox 3414 1806 3470 1858; x_wconf 80' lang='grc' dir='ltr'><strong>δὲ</strong></span> <span class='ocrx_word' id='word_1_252' title='bbox 3518 1807 3759 1876; x_wconf 78' lang='grc' dir='ltr'>φράσειεν,</span> 
     </span>
    </p>
   </div>
   <div class='ocr_carea' id='block_1_34' title="bbox 545 1880 2118 1971">
    <p class='ocr_par' dir='ltr' id='par_1_34' title="bbox 545 1894 2112 1971">
     <span class='ocr_line' id='line_1_34' title="bbox 545 1894 2112 1971; baseline 0.007 -25"><span class='ocrx_word' id='word_1_253' title='bbox 545 1894 702 1971; x_wconf 81' lang='lat' dir='ltr'><strong>plane</strong></span> <span class='ocrx_word' id='word_1_254' title='bbox 734 1895 782 1947; x_wconf 91' lang='lat' dir='ltr'><strong>in</strong></span> <span class='ocrx_word' id='word_1_255' title='bbox 809 1911 972 1950; x_wconf 89' lang='lat' dir='ltr'><strong>causa</strong></span> <span class='ocrx_word' id='word_1_256' title='bbox 1007 1912 1188 1950; x_wconf 90' lang='lat' dir='ltr'><strong>rerum</strong></span> <span class='ocrx_word' id='word_1_257' title='bbox 1218 1899 1544 1969; x_wconf 78' lang='lat' dir='ltr'><strong>assignanda</strong></span> <span class='ocrx_word' id='word_1_258' title='bbox 1570 1901 1927 1966; x_wconf 83' lang='lat' dir='ltr'><strong>satisfaceret,</strong></span> <span class='ocrx_word' id='word_1_259' title='bbox 1964 1903 2112 1957; x_wconf 90' lang='lat' dir='ltr'><strong>Ana-</strong></span> 
     </span>
    </p>
   </div>
   <div class='ocr_carea' id='block_1_35' title="bbox 2220 1880 3763 1971">
    <p class='ocr_par' dir='ltr' id='par_1_35' title="bbox 2220 1896 3763 1971">
     <span class='ocr_line' id='line_1_35' title="bbox 2220 1896 3763 1971; baseline 0.001 -21"><span class='ocrx_word' id='word_1_260' title='bbox 2220 1896 2704 1968; x_wconf 77' lang='grc' dir='ltr'>ἑπικδιηγὴσεσθαι</span> <span class='ocrx_word' id='word_1_261' title='bbox 2734 1897 2832 1968; x_wconf 79' lang='grc' dir='ltr'><strong>τὴν</strong></span> <span class='ocrx_word' id='word_1_262' title='bbox 2889 1897 3066 1952; x_wconf 90' lang='grc' dir='ltr'>αἰτίαν</span> <span class='ocrx_word' id='word_1_263' title='bbox 3124 1899 3219 1951; x_wconf 67' lang='grc' dir='ltr'>καὶ</span> <span class='ocrx_word' id='word_1_264' title='bbox 3259 1900 3359 1970; x_wconf 82' lang='grc' dir='ltr'><strong>τὴν</strong></span> <span class='ocrx_word' id='word_1_265' title='bbox 3411 1900 3660 1971; x_wconf 83' lang='grc' dir='ltr'>ἀνάγκην,</span> <span class='ocrx_word' id='word_1_266' title='bbox 3694 1901 3763 1955; x_wconf 79' lang='grc' dir='ltr'><strong>λέο</strong></span> 
     </span>
    </p>
   </div>
   <div class='ocr_carea' id='block_1_36' title="bbox 545 1992 2108 2066">
    <p class='ocr_par' dir='ltr' id='par_1_36' title="bbox 545 1992 2108 2066">
     <span class='ocr_line' id='line_1_36' title="bbox 545 1992 2108 2066; baseline 0.008 -28"><span class='ocrx_word' id='word_1_267' title='bbox 545 2002 800 2058; x_wconf 79' lang='lat' dir='ltr'><strong>xagoram</strong></span> <span class='ocrx_word' id='word_1_268' title='bbox 840 1998 1057 2043; x_wconf 90' lang='lat' dir='ltr'><strong>nactum</strong></span> <span class='ocrx_word' id='word_1_269' title='bbox 1092 2006 1231 2052; x_wconf 87' lang='lat' dir='ltr'><strong>esse,</strong></span> <span class='ocrx_word' id='word_1_270' title='bbox 1260 1992 1658 2060; x_wconf 67' lang='lat' dir='ltr'><strong>iucundissime</strong></span> <span class='ocrx_word' id='word_1_271' title='bbox 1683 1996 2010 2066; x_wconf 77' lang='lat' dir='ltr'><strong>cogitabam.</strong></span> <span class='ocrx_word' id='word_1_272' title='bbox 2034 1996 2108 2051; x_wconf 81' lang='lat' dir='ltr'><strong>Ex</strong></span> 
     </span>
    </p>
   </div>
   <div class='ocr_carea' id='block_1_37' title="bbox 546 2079 2113 2153">
    <p class='ocr_par' dir='ltr' id='par_1_37' title="bbox 546 2079 2113 2153">
     <span class='ocr_line' id='line_1_37' title="bbox 546 2079 2113 2153; baseline 0.006 -21"><span class='ocrx_word' id='word_1_273' title='bbox 546 2093 612 2132; x_wconf 84' lang='lat' dir='ltr'><strong>eo</strong></span> <span class='ocrx_word' id='word_1_274' title='bbox 640 2079 839 2149; x_wconf 86' lang='lat' dir='ltr'><strong>quippe</strong></span> <span class='ocrx_word' id='word_1_275' title='bbox 882 2079 1277 2136; x_wconf 86' lang='lat' dir='ltr'><strong>intellecturum</strong></span> <span class='ocrx_word' id='word_1_276' title='bbox 1319 2099 1404 2138; x_wconf 92' lang='lat' dir='ltr'><strong>me</strong></span> <span class='ocrx_word' id='word_1_277' title='bbox 1453 2086 1688 2153; x_wconf 91' lang='lat' dir='ltr'><strong>primum</strong></span> <span class='ocrx_word' id='word_1_278' title='bbox 1743 2102 1882 2151; x_wconf 90' lang='lat' dir='ltr'><strong>esse,</strong></span> <span class='ocrx_word' id='word_1_279' title='bbox 1932 2097 2113 2142; x_wconf 89' lang='lat' dir='ltr'><strong>utrum</strong></span> 
     </span>
    </p>
   </div>
   <div class='ocr_carea' id='block_1_38' title="bbox 447 2171 2112 2248">
    <p class='ocr_par' dir='ltr' id='par_1_38' title="bbox 447 2171 2112 2248">
     <span class='ocr_line' id='line_1_38' title="bbox 447 2171 2112 2248; baseline 0.008 -26"><span class='ocrx_word' id='word_1_280' title='bbox 447 2193 456 2200; x_wconf 96' lang='lat'><strong><em>-</em></strong></span> <span class='ocrx_word' id='word_1_281' title='bbox 547 2171 705 2243; x_wconf 80' lang='lat' dir='ltr'><strong>plana</strong></span> <span class='ocrx_word' id='word_1_282' title='bbox 734 2173 803 2225; x_wconf 89' lang='lat' dir='ltr'><strong>sit</strong></span> <span class='ocrx_word' id='word_1_283' title='bbox 839 2188 906 2226; x_wconf 92' lang='lat' dir='ltr'><strong>an</strong></span> <span class='ocrx_word' id='word_1_284' title='bbox 935 2174 1165 2229; x_wconf 77' lang='lat' dir='ltr'><strong>rotunda</strong></span> <span class='ocrx_word' id='word_1_285' title='bbox 1193 2183 1337 2232; x_wconf 87' lang='lat' dir='ltr'><strong>terra</strong></span> <span class='ocrx_word' id='word_1_286' title='bbox 1364 2192 1378 2240; x_wconf 94' lang='lat'>;</span> <span class='ocrx_word' id='word_1_287' title='bbox 1413 2186 1525 2230; x_wconf 85' lang='lat' dir='ltr'><strong>tu’m</strong></span> <span class='ocrx_word' id='word_1_288' title='bbox 1556 2179 1658 2233; x_wconf 90' lang='lat' dir='ltr'><strong>hoc</strong></span> <span class='ocrx_word' id='word_1_289' title='bbox 1689 2179 1778 2232; x_wconf 91' lang='lat' dir='ltr'><strong>ubi</strong></span> <span class='ocrx_word' id='word_1_290' title='bbox 1809 2179 2112 2248; x_wconf 85' lang='lat' dir='ltr'><strong>statuisset,</strong></span> 
     </span>
    </p>
   </div>
   <div class='ocr_carea' id='block_1_39' title="bbox 550 2265 2112 2342">
    <p class='ocr_par' dir='ltr' id='par_1_39' title="bbox 550 2265 2112 2342">
     <span class='ocr_line' id='line_1_39' title="bbox 550 2265 2112 2342; baseline 0.008 -26"><span class='ocrx_word' id='word_1_291' title='bbox 550 2265 813 2326; x_wconf 80' lang='lat' dir='ltr'><strong>futurum,</strong></span> <span class='ocrx_word' id='word_1_292' title='bbox 847 2275 904 2319; x_wconf 90' lang='lat' dir='ltr'><strong>ut</strong></span> <span class='ocrx_word' id='word_1_293' title='bbox 933 2281 1154 2320; x_wconf 88' lang='lat' dir='ltr'><strong>causam</strong></span> <span class='ocrx_word' id='word_1_294' title='bbox 1181 2284 1244 2324; x_wconf 88' lang='lat' dir='ltr'><strong>ac</strong></span> <span class='ocrx_word' id='word_1_295' title='bbox 1271 2270 1612 2325; x_wconf 87' lang='lat' dir='ltr'><strong>necessitatis</strong></span> <span class='ocrx_word' id='word_1_296' title='bbox 1655 2271 1764 2324; x_wconf 91' lang='lat' dir='ltr'><strong>vim</strong></span> <span class='ocrx_word' id='word_1_297' title='bbox 1799 2273 2112 2342; x_wconf 84' lang='lat' dir='ltr'><strong>explicaret,</strong></span> 
     </span>
    </p>
   </div>
   <div class='ocr_carea' id='block_1_40' title="bbox 542 2358 2116 2433">
    <p class='ocr_par' dir='ltr' id='par_1_40' title="bbox 542 2358 2116 2433">
     <span class='ocr_line' id='line_1_40' title="bbox 542 2358 2116 2433; baseline 0.008 -24"><span class='ocrx_word' id='word_1_298' title='bbox 542 2358 796 2426; x_wconf 83' lang='lat' dir='ltr'><strong>quodque</strong></span> <span class='ocrx_word' id='word_1_299' title='bbox 830 2359 1090 2426; x_wconf 91' lang='lat' dir='ltr'><strong>optimum</strong></span> <span class='ocrx_word' id='word_1_300' title='bbox 1141 2369 1282 2416; x_wconf 89' lang='lat' dir='ltr'><strong>esset</strong></span> <span class='ocrx_word' id='word_1_301' title='bbox 1315 2360 1542 2419; x_wconf 86' lang='lat' dir='ltr'><strong>dicendo</strong></span> <span class='ocrx_word' id='word_1_302' title='bbox 1572 2364 1907 2433; x_wconf 78' lang='lat' dir='ltr'><strong>complexus,</strong></span> <span class='ocrx_word' id='word_1_303' title='bbox 1960 2376 2116 2421; x_wconf 68' lang='lat' dir='ltr'><strong>terra:</strong></span> 
     </span>
    </p>
   </div>
   <div class='ocr_carea' id='block_1_41' title="bbox 543 2450 2114 2523">
    <p class='ocr_par' dir='ltr' id='par_1_41' title="bbox 543 2450 2114 2523">
     <span class='ocr_line' id='line_1_41' title="bbox 543 2450 2114 2523; baseline 0.011 -23"><span class='ocrx_word' id='word_1_304' title='bbox 543 2465 780 2518; x_wconf 87' lang='lat' dir='ltr'><strong>quoque,</strong></span> <span class='ocrx_word' id='word_1_305' title='bbox 829 2450 953 2506; x_wconf 84' lang='lat' dir='ltr'><strong>talis</strong></span> <span class='ocrx_word' id='word_1_306' title='bbox 1010 2460 1070 2505; x_wconf 91' lang='lat' dir='ltr'><strong>ut</strong></span> <span class='ocrx_word' id='word_1_307' title='bbox 1121 2461 1283 2518; x_wconf 86' lang='lat' dir='ltr'><strong>esset,</strong></span> <span class='ocrx_word' id='word_1_308' title='bbox 1321 2455 1586 2523; x_wconf 79' lang='lat' dir='ltr'><strong>Optimum</strong></span> <span class='ocrx_word' id='word_1_309' title='bbox 1638 2473 1758 2512; x_wconf 88' lang='lat' dir='ltr'><strong>esse</strong></span> <span class='ocrx_word' id='word_1_310' title='bbox 1789 2460 2114 2518; x_wconf 78' lang='lat' dir='ltr'><strong>ostenderet.</strong></span> 
     </span>
    </p>
   </div>
   <div class='ocr_carea' id='block_1_42' title="bbox 542 2537 2113 2620">
    <p class='ocr_par' dir='ltr' id='par_1_42' title="bbox 542 2537 2113 2620">
     <span class='ocr_line' id='line_1_42' title="bbox 542 2537 2113 2620; baseline 0.009 -27"><span class='ocrx_word' id='word_1_311' title='bbox 542 2537 640 2602; x_wconf 84' lang='lat' dir='ltr'><strong>Ita,</strong></span> <span class='ocrx_word' id='word_1_312' title='bbox 700 2543 742 2594; x_wconf 93' lang='lat' dir='ltr'><strong>si</strong></span> <span class='ocrx_word' id='word_1_313' title='bbox 780 2542 996 2610; x_wconf 88' lang='lat' dir='ltr'><strong>quidem</strong></span> <span class='ocrx_word' id='word_1_314' title='bbox 1044 2559 1161 2598; x_wconf 89' lang='lat' dir='ltr'><strong>eam</strong></span> <span class='ocrx_word' id='word_1_315' title='bbox 1212 2546 1264 2599; x_wconf 92' lang='lat' dir='ltr'><strong>in</strong></span> <span class='ocrx_word' id='word_1_316' title='bbox 1321 2549 1497 2601; x_wconf 87' lang='lat' dir='ltr'><strong>medio</strong></span> <span class='ocrx_word' id='word_1_317' title='bbox 1530 2549 1690 2606; x_wconf 86' lang='lat' dir='ltr'><strong>sitam</strong></span> <span class='ocrx_word' id='word_1_318' title='bbox 1742 2566 1862 2606; x_wconf 86' lang='lat' dir='ltr'><strong>esse</strong></span> <span class='ocrx_word' id='word_1_319' title='bbox 1890 2552 2113 2620; x_wconf 79' lang='lat' dir='ltr'><strong>diceret,</strong></span> 
     </span>
    </p>
   </div>
   <div class='ocr_carea' id='block_1_43' title="bbox 543 2634 2112 2714">
    <p class='ocr_par' dir='ltr' id='par_1_43' title="bbox 543 2634 2112 2714">
     <span class='ocr_line' id='line_1_43' title="bbox 543 2634 2112 2714; baseline 0.01 -30"><span class='ocrx_word' id='word_1_320' title='bbox 543 2634 899 2698; x_wconf 87' lang='lat' dir='ltr'><strong>quamobrem</strong></span> <span class='ocrx_word' id='word_1_321' title='bbox 938 2635 1024 2691; x_wconf 89' lang='lat' dir='ltr'><strong>hic</strong></span> <span class='ocrx_word' id='word_1_322' title='bbox 1054 2637 1102 2688; x_wconf 92' lang='lat' dir='ltr'><strong>ei</strong></span> <span class='ocrx_word' id='word_1_323' title='bbox 1135 2639 1272 2694; x_wconf 88' lang='lat' dir='ltr'><strong>situs</strong></span> <span class='ocrx_word' id='word_1_324' title='bbox 1315 2641 1556 2708; x_wconf 85' lang='lat' dir='ltr'><strong>Optimus</strong></span> <span class='ocrx_word' id='word_1_325' title='bbox 1585 2654 1746 2708; x_wconf 84' lang='lat' dir='ltr'><strong>esset,</strong></span> <span class='ocrx_word' id='word_1_326' title='bbox 1802 2656 2112 2714; x_wconf 79' lang='lat' dir='ltr'><strong>exponeret.</strong></span> 
     </span>
    </p>
   </div>
   <div class='ocr_carea' id='block_1_44' title="bbox 542 2721 2117 2806">
    <p class='ocr_par' dir='ltr' id='par_1_44' title="bbox 542 2721 2117 2806">
     <span class='ocr_line' id='line_1_44' title="bbox 542 2721 2117 2806; baseline 0.011 -32"><span class='ocrx_word' id='word_1_327' title='bbox 542 2721 671 2789; x_wconf 64' lang='lat' dir='ltr'><strong>Quae</strong></span> <span class='ocrx_word' id='word_1_328' title='bbox 703 2727 747 2780; x_wconf 88' lang='lat' dir='ltr'><strong>si</strong></span> <span class='ocrx_word' id='word_1_329' title='bbox 784 2741 849 2778; x_wconf 76' lang='lat' dir='ltr'><strong>ex</strong></span> <span class='ocrx_word' id='word_1_330' title='bbox 883 2726 975 2780; x_wconf 94' lang='lat' dir='ltr'><strong>illo</strong></span> <span class='ocrx_word' id='word_1_331' title='bbox 1006 2730 1288 2798; x_wconf 88' lang='lat' dir='ltr'><strong>perspicue</strong></span> <span class='ocrx_word' id='word_1_332' title='bbox 1314 2731 1600 2797; x_wconf 86' lang='lat' dir='ltr'><strong>discerem,</strong></span> <span class='ocrx_word' id='word_1_333' title='bbox 1639 2735 1718 2789; x_wconf 88' lang='lat' dir='ltr'><strong>sic</strong></span> <span class='ocrx_word' id='word_1_334' title='bbox 1753 2736 1935 2792; x_wconf 87' lang='lat' dir='ltr'><strong>animo</strong></span> <span class='ocrx_word' id='word_1_335' title='bbox 1958 2738 2117 2806; x_wconf 90' lang='lat' dir='ltr'><strong>plane</strong></span> 
     </span>
    </p>
   </div>
   <div class='ocr_carea' id='block_1_45' title="bbox 542 2818 2117 2896">
    <p class='ocr_par' dir='ltr' id='par_1_45' title="bbox 542 2818 2117 2896">
     <span class='ocr_line' id='line_1_45' title="bbox 542 2818 2117 2896; baseline 0.01 -29"><span class='ocrx_word' id='word_1_336' title='bbox 542 2825 891 2884; x_wconf 88' lang='lat' dir='ltr'><strong>comparatus</strong></span> <span class='ocrx_word' id='word_1_337' title='bbox 927 2831 1098 2882; x_wconf 86' lang='lat' dir='ltr'><strong>eram,</strong></span> <span class='ocrx_word' id='word_1_338' title='bbox 1128 2818 1333 2873; x_wconf 92' lang='lat' dir='ltr'><strong>nullum</strong></span> <span class='ocrx_word' id='word_1_339' title='bbox 1363 2831 1420 2874; x_wconf 89' lang='lat' dir='ltr'><strong>ut</strong></span> <span class='ocrx_word' id='word_1_340' title='bbox 1453 2832 1709 2890; x_wconf 65' lang='lat' dir='ltr'><strong>prmterea</strong></span> <span class='ocrx_word' id='word_1_341' title='bbox 1742 2840 1919 2880; x_wconf 79' lang='lat' dir='ltr'><strong>causae</strong></span> <span class='ocrx_word' id='word_1_342' title='bbox 1947 2842 2117 2896; x_wconf 78' lang='lat' dir='ltr'><strong>genus</strong></span> 
     </span>
    </p>
   </div>
   <div class='ocr_carea' id='block_1_46' title="bbox 541 2904 2114 2986">
    <p class='ocr_par' dir='ltr' id='par_1_46' title="bbox 541 2904 2114 2986">
     <span class='ocr_line' id='line_1_46' title="bbox 541 2904 2114 2986; baseline 0.008 -28"><span class='ocrx_word' id='word_1_343' title='bbox 541 2904 686 2959; x_wconf 86' lang='lat' dir='ltr'><strong>aliud</strong></span> <span class='ocrx_word' id='word_1_344' title='bbox 715 2921 834 2960; x_wconf 88' lang='lat' dir='ltr'><strong>esse</strong></span> <span class='ocrx_word' id='word_1_345' title='bbox 873 2916 1186 2971; x_wconf 77' lang='lat' dir='ltr'><strong>statuerem,</strong></span> <span class='ocrx_word' id='word_1_346' title='bbox 1223 2908 1484 2967; x_wconf 75' lang='lat' dir='ltr'><strong>Similiter</strong></span> <span class='ocrx_word' id='word_1_347' title='bbox 1504 2928 1569 2966; x_wconf 80' lang='lat' dir='ltr'><strong>ex</strong></span> <span class='ocrx_word' id='word_1_348' title='bbox 1595 2914 1784 2969; x_wconf 89' lang='lat' dir='ltr'><strong>eodem</strong></span> <span class='ocrx_word' id='word_1_349' title='bbox 1816 2932 1901 2971; x_wconf 89' lang='lat' dir='ltr'><strong>me</strong></span> <span class='ocrx_word' id='word_1_350' title='bbox 1930 2925 2114 2986; x_wconf 90' lang='lat' dir='ltr'><strong>postea</strong></span> 
     </span>
    </p>
   </div>
   <div class='ocr_carea' id='block_1_47' title="bbox 545 2997 2116 3078">
    <p class='ocr_par' dir='ltr' id='par_1_47' title="bbox 545 2997 2116 3078">
     <span class='ocr_line' id='line_1_47' title="bbox 545 2997 2116 3078; baseline 0.01 -29"><span class='ocrx_word' id='word_1_351' title='bbox 545 2997 611 3061; x_wconf 85' lang='lat' dir='ltr'><strong>de</strong></span> <span class='ocrx_word' id='word_1_352' title='bbox 638 2999 775 3064; x_wconf 90' lang='lat' dir='ltr'><strong>sole,</strong></span> <span class='ocrx_word' id='word_1_353' title='bbox 802 3000 951 3063; x_wconf 88' lang='lat' dir='ltr'><strong>luna,</strong></span> <span class='ocrx_word' id='word_1_354' title='bbox 978 3003 1296 3071; x_wconf 63' lang='lat' dir='ltr'><strong>cantet-isque</strong></span> <span class='ocrx_word' id='word_1_355' title='bbox 1327 3005 1595 3062; x_wconf 89' lang='lat' dir='ltr'><strong>sideribus</strong></span> <span class='ocrx_word' id='word_1_356' title='bbox 1617 3010 1972 3078; x_wconf 68' lang='lat' dir='ltr'><strong>quaesiturum</strong></span> <span class='ocrx_word' id='word_1_357' title='bbox 1996 3026 2116 3065; x_wconf 86' lang='lat' dir='ltr'><strong>esse</strong></span> 
     </span>
    </p>
   </div>
   <div class='ocr_carea' id='block_1_48' title="bbox 545 3092 2118 3172">
    <p class='ocr_par' dir='ltr' id='par_1_48' title="bbox 545 3092 2118 3172">
     <span class='ocr_line' id='line_1_48' title="bbox 545 3092 2118 3172; baseline 0.01 -29"><span class='ocrx_word' id='word_1_358' title='bbox 545 3092 912 3158; x_wconf 79' lang='lat' dir='ltr'><strong>decreveram,</strong></span> <span class='ocrx_word' id='word_1_359' title='bbox 959 3110 1064 3164; x_wconf 88' lang='lat' dir='ltr'><strong>qua</strong></span> <span class='ocrx_word' id='word_1_360' title='bbox 1113 3097 1414 3154; x_wconf 84' lang='lat' dir='ltr'><strong>velocitatis</strong></span> <span class='ocrx_word' id='word_1_361' title='bbox 1465 3099 1604 3153; x_wconf 87' lang='lat' dir='ltr'><strong>inter</strong></span> <span class='ocrx_word' id='word_1_362' title='bbox 1634 3117 1710 3166; x_wconf 91' lang='lat' dir='ltr'><strong>se,</strong></span> <span class='ocrx_word' id='word_1_363' title='bbox 1754 3118 1857 3172; x_wconf 84' lang='lat' dir='ltr'><strong>qua</strong></span> <span class='ocrx_word' id='word_1_364' title='bbox 1888 3118 2118 3159; x_wconf 86' lang='lat' dir='ltr'><strong>conver—</strong></span> 
     </span>
    </p>
   </div>
   <div class='ocr_carea' id='block_1_49' title="bbox 2216 1986 3761 2063">
    <p class='ocr_par' dir='ltr' id='par_1_49' title="bbox 2216 1986 3761 2063">
     <span class='ocr_line' id='line_1_49' title="bbox 2216 1986 3761 2063; baseline 0.006 -25"><span class='ocrx_word' id='word_1_365' title='bbox 2216 2003 2384 2055; x_wconf 88' lang='grc' dir='ltr'>γοντα</span> <span class='ocrx_word' id='word_1_366' title='bbox 2415 1987 2477 2040; x_wconf 83' lang='grc' dir='ltr'>τὸ</span> <span class='ocrx_word' id='word_1_367' title='bbox 2508 1989 2747 2057; x_wconf 84' lang='grc' dir='ltr'>ἄμεινον,</span> <span class='ocrx_word' id='word_1_368' title='bbox 2775 1990 2869 2041; x_wconf 61' lang='grc' dir='ltr'><strong>καὶ¹</strong></span> <span class='ocrx_word' id='word_1_369' title='bbox 2891 1991 2971 2041; x_wconf 83' lang='grc' dir='ltr'><strong>ὅτι</strong></span> <span class='ocrx_word' id='word_1_370' title='bbox 2997 1989 3163 2060; x_wconf 75' lang='grc' dir='ltr'>αὐτὴν</span> <span class='ocrx_word' id='word_1_371' title='bbox 3192 1991 3416 2060; x_wconf 83' lang='grc' dir='ltr'>ἄμεινον</span> <span class='ocrx_word' id='word_1_372' title='bbox 3452 1986 3519 2061; x_wconf 81' lang='grc' dir='ltr'>ἦν</span> <span class='ocrx_word' id='word_1_373' title='bbox 3543 1993 3761 2063; x_wconf 72' lang='grc' dir='ltr'>τοιαύτην</span> 
     </span>
    </p>
   </div>
   <div class='ocr_carea' id='block_1_50' title="bbox 2218 2075 3764 2156">
    <p class='ocr_par' dir='ltr' id='par_1_50' title="bbox 2218 2075 3764 2156">
     <span class='ocr_line' id='line_1_50' title="bbox 2218 2075 3764 2156; baseline 0.005 -26"><span class='ocrx_word' id='word_1_374' title='bbox 2218 2075 2374 2134; x_wconf 80' lang='grc' dir='ltr'>εἶναι.</span> <span class='ocrx_word' id='word_1_375' title='bbox 2407 2079 2516 2132; x_wconf 78' lang='grc' dir='ltr'>Καὶ</span> <span class='ocrx_word' id='word_1_376' title='bbox 2543 2081 2588 2131; x_wconf 86' lang='grc' dir='ltr'><strong>εἰ</strong></span> <span class='ocrx_word' id='word_1_377' title='bbox 2610 2081 2666 2131; x_wconf 76' lang='grc' dir='ltr'><strong>ἐν</strong></span> <span class='ocrx_word' id='word_1_378' title='bbox 2701 2080 2847 2150; x_wconf 83' lang='grc' dir='ltr'>μέσῳ</span> <span class='ocrx_word' id='word_1_379' title='bbox 2877 2079 3007 2152; x_wconf 86' lang='grc' dir='ltr'>φαίη</span> <span class='ocrx_word' id='word_1_380' title='bbox 3042 2075 3180 2134; x_wconf 82' lang='grc' dir='ltr'>εἶναι</span> <span class='ocrx_word' id='word_1_381' title='bbox 3200 2082 3392 2156; x_wconf 77' lang='grc' dir='ltr'>αὐτὴν,</span> <span class='ocrx_word' id='word_1_382' title='bbox 3412 2083 3764 2154; x_wconf 81' lang='grc' dir='ltr'>ἑπεκδιηγήσε-</span> 
     </span>
    </p>
   </div>
   <div class='ocr_carea' id='block_1_51' title="bbox 2219 2165 3762 2243">
    <p class='ocr_par' dir='ltr' id='par_1_51' title="bbox 2219 2165 3762 2243">
     <span class='ocr_line' id='line_1_51' title="bbox 2219 2165 3762 2243; baseline 0.005 -23"><span class='ocrx_word' id='word_1_383' title='bbox 2219 2167 2364 2233; x_wconf 84' lang='grc' dir='ltr'>σθαι,</span> <span class='ocrx_word' id='word_1_384' title='bbox 2395 2169 2469 2232; x_wconf 82' lang='grc' dir='ltr'>ὡς</span> <span class='ocrx_word' id='word_1_385' title='bbox 2497 2168 2714 2238; x_wconf 79' lang='grc' dir='ltr'>ἄμεινον</span> <span class='ocrx_word' id='word_1_386' title='bbox 2734 2165 2801 2239; x_wconf 82' lang='grc' dir='ltr'>ἦν</span> <span class='ocrx_word' id='word_1_387' title='bbox 2827 2171 2996 2242; x_wconf 76' lang='grc' dir='ltr'>αὐτὴν</span> <span class='ocrx_word' id='word_1_388' title='bbox 3016 2173 3072 2223; x_wconf 82' lang='grc' dir='ltr'><strong>ἑν</strong></span> <span class='ocrx_word' id='word_1_389' title='bbox 3102 2171 3252 2241; x_wconf 85' lang='grc' dir='ltr'>μέσῳ</span> <span class='ocrx_word' id='word_1_390' title='bbox 3282 2167 3442 2224; x_wconf 73' lang='grc' dir='ltr'>εἶναι.</span> <span class='ocrx_word' id='word_1_391' title='bbox 3479 2171 3583 2224; x_wconf 73' lang='grc' dir='ltr'><strong>Καὶ</strong></span> <span class='ocrx_word' id='word_1_392' title='bbox 3609 2175 3653 2225; x_wconf 84' lang='grc' dir='ltr'><strong>εἰ</strong></span> <span class='ocrx_word' id='word_1_393' title='bbox 3691 2193 3762 2243; x_wconf 88' lang='grc' dir='ltr'><strong>μοι</strong></span> 
     </span>
    </p>
   </div>
   <div class='ocr_carea' id='block_1_52' title="bbox 2216 2259 3766 2335">
    <p class='ocr_par' dir='ltr' id='par_1_52' title="bbox 2216 2259 3766 2335">
     <span class='ocr_line' id='line_1_52' title="bbox 2216 2259 3766 2335; baseline 0.002 -23"><span class='ocrx_word' id='word_1_394' title='bbox 2216 2259 2390 2314; x_wconf 85' lang='grc' dir='ltr'>ταῦτα</span> <span class='ocrx_word' id='word_1_395' title='bbox 2421 2260 2788 2328; x_wconf 75' lang='grc' dir='ltr'>ἀποφαίνοιτο,</span> <span class='ocrx_word' id='word_1_396' title='bbox 2809 2263 3270 2332; x_wconf 80' lang='grc' dir='ltr'>παρεσκευάσμην</span> <span class='ocrx_word' id='word_1_397' title='bbox 3297 2263 3372 2325; x_wconf 80' lang='grc' dir='ltr'>ὡς</span> <span class='ocrx_word' id='word_1_398' title='bbox 3399 2262 3578 2314; x_wconf 73' lang='grc' dir='ltr'>οὐκέτι</span> <span class='ocrx_word' id='word_1_399' title='bbox 3603 2264 3766 2335; x_wconf 76' lang='grc' dir='ltr'>ὑποθη-</span> 
     </span>
    </p>
   </div>
   <div class='ocr_carea' id='block_1_53' title="bbox 2219 2349 3763 2425">
    <p class='ocr_par' dir='ltr' id='par_1_53' title="bbox 2219 2349 3763 2425">
     <span class='ocr_line' id='line_1_53' title="bbox 2219 2349 3763 2425; baseline 0.002 -20"><span class='ocrx_word' id='word_1_400' title='bbox 2219 2353 2442 2422; x_wconf 86' lang='grc' dir='ltr'>σόμενος</span> <span class='ocrx_word' id='word_1_401' title='bbox 2464 2353 2641 2415; x_wconf 80' lang='grc' dir='ltr'>αἰτίας</span> <span class='ocrx_word' id='word_1_402' title='bbox 2691 2352 2819 2407; x_wconf 86' lang='grc' dir='ltr'>άλλο</span> <span class='ocrx_word' id='word_1_403' title='bbox 2871 2349 3031 2416; x_wconf 75' lang='grc' dir='ltr'>εἶδος.</span> <span class='ocrx_word' id='word_1_404' title='bbox 3071 2354 3180 2406; x_wconf 69' lang='grc' dir='ltr'>Καὶ</span> <span class='ocrx_word' id='word_1_405' title='bbox 3235 2352 3298 2425; x_wconf 79' lang='grc' dir='ltr'>δὴ</span> <span class='ocrx_word' id='word_1_406' title='bbox 3346 2353 3444 2406; x_wconf 78' lang='grc' dir='ltr'><strong>καὶ</strong></span> <span class='ocrx_word' id='word_1_407' title='bbox 3485 2356 3606 2425; x_wconf 78' lang='grc' dir='ltr'>περὶ</span> <span class='ocrx_word' id='word_1_408' title='bbox 3639 2356 3763 2425; x_wconf 77' lang='grc' dir='ltr'>ἡλίου</span> 
     </span>
    </p>
   </div>
   <div class='ocr_carea' id='block_1_54' title="bbox 2219 2446 3763 2520">
    <p class='ocr_par' dir='ltr' id='par_1_54' title="bbox 2219 2446 3763 2520">
     <span class='ocr_line' id='line_1_54' title="bbox 2219 2446 3763 2520; baseline 0.001 -22"><span class='ocrx_word' id='word_1_409' title='bbox 2219 2446 2680 2517; x_wconf 84' lang='grc' dir='ltr'>παρεσκευάσμην</span> <span class='ocrx_word' id='word_1_410' title='bbox 2734 2446 2994 2510; x_wconf 80' lang='grc' dir='ltr'>ὡσαύτως</span> <span class='ocrx_word' id='word_1_411' title='bbox 3041 2448 3393 2518; x_wconf 83' lang='grc' dir='ltr'>πευσόμενος,</span> <span class='ocrx_word' id='word_1_412' title='bbox 3430 2449 3524 2500; x_wconf 76' lang='grc' dir='ltr'>καὶ</span> <span class='ocrx_word' id='word_1_413' title='bbox 3548 2449 3763 2520; x_wconf 72' lang='grc' dir='ltr'>σελήνης,</span> 
     </span>
    </p>
   </div>
   <div class='ocr_carea' id='block_1_55' title="bbox 2218 2536 3762 2612">
    <p class='ocr_par' dir='ltr' id='par_1_55' title="bbox 2218 2536 3762 2612">
     <span class='ocr_line' id='line_1_55' title="bbox 2218 2536 3762 2612; baseline 0.003 -22"><span class='ocrx_word' id='word_1_414' title='bbox 2218 2537 2439 2590; x_wconf 73' lang='grc' dir='ltr'>καὶτῶν</span> <span class='ocrx_word' id='word_1_415' title='bbox 2475 2536 2647 2590; x_wconf 83' lang='grc' dir='ltr'>ἄλλων</span> <span class='ocrx_word' id='word_1_416' title='bbox 2675 2539 2913 2610; x_wconf 82' lang='grc' dir='ltr'>ἄστρων,</span> <span class='ocrx_word' id='word_1_417' title='bbox 2943 2538 3140 2609; x_wconf 82' lang='grc' dir='ltr'>τάχους</span> <span class='ocrx_word' id='word_1_418' title='bbox 3173 2557 3232 2591; x_wconf 87' lang='grc' dir='ltr'><strong>τε</strong></span> <span class='ocrx_word' id='word_1_419' title='bbox 3260 2540 3387 2611; x_wconf 86' lang='grc' dir='ltr'>πέρι</span> <span class='ocrx_word' id='word_1_420' title='bbox 3418 2539 3552 2610; x_wconf 81' lang='grc' dir='ltr'>πρὸς</span> <span class='ocrx_word' id='word_1_421' title='bbox 3572 2540 3762 2612; x_wconf 81' lang='grc' dir='ltr'>ἄλληλα,</span> 
     </span>
    </p>
   </div>
   <div class='ocr_carea' id='block_1_56' title="bbox 2217 2626 3763 2698">
    <p class='ocr_par' dir='ltr' id='par_1_56' title="bbox 2217 2626 3763 2698">
     <span class='ocr_line' id='line_1_56' title="bbox 2217 2626 3763 2698; baseline 0.001 -19"><span class='ocrx_word' id='word_1_422' title='bbox 2217 2627 2310 2680; x_wconf 71' lang='grc' dir='ltr'><strong>καὶ</strong></span> <span class='ocrx_word' id='word_1_423' title='bbox 2347 2626 2584 2697; x_wconf 89' lang='grc' dir='ltr'>τροπῶν,</span> <span class='ocrx_word' id='word_1_424' title='bbox 2617 2627 2712 2694; x_wconf 74' lang='grc' dir='ltr'><strong>καὶ</strong></span> <span class='ocrx_word' id='word_1_425' title='bbox 2762 2626 2870 2680; x_wconf 85' lang='grc' dir='ltr'><strong>τῶν</strong></span> <span class='ocrx_word' id='word_1_426' title='bbox 2916 2626 3089 2680; x_wconf 84' lang='grc' dir='ltr'>ἄλλων</span> <span class='ocrx_word' id='word_1_427' title='bbox 3135 2627 3498 2698; x_wconf 79' lang='grc' dir='ltr'>παθημάτων,</span> <span class='ocrx_word' id='word_1_428' title='bbox 3547 2628 3618 2698; x_wconf 82' lang='grc' dir='ltr'>πῆ</span> <span class='ocrx_word' id='word_1_429' title='bbox 3663 2647 3763 2681; x_wconf 69' lang='grc' dir='ltr'>ποτε</span> 
     </span>
    </p>
   </div>
   <div class='ocr_carea' id='block_1_57' title="bbox 2216 2719 3764 2791">
    <p class='ocr_par' dir='ltr' id='par_1_57' title="bbox 2216 2719 3764 2791">
     <span class='ocr_line' id='line_1_57' title="bbox 2216 2719 3764 2791; baseline 0.001 -19"><span class='ocrx_word' id='word_1_430' title='bbox 2216 2719 2367 2772; x_wconf 85' lang='grc' dir='ltr'>ταῦτ’</span> <span class='ocrx_word' id='word_1_431' title='bbox 2393 2720 2612 2791; x_wconf 84' lang='grc' dir='ltr'>ἄμεινόν</span> <span class='ocrx_word' id='word_1_432' title='bbox 2639 2723 2785 2774; x_wconf 86' lang='grc' dir='ltr'>ἑστιν</span> <span class='ocrx_word' id='word_1_433' title='bbox 2810 2721 3038 2774; x_wconf 75' lang='grc' dir='ltr'>ἕκαστον</span> <span class='ocrx_word' id='word_1_434' title='bbox 3065 2720 3159 2773; x_wconf 62' lang='grc' dir='ltr'><strong>καλ⁸</strong></span> <span class='ocrx_word' id='word_1_435' title='bbox 3200 2725 3392 2784; x_wconf 84' lang='grc' dir='ltr'>ποιεῖν,</span> <span class='ocrx_word' id='word_1_436' title='bbox 3442 2722 3534 2774; x_wconf 74' lang='grc' dir='ltr'><strong>καὶ</strong></span> <span class='ocrx_word' id='word_1_437' title='bbox 3574 2729 3764 2791; x_wconf 78' lang='grc' dir='ltr'>πάσχειν</span> 
     </span>
    </p>
   </div>
   <div class='ocr_carea' id='block_1_58' title="bbox 2217 2810 3764 2884">
    <p class='ocr_par' dir='ltr' id='par_1_58' title="bbox 2217 2810 3764 2884">
     <span class='ocr_line' id='line_1_58' title="bbox 2217 2810 3764 2884; baseline 0 -20"><span class='ocrx_word' id='word_1_438' title='bbox 2217 2810 2252 2864; x_wconf 81' lang='grc' dir='ltr'>ἃ</span> <span class='ocrx_word' id='word_1_439' title='bbox 2282 2812 2499 2882; x_wconf 87' lang='grc' dir='ltr'>πάσχει·</span> <span class='ocrx_word' id='word_1_440' title='bbox 2532 2814 2606 2865; x_wconf 80' lang='grc' dir='ltr'><strong>Οὐ</strong></span> <span class='ocrx_word' id='word_1_441' title='bbox 2641 2812 2748 2884; x_wconf 82' lang='grc' dir='ltr'>γὰρ</span> <span class='ocrx_word' id='word_1_442' title='bbox 2776 2814 2839 2867; x_wconf 83' lang='grc' dir='ltr'>ἄν</span> <span class='ocrx_word' id='word_1_443' title='bbox 2889 2814 3003 2866; x_wconf 78' lang='grc' dir='ltr'>ποτ’</span> <span class='ocrx_word' id='word_1_444' title='bbox 3035 2813 3194 2865; x_wconf 76' lang='grc' dir='ltr'>αὐτὸν</span> <span class='ocrx_word' id='word_1_445' title='bbox 3226 2811 3404 2883; x_wconf 75' lang='grc' dir='ltr'>ᾤμην,</span> <span class='ocrx_word' id='word_1_446' title='bbox 3442 2814 3698 2882; x_wconf 83' lang='grc' dir='ltr'>φάσκοντά</span> <span class='ocrx_word' id='word_1_447' title='bbox 3715 2830 3764 2880; x_wconf 89' lang='grc' dir='ltr'><strong>γε</strong></span> 
     </span>
    </p>
   </div>
   <div class='ocr_carea' id='block_1_59' title="bbox 2218 2903 3766 2974">
    <p class='ocr_par' dir='ltr' id='par_1_59' title="bbox 2218 2903 3766 2974">
     <span class='ocr_line' id='line_1_59' title="bbox 2218 2903 3766 2974; baseline 0.001 -18"><span class='ocrx_word' id='word_1_448' title='bbox 2218 2904 2325 2958; x_wconf 82' lang='grc' dir='ltr'><strong>ὑπὸ</strong></span> <span class='ocrx_word' id='word_1_449' title='bbox 2370 2903 2462 2956; x_wconf 84' lang='grc' dir='ltr'><strong>νοῦ</strong></span> <span class='ocrx_word' id='word_1_450' title='bbox 2494 2903 2634 2957; x_wconf 78' lang='grc' dir='ltr'>αὐτὰ</span> <span class='ocrx_word' id='word_1_451' title='bbox 2667 2903 3059 2974; x_wconf 75' lang='grc' dir='ltr'>κεκοσμῆσθαι,</span> <span class='ocrx_word' id='word_1_452' title='bbox 3083 2903 3245 2972; x_wconf 83' lang='grc' dir='ltr'>ἄλλην</span> <span class='ocrx_word' id='word_1_453' title='bbox 3268 2903 3388 2956; x_wconf 77' lang='grc' dir='ltr'>τινὰ</span> <span class='ocrx_word' id='word_1_454' title='bbox 3413 2904 3595 2967; x_wconf 80' lang='grc' dir='ltr'>αὐτοῖς</span> <span class='ocrx_word' id='word_1_455' title='bbox 3619 2903 3766 2958; x_wconf 78' lang='grc' dir='ltr'>αἰτίαν</span> 
     </span>
    </p>
   </div>
   <div class='ocr_carea' id='block_1_60' title="bbox 2219 2994 3766 3066">
    <p class='ocr_par' dir='ltr' id='par_1_60' title="bbox 2219 2994 3766 3066">
     <span class='ocr_line' id='line_1_60' title="bbox 2219 2994 3766 3066; baseline -0.002 -17"><span class='ocrx_word' id='word_1_456' title='bbox 2219 2995 2609 3066; x_wconf 83' lang='grc' dir='ltr'>ἑπενεγκεῖν,ἢ</span> <span class='ocrx_word' id='word_1_457' title='bbox 2644 2997 2724 3047; x_wconf 83' lang='grc' dir='ltr'>ὅτι</span> <span class='ocrx_word' id='word_1_458' title='bbox 2759 2994 3031 3066; x_wconf 86' lang='grc' dir='ltr'>βέλτιστον</span> <span class='ocrx_word' id='word_1_459' title='bbox 3052 2995 3189 3048; x_wconf 72' lang='grc' dir='ltr'>αὐτὰ</span> <span class='ocrx_word' id='word_1_460' title='bbox 3226 2995 3399 3058; x_wconf 74' lang='grc' dir='ltr'>οὕτως</span> <span class='ocrx_word' id='word_1_461' title='bbox 3459 2995 3596 3066; x_wconf 79' lang='grc' dir='ltr'>ἔχειν</span> <span class='ocrx_word' id='word_1_462' title='bbox 3627 2996 3766 3057; x_wconf 78' lang='grc' dir='ltr'>ἐστὶν,</span> 
     </span>
    </p>
   </div>
   <div class='ocr_carea' id='block_1_61' title="bbox 2217 3083 3764 3159">
    <p class='ocr_par' dir='ltr' id='par_1_61' title="bbox 2217 3083 3764 3159">
     <span class='ocr_line' id='line_1_61' title="bbox 2217 3083 3764 3159; baseline -0.003 -18"><span class='ocrx_word' id='word_1_463' title='bbox 2217 3088 2292 3151; x_wconf 85' lang='grc' dir='ltr'>ὡς</span> <span class='ocrx_word' id='word_1_464' title='bbox 2314 3088 2444 3159; x_wconf 75' lang='grc' dir='ltr'>ἔχει.</span> <span class='ocrx_word' id='word_1_465' title='bbox 2485 3088 2729 3159; x_wconf 79' lang='grc' dir='ltr'>Ἑκάστῳ</span> <span class='ocrx_word' id='word_1_466' title='bbox 2756 3083 2848 3141; x_wconf 78' lang='grc' dir='ltr'><strong>οὖν</strong></span> <span class='ocrx_word' id='word_1_467' title='bbox 2897 3089 3075 3141; x_wconf 82' lang='grc' dir='ltr'>αὐτῶν</span> <span class='ocrx_word' id='word_1_468' title='bbox 3121 3088 3440 3141; x_wconf 81' lang='grc' dir='ltr'>ἀποδιδόντα</span> <span class='ocrx_word' id='word_1_469' title='bbox 3471 3088 3567 3159; x_wconf 79' lang='grc' dir='ltr'><strong>τὴν</strong></span> <span class='ocrx_word' id='word_1_470' title='bbox 3598 3087 3764 3150; x_wconf 78' lang='grc' dir='ltr'>αἰτίαν,</span> 
     </span>
    </p>
   </div>
   <div class='ocr_carea' id='block_1_62' title="bbox 547 3177 2118 3269">
    <p class='ocr_par' dir='ltr' id='par_1_62' title="bbox 547 3185 2118 3267">
     <span class='ocr_line' id='line_1_62' title="bbox 547 3185 2118 3267; baseline 0.004 -26"><span class='ocrx_word' id='word_1_471' title='bbox 547 3185 760 3242; x_wconf 71' lang='grc' dir='ltr'>εἰοιιυιη</span> <span class='ocrx_word' id='word_1_472' title='bbox 791 3189 1138 3256; x_wconf 90' lang='lat' dir='ltr'><strong>proportione</strong></span> <span class='ocrx_word' id='word_1_473' title='bbox 1177 3202 1544 3254; x_wconf 88' lang='lat' dir='ltr'><strong>moverentur,</strong></span> <span class='ocrx_word' id='word_1_474' title='bbox 1577 3204 1878 3264; x_wconf 67' lang='lat' dir='ltr'><strong>casteraque</strong></span> <span class='ocrx_word' id='word_1_475' title='bbox 1931 3195 1982 3249; x_wconf 88' lang='lat' dir='ltr'><strong>id</strong></span> <span class='ocrx_word' id='word_1_476' title='bbox 2027 3211 2118 3267; x_wconf 79' lang='lat' dir='ltr'><strong>ge-</strong></span> 
     </span>
    </p>
   </div>
   <div class='ocr_carea' id='block_1_63' title="bbox 2220 3177 3768 3269">
    <p class='ocr_par' dir='ltr' id='par_1_63' title="bbox 2220 3177 3768 3249">
     <span class='ocr_line' id='line_1_63' title="bbox 2220 3177 3768 3249; baseline -0.002 -17"><span class='ocrx_word' id='word_1_477' title='bbox 2220 3179 2488 3249; x_wconf 74' lang='grc' dir='ltr'>καὶκοινῇ</span> <span class='ocrx_word' id='word_1_478' title='bbox 2522 3179 2654 3230; x_wconf 81' lang='grc' dir='ltr'>πᾶσι</span> <span class='ocrx_word' id='word_1_479' title='bbox 2710 3179 2770 3230; x_wconf 84' lang='grc' dir='ltr'><strong>τὸ</strong></span> <span class='ocrx_word' id='word_1_480' title='bbox 2819 3178 3032 3248; x_wconf 81' lang='grc' dir='ltr'>ἑκάστῳ</span> <span class='ocrx_word' id='word_1_481' title='bbox 3077 3177 3367 3247; x_wconf 85' lang='grc' dir='ltr'>βέλτιστον,</span> <span class='ocrx_word' id='word_1_482' title='bbox 3421 3177 3577 3247; x_wconf 83' lang='grc' dir='ltr'>ᾢμην</span> <span class='ocrx_word' id='word_1_483' title='bbox 3619 3177 3768 3230; x_wconf 67' lang='grc' dir='ltr'>καὶ-τὺ</span> 
     </span>
    </p>
   </div>
   <div class='ocr_carea' id='block_1_64' title="bbox 547 3278 2104 3350">
    <p class='ocr_par' dir='ltr' id='par_1_64' title="bbox 547 3278 2104 3350">
     <span class='ocr_line' id='line_1_64' title="bbox 547 3278 2104 3350; baseline 0.011 -27"><span class='ocrx_word' id='word_1_484' title='bbox 547 3289 672 3336; x_wconf 90' lang='lat' dir='ltr'><strong>nus,</strong></span> <span class='ocrx_word' id='word_1_485' title='bbox 703 3291 822 3343; x_wconf 76' lang='lat' dir='ltr'><strong>quae</strong></span> <span class='ocrx_word' id='word_1_486' title='bbox 866 3278 1068 3346; x_wconf 87' lang='lat' dir='ltr'><strong>optima</strong></span> <span class='ocrx_word' id='word_1_487' title='bbox 1121 3282 1316 3350; x_wconf 89' lang='lat' dir='ltr'><strong>cuique</strong></span> <span class='ocrx_word' id='word_1_488' title='bbox 1363 3283 1443 3337; x_wconf 89' lang='lat' dir='ltr'><strong>vel</strong></span> <span class='ocrx_word' id='word_1_489' title='bbox 1492 3284 1753 3340; x_wconf 80' lang='lat' dir='ltr'><strong>eiiiciendi</strong></span> <span class='ocrx_word' id='word_1_490' title='bbox 1810 3285 1969 3350; x_wconf 84' lang='lat' dir='ltr'><strong>ratio,</strong></span> <span class='ocrx_word' id='word_1_491' title='bbox 2019 3287 2104 3340; x_wconf 89' lang='lat' dir='ltr'><strong>vel</strong></span> 
     </span>
    </p>
   </div>
   <div class='ocr_carea' id='block_1_65' title="bbox 547 3366 2111 3445">
    <p class='ocr_par' dir='ltr' id='par_1_65' title="bbox 547 3366 2111 3445">
     <span class='ocr_line' id='line_1_65' title="bbox 547 3366 2111 3445; baseline 0.01 -27"><span class='ocrx_word' id='word_1_492' title='bbox 547 3366 814 3427; x_wconf 73' lang='lat' dir='ltr'><strong>subeundi</strong></span> <span class='ocrx_word' id='word_1_493' title='bbox 844 3380 1005 3424; x_wconf 87' lang='lat' dir='ltr'><strong>esset.</strong></span> <span class='ocrx_word' id='word_1_494' title='bbox 1040 3370 1146 3427; x_wconf 85' lang='lat' dir='ltr'><strong>Nec</strong></span> <span class='ocrx_word' id='word_1_495' title='bbox 1175 3375 1319 3427; x_wconf 91' lang='lat' dir='ltr'><strong>enim</strong></span> <span class='ocrx_word' id='word_1_496' title='bbox 1367 3392 1603 3445; x_wconf 89' lang='lat' dir='ltr'><strong>unquam</strong></span> <span class='ocrx_word' id='word_1_497' title='bbox 1653 3378 1708 3431; x_wconf 90' lang='lat' dir='ltr'><strong>in</strong></span> <span class='ocrx_word' id='word_1_498' title='bbox 1742 3379 1982 3432; x_wconf 88' lang='lat' dir='ltr'><strong>animum</strong></span> <span class='ocrx_word' id='word_1_499' title='bbox 2024 3380 2111 3434; x_wconf 89' lang='lat' dir='ltr'><strong>in-</strong></span> 
     </span>
    </p>
   </div>
   <div class='ocr_carea' id='block_1_66' title="bbox 549 3455 2113 3536">
    <p class='ocr_par' dir='ltr' id='par_1_66' title="bbox 549 3455 2113 3536">
     <span class='ocr_line' id='line_1_66' title="bbox 549 3455 2113 3536; baseline 0.011 -28"><span class='ocrx_word' id='word_1_500' title='bbox 549 3455 851 3526; x_wconf 78' lang='lat' dir='ltr'><strong>duxissem,</strong></span> <span class='ocrx_word' id='word_1_501' title='bbox 898 3477 1021 3514; x_wconf 89' lang='lat' dir='ltr'><strong>cum</strong></span> <span class='ocrx_word' id='word_1_502' title='bbox 1059 3475 1292 3517; x_wconf 89' lang='lat' dir='ltr'><strong>mentem</strong></span> <span class='ocrx_word' id='word_1_503' title='bbox 1345 3464 1432 3518; x_wconf 87' lang='lat' dir='ltr'><strong>illa</strong></span> <span class='ocrx_word' id='word_1_504' title='bbox 1485 3481 1671 3536; x_wconf 80' lang='lat' dir='ltr'><strong>regere</strong></span> <span class='ocrx_word' id='word_1_505' title='bbox 1727 3484 1789 3522; x_wconf 89' lang='lat' dir='ltr'><strong>ac</strong></span> <span class='ocrx_word' id='word_1_506' title='bbox 1841 3470 2113 3526; x_wconf 86' lang='lat' dir='ltr'><strong>moderari</strong></span> 
     </span>
    </p>
   </div>
   <div class='ocr_carea' id='block_1_67' title="bbox 547 3543 2112 3627">
    <p class='ocr_par' dir='ltr' id='par_1_67' title="bbox 547 3543 2112 3627">
     <span class='ocr_line' id='line_1_67' title="bbox 547 3543 2112 3627; baseline 0.012 -29"><span class='ocrx_word' id='word_1_507' title='bbox 547 3543 794 3612; x_wconf 79' lang='lat' dir='ltr'><strong>dixisset,</strong></span> <span class='ocrx_word' id='word_1_508' title='bbox 836 3551 995 3615; x_wconf 87' lang='lat' dir='ltr'><strong>aliam</strong></span> <span class='ocrx_word' id='word_1_509' title='bbox 1031 3553 1222 3607; x_wconf 82' lang='lat' dir='ltr'><strong>deinde</strong></span> <span class='ocrx_word' id='word_1_510' title='bbox 1271 3569 1491 3609; x_wconf 88' lang='lat' dir='ltr'><strong>causam</strong></span> <span class='ocrx_word' id='word_1_511' title='bbox 1539 3557 1941 3627; x_wconf 74' lang='lat' dir='ltr'><strong>assignaturum</strong></span> <span class='ocrx_word' id='word_1_512' title='bbox 1988 3578 2112 3616; x_wconf 91' lang='lat' dir='ltr'><strong>eum</strong></span> 
     </span>
    </p>
   </div>
   <div class='ocr_carea' id='block_1_68' title="bbox 547 3648 2112 3724">
    <p class='ocr_par' dir='ltr' id='par_1_68' title="bbox 547 3648 2112 3724">
     <span class='ocr_line' id='line_1_68' title="bbox 547 3648 2112 3724; baseline 0.012 -33"><span class='ocrx_word' id='word_1_513' title='bbox 547 3651 690 3705; x_wconf 85' lang='lat' dir='ltr'><strong>esse,</strong></span> <span class='ocrx_word' id='word_1_514' title='bbox 720 3655 882 3709; x_wconf 89' lang='lat' dir='ltr'><strong>quam</strong></span> <span class='ocrx_word' id='word_1_515' title='bbox 918 3652 976 3700; x_wconf 87' lang='lat' dir='ltr'><strong>ut</strong></span> <span class='ocrx_word' id='word_1_516' title='bbox 999 3659 1108 3713; x_wconf 91' lang='lat' dir='ltr'><strong>quo</strong></span> <span class='ocrx_word' id='word_1_517' title='bbox 1138 3660 1195 3699; x_wconf 92' lang='lat' dir='ltr'><strong>se</strong></span> <span class='ocrx_word' id='word_1_518' title='bbox 1240 3648 1399 3702; x_wconf 93' lang='lat' dir='ltr'><strong>modo</strong></span> <span class='ocrx_word' id='word_1_519' title='bbox 1431 3648 1708 3717; x_wconf 88' lang='lat' dir='ltr'><strong>haberent,</strong></span> <span class='ocrx_word' id='word_1_520' title='bbox 1749 3668 1812 3706; x_wconf 88' lang='lat' dir='ltr'><strong>eo</strong></span> <span class='ocrx_word' id='word_1_521' title='bbox 1839 3669 1897 3708; x_wconf 92' lang='lat' dir='ltr'><strong>se</strong></span> <span class='ocrx_word' id='word_1_522' title='bbox 1949 3671 2112 3724; x_wconf 88' lang='lat' dir='ltr'><strong>quam</strong></span> 
     </span>
    </p>
   </div>
   <div class='ocr_carea' id='block_1_69' title="bbox 550 3727 2113 3805">
    <p class='ocr_par' dir='ltr' id='par_1_69' title="bbox 550 3727 2113 3805">
     <span class='ocr_line' id='line_1_69' title="bbox 550 3727 2113 3805; baseline 0.013 -25"><span class='ocrx_word' id='word_1_523' title='bbox 550 3727 751 3795; x_wconf 90' lang='lat' dir='ltr'><strong>optime</strong></span> <span class='ocrx_word' id='word_1_524' title='bbox 809 3731 1007 3786; x_wconf 87' lang='lat' dir='ltr'><strong>habere</strong></span> <span class='ocrx_word' id='word_1_525' title='bbox 1058 3735 1425 3791; x_wconf 84' lang='lat' dir='ltr'><strong>conﬁrmaret.</strong></span> <span class='ocrx_word' id='word_1_526' title='bbox 1475 3739 1616 3805; x_wconf 86' lang='lat' dir='ltr'><strong>Quin</strong></span> <span class='ocrx_word' id='word_1_527' title='bbox 1665 3742 1754 3795; x_wconf 89' lang='lat' dir='ltr'><strong>ubi</strong></span> <span class='ocrx_word' id='word_1_528' title='bbox 1800 3749 1854 3797; x_wconf 89' lang='lat' dir='ltr'><strong>et</strong></span> <span class='ocrx_word' id='word_1_529' title='bbox 1893 3759 2113 3800; x_wconf 87' lang='lat' dir='ltr'><strong>causam</strong></span> 
     </span>
    </p>
   </div>
   <div class='ocr_carea' id='block_1_70' title="bbox 551 3819 2114 3904">
    <p class='ocr_par' dir='ltr' id='par_1_70' title="bbox 551 3819 2114 3904">
     <span class='ocr_line' id='line_1_70' title="bbox 551 3819 2114 3904; baseline 0.014 -35"><span class='ocrx_word' id='word_1_530' title='bbox 551 3819 779 3886; x_wconf 81' lang='lat' dir='ltr'><strong>singulis</strong></span> <span class='ocrx_word' id='word_1_531' title='bbox 825 3824 1121 3893; x_wconf 72' lang='lat' dir='ltr'><strong>propriam,</strong></span> <span class='ocrx_word' id='word_1_532' title='bbox 1159 3835 1212 3881; x_wconf 88' lang='lat' dir='ltr'><strong>et</strong></span> <span class='ocrx_word' id='word_1_533' title='bbox 1245 3830 1390 3899; x_wconf 87' lang='lat' dir='ltr'><strong>quod</strong></span> <span class='ocrx_word' id='word_1_534' title='bbox 1420 3832 1682 3898; x_wconf 78' lang='lat' dir='ltr'><strong>Optimum</strong></span> <span class='ocrx_word' id='word_1_535' title='bbox 1714 3835 1910 3904; x_wconf 90' lang='lat' dir='ltr'><strong>cuique</strong></span> <span class='ocrx_word' id='word_1_536' title='bbox 1955 3836 2114 3902; x_wconf 79' lang='lat' dir='ltr'><strong>foret,</strong></span> 
     </span>
    </p>
   </div>
   <div class='ocr_carea' id='block_1_71' title="bbox 549 3912 2119 3994">
    <p class='ocr_par' dir='ltr' id='par_1_71' title="bbox 549 3912 2119 3994">
     <span class='ocr_line' id='line_1_71' title="bbox 549 3912 2119 3994; baseline 0.013 -31"><span class='ocrx_word' id='word_1_537' title='bbox 549 3912 832 3980; x_wconf 69' lang='lat' dir='ltr'><strong>aequaliter</strong></span> <span class='ocrx_word' id='word_1_538' title='bbox 892 3919 1217 3986; x_wconf 81' lang='lat' dir='ltr'><strong>statuisset,</strong></span> <span class='ocrx_word' id='word_1_539' title='bbox 1269 3933 1382 3974; x_wconf 89' lang='lat' dir='ltr'><strong>tum</strong></span> <span class='ocrx_word' id='word_1_540' title='bbox 1441 3939 1570 3977; x_wconf 91' lang='lat' dir='ltr'><strong>vero</strong></span> <span class='ocrx_word' id='word_1_541' title='bbox 1640 3926 1897 3994; x_wconf 91' lang='lat' dir='ltr'><strong>quidnam</strong></span> <span class='ocrx_word' id='word_1_542' title='bbox 1955 3929 2119 3983; x_wconf 89' lang='lat' dir='ltr'><strong>simul</strong></span> 
     </span>
    </p>
   </div>
   <div class='ocr_carea' id='block_1_72' title="bbox 550 4009 2118 4086">
    <p class='ocr_par' dir='ltr' id='par_1_72' title="bbox 550 4009 2118 4086">
     <span class='ocr_line' id='line_1_72' title="bbox 550 4009 2118 4086; baseline 0.008 -25"><span class='ocrx_word' id='word_1_543' title='bbox 550 4009 807 4063; x_wconf 87' lang='lat' dir='ltr'><strong>omnibus</strong></span> <span class='ocrx_word' id='word_1_544' title='bbox 841 4011 1186 4076; x_wconf 90' lang='lat' dir='ltr'><strong>conduceret,</strong></span> <span class='ocrx_word' id='word_1_545' title='bbox 1242 4015 1490 4069; x_wconf 89' lang='lat' dir='ltr'><strong>universe</strong></span> <span class='ocrx_word' id='word_1_546' title='bbox 1537 4016 1905 4072; x_wconf 71' lang='lat' dir='ltr'><strong>deﬁnitul-um.</strong></span> <span class='ocrx_word' id='word_1_547' title='bbox 1943 4018 2118 4086; x_wconf 85' lang='lat' dir='ltr'><strong>Quam</strong></span> 
     </span>
    </p>
   </div>
   <div class='ocr_carea' id='block_1_73' title="bbox 548 4097 2121 4181">
    <p class='ocr_par' dir='ltr' id='par_1_73' title="bbox 548 4097 2121 4181">
     <span class='ocr_line' id='line_1_73' title="bbox 548 4097 2121 4181; baseline 0.011 -31"><span class='ocrx_word' id='word_1_548' title='bbox 548 4115 651 4168; x_wconf 78' lang='lat' dir='ltr'><strong>ego</strong></span> <span class='ocrx_word' id='word_1_549' title='bbox 683 4115 831 4168; x_wconf 88' lang='lat' dir='ltr'><strong>spem</strong></span> <span class='ocrx_word' id='word_1_550' title='bbox 871 4109 930 4154; x_wconf 91' lang='lat' dir='ltr'><strong>ut</strong></span> <span class='ocrx_word' id='word_1_551' title='bbox 964 4097 1312 4162; x_wconf 77' lang='lat' dir='ltr'><strong>ne&#39;maximo</strong></span> <span class='ocrx_word' id='word_1_552' title='bbox 1347 4107 1566 4176; x_wconf 89' lang='lat' dir='ltr'><strong>quidem</strong></span> <span class='ocrx_word' id='word_1_553' title='bbox 1608 4111 1778 4177; x_wconf 90' lang='lat' dir='ltr'><strong>pretio</strong></span> <span class='ocrx_word' id='word_1_554' title='bbox 1815 4123 2121 4181; x_wconf 83' lang='lat' dir='ltr'><strong>permutas-</strong></span> 
     </span>
    </p>
   </div>
   <div class='ocr_carea' id='block_1_74' title="bbox 551 4192 2120 4275">
    <p class='ocr_par' dir='ltr' id='par_1_74' title="bbox 551 4192 2120 4275">
     <span class='ocr_line' id='line_1_74' title="bbox 551 4192 2120 4275; baseline 0.011 -31"><span class='ocrx_word' id='word_1_555' title='bbox 551 4207 689 4254; x_wconf 81' lang='lat' dir='ltr'><strong>sem,</strong></span> <span class='ocrx_word' id='word_1_556' title='bbox 745 4192 815 4246; x_wconf 88' lang='lat' dir='ltr'><strong>ita</strong></span> <span class='ocrx_word' id='word_1_557' title='bbox 868 4192 1037 4248; x_wconf 90' lang='lat' dir='ltr'><strong>libros</strong></span> <span class='ocrx_word' id='word_1_558' title='bbox 1083 4193 1204 4254; x_wconf 78' lang='lat' dir='ltr'><strong>illos.</strong></span> <span class='ocrx_word' id='word_1_559' title='bbox 1249 4198 1553 4254; x_wconf 86' lang='lat' dir='ltr'><strong>vehementi</strong></span> <span class='ocrx_word' id='word_1_560' title='bbox 1592 4203 1826 4271; x_wconf 89' lang='lat' dir='ltr'><strong>quodam</strong></span> <span class='ocrx_word' id='word_1_561' title='bbox 1875 4215 2120 4275; x_wconf 89' lang='lat' dir='ltr'><strong>arreptos</strong></span> 
     </span>
    </p>
   </div>
   <div class='ocr_carea' id='block_1_75' title="bbox 553 4286 2124 4364">
    <p class='ocr_par' dir='ltr' id='par_1_75' title="bbox 553 4286 2124 4364">
     <span class='ocr_line' id='line_1_75' title="bbox 553 4286 2124 4364; baseline 0.01 -26"><span class='ocrx_word' id='word_1_562' title='bbox 553 4286 767 4350; x_wconf 88' lang='lat' dir='ltr'><strong>studio,</strong></span> <span class='ocrx_word' id='word_1_563' title='bbox 829 4303 990 4357; x_wconf 90' lang='lat' dir='ltr'><strong>quam</strong></span> <span class='ocrx_word' id='word_1_564' title='bbox 1046 4290 1325 4358; x_wconf 87' lang='lat' dir='ltr'><strong>celerrime</strong></span> <span class='ocrx_word' id='word_1_565' title='bbox 1369 4301 1612 4361; x_wconf 87' lang='lat' dir='ltr'><strong>poteram</strong></span> <span class='ocrx_word' id='word_1_566' title='bbox 1682 4298 2016 4364; x_wconf 83' lang='lat' dir='ltr'><strong>evolvebam,</strong></span> <span class='ocrx_word' id='word_1_567' title='bbox 2064 4311 2124 4354; x_wconf 94' lang='lat' dir='ltr'><strong>ut</strong></span> 
     </span>
    </p>
   </div>
   <div class='ocr_carea' id='block_1_76' title="bbox 519 4378 2119 4460">
    <p class='ocr_par' dir='ltr' id='par_1_76' title="bbox 519 4378 2119 4460">
     <span class='ocr_line' id='line_1_76' title="bbox 519 4378 2119 4460; baseline 0.009 -31"><span class='ocrx_word' id='word_1_568' title='bbox 519 4378 682 4457; x_wconf 48' lang='lat' dir='ltr'><strong>.quid</strong></span> <span class='ocrx_word' id='word_1_569' title='bbox 725 4378 987 4447; x_wconf 91' lang='lat' dir='ltr'><strong>optimum</strong></span> <span class='ocrx_word' id='word_1_570' title='bbox 1036 4391 1215 4445; x_wconf 83' lang='lat' dir='ltr'><strong>esset,</strong></span> <span class='ocrx_word' id='word_1_571' title='bbox 1254 4385 1470 4452; x_wconf 79' lang='lat' dir='ltr'><strong>quidve</strong></span> <span class='ocrx_word' id='word_1_572' title='bbox 1517 4387 1908 4455; x_wconf 87' lang='lat' dir='ltr'><strong>deterrimum,</strong></span> <span class='ocrx_word' id='word_1_573' title='bbox 1955 4406 2119 4460; x_wconf 91' lang='lat' dir='ltr'><strong>quam</strong></span> 
     </span>
    </p>
   </div>
   <div class='ocr_carea' id='block_1_77' title="bbox 550 4473 2114 4554">
    <p class='ocr_par' dir='ltr' id='par_1_77' title="bbox 550 4473 2114 4554">
     <span class='ocr_line' id='line_1_77' title="bbox 550 4473 2114 4554; baseline 0.007 -29"><span class='ocrx_word' id='word_1_574' title='bbox 550 4473 816 4535; x_wconf 75' lang='lat' dir='ltr'><strong>citissime</strong></span> <span class='ocrx_word' id='word_1_575' title='bbox 860 4488 1266 4543; x_wconf 80' lang='lat' dir='ltr'><strong>cognoscerem.</strong></span> <span class='ocrx_word' id='word_1_576' title='bbox 1303 4475 1416 4536; x_wconf 84' lang='lat' dir='ltr'><strong>Hae</strong></span> <span class='ocrx_word' id='word_1_577' title='bbox 1460 4495 1559 4549; x_wconf 83' lang='lat' dir='ltr'><strong>ego</strong></span> <span class='ocrx_word' id='word_1_578' title='bbox 1593 4495 1689 4549; x_wconf 89' lang='lat' dir='ltr'><strong>spe</strong></span> <span class='ocrx_word' id='word_1_579' title='bbox 1741 4491 1847 4538; x_wconf 88' lang='lat' dir='ltr'><strong>tam</strong></span> <span class='ocrx_word' id='word_1_580' title='bbox 1879 4485 2114 4554; x_wconf 75' lang='lat' dir='ltr'><strong>egregia,</strong></span> 
     </span>
    </p>
   </div>
   <div class='ocr_carea' id='block_1_78' title="bbox 2221 3269 3766 3341">
    <p class='ocr_par' dir='ltr' id='par_1_78' title="bbox 2221 3269 3766 3341">
     <span class='ocr_line' id='line_1_78' title="bbox 2221 3269 3766 3341; baseline -0.003 -16"><span class='ocrx_word' id='word_1_581' title='bbox 2221 3272 2398 3325; x_wconf 72' lang='grc' dir='ltr'>κοινὸν</span> <span class='ocrx_word' id='word_1_582' title='bbox 2432 3274 2596 3324; x_wconf 80' lang='grc' dir='ltr'>πᾶσιν</span> <span class='ocrx_word' id='word_1_583' title='bbox 2654 3269 3104 3341; x_wconf 83' lang='grc' dir='ltr'>ἐπιδιηγήσεσθαι</span> <span class='ocrx_word' id='word_1_584' title='bbox 3143 3270 3364 3338; x_wconf 77' lang='grc' dir='ltr'>ἀγαθόν.</span> <span class='ocrx_word' id='word_1_585' title='bbox 3427 3270 3538 3322; x_wconf 73' lang='grc' dir='ltr'>Καὶ</span> <span class='ocrx_word' id='word_1_586' title='bbox 3583 3269 3682 3321; x_wconf 75' lang='grc' dir='ltr'>οὐδ’</span> <span class='ocrx_word' id='word_1_587' title='bbox 3714 3269 3766 3322; x_wconf 82' lang='grc' dir='ltr'>ἂν</span> 
     </span>
    </p>
   </div>
   <div class='ocr_carea' id='block_1_79' title="bbox 2214 3363 3768 3436">
    <p class='ocr_par' dir='ltr' id='par_1_79' title="bbox 2214 3363 3768 3436">
     <span class='ocr_line' id='line_1_79' title="bbox 2214 3363 3768 3436; baseline -0.001 -19"><span class='ocrx_word' id='word_1_588' title='bbox 2214 3364 2488 3436; x_wconf 73' lang='grc' dir='ltr'>ἀπεδόμην</span> <span class='ocrx_word' id='word_1_589' title='bbox 2525 3363 2718 3417; x_wconf 85' lang='grc' dir='ltr'>πολλοῦ</span> <span class='ocrx_word' id='word_1_590' title='bbox 2773 3365 2871 3427; x_wconf 76' lang='grc' dir='ltr'>τὰς</span> <span class='ocrx_word' id='word_1_591' title='bbox 2921 3363 3158 3426; x_wconf 68' lang='grc' dir='ltr'>ἐλπίδαςο</span> <span class='ocrx_word' id='word_1_592' title='bbox 3215 3363 3350 3416; x_wconf 79' lang='grc' dir='ltr'>ἀλλὰ</span> <span class='ocrx_word' id='word_1_593' title='bbox 3395 3363 3538 3416; x_wconf 90' lang='grc' dir='ltr'>πάνυ</span> <span class='ocrx_word' id='word_1_594' title='bbox 3594 3363 3768 3432; x_wconf 78' lang='grc' dir='ltr'>σπουδῇ</span> 
     </span>
    </p>
   </div>
   <div class='ocr_carea' id='block_1_80' title="bbox 2211 3451 3770 3527">
    <p class='ocr_par' dir='ltr' id='par_1_80' title="bbox 2211 3451 3770 3527">
     <span class='ocr_line' id='line_1_80' title="bbox 2211 3451 3770 3527; baseline -0.004 -16"><span class='ocrx_word' id='word_1_595' title='bbox 2211 3457 2390 3516; x_wconf 82' lang='grc' dir='ltr'>λαϐῶν</span> <span class='ocrx_word' id='word_1_596' title='bbox 2416 3456 2513 3520; x_wconf 81' lang='grc' dir='ltr'><strong>τὰς</strong></span> <span class='ocrx_word' id='word_1_597' title='bbox 2541 3457 2769 3527; x_wconf 81' lang='grc' dir='ltr'>βίϐλους,</span> <span class='ocrx_word' id='word_1_598' title='bbox 2793 3457 2866 3519; x_wconf 85' lang='grc' dir='ltr'>ὼς</span> <span class='ocrx_word' id='word_1_599' title='bbox 2888 3457 3117 3526; x_wconf 87' lang='grc' dir='ltr'>τάχιστα</span> <span class='ocrx_word' id='word_1_600' title='bbox 3132 3451 3241 3518; x_wconf 79' lang='grc' dir='ltr'>οἷός</span> <span class='ocrx_word' id='word_1_601' title='bbox 3258 3474 3286 3508; x_wconf 87' lang='grc' dir='ltr'><strong>τ</strong></span> <span class='ocrx_word' id='word_1_602' title='bbox 3304 3456 3315 3468; x_wconf 77' lang='grc'><strong><em>⁸</em></strong></span> <span class='ocrx_word' id='word_1_603' title='bbox 3329 3452 3395 3527; x_wconf 76' lang='grc' dir='ltr'>ἦν</span> <span class='ocrx_word' id='word_1_604' title='bbox 3416 3454 3770 3522; x_wconf 84' lang='grc' dir='ltr'>ἀνεγίνωσκον,</span> 
     </span>
    </p>
   </div>
   <div class='ocr_carea' id='block_1_81' title="bbox 2217 3547 3768 3619">
    <p class='ocr_par' dir='ltr' id='par_1_81' title="bbox 2217 3547 3768 3619">
     <span class='ocr_line' id='line_1_81' title="bbox 2217 3547 3768 3619; baseline -0.002 -17"><span class='ocrx_word' id='word_1_605' title='bbox 2217 3549 2283 3602; x_wconf 78' lang='grc' dir='ltr'><strong>ἵν’</strong></span> <span class='ocrx_word' id='word_1_606' title='bbox 2313 3549 2388 3612; x_wconf 81' lang='grc' dir='ltr'>ὡς</span> <span class='ocrx_word' id='word_1_607' title='bbox 2421 3549 2650 3619; x_wconf 84' lang='grc' dir='ltr'>τάχιστα</span> <span class='ocrx_word' id='word_1_608' title='bbox 2697 3548 2894 3619; x_wconf 86' lang='grc' dir='ltr'>εἰδείην</span> <span class='ocrx_word' id='word_1_609' title='bbox 2958 3547 3019 3599; x_wconf 84' lang='grc' dir='ltr'><strong>τὸ</strong></span> <span class='ocrx_word' id='word_1_610' title='bbox 3074 3547 3347 3616; x_wconf 79' lang='grc' dir='ltr'>βέλτιστον</span> <span class='ocrx_word' id='word_1_611' title='bbox 3382 3548 3478 3600; x_wconf 76' lang='grc' dir='ltr'>καὶ</span> <span class='ocrx_word' id='word_1_612' title='bbox 3509 3547 3570 3598; x_wconf 82' lang='grc' dir='ltr'><strong>τὸ</strong></span> <span class='ocrx_word' id='word_1_613' title='bbox 3595 3547 3768 3617; x_wconf 86' lang='grc' dir='ltr'>χεῖρον.</span> 
     </span>
    </p>
   </div>
   <div class='ocr_carea' id='block_1_82' title="bbox 2228 3635 3768 3711">
    <p class='ocr_par' dir='ltr' id='par_1_82' title="bbox 2228 3635 3768 3711">
     <span class='ocr_line' id='line_1_82' title="bbox 2228 3635 3768 3711; baseline -0.005 -15"><span class='ocrx_word' id='word_1_614' title='bbox 2228 3641 2360 3697; x_wconf 84' lang='grc' dir='ltr'>Ἀπὸ</span> <span class='ocrx_word' id='word_1_615' title='bbox 2393 3641 2457 3711; x_wconf 85' lang='grc' dir='ltr'>δὴ</span> <span class='ocrx_word' id='word_1_616' title='bbox 2505 3641 2841 3710; x_wconf 84' lang='grc' dir='ltr'>θαυμαστῆς,</span> <span class='ocrx_word' id='word_1_617' title='bbox 2883 3635 2924 3693; x_wconf 69' lang='grc' dir='ltr'>ὦ</span> <span class='ocrx_word' id='word_1_618' title='bbox 2973 3641 3176 3708; x_wconf 80' lang='grc' dir='ltr'>ἑταῖρε,</span> <span class='ocrx_word' id='word_1_619' title='bbox 3209 3639 3420 3702; x_wconf 79' lang='grc' dir='ltr'>ἐλπίδος</span> <span class='ocrx_word' id='word_1_620' title='bbox 3451 3638 3667 3710; x_wconf 80' lang='grc' dir='ltr'>ᾠχόμην</span> <span class='ocrx_word' id='word_1_621' title='bbox 3692 3654 3768 3705; x_wconf 81' lang='grc' dir='ltr'>φε-</span> 
     </span>
    </p>
   </div>
   <div class='ocr_carea' id='block_1_83' title="bbox 2221 3730 3768 3805">
    <p class='ocr_par' dir='ltr' id='par_1_83' title="bbox 2221 3730 3768 3805">
     <span class='ocr_line' id='line_1_83' title="bbox 2221 3730 3768 3805; baseline -0.004 -19"><span class='ocrx_word' id='word_1_622' title='bbox 2221 3733 2466 3805; x_wconf 83' lang='grc' dir='ltr'>ρόμενος.</span> <span class='ocrx_word' id='word_1_623' title='bbox 2513 3734 2664 3786; x_wconf 56' lang='grc' dir='ltr'><strong>Ἐπεὶ⁹</strong></span> <span class='ocrx_word' id='word_1_624' title='bbox 2707 3733 2763 3787; x_wconf 85' lang='grc' dir='ltr'><strong>δὲ</strong></span> <span class='ocrx_word' id='word_1_625' title='bbox 2818 3731 3019 3804; x_wconf 84' lang='grc' dir='ltr'>προϊὼν</span> <span class='ocrx_word' id='word_1_626' title='bbox 3064 3732 3194 3803; x_wconf 80' lang='lat'><strong>(80),</strong></span> <span class='ocrx_word' id='word_1_627' title='bbox 3256 3733 3349 3784; x_wconf 74' lang='grc' dir='ltr'>καὶ</span> <span class='ocrx_word' id='word_1_628' title='bbox 3390 3730 3768 3799; x_wconf 81' lang='grc' dir='ltr'>ἀναγινώσκων,</span> 
     </span>
    </p>
   </div>
   <div class='ocr_carea' id='block_1_84' title="bbox 2216 3821 3771 3896">
    <p class='ocr_par' dir='ltr' id='par_1_84' title="bbox 2216 3821 3771 3896">
     <span class='ocr_line' id='line_1_84' title="bbox 2216 3821 3771 3896; baseline -0.003 -19"><span class='ocrx_word' id='word_1_629' title='bbox 2216 3826 2327 3895; x_wconf 88' lang='grc' dir='ltr'>ὁρῶ</span> <span class='ocrx_word' id='word_1_630' title='bbox 2352 3826 2520 3896; x_wconf 76' lang='grc' dir='ltr'>ἄνδρα</span> <span class='ocrx_word' id='word_1_631' title='bbox 2539 3824 2617 3895; x_wconf 82' lang='grc' dir='ltr'>τῷ</span> <span class='ocrx_word' id='word_1_632' title='bbox 2667 3824 2763 3895; x_wconf 77' lang='grc' dir='ltr'>μὲν</span> <span class='ocrx_word' id='word_1_633' title='bbox 2791 3825 2869 3895; x_wconf 81' lang='grc' dir='ltr'>νῷ</span> <span class='ocrx_word' id='word_1_634' title='bbox 2915 3824 3068 3876; x_wconf 77' lang='grc' dir='ltr'>οὐδὲν</span> <span class='ocrx_word' id='word_1_635' title='bbox 3117 3821 3418 3895; x_wconf 80' lang='grc' dir='ltr'>χρώμενον,</span> <span class='ocrx_word' id='word_1_636' title='bbox 3475 3822 3598 3875; x_wconf 78' lang='grc' dir='ltr'>οὐδέ</span> <span class='ocrx_word' id='word_1_637' title='bbox 3649 3838 3771 3882; x_wconf 78' lang='grc' dir='ltr'>τινας</span> 
     </span>
    </p>
   </div>
   <div class='ocr_carea' id='block_1_85' title="bbox 2219 3916 3768 3988">
    <p class='ocr_par' dir='ltr' id='par_1_85' title="bbox 2219 3916 3768 3988">
     <span class='ocr_line' id='line_1_85' title="bbox 2219 3916 3768 3988; baseline -0.003 -17"><span class='ocrx_word' id='word_1_638' title='bbox 2219 3919 2398 3982; x_wconf 87' lang='grc' dir='ltr'>αἰτίας</span> <span class='ocrx_word' id='word_1_639' title='bbox 2428 3917 2823 3988; x_wconf 82' lang='grc' dir='ltr'>ἑπαιτιώμενον</span> <span class='ocrx_word' id='word_1_640' title='bbox 2841 3920 2922 3981; x_wconf 85' lang='grc' dir='ltr'><strong>εἰς</strong></span> <span class='ocrx_word' id='word_1_641' title='bbox 2951 3918 3010 3970; x_wconf 84' lang='grc' dir='ltr'><strong>τὸ</strong></span> <span class='ocrx_word' id='word_1_642' title='bbox 3039 3918 3350 3986; x_wconf 77' lang='grc' dir='ltr'>διακοσμεῖν</span> <span class='ocrx_word' id='word_1_643' title='bbox 3378 3916 3446 3969; x_wconf 78' lang='grc' dir='ltr'><strong>τά</strong></span> <span class='ocrx_word' id='word_1_644' title='bbox 3475 3917 3768 3988; x_wconf 81' lang='grc' dir='ltr'>πράγματα,</span> 
     </span>
    </p>
   </div>
   <div class='ocr_carea' id='block_1_86' title="bbox 2219 4007 3772 4081">
    <p class='ocr_par' dir='ltr' id='par_1_86' title="bbox 2219 4007 3772 4081">
     <span class='ocr_line' id='line_1_86' title="bbox 2219 4007 3772 4081; baseline -0.004 -17"><span class='ocrx_word' id='word_1_645' title='bbox 2219 4009 2387 4081; x_wconf 80' lang='grc' dir='ltr'>ἀέρας</span> <span class='ocrx_word' id='word_1_646' title='bbox 2419 4009 2496 4073; x_wconf 82' lang='grc' dir='ltr'>δὲ,</span> <span class='ocrx_word' id='word_1_647' title='bbox 2543 4011 2636 4063; x_wconf 74' lang='grc' dir='ltr'>καὶ</span> <span class='ocrx_word' id='word_1_648' title='bbox 2667 4009 2908 4081; x_wconf 86' lang='grc' dir='ltr'>αἰθέρας,</span> <span class='ocrx_word' id='word_1_649' title='bbox 2956 4009 3048 4062; x_wconf 73' lang='grc' dir='ltr'>καὶ</span> <span class='ocrx_word' id='word_1_650' title='bbox 3087 4009 3251 4063; x_wconf 78' lang='grc' dir='ltr'>ὕδατα</span> <span class='ocrx_word' id='word_1_651' title='bbox 3303 4007 3653 4080; x_wconf 83' lang='grc' dir='ltr'>αἰτιώμενον,</span> <span class='ocrx_word' id='word_1_652' title='bbox 3697 4007 3772 4060; x_wconf 76' lang='grc' dir='ltr'>καὶ</span> 
     </span>
    </p>
   </div>
   <div class='ocr_carea' id='block_1_87' title="bbox 2221 4101 3770 4173">
    <p class='ocr_par' dir='ltr' id='par_1_87' title="bbox 2221 4101 3770 4173">
     <span class='ocr_line' id='line_1_87' title="bbox 2221 4101 3770 4173; baseline -0.006 -14"><span class='ocrx_word' id='word_1_653' title='bbox 2221 4105 2355 4159; x_wconf 83' lang='grc' dir='ltr'>ἄλλα</span> <span class='ocrx_word' id='word_1_654' title='bbox 2390 4103 2560 4157; x_wconf 81' lang='grc' dir='ltr'>πολλὰ</span> <span class='ocrx_word' id='word_1_655' title='bbox 2593 4105 2685 4157; x_wconf 73' lang='grc' dir='ltr'><strong>καὶ</strong></span> <span class='ocrx_word' id='word_1_656' title='bbox 2732 4105 2924 4158; x_wconf 82' lang='grc' dir='ltr'>ἄτοπα.</span> <span class='ocrx_word' id='word_1_657' title='bbox 2982 4103 3091 4155; x_wconf 86' lang='grc' dir='ltr'>Καί</span> <span class='ocrx_word' id='word_1_658' title='bbox 3148 4121 3236 4173; x_wconf 89' lang='grc' dir='ltr'><strong>μοι</strong></span> <span class='ocrx_word' id='word_1_659' title='bbox 3283 4101 3458 4166; x_wconf 75' lang='grc' dir='ltr'>ἔδοξεν</span> <span class='ocrx_word' id='word_1_660' title='bbox 3484 4102 3770 4172; x_wconf 83' lang='grc' dir='ltr'>ὁμοιότατον</span> 
     </span>
    </p>
   </div>
   <div class='ocr_carea' id='block_1_88' title="bbox 2223 4193 3771 4267">
    <p class='ocr_par' dir='ltr' id='par_1_88' title="bbox 2223 4193 3771 4267">
     <span class='ocr_line' id='line_1_88' title="bbox 2223 4193 3771 4267; baseline -0.003 -18"><span class='ocrx_word' id='word_1_661' title='bbox 2223 4196 2566 4256; x_wconf 88' lang='grc' dir='ltr'>πεπονθέναι,</span> <span class='ocrx_word' id='word_1_662' title='bbox 2619 4195 2808 4267; x_wconf 82' lang='grc' dir='ltr'>ὥσπερ</span> <span class='ocrx_word' id='word_1_663' title='bbox 2839 4195 2904 4248; x_wconf 79' lang='grc' dir='ltr'><strong>ἂν</strong></span> <span class='ocrx_word' id='word_1_664' title='bbox 2933 4196 2983 4248; x_wconf 79' lang='grc' dir='ltr'>εἴ</span> <span class='ocrx_word' id='word_1_665' title='bbox 3010 4212 3092 4259; x_wconf 85' lang='grc' dir='ltr'><strong>τις</strong></span> <span class='ocrx_word' id='word_1_666' title='bbox 3121 4195 3324 4263; x_wconf 81' lang='grc' dir='ltr'>λέγων,</span> <span class='ocrx_word' id='word_1_667' title='bbox 3373 4195 3455 4248; x_wconf 81' lang='grc' dir='ltr'>ὅτι</span> <span class='ocrx_word' id='word_1_668' title='bbox 3505 4193 3771 4265; x_wconf 81' lang='grc' dir='ltr'>Σωκράτης</span> 
     </span>
    </p>
   </div>
   <div class='ocr_carea' id='block_1_89' title="bbox 2223 4283 3772 4358">
    <p class='ocr_par' dir='ltr' id='par_1_89' title="bbox 2223 4283 3772 4358">
     <span class='ocr_line' id='line_1_89' title="bbox 2223 4283 3772 4358; baseline -0.003 -20"><span class='ocrx_word' id='word_1_669' title='bbox 2223 4287 2399 4341; x_wconf 83' lang='grc' dir='ltr'>πάντα</span> <span class='ocrx_word' id='word_1_670' title='bbox 2419 4288 2520 4340; x_wconf 85' lang='grc' dir='ltr'>ὅσα</span> <span class='ocrx_word' id='word_1_671' title='bbox 2557 4287 2804 4358; x_wconf 87' lang='grc' dir='ltr'>πράττει,</span> <span class='ocrx_word' id='word_1_672' title='bbox 2836 4284 2910 4355; x_wconf 83' lang='grc' dir='ltr'><strong>νῷ</strong></span> <span class='ocrx_word' id='word_1_673' title='bbox 2945 4285 3192 4355; x_wconf 87' lang='grc' dir='ltr'>πράττει,</span> <span class='ocrx_word' id='word_1_674' title='bbox 3253 4284 3488 4338; x_wconf 80' lang='grc' dir='ltr'>κᾶπειτα</span> <span class='ocrx_word' id='word_1_675' title='bbox 3523 4283 3772 4353; x_wconf 79' lang='grc' dir='ltr'>ἑπιχειρή·</span> 
     </span>
    </p>
   </div>
   <div class='ocr_carea' id='block_1_90' title="bbox 2225 4372 3772 4449">
    <p class='ocr_par' dir='ltr' id='par_1_90' title="bbox 2225 4372 3772 4449">
     <span class='ocr_line' id='line_1_90' title="bbox 2225 4372 3772 4449; baseline -0.005 -17"><span class='ocrx_word' id='word_1_676' title='bbox 2225 4398 2322 4444; x_wconf 89' lang='grc' dir='ltr'><strong>σας</strong></span> <span class='ocrx_word' id='word_1_677' title='bbox 2351 4381 2527 4449; x_wconf 86' lang='grc' dir='ltr'>λέγειν</span> <span class='ocrx_word' id='word_1_678' title='bbox 2576 4379 2673 4442; x_wconf 81' lang='grc' dir='ltr'>τὰς</span> <span class='ocrx_word' id='word_1_679' title='bbox 2722 4379 2899 4442; x_wconf 85' lang='grc' dir='ltr'>αἰτίας</span> <span class='ocrx_word' id='word_1_680' title='bbox 2944 4378 3186 4431; x_wconf 84' lang='grc' dir='ltr'>ἑκάστων</span> <span class='ocrx_word' id='word_1_681' title='bbox 3215 4372 3290 4431; x_wconf 82' lang='grc' dir='ltr'>ὧν</span> <span class='ocrx_word' id='word_1_682' title='bbox 3345 4379 3589 4449; x_wconf 87' lang='grc' dir='ltr'>πράττω,</span> <span class='ocrx_word' id='word_1_683' title='bbox 3647 4375 3772 4442; x_wconf 84' lang='grc' dir='ltr'>λέγοι</span> 
     </span>
    </p>
   </div>
   <div class='ocr_carea' id='block_1_91' title="bbox 2227 4468 3772 4544">
    <p class='ocr_par' dir='ltr' id='par_1_91' title="bbox 2227 4468 3772 4544">
     <span class='ocr_line' id='line_1_91' title="bbox 2227 4468 3772 4544; baseline -0.004 -20"><span class='ocrx_word' id='word_1_684' title='bbox 2227 4471 2440 4544; x_wconf 85' lang='grc' dir='ltr'>πρῶτον</span> <span class='ocrx_word' id='word_1_685' title='bbox 2476 4472 2572 4542; x_wconf 83' lang='grc' dir='ltr'><strong>μὲν</strong></span> <span class='ocrx_word' id='word_1_686' title='bbox 2598 4473 2678 4524; x_wconf 86' lang='grc' dir='ltr'>ὅτι</span> <span class='ocrx_word' id='word_1_687' title='bbox 2702 4470 2884 4524; x_wconf 72' lang='grc' dir='ltr'>ἐνθάδε</span> <span class='ocrx_word' id='word_1_688' title='bbox 2938 4469 3026 4523; x_wconf 84' lang='grc' dir='ltr'>διὰ</span> <span class='ocrx_word' id='word_1_689' title='bbox 3057 4469 3228 4524; x_wconf 90' lang='grc' dir='ltr'>ταῦτα</span> <span class='ocrx_word' id='word_1_690' title='bbox 3277 4468 3371 4522; x_wconf 92' lang='grc' dir='ltr'><strong>νῦν</strong></span> <span class='ocrx_word' id='word_1_691' title='bbox 3402 4469 3663 4540; x_wconf 85' lang='grc' dir='ltr'>κάθημαι,</span> <span class='ocrx_word' id='word_1_692' title='bbox 3707 4468 3772 4519; x_wconf 77' lang='grc' dir='ltr'>ὅτι</span> 
     </span>
    </p>
   </div>
   <div class='ocr_carea' id='block_1_92' title="bbox 552 4557 2118 4642">
    <p class='ocr_par' dir='ltr' id='par_1_92' title="bbox 552 4562 2118 4642">
     <span class='ocr_line' id='line_1_92' title="bbox 552 4562 2118 4642; baseline 0.009 -26"><span class='ocrx_word' id='word_1_693' title='bbox 552 4564 628 4620; x_wconf 78' lang='lat' dir='ltr'><strong>ini</strong></span> <span class='ocrx_word' id='word_1_694' title='bbox 662 4562 855 4626; x_wconf 86' lang='lat' dir='ltr'><strong>Cebes,</strong></span> <span class='ocrx_word' id='word_1_695' title='bbox 888 4565 1143 4620; x_wconf 90' lang='lat' dir='ltr'><strong>incitatus</strong></span> <span class='ocrx_word' id='word_1_696' title='bbox 1177 4580 1337 4636; x_wconf 88' lang='lat' dir='ltr'><strong>atque</strong></span> <span class='ocrx_word' id='word_1_697' title='bbox 1370 4569 1566 4626; x_wconf 86' lang='lat' dir='ltr'><strong>ardens</strong></span> <span class='ocrx_word' id='word_1_698' title='bbox 1591 4571 1820 4627; x_wconf 81' lang='lat' dir='ltr'><strong>ferebar.</strong></span> <span class='ocrx_word' id='word_1_699' title='bbox 1863 4575 1931 4628; x_wconf 86' lang='lat' dir='ltr'><strong>At</strong></span> <span class='ocrx_word' id='word_1_700' title='bbox 1969 4592 2118 4642; x_wconf 89' lang='lat' dir='ltr'><strong>vero,</strong></span> 
     </span>
    </p>
   </div>
   <div class='ocr_carea' id='block_1_93' title="bbox 2220 4557 3774 4642">
    <p class='ocr_par' dir='ltr' id='par_1_93' title="bbox 2225 4557 3774 4632">
     <span class='ocr_line' id='line_1_93' title="bbox 2225 4557 3774 4632; baseline -0.005 -17"><span class='ocrx_word' id='word_1_701' title='bbox 2225 4563 2506 4631; x_wconf 86' lang='grc' dir='ltr'>σύγκειταί</span> <span class='ocrx_word' id='word_1_702' title='bbox 2549 4579 2648 4632; x_wconf 74' lang='grc' dir='ltr'>μοι.</span> <span class='ocrx_word' id='word_1_703' title='bbox 2680 4562 2738 4613; x_wconf 87' lang='grc' dir='ltr'><strong>τὸ</strong></span> <span class='ocrx_word' id='word_1_704' title='bbox 2765 4561 2923 4631; x_wconf 87' lang='grc' dir='ltr'>σῶμα</span> <span class='ocrx_word' id='word_1_705' title='bbox 2956 4560 3014 4627; x_wconf 82' lang='grc' dir='ltr'><strong>ἑξ</strong></span> <span class='ocrx_word' id='word_1_706' title='bbox 3037 4561 3205 4613; x_wconf 79' lang='grc' dir='ltr'>ὀστῶν</span> <span class='ocrx_word' id='word_1_707' title='bbox 3237 4560 3326 4613; x_wconf 74' lang='grc' dir='ltr'><strong>καὶ</strong></span> <span class='ocrx_word' id='word_1_708' title='bbox 3353 4559 3580 4631; x_wconf 74' lang='grc' dir='ltr'>νεύρων·</span> <span class='ocrx_word' id='word_1_709' title='bbox 3611 4561 3697 4612; x_wconf 73' lang='grc' dir='ltr'><strong>καὶ</strong></span> <span class='ocrx_word' id='word_1_710' title='bbox 3718 4557 3774 4609; x_wconf 87' lang='grc' dir='ltr'>τὰ</span> 
     </span>
    </p>
   </div>
   <div class='ocr_carea' id='block_1_94' title="bbox 552 4656 2121 4728">
    <p class='ocr_par' dir='ltr' id='par_1_94' title="bbox 552 4656 2121 4728">
     <span class='ocr_line' id='line_1_94' title="bbox 552 4656 2121 4728; baseline 0.006 -18"><span class='ocrx_word' id='word_1_711' title='bbox 552 4657 680 4710; x_wconf 80' lang='lat' dir='ltr'><strong>dum</strong></span> <span class='ocrx_word' id='word_1_712' title='bbox 734 4656 960 4727; x_wconf 80' lang='lat' dir='ltr'><strong>legendo</strong></span> <span class='ocrx_word' id='word_1_713' title='bbox 1015 4659 1362 4728; x_wconf 81' lang='lat' dir='ltr'><strong>progredior,</strong></span> <span class='ocrx_word' id='word_1_714' title='bbox 1413 4660 1684 4716; x_wconf 89' lang='lat' dir='ltr'><strong>hominem</strong></span> <span class='ocrx_word' id='word_1_715' title='bbox 1734 4663 1889 4718; x_wconf 88' lang='lat' dir='ltr'><strong>video</strong></span> <span class='ocrx_word' id='word_1_716' title='bbox 1944 4675 2121 4720; x_wconf 88' lang='lat' dir='ltr'><strong>mente</strong></span> 
     </span>
    </p>
   </div>
   <div class='ocr_carea' id='block_1_95' title="bbox 555 4749 2123 4820">
    <p class='ocr_par' dir='ltr' id='par_1_95' title="bbox 555 4749 2123 4820">
     <span class='ocr_line' id='line_1_95' title="bbox 555 4749 2123 4820; baseline 0.007 -19"><span class='ocrx_word' id='word_1_717' title='bbox 555 4763 824 4817; x_wconf 88' lang='lat' dir='ltr'><strong>nusquam</strong></span> <span class='ocrx_word' id='word_1_718' title='bbox 877 4749 1000 4815; x_wconf 81' lang='lat' dir='ltr'><strong>uti,</strong></span> <span class='ocrx_word' id='word_1_719' title='bbox 1060 4760 1395 4820; x_wconf 83' lang='lat' dir='ltr'><strong>ornatusque</strong></span> <span class='ocrx_word' id='word_1_720' title='bbox 1451 4769 1631 4808; x_wconf 91' lang='lat' dir='ltr'><strong>rerum</strong></span> <span class='ocrx_word' id='word_1_721' title='bbox 1689 4770 1885 4811; x_wconf 87' lang='lat' dir='ltr'><strong>causas</strong></span> <span class='ocrx_word' id='word_1_722' title='bbox 1931 4757 2123 4813; x_wconf 80' lang='lat' dir='ltr'><strong>all&#39;erre</strong></span> 
     </span>
    </p>
   </div>
   <div class='ocr_carea' id='block_1_96' title="bbox 555 4841 2120 4914">
    <p class='ocr_par' dir='ltr' id='par_1_96' title="bbox 555 4841 2120 4914">
     <span class='ocr_line' id='line_1_96' title="bbox 555 4841 2120 4914; baseline 0.008 -22"><span class='ocrx_word' id='word_1_723' title='bbox 555 4841 752 4905; x_wconf 87' lang='lat' dir='ltr'><strong>nullas,</strong></span> <span class='ocrx_word' id='word_1_724' title='bbox 787 4843 880 4895; x_wconf 91' lang='lat' dir='ltr'><strong>sed</strong></span> <span class='ocrx_word' id='word_1_725' title='bbox 929 4850 1136 4896; x_wconf 90' lang='lat' dir='ltr'><strong>tantum</strong></span> <span class='ocrx_word' id='word_1_726' title='bbox 1171 4846 1237 4898; x_wconf 89' lang='lat' dir='ltr'><strong>ad</strong></span> <span class='ocrx_word' id='word_1_727' title='bbox 1265 4847 1511 4913; x_wconf 84' lang='lat' dir='ltr'><strong>quaedam</strong></span> <span class='ocrx_word' id='word_1_728' title='bbox 1564 4847 1727 4910; x_wconf 89' lang='lat' dir='ltr'><strong>aeris,</strong></span> <span class='ocrx_word' id='word_1_729' title='bbox 1755 4850 1838 4904; x_wconf 85' lang='lat' dir='ltr'><strong>vel</strong></span> <span class='ocrx_word' id='word_1_730' title='bbox 1881 4850 2120 4914; x_wconf 72' lang='lat' dir='ltr'><strong>aetheris,</strong></span> 
     </span>
    </p>
   </div>
   <div class='ocr_carea' id='block_1_97' title="bbox 553 4933 2119 5010">
    <p class='ocr_par' dir='ltr' id='par_1_97' title="bbox 553 4933 2119 5010">
     <span class='ocr_line' id='line_1_97' title="bbox 553 4933 2119 5010; baseline 0.008 -25"><span class='ocrx_word' id='word_1_731' title='bbox 553 4933 637 4987; x_wconf 84' lang='lat' dir='ltr'><strong>vel</strong></span> <span class='ocrx_word' id='word_1_732' title='bbox 681 4949 945 5002; x_wconf 86' lang='lat' dir='ltr'><strong>aquarum</strong></span> <span class='ocrx_word' id='word_1_733' title='bbox 968 4975 983 4997; x_wconf 92' lang='lat'><strong>,</strong></span> <span class='ocrx_word' id='word_1_734' title='bbox 1031 4935 1336 5006; x_wconf 83' lang='lat' dir='ltr'><strong>similiaque</strong></span> <span class='ocrx_word' id='word_1_735' title='bbox 1371 4953 1588 5007; x_wconf 81' lang='lat' dir='ltr'><strong>genera,</strong></span> <span class='ocrx_word' id='word_1_736' title='bbox 1624 4949 1880 5010; x_wconf 89' lang='lat' dir='ltr'><strong>tanquam</strong></span> <span class='ocrx_word' id='word_1_737' title='bbox 1913 4942 1979 4996; x_wconf 91' lang='lat' dir='ltr'><strong>ad</strong></span> <span class='ocrx_word' id='word_1_738' title='bbox 2010 4944 2119 4997; x_wconf 90' lang='lat' dir='ltr'><strong>ori-</strong></span> 
     </span>
    </p>
   </div>
   <div class='ocr_carea' id='block_1_98' title="bbox 553 5025 2126 5102">
    <p class='ocr_par' dir='ltr' id='par_1_98' title="bbox 553 5025 2126 5102">
     <span class='ocr_line' id='line_1_98' title="bbox 553 5025 2126 5102; baseline 0.006 -24"><span class='ocrx_word' id='word_1_739' title='bbox 553 5025 733 5097; x_wconf 74' lang='lat' dir='ltr'><strong>ginem</strong></span> <span class='ocrx_word' id='word_1_740' title='bbox 777 5027 1012 5081; x_wconf 86' lang='lat' dir='ltr'><strong>absurde</strong></span> <span class='ocrx_word' id='word_1_741' title='bbox 1078 5029 1259 5082; x_wconf 86' lang='lat' dir='ltr'><strong>omnia</strong></span> <span class='ocrx_word' id='word_1_742' title='bbox 1309 5044 1582 5085; x_wconf 89' lang='lat' dir='ltr'><strong>revocare.</strong></span> <span class='ocrx_word' id='word_1_743' title='bbox 1641 5030 1697 5085; x_wconf 91' lang='lat' dir='ltr'><strong>lu</strong></span> <span class='ocrx_word' id='word_1_744' title='bbox 1745 5048 1856 5102; x_wconf 68' lang='lat' dir='ltr'><strong>quo,</strong></span> <span class='ocrx_word' id='word_1_745' title='bbox 1903 5034 2126 5102; x_wconf 87' lang='lat' dir='ltr'><strong>perinde</strong></span> 
     </span>
    </p>
   </div>
   <div class='ocr_carea' id='block_1_99' title="bbox 554 5117 2123 5193">
    <p class='ocr_par' dir='ltr' id='par_1_99' title="bbox 554 5117 2123 5193">
     <span class='ocr_line' id='line_1_99' title="bbox 554 5117 2123 5193; baseline 0.005 -21"><span class='ocrx_word' id='word_1_746' title='bbox 554 5119 688 5172; x_wconf 87' lang='lat' dir='ltr'><strong>mihi</strong></span> <span class='ocrx_word' id='word_1_747' title='bbox 715 5117 892 5172; x_wconf 79' lang='lat' dir='ltr'><strong>facere</strong></span> <span class='ocrx_word' id='word_1_748' title='bbox 944 5121 1094 5173; x_wconf 90' lang='lat' dir='ltr'><strong>visus</strong></span> <span class='ocrx_word' id='word_1_749' title='bbox 1119 5129 1221 5184; x_wconf 83' lang='lat' dir='ltr'><strong>est,</strong></span> <span class='ocrx_word' id='word_1_750' title='bbox 1279 5121 1439 5191; x_wconf 77' lang='grc'><strong>752</strong></span> <span class='ocrx_word' id='word_1_751' title='bbox 1485 5137 1548 5177; x_wconf 90' lang='lat' dir='ltr'><strong>ac</strong></span> <span class='ocrx_word' id='word_1_752' title='bbox 1598 5124 1642 5178; x_wconf 91' lang='lat' dir='ltr'><strong>si</strong></span> <span class='ocrx_word' id='word_1_753' title='bbox 1677 5125 1800 5193; x_wconf 93' lang='lat' dir='ltr'><strong>quis</strong></span> <span class='ocrx_word' id='word_1_754' title='bbox 1844 5125 2123 5188; x_wconf 88' lang='lat' dir='ltr'><strong>Socratem</strong></span> 
     </span>
    </p>
   </div>
   <div class='ocr_carea' id='block_1_100' title="bbox 553 5209 2128 5285">
    <p class='ocr_par' dir='ltr' id='par_1_100' title="bbox 553 5209 2128 5285">
     <span class='ocr_line' id='line_1_100' title="bbox 553 5209 2128 5285; baseline 0.004 -23"><span class='ocrx_word' id='word_1_755' title='bbox 553 5209 820 5278; x_wconf 87' lang='lat' dir='ltr'><strong>quidquid</strong></span> <span class='ocrx_word' id='word_1_756' title='bbox 855 5218 998 5278; x_wconf 83' lang='lat' dir='ltr'><strong>agat,</strong></span> <span class='ocrx_word' id='word_1_757' title='bbox 1033 5222 1212 5264; x_wconf 86' lang='lat' dir='ltr'><strong>mente</strong></span> <span class='ocrx_word' id='word_1_758' title='bbox 1240 5226 1398 5280; x_wconf 78' lang='lat' dir='ltr'><strong>agere</strong></span> <span class='ocrx_word' id='word_1_759' title='bbox 1425 5227 1546 5265; x_wconf 90' lang='lat' dir='ltr'><strong>cum</strong></span> <span class='ocrx_word' id='word_1_760' title='bbox 1574 5213 1796 5276; x_wconf 86' lang='lat' dir='ltr'><strong>diceret,</strong></span> <span class='ocrx_word' id='word_1_761' title='bbox 1827 5214 1966 5268; x_wconf 90' lang='lat' dir='ltr'><strong>idem</strong></span> <span class='ocrx_word' id='word_1_762' title='bbox 2005 5232 2128 5285; x_wconf 72' lang='lat' dir='ltr'><strong>qua:</strong></span> 
     </span>
    </p>
   </div>
   <div class='ocr_carea' id='block_1_101' title="bbox 554 5286 2131 5378">
    <p class='ocr_par' dir='ltr' id='par_1_101' title="bbox 554 5286 2131 5378">
     <span class='ocr_line' id='line_1_101' title="bbox 554 5286 2131 5378; baseline 0.004 -21"><span class='ocrx_word' id='word_1_763' title='bbox 554 5286 770 5373; x_wconf 66' lang='lat' dir='ltr'><strong>agerem</strong></span> <span class='ocrx_word' id='word_1_764' title='bbox 804 5317 1001 5357; x_wconf 89' lang='lat' dir='ltr'><strong>causas</strong></span> <span class='ocrx_word' id='word_1_765' title='bbox 1024 5318 1299 5373; x_wconf 81' lang='lat' dir='ltr'><strong>exponens</strong></span> <span class='ocrx_word' id='word_1_766' title='bbox 1336 5304 1698 5374; x_wconf 80' lang='lat' dir='ltr'><strong>singulorum,</strong></span> <span class='ocrx_word' id='word_1_767' title='bbox 1724 5307 1796 5361; x_wconf 89' lang='lat' dir='ltr'><strong>ita</strong></span> <span class='ocrx_word' id='word_1_768' title='bbox 1819 5308 2091 5366; x_wconf 87' lang='lat' dir='ltr'><strong>dictitaret</strong></span> <span class='ocrx_word' id='word_1_769' title='bbox 2110 5331 2131 5378; x_wconf 86' lang='lat'><strong>:_</strong></span> 
     </span>
    </p>
   </div>
   <div class='ocr_carea' id='block_1_102' title="bbox 625 5484 2128 5557">
    <p class='ocr_par' dir='ltr' id='par_1_102' title="bbox 625 5484 2128 5557">
     <span class='ocr_line' id='line_1_102' title="bbox 625 5484 2128 5557; baseline 0.003 -19"><span class='ocrx_word' id='word_1_770' title='bbox 625 5485 738 5556; x_wconf 84' lang='lat'><strong>(79)</strong></span> <span class='ocrx_word' id='word_1_771' title='bbox 774 5484 1018 5542; x_wconf 80' lang='grc' dir='ltr'>Τιθέναι.</span> <span class='ocrx_word' id='word_1_772' title='bbox 1048 5489 1124 5544; x_wconf 87' lang='lat' dir='ltr'><strong>Ita</strong></span> <span class='ocrx_word' id='word_1_773' title='bbox 1166 5487 1331 5550; x_wconf 77' lang='lat' dir='ltr'><strong>malui</strong></span> <span class='ocrx_word' id='word_1_774' title='bbox 1363 5503 1428 5543; x_wconf 78' lang='lat' dir='ltr'><strong>ex</strong></span> <span class='ocrx_word' id='word_1_775' title='bbox 1474 5484 1729 5552; x_wconf 91' lang='lat' dir='ltr'><strong>Platone,</strong></span> <span class='ocrx_word' id='word_1_776' title='bbox 1765 5503 1927 5557; x_wconf 90' lang='lat' dir='ltr'><strong>quam</strong></span> <span class='ocrx_word' id='word_1_777' title='bbox 1953 5489 2128 5542; x_wconf 83' lang='grc' dir='ltr'>τιθέν-</span> 
     </span>
    </p>
   </div>
   <div class='ocr_carea' id='block_1_103' title="bbox 551 5557 1170 5624">
    <p class='ocr_par' dir='ltr' id='par_1_103' title="bbox 551 5557 1170 5624">
     <span class='ocr_line' id='line_1_103' title="bbox 551 5557 1170 5624; baseline 0.005 -17"><span class='ocrx_word' id='word_1_778' title='bbox 551 5573 638 5620; x_wconf 89' lang='grc' dir='ltr'><strong>τα,</strong></span> <span class='ocrx_word' id='word_1_779' title='bbox 669 5567 730 5610; x_wconf 92' lang='lat' dir='ltr'><strong>ut</strong></span> <span class='ocrx_word' id='word_1_780' title='bbox 763 5557 816 5609; x_wconf 92' lang='lat' dir='ltr'><strong>in</strong></span> <span class='ocrx_word' id='word_1_781' title='bbox 849 5557 1012 5624; x_wconf 88' lang='lat' dir='ltr'><strong>priori</strong></span> <span class='ocrx_word' id='word_1_782' title='bbox 1041 5557 1170 5611; x_wconf 90' lang='lat' dir='ltr'><strong>edit.</strong></span> 
     </span>
    </p>
   </div>
   <div class='ocr_carea' id='block_1_104' title="bbox 626 5625 2125 5699">
    <p class='ocr_par' dir='ltr' id='par_1_104' title="bbox 626 5625 2125 5699">
     <span class='ocr_line' id='line_1_104' title="bbox 626 5625 2125 5699; baseline 0.001 -17"><span class='ocrx_word' id='word_1_783' title='bbox 626 5625 739 5694; x_wconf 79' lang='lat'><strong>(80)</strong></span> <span class='ocrx_word' id='word_1_784' title='bbox 783 5627 936 5680; x_wconf 83' lang='grc' dir='ltr'>Ἐπεὶ</span> <span class='ocrx_word' id='word_1_785' title='bbox 981 5626 1346 5699; x_wconf 46' lang='grc' dir='ltr'><strong>δὲπροϊιιῖννἈ</strong></span> <span class='ocrx_word' id='word_1_786' title='bbox 1385 5628 1540 5683; x_wconf 84' lang='lat' dir='ltr'><strong>Plato</strong></span> <span class='ocrx_word' id='word_1_787' title='bbox 1586 5638 1847 5698; x_wconf 80' lang='lat' dir='ltr'><strong>uterque.</strong></span> <span class='ocrx_word' id='word_1_788' title='bbox 1889 5629 2125 5699; x_wconf 78' lang='grc' dir='ltr'>Ἐπειδὴ.</span> 
     </span>
    </p>
   </div>
   <div class='ocr_carea' id='block_1_105' title="bbox 555 5691 2130 5769">
    <p class='ocr_par' dir='ltr' id='par_1_105' title="bbox 555 5691 2130 5769">
     <span class='ocr_line' id='line_1_105' title="bbox 555 5691 2130 5769; baseline 0.002 -20"><span class='ocrx_word' id='word_1_789' title='bbox 555 5691 660 5750; x_wconf 80' lang='lat' dir='ltr'><strong>Sed</strong></span> <span class='ocrx_word' id='word_1_790' title='bbox 695 5691 1104 5769; x_wconf 56' lang='lat' dir='ltr'><strong>praestathcei,</strong></span> <span class='ocrx_word' id='word_1_791' title='bbox 1134 5691 1293 5769; x_wconf 23' lang='lat' dir='ltr'><strong>fquod</strong></span> <span class='ocrx_word' id='word_1_792' title='bbox 1339 5697 1425 5765; x_wconf 83' lang='lat' dir='ltr'><strong>hic</strong></span> <span class='ocrx_word' id='word_1_793' title='bbox 1471 5715 1568 5769; x_wconf 92' lang='lat' dir='ltr'><strong>pro</strong></span> <span class='ocrx_word' id='word_1_794' title='bbox 1613 5691 1766 5764; x_wconf 83' lang='grc' dir='ltr'>ἀλλά,</span> <span class='ocrx_word' id='word_1_795' title='bbox 1813 5699 1896 5753; x_wconf 91' lang='lat' dir='ltr'><strong>vel</strong></span> <span class='ocrx_word' id='word_1_796' title='bbox 1942 5691 2130 5752; x_wconf 75' lang='grc' dir='ltr'>ἔπειτα</span> 
     </span>
    </p>
   </div>
   <div class='ocr_carea' id='block_1_106' title="bbox 559 5767 2124 5840">
    <p class='ocr_par' dir='ltr' id='par_1_106' title="bbox 559 5767 2124 5840">
     <span class='ocr_line' id='line_1_106' title="bbox 559 5767 2124 5840; baseline 0.003 -22"><span class='ocrx_word' id='word_1_797' title='bbox 559 5776 873 5840; x_wconf 67' lang='lat' dir='ltr'><strong>usurpatur.</strong></span> <span class='ocrx_word' id='word_1_798' title='bbox 901 5767 1190 5840; x_wconf 82' lang='lat' dir='ltr'><strong>Quomodo</strong></span> <span class='ocrx_word' id='word_1_799' title='bbox 1215 5785 1242 5822; x_wconf 87' lang='lat' dir='ltr'><strong>a</strong></span> <span class='ocrx_word' id='word_1_800' title='bbox 1269 5767 1554 5823; x_wconf 81' lang='lat' dir='ltr'><strong>Plutarcho</strong></span> <span class='ocrx_word' id='word_1_801' title='bbox 1580 5772 1849 5840; x_wconf 59' lang='lat' dir='ltr'><strong>praecipue</strong></span> <span class='ocrx_word' id='word_1_802' title='bbox 1871 5770 2124 5831; x_wconf 88' lang='lat' dir='ltr'><strong>sumitur.</strong></span> 
     </span>
    </p>
   </div>
   <div class='ocr_carea' id='block_1_107' title="bbox 561 5835 2126 5911">
    <p class='ocr_par' dir='ltr' id='par_1_107' title="bbox 561 5835 2126 5911">
     <span class='ocr_line' id='line_1_107' title="bbox 561 5835 2126 5911; baseline 0.004 -21"><span class='ocrx_word' id='word_1_803' title='bbox 561 5849 618 5901; x_wconf 81' lang='lat' dir='ltr'><strong>ut</strong></span> <span class='ocrx_word' id='word_1_804' title='bbox 644 5836 757 5904; x_wconf 88' lang='lat' dir='ltr'><strong>jam</strong></span> <span class='ocrx_word' id='word_1_805' title='bbox 802 5835 1111 5908; x_wconf 89' lang='lat' dir='ltr'><strong>Stephanus</strong></span> <span class='ocrx_word' id='word_1_806' title='bbox 1154 5840 1204 5892; x_wconf 91' lang='lat' dir='ltr'><strong>in</strong></span> <span class='ocrx_word' id='word_1_807' title='bbox 1240 5841 1380 5894; x_wconf 88' lang='lat' dir='ltr'><strong>notis</strong></span> <span class='ocrx_word' id='word_1_808' title='bbox 1417 5835 1860 5905; x_wconf 47' lang='lat' dir='ltr'><strong>obset&#39;vavithic</strong></span> <span class='ocrx_word' id='word_1_809' title='bbox 1890 5849 1944 5896; x_wconf 88' lang='lat' dir='ltr'><strong>et</strong></span> <span class='ocrx_word' id='word_1_810' title='bbox 1988 5844 2126 5911; x_wconf 89' lang='lat' dir='ltr'><strong>apud</strong></span> 
     </span>
    </p>
   </div>
   <div class='ocr_carea' id='block_1_108' title="bbox 2227 4650 3774 4726">
    <p class='ocr_par' dir='ltr' id='par_1_108' title="bbox 2227 4650 3774 4726">
     <span class='ocr_line' id='line_1_108' title="bbox 2227 4650 3774 4726; baseline -0.002 -20"><span class='ocrx_word' id='word_1_811' title='bbox 2227 4656 2324 4726; x_wconf 83' lang='grc' dir='ltr'><strong>μὲν</strong></span> <span class='ocrx_word' id='word_1_812' title='bbox 2351 4656 2481 4712; x_wconf 81' lang='grc' dir='ltr'>ὀστᾶ</span> <span class='ocrx_word' id='word_1_813' title='bbox 2513 4656 2626 4707; x_wconf 76' lang='grc' dir='ltr'>ἐστι</span> <span class='ocrx_word' id='word_1_814' title='bbox 2673 4654 2889 4724; x_wconf 82' lang='grc' dir='ltr'>στερεά,</span> <span class='ocrx_word' id='word_1_815' title='bbox 2923 4653 3017 4708; x_wconf 74' lang='grc' dir='ltr'><strong>καὶ</strong></span> <span class='ocrx_word' id='word_1_816' title='bbox 3069 4653 3302 4721; x_wconf 76' lang='grc' dir='ltr'>διαφυὰς</span> <span class='ocrx_word' id='word_1_817' title='bbox 3347 4652 3458 4723; x_wconf 81' lang='grc' dir='ltr'>ἔχει</span> <span class='ocrx_word' id='word_1_818' title='bbox 3501 4653 3665 4723; x_wconf 79' lang='grc' dir='ltr'>χωρὶς</span> <span class='ocrx_word' id='word_1_819' title='bbox 3695 4650 3774 4704; x_wconf 83' lang='grc' dir='ltr'><strong>ἀπ’</strong></span> 
     </span>
    </p>
   </div>
   <div class='ocr_carea' id='block_1_109' title="bbox 2222 4740 3772 4819">
    <p class='ocr_par' dir='ltr' id='par_1_109' title="bbox 2222 4740 3772 4819">
     <span class='ocr_line' id='line_1_109' title="bbox 2222 4740 3772 4819; baseline -0.003 -19"><span class='ocrx_word' id='word_1_820' title='bbox 2222 4747 2484 4819; x_wconf 72' lang='grc' dir='ltr'>ἀλλήλωνο</span> <span class='ocrx_word' id='word_1_821' title='bbox 2512 4746 2578 4799; x_wconf 77' lang='grc' dir='ltr'>τὰ</span> <span class='ocrx_word' id='word_1_822' title='bbox 2607 4747 2663 4800; x_wconf 76' lang='grc' dir='ltr'>δὲ</span> <span class='ocrx_word' id='word_1_823' title='bbox 2697 4747 2883 4817; x_wconf 90' lang='grc' dir='ltr'>νεῦρα,</span> <span class='ocrx_word' id='word_1_824' title='bbox 2904 4740 2989 4803; x_wconf 74' lang='grc' dir='ltr'>οἶα</span> <span class='ocrx_word' id='word_1_825' title='bbox 3024 4746 3382 4800; x_wconf 81' lang='grc' dir='ltr'>ἐπιτείνεσθαι</span> <span class='ocrx_word' id='word_1_826' title='bbox 3409 4746 3501 4800; x_wconf 76' lang='grc' dir='ltr'><strong>καὶ</strong></span> <span class='ocrx_word' id='word_1_827' title='bbox 3529 4745 3772 4802; x_wconf 83' lang='grc' dir='ltr'>ἀνίεσθαι,</span> 
     </span>
    </p>
   </div>
   <div class='ocr_carea' id='block_1_110' title="bbox 2226 4836 3774 4910">
    <p class='ocr_par' dir='ltr' id='par_1_110' title="bbox 2226 4836 3774 4910">
     <span class='ocr_line' id='line_1_110' title="bbox 2226 4836 3774 4910; baseline -0.002 -20"><span class='ocrx_word' id='word_1_828' title='bbox 2226 4839 2668 4910; x_wconf 86' lang='grc' dir='ltr'>περιαμπέχοντα</span> <span class='ocrx_word' id='word_1_829' title='bbox 2728 4837 2797 4890; x_wconf 85' lang='grc' dir='ltr'>τὰ</span> <span class='ocrx_word' id='word_1_830' title='bbox 2825 4839 2958 4891; x_wconf 84' lang='grc' dir='ltr'><strong>ὀστᾶ</strong></span> <span class='ocrx_word' id='word_1_831' title='bbox 3016 4838 3151 4908; x_wconf 79' lang='grc' dir='ltr'>μετὰ</span> <span class='ocrx_word' id='word_1_832' title='bbox 3196 4837 3304 4890; x_wconf 86' lang='grc' dir='ltr'><strong>τῶν</strong></span> <span class='ocrx_word' id='word_1_833' title='bbox 3361 4838 3577 4910; x_wconf 81' lang='grc' dir='ltr'>σαρκῶν</span> <span class='ocrx_word' id='word_1_834' title='bbox 3613 4855 3666 4890; x_wconf 89' lang='grc' dir='ltr'><strong>τε</strong></span> <span class='ocrx_word' id='word_1_835' title='bbox 3699 4836 3774 4890; x_wconf 79' lang='grc' dir='ltr'>καὶ</span> 
     </span>
    </p>
   </div>
   <div class='ocr_carea' id='block_1_111' title="bbox 2223 4925 3774 5002">
    <p class='ocr_par' dir='ltr' id='par_1_111' title="bbox 2223 4925 3774 5002">
     <span class='ocr_line' id='line_1_111' title="bbox 2223 4925 3774 5002; baseline -0.003 -19"><span class='ocrx_word' id='word_1_836' title='bbox 2223 4930 2510 5001; x_wconf 78' lang='grc' dir='ltr'>δέρματος,</span> <span class='ocrx_word' id='word_1_837' title='bbox 2565 4929 2593 4981; x_wconf 79' lang='grc' dir='ltr'><strong>ὃ</strong></span> <span class='ocrx_word' id='word_1_838' title='bbox 2643 4929 2851 4999; x_wconf 88' lang='grc' dir='ltr'>συνέχει</span> <span class='ocrx_word' id='word_1_839' title='bbox 2909 4929 3064 4985; x_wconf 83' lang='grc' dir='ltr'>αὑτά.</span> <span class='ocrx_word' id='word_1_840' title='bbox 3116 4929 3506 5002; x_wconf 85' lang='grc' dir='ltr'>Αίωρουμένων</span> <span class='ocrx_word' id='word_1_841' title='bbox 3549 4925 3638 4984; x_wconf 84' lang='grc' dir='ltr'><strong>οῦν</strong></span> <span class='ocrx_word' id='word_1_842' title='bbox 3683 4927 3774 4980; x_wconf 84' lang='grc' dir='ltr'><strong>τῶν</strong></span> 
     </span>
    </p>
   </div>
   <div class='ocr_carea' id='block_1_112' title="bbox 2226 5018 3778 5090">
    <p class='ocr_par' dir='ltr' id='par_1_112' title="bbox 2226 5018 3778 5090">
     <span class='ocr_line' id='line_1_112' title="bbox 2226 5018 3778 5090; baseline -0.004 -16"><span class='ocrx_word' id='word_1_843' title='bbox 2226 5021 2395 5074; x_wconf 83' lang='grc' dir='ltr'>ὀστῶν</span> <span class='ocrx_word' id='word_1_844' title='bbox 2431 5022 2488 5072; x_wconf 80' lang='grc' dir='ltr'><strong>ἑν</strong></span> <span class='ocrx_word' id='word_1_845' title='bbox 2519 5023 2637 5082; x_wconf 85' lang='grc' dir='ltr'>ταῖς</span> <span class='ocrx_word' id='word_1_846' title='bbox 2691 5020 2866 5074; x_wconf 79' lang='grc' dir='ltr'>αὐτῶν</span> <span class='ocrx_word' id='word_1_847' title='bbox 2915 5018 3223 5089; x_wconf 79' lang='grc' dir='ltr'>ξυμϐολαῖς,</span> <span class='ocrx_word' id='word_1_848' title='bbox 3281 5019 3527 5090; x_wconf 84' lang='grc' dir='ltr'>χαλῶντα</span> <span class='ocrx_word' id='word_1_849' title='bbox 3551 5020 3643 5074; x_wconf 74' lang='grc' dir='ltr'><strong>καὶ</strong></span> <span class='ocrx_word' id='word_1_850' title='bbox 3671 5034 3778 5070; x_wconf 87' lang='grc' dir='ltr'>συν-</span> 
     </span>
    </p>
   </div>
   <div class='ocr_carea' id='block_1_113' title="bbox 2224 5108 3775 5183">
    <p class='ocr_par' dir='ltr' id='par_1_113' title="bbox 2224 5108 3775 5183">
     <span class='ocr_line' id='line_1_113' title="bbox 2224 5108 3775 5183; baseline -0.001 -19"><span class='ocrx_word' id='word_1_851' title='bbox 2224 5114 2468 5165; x_wconf 88' lang='grc' dir='ltr'>τείνοντα</span> <span class='ocrx_word' id='word_1_852' title='bbox 2512 5111 2579 5165; x_wconf 85' lang='grc' dir='ltr'>τὰ</span> <span class='ocrx_word' id='word_1_853' title='bbox 2643 5111 2828 5183; x_wconf 81' lang='grc' dir='ltr'>νεῦρα,</span> <span class='ocrx_word' id='word_1_854' title='bbox 2887 5111 3232 5182; x_wconf 80' lang='grc' dir='ltr'>κάμπτεσθαι</span> <span class='ocrx_word' id='word_1_855' title='bbox 3287 5130 3388 5165; x_wconf 91' lang='grc' dir='ltr'><strong>που</strong></span> <span class='ocrx_word' id='word_1_856' title='bbox 3424 5115 3566 5165; x_wconf 86' lang='grc' dir='ltr'>ποιεῖ</span> <span class='ocrx_word' id='word_1_857' title='bbox 3599 5108 3700 5165; x_wconf 72' lang='grc' dir='ltr'>οἶόν</span> <span class='ocrx_word' id='word_1_858' title='bbox 3726 5124 3775 5162; x_wconf 86' lang='grc' dir='ltr'><strong>τε</strong></span> 
     </span>
    </p>
   </div>
   <div class='ocr_carea' id='block_1_114' title="bbox 2227 5199 3774 5274">
    <p class='ocr_par' dir='ltr' id='par_1_114' title="bbox 2227 5199 3774 5274">
     <span class='ocr_line' id='line_1_114' title="bbox 2227 5199 3774 5274; baseline -0.004 -18"><span class='ocrx_word' id='word_1_859' title='bbox 2227 5199 2365 5257; x_wconf 75' lang='grc' dir='ltr'>εἶναι</span> <span class='ocrx_word' id='word_1_860' title='bbox 2389 5204 2488 5273; x_wconf 75' lang='grc' dir='ltr'>ἐμὲ</span> <span class='ocrx_word' id='word_1_861' title='bbox 2519 5201 2587 5254; x_wconf 82' lang='grc' dir='ltr'><strong>τά</strong></span> <span class='ocrx_word' id='word_1_862' title='bbox 2618 5202 2713 5254; x_wconf 91' lang='grc' dir='ltr'><strong>νῦν</strong></span> <span class='ocrx_word' id='word_1_863' title='bbox 2745 5202 2811 5255; x_wconf 80' lang='grc' dir='ltr'><strong>τά</strong></span> <span class='ocrx_word' id='word_1_864' title='bbox 2839 5203 2996 5274; x_wconf 69' lang='grc' dir='ltr'>μέλη*</span> <span class='ocrx_word' id='word_1_865' title='bbox 3027 5204 3119 5256; x_wconf 70' lang='grc' dir='ltr'><strong>καὶ</strong></span> <span class='ocrx_word' id='word_1_866' title='bbox 3160 5203 3246 5256; x_wconf 74' lang='grc' dir='ltr'><strong>διὰ</strong></span> <span class='ocrx_word' id='word_1_867' title='bbox 3271 5202 3472 5274; x_wconf 87' lang='grc' dir='ltr'>ταύτην</span> <span class='ocrx_word' id='word_1_868' title='bbox 3499 5205 3594 5273; x_wconf 80' lang='grc' dir='ltr'><strong>τὴν</strong></span> <span class='ocrx_word' id='word_1_869' title='bbox 3620 5200 3774 5256; x_wconf 82' lang='grc' dir='ltr'>αἰτίαν</span> 
     </span>
    </p>
   </div>
   <div class='ocr_carea' id='block_1_115' title="bbox 2231 5290 3773 5366">
    <p class='ocr_par' dir='ltr' id='par_1_115' title="bbox 2231 5290 3773 5366">
     <span class='ocr_line' id='line_1_115' title="bbox 2231 5290 3773 5366; baseline -0.001 -18"><span class='ocrx_word' id='word_1_870' title='bbox 2231 5295 2608 5366; x_wconf 73' lang='grc' dir='ltr'>συγκαμφθεὶς</span> <span class='ocrx_word' id='word_1_871' title='bbox 2629 5294 2815 5349; x_wconf 81' lang='grc' dir='ltr'>ἐνθάδε</span> <span class='ocrx_word' id='word_1_872' title='bbox 2855 5294 3120 5365; x_wconf 81' lang='grc' dir='ltr'>κάθημαι.</span> <span class='ocrx_word' id='word_1_873' title='bbox 3156 5296 3265 5349; x_wconf 71' lang='grc' dir='ltr'>Καὶ</span> <span class='ocrx_word' id='word_1_874' title='bbox 3289 5290 3354 5348; x_wconf 83' lang='grc' dir='ltr'>αὖ</span> <span class='ocrx_word' id='word_1_875' title='bbox 3394 5295 3523 5366; x_wconf 70' lang='grc' dir='ltr'>περὶ</span> <span class='ocrx_word' id='word_1_876' title='bbox 3555 5294 3642 5348; x_wconf 88' lang='grc' dir='ltr'><strong>τοῦ</strong></span> <span class='ocrx_word' id='word_1_877' title='bbox 3675 5293 3773 5346; x_wconf 82' lang='grc' dir='ltr'>δια-</span> 
     </span>
    </p>
   </div>
   <div class='ocr_carea' id='block_1_116' title="bbox 2229 5481 3777 5555">
    <p class='ocr_par' dir='ltr' id='par_1_116' title="bbox 2229 5481 3777 5555">
     <span class='ocr_line' id='line_1_116' title="bbox 2229 5481 3777 5555; baseline -0.005 -15"><span class='ocrx_word' id='word_1_878' title='bbox 2229 5486 2485 5542; x_wconf 78' lang='lat' dir='ltr'><strong>Herodot.</strong></span> <span class='ocrx_word' id='word_1_879' title='bbox 2521 5487 2558 5540; x_wconf 95' lang='lat' dir='ltr'><strong>l.</strong></span> <span class='ocrx_word' id='word_1_880' title='bbox 2591 5503 2648 5552; x_wconf 86' lang='lat' dir='ltr'><strong>ll,</strong></span> <span class='ocrx_word' id='word_1_881' title='bbox 2673 5502 2793 5555; x_wconf 80' lang='lat' dir='ltr'><strong>pag.</strong></span> <span class='ocrx_word' id='word_1_882' title='bbox 2824 5487 2926 5540; x_wconf 65' lang='grc' dir='ltr'>Νι</span> <span class='ocrx_word' id='word_1_883' title='bbox 2975 5486 3124 5539; x_wconf 75' lang='grc' dir='ltr'>Ἐπεὶ</span> <span class='ocrx_word' id='word_1_884' title='bbox 3157 5481 3248 5540; x_wconf 84' lang='grc' dir='ltr'><strong>οῦν</strong></span> <span class='ocrx_word' id='word_1_885' title='bbox 3273 5487 3395 5549; x_wconf 84' lang='grc' dir='ltr'>τοὺς</span> <span class='ocrx_word' id='word_1_886' title='bbox 3425 5485 3636 5547; x_wconf 84' lang='grc' dir='ltr'>νεανίας</span> <span class='ocrx_word' id='word_1_887' title='bbox 3658 5485 3777 5555; x_wconf 76' lang='grc' dir='ltr'>ἀπο·</span> 
     </span>
    </p>
   </div>
   <div class='ocr_carea' id='block_1_117' title="bbox 2229 5552 3780 5628">
    <p class='ocr_par' dir='ltr' id='par_1_117' title="bbox 2229 5552 3780 5628">
     <span class='ocr_line' id='line_1_117' title="bbox 2229 5552 3780 5628; baseline -0.004 -18"><span class='ocrx_word' id='word_1_888' title='bbox 2229 5557 2629 5628; x_wconf 82' lang='grc' dir='ltr'>πεμπομένους,</span> <span class='ocrx_word' id='word_1_889' title='bbox 2665 5552 2798 5609; x_wconf 79' lang='grc' dir='ltr'>ἰένᾶι</span> <span class='ocrx_word' id='word_1_890' title='bbox 2834 5557 2902 5610; x_wconf 84' lang='grc' dir='ltr'>τὰ</span> <span class='ocrx_word' id='word_1_891' title='bbox 2945 5557 3134 5628; x_wconf 85' lang='grc' dir='ltr'>πρῶτα</span> <span class='ocrx_word' id='word_1_892' title='bbox 3179 5557 3274 5626; x_wconf 85' lang='grc' dir='ltr'><strong>μὲν</strong></span> <span class='ocrx_word' id='word_1_893' title='bbox 3297 5555 3384 5611; x_wconf 80' lang='grc' dir='ltr'><strong>διὰ</strong></span> <span class='ocrx_word' id='word_1_894' title='bbox 3414 5555 3514 5628; x_wconf 76' lang='grc' dir='ltr'><strong>τῆς</strong></span> <span class='ocrx_word' id='word_1_895' title='bbox 3539 5552 3780 5628; x_wconf 19' lang='grc' dir='ltr'>*οἰκεομέ-</span> 
     </span>
    </p>
   </div>
   <div class='ocr_carea' id='block_1_118' title="bbox 2230 5607 3774 5702">
    <p class='ocr_par' dir='ltr' id='par_1_118' title="bbox 2230 5607 3774 5702">
     <span class='ocr_line' id='line_1_118' title="bbox 2230 5607 3774 5702; baseline -0.004 -21"><span class='ocrx_word' id='word_1_896' title='bbox 2230 5607 2706 5702; x_wconf 40' lang='lat' dir='ltr'><strong>saginatam</strong></span> <span class='ocrx_word' id='word_1_897' title='bbox 2724 5607 2808 5680; x_wconf 52' lang='lat' dir='ltr'><strong>va</strong></span> <span class='ocrx_word' id='word_1_898' title='bbox 2833 5607 3134 5702; x_wconf 46' lang='lat' dir='ltr'><strong>tam-gat;</strong></span> <span class='ocrx_word' id='word_1_899' title='bbox 3158 5607 3398 5679; x_wconf 54' lang='lat' dir='ltr'><strong>Jan-aa</strong></span> <span class='ocrx_word' id='word_1_900' title='bbox 3424 5607 3774 5702; x_wconf 60' lang='grc' dir='ltr'>αδδιεεεεηὶερ,</span> 
     </span>
    </p>
   </div>
   <div class='ocr_carea' id='block_1_119' title="bbox 2229 5694 3774 5767">
    <p class='ocr_par' dir='ltr' id='par_1_119' title="bbox 2229 5694 3774 5767">
     <span class='ocr_line' id='line_1_119' title="bbox 2229 5694 3774 5767; baseline -0.003 -17"><span class='ocrx_word' id='word_1_901' title='bbox 2229 5694 2453 5764; x_wconf 70' lang='lat' dir='ltr'><strong>primum</strong></span> <span class='ocrx_word' id='word_1_902' title='bbox 2497 5697 2702 5767; x_wconf 77' lang='lat' dir='ltr'><strong>quidem</strong></span> <span class='ocrx_word' id='word_1_903' title='bbox 2759 5697 2954 5750; x_wconf 80' lang='lat' dir='ltr'><strong>cultam</strong></span> <span class='ocrx_word' id='word_1_904' title='bbox 2997 5694 3266 5766; x_wconf 68' lang='lat' dir='ltr'><strong>regionem</strong></span> <span class='ocrx_word' id='word_1_905' title='bbox 3313 5711 3645 5767; x_wconf 78' lang='lat' dir='ltr'><strong>peragrasse,</strong></span> <span class='ocrx_word' id='word_1_906' title='bbox 3697 5694 3774 5767; x_wconf 77' lang='lat' dir='ltr'><strong>ubi</strong></span> 
     </span>
    </p>
   </div>
   <div class='ocr_carea' id='block_1_120' title="bbox 2231 5762 3777 5836">
    <p class='ocr_par' dir='ltr' id='par_1_120' title="bbox 2231 5762 3777 5836">
     <span class='ocr_line' id='line_1_120' title="bbox 2231 5762 3777 5836; baseline -0.004 -14"><span class='ocrx_word' id='word_1_907' title='bbox 2231 5762 2429 5827; x_wconf 69' lang='lat' dir='ltr'><strong>Oratio.</strong></span> <span class='ocrx_word' id='word_1_908' title='bbox 2481 5762 2937 5836; x_wconf 81' lang='lat' dir='ltr'><strong>quemadmodum</strong></span> <span class='ocrx_word' id='word_1_909' title='bbox 2990 5776 3043 5820; x_wconf 90' lang='lat' dir='ltr'><strong>et</strong></span> <span class='ocrx_word' id='word_1_910' title='bbox 3066 5762 3193 5827; x_wconf 42' lang='lat' dir='ltr'><strong>’liic,</strong></span> <span class='ocrx_word' id='word_1_911' title='bbox 3225 5768 3325 5817; x_wconf 84' lang='lat' dir='ltr'><strong>nisi</strong></span> <span class='ocrx_word' id='word_1_912' title='bbox 3362 5762 3479 5818; x_wconf 73' lang='grc' dir='ltr'>ἐπεί</span> <span class='ocrx_word' id='word_1_913' title='bbox 3523 5781 3588 5820; x_wconf 91' lang='lat' dir='ltr'><strong>eo</strong></span> <span class='ocrx_word' id='word_1_914' title='bbox 3635 5762 3777 5819; x_wconf 89' lang='lat' dir='ltr'><strong>modo</strong></span> 
     </span>
    </p>
   </div>
   <div class='ocr_carea' id='block_1_121' title="bbox 2232 5837 3341 5906">
    <p class='ocr_par' dir='ltr' id='par_1_121' title="bbox 2232 5837 3341 5906">
     <span class='ocr_line' id='line_1_121' title="bbox 2232 5837 3341 5906; baseline -0.005 -11"><span class='ocrx_word' id='word_1_915' title='bbox 2232 5847 2557 5906; x_wconf 84' lang='lat' dir='ltr'><strong>sumeretur,</strong></span> <span class='ocrx_word' id='word_1_916' title='bbox 2589 5849 2734 5894; x_wconf 84' lang='lat' dir='ltr'><strong>esset</strong></span> <span class='ocrx_word' id='word_1_917' title='bbox 2754 5852 2973 5906; x_wconf 92' lang='lat' dir='ltr'><strong>prorsus</strong></span> <span class='ocrx_word' id='word_1_918' title='bbox 3001 5837 3341 5900; x_wconf 80' lang='grc' dir='ltr'>ἀναπόδοτος.</span> 
     </span>
    </p>
   </div>
  </div>
