  <div class='ocr_page' id='page_1' title='image "/cluster/home/n/w/nwhite01/storage/ocr_20150623/21/hvd.32044073501165/634.png"; bbox 0 0 4034 6390; ppageno 0'>
   <div class='ocr_carea' id='block_1_1' title="bbox 392 350 541 405">
    <p class='ocr_par' dir='ltr' id='par_1_1' title="bbox 392 350 541 405">
     <span class='ocr_line' id='line_1_1' title="bbox 392 350 541 405; baseline 0 -3"><span class='ocrx_word' id='word_1_1' title='bbox 392 350 541 405; x_wconf 71' lang='lat'><strong>1‘25?</strong></span> 
     </span>
    </p>
   </div>
   <div class='ocr_carea' id='block_1_2' title="bbox 1554 324 2485 405">
    <p class='ocr_par' dir='ltr' id='par_1_2' title="bbox 1554 324 2485 405">
     <span class='ocr_line' id='line_1_2' title="bbox 1554 324 2485 405; baseline 0.002 -3"><span class='ocrx_word' id='word_1_2' title='bbox 1554 346 1863 403; x_wconf 50' lang='lat' dir='ltr'><strong>relapsa.</strong></span> <span class='ocrx_word' id='word_1_3' title='bbox 1894 324 2158 402; x_wconf 67' lang='lat' dir='ltr'><strong>EVANG.</strong></span> <span class='ocrx_word' id='word_1_4' title='bbox 2200 346 2325 402; x_wconf 85' lang='lat' dir='ltr'><strong>LIB.</strong></span> <span class='ocrx_word' id='word_1_5' title='bbox 2367 346 2485 405; x_wconf 78' lang='lat' dir='ltr'><strong>XlV</strong></span> 
     </span>
    </p>
   </div>
   <div class='ocr_carea' id='block_1_3' title="bbox 3488 344 3624 400">
    <p class='ocr_par' dir='ltr' id='par_1_3' title="bbox 3488 344 3624 400">
     <span class='ocr_line' id='line_1_3' title="bbox 3488 344 3624 400; baseline 0.022 -3"><span class='ocrx_word' id='word_1_6' title='bbox 3488 344 3624 400; x_wconf 60' lang='grc' dir='ltr'><strong>ηδε</strong></span> 
     </span>
    </p>
   </div>
   <div class='ocr_carea' id='block_1_4' title="bbox 388 462 1957 537">
    <p class='ocr_par' dir='ltr' id='par_1_4' title="bbox 388 462 1957 536">
     <span class='ocr_line' id='line_1_4' title="bbox 388 462 1957 536; baseline 0.003 -21"><span class='ocrx_word' id='word_1_7' title='bbox 388 462 651 531; x_wconf 79' lang='grc' dir='ltr'>λέγεσθαι</span> <span class='ocrx_word' id='word_1_8' title='bbox 680 462 805 534; x_wconf 74' lang='grc' dir='ltr'>ὑμῖν</span> <span class='ocrx_word' id='word_1_9' title='bbox 853 463 1043 534; x_wconf 76' lang='grc' dir='ltr'>ἑτέρας</span> <span class='ocrx_word' id='word_1_10' title='bbox 1099 466 1306 519; x_wconf 80' lang='grc' dir='ltr'>τοιάσδε</span> <span class='ocrx_word' id='word_1_11' title='bbox 1337 466 1513 529; x_wconf 78' lang='grc' dir='ltr'><strong>αἰτίας</strong></span> <span class='ocrx_word' id='word_1_12' title='bbox 1566 467 1736 534; x_wconf 82' lang='grc' dir='ltr'>λέγοι,</span> <span class='ocrx_word' id='word_1_13' title='bbox 1783 470 1957 536; x_wconf 74' lang='grc' dir='ltr'>φωνὰς</span> 
     </span>
    </p>
   </div>
   <div class='ocr_carea' id='block_1_5' title="bbox 2061 462 3627 537">
    <p class='ocr_par' dir='ltr' id='par_1_5' title="bbox 2070 462 3627 537">
     <span class='ocr_line' id='line_1_5' title="bbox 2070 462 3627 537; baseline -0.004 -17"><span class='ocrx_word' id='word_1_14' title='bbox 2070 467 2300 535; x_wconf 89' lang='lat' dir='ltr'><strong>primum</strong></span> <span class='ocrx_word' id='word_1_15' title='bbox 2337 468 2425 522; x_wconf 90' lang='lat' dir='ltr'><strong>hic</strong></span> <span class='ocrx_word' id='word_1_16' title='bbox 2464 482 2551 522; x_wconf 88' lang='lat' dir='ltr'><strong>me</strong></span> <span class='ocrx_word' id='word_1_17' title='bbox 2582 474 2863 537; x_wconf 78' lang='lat' dir='ltr'><strong>propterea</strong></span> <span class='ocrx_word' id='word_1_18' title='bbox 2900 462 3109 530; x_wconf 74' lang='lat' dir='ltr'><strong>sedere,</strong></span> <span class='ocrx_word' id='word_1_19' title='bbox 3134 463 3275 533; x_wconf 86' lang='lat' dir='ltr'><strong>quod</strong></span> <span class='ocrx_word' id='word_1_20' title='bbox 3306 476 3503 531; x_wconf 82' lang='lat' dir='ltr'><strong>corpus</strong></span> <span class='ocrx_word' id='word_1_21' title='bbox 3531 462 3627 521; x_wconf 73' lang='lat' dir='ltr'><strong>lia-</strong></span> 
     </span>
    </p>
   </div>
   <div class='ocr_carea' id='block_1_6' title="bbox 392 555 1964 630">
    <p class='ocr_par' dir='ltr' id='par_1_6' title="bbox 392 555 1964 630">
     <span class='ocr_line' id='line_1_6' title="bbox 392 555 1964 630; baseline 0.002 -21"><span class='ocrx_word' id='word_1_22' title='bbox 392 574 479 619; x_wconf 83' lang='grc' dir='ltr'><strong>τε,</strong></span> <span class='ocrx_word' id='word_1_23' title='bbox 508 556 603 608; x_wconf 71' lang='grc' dir='ltr'>καὶ</span> <span class='ocrx_word' id='word_1_24' title='bbox 654 555 843 625; x_wconf 81' lang='grc' dir='ltr'>ἀέρας,</span> <span class='ocrx_word' id='word_1_25' title='bbox 897 557 990 608; x_wconf 71' lang='grc' dir='ltr'><strong>καὶ</strong></span> <span class='ocrx_word' id='word_1_26' title='bbox 1038 557 1225 621; x_wconf 74' lang='grc' dir='ltr'>ἀκοὰς,</span> <span class='ocrx_word' id='word_1_27' title='bbox 1287 558 1377 611; x_wconf 80' lang='grc' dir='ltr'>καὶ</span> <span class='ocrx_word' id='word_1_28' title='bbox 1421 558 1552 612; x_wconf 84' lang='grc' dir='ltr'>ἄλλα</span> <span class='ocrx_word' id='word_1_29' title='bbox 1606 558 1742 611; x_wconf 85' lang='grc' dir='ltr'>ἀττα</span> <span class='ocrx_word' id='word_1_30' title='bbox 1798 559 1964 630; x_wconf 85' lang='grc' dir='ltr'>μυρία</span> 
     </span>
    </p>
   </div>
   <div class='ocr_carea' id='block_1_7' title="bbox 392 647 1964 721">
    <p class='ocr_par' dir='ltr' id='par_1_7' title="bbox 392 647 1964 721">
     <span class='ocr_line' id='line_1_7' title="bbox 392 647 1964 721; baseline 0.003 -22"><span class='ocrx_word' id='word_1_31' title='bbox 392 648 622 701; x_wconf 77' lang='grc' dir='ltr'>τοιαῦτα</span> <span class='ocrx_word' id='word_1_32' title='bbox 640 647 977 718; x_wconf 71' lang='grc' dir='ltr'>αἰτιώμενος,</span> <span class='ocrx_word' id='word_1_33' title='bbox 1008 649 1281 720; x_wconf 81' lang='grc' dir='ltr'><strong>ἀμελήσας</strong></span> <span class='ocrx_word' id='word_1_34' title='bbox 1318 651 1414 713; x_wconf 79' lang='grc' dir='ltr'>τὰς</span> <span class='ocrx_word' id='word_1_35' title='bbox 1439 650 1513 713; x_wconf 84' lang='grc' dir='ltr'><strong>ὡς</strong></span> <span class='ocrx_word' id='word_1_36' title='bbox 1544 650 1756 721; x_wconf 85' lang='grc' dir='ltr'>ἀληθῶς</span> <span class='ocrx_word' id='word_1_37' title='bbox 1790 652 1964 715; x_wconf 87' lang='grc' dir='ltr'>αίτίας</span> 
     </span>
    </p>
   </div>
   <div class='ocr_carea' id='block_1_8' title="bbox 394 738 1963 813">
    <p class='ocr_par' dir='ltr' id='par_1_8' title="bbox 394 738 1963 813">
     <span class='ocr_line' id='line_1_8' title="bbox 394 738 1963 813; baseline 0.004 -23"><span class='ocrx_word' id='word_1_38' title='bbox 394 739 600 806; x_wconf 87' lang='grc' dir='ltr'>λέγειν·</span> <span class='ocrx_word' id='word_1_39' title='bbox 642 740 742 801; x_wconf 81' lang='grc' dir='ltr'>ὅτι,</span> <span class='ocrx_word' id='word_1_40' title='bbox 802 738 985 810; x_wconf 76' lang='grc' dir='ltr'>ἐπειδὴ</span> <span class='ocrx_word' id='word_1_41' title='bbox 1023 740 1319 809; x_wconf 80' lang='grc' dir='ltr'>Ἀθηναίοις</span> <span class='ocrx_word' id='word_1_42' title='bbox 1368 742 1532 807; x_wconf 78' lang='grc' dir='ltr'>ἔδοξε,</span> <span class='ocrx_word' id='word_1_43' title='bbox 1573 743 1775 813; x_wconf 87' lang='grc' dir='ltr'>βέλτιον</span> <span class='ocrx_word' id='word_1_44' title='bbox 1827 741 1963 798; x_wconf 73' lang='grc' dir='ltr'>εἶναι</span> 
     </span>
    </p>
   </div>
   <div class='ocr_carea' id='block_1_9' title="bbox 395 829 1964 905">
    <p class='ocr_par' dir='ltr' id='par_1_9' title="bbox 395 829 1964 905">
     <span class='ocr_line' id='line_1_9' title="bbox 395 829 1964 905; baseline 0.006 -25"><span class='ocrx_word' id='word_1_45' title='bbox 395 829 534 897; x_wconf 75' lang='grc' dir='ltr'>ἐμοῦ</span> <span class='ocrx_word' id='word_1_46' title='bbox 559 830 1054 901; x_wconf 73' lang='grc' dir='ltr'><strong>καταψηφίσασθαι,</strong></span> <span class='ocrx_word' id='word_1_47' title='bbox 1084 831 1171 883; x_wconf 82' lang='grc' dir='ltr'>διὰ</span> <span class='ocrx_word' id='word_1_48' title='bbox 1199 831 1369 886; x_wconf 76' lang='grc' dir='ltr'>ταῦτα</span> <span class='ocrx_word' id='word_1_49' title='bbox 1399 833 1461 902; x_wconf 81' lang='grc' dir='ltr'><strong>δὴ</strong></span> <span class='ocrx_word' id='word_1_50' title='bbox 1492 835 1584 887; x_wconf 56' lang='grc' dir='ltr'><strong>καί⁵</strong></span> <span class='ocrx_word' id='word_1_51' title='bbox 1610 836 1730 905; x_wconf 76' lang='grc' dir='ltr'>ἐμοὶ</span> <span class='ocrx_word' id='word_1_52' title='bbox 1758 835 1964 904; x_wconf 84' lang='grc' dir='ltr'>βέλτιον</span> 
     </span>
    </p>
   </div>
   <div class='ocr_carea' id='block_1_10' title="bbox 391 916 1963 999">
    <p class='ocr_par' dir='ltr' id='par_1_10' title="bbox 391 916 1963 999">
     <span class='ocr_line' id='line_1_10' title="bbox 391 916 1963 999; baseline 0.007 -28"><span class='ocrx_word' id='word_1_53' title='bbox 391 916 465 972; x_wconf 76' lang='grc' dir='ltr'>αὖ</span> <span class='ocrx_word' id='word_1_54' title='bbox 496 920 739 973; x_wconf 81' lang='grc' dir='ltr'>δέδοκται</span> <span class='ocrx_word' id='word_1_55' title='bbox 770 922 953 975; x_wconf 80' lang='grc' dir='ltr'>ἐνθάδε</span> <span class='ocrx_word' id='word_1_56' title='bbox 979 922 1266 991; x_wconf 80' lang='grc' dir='ltr'>καθῆσθαι,</span> <span class='ocrx_word' id='word_1_57' title='bbox 1311 926 1404 977; x_wconf 80' lang='grc' dir='ltr'>καὶ</span> <span class='ocrx_word' id='word_1_58' title='bbox 1434 926 1762 997; x_wconf 87' lang='grc' dir='ltr'>δικαιότερον</span> <span class='ocrx_word' id='word_1_59' title='bbox 1785 946 1963 999; x_wconf 84' lang='grc' dir='ltr'>παρα-</span> 
     </span>
    </p>
   </div>
   <div class='ocr_carea' id='block_1_11' title="bbox 398 1012 1965 1085">
    <p class='ocr_par' dir='ltr' id='par_1_11' title="bbox 398 1012 1965 1085">
     <span class='ocr_line' id='line_1_11' title="bbox 398 1012 1965 1085; baseline 0.006 -21"><span class='ocrx_word' id='word_1_60' title='bbox 398 1012 629 1080; x_wconf 78' lang='grc' dir='ltr'><strong>μένοντα</strong></span> <span class='ocrx_word' id='word_1_61' title='bbox 653 1013 874 1083; x_wconf 78' lang='grc' dir='ltr'><strong>ὑπέχειν</strong></span> <span class='ocrx_word' id='word_1_62' title='bbox 904 1014 998 1085; x_wconf 85' lang='grc' dir='ltr'><strong>τὴν</strong></span> <span class='ocrx_word' id='word_1_63' title='bbox 1024 1014 1195 1085; x_wconf 85' lang='grc' dir='ltr'>δίκην,</span> <span class='ocrx_word' id='word_1_64' title='bbox 1227 1016 1292 1081; x_wconf 79' lang='grc' dir='ltr'>ἦν</span> <span class='ocrx_word' id='word_1_65' title='bbox 1336 1016 1401 1068; x_wconf 89' lang='grc' dir='ltr'><strong>ἂν</strong></span> <span class='ocrx_word' id='word_1_66' title='bbox 1428 1017 1775 1071; x_wconf 83' lang='grc' dir='ltr'><strong>κελεύσωσιν.</strong></span> <span class='ocrx_word' id='word_1_67' title='bbox 1815 1021 1965 1074; x_wconf 70' lang='grc' dir='ltr'>Ἐπεὶ</span> 
     </span>
    </p>
   </div>
   <div class='ocr_carea' id='block_1_12' title="bbox 398 1098 1965 1183">
    <p class='ocr_par' dir='ltr' id='par_1_12' title="bbox 398 1098 1965 1183">
     <span class='ocr_line' id='line_1_12' title="bbox 398 1098 1965 1183; baseline 0.008 -29"><span class='ocrx_word' id='word_1_68' title='bbox 398 1103 468 1173; x_wconf 81' lang='grc' dir='ltr'>νὴ</span> <span class='ocrx_word' id='word_1_69' title='bbox 500 1104 591 1155; x_wconf 82' lang='grc' dir='ltr'><strong>τὸν</strong></span> <span class='ocrx_word' id='word_1_70' title='bbox 648 1103 807 1162; x_wconf 75' lang='grc' dir='ltr'>κύνα,</span> <span class='ocrx_word' id='word_1_71' title='bbox 842 1104 912 1167; x_wconf 80' lang='grc' dir='ltr'>ὡς</span> <span class='ocrx_word' id='word_1_72' title='bbox 938 1098 1168 1175; x_wconf 78' lang='grc' dir='ltr'>ἐγῷμαι,</span> <span class='ocrx_word' id='word_1_73' title='bbox 1210 1107 1373 1160; x_wconf 84' lang='grc' dir='ltr'>πάλαι</span> <span class='ocrx_word' id='word_1_74' title='bbox 1404 1107 1468 1159; x_wconf 88' lang='grc' dir='ltr'><strong>ἂν</strong></span> <span class='ocrx_word' id='word_1_75' title='bbox 1494 1109 1663 1162; x_wconf 79' lang='grc' dir='ltr'>ταῦτα</span> <span class='ocrx_word' id='word_1_76' title='bbox 1706 1110 1775 1164; x_wconf 80' lang='grc' dir='ltr'><strong>τά</strong></span> <span class='ocrx_word' id='word_1_77' title='bbox 1801 1110 1965 1183; x_wconf 82' lang='grc' dir='ltr'>νεῦρα</span> 
     </span>
    </p>
   </div>
   <div class='ocr_carea' id='block_1_13' title="bbox 396 1196 1965 1281">
    <p class='ocr_par' dir='ltr' id='par_1_13' title="bbox 396 1196 1965 1281">
     <span class='ocr_line' id='line_1_13' title="bbox 396 1196 1965 1281; baseline 0.006 -34"><span class='ocrx_word' id='word_1_78' title='bbox 396 1196 493 1247; x_wconf 74' lang='grc' dir='ltr'><strong>καὶ</strong></span> <span class='ocrx_word' id='word_1_79' title='bbox 525 1196 591 1281; x_wconf 53' lang='lat' dir='ltr'><strong>ea.</strong></span> <span class='ocrx_word' id='word_1_80' title='bbox 613 1196 795 1266; x_wconf 78' lang='grc' dir='ltr'>όστᾶῆ</span> <span class='ocrx_word' id='word_1_81' title='bbox 827 1198 952 1267; x_wconf 70' lang='grc' dir='ltr'>περὶ</span> <span class='ocrx_word' id='word_1_82' title='bbox 973 1197 1201 1267; x_wconf 85' lang='grc' dir='ltr'>Μέγαρα</span> <span class='ocrx_word' id='word_1_83' title='bbox 1234 1197 1265 1267; x_wconf 79' lang='grc' dir='ltr'>ἢ</span> <span class='ocrx_word' id='word_1_84' title='bbox 1299 1199 1422 1268; x_wconf 74' lang='grc' dir='ltr'>περὶ</span> <span class='ocrx_word' id='word_1_85' title='bbox 1456 1200 1717 1264; x_wconf 81' lang='grc' dir='ltr'>Βοιωτοὺς</span> <span class='ocrx_word' id='word_1_86' title='bbox 1746 1198 1831 1273; x_wconf 79' lang='grc' dir='ltr'>ἦν,</span> <span class='ocrx_word' id='word_1_87' title='bbox 1862 1204 1965 1255; x_wconf 80' lang='grc' dir='ltr'><strong>ὑπὸ</strong></span> 
     </span>
    </p>
   </div>
   <div class='ocr_carea' id='block_1_14' title="bbox 394 1284 1964 1365">
    <p class='ocr_par' dir='ltr' id='par_1_14' title="bbox 394 1284 1964 1365">
     <span class='ocr_line' id='line_1_14' title="bbox 394 1284 1964 1365; baseline 0.006 -28"><span class='ocrx_word' id='word_1_88' title='bbox 394 1284 555 1356; x_wconf 79' lang='grc' dir='ltr'>δόξης</span> <span class='ocrx_word' id='word_1_89' title='bbox 591 1286 861 1355; x_wconf 79' lang='grc' dir='ltr'>φερόμενα</span> <span class='ocrx_word' id='word_1_90' title='bbox 910 1286 1002 1337; x_wconf 80' lang='grc' dir='ltr'>τοῦ</span> <span class='ocrx_word' id='word_1_91' title='bbox 1036 1286 1342 1355; x_wconf 80' lang='grc' dir='ltr'>βελτίστου,</span> <span class='ocrx_word' id='word_1_92' title='bbox 1402 1291 1451 1341; x_wconf 89' lang='grc' dir='ltr'><strong>εί</strong></span> <span class='ocrx_word' id='word_1_93' title='bbox 1511 1290 1584 1361; x_wconf 85' lang='grc' dir='ltr'>μὴ</span> <span class='ocrx_word' id='word_1_94' title='bbox 1634 1291 1964 1365; x_wconf 84' lang='grc' dir='ltr'>δικαιότερον</span> 
     </span>
    </p>
   </div>
   <div class='ocr_carea' id='block_1_15' title="bbox 394 1372 1963 1447">
    <p class='ocr_par' dir='ltr' id='par_1_15' title="bbox 394 1372 1963 1447">
     <span class='ocr_line' id='line_1_15' title="bbox 394 1372 1963 1447; baseline 0.006 -21"><span class='ocrx_word' id='word_1_95' title='bbox 394 1378 556 1445; x_wconf 73' lang='grc' dir='ltr'>ᾤμην</span> <span class='ocrx_word' id='word_1_96' title='bbox 582 1377 675 1429; x_wconf 76' lang='grc' dir='ltr'><strong>καὶ</strong></span> <span class='ocrx_word' id='word_1_97' title='bbox 696 1377 907 1430; x_wconf 84' lang='grc' dir='ltr'>κάλλιον</span> <span class='ocrx_word' id='word_1_98' title='bbox 928 1372 1083 1439; x_wconf 79' lang='grc' dir='ltr'>εἶναι,</span> <span class='ocrx_word' id='word_1_99' title='bbox 1116 1378 1219 1447; x_wconf 88' lang='grc' dir='ltr'>πρὸ</span> <span class='ocrx_word' id='word_1_100' title='bbox 1260 1378 1351 1430; x_wconf 78' lang='grc' dir='ltr'>τοῦ</span> <span class='ocrx_word' id='word_1_101' title='bbox 1379 1380 1596 1447; x_wconf 79' lang='grc' dir='ltr'>φεύγειν</span> <span class='ocrx_word' id='word_1_102' title='bbox 1618 1399 1675 1434; x_wconf 87' lang='grc' dir='ltr'><strong>τε</strong></span> <span class='ocrx_word' id='word_1_103' title='bbox 1708 1384 1797 1434; x_wconf 77' lang='grc' dir='ltr'><strong>καὶ</strong></span> <span class='ocrx_word' id='word_1_104' title='bbox 1834 1385 1963 1436; x_wconf 84' lang='grc' dir='ltr'>ἁπο-</span> 
     </span>
    </p>
   </div>
   <div class='ocr_carea' id='block_1_16' title="bbox 394 1467 1959 1550">
    <p class='ocr_par' dir='ltr' id='par_1_16' title="bbox 394 1467 1959 1550">
     <span class='ocr_line' id='line_1_16' title="bbox 394 1467 1959 1550; baseline 0.008 -31"><span class='ocrx_word' id='word_1_105' title='bbox 394 1467 727 1538; x_wconf 85' lang='grc' dir='ltr'>διδράσκειν,</span> <span class='ocrx_word' id='word_1_106' title='bbox 759 1468 979 1539; x_wconf 81' lang='grc' dir='ltr'>ὑπέχειν</span> <span class='ocrx_word' id='word_1_107' title='bbox 1011 1472 1076 1540; x_wconf 80' lang='grc' dir='ltr'>τῇ</span> <span class='ocrx_word' id='word_1_108' title='bbox 1100 1470 1248 1522; x_wconf 87' lang='grc' dir='ltr'>πόλει</span> <span class='ocrx_word' id='word_1_109' title='bbox 1274 1470 1425 1540; x_wconf 83' lang='grc' dir='ltr'>δίκην</span> <span class='ocrx_word' id='word_1_110' title='bbox 1450 1474 1515 1543; x_wconf 76' lang='grc' dir='ltr'>ἦν</span> <span class='ocrx_word' id='word_1_111' title='bbox 1536 1476 1635 1527; x_wconf 85' lang='grc' dir='ltr'>τιν’</span> <span class='ocrx_word' id='word_1_112' title='bbox 1669 1475 1733 1529; x_wconf 82' lang='grc' dir='ltr'><strong>ἂν</strong></span> <span class='ocrx_word' id='word_1_113' title='bbox 1775 1478 1959 1550; x_wconf 83' lang='grc' dir='ltr'>τάττῃ.</span> 
     </span>
    </p>
   </div>
   <div class='ocr_carea' id='block_1_17' title="bbox 410 1559 1963 1628">
    <p class='ocr_par' dir='ltr' id='par_1_17' title="bbox 410 1559 1963 1628">
     <span class='ocr_line' id='line_1_17' title="bbox 410 1559 1963 1628; baseline 0.009 -19"><span class='ocrx_word' id='word_1_114' title='bbox 410 1559 549 1610; x_wconf 81' lang='grc' dir='ltr'>Ἀλλ’</span> <span class='ocrx_word' id='word_1_115' title='bbox 575 1560 719 1611; x_wconf 86' lang='grc' dir='ltr'>αῐτια</span> <span class='ocrx_word' id='word_1_116' title='bbox 748 1560 843 1628; x_wconf 83' lang='grc' dir='ltr'>μὲν</span> <span class='ocrx_word' id='word_1_117' title='bbox 869 1560 933 1612; x_wconf 71' lang='grc' dir='ltr'><strong>τὰ</strong></span> <span class='ocrx_word' id='word_1_118' title='bbox 964 1559 1184 1613; x_wconf 85' lang='grc' dir='ltr'>τοιαῦτα</span> <span class='ocrx_word' id='word_1_119' title='bbox 1207 1562 1388 1615; x_wconf 82' lang='grc' dir='ltr'>καλεῖν</span> <span class='ocrx_word' id='word_1_120' title='bbox 1426 1563 1542 1617; x_wconf 88' lang='grc' dir='ltr'>λίαν</span> <span class='ocrx_word' id='word_1_121' title='bbox 1568 1566 1783 1620; x_wconf 84' lang='grc' dir='ltr'>ἄτοπον.</span> <span class='ocrx_word' id='word_1_122' title='bbox 1814 1570 1875 1621; x_wconf 78' lang='grc' dir='ltr'><strong>Εἰ</strong></span> <span class='ocrx_word' id='word_1_123' title='bbox 1908 1571 1963 1623; x_wconf 82' lang='grc' dir='ltr'>δέ</span> 
     </span>
    </p>
   </div>
   <div class='ocr_carea' id='block_1_18' title="bbox 394 1650 1959 1725">
    <p class='ocr_par' dir='ltr' id='par_1_18' title="bbox 394 1650 1959 1725">
     <span class='ocr_line' id='line_1_18' title="bbox 394 1650 1959 1725; baseline 0.008 -24"><span class='ocrx_word' id='word_1_124' title='bbox 394 1666 482 1711; x_wconf 84' lang='grc' dir='ltr'><strong>τις</strong></span> <span class='ocrx_word' id='word_1_125' title='bbox 508 1650 675 1716; x_wconf 82' lang='grc' dir='ltr'>λέγοι,</span> <span class='ocrx_word' id='word_1_126' title='bbox 703 1651 782 1702; x_wconf 84' lang='grc' dir='ltr'>ὅτι</span> <span class='ocrx_word' id='word_1_127' title='bbox 831 1650 957 1703; x_wconf 79' lang='grc' dir='ltr'>ἄνευ</span> <span class='ocrx_word' id='word_1_128' title='bbox 996 1650 1087 1703; x_wconf 73' lang='grc' dir='ltr'>τοῦ</span> <span class='ocrx_word' id='word_1_129' title='bbox 1141 1652 1209 1703; x_wconf 71' lang='grc' dir='ltr'><strong>τὰ</strong></span> <span class='ocrx_word' id='word_1_130' title='bbox 1241 1652 1461 1707; x_wconf 80' lang='grc' dir='ltr'>τοιαῦτα</span> <span class='ocrx_word' id='word_1_131' title='bbox 1496 1654 1659 1725; x_wconf 82' lang='grc' dir='ltr'>ἔχειν,</span> <span class='ocrx_word' id='word_1_132' title='bbox 1689 1661 1781 1712; x_wconf 72' lang='grc' dir='ltr'><strong>καὶ</strong></span> <span class='ocrx_word' id='word_1_133' title='bbox 1808 1662 1959 1725; x_wconf 80' lang='grc' dir='ltr'>ὀστᾶ,</span> 
     </span>
    </p>
   </div>
   <div class='ocr_carea' id='block_1_19' title="bbox 396 1742 1961 1823">
    <p class='ocr_par' dir='ltr' id='par_1_19' title="bbox 396 1742 1961 1823">
     <span class='ocr_line' id='line_1_19' title="bbox 396 1742 1961 1823; baseline 0.009 -32"><span class='ocrx_word' id='word_1_134' title='bbox 396 1742 493 1793; x_wconf 78' lang='grc' dir='ltr'><strong>καὶ</strong></span> <span class='ocrx_word' id='word_1_135' title='bbox 526 1742 710 1811; x_wconf 81' lang='grc' dir='ltr'>νεῦρα,</span> <span class='ocrx_word' id='word_1_136' title='bbox 770 1742 861 1793; x_wconf 74' lang='grc' dir='ltr'><strong>καὶ</strong></span> <span class='ocrx_word' id='word_1_137' title='bbox 918 1743 1015 1794; x_wconf 78' lang='grc' dir='ltr'><strong>ὅσα</strong></span> <span class='ocrx_word' id='word_1_138' title='bbox 1060 1743 1193 1795; x_wconf 82' lang='grc' dir='ltr'>ἄλλα</span> <span class='ocrx_word' id='word_1_139' title='bbox 1247 1744 1373 1814; x_wconf 77' lang='grc' dir='ltr'>ἔχω,</span> <span class='ocrx_word' id='word_1_140' title='bbox 1422 1747 1519 1799; x_wconf 75' lang='grc' dir='ltr'>οὐκ</span> <span class='ocrx_word' id='word_1_141' title='bbox 1564 1747 1629 1800; x_wconf 84' lang='grc' dir='ltr'><strong>ἂν</strong></span> <span class='ocrx_word' id='word_1_142' title='bbox 1659 1745 1767 1813; x_wconf 73' lang='grc' dir='ltr'>οἷός</span> <span class='ocrx_word' id='word_1_143' title='bbox 1810 1769 1865 1804; x_wconf 89' lang='grc' dir='ltr'><strong>τε</strong></span> <span class='ocrx_word' id='word_1_144' title='bbox 1896 1750 1961 1823; x_wconf 80' lang='grc' dir='ltr'>ἦν</span> 
     </span>
    </p>
   </div>
   <div class='ocr_carea' id='block_1_20' title="bbox 398 1832 1959 1913">
    <p class='ocr_par' dir='ltr' id='par_1_20' title="bbox 398 1832 1959 1913">
     <span class='ocr_line' id='line_1_20' title="bbox 398 1832 1959 1913; baseline 0.01 -31"><span class='ocrx_word' id='word_1_145' title='bbox 398 1835 572 1883; x_wconf 80' lang='grc' dir='ltr'>ποιεῖν</span> <span class='ocrx_word' id='word_1_146' title='bbox 600 1833 667 1884; x_wconf 78' lang='grc' dir='ltr'>τὰ</span> <span class='ocrx_word' id='word_1_147' title='bbox 707 1832 930 1895; x_wconf 78' lang='grc' dir='ltr'>δόξαντά</span> <span class='ocrx_word' id='word_1_148' title='bbox 965 1851 1073 1903; x_wconf 83' lang='grc' dir='ltr'>μοι,</span> <span class='ocrx_word' id='word_1_149' title='bbox 1134 1834 1304 1905; x_wconf 82' lang='grc' dir='ltr'>ἀληθῆ</span> <span class='ocrx_word' id='word_1_150' title='bbox 1355 1836 1418 1890; x_wconf 84' lang='grc' dir='ltr'><strong>ἂν</strong></span> <span class='ocrx_word' id='word_1_151' title='bbox 1478 1838 1641 1906; x_wconf 81' lang='grc' dir='ltr'>λέγοι·</span> <span class='ocrx_word' id='word_1_152' title='bbox 1674 1842 1748 1904; x_wconf 81' lang='grc' dir='ltr'>ὡς</span> <span class='ocrx_word' id='word_1_153' title='bbox 1780 1846 1959 1913; x_wconf 83' lang='grc' dir='ltr'>μέντοι</span> 
     </span>
    </p>
   </div>
   <div class='ocr_carea' id='block_1_21' title="bbox 393 1926 1957 2003">
    <p class='ocr_par' dir='ltr' id='par_1_21' title="bbox 393 1926 1957 2003">
     <span class='ocr_line' id='line_1_21' title="bbox 393 1926 1957 2003; baseline 0.007 -25"><span class='ocrx_word' id='word_1_154' title='bbox 393 1926 486 1979; x_wconf 70' lang='grc' dir='ltr'>διὰ</span> <span class='ocrx_word' id='word_1_155' title='bbox 521 1926 691 1979; x_wconf 76' lang='grc' dir='ltr'>ταῦτα</span> <span class='ocrx_word' id='word_1_156' title='bbox 725 1928 861 1980; x_wconf 84' lang='grc' dir='ltr'>ποιῶ</span> <span class='ocrx_word' id='word_1_157' title='bbox 888 1928 923 1981; x_wconf 80' lang='grc' dir='ltr'><strong>ἀ</strong></span> <span class='ocrx_word' id='word_1_158' title='bbox 977 1929 1134 1992; x_wconf 84' lang='grc' dir='ltr'>ποιῶ,</span> <span class='ocrx_word' id='word_1_159' title='bbox 1166 1931 1258 1983; x_wconf 79' lang='grc' dir='ltr'><strong>καὶ</strong></span> <span class='ocrx_word' id='word_1_160' title='bbox 1321 1930 1471 1984; x_wconf 77' lang='grc' dir='ltr'>ταῦθ’</span> <span class='ocrx_word' id='word_1_161' title='bbox 1503 1932 1537 1985; x_wconf 83' lang='grc' dir='ltr'>ἃ</span> <span class='ocrx_word' id='word_1_162' title='bbox 1589 1932 1664 2003; x_wconf 84' lang='grc' dir='ltr'>νῷ</span> <span class='ocrx_word' id='word_1_163' title='bbox 1715 1935 1957 2002; x_wconf 78' lang='grc' dir='ltr'>πράττω,</span> 
     </span>
    </p>
   </div>
   <div class='ocr_carea' id='block_1_22' title="bbox 397 2006 1962 2096">
    <p class='ocr_par' dir='ltr' id='par_1_22' title="bbox 397 2006 1962 2096">
     <span class='ocr_line' id='line_1_22' title="bbox 397 2006 1962 2096; baseline 0.006 -27"><span class='ocrx_word' id='word_1_164' title='bbox 397 2019 513 2070; x_wconf 81' lang='grc' dir='ltr'>ἀλλ’</span> <span class='ocrx_word' id='word_1_165' title='bbox 548 2020 608 2071; x_wconf 80' lang='grc' dir='ltr'><strong>οὐ</strong></span> <span class='ocrx_word' id='word_1_166' title='bbox 637 2022 701 2089; x_wconf 78' lang='grc' dir='ltr'>τῇ</span> <span class='ocrx_word' id='word_1_167' title='bbox 729 2020 819 2072; x_wconf 76' lang='grc' dir='ltr'>τοῦ</span> <span class='ocrx_word' id='word_1_168' title='bbox 852 2019 1121 2089; x_wconf 82' lang='grc' dir='ltr'>βελτίστου</span> <span class='ocrx_word' id='word_1_169' title='bbox 1154 2022 1381 2093; x_wconf 77' lang='grc' dir='ltr'>αἱρέσει,</span> <span class='ocrx_word' id='word_1_170' title='bbox 1441 2022 1606 2093; x_wconf 76' lang='grc' dir='ltr'>πολλὴ</span> <span class='ocrx_word' id='word_1_171' title='bbox 1644 2023 1709 2076; x_wconf 87' lang='grc' dir='ltr'>ἂν</span> <span class='ocrx_word' id='word_1_172' title='bbox 1738 2006 1835 2078; x_wconf 11' lang='grc' dir='ltr'>καὶν</span> <span class='ocrx_word' id='word_1_173' title='bbox 1863 2044 1962 2096; x_wconf 79' lang='grc' dir='ltr'><strong>μα-</strong></span> 
     </span>
    </p>
   </div>
   <div class='ocr_carea' id='block_1_23' title="bbox 398 2108 1963 2181">
    <p class='ocr_par' dir='ltr' id='par_1_23' title="bbox 398 2108 1963 2181">
     <span class='ocr_line' id='line_1_23' title="bbox 398 2108 1963 2181; baseline 0.005 -21"><span class='ocrx_word' id='word_1_174' title='bbox 398 2108 508 2178; x_wconf 84' lang='grc' dir='ltr'><strong>κρὰ</strong></span> <span class='ocrx_word' id='word_1_175' title='bbox 540 2108 777 2178; x_wconf 73' lang='grc' dir='ltr'>ῥᾳθυμία</span> <span class='ocrx_word' id='word_1_176' title='bbox 826 2108 908 2178; x_wconf 77' lang='grc' dir='ltr'>εἴη</span> <span class='ocrx_word' id='word_1_177' title='bbox 954 2109 1046 2161; x_wconf 75' lang='grc' dir='ltr'>τοῦ</span> <span class='ocrx_word' id='word_1_178' title='bbox 1085 2110 1260 2178; x_wconf 85' lang='grc' dir='ltr'>λόγου.</span> <span class='ocrx_word' id='word_1_179' title='bbox 1296 2130 1312 2161; x_wconf 74' lang='grc' dir='ltr'><strong>ι</strong></span> <span class='ocrx_word' id='word_1_180' title='bbox 1362 2108 1491 2164; x_wconf 81' lang='grc' dir='ltr'>Εἶτα</span> <span class='ocrx_word' id='word_1_181' title='bbox 1525 2113 1779 2181; x_wconf 72' lang='grc' dir='ltr'>ἐπιλέγειο</span> <span class='ocrx_word' id='word_1_182' title='bbox 1821 2134 1838 2165; x_wconf 80' lang='grc' dir='ltr'><strong>ι</strong></span> <span class='ocrx_word' id='word_1_183' title='bbox 1874 2117 1963 2168; x_wconf 83' lang='grc' dir='ltr'><strong>Διὸ</strong></span> 
     </span>
    </p>
   </div>
   <div class='ocr_carea' id='block_1_24' title="bbox 394 2199 1962 2274">
    <p class='ocr_par' dir='ltr' id='par_1_24' title="bbox 394 2199 1962 2274">
     <span class='ocr_line' id='line_1_24' title="bbox 394 2199 1962 2274; baseline 0.005 -22"><span class='ocrx_word' id='word_1_184' title='bbox 394 2200 459 2269; x_wconf 78' lang='grc' dir='ltr'><strong>δὴ</strong></span> <span class='ocrx_word' id='word_1_185' title='bbox 485 2200 573 2251; x_wconf 79' lang='grc' dir='ltr'><strong>καὶ</strong></span> <span class='ocrx_word' id='word_1_186' title='bbox 598 2202 625 2252; x_wconf 98' lang='lat'><strong>6</strong></span> <span class='ocrx_word' id='word_1_187' title='bbox 657 2199 752 2269; x_wconf 83' lang='grc' dir='ltr'>μέν</span> <span class='ocrx_word' id='word_1_188' title='bbox 780 2216 863 2262; x_wconf 70' lang='grc' dir='ltr'><strong>τις</strong></span> <span class='ocrx_word' id='word_1_189' title='bbox 889 2199 1036 2269; x_wconf 80' lang='grc' dir='ltr'>δίνην</span> <span class='ocrx_word' id='word_1_190' title='bbox 1065 2203 1364 2271; x_wconf 78' lang='grc' dir='ltr'>περιτιθεὶς</span> <span class='ocrx_word' id='word_1_191' title='bbox 1393 2204 1502 2273; x_wconf 70' lang='grc'>(81)</span> <span class='ocrx_word' id='word_1_192' title='bbox 1528 2207 1590 2274; x_wconf 76' lang='grc' dir='ltr'>τῇ</span> <span class='ocrx_word' id='word_1_193' title='bbox 1615 2208 1705 2274; x_wconf 79' lang='grc' dir='ltr'>γῇ,</span> <span class='ocrx_word' id='word_1_194' title='bbox 1746 2206 1850 2259; x_wconf 78' lang='grc' dir='ltr'>ὑπὸ</span> <span class='ocrx_word' id='word_1_195' title='bbox 1871 2208 1962 2260; x_wconf 79' lang='grc' dir='ltr'>τοῦ</span> 
     </span>
    </p>
   </div>
   <div class='ocr_carea' id='block_1_25' title="bbox 396 2291 1966 2370">
    <p class='ocr_par' dir='ltr' id='par_1_25' title="bbox 396 2291 1966 2370">
     <span class='ocr_line' id='line_1_25' title="bbox 396 2291 1966 2370; baseline 0.004 -26"><span class='ocrx_word' id='word_1_196' title='bbox 396 2291 621 2363; x_wconf 74' lang='grc' dir='ltr'>οὐρανοῦ</span> <span class='ocrx_word' id='word_1_197' title='bbox 668 2291 847 2362; x_wconf 84' lang='grc' dir='ltr'>μένειν</span> <span class='ocrx_word' id='word_1_198' title='bbox 874 2292 937 2362; x_wconf 84' lang='grc' dir='ltr'><strong>δὴ</strong></span> <span class='ocrx_word' id='word_1_199' title='bbox 987 2294 1253 2363; x_wconf 77' lang='grc' dir='ltr'>ποιεῖτὴν</span> <span class='ocrx_word' id='word_1_200' title='bbox 1302 2295 1422 2365; x_wconf 75' lang='grc' dir='ltr'>γῆνο</span> <span class='ocrx_word' id='word_1_201' title='bbox 1468 2297 1496 2348; x_wconf 90' lang='lat'><strong>6</strong></span> <span class='ocrx_word' id='word_1_202' title='bbox 1534 2296 1589 2347; x_wconf 85' lang='grc' dir='ltr'><strong>δὲ</strong></span> <span class='ocrx_word' id='word_1_203' title='bbox 1620 2295 1805 2368; x_wconf 83' lang='grc' dir='ltr'>ὥσπερ</span> <span class='ocrx_word' id='word_1_204' title='bbox 1832 2315 1966 2370; x_wconf 83' lang='grc' dir='ltr'>καρ-</span> 
     </span>
    </p>
   </div>
   <div class='ocr_carea' id='block_1_26' title="bbox 395 2384 1965 2462">
    <p class='ocr_par' dir='ltr' id='par_1_26' title="bbox 395 2384 1965 2462">
     <span class='ocr_line' id='line_1_26' title="bbox 395 2384 1965 2462; baseline 0.004 -27"><span class='ocrx_word' id='word_1_205' title='bbox 395 2385 543 2454; x_wconf 83' lang='grc' dir='ltr'>δόπῳ</span> <span class='ocrx_word' id='word_1_206' title='bbox 574 2384 802 2455; x_wconf 79' lang='grc' dir='ltr'>πλατείᾳ</span> <span class='ocrx_word' id='word_1_207' title='bbox 850 2384 1044 2454; x_wconf 79' lang='grc' dir='ltr'>βάθρον</span> <span class='ocrx_word' id='word_1_208' title='bbox 1081 2384 1169 2437; x_wconf 86' lang='grc' dir='ltr'><strong>τὸν</strong></span> <span class='ocrx_word' id='word_1_209' title='bbox 1208 2385 1345 2455; x_wconf 90' lang='grc' dir='ltr'>ἀέρα</span> <span class='ocrx_word' id='word_1_210' title='bbox 1377 2387 1487 2457; x_wconf 73' lang='grc'><strong>(82)</strong></span> <span class='ocrx_word' id='word_1_211' title='bbox 1536 2388 1823 2459; x_wconf 77' lang='grc' dir='ltr'>ὑπερείδει·</span> <span class='ocrx_word' id='word_1_212' title='bbox 1868 2392 1965 2462; x_wconf 82' lang='grc' dir='ltr'><strong>τὴν</strong></span> 
     </span>
    </p>
   </div>
   <div class='ocr_carea' id='block_1_27' title="bbox 395 2470 1958 2551">
    <p class='ocr_par' dir='ltr' id='par_1_27' title="bbox 395 2470 1958 2551">
     <span class='ocr_line' id='line_1_27' title="bbox 395 2470 1958 2551; baseline 0.004 -24"><span class='ocrx_word' id='word_1_213' title='bbox 395 2474 570 2539; x_wconf 72' lang='grc' dir='ltr'><strong>δὲ,τοῦ</strong></span> <span class='ocrx_word' id='word_1_214' title='bbox 603 2475 678 2538; x_wconf 82' lang='grc' dir='ltr'>ὡς</span> <span class='ocrx_word' id='word_1_215' title='bbox 698 2470 806 2526; x_wconf 78' lang='grc' dir='ltr'>οἷόν</span> <span class='ocrx_word' id='word_1_216' title='bbox 858 2492 917 2527; x_wconf 89' lang='grc' dir='ltr'><strong>τε</strong></span> <span class='ocrx_word' id='word_1_217' title='bbox 966 2474 1213 2544; x_wconf 86' lang='grc' dir='ltr'>βέλτιστα</span> <span class='ocrx_word' id='word_1_218' title='bbox 1272 2476 1409 2529; x_wconf 81' lang='grc' dir='ltr'><strong>αὐτά</strong></span> <span class='ocrx_word' id='word_1_219' title='bbox 1439 2477 1658 2549; x_wconf 81' lang='grc' dir='ltr'>τεθῆναι</span> <span class='ocrx_word' id='word_1_220' title='bbox 1715 2479 1958 2551; x_wconf 74' lang='grc' dir='ltr'>δύναμιν,</span> 
     </span>
    </p>
   </div>
   <div class='ocr_carea' id='block_1_28' title="bbox 394 2557 1957 2631">
    <p class='ocr_par' dir='ltr' id='par_1_28' title="bbox 394 2557 1957 2631">
     <span class='ocr_line' id='line_1_28' title="bbox 394 2557 1957 2631; baseline 0.006 -22"><span class='ocrx_word' id='word_1_221' title='bbox 394 2560 535 2610; x_wconf 78' lang='grc' dir='ltr'>οὕτω</span> <span class='ocrx_word' id='word_1_222' title='bbox 566 2558 657 2611; x_wconf 77' lang='grc' dir='ltr'>νῦν</span> <span class='ocrx_word' id='word_1_223' title='bbox 695 2557 925 2621; x_wconf 86' lang='grc' dir='ltr'>κεῖσθαι,</span> <span class='ocrx_word' id='word_1_224' title='bbox 954 2558 1154 2629; x_wconf 85' lang='grc' dir='ltr'>ταύτην</span> <span class='ocrx_word' id='word_1_225' title='bbox 1200 2558 1322 2612; x_wconf 71' lang='grc' dir='ltr'>οὔτε</span> <span class='ocrx_word' id='word_1_226' title='bbox 1363 2559 1633 2631; x_wconf 77' lang='grc' dir='ltr'>ζητοῦσιν,</span> <span class='ocrx_word' id='word_1_227' title='bbox 1666 2562 1786 2616; x_wconf 79' lang='grc' dir='ltr'>οὔτε</span> <span class='ocrx_word' id='word_1_228' title='bbox 1836 2565 1957 2618; x_wconf 83' lang='grc' dir='ltr'>τινά</span> 
     </span>
    </p>
   </div>
   <div class='ocr_carea' id='block_1_29' title="bbox 393 2648 1956 2721">
    <p class='ocr_par' dir='ltr' id='par_1_29' title="bbox 393 2648 1956 2721">
     <span class='ocr_line' id='line_1_29' title="bbox 393 2648 1956 2721; baseline 0.004 -21"><span class='ocrx_word' id='word_1_229' title='bbox 393 2648 595 2702; x_wconf 79' lang='grc' dir='ltr'>οἴονται</span> <span class='ocrx_word' id='word_1_230' title='bbox 614 2648 891 2718; x_wconf 87' lang='grc' dir='ltr'>δαιμονίαν</span> <span class='ocrx_word' id='word_1_231' title='bbox 926 2650 1074 2718; x_wconf 77' lang='grc' dir='ltr'>ἰσχὺν</span> <span class='ocrx_word' id='word_1_232' title='bbox 1098 2649 1260 2718; x_wconf 80' lang='grc' dir='ltr'>ἔχειν’</span> <span class='ocrx_word' id='word_1_233' title='bbox 1303 2650 1439 2703; x_wconf 86' lang='grc' dir='ltr'>ἀλλὰ</span> <span class='ocrx_word' id='word_1_234' title='bbox 1479 2651 1733 2721; x_wconf 70' lang='grc' dir='ltr'>ἡγοῦνται</span> <span class='ocrx_word' id='word_1_235' title='bbox 1769 2654 1956 2707; x_wconf 79' lang='grc' dir='ltr'>τούτου</span> 
     </span>
    </p>
   </div>
   <div class='ocr_carea' id='block_1_30' title="bbox 396 2738 1957 2813">
    <p class='ocr_par' dir='ltr' id='par_1_30' title="bbox 396 2738 1957 2813">
     <span class='ocr_line' id='line_1_30' title="bbox 396 2738 1957 2813; baseline -0.001 -20"><span class='ocrx_word' id='word_1_236' title='bbox 396 2740 461 2793; x_wconf 82' lang='grc' dir='ltr'>ἄν</span> <span class='ocrx_word' id='word_1_237' title='bbox 486 2755 615 2791; x_wconf 84' lang='grc' dir='ltr'>ποτε</span> <span class='ocrx_word' id='word_1_238' title='bbox 651 2738 917 2792; x_wconf 83' lang='grc' dir='ltr'>Ἀτλαντα</span> <span class='ocrx_word' id='word_1_239' title='bbox 954 2739 1316 2809; x_wconf 80' lang='grc' dir='ltr'>ἰσχυρότερον,</span> <span class='ocrx_word' id='word_1_240' title='bbox 1377 2740 1470 2792; x_wconf 74' lang='grc' dir='ltr'>καὶ</span> <span class='ocrx_word' id='word_1_241' title='bbox 1531 2739 1957 2813; x_wconf 84' lang='grc' dir='ltr'>ἀθανατώτερον,</span> 
     </span>
    </p>
   </div>
   <div class='ocr_carea' id='block_1_31' title="bbox 393 2830 1960 2902">
    <p class='ocr_par' dir='ltr' id='par_1_31' title="bbox 393 2830 1960 2902">
     <span class='ocr_line' id='line_1_31' title="bbox 393 2830 1960 2902; baseline 0 -18"><span class='ocrx_word' id='word_1_242' title='bbox 393 2832 488 2884; x_wconf 83' lang='grc' dir='ltr'>καὶ</span> <span class='ocrx_word' id='word_1_243' title='bbox 539 2830 736 2901; x_wconf 77' lang='grc' dir='ltr'>μᾶλλον</span> <span class='ocrx_word' id='word_1_244' title='bbox 769 2831 982 2883; x_wconf 77' lang='grc' dir='ltr'>ἅπαντα</span> <span class='ocrx_word' id='word_1_245' title='bbox 1017 2830 1302 2900; x_wconf 79' lang='grc' dir='ltr'>συνέχοντα</span> <span class='ocrx_word' id='word_1_246' title='bbox 1332 2830 1587 2901; x_wconf 74' lang='grc' dir='ltr'>ἐξευρεῖν·</span> <span class='ocrx_word' id='word_1_247' title='bbox 1613 2834 1703 2885; x_wconf 79' lang='grc' dir='ltr'><strong>καὶ</strong></span> <span class='ocrx_word' id='word_1_248' title='bbox 1726 2834 1799 2896; x_wconf 85' lang='grc' dir='ltr'>ὼς</span> <span class='ocrx_word' id='word_1_249' title='bbox 1829 2833 1960 2902; x_wconf 86' lang='grc' dir='ltr'>ἀλη-</span> 
     </span>
    </p>
   </div>
   <div class='ocr_carea' id='block_1_32' title="bbox 394 2922 1961 2997">
    <p class='ocr_par' dir='ltr' id='par_1_32' title="bbox 394 2922 1961 2997">
     <span class='ocr_line' id='line_1_32' title="bbox 394 2922 1961 2997; baseline 0.001 -22"><span class='ocrx_word' id='word_1_250' title='bbox 394 2922 521 2985; x_wconf 83' lang='grc' dir='ltr'>θῶς,</span> <span class='ocrx_word' id='word_1_251' title='bbox 551 2924 609 2975; x_wconf 82' lang='grc' dir='ltr'><strong>τὸ</strong></span> <span class='ocrx_word' id='word_1_252' title='bbox 635 2923 834 2991; x_wconf 75' lang='grc' dir='ltr'>ἀγαθὸν</span> <span class='ocrx_word' id='word_1_253' title='bbox 860 2924 951 2975; x_wconf 76' lang='grc' dir='ltr'><strong>καὶ</strong></span> <span class='ocrx_word' id='word_1_254' title='bbox 984 2922 1100 2975; x_wconf 86' lang='grc' dir='ltr'>δέον</span> <span class='ocrx_word' id='word_1_255' title='bbox 1136 2922 1340 2988; x_wconf 79' lang='grc' dir='ltr'>ξυνδεῖν</span> <span class='ocrx_word' id='word_1_256' title='bbox 1391 2925 1483 2976; x_wconf 74' lang='grc' dir='ltr'><strong>καὶ</strong></span> <span class='ocrx_word' id='word_1_257' title='bbox 1525 2926 1764 2997; x_wconf 83' lang='grc' dir='ltr'>συνέχειν</span> <span class='ocrx_word' id='word_1_258' title='bbox 1811 2926 1961 2979; x_wconf 72' lang='grc' dir='ltr'>οὐδὲν</span> 
     </span>
    </p>
   </div>
   <div class='ocr_carea' id='block_1_33' title="bbox 392 3014 1960 3089">
    <p class='ocr_par' dir='ltr' id='par_1_33' title="bbox 392 3014 1960 3089">
     <span class='ocr_line' id='line_1_33' title="bbox 392 3014 1960 3089; baseline 0.001 -22"><span class='ocrx_word' id='word_1_259' title='bbox 392 3016 611 3068; x_wconf 78' lang='grc' dir='ltr'>οἴονται.</span> <span class='ocrx_word' id='word_1_260' title='bbox 648 3035 665 3065; x_wconf 77' lang='grc' dir='ltr'><strong>ι</strong></span> <span class='ocrx_word' id='word_1_261' title='bbox 695 3014 921 3068; x_wconf 78' lang='grc' dir='ltr'>Τοσαῦτ’</span> <span class='ocrx_word' id='word_1_262' title='bbox 954 3018 982 3068; x_wconf 89' lang='grc' dir='ltr'><strong>ό</strong></span> <span class='ocrx_word' id='word_1_263' title='bbox 1006 3016 1295 3086; x_wconf 81' lang='grc' dir='ltr'>Σωκράτης</span> <span class='ocrx_word' id='word_1_264' title='bbox 1319 3020 1445 3087; x_wconf 79' lang='grc' dir='ltr'>περὶ</span> <span class='ocrx_word' id='word_1_265' title='bbox 1472 3018 1569 3084; x_wconf 83' lang='grc' dir='ltr'><strong>τῆς</strong></span> <span class='ocrx_word' id='word_1_266' title='bbox 1608 3016 1960 3089; x_wconf 70' lang='grc' dir='ltr'>Ἀναξαγόρου</span> 
     </span>
    </p>
   </div>
   <div class='ocr_carea' id='block_1_34' title="bbox 2067 558 3625 627">
    <p class='ocr_par' dir='ltr' id='par_1_34' title="bbox 2067 558 3625 627">
     <span class='ocr_line' id='line_1_34' title="bbox 2067 558 3625 627; baseline -0.004 -14"><span class='ocrx_word' id='word_1_267' title='bbox 2067 559 2219 613; x_wconf 81' lang='lat' dir='ltr'><strong>beant</strong></span> <span class='ocrx_word' id='word_1_268' title='bbox 2269 576 2335 615; x_wconf 84' lang='lat' dir='ltr'><strong>ex</strong></span> <span class='ocrx_word' id='word_1_269' title='bbox 2387 559 2605 615; x_wconf 86' lang='lat' dir='ltr'><strong>ossibus</strong></span> <span class='ocrx_word' id='word_1_270' title='bbox 2654 558 2941 627; x_wconf 83' lang='lat' dir='ltr'><strong>nervisque</strong></span> <span class='ocrx_word' id='word_1_271' title='bbox 2989 564 3352 623; x_wconf 84' lang='lat' dir='ltr'><strong>compactum,</strong></span> <span class='ocrx_word' id='word_1_272' title='bbox 3403 563 3456 607; x_wconf 85' lang='lat' dir='ltr'><strong>et</strong></span> <span class='ocrx_word' id='word_1_273' title='bbox 3501 568 3625 608; x_wconf 84' lang='lat' dir='ltr'><strong>ossa</strong></span> 
     </span>
    </p>
   </div>
   <div class='ocr_carea' id='block_1_35' title="bbox 2065 644 3629 719">
    <p class='ocr_par' dir='ltr' id='par_1_35' title="bbox 2065 644 3629 719">
     <span class='ocr_line' id='line_1_35' title="bbox 2065 644 3629 719; baseline -0.004 -17"><span class='ocrx_word' id='word_1_274' title='bbox 2065 650 2282 719; x_wconf 83' lang='lat' dir='ltr'><strong>quidem</strong></span> <span class='ocrx_word' id='word_1_275' title='bbox 2319 649 2491 704; x_wconf 90' lang='lat' dir='ltr'><strong>solida</strong></span> <span class='ocrx_word' id='word_1_276' title='bbox 2528 649 2658 713; x_wconf 88' lang='lat' dir='ltr'><strong>sint,</strong></span> <span class='ocrx_word' id='word_1_277' title='bbox 2711 663 2774 702; x_wconf 88' lang='lat' dir='ltr'><strong>ac</strong></span> <span class='ocrx_word' id='word_1_278' title='bbox 2799 648 2963 704; x_wconf 90' lang='lat' dir='ltr'><strong>certis</strong></span> <span class='ocrx_word' id='word_1_279' title='bbox 3011 645 3419 701; x_wconf 62' lang='lat' dir='ltr'><strong>discriminibus</strong></span> <span class='ocrx_word' id='word_1_280' title='bbox 3459 644 3629 698; x_wconf 31' lang='lat' dir='ltr'><strong>inter.-</strong></span> 
     </span>
    </p>
   </div>
   <div class='ocr_carea' id='block_1_36' title="bbox 2066 736 3629 811">
    <p class='ocr_par' dir='ltr' id='par_1_36' title="bbox 2066 736 3629 811">
     <span class='ocr_line' id='line_1_36' title="bbox 2066 736 3629 811; baseline -0.003 -19"><span class='ocrx_word' id='word_1_281' title='bbox 2066 741 2329 811; x_wconf 91' lang='lat' dir='ltr'><strong>vallisque</strong></span> <span class='ocrx_word' id='word_1_282' title='bbox 2363 741 2639 805; x_wconf 87' lang='lat' dir='ltr'><strong>distincta,</strong></span> <span class='ocrx_word' id='word_1_283' title='bbox 2673 742 2822 795; x_wconf 86' lang='lat' dir='ltr'><strong>nervi</strong></span> <span class='ocrx_word' id='word_1_284' title='bbox 2856 749 3058 804; x_wconf 90' lang='lat' dir='ltr'><strong>autem,</strong></span> <span class='ocrx_word' id='word_1_285' title='bbox 3089 738 3181 809; x_wconf 88' lang='lat' dir='ltr'><strong>qui</strong></span> <span class='ocrx_word' id='word_1_286' title='bbox 3207 746 3253 791; x_wconf 92' lang='lat' dir='ltr'><strong>et</strong></span> <span class='ocrx_word' id='word_1_287' title='bbox 3291 736 3629 791; x_wconf 87' lang='lat' dir='ltr'><strong>contendan-</strong></span> 
     </span>
    </p>
   </div>
   <div class='ocr_carea' id='block_1_37' title="bbox 2069 828 3630 897">
    <p class='ocr_par' dir='ltr' id='par_1_37' title="bbox 2069 828 3630 897">
     <span class='ocr_line' id='line_1_37' title="bbox 2069 828 3630 897; baseline -0.003 -13"><span class='ocrx_word' id='word_1_288' title='bbox 2069 840 2155 885; x_wconf 89' lang='lat' dir='ltr'><strong>tur</strong></span> <span class='ocrx_word' id='word_1_289' title='bbox 2184 832 2366 895; x_wconf 84' lang='lat' dir='ltr'><strong>facile,</strong></span> <span class='ocrx_word' id='word_1_290' title='bbox 2397 842 2451 887; x_wconf 90' lang='lat' dir='ltr'><strong>et</strong></span> <span class='ocrx_word' id='word_1_291' title='bbox 2500 830 2656 885; x_wconf 81' lang='lat' dir='ltr'><strong>facile</strong></span> <span class='ocrx_word' id='word_1_292' title='bbox 2702 832 3069 893; x_wconf 75' lang='lat' dir='ltr'><strong>remittantur,</strong></span> <span class='ocrx_word' id='word_1_293' title='bbox 3117 845 3239 883; x_wconf 91' lang='lat' dir='ltr'><strong>cum</strong></span> <span class='ocrx_word' id='word_1_294' title='bbox 3291 828 3407 897; x_wconf 88' lang='lat' dir='ltr'><strong>ipsa</strong></span> <span class='ocrx_word' id='word_1_295' title='bbox 3464 840 3630 880; x_wconf 90' lang='lat' dir='ltr'><strong>carne</strong></span> 
     </span>
    </p>
   </div>
   <div class='ocr_carea' id='block_1_38' title="bbox 2066 926 3628 996">
    <p class='ocr_par' dir='ltr' id='par_1_38' title="bbox 2066 926 3628 996">
     <span class='ocr_line' id='line_1_38' title="bbox 2066 926 3628 996; baseline -0.003 -15"><span class='ocrx_word' id='word_1_296' title='bbox 2066 928 2226 981; x_wconf 89' lang='lat' dir='ltr'><strong>simul</strong></span> <span class='ocrx_word' id='word_1_297' title='bbox 2279 937 2334 982; x_wconf 86' lang='lat' dir='ltr'><strong>et</strong></span> <span class='ocrx_word' id='word_1_298' title='bbox 2379 937 2535 993; x_wconf 92' lang='lat' dir='ltr'><strong>cute,</strong></span> <span class='ocrx_word' id='word_1_299' title='bbox 2588 942 2709 996; x_wconf 71' lang='lat' dir='ltr'><strong>qua:</strong></span> <span class='ocrx_word' id='word_1_300' title='bbox 2759 928 2846 981; x_wconf 90' lang='lat' dir='ltr'><strong>illa</strong></span> <span class='ocrx_word' id='word_1_301' title='bbox 2881 928 3150 996; x_wconf 71' lang='lat' dir='ltr'><strong>praecipue</strong></span> <span class='ocrx_word' id='word_1_302' title='bbox 3200 926 3460 987; x_wconf 86' lang='lat' dir='ltr'><strong>continet,</strong></span> <span class='ocrx_word' id='word_1_303' title='bbox 3502 939 3628 979; x_wconf 88' lang='lat' dir='ltr'><strong>ossa</strong></span> 
     </span>
    </p>
   </div>
   <div class='ocr_carea' id='block_1_39' title="bbox 2066 1015 3631 1089">
    <p class='ocr_par' dir='ltr' id='par_1_39' title="bbox 2066 1015 3631 1089">
     <span class='ocr_line' id='line_1_39' title="bbox 2066 1015 3631 1089; baseline -0.003 -17"><span class='ocrx_word' id='word_1_304' title='bbox 2066 1020 2306 1088; x_wconf 82' lang='lat' dir='ltr'><strong>undique</strong></span> <span class='ocrx_word' id='word_1_305' title='bbox 2332 1020 2781 1089; x_wconf 84' lang='lat' dir='ltr'><strong>complectantur.</strong></span> <span class='ocrx_word' id='word_1_306' title='bbox 2813 1018 2946 1071; x_wconf 84' lang='lat' dir='ltr'><strong>Nam</strong></span> <span class='ocrx_word' id='word_1_307' title='bbox 2988 1018 3113 1071; x_wconf 92' lang='lat' dir='ltr'><strong>dum</strong></span> <span class='ocrx_word' id='word_1_308' title='bbox 3146 1017 3262 1071; x_wconf 89' lang='lat' dir='ltr'><strong>suis</strong></span> <span class='ocrx_word' id='word_1_309' title='bbox 3286 1017 3338 1068; x_wconf 93' lang='lat' dir='ltr'><strong>in</strong></span> <span class='ocrx_word' id='word_1_310' title='bbox 3372 1015 3631 1070; x_wconf 88' lang='lat' dir='ltr'><strong>commis-</strong></span> 
     </span>
    </p>
   </div>
   <div class='ocr_carea' id='block_1_40' title="bbox 2065 1104 3630 1175">
    <p class='ocr_par' dir='ltr' id='par_1_40' title="bbox 2065 1104 3630 1175">
     <span class='ocr_line' id='line_1_40' title="bbox 2065 1104 3630 1175; baseline -0.003 -14"><span class='ocrx_word' id='word_1_311' title='bbox 2065 1109 2208 1163; x_wconf 88' lang='lat' dir='ltr'><strong>suris</strong></span> <span class='ocrx_word' id='word_1_312' title='bbox 2248 1109 2568 1163; x_wconf 84' lang='lat' dir='ltr'><strong>attolluntur</strong></span> <span class='ocrx_word' id='word_1_313' title='bbox 2628 1124 2776 1174; x_wconf 90' lang='lat' dir='ltr'><strong>ossa,</strong></span> <span class='ocrx_word' id='word_1_314' title='bbox 2834 1107 3009 1167; x_wconf 89' lang='lat' dir='ltr'><strong>nervi,</strong></span> <span class='ocrx_word' id='word_1_315' title='bbox 3067 1122 3300 1175; x_wconf 93' lang='lat' dir='ltr'><strong>quorum</strong></span> <span class='ocrx_word' id='word_1_316' title='bbox 3344 1114 3397 1158; x_wconf 91' lang='lat' dir='ltr'><strong>et</strong></span> <span class='ocrx_word' id='word_1_317' title='bbox 3445 1104 3630 1158; x_wconf 80' lang='lat' dir='ltr'><strong>laxare</strong></span> 
     </span>
    </p>
   </div>
   <div class='ocr_carea' id='block_1_41' title="bbox 2064 1197 3628 1268">
    <p class='ocr_par' dir='ltr' id='par_1_41' title="bbox 2064 1197 3628 1268">
     <span class='ocr_line' id='line_1_41' title="bbox 2064 1197 3628 1268; baseline -0.001 -17"><span class='ocrx_word' id='word_1_318' title='bbox 2064 1200 2342 1268; x_wconf 87' lang='lat' dir='ltr'><strong>proprium</strong></span> <span class='ocrx_word' id='word_1_319' title='bbox 2377 1209 2460 1254; x_wconf 90' lang='lat' dir='ltr'><strong>est</strong></span> <span class='ocrx_word' id='word_1_320' title='bbox 2505 1209 2558 1254; x_wconf 91' lang='lat' dir='ltr'><strong>et</strong></span> <span class='ocrx_word' id='word_1_321' title='bbox 2600 1202 2949 1259; x_wconf 88' lang='lat' dir='ltr'><strong>contendere,</strong></span> <span class='ocrx_word' id='word_1_322' title='bbox 2987 1200 3228 1252; x_wconf 91' lang='lat' dir='ltr'><strong>membra</strong></span> <span class='ocrx_word' id='word_1_323' title='bbox 3262 1208 3321 1252; x_wconf 90' lang='lat' dir='ltr'><strong>ut</strong></span> <span class='ocrx_word' id='word_1_324' title='bbox 3358 1197 3628 1252; x_wconf 80' lang='lat' dir='ltr'><strong>inflectere</strong></span> 
     </span>
    </p>
   </div>
   <div class='ocr_carea' id='block_1_42' title="bbox 2065 1288 3628 1359">
    <p class='ocr_par' dir='ltr' id='par_1_42' title="bbox 2065 1288 3628 1359">
     <span class='ocr_line' id='line_1_42' title="bbox 2065 1288 3628 1359; baseline -0.001 -18"><span class='ocrx_word' id='word_1_325' title='bbox 2065 1304 2209 1343; x_wconf 90' lang='lat' dir='ltr'><strong>nunc</strong></span> <span class='ocrx_word' id='word_1_326' title='bbox 2242 1298 2295 1343; x_wconf 91' lang='lat' dir='ltr'><strong>et</strong></span> <span class='ocrx_word' id='word_1_327' title='bbox 2326 1305 2551 1344; x_wconf 88' lang='lat' dir='ltr'><strong>curvare</strong></span> <span class='ocrx_word' id='word_1_328' title='bbox 2600 1290 2800 1359; x_wconf 85' lang='lat' dir='ltr'><strong>possint</strong></span> <span class='ocrx_word' id='word_1_329' title='bbox 2832 1290 3090 1353; x_wconf 79' lang='lat' dir='ltr'><strong>efiiciunt,</strong></span> <span class='ocrx_word' id='word_1_330' title='bbox 3143 1303 3314 1357; x_wconf 85' lang='lat' dir='ltr'><strong>eaque</strong></span> <span class='ocrx_word' id='word_1_331' title='bbox 3350 1288 3415 1341; x_wconf 89' lang='lat' dir='ltr'><strong>de</strong></span> <span class='ocrx_word' id='word_1_332' title='bbox 3463 1302 3628 1341; x_wconf 88' lang='lat' dir='ltr'><strong>causa</strong></span> 
     </span>
    </p>
   </div>
   <div class='ocr_carea' id='block_1_43' title="bbox 2065 1375 3627 1447">
    <p class='ocr_par' dir='ltr' id='par_1_43' title="bbox 2065 1375 3627 1447">
     <span class='ocr_line' id='line_1_43' title="bbox 2065 1375 3627 1447; baseline -0.003 -16"><span class='ocrx_word' id='word_1_333' title='bbox 2065 1378 2322 1432; x_wconf 80' lang='lat' dir='ltr'><strong>incurvus</strong></span> <span class='ocrx_word' id='word_1_334' title='bbox 2376 1379 2465 1433; x_wconf 85' lang='lat' dir='ltr'><strong>hic</strong></span> <span class='ocrx_word' id='word_1_335' title='bbox 2516 1379 2701 1433; x_wconf 89' lang='lat' dir='ltr'><strong>sedeo.</strong></span> <span class='ocrx_word' id='word_1_336' title='bbox 2755 1378 2891 1432; x_wconf 92' lang='lat' dir='ltr'><strong>Tum</strong></span> <span class='ocrx_word' id='word_1_337' title='bbox 2944 1378 3085 1447; x_wconf 90' lang='lat' dir='ltr'><strong>quod</strong></span> <span class='ocrx_word' id='word_1_338' title='bbox 3144 1378 3421 1431; x_wconf 74' lang='lat' dir='ltr'><strong>vobiscum</strong></span> <span class='ocrx_word' id='word_1_339' title='bbox 3464 1375 3627 1428; x_wconf 87' lang='lat' dir='ltr'><strong>etiam</strong></span> 
     </span>
    </p>
   </div>
   <div class='ocr_carea' id='block_1_44' title="bbox 2064 1462 3629 1539">
    <p class='ocr_par' dir='ltr' id='par_1_44' title="bbox 2064 1462 3629 1539">
     <span class='ocr_line' id='line_1_44' title="bbox 2064 1462 3629 1539; baseline -0.003 -14"><span class='ocrx_word' id='word_1_340' title='bbox 2064 1472 2363 1539; x_wconf 91' lang='lat' dir='ltr'><strong>colloquar,</strong></span> <span class='ocrx_word' id='word_1_341' title='bbox 2392 1462 2447 1523; x_wconf 86' lang='lat' dir='ltr'><strong>id</strong></span> <span class='ocrx_word' id='word_1_342' title='bbox 2477 1471 2725 1535; x_wconf 84' lang='lat' dir='ltr'><strong>vocibus,</strong></span> <span class='ocrx_word' id='word_1_343' title='bbox 2758 1471 2890 1535; x_wconf 88' lang='lat' dir='ltr'><strong>aeri,</strong></span> <span class='ocrx_word' id='word_1_344' title='bbox 2920 1468 3205 1529; x_wconf 83' lang='lat' dir='ltr'><strong>auditioui,</strong></span> <span class='ocrx_word' id='word_1_345' title='bbox 3238 1484 3301 1522; x_wconf 89' lang='lat' dir='ltr'><strong>ac</strong></span> <span class='ocrx_word' id='word_1_346' title='bbox 3332 1466 3541 1521; x_wconf 72' lang='lat' dir='ltr'><strong>cazteris</strong></span> <span class='ocrx_word' id='word_1_347' title='bbox 3576 1464 3629 1520; x_wconf 88' lang='lat' dir='ltr'><strong>id</strong></span> 
     </span>
    </p>
   </div>
   <div class='ocr_carea' id='block_1_45' title="bbox 2064 1558 3629 1633">
    <p class='ocr_par' dir='ltr' id='par_1_45' title="bbox 2064 1558 3629 1633">
     <span class='ocr_line' id='line_1_45' title="bbox 2064 1558 3629 1633; baseline -0.003 -16"><span class='ocrx_word' id='word_1_348' title='bbox 2064 1578 2233 1629; x_wconf 76' lang='lat' dir='ltr'><strong>genus</strong></span> <span class='ocrx_word' id='word_1_349' title='bbox 2265 1562 2555 1629; x_wconf 78' lang='lat' dir='ltr'><strong>sexcentis,</strong></span> <span class='ocrx_word' id='word_1_350' title='bbox 2586 1564 2741 1633; x_wconf 89' lang='lat' dir='ltr'><strong>quasi</strong></span> <span class='ocrx_word' id='word_1_351' title='bbox 2773 1562 2954 1617; x_wconf 82' lang='lat' dir='ltr'><strong>causis</strong></span> <span class='ocrx_word' id='word_1_352' title='bbox 3000 1561 3276 1618; x_wconf 86' lang='lat' dir='ltr'><strong>attribuat.</strong></span> <span class='ocrx_word' id='word_1_353' title='bbox 3322 1560 3463 1612; x_wconf 86' lang='lat' dir='ltr'><strong>veris</strong></span> <span class='ocrx_word' id='word_1_354' title='bbox 3494 1558 3629 1612; x_wconf 88' lang='lat' dir='ltr'><strong>inte-</strong></span> 
     </span>
    </p>
   </div>
   <div class='ocr_carea' id='block_1_46' title="bbox 2064 1650 3628 1723">
    <p class='ocr_par' dir='ltr' id='par_1_46' title="bbox 2064 1650 3628 1723">
     <span class='ocr_line' id='line_1_46' title="bbox 2064 1650 3628 1723; baseline -0.003 -16"><span class='ocrx_word' id='word_1_355' title='bbox 2064 1656 2165 1708; x_wconf 89' lang='lat' dir='ltr'><strong>rim</strong></span> <span class='ocrx_word' id='word_1_356' title='bbox 2213 1670 2333 1723; x_wconf 71' lang='lat' dir='ltr'><strong>qua:</strong></span> <span class='ocrx_word' id='word_1_357' title='bbox 2393 1664 2696 1722; x_wconf 90' lang='lat' dir='ltr'><strong>sequuntur</strong></span> <span class='ocrx_word' id='word_1_358' title='bbox 2743 1653 3000 1708; x_wconf 88' lang='lat' dir='ltr'><strong>omissis:</strong></span> <span class='ocrx_word' id='word_1_359' title='bbox 3060 1652 3356 1715; x_wconf 88' lang='lat' dir='ltr'><strong>nimirum,</strong></span> <span class='ocrx_word' id='word_1_360' title='bbox 3411 1650 3628 1720; x_wconf 87' lang='lat' dir='ltr'><strong>quando</strong></span> 
     </span>
    </p>
   </div>
   <div class='ocr_carea' id='block_1_47' title="bbox 2063 1742 3625 1813">
    <p class='ocr_par' dir='ltr' id='par_1_47' title="bbox 2063 1742 3625 1813">
     <span class='ocr_line' id='line_1_47' title="bbox 2063 1742 3625 1813; baseline -0.002 -17"><span class='ocrx_word' id='word_1_361' title='bbox 2063 1746 2485 1801; x_wconf 84' lang='lat' dir='ltr'><strong>Atheniensibus</strong></span> <span class='ocrx_word' id='word_1_362' title='bbox 2514 1745 2592 1798; x_wconf 90' lang='lat' dir='ltr'><strong>uti</strong></span> <span class='ocrx_word' id='word_1_363' title='bbox 2638 1759 2724 1799; x_wconf 87' lang='lat' dir='ltr'><strong>me</strong></span> <span class='ocrx_word' id='word_1_364' title='bbox 2772 1745 3096 1799; x_wconf 82' lang='lat' dir='ltr'><strong>damnarent</strong></span> <span class='ocrx_word' id='word_1_365' title='bbox 3144 1752 3401 1813; x_wconf 69' lang='lat' dir='ltr'><strong>przestare</strong></span> <span class='ocrx_word' id='word_1_366' title='bbox 3451 1742 3625 1794; x_wconf 88' lang='lat' dir='ltr'><strong>visum</strong></span> 
     </span>
    </p>
   </div>
   <div class='ocr_carea' id='block_1_48' title="bbox 2061 1832 3627 1907">
    <p class='ocr_par' dir='ltr' id='par_1_48' title="bbox 2061 1832 3627 1907">
     <span class='ocr_line' id='line_1_48' title="bbox 2061 1832 3627 1907; baseline -0.005 -16"><span class='ocrx_word' id='word_1_367' title='bbox 2061 1850 2164 1899; x_wconf 89' lang='lat' dir='ltr'><strong>est,</strong></span> <span class='ocrx_word' id='word_1_368' title='bbox 2197 1838 2329 1891; x_wconf 90' lang='lat' dir='ltr'><strong>mihi</strong></span> <span class='ocrx_word' id='word_1_369' title='bbox 2359 1853 2573 1907; x_wconf 92' lang='lat' dir='ltr'><strong>quoque</strong></span> <span class='ocrx_word' id='word_1_370' title='bbox 2607 1838 2696 1893; x_wconf 91' lang='lat' dir='ltr'><strong>hic</strong></span> <span class='ocrx_word' id='word_1_371' title='bbox 2728 1845 2787 1891; x_wconf 86' lang='lat' dir='ltr'><strong>ut</strong></span> <span class='ocrx_word' id='word_1_372' title='bbox 2818 1837 3082 1899; x_wconf 87' lang='lat' dir='ltr'><strong>sederem,</strong></span> <span class='ocrx_word' id='word_1_373' title='bbox 3120 1836 3371 1903; x_wconf 88' lang='lat' dir='ltr'><strong>quodque</strong></span> <span class='ocrx_word' id='word_1_374' title='bbox 3420 1832 3627 1901; x_wconf 87' lang='lat' dir='ltr'><strong>suppli-</strong></span> 
     </span>
    </p>
   </div>
   <div class='ocr_carea' id='block_1_49' title="bbox 2065 1928 3629 1995">
    <p class='ocr_par' dir='ltr' id='par_1_49' title="bbox 2065 1928 3629 1995">
     <span class='ocr_line' id='line_1_49' title="bbox 2065 1928 3629 1995; baseline -0.004 -15"><span class='ocrx_word' id='word_1_375' title='bbox 2065 1928 2207 1980; x_wconf 89' lang='lat' dir='ltr'><strong>cium</strong></span> <span class='ocrx_word' id='word_1_376' title='bbox 2246 1930 2593 1995; x_wconf 84' lang='lat' dir='ltr'><strong>imperarent,</strong></span> <span class='ocrx_word' id='word_1_377' title='bbox 2623 1928 2811 1982; x_wconf 91' lang='lat' dir='ltr'><strong>eodem</strong></span> <span class='ocrx_word' id='word_1_378' title='bbox 2851 1928 3042 1982; x_wconf 90' lang='lat' dir='ltr'><strong>inloco</strong></span> <span class='ocrx_word' id='word_1_379' title='bbox 3076 1928 3337 1987; x_wconf 86' lang='lat' dir='ltr'><strong>subirem,</strong></span> <span class='ocrx_word' id='word_1_380' title='bbox 3374 1934 3629 1993; x_wconf 70' lang='lat' dir='ltr'><strong>prazstare</strong></span> 
     </span>
    </p>
   </div>
   <div class='ocr_carea' id='block_1_50' title="bbox 2063 2017 3627 2087">
    <p class='ocr_par' dir='ltr' id='par_1_50' title="bbox 2063 2017 3627 2087">
     <span class='ocr_line' id='line_1_50' title="bbox 2063 2017 3627 2087; baseline -0.002 -16"><span class='ocrx_word' id='word_1_381' title='bbox 2063 2033 2126 2072; x_wconf 94' lang='lat' dir='ltr'><strong>ac</strong></span> <span class='ocrx_word' id='word_1_382' title='bbox 2151 2017 2359 2087; x_wconf 81' lang='lat' dir='ltr'><strong>justius</strong></span> <span class='ocrx_word' id='word_1_383' title='bbox 2406 2034 2546 2081; x_wconf 89' lang='lat' dir='ltr'><strong>esse,</strong></span> <span class='ocrx_word' id='word_1_384' title='bbox 2593 2019 2788 2073; x_wconf 90' lang='lat' dir='ltr'><strong>visum.</strong></span> <span class='ocrx_word' id='word_1_385' title='bbox 2825 2018 3109 2072; x_wconf 83' lang='lat' dir='ltr'><strong>Enimvero</strong></span> <span class='ocrx_word' id='word_1_386' title='bbox 3159 2017 3361 2071; x_wconf 91' lang='lat' dir='ltr'><strong>dudum</strong></span> <span class='ocrx_word' id='word_1_387' title='bbox 3414 2032 3504 2083; x_wconf 80' lang='lat' dir='ltr'><strong>per</strong></span> <span class='ocrx_word' id='word_1_388' title='bbox 3538 2031 3627 2069; x_wconf 86' lang='lat' dir='ltr'><strong>ca-</strong></span> 
     </span>
    </p>
   </div>
   <div class='ocr_carea' id='block_1_51' title="bbox 2062 2106 3624 2181">
    <p class='ocr_par' dir='ltr' id='par_1_51' title="bbox 2062 2106 3624 2181">
     <span class='ocr_line' id='line_1_51' title="bbox 2062 2106 3624 2181; baseline -0.002 -19"><span class='ocrx_word' id='word_1_389' title='bbox 2062 2124 2208 2171; x_wconf 71' lang='lat' dir='ltr'><strong>nem,</strong></span> <span class='ocrx_word' id='word_1_390' title='bbox 2240 2110 2456 2178; x_wconf 80' lang='lat' dir='ltr'><strong>Opinor,</strong></span> <span class='ocrx_word' id='word_1_391' title='bbox 2492 2111 2545 2164; x_wconf 92' lang='lat' dir='ltr'><strong>hi</strong></span> <span class='ocrx_word' id='word_1_392' title='bbox 2578 2111 2728 2165; x_wconf 83' lang='lat' dir='ltr'><strong>nervi</strong></span> <span class='ocrx_word' id='word_1_393' title='bbox 2758 2119 2921 2181; x_wconf 88' lang='lat' dir='ltr'><strong>atque</strong></span> <span class='ocrx_word' id='word_1_394' title='bbox 2944 2112 3057 2164; x_wconf 64' lang='lat' dir='ltr'><strong>haec</strong></span> <span class='ocrx_word' id='word_1_395' title='bbox 3085 2124 3230 2175; x_wconf 82' lang='lat' dir='ltr'><strong>ossa,</strong></span> <span class='ocrx_word' id='word_1_396' title='bbox 3259 2108 3341 2162; x_wconf 89' lang='lat' dir='ltr'><strong>vel</strong></span> <span class='ocrx_word' id='word_1_397' title='bbox 3374 2106 3624 2176; x_wconf 73' lang='lat' dir='ltr'><strong>Megaris,</strong></span> 
     </span>
    </p>
   </div>
   <div class='ocr_carea' id='block_1_52' title="bbox 2064 2198 3624 2271">
    <p class='ocr_par' dir='ltr' id='par_1_52' title="bbox 2064 2198 3624 2271">
     <span class='ocr_line' id='line_1_52' title="bbox 2064 2198 3624 2271; baseline -0.001 -19"><span class='ocrx_word' id='word_1_398' title='bbox 2064 2200 2145 2253; x_wconf 90' lang='lat' dir='ltr'><strong>vel</strong></span> <span class='ocrx_word' id='word_1_399' title='bbox 2182 2200 2234 2253; x_wconf 89' lang='lat' dir='ltr'><strong>in</strong></span> <span class='ocrx_word' id='word_1_400' title='bbox 2275 2200 2503 2263; x_wconf 65' lang='lat' dir='ltr'><strong>Boeotia,</strong></span> <span class='ocrx_word' id='word_1_401' title='bbox 2554 2218 2663 2271; x_wconf 93' lang='lat' dir='ltr'><strong>quo</strong></span> <span class='ocrx_word' id='word_1_402' title='bbox 2716 2202 2802 2256; x_wconf 90' lang='lat' dir='ltr'><strong>illa</strong></span> <span class='ocrx_word' id='word_1_403' title='bbox 2856 2200 3043 2271; x_wconf 88' lang='lat' dir='ltr'><strong>optimi</strong></span> <span class='ocrx_word' id='word_1_404' title='bbox 3098 2200 3281 2269; x_wconf 89' lang='lat' dir='ltr'><strong>opinio</strong></span> <span class='ocrx_word' id='word_1_405' title='bbox 3325 2198 3624 2257; x_wconf 83' lang='lat' dir='ltr'><strong>detulisset.</strong></span> 
     </span>
    </p>
   </div>
   <div class='ocr_carea' id='block_1_53' title="bbox 2064 2276 3643 2359">
    <p class='ocr_par' dir='ltr' id='par_1_53' title="bbox 2064 2276 3643 2359">
     <span class='ocr_line' id='line_1_53' title="bbox 2064 2276 3643 2359; baseline -0.003 -16"><span class='ocrx_word' id='word_1_406' title='bbox 2064 2299 2429 2354; x_wconf 84' lang='lat' dir='ltr'><strong>versarentur,</strong></span> <span class='ocrx_word' id='word_1_407' title='bbox 2471 2290 2574 2345; x_wconf 90' lang='lat' dir='ltr'><strong>nisi</strong></span> <span class='ocrx_word' id='word_1_408' title='bbox 2621 2307 2783 2359; x_wconf 90' lang='lat' dir='ltr'><strong>quam</strong></span> <span class='ocrx_word' id='word_1_409' title='bbox 2833 2290 3134 2359; x_wconf 88' lang='lat' dir='ltr'><strong>respublica</strong></span> <span class='ocrx_word' id='word_1_410' title='bbox 3186 2304 3401 2359; x_wconf 66' lang='lat' dir='ltr'><strong>poenam</strong></span> <span class='ocrx_word' id='word_1_411' title='bbox 3454 2276 3643 2354; x_wconf 52' lang='lat' dir='ltr'><strong>impo?</strong></span> 
     </span>
    </p>
   </div>
   <div class='ocr_carea' id='block_1_54' title="bbox 2067 2366 3647 2455">
    <p class='ocr_par' dir='ltr' id='par_1_54' title="bbox 2067 2366 3647 2455">
     <span class='ocr_line' id='line_1_54' title="bbox 2067 2366 3647 2455; baseline -0.002 -21"><span class='ocrx_word' id='word_1_412' title='bbox 2067 2381 2255 2445; x_wconf 91' lang='lat' dir='ltr'><strong>suerit,</strong></span> <span class='ocrx_word' id='word_1_413' title='bbox 2288 2382 2575 2449; x_wconf 89' lang='lat' dir='ltr'><strong>sustinere,</strong></span> <span class='ocrx_word' id='word_1_414' title='bbox 2618 2384 2787 2437; x_wconf 91' lang='lat' dir='ltr'><strong>multo</strong></span> <span class='ocrx_word' id='word_1_415' title='bbox 2822 2399 2983 2452; x_wconf 87' lang='lat' dir='ltr'><strong>quam</strong></span> <span class='ocrx_word' id='word_1_416' title='bbox 3018 2382 3266 2436; x_wconf 82' lang='lat' dir='ltr'><strong>servilem</strong></span> <span class='ocrx_word' id='word_1_417' title='bbox 3317 2380 3369 2433; x_wconf 91' lang='lat' dir='ltr'><strong>in</strong></span> <span class='ocrx_word' id='word_1_418' title='bbox 3407 2366 3647 2455; x_wconf 16' lang='lat' dir='ltr'><strong>modum:</strong></span> 
     </span>
    </p>
   </div>
   <div class='ocr_carea' id='block_1_55' title="bbox 2065 2473 3622 2547">
    <p class='ocr_par' dir='ltr' id='par_1_55' title="bbox 2065 2473 3622 2547">
     <span class='ocr_line' id='line_1_55' title="bbox 2065 2473 3622 2547; baseline -0.004 -16"><span class='ocrx_word' id='word_1_419' title='bbox 2065 2476 2343 2543; x_wconf 82' lang='lat' dir='ltr'><strong>aufugere,</strong></span> <span class='ocrx_word' id='word_1_420' title='bbox 2370 2476 2573 2546; x_wconf 87' lang='lat' dir='ltr'><strong>justius</strong></span> <span class='ocrx_word' id='word_1_421' title='bbox 2600 2486 2844 2547; x_wconf 88' lang='lat' dir='ltr'><strong>putarem</strong></span> <span class='ocrx_word' id='word_1_422' title='bbox 2874 2487 3035 2546; x_wconf 89' lang='lat' dir='ltr'><strong>atque</strong></span> <span class='ocrx_word' id='word_1_423' title='bbox 3056 2475 3334 2531; x_wconf 87' lang='lat' dir='ltr'><strong>honestius</strong></span> <span class='ocrx_word' id='word_1_424' title='bbox 3361 2473 3622 2539; x_wconf 85' lang='lat' dir='ltr'><strong>futurum.</strong></span> 
     </span>
    </p>
   </div>
   <div class='ocr_carea' id='block_1_56' title="bbox 2060 2565 3622 2639">
    <p class='ocr_par' dir='ltr' id='par_1_56' title="bbox 2060 2565 3622 2639">
     <span class='ocr_line' id='line_1_56' title="bbox 2060 2565 3622 2639; baseline -0.003 -20"><span class='ocrx_word' id='word_1_425' title='bbox 2060 2566 2347 2621; x_wconf 85' lang='lat' dir='ltr'><strong>Enimvero</strong></span> <span class='ocrx_word' id='word_1_426' title='bbox 2393 2567 2599 2622; x_wconf 88' lang='lat' dir='ltr'><strong>similes</strong></span> <span class='ocrx_word' id='word_1_427' title='bbox 2648 2566 2892 2639; x_wconf 89' lang='lat' dir='ltr'><strong>proferre</strong></span> <span class='ocrx_word' id='word_1_428' title='bbox 2938 2582 3169 2631; x_wconf 90' lang='lat' dir='ltr'><strong>causas,</strong></span> <span class='ocrx_word' id='word_1_429' title='bbox 3231 2565 3622 2635; x_wconf 84' lang='lat' dir='ltr'><strong>perabsurdum</strong></span> 
     </span>
    </p>
   </div>
   <div class='ocr_carea' id='block_1_57' title="bbox 2057 2656 3624 2728">
    <p class='ocr_par' dir='ltr' id='par_1_57' title="bbox 2057 2656 3624 2728">
     <span class='ocr_line' id='line_1_57' title="bbox 2057 2656 3624 2728; baseline -0.002 -17"><span class='ocrx_word' id='word_1_430' title='bbox 2057 2657 2239 2713; x_wconf 90' lang='lat' dir='ltr'><strong>fuerit.</strong></span> <span class='ocrx_word' id='word_1_431' title='bbox 2270 2656 2404 2711; x_wconf 83' lang='lat' dir='ltr'><strong>Nam</strong></span> <span class='ocrx_word' id='word_1_432' title='bbox 2436 2658 2483 2713; x_wconf 90' lang='lat' dir='ltr'><strong>si</strong></span> <span class='ocrx_word' id='word_1_433' title='bbox 2523 2657 2648 2728; x_wconf 84' lang='lat' dir='ltr'><strong>quis</strong></span> <span class='ocrx_word' id='word_1_434' title='bbox 2684 2658 2923 2726; x_wconf 86' lang='lat' dir='ltr'><strong>objiciet,</strong></span> <span class='ocrx_word' id='word_1_435' title='bbox 2976 2657 3080 2712; x_wconf 88' lang='lat' dir='ltr'><strong>nisi</strong></span> <span class='ocrx_word' id='word_1_436' title='bbox 3130 2657 3369 2720; x_wconf 85' lang='lat' dir='ltr'><strong>ossibus,</strong></span> <span class='ocrx_word' id='word_1_437' title='bbox 3424 2656 3624 2718; x_wconf 84' lang='lat' dir='ltr'><strong>nervis,</strong></span> 
     </span>
    </p>
   </div>
   <div class='ocr_carea' id='block_1_58' title="bbox 2060 2748 3627 2819">
    <p class='ocr_par' dir='ltr' id='par_1_58' title="bbox 2060 2748 3627 2819">
     <span class='ocr_line' id='line_1_58' title="bbox 2060 2748 3627 2819; baseline -0.003 -16"><span class='ocrx_word' id='word_1_438' title='bbox 2060 2750 2413 2819; x_wconf 80' lang='lat' dir='ltr'><strong>partibusque</strong></span> <span class='ocrx_word' id='word_1_439' title='bbox 2442 2748 2655 2803; x_wconf 63' lang='lat' dir='ltr'><strong>caeteris</strong></span> <span class='ocrx_word' id='word_1_440' title='bbox 2691 2748 2988 2803; x_wconf 89' lang='lat' dir='ltr'><strong>instructus</strong></span> <span class='ocrx_word' id='word_1_441' title='bbox 3022 2764 3219 2813; x_wconf 80' lang='lat' dir='ltr'><strong>essem,</strong></span> <span class='ocrx_word' id='word_1_442' title='bbox 3266 2748 3380 2802; x_wconf 84' lang='lat' dir='ltr'><strong>ﬁeri</strong></span> <span class='ocrx_word' id='word_1_443' title='bbox 3414 2750 3509 2801; x_wconf 91' lang='lat' dir='ltr'><strong>abs</strong></span> <span class='ocrx_word' id='word_1_444' title='bbox 3542 2763 3627 2799; x_wconf 86' lang='lat' dir='ltr'><strong>me</strong></span> 
     </span>
    </p>
   </div>
   <div class='ocr_carea' id='block_1_59' title="bbox 2060 2837 3620 2909">
    <p class='ocr_par' dir='ltr' id='par_1_59' title="bbox 2060 2837 3620 2909">
     <span class='ocr_line' id='line_1_59' title="bbox 2060 2837 3620 2909; baseline -0.002 -18"><span class='ocrx_word' id='word_1_445' title='bbox 2060 2854 2181 2909; x_wconf 73' lang='lat' dir='ltr'><strong>qua:</strong></span> <span class='ocrx_word' id='word_1_446' title='bbox 2208 2840 2367 2894; x_wconf 90' lang='lat' dir='ltr'><strong>velim</strong></span> <span class='ocrx_word' id='word_1_447' title='bbox 2403 2839 2550 2893; x_wconf 91' lang='lat' dir='ltr'><strong>nullo</strong></span> <span class='ocrx_word' id='word_1_448' title='bbox 2584 2841 2745 2893; x_wconf 73' lang='lat' dir='ltr'><strong>modo</strong></span> <span class='ocrx_word' id='word_1_449' title='bbox 2781 2854 2971 2909; x_wconf 81' lang='lat' dir='ltr'><strong>pOSse,</strong></span> <span class='ocrx_word' id='word_1_450' title='bbox 3021 2854 3144 2891; x_wconf 88' lang='lat' dir='ltr'><strong>vere</strong></span> <span class='ocrx_word' id='word_1_451' title='bbox 3186 2838 3287 2890; x_wconf 89' lang='lat' dir='ltr'><strong>hoc</strong></span> <span class='ocrx_word' id='word_1_452' title='bbox 3336 2837 3481 2890; x_wconf 90' lang='lat' dir='ltr'><strong>dicat</strong></span> <span class='ocrx_word' id='word_1_453' title='bbox 3530 2837 3620 2889; x_wconf 80' lang='lat' dir='ltr'><strong>ille</strong></span> 
     </span>
    </p>
   </div>
   <div class='ocr_carea' id='block_1_60' title="bbox 2061 2927 3627 2999">
    <p class='ocr_par' dir='ltr' id='par_1_60' title="bbox 2061 2927 3627 2999">
     <span class='ocr_line' id='line_1_60' title="bbox 2061 2927 3627 2999; baseline -0.003 -17"><span class='ocrx_word' id='word_1_454' title='bbox 2061 2930 2300 2999; x_wconf 91' lang='lat' dir='ltr'><strong>quidem,</strong></span> <span class='ocrx_word' id='word_1_455' title='bbox 2336 2930 2475 2984; x_wconf 91' lang='lat' dir='ltr'><strong>idem</strong></span> <span class='ocrx_word' id='word_1_456' title='bbox 2515 2938 2715 2992; x_wconf 89' lang='lat' dir='ltr'><strong>tamen,</strong></span> <span class='ocrx_word' id='word_1_457' title='bbox 2770 2929 2815 2982; x_wconf 88' lang='lat' dir='ltr'><strong>si</strong></span> <span class='ocrx_word' id='word_1_458' title='bbox 2848 2938 3063 2998; x_wconf 84' lang='lat' dir='ltr'><strong>prepter</strong></span> <span class='ocrx_word' id='word_1_459' title='bbox 3097 2927 3185 2980; x_wconf 88' lang='lat' dir='ltr'><strong>illa</strong></span> <span class='ocrx_word' id='word_1_460' title='bbox 3242 2928 3354 2996; x_wconf 88' lang='lat' dir='ltr'><strong>ipsa</strong></span> <span class='ocrx_word' id='word_1_461' title='bbox 3386 2927 3498 2979; x_wconf 83' lang='lat' dir='ltr'><strong>fieri</strong></span> <span class='ocrx_word' id='word_1_462' title='bbox 3532 2942 3627 2977; x_wconf 83' lang='lat' dir='ltr'><strong>vo-</strong></span> 
     </span>
    </p>
   </div>
   <div class='ocr_carea' id='block_1_61' title="bbox 2062 3017 3625 3090">
    <p class='ocr_par' dir='ltr' id='par_1_61' title="bbox 2062 3017 3625 3090">
     <span class='ocr_line' id='line_1_61' title="bbox 2062 3017 3625 3090; baseline -0.001 -17"><span class='ocrx_word' id='word_1_463' title='bbox 2062 3020 2155 3086; x_wconf 90' lang='lat' dir='ltr'><strong>let,</strong></span> <span class='ocrx_word' id='word_1_464' title='bbox 2196 3036 2317 3090; x_wconf 76' lang='lat' dir='ltr'><strong>quze</strong></span> <span class='ocrx_word' id='word_1_465' title='bbox 2346 3021 2444 3074; x_wconf 90' lang='lat' dir='ltr'><strong>abs</strong></span> <span class='ocrx_word' id='word_1_466' title='bbox 2476 3036 2560 3073; x_wconf 91' lang='lat' dir='ltr'><strong>me</strong></span> <span class='ocrx_word' id='word_1_467' title='bbox 2591 3019 2745 3081; x_wconf 83' lang='lat' dir='ltr'><strong>ﬁunt.</strong></span> <span class='ocrx_word' id='word_1_468' title='bbox 2782 3030 2941 3089; x_wconf 87' lang='lat' dir='ltr'><strong>atque</strong></span> <span class='ocrx_word' id='word_1_469' title='bbox 2973 3019 3043 3071; x_wconf 89' lang='lat' dir='ltr'><strong>ita</strong></span> <span class='ocrx_word' id='word_1_470' title='bbox 3077 3033 3159 3071; x_wconf 90' lang='lat' dir='ltr'><strong>me</strong></span> <span class='ocrx_word' id='word_1_471' title='bbox 3184 3017 3400 3071; x_wconf 91' lang='lat' dir='ltr'><strong>demum</strong></span> <span class='ocrx_word' id='word_1_472' title='bbox 3449 3027 3625 3071; x_wconf 72' lang='lat' dir='ltr'><strong>monte</strong></span> 
     </span>
    </p>
   </div>
   <div class='ocr_carea' id='block_1_62' title="bbox 392 3102 1957 3196">
    <p class='ocr_par' dir='ltr' id='par_1_62' title="bbox 392 3102 1957 3180">
     <span class='ocr_line' id='line_1_62' title="bbox 392 3102 1957 3180; baseline 0.001 -21"><span class='ocrx_word' id='word_1_473' title='bbox 392 3107 567 3177; x_wconf 79' lang='grc' dir='ltr'>δόξης.</span> <span class='ocrx_word' id='word_1_474' title='bbox 628 3102 733 3157; x_wconf 86' lang='grc' dir='ltr'>Ἦν</span> <span class='ocrx_word' id='word_1_475' title='bbox 786 3106 842 3158; x_wconf 78' lang='grc' dir='ltr'><strong>δὲ</strong></span> <span class='ocrx_word' id='word_1_476' title='bbox 892 3105 1245 3176; x_wconf 78' lang='grc' dir='ltr'>Ἀναξαγόρου</span> <span class='ocrx_word' id='word_1_477' title='bbox 1304 3107 1401 3177; x_wconf 81' lang='grc' dir='ltr'>μὲν</span> <span class='ocrx_word' id='word_1_478' title='bbox 1455 3108 1712 3179; x_wconf 79' lang='grc' dir='ltr'>διάδοχος,</span> <span class='ocrx_word' id='word_1_479' title='bbox 1759 3110 1855 3180; x_wconf 83' lang='grc' dir='ltr'>τῆς</span> <span class='ocrx_word' id='word_1_480' title='bbox 1901 3125 1957 3161; x_wconf 88' lang='grc' dir='ltr'><strong>τε</strong></span> 
     </span>
    </p>
   </div>
   <div class='ocr_carea' id='block_1_63' title="bbox 2061 3102 3625 3196">
    <p class='ocr_par' dir='ltr' id='par_1_63' title="bbox 2064 3106 3625 3180">
     <span class='ocr_line' id='line_1_63' title="bbox 2064 3106 3625 3180; baseline -0.005 -16"><span class='ocrx_word' id='word_1_481' title='bbox 2064 3125 2245 3180; x_wconf 83' lang='lat' dir='ltr'><strong>agere,</strong></span> <span class='ocrx_word' id='word_1_482' title='bbox 2276 3125 2385 3163; x_wconf 85' lang='lat' dir='ltr'><strong>non</strong></span> <span class='ocrx_word' id='word_1_483' title='bbox 2415 3110 2603 3178; x_wconf 85' lang='lat' dir='ltr'><strong>optimi</strong></span> <span class='ocrx_word' id='word_1_484' title='bbox 2635 3110 2843 3163; x_wconf 81' lang='lat' dir='ltr'><strong>delectu</strong></span> <span class='ocrx_word' id='word_1_485' title='bbox 2873 3108 3108 3177; x_wconf 90' lang='lat' dir='ltr'><strong>quodam</strong></span> <span class='ocrx_word' id='word_1_486' title='bbox 3139 3116 3192 3161; x_wconf 90' lang='lat' dir='ltr'><strong>et</strong></span> <span class='ocrx_word' id='word_1_487' title='bbox 3221 3107 3420 3168; x_wconf 81' lang='lat' dir='ltr'><strong>studio,</strong></span> <span class='ocrx_word' id='word_1_488' title='bbox 3452 3106 3625 3173; x_wconf 75' lang='lat' dir='ltr'><strong>negli-</strong></span> 
     </span>
    </p>
   </div>
   <div class='ocr_carea' id='block_1_64' title="bbox 392 3196 1957 3273">
    <p class='ocr_par' dir='ltr' id='par_1_64' title="bbox 392 3196 1957 3273">
     <span class='ocr_line' id='line_1_64' title="bbox 392 3196 1957 3273; baseline 0.004 -24"><span class='ocrx_word' id='word_1_489' title='bbox 392 3198 670 3268; x_wconf 76' lang='grc' dir='ltr'>διατριϐῆς</span> <span class='ocrx_word' id='word_1_490' title='bbox 688 3196 819 3266; x_wconf 77' lang='grc' dir='ltr'>όμοῦ</span> <span class='ocrx_word' id='word_1_491' title='bbox 850 3198 942 3249; x_wconf 72' lang='grc' dir='ltr'><strong>καὶ</strong></span> <span class='ocrx_word' id='word_1_492' title='bbox 977 3196 1075 3267; x_wconf 80' lang='grc' dir='ltr'>τῆς</span> <span class='ocrx_word' id='word_1_493' title='bbox 1106 3198 1279 3268; x_wconf 78' lang='grc' dir='ltr'>δόξης,</span> <span class='ocrx_word' id='word_1_494' title='bbox 1325 3199 1627 3270; x_wconf 83' lang='grc' dir='ltr'>Ἀρχέλαος.</span> <span class='ocrx_word' id='word_1_495' title='bbox 1675 3202 1957 3273; x_wconf 80' lang='grc' dir='ltr'>Ἀρχελάου</span> 
     </span>
    </p>
   </div>
   <div class='ocr_carea' id='block_1_65' title="bbox 390 3290 1959 3366">
    <p class='ocr_par' dir='ltr' id='par_1_65' title="bbox 390 3290 1959 3366">
     <span class='ocr_line' id='line_1_65' title="bbox 390 3290 1959 3366; baseline 0.004 -23"><span class='ocrx_word' id='word_1_496' title='bbox 390 3291 449 3343; x_wconf 78' lang='grc' dir='ltr'><strong>δὲ</strong></span> <span class='ocrx_word' id='word_1_497' title='bbox 499 3291 768 3360; x_wconf 79' lang='grc' dir='ltr'>ἀκουστὴς</span> <span class='ocrx_word' id='word_1_498' title='bbox 808 3290 1085 3358; x_wconf 79' lang='grc' dir='ltr'>γεγονέναι</span> <span class='ocrx_word' id='word_1_499' title='bbox 1157 3290 1371 3358; x_wconf 86' lang='grc' dir='ltr'>λέγεται</span> <span class='ocrx_word' id='word_1_500' title='bbox 1445 3292 1757 3364; x_wconf 82' lang='grc' dir='ltr'>Σωκράτης.</span> <span class='ocrx_word' id='word_1_501' title='bbox 1816 3294 1959 3366; x_wconf 82' lang='grc' dir='ltr'>Πλὴν</span> 
     </span>
    </p>
   </div>
   <div class='ocr_carea' id='block_1_66' title="bbox 393 3384 1959 3457">
    <p class='ocr_par' dir='ltr' id='par_1_66' title="bbox 393 3384 1959 3457">
     <span class='ocr_line' id='line_1_66' title="bbox 393 3384 1959 3457; baseline 0.002 -18"><span class='ocrx_word' id='word_1_502' title='bbox 393 3385 529 3439; x_wconf 86' lang='grc' dir='ltr'><strong>ἀλλά</strong></span> <span class='ocrx_word' id='word_1_503' title='bbox 567 3385 788 3437; x_wconf 75' lang='grc' dir='ltr'>Φυσικοὶ</span> <span class='ocrx_word' id='word_1_504' title='bbox 821 3386 912 3437; x_wconf 76' lang='grc' dir='ltr'><strong>καὶ</strong></span> <span class='ocrx_word' id='word_1_505' title='bbox 963 3384 1131 3447; x_wconf 82' lang='grc' dir='ltr'>ἄλλοι,</span> <span class='ocrx_word' id='word_1_506' title='bbox 1183 3384 1508 3454; x_wconf 84' lang='grc' dir='ltr'>Ξενοφάνης,</span> <span class='ocrx_word' id='word_1_507' title='bbox 1569 3387 1662 3439; x_wconf 82' lang='grc' dir='ltr'><strong>καὶ</strong></span> <span class='ocrx_word' id='word_1_508' title='bbox 1718 3388 1959 3457; x_wconf 84' lang='grc' dir='ltr'>Πυθαγό-</span> 
     </span>
    </p>
   </div>
   <div class='ocr_carea' id='block_1_67' title="bbox 395 3475 1957 3551">
    <p class='ocr_par' dir='ltr' id='par_1_67' title="bbox 395 3475 1957 3551">
     <span class='ocr_line' id='line_1_67' title="bbox 395 3475 1957 3551; baseline 0.001 -20"><span class='ocrx_word' id='word_1_509' title='bbox 395 3496 515 3548; x_wconf 90' lang='grc' dir='ltr'>ρας,</span> <span class='ocrx_word' id='word_1_510' title='bbox 566 3478 1011 3546; x_wconf 78' lang='grc' dir='ltr'>συνακμάσαντες</span> <span class='ocrx_word' id='word_1_511' title='bbox 1078 3475 1430 3547; x_wconf 70' lang='grc' dir='ltr'>Ἀναξαγόρᾳ,</span> <span class='ocrx_word' id='word_1_512' title='bbox 1476 3478 1601 3546; x_wconf 77' lang='grc' dir='ltr'><strong>περὶ</strong></span> <span class='ocrx_word' id='word_1_513' title='bbox 1655 3478 1957 3551; x_wconf 67' lang='grc' dir='ltr'>ἀφθαρσίας</span> 
     </span>
    </p>
   </div>
   <div class='ocr_carea' id='block_1_68' title="bbox 389 3568 1955 3638">
    <p class='ocr_par' dir='ltr' id='par_1_68' title="bbox 389 3568 1955 3638">
     <span class='ocr_line' id='line_1_68' title="bbox 389 3568 1955 3638; baseline 0.002 -17"><span class='ocrx_word' id='word_1_514' title='bbox 389 3568 526 3621; x_wconf 75' lang='grc' dir='ltr'>Θεοῦ</span> <span class='ocrx_word' id='word_1_515' title='bbox 556 3570 647 3621; x_wconf 63' lang='grc' dir='ltr'><strong>κα)⁵</strong></span> <span class='ocrx_word' id='word_1_516' title='bbox 673 3569 848 3638; x_wconf 73' lang='grc' dir='ltr'>ψυχῆς</span> <span class='ocrx_word' id='word_1_517' title='bbox 881 3568 1177 3629; x_wconf 86' lang='grc' dir='ltr'>ἀθανασίας</span> <span class='ocrx_word' id='word_1_518' title='bbox 1221 3568 1632 3637; x_wconf 80' lang='grc' dir='ltr'>ἐφιλοσόφησαν.</span> <span class='ocrx_word' id='word_1_519' title='bbox 1684 3570 1777 3623; x_wconf 86' lang='grc' dir='ltr'>Ἐκ</span> <span class='ocrx_word' id='word_1_520' title='bbox 1832 3572 1955 3624; x_wconf 77' lang='grc' dir='ltr'><strong>τοὺ-</strong></span> 
     </span>
    </p>
   </div>
   <div class='ocr_carea' id='block_1_69' title="bbox 391 3658 1959 3731">
    <p class='ocr_par' dir='ltr' id='par_1_69' title="bbox 391 3658 1959 3731">
     <span class='ocr_line' id='line_1_69' title="bbox 391 3658 1959 3731; baseline 0.001 -18"><span class='ocrx_word' id='word_1_521' title='bbox 391 3679 498 3714; x_wconf 85' lang='grc' dir='ltr'><strong>των</strong></span> <span class='ocrx_word' id='word_1_522' title='bbox 523 3661 579 3714; x_wconf 83' lang='grc' dir='ltr'>δὲ</span> <span class='ocrx_word' id='word_1_523' title='bbox 603 3660 696 3713; x_wconf 81' lang='grc' dir='ltr'><strong>καὶ</strong></span> <span class='ocrx_word' id='word_1_524' title='bbox 722 3660 859 3729; x_wconf 87' lang='grc' dir='ltr'><strong>μετά</strong></span> <span class='ocrx_word' id='word_1_525' title='bbox 892 3658 1112 3721; x_wconf 86' lang='grc' dir='ltr'>τούτους</span> <span class='ocrx_word' id='word_1_526' title='bbox 1139 3659 1195 3711; x_wconf 87' lang='grc' dir='ltr'><strong>αί</strong></span> <span class='ocrx_word' id='word_1_527' title='bbox 1233 3658 1331 3727; x_wconf 79' lang='grc' dir='ltr'><strong>τῆς</strong></span> <span class='ocrx_word' id='word_1_528' title='bbox 1354 3658 1617 3728; x_wconf 84' lang='grc' dir='ltr'>Ἑλλήνων</span> <span class='ocrx_word' id='word_1_529' title='bbox 1648 3664 1959 3731; x_wconf 72' lang='grc' dir='ltr'>φιλοσοφίας</span> 
     </span>
    </p>
   </div>
   <div class='ocr_carea' id='block_1_70' title="bbox 393 3747 1958 3821">
    <p class='ocr_par' dir='ltr' id='par_1_70' title="bbox 393 3747 1958 3821">
     <span class='ocr_line' id='line_1_70' title="bbox 393 3747 1958 3821; baseline 0.001 -19"><span class='ocrx_word' id='word_1_530' title='bbox 393 3750 699 3819; x_wconf 81' lang='grc' dir='ltr'>ὑπέστησαν</span> <span class='ocrx_word' id='word_1_531' title='bbox 728 3750 981 3820; x_wconf 76' lang='grc' dir='ltr'>αἱρέσειςο</span> <span class='ocrx_word' id='word_1_532' title='bbox 1015 3747 1122 3800; x_wconf 77' lang='grc' dir='ltr'>τῶν</span> <span class='ocrx_word' id='word_1_533' title='bbox 1154 3748 1251 3817; x_wconf 84' lang='grc' dir='ltr'><strong>μὲν</strong></span> <span class='ocrx_word' id='word_1_534' title='bbox 1278 3747 1470 3810; x_wconf 78' lang='grc' dir='ltr'>τοῖσδε,</span> <span class='ocrx_word' id='word_1_535' title='bbox 1528 3749 1631 3800; x_wconf 84' lang='grc' dir='ltr'><strong>τῶν</strong></span> <span class='ocrx_word' id='word_1_536' title='bbox 1666 3749 1723 3802; x_wconf 82' lang='grc' dir='ltr'><strong>δὲ</strong></span> <span class='ocrx_word' id='word_1_537' title='bbox 1755 3750 1958 3821; x_wconf 78' lang='grc' dir='ltr'>ἑτέροις</span> 
     </span>
    </p>
   </div>
   <div class='ocr_carea' id='block_1_71' title="bbox 392 3838 1957 3913">
    <p class='ocr_par' dir='ltr' id='par_1_71' title="bbox 392 3838 1957 3913">
     <span class='ocr_line' id='line_1_71' title="bbox 392 3838 1957 3913; baseline -0.003 -18"><span class='ocrx_word' id='word_1_538' title='bbox 392 3840 911 3913; x_wconf 80' lang='grc' dir='ltr'>ὲξηκολουθηκότων,</span> <span class='ocrx_word' id='word_1_539' title='bbox 946 3839 1104 3892; x_wconf 85' lang='grc' dir='ltr'>τινῶν</span> <span class='ocrx_word' id='word_1_540' title='bbox 1161 3838 1217 3890; x_wconf 84' lang='grc' dir='ltr'><strong>δὲ</strong></span> <span class='ocrx_word' id='word_1_541' title='bbox 1276 3839 1367 3890; x_wconf 75' lang='grc' dir='ltr'><strong>καὶ</strong></span> <span class='ocrx_word' id='word_1_542' title='bbox 1409 3838 1542 3901; x_wconf 78' lang='grc' dir='ltr'>ἰδίας</span> <span class='ocrx_word' id='word_1_543' title='bbox 1576 3838 1729 3905; x_wconf 82' lang='grc' dir='ltr'>δόξας</span> <span class='ocrx_word' id='word_1_544' title='bbox 1781 3841 1957 3893; x_wconf 80' lang='grc' dir='ltr'>ἐπινε-</span> 
     </span>
    </p>
   </div>
   <div class='ocr_carea' id='block_1_72' title="bbox 390 3926 1956 4003">
    <p class='ocr_par' dir='ltr' id='par_1_72' title="bbox 390 3926 1956 4003">
     <span class='ocr_line' id='line_1_72' title="bbox 390 3926 1956 4003; baseline 0.001 -19"><span class='ocrx_word' id='word_1_545' title='bbox 390 3934 679 4003; x_wconf 84' lang='grc' dir='ltr'>νοηκότων,</span> <span class='ocrx_word' id='word_1_546' title='bbox 747 3932 912 3985; x_wconf 84' lang='grc' dir='ltr'>Πάλιν</span> <span class='ocrx_word' id='word_1_547' title='bbox 964 3931 1007 3983; x_wconf 84' lang='grc' dir='ltr'><strong>δ’</strong></span> <span class='ocrx_word' id='word_1_548' title='bbox 1056 3926 1147 3983; x_wconf 77' lang='grc' dir='ltr'>οὖν</span> <span class='ocrx_word' id='word_1_549' title='bbox 1215 3931 1243 3981; x_wconf 91' lang='lat'><strong>6</strong></span> <span class='ocrx_word' id='word_1_550' title='bbox 1294 3929 1631 4002; x_wconf 77' lang='grc' dir='ltr'>Πλούταρχος</span> <span class='ocrx_word' id='word_1_551' title='bbox 1683 3931 1776 3994; x_wconf 78' lang='grc' dir='ltr'>τὰς</span> <span class='ocrx_word' id='word_1_552' title='bbox 1829 3932 1956 4003; x_wconf 76' lang='grc' dir='ltr'>περὶ</span> 
     </span>
    </p>
   </div>
   <div class='ocr_carea' id='block_1_73' title="bbox 390 4020 1952 4095">
    <p class='ocr_par' dir='ltr' id='par_1_73' title="bbox 390 4020 1952 4095">
     <span class='ocr_line' id='line_1_73' title="bbox 390 4020 1952 4095; baseline 0 -19"><span class='ocrx_word' id='word_1_553' title='bbox 390 4024 527 4077; x_wconf 84' lang='grc' dir='ltr'>θεῶν</span> <span class='ocrx_word' id='word_1_554' title='bbox 573 4023 866 4095; x_wconf 73' lang='grc' dir='ltr'>ὑπολήψεις</span> <span class='ocrx_word' id='word_1_555' title='bbox 925 4021 1030 4075; x_wconf 84' lang='grc' dir='ltr'><strong>τῶν</strong></span> <span class='ocrx_word' id='word_1_556' title='bbox 1103 4021 1280 4074; x_wconf 69' lang='grc' dir='ltr'>αὐτῶν</span> <span class='ocrx_word' id='word_1_557' title='bbox 1344 4020 1522 4074; x_wconf 46' lang='grc' dir='ltr'>τοῦτον</span> <span class='ocrx_word' id='word_1_558' title='bbox 1602 4022 1792 4093; x_wconf 78' lang='grc' dir='ltr'>γράφει</span> <span class='ocrx_word' id='word_1_559' title='bbox 1863 4024 1952 4076; x_wconf 87' lang='grc' dir='ltr'><strong>τὸν</strong></span> 
     </span>
    </p>
   </div>
   <div class='ocr_carea' id='block_1_74' title="bbox 388 4116 608 4188">
    <p class='ocr_par' dir='ltr' id='par_1_74' title="bbox 388 4116 608 4188">
     <span class='ocr_line' id='line_1_74' title="bbox 388 4116 608 4188; baseline -0.005 -18"><span class='ocrx_word' id='word_1_560' title='bbox 388 4116 608 4188; x_wconf 86' lang='grc' dir='ltr'>τρόπον.</span> 
     </span>
    </p>
   </div>
   <div class='ocr_carea' id='block_1_75' title="bbox 2063 3196 3624 3269">
    <p class='ocr_par' dir='ltr' id='par_1_75' title="bbox 2063 3196 3624 3269">
     <span class='ocr_line' id='line_1_75' title="bbox 2063 3196 3624 3269; baseline -0.004 -16"><span class='ocrx_word' id='word_1_561' title='bbox 2063 3216 2193 3269; x_wconf 72' lang='lat' dir='ltr'><strong>gens</strong></span> <span class='ocrx_word' id='word_1_562' title='bbox 2224 3200 2514 3255; x_wconf 88' lang='lat' dir='ltr'><strong>admodum</strong></span> <span class='ocrx_word' id='word_1_563' title='bbox 2547 3216 2609 3253; x_wconf 85' lang='lat' dir='ltr'><strong>ac</strong></span> <span class='ocrx_word' id='word_1_564' title='bbox 2641 3200 2831 3268; x_wconf 90' lang='lat' dir='ltr'><strong>supina</strong></span> <span class='ocrx_word' id='word_1_565' title='bbox 2870 3197 3048 3251; x_wconf 84' lang='lat' dir='ltr'><strong>futura</strong></span> <span class='ocrx_word' id='word_1_566' title='bbox 3087 3208 3169 3251; x_wconf 90' lang='lat' dir='ltr'><strong>est</strong></span> <span class='ocrx_word' id='word_1_567' title='bbox 3208 3198 3321 3251; x_wconf 75' lang='lat' dir='ltr'><strong>haec</strong></span> <span class='ocrx_word' id='word_1_568' title='bbox 3347 3196 3462 3265; x_wconf 83' lang='lat' dir='ltr'><strong>ejus</strong></span> <span class='ocrx_word' id='word_1_569' title='bbox 3497 3211 3624 3248; x_wconf 72' lang='lat' dir='ltr'><strong>ora-</strong></span> 
     </span>
    </p>
   </div>
   <div class='ocr_carea' id='block_1_76' title="bbox 2060 3286 3623 3361">
    <p class='ocr_par' dir='ltr' id='par_1_76' title="bbox 2060 3286 3623 3361">
     <span class='ocr_line' id='line_1_76' title="bbox 2060 3286 3623 3361; baseline -0.004 -18"><span class='ocrx_word' id='word_1_570' title='bbox 2060 3291 2153 3345; x_wconf 92' lang='lat' dir='ltr'><strong>tio.</strong></span> <span class='ocrx_word' id='word_1_571' title='bbox 2193 3308 2211 3341; x_wconf 66' lang='lat'><em>»</em></span> <span class='ocrx_word' id='word_1_572' title='bbox 2253 3292 2315 3343; x_wconf 69' lang='lat' dir='ltr'><strong>lit</strong></span> <span class='ocrx_word' id='word_1_573' title='bbox 2368 3294 2557 3361; x_wconf 88' lang='lat' dir='ltr'><strong>paucis</strong></span> <span class='ocrx_word' id='word_1_574' title='bbox 2590 3290 2925 3359; x_wconf 79' lang='lat' dir='ltr'><strong>interjectis:</strong></span> <span class='ocrx_word' id='word_1_575' title='bbox 2967 3308 2983 3338; x_wconf 77' lang='grc' dir='ltr'><strong>ι</strong></span> <span class='ocrx_word' id='word_1_576' title='bbox 3022 3288 3203 3357; x_wconf 86' lang='lat' dir='ltr'><strong>Itaque</strong></span> <span class='ocrx_word' id='word_1_577' title='bbox 3228 3288 3385 3349; x_wconf 88' lang='lat' dir='ltr'><strong>alios,</strong></span> <span class='ocrx_word' id='word_1_578' title='bbox 3429 3286 3623 3355; x_wconf 86' lang='lat' dir='ltr'><strong>inquit,</strong></span> 
     </span>
    </p>
   </div>
   <div class='ocr_carea' id='block_1_77' title="bbox 2059 3378 3621 3451">
    <p class='ocr_par' dir='ltr' id='par_1_77' title="bbox 2059 3378 3621 3451">
     <span class='ocr_line' id='line_1_77' title="bbox 2059 3378 3621 3451; baseline -0.005 -14"><span class='ocrx_word' id='word_1_579' title='bbox 2059 3392 2256 3439; x_wconf 87' lang='lat' dir='ltr'><strong>terram</strong></span> <span class='ocrx_word' id='word_1_580' title='bbox 2288 3382 2417 3437; x_wconf 91' lang='lat' dir='ltr'><strong>dum</strong></span> <span class='ocrx_word' id='word_1_581' title='bbox 2459 3384 2603 3437; x_wconf 88' lang='lat' dir='ltr'><strong>aeris</strong></span> <span class='ocrx_word' id='word_1_582' title='bbox 2635 3383 2928 3451; x_wconf 79' lang='lat' dir='ltr'><strong>agitatione</strong></span> <span class='ocrx_word' id='word_1_583' title='bbox 2964 3379 3330 3442; x_wconf 83' lang='lat' dir='ltr'><strong>circumfudit,</strong></span> <span class='ocrx_word' id='word_1_584' title='bbox 3361 3378 3413 3431; x_wconf 89' lang='lat' dir='ltr'><strong>vi</strong></span> <span class='ocrx_word' id='word_1_585' title='bbox 3443 3388 3621 3431; x_wconf 89' lang='lat' dir='ltr'><strong>tamen</strong></span> 
     </span>
    </p>
   </div>
   <div class='ocr_carea' id='block_1_78' title="bbox 2058 3466 3623 3537">
    <p class='ocr_par' dir='ltr' id='par_1_78' title="bbox 2058 3466 3623 3537">
     <span class='ocr_line' id='line_1_78' title="bbox 2058 3466 3623 3537; baseline -0.004 -12"><span class='ocrx_word' id='word_1_586' title='bbox 2058 3472 2179 3525; x_wconf 80' lang='lat' dir='ltr'><strong>C(Bll</strong></span> <span class='ocrx_word' id='word_1_587' title='bbox 2228 3474 2440 3524; x_wconf 86' lang='lat' dir='ltr'><strong>firmam</strong></span> <span class='ocrx_word' id='word_1_588' title='bbox 2487 3480 2539 3523; x_wconf 90' lang='lat' dir='ltr'><strong>et</strong></span> <span class='ocrx_word' id='word_1_589' title='bbox 2585 3471 2866 3524; x_wconf 89' lang='lat' dir='ltr'><strong>immotam</strong></span> <span class='ocrx_word' id='word_1_590' title='bbox 2918 3468 3187 3524; x_wconf 89' lang='lat' dir='ltr'><strong>contineri</strong></span> <span class='ocrx_word' id='word_1_591' title='bbox 3245 3476 3438 3537; x_wconf 91' lang='lat' dir='ltr'><strong>putat:</strong></span> <span class='ocrx_word' id='word_1_592' title='bbox 3485 3466 3623 3519; x_wconf 79' lang='lat' dir='ltr'><strong>alius</strong></span> 
     </span>
    </p>
   </div>
   <div class='ocr_carea' id='block_1_79' title="bbox 2058 3560 3623 3636">
    <p class='ocr_par' dir='ltr' id='par_1_79' title="bbox 2058 3560 3623 3636">
     <span class='ocr_line' id='line_1_79' title="bbox 2058 3560 3623 3636; baseline -0.003 -18"><span class='ocrx_word' id='word_1_593' title='bbox 2058 3564 2291 3636; x_wconf 85' lang='lat' dir='ltr'><strong>quadam</strong></span> <span class='ocrx_word' id='word_1_594' title='bbox 2323 3564 2486 3619; x_wconf 91' lang='lat' dir='ltr'><strong>veluti</strong></span> <span class='ocrx_word' id='word_1_595' title='bbox 2528 3564 2715 3617; x_wconf 89' lang='lat' dir='ltr'><strong>latiore</strong></span> <span class='ocrx_word' id='word_1_596' title='bbox 2768 3572 2995 3625; x_wconf 87' lang='lat' dir='ltr'><strong>mactra,</strong></span> <span class='ocrx_word' id='word_1_597' title='bbox 3050 3561 3457 3615; x_wconf 91' lang='lat' dir='ltr'><strong>fundamentum</strong></span> <span class='ocrx_word' id='word_1_598' title='bbox 3504 3560 3623 3627; x_wconf 66' lang='lat' dir='ltr'><strong>ejus</strong></span> 
     </span>
    </p>
   </div>
   <div class='ocr_carea' id='block_1_80' title="bbox 2058 3652 3618 3723">
    <p class='ocr_par' dir='ltr' id='par_1_80' title="bbox 2058 3652 3618 3723">
     <span class='ocr_line' id='line_1_80' title="bbox 2058 3652 3618 3723; baseline -0.004 -13"><span class='ocrx_word' id='word_1_599' title='bbox 2058 3672 2235 3710; x_wconf 89' lang='lat' dir='ltr'><strong>aerem</strong></span> <span class='ocrx_word' id='word_1_600' title='bbox 2287 3656 2482 3711; x_wconf 87' lang='lat' dir='ltr'><strong>fulcire</strong></span> <span class='ocrx_word' id='word_1_601' title='bbox 2540 3655 2762 3710; x_wconf 88' lang='lat' dir='ltr'><strong>mavult.</strong></span> <span class='ocrx_word' id='word_1_602' title='bbox 2815 3655 2883 3707; x_wconf 88' lang='lat' dir='ltr'><strong>At</strong></span> <span class='ocrx_word' id='word_1_603' title='bbox 2931 3670 3059 3708; x_wconf 89' lang='lat' dir='ltr'><strong>vero</strong></span> <span class='ocrx_word' id='word_1_604' title='bbox 3106 3670 3339 3723; x_wconf 89' lang='lat' dir='ltr'><strong>quanam</strong></span> <span class='ocrx_word' id='word_1_605' title='bbox 3392 3654 3495 3707; x_wconf 88' lang='lat' dir='ltr'><strong>ista</strong></span> <span class='ocrx_word' id='word_1_606' title='bbox 3546 3652 3618 3714; x_wconf 88' lang='lat' dir='ltr'><strong>vi,</strong></span> 
     </span>
    </p>
   </div>
   <div class='ocr_carea' id='block_1_81' title="bbox 2058 3745 3623 3818">
    <p class='ocr_par' dir='ltr' id='par_1_81' title="bbox 2058 3745 3623 3818">
     <span class='ocr_line' id='line_1_81' title="bbox 2058 3745 3623 3818; baseline -0.003 -17"><span class='ocrx_word' id='word_1_607' title='bbox 2058 3763 2221 3818; x_wconf 92' lang='lat' dir='ltr'><strong>quam</strong></span> <span class='ocrx_word' id='word_1_608' title='bbox 2254 3747 2457 3817; x_wconf 84' lang='lat' dir='ltr'><strong>optime</strong></span> <span class='ocrx_word' id='word_1_609' title='bbox 2489 3747 2604 3801; x_wconf 84' lang='lat' dir='ltr'><strong>ﬁeri</strong></span> <span class='ocrx_word' id='word_1_610' title='bbox 2636 3756 2831 3817; x_wconf 81' lang='lat' dir='ltr'><strong>potuit,</strong></span> <span class='ocrx_word' id='word_1_611' title='bbox 2864 3762 2983 3802; x_wconf 90' lang='lat' dir='ltr'><strong>sese</strong></span> <span class='ocrx_word' id='word_1_612' title='bbox 3032 3762 3177 3801; x_wconf 86' lang='lat' dir='ltr'><strong>nunc</strong></span> <span class='ocrx_word' id='word_1_613' title='bbox 3218 3745 3472 3804; x_wconf 81' lang='lat' dir='ltr'><strong>habeant,</strong></span> <span class='ocrx_word' id='word_1_614' title='bbox 3522 3758 3623 3798; x_wconf 78' lang='lat' dir='ltr'><strong>suo</strong></span> 
     </span>
    </p>
   </div>
   <div class='ocr_carea' id='block_1_82' title="bbox 2056 3838 3619 3909">
    <p class='ocr_par' dir='ltr' id='par_1_82' title="bbox 2056 3838 3619 3909">
     <span class='ocr_line' id='line_1_82' title="bbox 2056 3838 3619 3909; baseline -0.004 -16"><span class='ocrx_word' id='word_1_615' title='bbox 2056 3854 2284 3909; x_wconf 61' lang='lat' dir='ltr'><strong>quaeque</strong></span> <span class='ocrx_word' id='word_1_616' title='bbox 2330 3840 2451 3894; x_wconf 84' lang='lat' dir='ltr'><strong>loco</strong></span> <span class='ocrx_word' id='word_1_617' title='bbox 2504 3839 2722 3909; x_wconf 87' lang='lat' dir='ltr'><strong>situque</strong></span> <span class='ocrx_word' id='word_1_618' title='bbox 2772 3838 3056 3903; x_wconf 87' lang='lat' dir='ltr'><strong>collocata,</strong></span> <span class='ocrx_word' id='word_1_619' title='bbox 3105 3854 3203 3893; x_wconf 91' lang='lat' dir='ltr'><strong>nec</strong></span> <span class='ocrx_word' id='word_1_620' title='bbox 3237 3838 3311 3891; x_wconf 90' lang='lat' dir='ltr'><strong>illi</strong></span> <span class='ocrx_word' id='word_1_621' title='bbox 3347 3848 3619 3906; x_wconf 79' lang='lat' dir='ltr'><strong>quaerunt,</strong></span> 
     </span>
    </p>
   </div>
   <div class='ocr_carea' id='block_1_83' title="bbox 2056 3928 3619 4000">
    <p class='ocr_par' dir='ltr' id='par_1_83' title="bbox 2056 3928 3619 4000">
     <span class='ocr_line' id='line_1_83' title="bbox 2056 3928 3619 4000; baseline -0.004 -16"><span class='ocrx_word' id='word_1_622' title='bbox 2056 3946 2156 3985; x_wconf 92' lang='lat' dir='ltr'><strong>nec</strong></span> <span class='ocrx_word' id='word_1_623' title='bbox 2187 3930 2410 3985; x_wconf 91' lang='lat' dir='ltr'><strong>omnino</strong></span> <span class='ocrx_word' id='word_1_624' title='bbox 2458 3930 2543 3984; x_wconf 90' lang='lat' dir='ltr'><strong>dei</strong></span> <span class='ocrx_word' id='word_1_625' title='bbox 2597 3930 2919 4000; x_wconf 90' lang='lat' dir='ltr'><strong>cujusquam</strong></span> <span class='ocrx_word' id='word_1_626' title='bbox 2975 3944 3036 3983; x_wconf 91' lang='lat' dir='ltr'><strong>ea</strong></span> <span class='ocrx_word' id='word_1_627' title='bbox 3088 3929 3309 3983; x_wconf 92' lang='lat' dir='ltr'><strong>numine</strong></span> <span class='ocrx_word' id='word_1_628' title='bbox 3358 3928 3619 3982; x_wconf 86' lang='lat' dir='ltr'><strong>contineri</strong></span> 
     </span>
    </p>
   </div>
   <div class='ocr_carea' id='block_1_84' title="bbox 2058 4020 3624 4091">
    <p class='ocr_par' dir='ltr' id='par_1_84' title="bbox 2058 4020 3624 4091">
     <span class='ocr_line' id='line_1_84' title="bbox 2058 4020 3624 4091; baseline -0.003 -17"><span class='ocrx_word' id='word_1_629' title='bbox 2058 4022 2430 4077; x_wconf 88' lang='lat' dir='ltr'><strong>arbitrantur:</strong></span> <span class='ocrx_word' id='word_1_630' title='bbox 2462 4022 2554 4076; x_wconf 88' lang='lat' dir='ltr'><strong>sed</strong></span> <span class='ocrx_word' id='word_1_631' title='bbox 2587 4022 2768 4091; x_wconf 90' lang='lat' dir='ltr'><strong>potius</strong></span> <span class='ocrx_word' id='word_1_632' title='bbox 2816 4021 3088 4075; x_wconf 84' lang='lat' dir='ltr'><strong>Atlantem</strong></span> <span class='ocrx_word' id='word_1_633' title='bbox 3131 4020 3314 4075; x_wconf 87' lang='lat' dir='ltr'><strong>nescio</strong></span> <span class='ocrx_word' id='word_1_634' title='bbox 3361 4034 3520 4089; x_wconf 88' lang='lat' dir='ltr'><strong>quem</strong></span> <span class='ocrx_word' id='word_1_635' title='bbox 3570 4026 3624 4071; x_wconf 85' lang='lat' dir='ltr'><strong>et</strong></span> 
     </span>
    </p>
   </div>
   <div class='ocr_carea' id='block_1_85' title="bbox 2060 4111 3619 4180">
    <p class='ocr_par' dir='ltr' id='par_1_85' title="bbox 2060 4111 3619 4180">
     <span class='ocr_line' id='line_1_85' title="bbox 2060 4111 3619 4180; baseline -0.004 -12"><span class='ocrx_word' id='word_1_636' title='bbox 2060 4113 2353 4169; x_wconf 81' lang='lat' dir='ltr'><strong>firmiorem</strong></span> <span class='ocrx_word' id='word_1_637' title='bbox 2404 4113 2633 4179; x_wconf 91' lang='lat' dir='ltr'><strong>viribus,</strong></span> <span class='ocrx_word' id='word_1_638' title='bbox 2671 4123 2725 4168; x_wconf 89' lang='lat' dir='ltr'><strong>et</strong></span> <span class='ocrx_word' id='word_1_639' title='bbox 2777 4112 3180 4167; x_wconf 88' lang='lat' dir='ltr'><strong>immortalitate</strong></span> <span class='ocrx_word' id='word_1_640' title='bbox 3231 4111 3619 4180; x_wconf 87' lang='lat' dir='ltr'><strong>potentiorem.</strong></span> 
     </span>
    </p>
   </div>
   <div class='ocr_carea' id='block_1_86' title="bbox 388 4204 3623 4283">
    <p class='ocr_par' dir='ltr' id='par_1_86' title="bbox 388 4204 3623 4283">
     <span class='ocr_line' id='line_1_86' title="bbox 388 4204 3623 4283; baseline 0 -21"><span class='ocrx_word' id='word_1_641' title='bbox 388 4210 481 4278; x_wconf 91' lang='lat' dir='ltr'><strong>qui</strong></span> <span class='ocrx_word' id='word_1_642' title='bbox 518 4208 763 4263; x_wconf 89' lang='lat' dir='ltr'><strong>tenacius</strong></span> <span class='ocrx_word' id='word_1_643' title='bbox 794 4207 1048 4263; x_wconf 90' lang='lat' dir='ltr'><strong>universa</strong></span> <span class='ocrx_word' id='word_1_644' title='bbox 1090 4208 1382 4283; x_wconf 82' lang='lat' dir='ltr'><strong>devjnciat,</strong></span> <span class='ocrx_word' id='word_1_645' title='bbox 1441 4208 1789 4279; x_wconf 77' lang='lat' dir='ltr'><strong>excogitant;</strong></span> <span class='ocrx_word' id='word_1_646' title='bbox 1847 4216 2011 4281; x_wconf 89' lang='lat' dir='ltr'><strong>atque</strong></span> <span class='ocrx_word' id='word_1_647' title='bbox 2051 4210 2125 4263; x_wconf 89' lang='lat' dir='ltr'><strong>ita</strong></span> <span class='ocrx_word' id='word_1_648' title='bbox 2184 4209 2311 4263; x_wconf 84' lang='lat' dir='ltr'><strong>boni</strong></span> <span class='ocrx_word' id='word_1_649' title='bbox 2354 4224 2575 4278; x_wconf 87' lang='lat' dir='ltr'><strong>prorsus</strong></span> <span class='ocrx_word' id='word_1_650' title='bbox 2632 4208 2953 4275; x_wconf 84' lang='lat' dir='ltr'><strong>honestique</strong></span> <span class='ocrx_word' id='word_1_651' title='bbox 3002 4206 3157 4269; x_wconf 90' lang='lat' dir='ltr'><strong>nihil,</strong></span> <span class='ocrx_word' id='word_1_652' title='bbox 3212 4221 3320 4275; x_wconf 89' lang='lat' dir='ltr'><strong>quo</strong></span> <span class='ocrx_word' id='word_1_653' title='bbox 3364 4213 3483 4273; x_wconf 86' lang='lat' dir='ltr'><strong>apta</strong></span> <span class='ocrx_word' id='word_1_654' title='bbox 3536 4204 3623 4263; x_wconf 74' lang='lat' dir='ltr'><strong>illa</strong></span> 
     </span>
    </p>
   </div>
   <div class='ocr_carea' id='block_1_87' title="bbox 390 4300 3623 4374">
    <p class='ocr_par' dir='ltr' id='par_1_87' title="bbox 390 4300 3623 4374">
     <span class='ocr_line' id='line_1_87' title="bbox 390 4300 3623 4374; baseline -0.002 -19"><span class='ocrx_word' id='word_1_655' title='bbox 390 4318 636 4371; x_wconf 81' lang='lat' dir='ltr'><strong>nexaque</strong></span> <span class='ocrx_word' id='word_1_656' title='bbox 661 4309 963 4367; x_wconf 87' lang='lat' dir='ltr'><strong>teneantur,</strong></span> <span class='ocrx_word' id='word_1_657' title='bbox 1012 4312 1335 4372; x_wconf 82' lang='lat' dir='ltr'><strong>agnoscunt.</strong></span> <span class='ocrx_word' id='word_1_658' title='bbox 1370 4322 1389 4355; x_wconf 74' lang='grc' dir='ltr'><strong>ι</strong></span> <span class='ocrx_word' id='word_1_659' title='bbox 1431 4302 1555 4358; x_wconf 66' lang='lat' dir='ltr'><strong>Haec</strong></span> <span class='ocrx_word' id='word_1_660' title='bbox 1618 4302 1870 4359; x_wconf 85' lang='lat' dir='ltr'><strong>Socrates</strong></span> <span class='ocrx_word' id='word_1_661' title='bbox 1934 4304 2000 4358; x_wconf 83' lang='lat' dir='ltr'><strong>de</strong></span> <span class='ocrx_word' id='word_1_662' title='bbox 2058 4304 2396 4374; x_wconf 67' lang='lat' dir='ltr'><strong>Anaxagora:</strong></span> <span class='ocrx_word' id='word_1_663' title='bbox 2431 4304 2718 4359; x_wconf 89' lang='lat' dir='ltr'><strong>sententia.</strong></span> <span class='ocrx_word' id='word_1_664' title='bbox 2755 4302 2912 4372; x_wconf 79' lang='lat'><strong>753</strong></span> <span class='ocrx_word' id='word_1_665' title='bbox 2944 4300 3061 4355; x_wconf 86' lang='lat' dir='ltr'><strong>Fuit</strong></span> <span class='ocrx_word' id='word_1_666' title='bbox 3095 4310 3271 4354; x_wconf 87' lang='lat' dir='ltr'><strong>autem</strong></span> <span class='ocrx_word' id='word_1_667' title='bbox 3294 4302 3623 4371; x_wconf 60' lang='lat' dir='ltr'><strong>Anaxagora3</strong></span> 
     </span>
    </p>
   </div>
   <div class='ocr_carea' id='block_1_88' title="bbox 388 4391 3623 4464">
    <p class='ocr_par' dir='ltr' id='par_1_88' title="bbox 388 4391 3623 4464">
     <span class='ocr_line' id='line_1_88' title="bbox 388 4391 3623 4464; baseline -0.001 -18"><span class='ocrx_word' id='word_1_668' title='bbox 388 4404 497 4447; x_wconf 90' lang='lat' dir='ltr'><strong>tam</strong></span> <span class='ocrx_word' id='word_1_669' title='bbox 533 4393 731 4447; x_wconf 82' lang='lat' dir='ltr'><strong>scholae</strong></span> <span class='ocrx_word' id='word_1_670' title='bbox 780 4408 943 4462; x_wconf 91' lang='lat' dir='ltr'><strong>quam</strong></span> <span class='ocrx_word' id='word_1_671' title='bbox 994 4395 1266 4462; x_wconf 79' lang='lat' dir='ltr'><strong>Opinionis</strong></span> <span class='ocrx_word' id='word_1_672' title='bbox 1316 4410 1603 4450; x_wconf 84' lang='lat' dir='ltr'><strong>successor</strong></span> <span class='ocrx_word' id='word_1_673' title='bbox 1648 4395 1987 4462; x_wconf 79' lang='lat' dir='ltr'><strong>Archelaus,</strong></span> <span class='ocrx_word' id='word_1_674' title='bbox 2028 4412 2187 4464; x_wconf 92' lang='lat' dir='ltr'><strong>quem</strong></span> <span class='ocrx_word' id='word_1_675' title='bbox 2252 4395 2507 4449; x_wconf 82' lang='lat' dir='ltr'><strong>Socrates</strong></span> <span class='ocrx_word' id='word_1_676' title='bbox 2550 4394 2789 4447; x_wconf 84' lang='lat' dir='ltr'><strong>audiisse</strong></span> <span class='ocrx_word' id='word_1_677' title='bbox 2838 4392 3025 4447; x_wconf 89' lang='lat' dir='ltr'><strong>fertur.</strong></span> <span class='ocrx_word' id='word_1_678' title='bbox 3062 4395 3325 4447; x_wconf 70' lang='lat' dir='ltr'><strong>Uzeternm</strong></span> <span class='ocrx_word' id='word_1_679' title='bbox 3371 4391 3459 4445; x_wconf 89' lang='lat' dir='ltr'><strong>alii</strong></span> <span class='ocrx_word' id='word_1_680' title='bbox 3490 4407 3623 4461; x_wconf 67' lang='lat' dir='ltr'><strong>quo,</strong></span> 
     </span>
    </p>
   </div>
   <div class='ocr_carea' id='block_1_89' title="bbox 387 4482 3623 4557">
    <p class='ocr_par' dir='ltr' id='par_1_89' title="bbox 387 4482 3623 4557">
     <span class='ocr_line' id='line_1_89' title="bbox 387 4482 3623 4557; baseline 0.001 -22"><span class='ocrx_word' id='word_1_681' title='bbox 387 4500 492 4553; x_wconf 91' lang='lat' dir='ltr'><strong>que</strong></span> <span class='ocrx_word' id='word_1_682' title='bbox 523 4483 758 4554; x_wconf 83' lang='lat' dir='ltr'><strong>Physici,</strong></span> <span class='ocrx_word' id='word_1_683' title='bbox 806 4482 1167 4552; x_wconf 77' lang='lat' dir='ltr'><strong>Xenophanes</strong></span> <span class='ocrx_word' id='word_1_684' title='bbox 1217 4494 1271 4539; x_wconf 89' lang='lat' dir='ltr'><strong>et</strong></span> <span class='ocrx_word' id='word_1_685' title='bbox 1314 4484 1665 4556; x_wconf 77' lang='lat' dir='ltr'><strong>Pythagoras,</strong></span> <span class='ocrx_word' id='word_1_686' title='bbox 1729 4487 1823 4557; x_wconf 92' lang='lat' dir='ltr'><strong>qui</strong></span> <span class='ocrx_word' id='word_1_687' title='bbox 1891 4502 2017 4542; x_wconf 87' lang='lat' dir='ltr'><strong>cum</strong></span> <span class='ocrx_word' id='word_1_688' title='bbox 2056 4488 2381 4556; x_wconf 78' lang='lat' dir='ltr'><strong>Anaxagora</strong></span> <span class='ocrx_word' id='word_1_689' title='bbox 2424 4485 2726 4551; x_wconf 85' lang='lat' dir='ltr'><strong>ﬂorebant,</strong></span> <span class='ocrx_word' id='word_1_690' title='bbox 2762 4485 2827 4539; x_wconf 89' lang='lat' dir='ltr'><strong>de</strong></span> <span class='ocrx_word' id='word_1_691' title='bbox 2874 4484 2966 4538; x_wconf 89' lang='lat' dir='ltr'><strong>Dei</strong></span> <span class='ocrx_word' id='word_1_692' title='bbox 3014 4485 3173 4542; x_wconf 91' lang='lat' dir='ltr'><strong>simul</strong></span> <span class='ocrx_word' id='word_1_693' title='bbox 3225 4483 3623 4552; x_wconf 84' lang='lat' dir='ltr'><strong>incorruptione</strong></span> 
     </span>
    </p>
   </div>
   <div class='ocr_carea' id='block_1_90' title="bbox 384 4571 3621 4647">
    <p class='ocr_par' dir='ltr' id='par_1_90' title="bbox 384 4571 3621 4647">
     <span class='ocr_line' id='line_1_90' title="bbox 384 4571 3621 4647; baseline -0.002 -18"><span class='ocrx_word' id='word_1_694' title='bbox 384 4587 436 4630; x_wconf 87' lang='lat' dir='ltr'><strong>et</strong></span> <span class='ocrx_word' id='word_1_695' title='bbox 463 4574 628 4629; x_wconf 88' lang='lat' dir='ltr'><strong>animi</strong></span> <span class='ocrx_word' id='word_1_696' title='bbox 658 4574 1061 4629; x_wconf 89' lang='lat' dir='ltr'><strong>immortalitate</strong></span> <span class='ocrx_word' id='word_1_697' title='bbox 1092 4576 1456 4645; x_wconf 81' lang='lat' dir='ltr'><strong>philosophati</strong></span> <span class='ocrx_word' id='word_1_698' title='bbox 1486 4585 1631 4631; x_wconf 90' lang='lat' dir='ltr'><strong>sunt.</strong></span> <span class='ocrx_word' id='word_1_699' title='bbox 1665 4576 1710 4629; x_wconf 74' lang='grc' dir='ltr'><strong>Α</strong></span> <span class='ocrx_word' id='word_1_700' title='bbox 1739 4577 1938 4647; x_wconf 91' lang='lat' dir='ltr'><strong>quibus</strong></span> <span class='ocrx_word' id='word_1_701' title='bbox 1978 4585 2162 4646; x_wconf 87' lang='lat' dir='ltr'><strong>postea</strong></span> <span class='ocrx_word' id='word_1_702' title='bbox 2214 4576 2375 4628; x_wconf 72' lang='lat' dir='ltr'><strong>variae</strong></span> <span class='ocrx_word' id='word_1_703' title='bbox 2430 4582 2558 4629; x_wconf 87' lang='lat' dir='ltr'><strong>sunt</strong></span> <span class='ocrx_word' id='word_1_704' title='bbox 2597 4572 3045 4642; x_wconf 88' lang='lat' dir='ltr'><strong>philosophorum</strong></span> <span class='ocrx_word' id='word_1_705' title='bbox 3106 4581 3264 4627; x_wconf 77' lang='lat' dir='ltr'><strong>secta:</strong></span> <span class='ocrx_word' id='word_1_706' title='bbox 3310 4571 3621 4640; x_wconf 82' lang='lat' dir='ltr'><strong>opiniones-</strong></span> 
     </span>
    </p>
   </div>
   <div class='ocr_carea' id='block_1_91' title="bbox 384 4664 3618 4741">
    <p class='ocr_par' dir='ltr' id='par_1_91' title="bbox 384 4664 3618 4741">
     <span class='ocr_line' id='line_1_91' title="bbox 384 4664 3618 4741; baseline -0.002 -18"><span class='ocrx_word' id='word_1_707' title='bbox 384 4687 489 4740; x_wconf 90' lang='lat' dir='ltr'><strong>que</strong></span> <span class='ocrx_word' id='word_1_708' title='bbox 517 4676 789 4739; x_wconf 62' lang='lat' dir='ltr'><strong>profectae,</strong></span> <span class='ocrx_word' id='word_1_709' title='bbox 819 4685 941 4723; x_wconf 91' lang='lat' dir='ltr'><strong>cum</strong></span> <span class='ocrx_word' id='word_1_710' title='bbox 989 4671 1124 4725; x_wconf 88' lang='lat' dir='ltr'><strong>alios</strong></span> <span class='ocrx_word' id='word_1_711' title='bbox 1154 4672 1244 4725; x_wconf 86' lang='lat' dir='ltr'><strong>alii</strong></span> <span class='ocrx_word' id='word_1_712' title='bbox 1276 4681 1663 4739; x_wconf 84' lang='lat' dir='ltr'><strong>sequerentur,</strong></span> <span class='ocrx_word' id='word_1_713' title='bbox 1721 4673 1969 4727; x_wconf 88' lang='lat' dir='ltr'><strong>nonnulli</strong></span> <span class='ocrx_word' id='word_1_714' title='bbox 2009 4673 2247 4741; x_wconf 85' lang='lat' dir='ltr'><strong>privatas</strong></span> <span class='ocrx_word' id='word_1_715' title='bbox 2301 4670 2463 4723; x_wconf 85' lang='lat' dir='ltr'><strong>etiam</strong></span> <span class='ocrx_word' id='word_1_716' title='bbox 2508 4668 2877 4741; x_wconf 79' lang='lat' dir='ltr'><strong>excogitarent</strong></span> <span class='ocrx_word' id='word_1_717' title='bbox 2905 4683 2968 4723; x_wconf 87' lang='lat' dir='ltr'><strong>ac</strong></span> <span class='ocrx_word' id='word_1_718' title='bbox 2990 4667 3257 4738; x_wconf 87' lang='lat' dir='ltr'><strong>proprias.</strong></span> <span class='ocrx_word' id='word_1_719' title='bbox 3286 4665 3469 4735; x_wconf 86' lang='lat' dir='ltr'><strong>Itaque</strong></span> <span class='ocrx_word' id='word_1_720' title='bbox 3494 4664 3618 4719; x_wconf 78' lang='lat' dir='ltr'><strong>Plu-</strong></span> 
     </span>
    </p>
   </div>
   <div class='ocr_carea' id='block_1_92' title="bbox 384 4760 2392 4828">
    <p class='ocr_par' dir='ltr' id='par_1_92' title="bbox 384 4760 2392 4828">
     <span class='ocr_line' id='line_1_92' title="bbox 384 4760 2392 4828; baseline -0.003 -12"><span class='ocrx_word' id='word_1_721' title='bbox 384 4762 607 4816; x_wconf 88' lang='lat' dir='ltr'><strong>tarchus</strong></span> <span class='ocrx_word' id='word_1_722' title='bbox 636 4775 824 4814; x_wconf 92' lang='lat' dir='ltr'><strong>eorum</strong></span> <span class='ocrx_word' id='word_1_723' title='bbox 856 4761 922 4814; x_wconf 92' lang='lat' dir='ltr'><strong>de</strong></span> <span class='ocrx_word' id='word_1_724' title='bbox 952 4760 1057 4813; x_wconf 89' lang='lat' dir='ltr'><strong>diis</strong></span> <span class='ocrx_word' id='word_1_725' title='bbox 1083 4760 1367 4828; x_wconf 86' lang='lat' dir='ltr'><strong>opiniones</strong></span> <span class='ocrx_word' id='word_1_726' title='bbox 1407 4760 1491 4814; x_wconf 86' lang='lat' dir='ltr'><strong>his</strong></span> <span class='ocrx_word' id='word_1_727' title='bbox 1524 4760 1699 4815; x_wconf 80' lang='lat' dir='ltr'><strong>verbis</strong></span> <span class='ocrx_word' id='word_1_728' title='bbox 1748 4761 1942 4815; x_wconf 90' lang='lat' dir='ltr'><strong>iterum</strong></span> <span class='ocrx_word' id='word_1_729' title='bbox 1982 4768 2392 4814; x_wconf 88' lang='lat' dir='ltr'><strong>commemorat.</strong></span> 
     </span>
    </p>
   </div>
   <div class='ocr_carea' id='block_1_93' title="bbox 873 4851 2027 4918">
    <p class='ocr_par' dir='ltr' id='par_1_93' title="bbox 873 4851 2027 4918">
     <span class='ocr_line' id='line_1_93' title="bbox 873 4851 2027 4918; baseline 0.007 -15"><span class='ocrx_word' id='word_1_730' title='bbox 873 4851 1261 4904; x_wconf 78' lang='grc' dir='ltr'><strong>ΚΕΦΑΛΑΙυΝ</strong></span> <span class='ocrx_word' id='word_1_731' title='bbox 1304 4854 1398 4918; x_wconf 76' lang='lat' dir='ltr'><strong>1c.&quot;</strong></span> <span class='ocrx_word' id='word_1_732' title='bbox 1982 4856 2027 4911; x_wconf 83' lang='grc' dir='ltr'>ι)</span> 
     </span>
    </p>
   </div>
   <div class='ocr_carea' id='block_1_94' title="bbox 385 4959 1945 5031">
    <p class='ocr_par' dir='ltr' id='par_1_94' title="bbox 385 4959 1945 5031">
     <span class='ocr_line' id='line_1_94' title="bbox 385 4959 1945 5031; baseline 0.004 -21"><span class='ocrx_word' id='word_1_733' title='bbox 385 4959 557 5021; x_wconf 82' lang='grc' dir='ltr'>Δόξαι</span> <span class='ocrx_word' id='word_1_734' title='bbox 585 4960 933 5027; x_wconf 66' lang='grc' dir='ltr'>φιλοσόφων</span> <span class='ocrx_word' id='word_1_735' title='bbox 955 4960 1086 5027; x_wconf 76' lang='grc' dir='ltr'>περὶ</span> <span class='ocrx_word' id='word_1_736' title='bbox 1117 4962 1284 5013; x_wconf 77' lang='grc' dir='ltr'>θεῶν.</span> <span class='ocrx_word' id='word_1_737' title='bbox 1329 4962 1467 5015; x_wconf 80' lang='grc' dir='ltr'><strong>Ἀπὸ</strong></span> <span class='ocrx_word' id='word_1_738' title='bbox 1505 4962 1609 5015; x_wconf 84' lang='grc' dir='ltr'>τοῦ</span> <span class='ocrx_word' id='word_1_739' title='bbox 1639 4962 1945 5031; x_wconf 69' lang='grc' dir='ltr'>Πλουτάρ-</span> 
     </span>
    </p>
   </div>
   <div class='ocr_carea' id='block_1_95' title="bbox 1143 5049 1231 5084">
    <p class='ocr_par' dir='ltr' id='par_1_95' title="bbox 1143 5049 1231 5084">
     <span class='ocr_line' id='line_1_95' title="bbox 1143 5049 1231 5084; baseline 0 0"><span class='ocrx_word' id='word_1_740' title='bbox 1143 5049 1231 5084; x_wconf 78' lang='grc' dir='ltr'><strong>Ου.</strong></span> 
     </span>
    </p>
   </div>
   <div class='ocr_carea' id='block_1_96' title="bbox 461 5050 1946 5197">
    <p class='ocr_par' dir='ltr' id='par_1_96' title="bbox 461 5050 1946 5197">
     <span class='ocr_line' id='line_1_96' title="bbox 1143 5050 1231 5084; baseline 0 0"><span class='ocrx_word' id='word_1_741' title='bbox 1143 5050 1231 5084; x_wconf 89' lang='grc' dir='ltr'><strong>ου.</strong></span> 
     </span>
     <span class='ocr_line' id='line_1_97' title="bbox 461 5050 1946 5197; baseline 0.007 -29"><span class='ocrx_word' id='word_1_742' title='bbox 461 5136 479 5168; x_wconf 76' lang='grc' dir='ltr'><strong>ι</strong></span> <span class='ocrx_word' id='word_1_743' title='bbox 508 5118 678 5172; x_wconf 85' lang='grc' dir='ltr'>Ἔνιοι</span> <span class='ocrx_word' id='word_1_744' title='bbox 707 5119 813 5171; x_wconf 82' lang='grc' dir='ltr'>τῶν</span> <span class='ocrx_word' id='word_1_745' title='bbox 844 5050 1144 5189; x_wconf 55' lang='grc' dir='ltr'>φιλοσόφωξ</span> <span class='ocrx_word' id='word_1_746' title='bbox 1178 5122 1308 5191; x_wconf 76' lang='grc'>(85),</span> <span class='ocrx_word' id='word_1_747' title='bbox 1338 5123 1587 5195; x_wconf 81' lang='grc' dir='ltr'>καθάπερ</span> <span class='ocrx_word' id='word_1_748' title='bbox 1619 5124 1886 5197; x_wconf 83' lang='grc' dir='ltr'>Διαγόρας</span> <span class='ocrx_word' id='word_1_749' title='bbox 1917 5129 1946 5179; x_wconf 84' lang='grc' dir='ltr'><strong>ό</strong></span> 
     </span>
    </p>
   </div>
   <div class='ocr_carea' id='block_1_97' title="bbox 386 5208 1945 5287">
    <p class='ocr_par' dir='ltr' id='par_1_97' title="bbox 386 5208 1945 5287">
     <span class='ocr_line' id='line_1_98' title="bbox 386 5208 1945 5287; baseline 0.006 -27"><span class='ocrx_word' id='word_1_750' title='bbox 386 5208 665 5280; x_wconf 85' lang='grc' dir='ltr'>Μιλήσιος,</span> <span class='ocrx_word' id='word_1_751' title='bbox 697 5210 791 5262; x_wconf 72' lang='grc' dir='ltr'><strong>καὶ</strong></span> <span class='ocrx_word' id='word_1_752' title='bbox 818 5210 1089 5282; x_wconf 81' lang='grc' dir='ltr'>Θεόδωρος</span> <span class='ocrx_word' id='word_1_753' title='bbox 1117 5214 1146 5265; x_wconf 88' lang='grc' dir='ltr'>ὁ</span> <span class='ocrx_word' id='word_1_754' title='bbox 1178 5213 1504 5284; x_wconf 81' lang='grc' dir='ltr'>Κυρηναῖος,</span> <span class='ocrx_word' id='word_1_755' title='bbox 1538 5214 1637 5267; x_wconf 72' lang='grc' dir='ltr'>καὶ</span> <span class='ocrx_word' id='word_1_756' title='bbox 1664 5217 1945 5287; x_wconf 72' lang='grc' dir='ltr'>Εὐήμερος</span> 
     </span>
    </p>
   </div>
   <div class='ocr_carea' id='block_1_98' title="bbox 2634 4846 3037 4903">
    <p class='ocr_par' dir='ltr' id='par_1_98' title="bbox 2634 4846 3037 4903">
     <span class='ocr_line' id='line_1_99' title="bbox 2634 4846 3037 4903; baseline -0.007 0"><span class='ocrx_word' id='word_1_757' title='bbox 2634 4847 2859 4903; x_wconf 81' lang='lat' dir='ltr'><strong>CAPUT</strong></span> <span class='ocrx_word' id='word_1_758' title='bbox 2899 4846 3037 4901; x_wconf 79' lang='lat' dir='ltr'><strong>XVI.</strong></span> 
     </span>
    </p>
   </div>
   <div class='ocr_carea' id='block_1_99' title="bbox 2086 4964 3599 5051">
    <p class='ocr_par' dir='ltr' id='par_1_99' title="bbox 2086 4964 3599 5051">
     <span class='ocr_line' id='line_1_100' title="bbox 2086 4964 3599 5051; baseline -0.002 -18"><span class='ocrx_word' id='word_1_759' title='bbox 2086 4979 2524 5049; x_wconf 74' lang='lat' dir='ltr'><strong>Philosophorum</strong></span> <span class='ocrx_word' id='word_1_760' title='bbox 2551 4980 2615 5035; x_wconf 79' lang='lat' dir='ltr'><strong>de</strong></span> <span class='ocrx_word' id='word_1_761' title='bbox 2654 4982 2759 5035; x_wconf 79' lang='lat' dir='ltr'><strong>diis</strong></span> <span class='ocrx_word' id='word_1_762' title='bbox 2799 4982 3087 5051; x_wconf 75' lang='lat' dir='ltr'><strong>opiniones.</strong></span> <span class='ocrx_word' id='word_1_763' title='bbox 3140 4978 3223 5033; x_wconf 73' lang='lat' dir='ltr'><strong>Ex</strong></span> <span class='ocrx_word' id='word_1_764' title='bbox 3262 4964 3599 5045; x_wconf 12' lang='lat' dir='ltr'><strong>Plutarcho.&quot;</strong></span> 
     </span>
    </p>
   </div>
   <div class='ocr_carea' id='block_1_100' title="bbox 2127 5104 3614 5177">
    <p class='ocr_par' dir='ltr' id='par_1_100' title="bbox 2127 5104 3614 5177">
     <span class='ocr_line' id='line_1_101' title="bbox 2127 5104 3614 5177; baseline 0.002 -20"><span class='ocrx_word' id='word_1_765' title='bbox 2127 5127 2144 5157; x_wconf 79' lang='grc' dir='ltr'><strong>ι</strong></span> <span class='ocrx_word' id='word_1_766' title='bbox 2174 5106 2435 5171; x_wconf 89' lang='lat' dir='ltr'><strong>Fuerunt,</strong></span> <span class='ocrx_word' id='word_1_767' title='bbox 2466 5108 2664 5177; x_wconf 91' lang='lat' dir='ltr'><strong>inquit,</strong></span> <span class='ocrx_word' id='word_1_768' title='bbox 2698 5122 2727 5161; x_wconf 92' lang='lat' dir='ltr'><strong>e</strong></span> <span class='ocrx_word' id='word_1_769' title='bbox 2761 5107 3101 5177; x_wconf 89' lang='lat' dir='ltr'><strong>philosophis</strong></span> <span class='ocrx_word' id='word_1_770' title='bbox 3121 5107 3389 5170; x_wconf 80' lang='lat' dir='ltr'><strong>nonnulli,</strong></span> <span class='ocrx_word' id='word_1_771' title='bbox 3410 5118 3469 5160; x_wconf 90' lang='lat' dir='ltr'><strong>ut</strong></span> <span class='ocrx_word' id='word_1_772' title='bbox 3492 5104 3614 5160; x_wconf 85' lang='lat' dir='ltr'><strong>Dia-</strong></span> 
     </span>
    </p>
   </div>
   <div class='ocr_carea' id='block_1_101' title="bbox 2041 5196 3613 5271">
    <p class='ocr_par' dir='ltr' id='par_1_101' title="bbox 2041 5196 3613 5271">
     <span class='ocr_line' id='line_1_102' title="bbox 2041 5196 3613 5271; baseline -0.002 -19"><span class='ocrx_word' id='word_1_773' title='bbox 2041 5213 2207 5267; x_wconf 76' lang='lat' dir='ltr'><strong>goras</strong></span> <span class='ocrx_word' id='word_1_774' title='bbox 2236 5197 2496 5263; x_wconf 84' lang='lat' dir='ltr'><strong>Milesius,</strong></span> <span class='ocrx_word' id='word_1_775' title='bbox 2538 5197 2857 5254; x_wconf 88' lang='lat' dir='ltr'><strong>Theodorus</strong></span> <span class='ocrx_word' id='word_1_776' title='bbox 2886 5198 3174 5270; x_wconf 58' lang='lat' dir='ltr'><strong>Cyrenaeus</strong></span> <span class='ocrx_word' id='word_1_777' title='bbox 3225 5196 3299 5251; x_wconf 87' lang='lat' dir='ltr'><strong>et&#39;</strong></span> <span class='ocrx_word' id='word_1_778' title='bbox 3321 5198 3613 5271; x_wconf 71' lang='lat' dir='ltr'><strong>Evemerns</strong></span> 
     </span>
    </p>
   </div>
   <div class='ocr_carea' id='block_1_102' title="bbox 422 5340 1944 5421">
    <p class='ocr_par' dir='ltr' id='par_1_102' title="bbox 422 5340 1944 5421">
     <span class='ocr_line' id='line_1_103' title="bbox 422 5340 1944 5421; baseline 0.01 -29"><span class='ocrx_word' id='word_1_779' title='bbox 422 5412 433 5421; x_wconf 43' lang='lat'><em>.</em></span> <span class='ocrx_word' id='word_1_780' title='bbox 458 5340 569 5409; x_wconf 77' lang='grc'><strong>(81)</strong></span> <span class='ocrx_word' id='word_1_781' title='bbox 611 5342 791 5409; x_wconf 77' lang='grc' dir='ltr'>Δίνην</span> <span class='ocrx_word' id='word_1_782' title='bbox 832 5344 1171 5421; x_wconf 67' lang='grc' dir='ltr'>περιτιθείς,</span> <span class='ocrx_word' id='word_1_783' title='bbox 1199 5355 1301 5421; x_wconf 76' lang='lat' dir='ltr'><strong>etc.</strong></span> <span class='ocrx_word' id='word_1_784' title='bbox 1345 5345 1595 5421; x_wconf 79' lang='lat' dir='ltr'><strong>Ficinus,</strong></span> <span class='ocrx_word' id='word_1_785' title='bbox 1642 5350 1944 5417; x_wconf 74' lang='lat' dir='ltr'><strong>vertiginem</strong></span> 
     </span>
    </p>
   </div>
   <div class='ocr_carea' id='block_1_103' title="bbox 386 5416 1942 5483">
    <p class='ocr_par' dir='ltr' id='par_1_103' title="bbox 386 5416 1942 5483">
     <span class='ocr_line' id='line_1_104' title="bbox 386 5416 1942 5483; baseline 0.006 -21"><span class='ocrx_word' id='word_1_786' title='bbox 386 5416 826 5483; x_wconf 79' lang='lat' dir='ltr'><strong>circumponentes</strong></span> <span class='ocrx_word' id='word_1_787' title='bbox 878 5425 1029 5467; x_wconf 65' lang='lat' dir='ltr'><strong>terra</strong></span> <span class='ocrx_word' id='word_1_788' title='bbox 1064 5417 1156 5467; x_wconf 78' lang='lat' dir='ltr'><strong>sub</strong></span> <span class='ocrx_word' id='word_1_789' title='bbox 1194 5416 1338 5468; x_wconf 65' lang='lat' dir='ltr'><strong>caelo.</strong></span> <span class='ocrx_word' id='word_1_790' title='bbox 1402 5419 1668 5472; x_wconf 81' lang='lat' dir='ltr'><strong>Serranus</strong></span> <span class='ocrx_word' id='word_1_791' title='bbox 1728 5416 1942 5483; x_wconf 73' lang='lat' dir='ltr'><strong>autem,</strong></span> 
     </span>
    </p>
   </div>
   <div class='ocr_carea' id='block_1_104' title="bbox 386 5482 1943 5557">
    <p class='ocr_par' dir='ltr' id='par_1_104' title="bbox 386 5482 1943 5557">
     <span class='ocr_line' id='line_1_105' title="bbox 386 5482 1943 5557; baseline 0.008 -26"><span class='ocrx_word' id='word_1_792' title='bbox 386 5482 510 5533; x_wconf 84' lang='lat' dir='ltr'><strong>dum</strong></span> <span class='ocrx_word' id='word_1_793' title='bbox 543 5482 819 5557; x_wconf 68' lang='lat' dir='ltr'><strong>quemdam</strong></span> <span class='ocrx_word' id='word_1_794' title='bbox 863 5500 1121 5557; x_wconf 68' lang='lat' dir='ltr'><strong>aquarum</strong></span> <span class='ocrx_word' id='word_1_795' title='bbox 1154 5487 1409 5557; x_wconf 71' lang='lat' dir='ltr'><strong>gurgitem</strong></span> <span class='ocrx_word' id='word_1_796' title='bbox 1452 5497 1602 5543; x_wconf 73' lang='lat' dir='ltr'><strong>terra:</strong></span> <span class='ocrx_word' id='word_1_797' title='bbox 1649 5490 1943 5557; x_wconf 82' lang='lat' dir='ltr'><strong>circumpo—</strong></span> 
     </span>
    </p>
   </div>
   <div class='ocr_carea' id='block_1_105' title="bbox 387 5552 1941 5628">
    <p class='ocr_par' dir='ltr' id='par_1_105' title="bbox 387 5552 1941 5628">
     <span class='ocr_line' id='line_1_106' title="bbox 387 5552 1941 5628; baseline 0.007 -27"><span class='ocrx_word' id='word_1_798' title='bbox 387 5562 514 5628; x_wconf 66' lang='lat' dir='ltr'><strong>ttunt</strong></span> <span class='ocrx_word' id='word_1_799' title='bbox 561 5553 654 5628; x_wconf 67' lang='lat' dir='ltr'><strong>sub</strong></span> <span class='ocrx_word' id='word_1_800' title='bbox 696 5552 841 5628; x_wconf 60' lang='lat' dir='ltr'><strong>corio.</strong></span> <span class='ocrx_word' id='word_1_801' title='bbox 894 5552 1218 5628; x_wconf 66' lang='lat' dir='ltr'><strong>Existimavi</strong></span> <span class='ocrx_word' id='word_1_802' title='bbox 1242 5552 1549 5628; x_wconf 77' lang='lat' dir='ltr'><strong>perpetuam</strong></span> <span class='ocrx_word' id='word_1_803' title='bbox 1587 5560 1728 5612; x_wconf 88' lang='lat' dir='ltr'><strong>aeris</strong></span> <span class='ocrx_word' id='word_1_804' title='bbox 1770 5552 1941 5628; x_wconf 80' lang='lat' dir='ltr'><strong>agita—</strong></span> 
     </span>
    </p>
   </div>
   <div class='ocr_carea' id='block_1_106' title="bbox 387 5622 1943 5697">
    <p class='ocr_par' dir='ltr' id='par_1_106' title="bbox 387 5622 1943 5697">
     <span class='ocr_line' id='line_1_107' title="bbox 387 5622 1943 5697; baseline 0.007 -25"><span class='ocrx_word' id='word_1_805' title='bbox 387 5622 585 5697; x_wconf 80' lang='lat' dir='ltr'><strong>tionem</strong></span> <span class='ocrx_word' id='word_1_806' title='bbox 622 5622 841 5697; x_wconf 79' lang='lat' dir='ltr'><strong>iutelligi</strong></span> <span class='ocrx_word' id='word_1_807' title='bbox 864 5664 877 5686; x_wconf 85' lang='lat'><strong>,</strong></span> <span class='ocrx_word' id='word_1_808' title='bbox 910 5624 1105 5697; x_wconf 68' lang='lat' dir='ltr'><strong>ct_6::6</strong></span> <span class='ocrx_word' id='word_1_809' title='bbox 1128 5624 1221 5697; x_wconf 66' lang='grc' dir='ltr'>τοῦ</span> <span class='ocrx_word' id='word_1_810' title='bbox 1250 5622 1475 5697; x_wconf 71' lang='grc' dir='ltr'>οὐρανοῦ</span> <span class='ocrx_word' id='word_1_811' title='bbox 1504 5646 1608 5683; x_wconf 88' lang='lat' dir='ltr'><strong>non</strong></span> <span class='ocrx_word' id='word_1_812' title='bbox 1637 5644 1757 5683; x_wconf 89' lang='lat' dir='ltr'><strong>cum</strong></span> <span class='ocrx_word' id='word_1_813' title='bbox 1785 5622 1943 5697; x_wconf 65' lang='lat' dir='ltr'><strong>siupe-</strong></span> 
     </span>
    </p>
   </div>
   <div class='ocr_carea' id='block_1_107' title="bbox 386 5692 1940 5769">
    <p class='ocr_par' dir='ltr' id='par_1_107' title="bbox 386 5692 1940 5769">
     <span class='ocr_line' id='line_1_108' title="bbox 386 5692 1940 5769; baseline 0.006 -27"><span class='ocrx_word' id='word_1_814' title='bbox 386 5692 821 5769; x_wconf 77' lang='lat' dir='ltr'><strong>riore_membro</strong></span> <span class='ocrx_word' id='word_1_815' title='bbox 866 5692 1330 5769; x_wconf 68' lang='lat' dir='ltr'><strong>conjungendum,</strong></span> <span class='ocrx_word' id='word_1_816' title='bbox 1388 5698 1483 5753; x_wconf 85' lang='lat' dir='ltr'><strong>sed</strong></span> <span class='ocrx_word' id='word_1_817' title='bbox 1527 5698 1651 5754; x_wconf 87' lang='lat' dir='ltr'><strong>novi</strong></span> <span class='ocrx_word' id='word_1_818' title='bbox 1715 5692 1940 5753; x_wconf 83' lang='lat' dir='ltr'><strong>membri</strong></span> 
     </span>
    </p>
   </div>
   <div class='ocr_carea' id='block_1_108' title="bbox 388 5762 1261 5825">
    <p class='ocr_par' dir='ltr' id='par_1_108' title="bbox 388 5762 1261 5825">
     <span class='ocr_line' id='line_1_109' title="bbox 388 5762 1261 5825; baseline 0.007 -13"><span class='ocrx_word' id='word_1_819' title='bbox 388 5762 711 5825; x_wconf 76' lang='lat' dir='ltr'><strong>principium</strong></span> <span class='ocrx_word' id='word_1_820' title='bbox 747 5762 1090 5818; x_wconf 75' lang='lat' dir='ltr'><strong>statuendum</strong></span> <span class='ocrx_word' id='word_1_821' title='bbox 1123 5780 1261 5821; x_wconf 82' lang='lat' dir='ltr'><strong>esse.</strong></span> 
     </span>
    </p>
   </div>
   <div class='ocr_carea' id='block_1_109' title="bbox 2125 5354 3615 5427">
    <p class='ocr_par' dir='ltr' id='par_1_109' title="bbox 2125 5354 3615 5427">
     <span class='ocr_line' id='line_1_110' title="bbox 2125 5354 3615 5427; baseline -0.003 -16"><span class='ocrx_word' id='word_1_822' title='bbox 2125 5356 2235 5427; x_wconf 69' lang='lat'><strong>(82)</strong></span> <span class='ocrx_word' id='word_1_823' title='bbox 2275 5356 2503 5424; x_wconf 81' lang='grc' dir='ltr'>Βάθρον</span> <span class='ocrx_word' id='word_1_824' title='bbox 2540 5356 2643 5409; x_wconf 79' lang='grc' dir='ltr'><strong>τὸν</strong></span> <span class='ocrx_word' id='word_1_825' title='bbox 2682 5356 2849 5424; x_wconf 81' lang='grc' dir='ltr'>ἀέρα.</span> <span class='ocrx_word' id='word_1_826' title='bbox 2887 5356 3107 5412; x_wconf 80' lang='lat' dir='ltr'><strong>Ficinos</strong></span> <span class='ocrx_word' id='word_1_827' title='bbox 3150 5356 3278 5427; x_wconf 77' lang='lat' dir='ltr'><strong>legit</strong></span> <span class='ocrx_word' id='word_1_828' title='bbox 3324 5355 3505 5425; x_wconf 72' lang='grc' dir='ltr'>βάθρῳ</span> <span class='ocrx_word' id='word_1_829' title='bbox 3539 5354 3615 5423; x_wconf 78' lang='grc' dir='ltr'>τῷ</span> 
     </span>
    </p>
   </div>
   <div class='ocr_carea' id='block_1_110' title="bbox 2052 5424 3617 5497">
    <p class='ocr_par' dir='ltr' id='par_1_110' title="bbox 2052 5424 3617 5497">
     <span class='ocr_line' id='line_1_111' title="bbox 2052 5424 3617 5497; baseline 0 -18"><span class='ocrx_word' id='word_1_830' title='bbox 2052 5424 2397 5497; x_wconf 66' lang='grc' dir='ltr'>ἀέρι,’νθτῑὶι</span> <span class='ocrx_word' id='word_1_831' title='bbox 2426 5426 2605 5491; x_wconf 80' lang='lat' dir='ltr'><strong>enim,</strong></span> <span class='ocrx_word' id='word_1_832' title='bbox 2651 5443 2770 5480; x_wconf 84' lang='lat' dir='ltr'><strong>aere</strong></span> <span class='ocrx_word' id='word_1_833' title='bbox 2799 5426 2933 5480; x_wconf 83' lang='lat' dir='ltr'><strong>velut</strong></span> <span class='ocrx_word' id='word_1_834' title='bbox 2971 5427 3110 5487; x_wconf 70' lang='lat' dir='ltr'><strong>base.</strong></span> <span class='ocrx_word' id='word_1_835' title='bbox 3149 5424 3277 5479; x_wconf 76' lang='lat' dir='ltr'><strong>Mihi</strong></span> <span class='ocrx_word' id='word_1_836' title='bbox 3327 5424 3458 5478; x_wconf 89' lang='lat' dir='ltr'><strong>nihil</strong></span> <span class='ocrx_word' id='word_1_837' title='bbox 3495 5441 3617 5479; x_wconf 80' lang='lat' dir='ltr'><strong>mu-</strong></span> 
     </span>
    </p>
   </div>
   <div class='ocr_carea' id='block_1_111' title="bbox 2052 5496 2535 5550">
    <p class='ocr_par' dir='ltr' id='par_1_111' title="bbox 2052 5496 2535 5550">
     <span class='ocr_line' id='line_1_112' title="bbox 2052 5496 2535 5550; baseline 0 0"><span class='ocrx_word' id='word_1_838' title='bbox 2052 5496 2277 5550; x_wconf 85' lang='lat' dir='ltr'><strong>tandum</strong></span> <span class='ocrx_word' id='word_1_839' title='bbox 2306 5496 2535 5550; x_wconf 87' lang='lat' dir='ltr'><strong>videtur.</strong></span> 
     </span>
    </p>
   </div>
   <div class='ocr_carea' id='block_1_112' title="bbox 2122 5562 3613 5635">
    <p class='ocr_par' dir='ltr' id='par_1_112' title="bbox 2122 5562 3613 5635">
     <span class='ocr_line' id='line_1_113' title="bbox 2122 5562 3613 5635; baseline -0.003 -16"><span class='ocrx_word' id='word_1_840' title='bbox 2122 5566 2232 5635; x_wconf 80' lang='lat'><strong>(83)</strong></span> <span class='ocrx_word' id='word_1_841' title='bbox 2278 5567 2459 5618; x_wconf 83' lang='grc' dir='ltr'>Ἔνιοι</span> <span class='ocrx_word' id='word_1_842' title='bbox 2505 5564 2619 5617; x_wconf 76' lang='grc' dir='ltr'>τῶν</span> <span class='ocrx_word' id='word_1_843' title='bbox 2645 5568 2770 5633; x_wconf 64' lang='grc' dir='ltr'>φιλ.</span> <span class='ocrx_word' id='word_1_844' title='bbox 2802 5564 3078 5622; x_wconf 84' lang='lat' dir='ltr'><strong>Plutarch.</strong></span> <span class='ocrx_word' id='word_1_845' title='bbox 3120 5564 3193 5635; x_wconf 74' lang='lat' dir='ltr'><strong>De</strong></span> <span class='ocrx_word' id='word_1_846' title='bbox 3222 5564 3405 5634; x_wconf 64' lang='lat' dir='ltr'><strong>pluvit.</strong></span> <span class='ocrx_word' id='word_1_847' title='bbox 3484 5562 3613 5635; x_wconf 63' lang='grc' dir='ltr'>ίιίίοτ</span> 
     </span>
    </p>
   </div>
   <div class='ocr_carea' id='block_1_113' title="bbox 2050 5632 3615 5721">
    <p class='ocr_par' dir='ltr' id='par_1_113' title="bbox 2050 5632 3615 5721">
     <span class='ocr_line' id='line_1_114' title="bbox 2050 5632 3615 5721; baseline -0.001 -34"><span class='ocrx_word' id='word_1_848' title='bbox 2050 5632 2285 5721; x_wconf 40' lang='lat' dir='ltr'><strong>sap/tor...</strong></span> <span class='ocrx_word' id='word_1_849' title='bbox 2330 5651 2447 5703; x_wconf 84' lang='lat' dir='ltr'><strong>cap.</strong></span> <span class='ocrx_word' id='word_1_850' title='bbox 2482 5636 2535 5695; x_wconf 78' lang='lat'><strong>7,</strong></span> <span class='ocrx_word' id='word_1_851' title='bbox 2585 5632 2704 5704; x_wconf 68' lang='lat' dir='ltr'><strong>pag.</strong></span> <span class='ocrx_word' id='word_1_852' title='bbox 2739 5635 2866 5694; x_wconf 78' lang='lat'><strong>880.</strong></span> <span class='ocrx_word' id='word_1_853' title='bbox 2908 5636 2982 5691; x_wconf 77' lang='lat' dir='ltr'><strong>Ex</strong></span> <span class='ocrx_word' id='word_1_854' title='bbox 3013 5651 3120 5704; x_wconf 89' lang='lat' dir='ltr'><strong>quo</strong></span> <span class='ocrx_word' id='word_1_855' title='bbox 3152 5632 3448 5697; x_wconf 79' lang='lat' dir='ltr'><strong>Eusebius,</strong></span> <span class='ocrx_word' id='word_1_856' title='bbox 3500 5632 3615 5687; x_wconf 77' lang='grc' dir='ltr'>κατ’</span> 
     </span>
    </p>
   </div>
   <div class='ocr_carea' id='block_1_114' title="bbox 2050 5723 2331 5774">
    <p class='ocr_par' dir='ltr' id='par_1_114' title="bbox 2050 5723 2331 5774">
     <span class='ocr_line' id='line_1_115' title="bbox 2050 5723 2331 5774; baseline -0.011 -17"><span class='ocrx_word' id='word_1_857' title='bbox 2050 5723 2331 5774; x_wconf 80' lang='grc' dir='ltr'>επιτομην.</span> 
     </span>
    </p>
   </div>
  </div>
