4090 6382
508 337 529 392 1
540 336 643 391 ’239

1139 336 1403 391 EUSEBII
1443 336 1918 394 CESARIENSIS
1957 338 2108 392 οΡΡ.
2151 337 2328 393 PARS
2367 338 2429 395 ll.
2472 371 2540 381 —
2577 337 3075 397 APOLOGETICA.

3613 340 3743 392 1⁵3ιο

504 452 783 523 Tegeates,
838 454 931 523 qui
989 444 1139 508 deos
1173 454 1417 506 funditus
1475 470 1665 509 omnes
1712 458 2060 510 sustulerunt.

2172 457 2200 507 6
2235 455 2529 526 Τεγεάτης,
2583 457 2807 510 καθόλου
2855 456 2986 524 φασὶ
3031 457 3103 526 μὴ
3155 449 3296 507 εἶναι
3344 453 3516 517 θεούς.
3553 454 3653 506 Τὸν
3683 455 3741 506 δὲ

505 544 827 599 Evemerun:
893 558 1024 599 sane
1072 543 1441 599 Callimachus
1501 545 1792 616 Cyrenaeus
1845 548 1899 601 in
1954 548 2069 602 suis

507 635 707 693 lambis
736 635 1072 691 subobscure
1117 634 1405 705 signiﬁcat.
1464 634 1727 706 Tragicus
1756 647 1937 692 autem
1970 637 2072 691 Eu-

505 728 729 797 ripides,
787 738 843 783 ut
896 743 1115 783 sensum
1173 728 1330 797 plane
1382 743 1539 783 suum
1603 730 1867 800 Areopagi
1924 741 2067 784 metu

504 822 717 889 aperire
747 836 853 874 non
904 820 1147 883 auderet,
1204 820 1309 875 hoc
1360 823 1523 874 modo
1573 829 1755 876 tamen
1790 821 2066 876 indicavit.

505 912 718 982 Quippe
749 912 1038 983 Sisyphum
1075 911 1398 974 introducit,
1451 912 1724 981 epiniouis
1752 913 1914 981 hujus
1946 913 2061 966 vin-

503 1003 701 1065 dicem,
732 1003 820 1057 cui
848 1002 1178 1072 suﬁi'agatur
1206 1003 1322 1069 ipse
1347 1018 1602 1072 quoque;
1639 1010 1751 1057 tum
1780 1002 2069 1072 Anaxago-

502 1111 617 1153 ram
648 1106 835 1149 contra
869 1094 1070 1158 laudat,
1090 1109 1250 1162 quem
1286 1093 1530 1147 omnium
1557 1092 1795 1162 primum
1833 1101 1980 1147 recte
1999 1091 2068 1146 de

509 1188 617 1241 Deo
640 1186 879 1242 sensisse
907 1195 1156 1249 testatur,
1187 1185 1270 1240 his
1293 1185 1509 1256 verbis]:
1542 1204 1560 1237 ι
1583 1187 1953 1255 Anaxagoras,
1982 1183 2067 1237 in~

504 1279 641 1346 quit,
676 1277 942 1347 principio
982 1289 1213 1342 corpora
1262 1275 1479 1331 stetisse
1516 1275 1694 1338 docet,
1739 1289 1859 1343 qua:
1887 1272 2067 1327 divina

505 1383 660 1425 meus
714 1376 899 1437 postea
941 1367 1250 1436 digesserit,
1295 1382 1589 1437 rerumque
1634 1367 1878 1421 omnium
1910 1373 2068 1420 ortus

502 1460 761 1522 eﬁ'ecerit.
821 1460 891 1518 At
944 1458 1100 1513 Plato
1151 1459 1325 1529 prima
1382 1459 1470 1513 illa
1518 1473 1749 1528 corpora
1799 1473 1905 1511 non
1951 1457 2066 1525 jam

503 1553 721 1609 stetisse
775 1554 905 1619 vult,
969 1552 1062 1608 sed
1119 1552 1346 1609 confuse
1387 1552 1569 1621 potius
1620 1567 1685 1605 ac
1749 1550 2061 1631 perturbate

503 1646 701 1715 agitata
761 1643 959 1709 fuisse;
1014 1644 1295 1713 Deumque
1357 1653 1667 1713 propterea,
1729 1644 1820 1713 qui
1864 1642 2067 1711 optime

2174 548 2454 619 Εὐήμερον
2486 548 2579 601 καὶ
2613 547 2957 618 Καλλίμαχος
2986 549 3014 599 6
3040 548 3343 616 Κυρηναῖος
3372 546 3661 598 αἰνίττεται
3684 546 3743 598 ἐν

2170 644 2281 705 τοῖς
2316 641 2576 708 Ἰάμϐοις.
2612 641 2723 694 Καὶ
2754 639 3049 710 Εὐριπίδης
3081 640 3109 692 6
3138 636 3577 709 τραγῳδιοποιὸς,
3602 639 3740 690 ἀπο-

2172 735 2509 805 καλύψασθαι
2549 736 2645 805 μὲν
2672 734 2769 787 οὐκ
2796 733 3057 804 ⁴ἠθέλησε,
3095 730 3344 793 δεδοικὼς
3386 729 3477 783 τὸν
3522 731 3741 799 Ἀρειον

2172 830 2362 897 πάγον,
2388 828 2612 896 ἐνέφηνε
2640 826 2696 880 δέ
2716 825 2903 878 τοῦτον
2930 824 3021 877 τὸν
3056 822 3273 893 τρόπον.
3310 823 3413 874 Τὸν
3444 822 3553 890 γὰρ
3578 822 3738 873 Σίσυ-

2172 940 2270 992 φον
2306 922 2563 991 εἰσήγαγε
2596 917 2902 990 προστάτην
2928 915 3130 987 ταύτης
3153 914 3253 984 τῆς
3294 914 3469 985 δόξης.
3503 915 3592 966 καὶ
3617 930 3739 965 συνς

2170 1015 2440 1085 ηγόρησεν
2458 1009 2621 1065 αὑτοῦ
2638 1012 2701 1080 τῇ
2720 1008 2932 1082 γνώμῃ.
2948 1028 2966 1059 ι
2987 1008 3107 1060 Ἐπὶ
3128 1006 3333 1069 τούτοις
3355 1006 3463 1071 (84)
3481 1005 3739 1059 πάλιντὸν

2182 1100 2546 1173 Ἀναξαγόραν
2576 1100 2806 1167 εἰσάγει,
2839 1099 3053 1170 πρῶτον
3088 1098 3311 1166 φάσκων
3356 1097 3519 1149 αὐτὸν
3563 1096 3739 1165 ὀρθῶς

2168 1194 2432 1265 φρονῆσαι
2467 1192 2591 1263 περὶ
2623 1190 2777 1244 Θεοῦ.
2814 1190 2973 1257 Λέγει
2994 1189 3047 1247 δὲ
3080 1188 3268 1252 οὕτως·
3310 1206 3327 1239 ι
3351 1188 3408 1241 '0
3432 1188 3487 1240 δέ
3522 1187 3741 1252 Ἀναξα-

2167 1288 2355 1356 γόρας,
2391 1286 2573 1357 φησὶν,
2609 1285 2684 1345 ὼς
2718 1283 2960 1352 εἱστήκει
2996 1282 3114 1336 κατ’
3163 1280 3334 1352 ἀρχὰς
3369 1280 3438 1335 τὰ
3487 1279 3736 1349 σώματα,

2167 1376 2291 1440 νοῦς
2319 1376 2375 1429 δὲ
2405 1375 2542 1428 αὐτά
2584 1374 2908 1444 διεκόσμησε
2934 1371 3091 1432 Θεοῦ,
3119 1372 3210 1424 καὶ
3231 1370 3327 1433 τὰς
3349 1370 3589 1438 γενέσεις
3627 1369 3740 1422 τῶν

2164 1469 2299 1523 ὅλων
2329 1468 2599 1539 ἐποίησεν.
2644 1467 2699 1519 '0
2724 1466 2778 1518 δέ
2810 1465 3031 1518 Πλάτων
3068 1466 3163 1534 οὐχ
3208 1462 3472 1533 ἑστηκότα
3511 1462 3740 1516 ὑπέθετο

2165 1560 2233 1613 τὰ
2262 1560 2451 1630 πρῶτα
2482 1556 2729 1628 σώματα,
2758 1557 3004 1618 ἀτάκτως
3028 1555 3085 1608 δὲ
3105 1554 3395 1625 κινούμενα
3414 1572 3427 1584 ·
3452 1554 3531 1607 διό
3550 1570 3735 1624 φησιν’

2178 1651 2234 1705 '0
2263 1650 2395 1712 Θεὸς
2442 1649 2758 1719 ἐπιστήσας,
2801 1645 2876 1709 ὼς
2908 1646 3057 1710 τάξις
3086 1645 3308 1711 ἀταξίας
3338 1646 3455 1697 ἐστὶ
3490 1644 3736 1714 βελτίων,

502 1746 688 1797 nosset
747 1753 907 1806 quam
952 1737 1019 1792 sit
1050 1737 1183 1791 ordo
1209 1735 1530 1791 confusione
1552 1736 1914 1805 praestantior,
1947 1735 2060 1791 suis

2165 1743 2517 1813 διεκόσμησεν
2550 1740 2707 1793 αὐτά.
2731 1759 2749 1788 ι
2794 1736 2887 1801 Οἷς
2920 1737 3190 1804 ἐπιλέγει·
3222 1755 3239 1787 ι
3265 1736 3469 1798 Κοινῶς
3500 1732 3589 1789 οῦν
3625 1735 3738 1804 (85)

502 1842 733 1898 qumque
778 1827 912 1881 locis
942 1842 1138 1897 magno
1181 1843 1304 1885 cum
1346 1834 1538 1883 ornatu
1576 1827 1898 1881 collocasse.
1931 1826 2060 1892 Qui-

2164 1834 2565 1905 ἁμαρτάνουσιν
2599 1831 2918 1902 ἀμφότεροι,
2948 1831 3027 1882 ὅτι
3060 1828 3146 1881 τὸν
3168 1828 3297 1880 Θεὸν
3328 1827 3586 1895 ἐποίησαν
3621 1826 3741 1876 ἐπι-

502 1918 603 1977 bus
636 1919 707 1977 ita
752 1919 953 1985 subdit,
996 1918 1219 1978 Eodem,
1264 1918 1461 1987 inquit,
1502 1918 1664 1971 ambo
1696 1933 1883 1972 errore
1912 1919 2060 1973 labo-

2170 1925 2530 1997 στρεφόμενον
2562 1925 2667 1977 τῶν
2700 1921 3070 1994 ἀνθρωπίνων,
3101 1919 3195 1973 καὶ
3224 1919 3427 1972 τούτων
3459 1918 3617 1989 χάριν
3648 1917 3738 1970 τὸν

500 2018 713 2072 rarunt,
750 2010 893 2079 quod
948 2025 1127 2064 rerum
1184 2010 1544 2064 humanarum
1581 2024 1768 2063 curam
1812 2008 1920 2063 Deo
1955 2010 2057 2062 tri-

499 2100 748 2165 buerent,
801 2116 1099 2168 earumque
1151 2116 1315 2161 causa
1365 2101 1626 2154 mundum
1661 2100 1732 2159 ab
1779 2115 1845 2154 eo
1878 2100 2066 2154 condi~

500 2203 613 2255 tum
638 2206 689 2251 et
714 2204 963 2255 ornatum
999 2210 1120 2250 esse
1149 2204 1471 2252 statuerent.
1507 2193 1641 2253 Nam
1671 2195 1887 2250 beatum
1928 2196 2061 2251 illud

500 2288 700 2350 animal
752 2289 932 2342 omnis
962 2288 1328 2357 corruptionis
1364 2302 1561 2357 expers
1616 2288 1764 2344 omni
1796 2288 2061 2343 bonorum

500 2396 695 2451 genere
733 2380 971 2449 plenum,
1026 2395 1123 2435 nec
1178 2381 1341 2436 ullius
1406 2382 1631 2435 omnino
1678 2382 1804 2435 mali
1862 2397 2058 2451 capax,

506 2472 761 2542 quodque
797 2482 968 2526 totum
1006 2473 1056 2527 in
1092 2489 1188 2527 sua
1217 2474 1380 2528 unius
1433 2473 1692 2530 felicitate
1724 2483 1779 2530 et
1832 2476 2061 2530 immor-

503 2563 652 2622 talite
692 2563 1063 2618 conservanda
1097 2564 1407 2633 tucndaque
1442 2574 1714 2629 versatur,
1750 2581 1930 2619 rerum
1963 2566 2064 2618 hu-

505 2668 790 2713 manarum
822 2653 1186 2711 sollicitudine
1219 2661 1397 2713 vacat.
1426 2654 1645 2724 Alioqui
1674 2658 1843 2711 miser
1876 2656 2065 2724 utique

504 2743 651 2807 Deus
697 2753 861 2811 esset,
910 2745 1003 2814 qui
1046 2760 1225 2815 Operae
1276 2746 1560 2815 cujusdam
1598 2747 1845 2817 fabrique
1892 2763 2061 2813 more,

500 2837 899 2906 comportandis
945 2838 1224 2904 oneribus,
1278 2839 1506 2907 orbique
1546 2840 1820 2894 moliendo
1873 2839 2063 2894 admo-

500 2929 626 2984 dum
681 2929 979 2983 insudaret.
1028 2928 1190 3002 754
1238 2928 1527 2992 Przeterea,
1568 2929 1708 2986 Deus
1763 2931 1853 2984 ille
1901 2946 2060 3000 quem

498 3030 717 3085 vocant,
748 3022 830 3078 vel
856 3031 968 3079 toto
993 3020 1083 3082 illo
1111 3022 1281 3091 priori
1314 3037 1449 3092 aevo,
1475 3038 1597 3085 cum
1632 3022 1856 3076 immota
1881 3030 2063 3077 essent

501 3128 751 3182 corpora,
786 3113 1028 3175 nondum
1069 3122 1223 3173 erat:
1271 3114 1353 3169 vel
1378 3131 1502 3170 cum
1528 3116 1716 3175 eadem
1747 3114 2059 3184 perturbate

501 3214 869 3271 moverentur,
931 3214 1026 3261 aut
1080 3207 1384 3261 dormiebat
1442 3207 1575 3277 ipse,
1633 3216 1727 3261 aut
1778 3208 2053 3277 vigilabat,

498 3306 594 3357 aut
624 3298 925 3368 negandum
960 3307 1271 3367 utrumque.
1334 3297 1624 3352 Enimvero
1670 3315 1770 3357 nec
1819 3299 2053 3368 primum

498 3386 628 3448 illud
654 3388 866 3458 probari
897 3396 1092 3459 potest.
1122 3405 1245 3444 cum
1272 3397 1507 3449 aeternus
1539 3389 1681 3445 Deus
1708 3390 1774 3445 sit
1800 3408 1812 3447 :
1850 3405 1948 3443 nec
1977 3405 2058 3445 se-

498 3480 757 3539 cundum.
798 3478 855 3532 Si
911 3480 1054 3540 enim
1103 3488 1307 3538 aeterno
1346 3478 1489 3534 Deus
1529 3495 1722 3535 somno
1756 3490 2052 3541 teneretur,

503 3580 756 3627 mortuus
787 3584 933 3626 esset
964 3586 1189 3626 necesse
1223 3579 1338 3631 est;
1387 3586 1615 3628 somnus
1645 3571 1787 3633 enim
1819 3579 2057 3626 aeternus

500 3676 646 3715 mors
671 3670 767 3720 est.
798 3661 864 3723 At
884 3676 1106 3715 somnus
1132 3662 1182 3715 in
1219 3662 1382 3717 Deum
1409 3662 1556 3720 nullo
1574 3664 1731 3717 modo
1745 3663 1913 3717 Cadit:
1941 3665 2056 3734 ipsa

495 3751 639 3809 enim
675 3751 764 3803 Dei
793 3752 1172 3811 immortalitas
1196 3754 1263 3806 ab
1290 3769 1355 3807 eo
1384 3755 1527 3824 quod
1557 3754 1713 3810 morti
1746 3756 2052 3824 proximum

498 3853 579 3903 est
607 3843 924 3912 longissime
955 3846 1137 3905 distat.
1199 3844 1303 3912 Qui
1331 3848 1376 3901 si
1415 3848 1595 3916 potius
1635 3846 1911 3916 vigilabat,
1960 3854 2055 3903 aut

497 3950 554 3990 re
586 3935 651 3997 ad
700 3950 854 3987 suam
894 3933 1203 3992 felicitatem
1237 3937 1417 4007 aliqua
1454 3938 1751 4009 indigebat,
1782 3949 1875 3995 aut
1903 3952 2053 3993 eam-

496 4024 617 4091 dem
653 4027 879 4089 habebat
913 4028 1154 4081 numeris
1187 4030 1440 4091 omnibus
1469 4030 1797 4084 absolutam.
1826 4027 1882 4083 Si
1906 4030 2056 4100 prius

497 4114 627 4177 illud
673 4117 1017 4179 concedetur,
1060 4117 1249 4172 beatus
1290 4135 1418 4189 ergo
1449 4119 1590 4182 Deus
1629 4135 1736 4173 non
1772 4129 1927 4186 erat;
1966 4120 2055 4175 cui

2168 2018 2368 2087 κόσμον
2391 2015 2878 2078 κατασκευάζοντα.
2904 2014 2977 2065 Τὸ
3002 2012 3109 2083 γὰρ
3132 2010 3395 2081 μακάριον
3414 2011 3505 2063 καὶ
3533 2008 3741 2079 ἀφθαρ-

2164 2126 2255 2161 τον
2289 2108 2445 2172 ζῶον,
2476 2105 3013 2178 συμπεπληρωμένον
3043 2121 3099 2156 τε
3130 2104 3261 2155 πᾶσι
3289 2101 3398 2173 (86)
3444 2104 3556 2163 τοῖς
3599 2100 3737 2168 ἀγα-

2167 2200 2298 2264 θοῖς,
2329 2201 2421 2253 καὶ
2454 2199 2624 2253 κακοῦ
2676 2196 2871 2258 παντὸς
2902 2197 3141 2258 ἄδεκτον,
3200 2195 3317 2248 ὅλον
3372 2194 3429 2246 ὸν
3475 2193 3604 2263 περὶ
3636 2192 3733 2262 τὴν

2167 2292 2395 2362 συνοχὴν
2445 2291 2540 2360 τῆς
2579 2289 2712 2352 ίδίας
2758 2286 3098 2357 εὐδαιμονίας
3150 2301 3207 2336 τε
3262 2284 3355 2337 καὶ
3404 2283 3732 2352 ἀφθαρσίας,

2165 2381 2554 2453 ἀνεπιστρεφές
2574 2382 2688 2438 ἐστι
2716 2378 2823 2431 τῶν
2855 2376 3203 2447 ἀνθρωπίνων
3226 2374 3585 2446 πραγμάτων.
3618 2374 3733 2424 Κατ

2165 2474 2437 2542 κοδαίμων
2483 2471 2526 2523 δ’
2562 2469 2627 2522 ἂν
2680 2468 2764 2539 εἴη
2791 2467 3069 2537 ,ἐργάτου
3122 2465 3277 2536 δίκην
3331 2463 3423 2516 καὶ
3484 2462 3733 2524 τέκτονος

2164 2562 2500 2638 ἀχθοφορῶν,
2531 2562 2623 2613 καὶ
2655 2558 2928 2630 μεριμνῶν
2963 2560 3039 2620 είς
3061 2558 3156 2628 τὴν
3187 2556 3279 2609 τοῦ
3314 2556 3520 2625 κόσμου
3563 2571 3733 2606 κατα-

2165 2658 2381 2727 σκευήν.
2412 2656 2518 2707 Καὶ
2546 2653 2738 2713 πάλιν·
2785 2651 2842 2704 '0
2873 2650 3003 2714 Θεὸς
3048 2650 3106 2703 δν
3157 2649 3427 2717 λέγουσιν,
3470 2648 3588 2718 ἦτοι
3645 2646 3734 2698 τὸν

2163 2746 2468 2819 ἔμπροσθεν
2496 2744 2666 2803 αἰῶνα
2694 2743 2791 2801 οὐκ
2819 2739 2907 2815 ἦν,
2928 2745 3014 2797 ὅτε
3045 2738 3112 2813 ἦν
3134 2741 3361 2811 ἀκίνητα
3387 2739 3457 2792 τὰ
3484 2737 3733 2807 σώματα,

2162 2839 2193 2909 ἢ
2221 2839 2307 2890 ὅτε
2330 2836 2579 2898 ἀτάκτως
2606 2837 2834 2887 ἐκινεῖτο
2854 2873 2867 2897 ,
2912 2833 2943 2903 ἢ
2977 2834 3255 2905 ἐκοιμᾶτο,
3284 2832 3319 2902 ἢ
3348 2829 3660 2900 ἐγρηγόρει,
3698 2825 3733 2899 ἢ

2160 2931 2436 3001 οὐδέτερον
2459 2927 2684 2981 τούτων.
2717 2925 2853 2979 Οὕτε
2885 2925 2945 2978 τὸ
2976 2925 3189 2996 πρῶτόν
3220 2926 3335 2977 ἐστι
3384 2922 3637 2987 δέξασθαι
3657 2938 3669 2950 ’
3703 2921 3733 2973 6

2160 3023 2269 3097 γὰρ
2295 3021 2425 3083 Θεὸς
2472 3018 2684 3081 αἰώνιος
2705 3034 2717 3045 ’
2754 3017 2876 3071 οὕτε
2906 3019 2966 3071 τὸ
3019 3017 3271 3087 δεύτερον
3296 3032 3309 3045 ο
3366 3016 3412 3069 εἱ
3451 3014 3558 3085 γάρ
3590 3016 3731 3066 ἐκοι-

2164 3118 2299 3187 μᾶτο
2332 3115 2388 3187 ἐξ
2412 3114 2603 3178 αἰῶνος
2634 3113 2828 3176 όΘεὸς,
2854 3112 3131 3181 ἐτεθνήκει
3154 3127 3166 3140 ·
3194 3108 3408 3172 αἰώνιος
3434 3108 3541 3179 γὰρ
3568 3108 3733 3169 ὕπνος

2084 3188 2124 3244 C
2157 3207 2381 3270 θάνατός
2429 3209 2593 3259 ἐστιν.
2640 3206 2799 3259 Ἀλλά
2828 3222 2891 3273 γε
2941 3204 3161 3265 ἄδεκτος
3192 3201 3363 3254 ὕπνου
3394 3204 3422 3255 6
3465 3200 3629 3263 Θεός·
3672 3200 3733 3250 τὸ

2159 3301 2267 3370 γὰρ
2292 3299 2552 3352 ἀθάνατον
2580 3297 2673 3352 τοῦ
2702 3296 2857 3360 Θεοῦ,
2891 3296 2984 3352 καὶ
3011 3296 3069 3350 τὸ
3090 3297 3256 3364 ἐγγὺς
3291 3294 3519 3347 θανάτου
3541 3332 3554 3355 ,
3592 3290 3727 3345 πολὺ

2159 3390 2485 3462 κεχώρισται
2516 3390 2645 3459 (87),
2695 3390 2757 3445 Εἰ
2788 3389 2845 3442 δέ
2869 3385 2936 3459 ἦν
2968 3388 2997 3439 6
3047 3386 3178 3450 Θεὸς
3222 3382 3558 3456 ἐγρηγορὼς,
3612 3383 3730 3452 ήτοι

2159 3482 2399 3543 ἐνέλιπεν
2431 3482 2509 3543 εἰς
2543 3480 2901 3550 εὐδαιμονίαν,
2932 3479 2964 3551 ἢ
3001 3479 3324 3549 πεπλήρωτο
3371 3478 3427 3529 ἐν
3472 3474 3731 3546 μακαριό-

2157 3591 2278 3644 τητι
2314 3572 2441 3643 (88).
2472 3573 2581 3626 Καὶ
2613 3571 2734 3625 οὕτε
2763 3572 2900 3631 κατᾶ
2929 3572 2988 3624 τὸ
3011 3571 3222 3643 πρῶτόν
3256 3573 3369 3623 ἐστι
3404 3569 3671 3639 μακάριος
3702 3568 3730 3618 6

2163 3667 2293 3729 Θεός
2316 3683 2328 3693 ⁸
2360 3666 2418 3718 τὸ
2449 3665 2559 3733 γὰρ
2588 3665 2829 3718 ἐλλεῖπον
2855 3667 2933 3728 είς
2955 3663 3297 3733 εὐδαιμονίαν
3321 3664 3381 3715 οὕ
3423 3662 3690 3732 μακάριον
3713 3678 3727 3690 ο

2160 3755 2282 3809 οὕτε
2317 3756 2453 3817 κατά
2480 3756 2539 3809 τὸ
2563 3756 2811 3827 δεύτερον
2832 3773 2844 3785 ·
2875 3756 3038 3828 μηδὲν
3070 3757 3177 3827 γάρ
3209 3755 3468 3807 ἐλλείπων
3504 3752 3612 3821 (89)
3639 3767 3732 3804 κε-

2160 3852 2277 3912 ναῖς
2334 3848 2551 3919 έμελλεν
2602 3849 2901 3921 ἐπιχειρεῖν
2944 3848 3192 3919 πράξεσι.
3252 3848 3375 3910 Πῶς
3401 3847 3477 3910 δὲ,
3512 3846 3671 3917 εἰπερ
3700 3844 3731 3896 6

2161 3939 2290 4003 Θεὸς
2316 3939 2545 3993 ἐστικαὶ
2574 3943 2640 4011 τῇ
2674 3939 2859 3992 τούτου
2901 3940 3135 4013 φροντίδι
3168 3940 3235 3992 τὰ
3280 3937 3419 3991 κατά
3451 3936 3730 4007 ἄνθρωπον

2163 4034 2539 4101 οἰκονομεῖται,
2572 4032 2632 4083 τὸ
2667 4032 2763 4102 μὲν
2796 4031 3045 4102 κίϐδηλον
3074 4032 3306 4104 εὐτυχεῖ,
3336 4028 3396 4082 τὸ
3422 4029 3477 4081 δὲ
3517 4029 3730 4081 ἀστεῖον

2162 4120 2401 4183 ἐναντίον
2434 4120 2667 4191 πάσχει;
2712 4120 3068 4190 Ἀγαμέμνων
3101 4137 3157 4177 τε
3184 4119 3311 4193 γὰρ,

496 4207 640 4263 enim
669 4208 734 4262 ad
784 4208 1093 4269 felicitatem
1143 4210 1346 4278 aliquid
1400 4211 1560 4276 desit,
1622 4212 1837 4266 beatum
1899 4211 2140 4282 profecto
2181 4229 2287 4271 non
2343 4222 2459 4266 est:
2523 4212 2794 4285 posterius
2835 4226 2960 4270 vexa
3012 4227 3171 4263 nemo
3216 4210 3390 4272 dicat;
3450 4222 3723 4276 nunquam

494 4302 733 4367 enini,si
767 4303 912 4368 nulla
943 4306 1311 4375 rejndigeret,
1347 4322 1609 4360 novarum
1662 4307 1717 4361 in
1760 4322 1942 4362 rerum
2010 4308 2345 4362 molitionem
2400 4306 2754 4367 incumberet.
2803 4301 2917 4359 lam
2965 4320 3092 4359 vero
3134 4304 3179 4357 si
3228 4301 3369 4357 Deus
3416 4310 3523 4363 est,
3576 4300 3721 4367 ejus-

496 4415 600 4469 que
652 4402 987 4472 providentia
1040 4417 1128 4457 res
1203 4402 1454 4456 humame
1519 4403 1908 4473 gubernantur,
1965 4403 2238 4473 quomodo
2290 4400 2503 4459 tandem
2542 4399 2645 4452 vile
2693 4398 3085 4468 indignumque
3113 4404 3274 4465 caput
3302 4396 3564 4458 secunda,
3591 4408 3723 4463 pra:-

500 4492 706 4553 clarum
738 4501 793 4547 et
822 4492 1033 4562 insigne
1067 4493 1295 4555 adversa
1331 4493 1547 4548 fortuna
1576 4495 1789 4553 utitur?
1815 4494 1949 4550 Nam
1990 4506 2043 4557 et
2073 4497 2443 4563 Agamemnon
2480 4492 2587 4558 ille,

494 4607 605 4669 Res
634 4607 771 4671 idem
803 4605 1084 4670 excellens,
1110 4606 1347 4679 idemque
1373 4610 1661 4663 acerrimus
1694 4611 1883 4673 armis,

497 4791 723 4852 adulteri
761 4804 815 4845 et
868 4791 1126 4846 adulteras
1169 4791 1451 4848 fmudibus
1485 4792 1738 4849 occubuit
1765 4811 1777 4846 :
1807 4803 1859 4847 et
1884 4792 2054 4861 ipsius

494 4881 709 4950 gentilis
745 4879 1020 4944 Hercules,
1056 4892 1344 4951 pOStquam
1375 4898 1438 4943 ea
1473 4899 1595 4955 quae
1645 4884 1811 4937 vitam
1870 4884 2050 4936 homi-

493 4986 623 5027 num
672 4970 924 5032 infestam
956 4971 1251 5035 babebant,
1292 4984 1498 5043 partem
1534 4975 1826 5029 maximam
1862 4983 2051 5029 sustu-

564 5126 845 5201 (ευ-ωτι
876 5129 1126 5196 τούτοις.
1174 5127 1298 5186 llaec
1335 5147 1505 5201 usque
1540 5132 1606 5190 ad
1633 5132 1781 5201 λέγει
1806 5132 1861 5185 δὲ
1888 5132 2057 5197 οὕτως

492 5197 710 5261 Eusebii
737 5200 895 5251 verba
923 5210 1069 5252 sunt.

562 5268 673 5342 (85)
714 5267 937 5342 Κοινῶς
981 5265 1258 5342 οὗιχῐηιο
1294 5282 1349 5324 tu
1385 5273 1555 5334 solus,
1589 5270 1897 5335 Plutarcho,
1927 5288 2058 5342 gna-

487 5340 626 5393 viter
658 5340 855 5407 impius
889 5338 967 5401 es,
991 5340 1084 5406 qui
1116 5338 1223 5393 Deo
1260 5358 1437 5396 rerum
1472 5344 1832 5398 humanarum
1868 5338 2052 5396 cu'ram

488 5408 690 5481 eripias
714 5448 728 5469 ,
760 5420 812 5481 et
850 5408 1045 5468 divina:
1073 5411 1269 5466 mentis
1308 5428 1369 5467 ac
1417 5413 1690 5473 felicitatis
1722 5412 2053 5481 magnitudi-

490 5494 612 5553 nem
655 5479 918 5553 inlinitam
942 5520 956 5546 ,
989 5482 1235 5549 angustis
1261 5492 1314 5541 et
1346 5483 1549 5553 iniquis
1582 5484 1780 5553 ingenii
1819 5479 1897 5539 iui
1935 5484 2054 5537 tini-

486 5548 590 5600 bus
621 5548 862 5602 metiare.

562 5616 671 5699 (8(5)
706 5621 1301 5699 ξυμπεπληρωμέγον
1326 5640 1389 5676 τε
1417 5620 1586 5699 πᾶσι.
1612 5621 1769 5685 Nota,
1802 5638 1898 5696 pro
1925 5623 2057 5676 πάν-

486 5688 858 5762 ςωνέγαθῶν,
888 5707 1006 5759 qua}
1024 5688 1093 5745 wet
1115 5688 1247 5746 alibi
1277 5694 1533 5762 reperias.

2093 4597 2133 4650 Ι)
2176 4607 2558 4677 Ἀμφότερον,
2602 4606 2902 4670 ,ϐασιλεὺς
2943 4606 2991 4657 τ’
3048 4602 3265 4675 ἀγαθὸς
3294 4641 3336 4677 ,_
3366 4604 3645 4677 κρατερός
3676 4600 3725 4655 τ’

3316 4671 3653 4743 [αεκμητὴα

2163 4788 2267 4841 ὑπὸ
2303 4788 2486 4859 μοιχοῦ
2548 4788 2633 4845 καὶ
2679 4784 2979 4856 μοιχαλίδος
3033 4784 3282 4855 ἡττηθεὶς
3333 4783 3721 4853 ἐδολοφονήθηο

2160 4883 2251 4935 καὶ
2272 4884 2300 4935 6
2323 4882 2510 4935 τούτου
2541 4880 2597 4939 δὲ
2625 4878 2887 4948 συγγενὴς
2930 4877 3220 4948 Ἡρακλῆς,
3257 4874 3422 4929 πολλά
3446 4876 3553 4928 τῶν
3607 4878 3725 4928 ἐπι-

2157 4973 2563 5043 λυμαινομένων
2615 4971 2704 5023 τὸν
2752 4969 3086 5040 ἀνθρώπινον
3137 4968 3249 5037 βίον
3308 4967 3572 5038 καθάρας,
3622 4967 3725 5020 ὑπὸ

2158 5131 2390 5185 θανάτου
2421 5129 2764 5198 sequebatur,
2791 5144 2911 5181 cum
2937 5125 3226 5182 Plutarcho
3249 5137 3589 5198 sustuumus.
3616 5125 3723 5179 Me-

2157 5218 2279 5256 rum
2312 5197 2579 5267 glossema
2617 5199 2749 5261 fuit,
2800 5214 2909 5267 quo
2953 5200 3136 5253 nescio
3165 5198 3287 5267 quis
3317 5197 3590 5264 explicare
3622 5213 3719 5249 vo-

2159 5272 2259 5326 luit
2296 5266 2354 5324 τὸ
2397 5272 2562 5338 ἐγγὺς
2590 5266 2841 5334 θανάτου.
2887 5266 3069 5336 Itaque
3111 5266 3363 5337 ascripsit
3392 5268 3556 5329 ὕπνος
3592 5272 3719 5338 (ηοη

2159 5342 2351 5404 ὕπνου)
2380 5342 2470 5409 qui
2502 5356 2625 5393 vere
2661 5340 2817 5392 morti
2849 5339 3177 5392 simillimus.

2231 5412 2341 5479 (88)
2379 5407 2735 5476 Πεπλήρωτο
2762 5409 2830 5467 ἐν
2842 5411 3243 5479 μακαριότητι.
3293 5407 3532 5479 Rectius,
3554 5421 3717 5474 quam

2158 5478 2390 5549 ut’ap’ud
2428 5480 2792 5545 Plutarchum,
2834 5478 3181 5548 πεπληρώκει
3219 5478 3611 5549 μακαριότητα.

2233 5545 2346 5620 (89)
2396 5548 2599 5615 Μηδὲν
2647 5550 2754 5617 γὰρ
2802 5545 3114 5603 ἐλλείπων.
3182 5545 3294 5601 [tuo
3344 5545 3521 5611 certe,
3573 5545 3715 5620 quod

2164 5617 2367 5690 optime
2396 5620 2549 5673 Plato
2580 5619 2731 5690 vidit,
2771 5620 2820 5671 id
2848 5634 3068 5690 omnino
3099 5634 3326 5672 summa:
3350 5619 3466 5690 ejus
3500 5626 3562 5690 et
3597 5617 3716 5670 inﬁ-

2163 5687 2289 5747 uita:
2314 5690 2536 5745 bonitati
2563 5689 2877 5747 debebatur.
2908 5687 3171 5742 Caeterum
3206 5690 3267 5741 in
3288 5688 3452 5756 priori
3481 5688 3717 5744 editione

557 5756 668 5827 (87)
695 5756 1138 5831 Gai-drodant:
1166 5779 1290 5833 κεχ.
1327 5756 1519 5821 Vocem
1570 5762 1756 5829 ὕπνου,
1787 5779 1903 5838 qua:
1939 5770 2058 5839 post

2163 5776 2441 5834 perperam
2480 5759 2774 5829 legebatur,
2806 5757 2968 5828 μηδὲν
2998 5757 3104 5831 γὰρ
3140 5758 3399 5814 ἐλλεῖπον.
