4090 6382
266 368 399 421 1241

1394 366 1712 423 ΡΒΕΡᾹΒ.
1756 367 2005 425 EVANG.
2049 370 2173 423 LIB.
2214 368 2352 423 XIV.

3364 365 3501 420 1242

263 475 586 557 Δηϊανείρας
620 476 1023 545 φαρμακευθεὶς
1066 474 1441 548 ἐδολοφονήθη.
1486 477 1663 549 Θαλῆς
1714 478 1805 531 νοῦ

1939 479 2112 541 Ιὶεεειι,
2162 477 2430 547 Dejanira:
2465 477 2723 531 veneﬁcio
2769 491 2832 531 ac
2871 475 3063 531 fraude
3096 476 3345 532 sublatus
3388 488 3492 533 est.

264 566 358 620 τοῦ
392 567 596 636 κόσμου
622 566 751 617 Θεόν
769 582 781 594 δ
824 566 1235 638 Ἀναξίμανδρος
1257 569 1382 631 τοὺς
1412 569 1649 640 ἀστέρας
1678 572 1833 641 οὐρα-

264 658 410 719 νίους
461 655 649 719 θεούς·
703 658 1038 730 Δημόκριτος
1068 660 1201 712 Θεὸν
1253 662 1308 712 ὲν
1344 662 1475 731 πυρὶ
1528 662 1832 733 σφαιροειδῆ

261 746 359 818 τὴν
391 747 484 799 τοῦ
514 746 716 816 κόσμου
744 746 919 817 ψυχήν
940 764 952 777 ·
1001 748 1320 821 Πυθαγόρας
1374 750 1478 803 τῶν
1530 750 1709 821 ἀρχῶν
1735 752 1833 820 τὴν

266 837 364 910 μὲν
398 836 595 907 μονάδα
628 836 759 891 Θεόν
782 854 793 868 ο
821 839 913 890 καὶ
946 838 1003 890 τὸ
1032 837 1252 911 ἀγαθὸν,
1304 840 1424 908 ἥτις
1474 840 1619 894 ἐστὶν
1652 840 1684 912 ἡ
1736 838 1831 892 τοῦ

262 928 379 993 ἑνὸς
408 928 587 998 φύσις,
617 930 776 993 αὐτὸς
807 931 835 982 6
867 928 1015 993 νοῦς·
1044 930 1139 1000 τὴν
1162 930 1485 1001 δ’νάόριστον
1518 932 1703 993 δυάδα,
1740 932 1832 985 καὶ

258 1019 507 1088 δαίμονα,
545 1021 637 1074 καὶ
666 1022 725 1073 τὸ
754 1019 942 1082 κακὸν,
975 1022 1101 1091 περὶ
1125 1022 1189 1090 ἦν
1220 1022 1333 1073 ἐστι
1378 1020 1437 1073 τὸ
1471 1020 1649 1074 ὑλικὸν
1695 1020 1832 1092 πλῆ-

260 1108 371 1173 θος,
408 1110 522 1163 ἐστὶ
549 1112 640 1164 καὶ
675 1111 864 1181 ὁρατὸς
891 1114 918 1166 6
945 1110 1168 1179 κόσμος.
1185 1132 1202 1161 ι
1224 1111 1376 1164 Μετά
1401 1113 1457 1165 δὲ
1487 1112 1826 1183 τούτους(90)

256 1202 303 1255 οἱ
321 1200 429 1253 νέοι
445 1200 521 1270 τῷ
541 1202 713 1272 χρόνῳ
739 1202 849 1266 πῶς
880 1202 1146 1269 ἐδόξαζον,
1172 1203 1355 1257 ἄκουε.
1387 1203 1708 1275 «Σωκράτης
1737 1206 1827 1259 καὶ

256 1290 481 1345 Πλάτων
508 1291 563 1344 ἓν
593 1293 651 1345 τὸ
692 1294 952 1361 μονοφυὲς
982 1294 1074 1344 καὶ
1106 1293 1391 1364 αὐτοφυὲς,
1416 1294 1475 1346 τὸ
1524 1294 1824 1365 μοναδικὸν,

253 1380 313 1432 τὸ
334 1381 501 1445 ὅντως
521 1382 577 1434 ὃν
606 1382 805 1450 ἀγαθόν
826 1402 839 1414 ·
876 1384 1050 1437 πάντα
1099 1384 1155 1436 δὲ
1188 1383 1357 1437 ταῦτα
1393 1384 1498 1436 τῶν
1549 1385 1825 1455 ὀνομάτων

252 1475 333 1537 είς
358 1475 450 1527 τὸν
474 1474 595 1529 νοῦν
616 1476 853 1530 σπεύδει.
888 1477 1028 1540 Νοῦς
1043 1472 1134 1528 οῦν
1161 1478 1189 1533 6
1218 1474 1346 1538 Θεὸς
1374 1478 1635 1547 χωριστὸν
1665 1474 1822 1541 εἶδος,

252 1563 397 1618 τοῦτ’
432 1566 543 1619 ἔστι
574 1568 634 1620 τὸ
665 1569 858 1638 ἀμιγὲς
889 1570 1066 1639 πάσης
1096 1569 1245 1639 ῦλης,
1264 1571 1357 1621 καὶ
1383 1570 1570 1639 μηδενὶ
1600 1568 1824 1641 παθητῷ

254 1657 759 1728 συμπεπλεγμένον.
831 1660 1205 1731 Ἀριστοτέλης
1258 1661 1346 1712 τὸν
1411 1660 1508 1729 μὲν
1567 1661 1824 1715 ἀνωτάτω

251 1748 382 1800 Θεὸν
431 1744 572 1813 εἶδος
606 1751 865 1821 χωριστὸν
891 1791 905 1810 ,
950 1753 1313 1823 ἐπιϐεϐηκότα
1343 1754 1406 1823 τῇ
1468 1754 1669 1825 σφαίρᾳ
1727 1754 1819 1809 τοῦ

251 1840 469 1904 παντὸς,
500 1841 621 1910 ἥτις
681 1842 827 1894 ἐστὶν
861 1842 1097 1913 αἰθέριον
1147 1844 1301 1913 σῶμα
1329 1846 1389 1897 τὸ
1433 1846 1680 1915 πέμπτον
1727 1846 1818 1898 ὑπ’

250 1930 414 1983 αὑτοῦ
445 1932 792 2001 καλούμενον.
842 1935 1179 2004 Διῃρημένου
1204 1935 1260 1987 δὲ
1281 1938 1469 1989 τούτου
1499 1938 1637 1989 κατά
1662 1937 1819 2006 σφαί-

252 2038 373 2094 ρας.
406 2026 470 2093 τῇ
510 2024 605 2093 μὲν
632 2024 787 2092 φύσει
817 2030 1092 2094 συναφεῖς,
1119 2026 1361 2098 τῷλόγῳ
1393 2028 1448 2081 δὲ
1481 2029 1818 2101 κεχωρισμέ-

248 2129 366 2174 νας,
402 2114 634 2184 ἑκάστην
662 2114 829 2169 οἴεται
854 2116 960 2169 τῶν
998 2118 1241 2187 σφαιρῶν
1266 2118 1401 2183 ζῶον
1434 2114 1590 2186 εἶναι,
1628 2121 1817 2175 σύνθε-

246 2222 337 2257 τον
370 2207 434 2258 ὲκ
488 2206 731 2272 σώματος
782 2209 872 2260 καὶ
902 2209 1098 2279 ψυχῆς,
1129 2203 1202 2262 ὧν
1234 2211 1294 2263 τὸ
1337 2212 1433 2281 μὲν
1469 2212 1626 2283 σῶμά
1670 2214 1818 2267 ἐστιν

244 2295 505 2366 αἰθέριον,
540 2298 853 2368 κινούμενον
890 2301 1318 2373 κυκλοφορικῶς,
1350 2305 1383 2372 ἡ
1414 2303 1557 2375 ψυχὴ
1576 2304 1631 2357 δὲ
1661 2304 1816 2373 λόγος

244 2386 519 2455 ἀκίνητος,
550 2387 721 2451 αἴτιος
761 2390 857 2459 τῆς
904 2392 1171 2458 κινήσεως
1232 2393 1348 2445 κατ’
1402 2394 1696 2465 ἐνέργειαν.
1753 2399 1814 2455 Οί

243 2476 472 2535 Στωϊκοὶ
505 2478 806 2549 κοινότερον
840 2480 968 2533 Θεὸν
990 2482 1380 2550 ἀποφαίνονται
1415 2484 1525 2555 πῦρ
1548 2488 1811 2557 τεχνικὸν,

242 2568 345 2638 (δδῴ
372 2567 583 2638 βαδίζον
608 2571 701 2622 ἐπὶ
732 2571 1175 2642 γένεσινκόσμου
1195 2615 1208 2638 ,
1238 2577 1646 2648 περιειληφότος
1683 2580 1815 2637 πάν-

240 2676 337 2723 τας
369 2660 493 2722 τοὺς
525 2664 931 2731 σπερματικοὺς
954 2662 1164 2731 λόγους,
1196 2666 1316 2719 καθ’
1339 2667 1432 2729 οὓς
1461 2669 1665 2723 ἕκαστα
1691 2672 1812 2724 καθ’

242 2750 579 2819 εἱμαρμένην
608 2752 839 2819 γίνεται.
874 2754 983 2806 Καὶ
1017 2755 1235 2825 πνεῦμα
1263 2757 1363 2827 μὲν
1390 2758 1576 2828 διῆκον
1599 2761 1666 2813 δι’
1688 2762 1810 2813 ὅλου

238 2837 332 2890 τοῦ
359 2839 585 2909 κόσμου,
614 2841 711 2903 τάς
758 2841 813 2894 δὲ
850 2844 1219 2915 προσηγορίας
1246 2848 1659 2917 μεταλαμϐάνον
1677 2890 1690 2911 ,
1723 2850 1812 2905 διὰ

237 2930 338 2992 τὰς
369 2929 493 3000 ῦλης
528 2926 659 3001 (91),
688 2932 754 2985 δι’
782 2928 851 3003 ἧς
885 2934 1166 3007 κεχώρηκε
1192 2977 1205 2999 ,
1256 2938 1635 3007 παραλλάξεις.
1678 2941 1809 2997 Θεὸν

236 3021 294 3075 δὲ
318 3023 411 3075 καὶ
440 3024 528 3076 τὸν
557 3025 780 3095 κόσμον,
818 3030 910 3081 καὶ
941 3030 1068 3091 τοὺς
1098 3030 1333 3101 ἀστέρας
1356 3073 1369 3095 ,
1404 3034 1497 3085 καὶ
1540 3033 1637 3103 τὴν
1682 3034 1806 3104 γῆν,

1942 566 2139 621 Thales
2184 566 2367 620 mundi
2411 574 2642 619 mentem
2691 564 2858 619 Deum
2886 580 3006 619 esse
3037 566 3236 619 voluit:
3288 566 3495 620 Anaxi-

1938 659 2166 713 mander
2193 658 2371 711 sidera
2404 656 2653 711 caelestes
2699 656 2829 711 deos
2866 654 3175 710 constituit:
3210 655 3490 713 Democri-

1934 756 2022 805 tus
2077 747 2245 802 Deum
2283 747 2337 800 in
2390 747 2512 817 igne
2545 746 2796 808 collocat,
2848 746 3140 800 rotundum
3200 750 3491 816 quemdam

1933 838 2120 893 mundi
2188 838 2429 891 animum
2476 855 2489 890 :
2548 836 2876 907 Pythagoras
2921 852 2985 891 ex
3055 837 3333 906 principiis
3382 842 3493 893 uni.

1932 940 2096 986 tatem
2124 929 2295 984 Deum
2329 929 2541 983 vocavit
2570 938 2625 983 et
2652 929 2874 995 bonum,
2915 928 3059 998 quod
3086 932 3305 999 pr0pria
3330 932 3492 987 unius

1930 1038 2149 1091 natura,
2184 1026 2407 1095 ipsaque
2464 1025 2601 1079 adeo
2630 1038 2786 1079 mens
2833 1031 2944 1078 est:
2996 1022 3267 1077 infinitum
3314 1033 3490 1079 autem

1929 1119 2226 1184 binarium,
2262 1117 2587 1177 daemonem.
2617 1115 2931 1185 malumque
2952 1115 3114 1179 dixit,
3148 1116 3214 1169 ad
3248 1131 3408 1185 quem
3439 1126 3493 1171 et

1930 1207 2169 1261 materiae
2198 1206 2374 1274 cepia,
2399 1214 2451 1258 et
2511 1204 2746 1258 unnulus
2794 1204 2881 1258 hic
2935 1219 3098 1273 quem
3134 1205 3379 1259 videmus
3411 1222 3489 1260 re-

1934 1306 2175 1351 vocetur.
2201 1314 2219 1346 ι
2254 1294 2382 1349 Post
2412 1296 2509 1349 hos
2535 1296 2625 1364 qui
2673 1296 2843 1350 secuti
2894 1304 3021 1350 sunt
3052 1305 3207 1349 attate
3246 1296 3492 1365 juniores

1926 1387 2141 1441 attende
2186 1385 2313 1455 quid
2370 1387 2658 1439 senserint.
2718 1385 3012 1441 «Socrates
3038 1396 3090 1441 et
3122 1386 3275 1442 Plato
3323 1403 3488 1442 unum

1883 1465 1888 1469 ’
1926 1478 2126 1547 aliquid
2173 1486 2442 1539 statuunt,
2487 1476 2757 1544 uniusque
2809 1488 3036 1541 naturae,
3087 1478 3232 1546 quod
3271 1494 3339 1533 ex
3368 1494 3488 1533 sese

1924 1579 2103 1622 ortum
2129 1568 2219 1631 sit,
2248 1568 2499 1636 idemque
2522 1568 2814 1637 singulare,
2852 1582 2915 1621 ac
2938 1582 3063 1621 vere
3088 1568 3288 1624 bonum
3312 1587 3325 1624 :
3368 1586 3489 1639 qua:

1924 1658 2103 1711 omnis
2143 1658 2563 1726 appellationum
2619 1658 2855 1711 varietas
2905 1673 3067 1711 uuam
3125 1660 3191 1712 ad
3250 1672 3485 1715 mentem

1925 1757 2131 1816 spectat
2164 1764 2227 1801 ac
2267 1748 2457 1801 tendit.
2502 1748 2651 1802 Mens
2711 1748 2875 1819 igitur
2920 1745 3063 1803 Deus
3112 1750 3233 1812 erit.
3282 1764 3484 1806 semota

1922 1839 2167 1908 quaedam
2210 1838 2405 1903 forma,
2446 1841 2545 1894 hoc
2566 1849 2649 1893 est
2676 1840 2742 1891 ab
2777 1842 2924 1895 omni
2956 1851 3061 1896 tam
3097 1844 3337 1898 materiae
3362 1860 3485 1899 coa-

1922 1930 2163 1985 cretione
2211 1946 2375 1999 quam
2426 1931 2681 2000 patientis
2711 1932 2952 2001 cujusvis
2983 1935 3239 1989 societate
3278 1936 3483 2005 disjun-

1921 2034 2027 2077 cta.
2094 2022 2370 2077 Aristoteli
2434 2022 2642 2090 placuit
2714 2038 2989 2078 summum
3054 2027 3269 2095 quidem
3326 2028 3477 2082 illum

1922 2114 2112 2177 Deum,
2149 2124 2414 2169 semotam
2466 2130 2529 2169 ac
2572 2115 2901 2183 singularem
2933 2132 3054 2171 esse
3097 2116 3349 2181 formam,
3384 2120 3478 2189 qui

1921 2202 2159 2256 universi
2193 2202 2355 2270 hujus
2387 2202 2653 2271 sphaeram
2690 2204 2941 2269 insideat,
2979 2221 3197 2275 corpus,
3228 2207 3475 2277 inquam,

1918 2293 2048 2349 illud
2079 2293 2387 2355 aetherium,
2421 2295 2562 2363 quod
2604 2294 2673 2347 ab
2702 2295 2893 2349 eodem
2933 2297 3183 2366 quintum
3230 2310 3476 2354 vocatur.

1919 2383 2077 2454 755
2118 2382 2183 2438 Et
2224 2384 2443 2454 quidem
2480 2385 2736 2440 universo
2786 2387 2969 2455 plures
3006 2389 3058 2443 in
3106 2390 3349 2459 sphmras
3396 2391 3479 2445 di-

1916 2474 2138 2539 stincto,
2160 2488 2282 2542 qua:
2308 2484 2499 2543 suapte
2528 2484 2720 2527 natura
2750 2479 3038 2544 contiguae,
3063 2480 3291 2535 rationis
3314 2481 3478 2535 unius

1917 2565 1967 2617 vi
1996 2573 2337 2632 separentur,
2370 2580 2555 2618 earum
2586 2568 2882 2635 quamlibet
2918 2570 3118 2623 animal
3164 2586 3285 2625 esse
3324 2580 3477 2640 putat

1913 2669 1978 2709 ex
2009 2668 2237 2724 corpore
2280 2656 2576 2725 animoque
2615 2657 2955 2713 conﬂatum:
3018 2660 3091 2713 ita
3141 2661 3383 2729 quidem,
3419 2672 3477 2716 ut

1912 2761 2111 2815 corpus
2151 2747 2435 2800 aetherium
2488 2762 2631 2806 esse.
2681 2756 2845 2816 atque
2908 2750 2961 2802 in
3012 2751 3196 2804 orbem
3248 2754 3473 2816 moveri,

1911 2840 2180 2901 animum,
2222 2838 2485 2892 rationem
2542 2840 2895 2904 immobilem,
2939 2856 3003 2894 ac
3047 2856 3103 2895 re
3137 2842 3251 2909 ipsa
3290 2852 3473 2899 motus

1910 2931 2227 2988 eﬂicientem
2286 2945 2409 2985 esse
2456 2932 2603 2985 velit.
2670 2932 2836 2986 Stoici
2888 2943 3095 3001 partem
3140 2932 3251 2987 fere
3306 2936 3473 2988 maxi-

1911 3039 2077 3086 mam,
2108 3022 2463 3079 artiﬁciosum
2496 3023 2647 3077 illum
2680 3025 2857 3094 ignem
2890 3024 3056 3079 Deum
3085 3041 3207 3081 esse
3236 3042 3472 3094 pronun-

237 3111 329 3164 τόν
353 3113 400 3165 τ’
435 3115 697 3168 ἀνωτάτω
745 3119 961 3173 πάντων
993 3119 1117 3173 νοῦν
1158 3124 1217 3176 ὲν
1260 3122 1453 3195 αἰθέρι.
1493 3123 1808 3196 Ἐπίκουρος

1912 3115 2068 3179 tiant,
2103 3117 2196 3185 qui
2229 3126 2377 3171 certo
2433 3116 2667 3185 quodam
2710 3117 2898 3170 ordine
2953 3118 3019 3172 ad
3079 3119 3261 3172 mundi
3310 3119 3471 3188 hujus

236 3203 654 3272 ἀνθρωποειδεῖς
687 3210 783 3279 μὲν
819 3213 1024 3275 πάντας
1050 3216 1176 3277 τοὺς
1207 3214 1380 3279 θεοὺς,
1410 3216 1549 3287 λόγῳ
1579 3217 1633 3269 δὲ
1677 3219 1809 3271 πάν-

233 3310 335 3359 τας
355 3297 660 3369 θεωρητοὺς
686 3301 771 3354 διά
794 3303 894 3371 τὴν
925 3303 1317 3377 λεπτομέρειαν
1355 3307 1454 3377 τῆς
1511 3310 1617 3363 τῶν
1655 3310 1807 3364 εἰδῶ-

234 3387 341 3443 λων
386 3390 616 3459 φύσεως.
659 3393 716 3445 '0
766 3394 812 3447 δ’
836 3396 999 3460 αὐτὸς
1047 3398 1211 3461 ἄλλας
1266 3400 1536 3471 τέσσαρας
1595 3402 1802 3470 φύσεις,

235 3478 374 3532 κατά
411 3479 556 3546 γένος
582 3482 892 3553 ἀφθάρτους
920 3487 1098 3552 τάσδε,
1126 3488 1193 3540 τά
1226 3489 1425 3559 ἄτομα,
1461 3492 1519 3544 τὸ
1549 3493 1717 3556 κενὸν,
1746 3494 1805 3547 τὸ

232 3572 476 3642 ἄπειρον,
528 3572 626 3636 τάς
652 3576 1032 3648 ὁμοιομερείας
1083 3581 1192 3649 (9Ξ)
1228 3582 1321 3634 καὶ
1366 3582 1433 3635 τὰ
1483 3589 1737 3654 στοιχεῖα.
1778 3606 1797 3637 ι

233 3663 488 3717 Τοιαῦται
520 3666 617 3735 μὲν
642 3667 704 3737 δὴ
740 3668 847 3722 τῶν
874 3672 1119 3724 Φυσικῶν
1149 3672 1450 3741 φιλοσόφων
1480 3676 1572 3727 καὶ
1599 3678 1653 3727 al
1678 3677 1803 3748 περὶ

230 3753 365 3807 Θεοῦ
417 3754 723 3821 διαστάσεις
770 3778 828 3813 τε
880 3764 970 3816 καὶ
1018 3764 1340 3835 δυσφημίαι,
1376 3760 1449 3819 ὧν
1496 3767 1744 3839 πρώτους
1775 3772 1803 3823 6

230 3845 384 3914 λόγος
414 3850 693 3919 συνίστησι
732 3854 856 3915 τοὺς
910 3855 1051 3923 ἀμφὶ
1097 3857 1186 3908 τὸν
1248 3857 1567 3931 Πυθαγόραν
1627 3876 1680 3911 τε
1712 3861 1803 3914 καὶ

243 3940 630 4013 Ἀναξαγόραν,
678 3946 936 4001 Πλάτωνά
960 3966 1019 4001 τε
1064 3950 1158 4003 καὶ
1190 3952 1451 4022 Σωκράτη
1480 3992 1494 4015 ,
1538 3954 1661 4007 νοῦν
1708 3958 1802 4008 καὶ

229 4030 363 4083 Θεὸν
388 4034 676 4105 ἐπιστῆσαι
700 4037 775 4106 τῷ
822 4040 1027 4110 κόσμῳ.
1066 4038 1222 4096 Οὗτοι
1269 4044 1331 4115 δὴ
1387 4046 1579 4117 κομιδῇ
1618 4047 1801 4110 παῖδες

225 4123 340 4182 τοῖς
369 4122 581 4189 χρόνοις
604 4126 1012 4183 ἀποδείκνυνται
1056 4134 1357 4201 γενόμενοι,
1385 4135 1507 4187 καθ’
1556 4135 1648 4197 οὓς
1675 4136 1801 4208 χρό-

225 4229 349 4276 νους
363 4214 532 4299 ταῦτα
553 4217 846 4287 ἱστόρηται.
870 4221 968 4290 τῆς
985 4224 1245 4294 Ἐϐραίων
1262 4227 1639 4296 ἀρχαιολογίας
1663 4229 1794 4299 (95),

226 4301 339 4354 Οὐκ
366 4297 432 4372 ἧν
450 4302 558 4373 ἄρα
578 4306 910 4380 παλαιοτάτη
932 4312 1079 4381 παρὰ
1102 4316 1263 4367 πᾶσιν
1285 4316 1448 4387 Ἕλλη
1459 4335 1510 4369 σι
1536 4318 1629 4371 καὶ
1662 4297 1794 4390 (94),

224 4395 336 4455 τοῖς
386 4395 659 4465 πρόπαλαι
705 4401 801 4471 τὴν
859 4402 1117 4459 πολύθεον
1164 4407 1582 4477 δεισιδαιμονίαν
1648 4410 1797 4480 παρά

1909 3209 2340 3276 procreationem
2377 3208 2607 3273 feratur,
2660 3210 2752 3278 qui
2806 3225 2906 3263 suo
2962 3210 3076 3276 ipse
3108 3211 3315 3278 gremio
3338 3228 3469 3265 cun-

1908 3311 1991 3356 cta
2036 3302 2311 3356 rationum
2343 3316 2555 3365 earum,
2590 3316 2655 3355 ex
2707 3301 2907 3369 quibus
2972 3302 3184 3371 singula
3236 3301 3345 3357 fato
3375 3319 3468 3356 na-

1907 3404 2156 3458 scuntur,
2212 3393 2421 3449 semina
2491 3393 2935 3461 comprehendat.
2977 3392 3296 3463 Adjungunt
3358 3392 3468 3463 igni

1906 3486 2178 3554 Spiritum,
2212 3485 2304 3554 qui
2359 3486 2619 3542 mundum
2656 3486 2967 3539 universum
3001 3485 3071 3539 ita
3117 3497 3373 3555 permeet.
3412 3495 3465 3539 ut

1905 3592 2003 3647 pro
2047 3579 2332 3647 multiplici
2363 3580 2603 3633 materiae
2654 3594 2816 3647 quam
2873 3579 3117 3647 pervadit
3145 3580 3465 3641 mutatione,

1905 3669 2254 3737 multiplicem
2289 3686 2505 3740 quoque
2557 3670 2840 3723 nominum
2900 3669 3269 3723 diversitatem
3329 3671 3465 3723 acci-

1904 3762 2033 3832 piat.
2076 3763 2383 3826 Postremo,
2426 3764 2766 3817 divinitatem
2799 3762 2873 3815 illi
2912 3764 3137 3823 mundo,
3191 3762 3465 3817 sideribus

1902 3871 1965 3910 ac
1988 3864 2143 3909 terra:
2177 3855 2257 3909 sic
2290 3856 2613 3919 attribuunt,
2656 3861 2716 3907 ut
2757 3862 2992 3907 mentem
3039 3853 3282 3906 omnium
3312 3852 3463 3907 altis-

1901 3947 2094 4002 simam
2140 3947 2192 3999 in
2243 3948 2443 4000 aethere
2499 3946 2856 3999 constituant.
2919 3945 3186 4013 Epicurus
3229 3946 3463 3999 humana

1900 4039 2117 4109 quidem
2150 4039 2330 4108 specie
2375 4041 2507 4094 deos
2561 4038 2828 4108 ﬁgurabat
2862 4053 3073 4100 omnes,
3123 4037 3341 4091 eosdem
3378 4048 3463 4090 ta-

1900 4145 2046 4190 men.
2083 4129 2227 4197 quod
2253 4135 2445 4197 suapte
2483 4137 2677 4183 natura
2721 4129 3139 4183 simulacrorum
3196 4127 3461 4181 haberent

1898 4221 2066 4275 exiles
2119 4220 2347 4274 nimium
2405 4231 2704 4291 tenuesque
2756 4228 2957 4289 partes.
3008 4218 3233 4273 rationis
3297 4218 3462 4272 unius

1897 4312 2071 4367 oculis
2105 4312 2252 4366 eerni
2308 4327 2466 4381 posse
2528 4313 2770 4381 putabat.
2814 4311 2964 4365 Alias
3014 4323 3271 4380 praeterea
3324 4326 3459 4378 qua-

1897 4415 2020 4459 tuor
2052 4414 2279 4459 naturas
2308 4405 2559 4468 addebat,
2603 4421 2834 4473 quarum
2870 4420 3042 4473 genus
3075 4404 3300 4457 interire
3348 4417 3457 4455 non

222 4500 281 4541 τε
310 4485 506 4554 φοίνιξι
530 4490 622 4543 καὶ
667 4493 980 4560 Αἰγυπτίοις
1001 4498 1450 4567 εἰσηγησαμένοις
1489 4504 1519 4570 ἡ
1560 4501 1654 4556 τοῦ
1688 4502 1795 4556 τῶν

1910 4507 2101 4567 posset,
2139 4506 2375 4559 atomos,
2413 4512 2668 4559 vacuum,
2707 4496 3000 4556 inlinitum.
3036 4504 3090 4549 et
3117 4495 3348 4563 partium
3383 4494 3458 4547 si-

220 4574 355 4627 ὅλων
375 4576 507 4629 Θεοῦ
524 4580 743 4646 γνῶσις,
774 4586 839 4654 ῆν
866 4586 1077 4655 πρῶτος
1111 4589 1375 4661 Ἑλλήνων
1404 4592 1785 4663 Ἀναξαγόρας,

222 4666 314 4717 καὶ
334 4669 381 4720 οί
409 4670 545 4737 ἀμφ’
577 4673 739 4725 αὑτὸν
778 4676 1094 4745 ἐξήνεγκαν.
1124 4682 1233 4734 Καὶ
1264 4682 1368 4752 μὴν
1393 4683 1458 4736 τά
1488 4684 1587 4752 τῆς
1630 4684 1789 4736 πολυ-

220 4758 343 4811 θέου
373 4760 793 4834 δεισιδαιμονίας
824 4768 1038 4822 πάντων
1071 4770 1238 4823 ἐθνῶν
1268 4774 1486 4843 ἐκράτει
1512 4794 1523 4804 ο
1558 4776 1669 4833 ἀλλ’
1696 4771 1784 4845 ἦν,

218 4849 292 4912 ὡς
324 4850 515 4916 ἔοικεν,
556 4856 614 4907 ου
646 4857 740 4927 τὴν
772 4858 943 4930 ἀληθῆ
980 4863 1298 4933 περιέχοντα
1328 4866 1603 4934 θεολογίαν
1623 4909 1635 4931 ,
1673 4869 1784 4921 ἀλλ’

218 4942 282 5010 ῆν
307 4942 593 5010 Αίγύπτιοι
616 4949 708 5000 καὶ
736 4949 977 5014 Φοίνικες
1012 4954 1217 5024 πρῶτοι
1262 4958 1477 5011 πάντων
1518 4962 1785 5030 συστήσα-

218 5032 341 5086 σθαι
363 5036 835 5110 ἐμαρτυρήθησαν.
867 5044 1013 5115 Αὕτη
1039 5046 1092 5105 δὲ
1124 5043 1187 5117 ἦν
1212 5048 1363 5111 θεοὺς
1388 5050 1484 5119 μὲν
1513 5052 1779 5121 οὐδαμῶς,

216 5124 334 5179 οὺδὲ
360 5143 510 5192 τινας
543 5129 691 5194 θείας
716 5134 989 5205 δυνάμεις,
1024 5138 1222 5209 ἄνδρας
1249 5140 1304 5193 δὲ
1359 5143 1457 5213 ἤδη
1507 5145 1672 5199 πάλαι
1724 5148 1782 5200 ἐν

216 5220 425 5286 νεκροῖς
475 5224 757 5292 κειμένους
785 5226 1129 5297 θεολογοῦσα,
1182 5232 1256 5295 ὠς
1289 5234 1317 5285 6
1370 5234 1469 5304 τῆς
1526 5235 1782 5307 ἀληθείας

215 5372 591 5502 “(ﬁngam
619 5382 685 5435 δὲ
711 5386 977 5453 τούτους.
1020 5387 1285 5445 Eusebius
1327 5391 1564 5461 loquitur
1608 5410 1779 5466 usque

284 5515 394 5597 (θῇ)
434 5520 534 5572 Διὰ
563 5522 665 5597 τᾲς
695 5523 865 5590 ὕλης,
904 5535 1007 5580 etc.
1044 5525 1178 5583 Hinc
1210 5528 1557 5586 Plutarchum
1591 5551 1777 5590 einen?

212 5585 472 5677 desiliret,
496 5585 652 5677 apud
669 5585 836 5661 quem
853 5596 1040 5677 minus
1058 5610 1220 5663 recte,
1254 5600 1319 5653 δι’
1346 5585 1771 5677 ὃληέτῇτᾴᾖξ,

210 5651 383 5735 δι’ίῇςι
413 5651 734 5735 κεχωρήκέι,
763 5666 1119 5735 παραλλάξαι.

281 5726 391 5811 (θῇ)
428 5726 877 5812 ’(Ιλιοὶοξιεεεξρείίέςῖἱ
906 5726 1080 5812 _Verbo
1108 5740 1265 5812 dixit,
1296 5742 1440 5808 quod
1471 5741 1768 5812 Plutarch,

210 5794 554 5869 ὁμοιότηταςε
592 5794 747 5858 αὗται
781 5794 842 5858 δὲ
864 5806 1103 5874 λέγονται
1137 5794 1522 5882 ὁμοιομέρειαι.

1896 4588 2247 4651 militudincs_
2314 4605 2451 4656 quas
2501 4588 2661 4641 etiam
2713 4589 2978 4641 elementa
3054 4587 3453 4656 nuncupabat.)

1894 4679 1987 4733 Ha?
2017 4690 2143 4735 sunt
2168 4682 2234 4733 de
2272 4677 2378 4733 Deo
2411 4679 2855 4748 philosophorum
2891 4679 3129 4738 illorum.
3162 4695 3299 4748 quos
3325 4676 3457 4748 Phy-

1901 4771 2047 4825 sicos
2072 4771 2359 4831 vocabant,
2394 4780 2501 4825 tam
2528 4771 2728 4837 impias,
2765 4786 2930 4839 quam
2956 4771 3185 4824 diversae
3211 4784 3456 4839 pugnau-

1893 4869 2084 4929 tcsque
2111 4862 2411 4917 sententiae.
2455 4861 2700 4927 Quorum
2735 4863 2981 4916 omnium
3008 4861 3303 4930 principes,
3346 4858 3455 4930 Py-

1893 4953 2197 5017 thagoram,
2231 4954 2629 5021 Anaxagoram,
2661 4951 2940 5007 Platonem
2986 4962 3040 5007 et
3077 4953 3357 5007 Socratem
3380 4967 3445 5004 ex

1892 5044 1978 5097 illo
2030 5043 2304 5099 Plutarchi
2352 5049 2664 5102 testimonio
2711 5058 2947 5113 constat,
3000 5056 3235 5102 mentem
3291 5056 3454 5116 atque

1889 5136 2057 5191 Deum
2089 5138 2292 5191 mundo
2324 5139 2652 5207 praefecisse.
2696 5140 2857 5209 Atqui
2908 5142 3007 5193 hos
3035 5155 3225 5192 omnes
3254 5154 3452 5207 pueros

1885 5227 2181 5282 admodum
2213 5226 2383 5284 fuisse
2409 5230 2765 5299 reperiemus,
2799 5230 2843 5284 si
2870 5245 3059 5285 eorum
3084 5237 3296 5283 multem
3326 5243 3450 5281 cum

1956 5399 2196 5470 (95)Τῆς
2238 5400 2509 5469 Ἐϐραίων
2552 5403 2990 5472 ἀρχαιολογίας.
3043 5402 3243 5471 Supple
3267 5402 3445 5454 ἓνεκα.

1886 5468 1936 5523 Id
1966 5468 2069 5546 est,
2105 5472 2205 5546 ξσα
2238 5488 2300 5546 γε
2328 5468 2466 5543 πρὸς
2492 5468 2599 5546 τὴν
2622 5468 2785 5546 Έόρ.
2804 5468 3202 5546 ἀρχαιολογίαν.

1954 5540 2064 5607 (94)
2104 5540 2387 5607 Ἕλλησι,
2422 5545 2521 5595 καί
2540 5540 2553 5604 ζ
2594 5554 2697 5597 etc.
2721 5540 3019 5599 ’Mani'l‘esta
3072 5540 3159 5597 hic
3203 5540 3445 5609 trajectio

1880 5620 1981 5697 est;
2016 5610 2154 5680 Lege
2182 5628 2328 5697 ergo:
2358 5612 2599 5697 Ἕλλησι,
2640 5616 2791 5697 παρά
2820 5615 3124 5697 τεὶφρίνέξι,
3154 5613 3246 5697 καὶ
3275 5613 3443 5697 Λίγυ-

1880 5681 2054 5742 πτίοις
2072 5722 2086 5743 ,
2119 5681 2211 5755 καὶ
2240 5683 2349 5755 τοῖς
2378 5684 2651 5755 πρόπαλαι
2684 5681 2779 5755 τὴν
2808 5685 2988 5738 πολυθ.
3017 5684 3300 5755 δεισιδαιμ.
3318 5684 3445 5755 λείσ-

1879 5752 2278 5821 ηγησαμένοις.
2318 5754 2348 5821 ἡ
2382 5751 2474 5804 τὸῦ
2498 5794 2511 5814 ,
2547 5764 2649 5807 etc.
2685 5751 2795 5810 lino
2829 5768 2953 5811 ante
2978 5756 3077 5825 τῆς
3124 5751 3403 5825 πρόπαλαι
3424 5788 3440 5814 ,

1882 5821 2106 5876 libenter
2136 5822 2196 5875 τὸ
2232 5821 2321 5874 καί
2346 5825 2722 5893 cxpunxeritn.

1903 5839 2106 5876 ιυευιυῐ
2136 5839 2196 5875 το
2232 5839 2319 5874 καί
2346 5839 2722 5878 CSDUIIXCI‘IIII.
