  <div class='ocr_page' id='page_1' title='image "/cluster/home/n/w/nwhite01/storage/ocr_20150623/21/hvd.32044073501165/637.png"; bbox 0 0 4090 6382; ppageno 0'>
   <div class='ocr_carea' id='block_1_1' title="bbox 601 341 3848 429">
    <p class='ocr_par' dir='ltr' id='par_1_1' title="bbox 601 341 3848 429">
     <span class='ocr_line' id='line_1_1' title="bbox 601 341 3848 429; baseline 0.012 -39"><span class='ocrx_word' id='word_1_1' title='bbox 601 341 742 392; x_wconf 74' lang='grc'><strong>1245</strong></span> <span class='ocrx_word' id='word_1_2' title='bbox 1240 343 1513 400; x_wconf 80' lang='lat' dir='ltr'><strong>EUSEBII</strong></span> <span class='ocrx_word' id='word_1_3' title='bbox 1550 345 2031 406; x_wconf 71' lang='lat' dir='ltr'><strong>CASSARIENSIS</strong></span> <span class='ocrx_word' id='word_1_4' title='bbox 2066 349 2214 408; x_wconf 86' lang='lat' dir='ltr'><strong>OPP.</strong></span> <span class='ocrx_word' id='word_1_5' title='bbox 2257 353 2438 412; x_wconf 79' lang='lat' dir='ltr'><strong>PARS</strong></span> <span class='ocrx_word' id='word_1_6' title='bbox 2475 357 2538 412; x_wconf 86' lang='grc'><strong>11.</strong></span> <span class='ocrx_word' id='word_1_7' title='bbox 2577 390 2646 400; x_wconf 91' lang='lat'><strong>—-</strong></span> <span class='ocrx_word' id='word_1_8' title='bbox 2681 360 3187 419; x_wconf 73' lang='lat' dir='ltr'><strong>APOLOGETICA.</strong></span> <span class='ocrx_word' id='word_1_9' title='bbox 3702 369 3848 429; x_wconf 58' lang='lat' dir='ltr'><strong>l2“</strong></span> 
     </span>
    </p>
   </div>
   <div class='ocr_carea' id='block_1_2' title="bbox 599 452 2181 560">
    <p class='ocr_par' dir='ltr' id='par_1_2' title="bbox 599 452 2160 532">
     <span class='ocr_line' id='line_1_2' title="bbox 599 452 2160 532; baseline 0.011 -23"><span class='ocrx_word' id='word_1_10' title='bbox 599 455 688 509; x_wconf 84' lang='lat' dir='ltr'><strong>illa</strong></span> <span class='ocrx_word' id='word_1_11' title='bbox 735 452 1082 513; x_wconf 67' lang='lat' dir='ltr'><strong>Hebraeorum</strong></span> <span class='ocrx_word' id='word_1_12' title='bbox 1122 462 1447 532; x_wconf 85' lang='lat' dir='ltr'><strong>antiquitate</strong></span> <span class='ocrx_word' id='word_1_13' title='bbox 1499 466 1871 524; x_wconf 84' lang='lat' dir='ltr'><strong>conferamus.</strong></span> <span class='ocrx_word' id='word_1_14' title='bbox 1927 473 2002 524; x_wconf 85' lang='lat' dir='ltr'><strong>ita</strong></span> <span class='ocrx_word' id='word_1_15' title='bbox 2054 489 2160 526; x_wconf 82' lang='lat' dir='ltr'><strong>non</strong></span> 
     </span>
    </p>
   </div>
   <div class='ocr_carea' id='block_1_3' title="bbox 2289 452 3854 560">
    <p class='ocr_par' dir='ltr' id='par_1_3' title="bbox 2289 475 3854 560">
     <span class='ocr_line' id='line_1_3' title="bbox 2289 475 3854 560; baseline 0.01 -33"><span class='ocrx_word' id='word_1_16' title='bbox 2289 475 2433 529; x_wconf 82' lang='grc' dir='ltr'>τάλαι</span> <span class='ocrx_word' id='word_1_17' title='bbox 2465 476 2712 543; x_wconf 82' lang='grc' dir='ltr'><strong>ἀπέδειξε</strong></span> <span class='ocrx_word' id='word_1_18' title='bbox 2756 480 2930 551; x_wconf 80' lang='grc' dir='ltr'><strong>λόγος.</strong></span> <span class='ocrx_word' id='word_1_19' title='bbox 2962 482 3085 554; x_wconf 73' lang='grc' dir='ltr'>Φέρ¹</span> <span class='ocrx_word' id='word_1_20' title='bbox 3126 477 3218 536; x_wconf 74' lang='grc' dir='ltr'>οὖν</span> <span class='ocrx_word' id='word_1_21' title='bbox 3239 523 3254 547; x_wconf 91' lang='grc'><strong>,</strong></span> <span class='ocrx_word' id='word_1_22' title='bbox 3288 484 3446 537; x_wconf 89' lang='grc' dir='ltr'>πάλιν</span> <span class='ocrx_word' id='word_1_23' title='bbox 3484 486 3854 560; x_wconf 76' lang='grc' dir='ltr'>ἀναλάϐωμεν</span> 
     </span>
    </p>
   </div>
   <div class='ocr_carea' id='block_1_4' title="bbox 603 551 2181 651">
    <p class='ocr_par' dir='ltr' id='par_1_4' title="bbox 603 551 2167 636">
     <span class='ocr_line' id='line_1_4' title="bbox 603 551 2167 636; baseline 0.012 -32"><span class='ocrx_word' id='word_1_24' title='bbox 603 551 696 607; x_wconf 86' lang='lat' dir='ltr'><strong>Dei</strong></span> <span class='ocrx_word' id='word_1_25' title='bbox 727 568 857 608; x_wconf 83' lang='lat' dir='ltr'><strong>sane</strong></span> <span class='ocrx_word' id='word_1_26' title='bbox 905 555 1004 608; x_wconf 83' lang='lat' dir='ltr'><strong>fuit</strong></span> <span class='ocrx_word' id='word_1_27' title='bbox 1035 559 1117 608; x_wconf 85' lang='lat' dir='ltr'><strong>vel</strong></span> <span class='ocrx_word' id='word_1_28' title='bbox 1166 559 1304 629; x_wconf 89' lang='lat' dir='ltr'><strong>apud</strong></span> <span class='ocrx_word' id='word_1_29' title='bbox 1347 559 1566 616; x_wconf 68' lang='lat' dir='ltr'><strong>Graecos</strong></span> <span class='ocrx_word' id='word_1_30' title='bbox 1617 577 1829 628; x_wconf 88' lang='lat' dir='ltr'><strong>omnes,</strong></span> <span class='ocrx_word' id='word_1_31' title='bbox 1883 567 1964 619; x_wconf 84' lang='lat' dir='ltr'><strong>vel</strong></span> <span class='ocrx_word' id='word_1_32' title='bbox 2023 568 2167 636; x_wconf 88' lang='lat' dir='ltr'><strong>apud</strong></span> 
     </span>
    </p>
   </div>
   <div class='ocr_carea' id='block_1_5' title="bbox 2289 551 3853 651">
    <p class='ocr_par' dir='ltr' id='par_1_5' title="bbox 2289 551 3853 651">
     <span class='ocr_line' id='line_1_5' title="bbox 2289 551 3853 651; baseline 0.01 -32"><span class='ocrx_word' id='word_1_33' title='bbox 2289 567 2353 619; x_wconf 73' lang='grc' dir='ltr'><strong>τὸν</strong></span> <span class='ocrx_word' id='word_1_34' title='bbox 2388 567 2564 636; x_wconf 86' lang='grc' dir='ltr'>λόγον.</span> <span class='ocrx_word' id='word_1_35' title='bbox 2603 571 2820 643; x_wconf 82' lang='grc' dir='ltr'><strong>Ἐπειδὴ</strong></span> <span class='ocrx_word' id='word_1_36' title='bbox 2856 572 2964 625; x_wconf 85' lang='grc' dir='ltr'><strong>τῶν</strong></span> <span class='ocrx_word' id='word_1_37' title='bbox 3009 551 3256 628; x_wconf 59' lang='grc' dir='ltr'>φυσικῶν</span> <span class='ocrx_word' id='word_1_38' title='bbox 3295 576 3596 648; x_wconf 68' lang='grc' dir='ltr'>φιλοσόφων</span> <span class='ocrx_word' id='word_1_39' title='bbox 3638 581 3687 632; x_wconf 79' lang='grc' dir='ltr'><strong>οἰ</strong></span> <span class='ocrx_word' id='word_1_40' title='bbox 3749 551 3853 651; x_wconf 58' lang='grc' dir='ltr'>ξιὲν</span> 
     </span>
    </p>
   </div>
   <div class='ocr_carea' id='block_1_6' title="bbox 603 641 2181 740">
    <p class='ocr_par' dir='ltr' id='par_1_6' title="bbox 603 641 2167 724">
     <span class='ocr_line' id='line_1_6' title="bbox 603 641 2167 724; baseline 0.01 -29"><span class='ocrx_word' id='word_1_41' title='bbox 603 641 890 700; x_wconf 69' lang='lat' dir='ltr'><strong>thnices</strong></span> <span class='ocrx_word' id='word_1_42' title='bbox 923 656 975 700; x_wconf 91' lang='lat' dir='ltr'><strong>et</strong></span> <span class='ocrx_word' id='word_1_43' title='bbox 1008 645 1312 718; x_wconf 66' lang='lat' dir='ltr'><strong>Egyplios,</strong></span> <span class='ocrx_word' id='word_1_44' title='bbox 1351 661 1444 705; x_wconf 89' lang='lat' dir='ltr'><strong>aut</strong></span> <span class='ocrx_word' id='word_1_45' title='bbox 1477 651 1522 706; x_wconf 93' lang='lat' dir='ltr'><strong>si</strong></span> <span class='ocrx_word' id='word_1_46' title='bbox 1547 655 1638 722; x_wconf 89' lang='lat' dir='ltr'><strong>qui</strong></span> <span class='ocrx_word' id='word_1_47' title='bbox 1681 655 1771 708; x_wconf 83' lang='lat' dir='ltr'><strong>alii</strong></span> <span class='ocrx_word' id='word_1_48' title='bbox 1813 657 2046 724; x_wconf 81' lang='lat' dir='ltr'><strong>priscam</strong></span> <span class='ocrx_word' id='word_1_49' title='bbox 2101 658 2167 711; x_wconf 87' lang='lat' dir='ltr'><strong>il-</strong></span> 
     </span>
    </p>
   </div>
   <div class='ocr_carea' id='block_1_7' title="bbox 2289 641 3854 740">
    <p class='ocr_par' dir='ltr' id='par_1_7' title="bbox 2289 641 3854 740">
     <span class='ocr_line' id='line_1_7' title="bbox 2289 641 3854 740; baseline 0.011 -29"><span class='ocrx_word' id='word_1_50' title='bbox 2289 659 2444 713; x_wconf 82' lang='grc' dir='ltr'>τάντα</span> <span class='ocrx_word' id='word_1_51' title='bbox 2471 641 2819 716; x_wconf 72' lang='grc' dir='ltr'>κατέϐαλλον</span> <span class='ocrx_word' id='word_1_52' title='bbox 2849 665 2940 717; x_wconf 74' lang='grc' dir='ltr'>ἐπὶ</span> <span class='ocrx_word' id='word_1_53' title='bbox 2983 667 3082 731; x_wconf 82' lang='grc' dir='ltr'><strong>τὰς</strong></span> <span class='ocrx_word' id='word_1_54' title='bbox 3107 641 3409 740; x_wconf 78' lang='grc' dir='ltr'><strong>αἰσθήσεις,</strong></span> <span class='ocrx_word' id='word_1_55' title='bbox 3437 641 3560 725; x_wconf 64' lang='grc' dir='ltr'><strong>οἰδ</strong></span> <span class='ocrx_word' id='word_1_56' title='bbox 3591 668 3657 726; x_wconf 85' lang='grc' dir='ltr'><strong>αὗ</strong></span> <span class='ocrx_word' id='word_1_57' title='bbox 3686 641 3854 728; x_wconf 75' lang='grc' dir='ltr'>πάλιν</span> 
     </span>
    </p>
   </div>
   <div class='ocr_carea' id='block_1_8' title="bbox 604 736 2181 837">
    <p class='ocr_par' dir='ltr' id='par_1_8' title="bbox 604 736 2170 814">
     <span class='ocr_line' id='line_1_8' title="bbox 604 736 2170 814; baseline 0.008 -24"><span class='ocrx_word' id='word_1_58' title='bbox 604 737 710 790; x_wconf 86' lang='lat' dir='ltr'><strong>lam</strong></span> <span class='ocrx_word' id='word_1_59' title='bbox 768 736 833 792; x_wconf 90' lang='lat' dir='ltr'><strong>de</strong></span> <span class='ocrx_word' id='word_1_60' title='bbox 884 738 1168 794; x_wconf 91' lang='lat' dir='ltr'><strong>numinum</strong></span> <span class='ocrx_word' id='word_1_61' title='bbox 1219 743 1566 798; x_wconf 92' lang='lat' dir='ltr'><strong>multitudine</strong></span> <span class='ocrx_word' id='word_1_62' title='bbox 1593 747 2035 814; x_wconf 83' lang='lat' dir='ltr'><strong>superstitionem</strong></span> <span class='ocrx_word' id='word_1_63' title='bbox 2086 749 2170 802; x_wconf 90' lang='lat' dir='ltr'><strong>in-</strong></span> 
     </span>
    </p>
   </div>
   <div class='ocr_carea' id='block_1_9' title="bbox 2289 736 3855 837">
    <p class='ocr_par' dir='ltr' id='par_1_9' title="bbox 2289 736 3855 837">
     <span class='ocr_line' id='line_1_9' title="bbox 2289 736 3855 837; baseline 0.01 -33"><span class='ocrx_word' id='word_1_64' title='bbox 2289 751 2474 816; x_wconf 70' lang='grc' dir='ltr'>ῑούτοις</span> <span class='ocrx_word' id='word_1_65' title='bbox 2530 755 2828 823; x_wconf 82' lang='grc' dir='ltr'>ἀνθεῖλκον,</span> <span class='ocrx_word' id='word_1_66' title='bbox 2888 759 2964 822; x_wconf 83' lang='grc' dir='ltr'>ὡς</span> <span class='ocrx_word' id='word_1_67' title='bbox 3018 762 3066 814; x_wconf 78' lang='grc' dir='ltr'><strong>οἰ</strong></span> <span class='ocrx_word' id='word_1_68' title='bbox 3103 762 3230 833; x_wconf 79' lang='grc' dir='ltr'>περὶ</span> <span class='ocrx_word' id='word_1_69' title='bbox 3258 736 3374 816; x_wconf 34' lang='grc' dir='ltr'>-τὺν</span> <span class='ocrx_word' id='word_1_70' title='bbox 3405 762 3715 837; x_wconf 79' lang='grc' dir='ltr'>Ξενοφάνην</span> <span class='ocrx_word' id='word_1_71' title='bbox 3757 766 3855 821; x_wconf 81' lang='grc' dir='ltr'>τὸν</span> 
     </span>
    </p>
   </div>
   <div class='ocr_carea' id='block_1_10' title="bbox 602 835 2181 928">
    <p class='ocr_par' dir='ltr' id='par_1_10' title="bbox 602 835 2168 906">
     <span class='ocr_line' id='line_1_10' title="bbox 602 835 2168 906; baseline 0.01 -26"><span class='ocrx_word' id='word_1_72' title='bbox 602 837 888 888; x_wconf 82' lang='lat' dir='ltr'><strong>vexerunt,</strong></span> <span class='ocrx_word' id='word_1_73' title='bbox 957 841 1265 899; x_wconf 86' lang='lat' dir='ltr'><strong>pervetusta</strong></span> <span class='ocrx_word' id='word_1_74' title='bbox 1336 835 1593 904; x_wconf 78' lang='lat' dir='ltr'><strong>cognitio,</strong></span> <span class='ocrx_word' id='word_1_75' title='bbox 1652 852 1814 906; x_wconf 90' lang='lat' dir='ltr'><strong>quam</strong></span> <span class='ocrx_word' id='word_1_76' title='bbox 1883 853 1914 892; x_wconf 92' lang='lat' dir='ltr'><strong>e</strong></span> <span class='ocrx_word' id='word_1_77' title='bbox 1965 838 2168 895; x_wconf 73' lang='lat' dir='ltr'><strong>Graecis</strong></span> 
     </span>
    </p>
   </div>
   <div class='ocr_carea' id='block_1_11' title="bbox 2289 835 3856 928">
    <p class='ocr_par' dir='ltr' id='par_1_11' title="bbox 2289 835 3856 928">
     <span class='ocr_line' id='line_1_11' title="bbox 2289 835 3856 928; baseline 0.01 -33"><span class='ocrx_word' id='word_1_78' title='bbox 2289 842 2633 913; x_wconf 59' lang='lat' dir='ltr'><strong>iolocprbvtov,</strong></span> <span class='ocrx_word' id='word_1_79' title='bbox 2662 847 2755 900; x_wconf 75' lang='grc' dir='ltr'><strong>καὶ</strong></span> <span class='ocrx_word' id='word_1_80' title='bbox 2782 849 3124 922; x_wconf 84' lang='grc' dir='ltr'><strong>Παρμενίδην</strong></span> <span class='ocrx_word' id='word_1_81' title='bbox 3152 853 3243 904; x_wconf 76' lang='grc' dir='ltr'>τὸν</span> <span class='ocrx_word' id='word_1_82' title='bbox 3278 853 3552 925; x_wconf 77' lang='grc' dir='ltr'><strong>Ἐλεάτην,</strong></span> <span class='ocrx_word' id='word_1_83' title='bbox 3584 857 3633 909; x_wconf 85' lang='grc' dir='ltr'>οἳ</span> <span class='ocrx_word' id='word_1_84' title='bbox 3752 857 3856 921; x_wconf 77' lang='grc' dir='ltr'>τὰς</span> 
     </span>
    </p>
   </div>
   <div class='ocr_carea' id='block_1_12' title="bbox 601 917 2181 1020">
    <p class='ocr_par' dir='ltr' id='par_1_12' title="bbox 601 917 2163 996">
     <span class='ocr_line' id='line_1_12' title="bbox 601 917 2163 996; baseline 0.01 -28"><span class='ocrx_word' id='word_1_85' title='bbox 601 917 762 986; x_wconf 88' lang='lat' dir='ltr'><strong>primi</strong></span> <span class='ocrx_word' id='word_1_86' title='bbox 797 918 1143 986; x_wconf 69' lang='lat' dir='ltr'><strong>Anaxagoras</strong></span> <span class='ocrx_word' id='word_1_87' title='bbox 1185 930 1239 974; x_wconf 89' lang='lat' dir='ltr'><strong>et</strong></span> <span class='ocrx_word' id='word_1_88' title='bbox 1278 922 1615 994; x_wconf 75' lang='lat' dir='ltr'><strong>Anaxagorae</strong></span> <span class='ocrx_word' id='word_1_89' title='bbox 1658 942 1924 996; x_wconf 85' lang='lat' dir='ltr'><strong>suppares</strong></span> <span class='ocrx_word' id='word_1_90' title='bbox 1966 928 2163 983; x_wconf 88' lang='lat' dir='ltr'><strong>intule-</strong></span> 
     </span>
    </p>
   </div>
   <div class='ocr_carea' id='block_1_13' title="bbox 2289 917 3857 1020">
    <p class='ocr_par' dir='ltr' id='par_1_13' title="bbox 2289 935 3857 1020">
     <span class='ocr_line' id='line_1_13' title="bbox 2289 935 3857 1020; baseline 0.011 -34"><span class='ocrx_word' id='word_1_91' title='bbox 2289 935 2554 1007; x_wconf 84' lang='grc' dir='ltr'>ιίσθήσεις</span> <span class='ocrx_word' id='word_1_92' title='bbox 2586 938 2818 1010; x_wconf 71' lang='grc' dir='ltr'>ἀνῄρουν</span> <span class='ocrx_word' id='word_1_93' title='bbox 2843 981 2856 1003; x_wconf 93' lang='grc'><strong>,</strong></span> <span class='ocrx_word' id='word_1_94' title='bbox 2901 943 3065 1015; x_wconf 81' lang='grc' dir='ltr'>μηδὲν</span> <span class='ocrx_word' id='word_1_95' title='bbox 3108 940 3244 998; x_wconf 83' lang='grc' dir='ltr'>εἶναι</span> <span class='ocrx_word' id='word_1_96' title='bbox 3283 946 3581 1014; x_wconf 68' lang='grc' dir='ltr'>φάσκοντες</span> <span class='ocrx_word' id='word_1_97' title='bbox 3613 949 3857 1020; x_wconf 80' lang='grc' dir='ltr'>καταλη-</span> 
     </span>
    </p>
   </div>
   <div class='ocr_carea' id='block_1_14' title="bbox 603 1008 2181 1113">
    <p class='ocr_par' dir='ltr' id='par_1_14' title="bbox 603 1008 2170 1089">
     <span class='ocr_line' id='line_1_14' title="bbox 603 1008 2170 1089; baseline 0.009 -27"><span class='ocrx_word' id='word_1_98' title='bbox 603 1018 750 1062; x_wconf 87' lang='lat' dir='ltr'><strong>runt.</strong></span> <span class='ocrx_word' id='word_1_99' title='bbox 795 1008 1086 1065; x_wconf 82' lang='lat' dir='ltr'><strong>Enimvero</strong></span> <span class='ocrx_word' id='word_1_100' title='bbox 1113 1023 1298 1082; x_wconf 82' lang='lat' dir='ltr'><strong>gentes</strong></span> <span class='ocrx_word' id='word_1_101' title='bbox 1324 1016 1543 1084; x_wconf 83' lang='lat' dir='ltr'><strong>quidem</strong></span> <span class='ocrx_word' id='word_1_102' title='bbox 1581 1033 1772 1073; x_wconf 91' lang='lat' dir='ltr'><strong>omnes</strong></span> <span class='ocrx_word' id='word_1_103' title='bbox 1823 1022 2170 1089; x_wconf 86' lang='lat' dir='ltr'><strong>superstitio-</strong></span> 
     </span>
    </p>
   </div>
   <div class='ocr_carea' id='block_1_15' title="bbox 2289 1008 3854 1113">
    <p class='ocr_par' dir='ltr' id='par_1_15' title="bbox 2289 1026 3854 1113">
     <span class='ocr_line' id='line_1_15' title="bbox 2289 1026 3854 1113; baseline 0.011 -35"><span class='ocrx_word' id='word_1_104' title='bbox 2289 1026 2406 1080; x_wconf 75' lang='grc' dir='ltr'>πττὺν</span> <span class='ocrx_word' id='word_1_105' title='bbox 2435 1027 2542 1080; x_wconf 84' lang='grc' dir='ltr'>τῶν</span> <span class='ocrx_word' id='word_1_106' title='bbox 2566 1030 2624 1083; x_wconf 76' lang='grc' dir='ltr'>ὲν</span> <span class='ocrx_word' id='word_1_107' title='bbox 2668 1031 2938 1101; x_wconf 75' lang='grc' dir='ltr'>αἰσθήσει,</span> <span class='ocrx_word' id='word_1_108' title='bbox 2971 1034 3049 1087; x_wconf 77' lang='grc' dir='ltr'>διὸ</span> <span class='ocrx_word' id='word_1_109' title='bbox 3101 1036 3246 1106; x_wconf 82' lang='grc' dir='ltr'>μόνῳ</span> <span class='ocrx_word' id='word_1_110' title='bbox 3280 1037 3389 1090; x_wconf 84' lang='grc' dir='ltr'>δεῖν</span> <span class='ocrx_word' id='word_1_111' title='bbox 3444 1040 3720 1092; x_wconf 79' lang='grc' dir='ltr'>πιστεύειν</span> <span class='ocrx_word' id='word_1_112' title='bbox 3771 1042 3854 1113; x_wconf 83' lang='grc' dir='ltr'>τῷ</span> 
     </span>
    </p>
   </div>
   <div class='ocr_carea' id='block_1_16' title="bbox 605 1101 2181 1202">
    <p class='ocr_par' dir='ltr' id='par_1_16' title="bbox 605 1101 2167 1179">
     <span class='ocr_line' id='line_1_16' title="bbox 605 1101 2167 1179; baseline 0.008 -25"><span class='ocrx_word' id='word_1_113' title='bbox 605 1115 702 1155; x_wconf 88' lang='lat' dir='ltr'><strong>sus</strong></span> <span class='ocrx_word' id='word_1_114' title='bbox 737 1101 824 1156; x_wconf 89' lang='lat' dir='ltr'><strong>ille</strong></span> <span class='ocrx_word' id='word_1_115' title='bbox 847 1104 911 1156; x_wconf 87' lang='lat' dir='ltr'><strong>de</strong></span> <span class='ocrx_word' id='word_1_116' title='bbox 936 1104 1188 1173; x_wconf 83' lang='lat' dir='ltr'><strong>pluribus</strong></span> <span class='ocrx_word' id='word_1_117' title='bbox 1216 1107 1319 1160; x_wconf 92' lang='lat' dir='ltr'><strong>diis</strong></span> <span class='ocrx_word' id='word_1_118' title='bbox 1351 1123 1504 1161; x_wconf 80' lang='lat' dir='ltr'><strong>error</strong></span> <span class='ocrx_word' id='word_1_119' title='bbox 1533 1108 1834 1163; x_wconf 80' lang='lat' dir='ltr'><strong>invaserat:</strong></span> <span class='ocrx_word' id='word_1_120' title='bbox 1899 1113 2167 1179; x_wconf 88' lang='lat' dir='ltr'><strong>ejusmodi</strong></span> 
     </span>
    </p>
   </div>
   <div class='ocr_carea' id='block_1_17' title="bbox 2289 1101 3803 1202">
    <p class='ocr_par' dir='ltr' id='par_1_17' title="bbox 2289 1101 3803 1202">
     <span class='ocr_line' id='line_1_17' title="bbox 2289 1101 3803 1202; baseline 0.012 -33"><span class='ocrx_word' id='word_1_121' title='bbox 2289 1116 2417 1188; x_wconf 54' lang='lat' dir='ltr'><strong>love)</strong></span> <span class='ocrx_word' id='word_1_122' title='bbox 2437 1136 2450 1149; x_wconf 88' lang='grc'><strong>·</strong></span> <span class='ocrx_word' id='word_1_123' title='bbox 2483 1118 2552 1172; x_wconf 84' lang='grc' dir='ltr'>τὰ</span> <span class='ocrx_word' id='word_1_124' title='bbox 2583 1121 2718 1192; x_wconf 80' lang='grc' dir='ltr'>πρὸς</span> <span class='ocrx_word' id='word_1_125' title='bbox 2738 1123 2935 1188; x_wconf 76' lang='grc' dir='ltr'>αὐτοὺς</span> <span class='ocrx_word' id='word_1_126' title='bbox 2958 1101 3321 1198; x_wconf 72' lang='grc' dir='ltr'>ἀντειρημένα</span> <span class='ocrx_word' id='word_1_127' title='bbox 3358 1129 3803 1202; x_wconf 78' lang='grc' dir='ltr'>διασκεψώμεθα.</span> 
     </span>
    </p>
   </div>
   <div class='ocr_carea' id='block_1_18' title="bbox 602 1200 3856 1299">
    <p class='ocr_par' dir='ltr' id='par_1_18' title="bbox 602 1200 3856 1299">
     <span class='ocr_line' id='line_1_18' title="bbox 602 1200 3856 1299; baseline 0.011 -50"><span class='ocrx_word' id='word_1_128' title='bbox 602 1204 785 1250; x_wconf 89' lang='lat' dir='ltr'><strong>tamen</strong></span> <span class='ocrx_word' id='word_1_129' title='bbox 814 1213 1040 1266; x_wconf 85' lang='lat' dir='ltr'><strong>prorsus</strong></span> <span class='ocrx_word' id='word_1_130' title='bbox 1068 1200 1112 1253; x_wconf 90' lang='lat' dir='ltr'><strong>is</strong></span> <span class='ocrx_word' id='word_1_131' title='bbox 1137 1210 1271 1262; x_wconf 89' lang='lat' dir='ltr'><strong>erat,</strong></span> <span class='ocrx_word' id='word_1_132' title='bbox 1311 1201 1404 1270; x_wconf 89' lang='lat' dir='ltr'><strong>qui</strong></span> <span class='ocrx_word' id='word_1_133' title='bbox 1431 1218 1537 1256; x_wconf 92' lang='lat' dir='ltr'><strong>non</strong></span> <span class='ocrx_word' id='word_1_134' title='bbox 1564 1219 1745 1256; x_wconf 89' lang='lat' dir='ltr'><strong>veram</strong></span> <span class='ocrx_word' id='word_1_135' title='bbox 1775 1221 1838 1259; x_wconf 91' lang='lat' dir='ltr'><strong>ac</strong></span> <span class='ocrx_word' id='word_1_136' title='bbox 1865 1207 2172 1277; x_wconf 86' lang='lat' dir='ltr'><strong>propriam,</strong></span> <span class='ocrx_word' id='word_1_137' title='bbox 2213 1210 2305 1263; x_wconf 91' lang='lat' dir='ltr'><strong>sed</strong></span> <span class='ocrx_word' id='word_1_138' title='bbox 2361 1228 2480 1265; x_wconf 79' lang='lat' dir='ltr'><strong>eam</strong></span> <span class='ocrx_word' id='word_1_139' title='bbox 2526 1216 2717 1280; x_wconf 87' lang='lat' dir='ltr'><strong>modo,</strong></span> <span class='ocrx_word' id='word_1_140' title='bbox 2761 1233 2924 1286; x_wconf 85' lang='lat' dir='ltr'><strong>quam</strong></span> <span class='ocrx_word' id='word_1_141' title='bbox 2982 1221 3218 1288; x_wconf 88' lang='lat' dir='ltr'><strong>primum</strong></span> <span class='ocrx_word' id='word_1_142' title='bbox 3263 1223 3333 1277; x_wconf 92' lang='lat' dir='ltr'><strong>ab</strong></span> <span class='ocrx_word' id='word_1_143' title='bbox 3381 1200 3651 1295; x_wconf 71' lang='lat' dir='ltr'><strong>Egyptiis</strong></span> <span class='ocrx_word' id='word_1_144' title='bbox 3684 1237 3856 1299; x_wconf 76' lang='lat' dir='ltr'><strong>atque</strong></span> 
     </span>
    </p>
   </div>
   <div class='ocr_carea' id='block_1_19' title="bbox 603 1286 3857 1387">
    <p class='ocr_par' dir='ltr' id='par_1_19' title="bbox 603 1286 3857 1387">
     <span class='ocr_line' id='line_1_19' title="bbox 603 1286 3857 1387; baseline 0.011 -45"><span class='ocrx_word' id='word_1_145' title='bbox 603 1286 952 1345; x_wconf 73' lang='lat' dir='ltr'><strong>Phoenicibus</strong></span> <span class='ocrx_word' id='word_1_146' title='bbox 992 1292 1278 1345; x_wconf 80' lang='lat' dir='ltr'><strong>conflatam</strong></span> <span class='ocrx_word' id='word_1_147' title='bbox 1321 1310 1443 1348; x_wconf 89' lang='lat' dir='ltr'><strong>esse</strong></span> <span class='ocrx_word' id='word_1_148' title='bbox 1479 1303 1557 1348; x_wconf 93' lang='lat' dir='ltr'><strong>tot</strong></span> <span class='ocrx_word' id='word_1_149' title='bbox 1607 1310 1771 1364; x_wconf 85' lang='lat' dir='ltr'><strong>supra</strong></span> <span class='ocrx_word' id='word_1_150' title='bbox 1825 1300 2153 1354; x_wconf 91' lang='lat' dir='ltr'><strong>testimoniis</strong></span> <span class='ocrx_word' id='word_1_151' title='bbox 2211 1304 2597 1372; x_wconf 88' lang='lat' dir='ltr'><strong>ostendimus,</strong></span> <span class='ocrx_word' id='word_1_152' title='bbox 2673 1308 2997 1380; x_wconf 87' lang='lat' dir='ltr'><strong>theologiam</strong></span> <span class='ocrx_word' id='word_1_153' title='bbox 3036 1315 3361 1370; x_wconf 82' lang='lat' dir='ltr'><strong>contineret.</strong></span> <span class='ocrx_word' id='word_1_154' title='bbox 3424 1316 3494 1372; x_wconf 85' lang='lat' dir='ltr'><strong>Ea</strong></span> <span class='ocrx_word' id='word_1_155' title='bbox 3533 1335 3695 1387; x_wconf 83' lang='lat' dir='ltr'><strong>porro</strong></span> <span class='ocrx_word' id='word_1_156' title='bbox 3755 1339 3857 1378; x_wconf 88' lang='lat' dir='ltr'><strong>nec</strong></span> 
     </span>
    </p>
   </div>
   <div class='ocr_carea' id='block_1_20' title="bbox 604 1381 3854 1481">
    <p class='ocr_par' dir='ltr' id='par_1_20' title="bbox 604 1381 3854 1481">
     <span class='ocr_line' id='line_1_20' title="bbox 604 1381 3854 1481; baseline 0.01 -44"><span class='ocrx_word' id='word_1_157' title='bbox 604 1381 745 1438; x_wconf 85' lang='lat' dir='ltr'><strong>ullos</strong></span> <span class='ocrx_word' id='word_1_158' title='bbox 772 1385 996 1438; x_wconf 91' lang='lat' dir='ltr'><strong>omnino</strong></span> <span class='ocrx_word' id='word_1_159' title='bbox 1026 1385 1188 1450; x_wconf 87' lang='lat' dir='ltr'><strong>deos,</strong></span> <span class='ocrx_word' id='word_1_160' title='bbox 1255 1403 1355 1442; x_wconf 80' lang='lat' dir='ltr'><strong>nec</strong></span> <span class='ocrx_word' id='word_1_161' title='bbox 1393 1387 1605 1442; x_wconf 89' lang='lat' dir='ltr'><strong>divinas</strong></span> <span class='ocrx_word' id='word_1_162' title='bbox 1653 1391 1882 1446; x_wconf 79' lang='lat' dir='ltr'><strong>virtutes</strong></span> <span class='ocrx_word' id='word_1_163' title='bbox 1927 1393 2084 1454; x_wconf 88' lang='lat' dir='ltr'><strong>ullas,</strong></span> <span class='ocrx_word' id='word_1_164' title='bbox 2144 1394 2236 1448; x_wconf 88' lang='lat' dir='ltr'><strong>sed</strong></span> <span class='ocrx_word' id='word_1_165' title='bbox 2295 1396 2543 1453; x_wconf 84' lang='lat' dir='ltr'><strong>homines</strong></span> <span class='ocrx_word' id='word_1_166' title='bbox 2589 1409 2797 1455; x_wconf 88' lang='lat' dir='ltr'><strong>tantum</strong></span> <span class='ocrx_word' id='word_1_167' title='bbox 2852 1403 3062 1472; x_wconf 82' lang='lat' dir='ltr'><strong>pridem</strong></span> <span class='ocrx_word' id='word_1_168' title='bbox 3114 1408 3461 1477; x_wconf 87' lang='lat' dir='ltr'><strong>consepultos</strong></span> <span class='ocrx_word' id='word_1_169' title='bbox 3503 1411 3854 1481; x_wconf 87' lang='lat' dir='ltr'><strong>loquebatur,</strong></span> 
     </span>
    </p>
   </div>
   <div class='ocr_carea' id='block_1_21' title="bbox 603 1476 3856 1575">
    <p class='ocr_par' dir='ltr' id='par_1_21' title="bbox 603 1476 3856 1575">
     <span class='ocr_line' id='line_1_21' title="bbox 603 1476 3856 1575; baseline 0.01 -47"><span class='ocrx_word' id='word_1_170' title='bbox 603 1482 664 1529; x_wconf 93' lang='lat' dir='ltr'><strong>ut</strong></span> <span class='ocrx_word' id='word_1_171' title='bbox 707 1476 822 1544; x_wconf 88' lang='lat' dir='ltr'><strong>ipsa</strong></span> <span class='ocrx_word' id='word_1_172' title='bbox 883 1477 1121 1530; x_wconf 75' lang='lat' dir='ltr'><strong>veritatis</strong></span> <span class='ocrx_word' id='word_1_173' title='bbox 1182 1480 1400 1533; x_wconf 89' lang='lat' dir='ltr'><strong>oracula</strong></span> <span class='ocrx_word' id='word_1_174' title='bbox 1449 1489 1598 1535; x_wconf 86' lang='lat' dir='ltr'><strong>tanto</strong></span> <span class='ocrx_word' id='word_1_175' title='bbox 1660 1490 1784 1535; x_wconf 89' lang='lat' dir='ltr'><strong>ante</strong></span> <span class='ocrx_word' id='word_1_176' title='bbox 1841 1485 2214 1552; x_wconf 82' lang='lat' dir='ltr'><strong>prodiderunt.</strong></span> <span class='ocrx_word' id='word_1_177' title='bbox 2256 1486 2370 1554; x_wconf 86' lang='lat' dir='ltr'><strong>Age</strong></span> <span class='ocrx_word' id='word_1_178' title='bbox 2402 1504 2549 1559; x_wconf 87' lang='lat' dir='ltr'><strong>ergo,</strong></span> <span class='ocrx_word' id='word_1_179' title='bbox 2583 1500 2748 1547; x_wconf 85' lang='lat' dir='ltr'><strong>totam</strong></span> <span class='ocrx_word' id='word_1_180' title='bbox 2800 1493 2939 1550; x_wconf 91' lang='lat' dir='ltr'><strong>hanc</strong></span> <span class='ocrx_word' id='word_1_181' title='bbox 2980 1476 3402 1567; x_wconf 87' lang='lat' dir='ltr'><strong>disputationem</strong></span> <span class='ocrx_word' id='word_1_182' title='bbox 3454 1476 3636 1559; x_wconf 79' lang='lat' dir='ltr'><strong>denuo</strong></span> <span class='ocrx_word' id='word_1_183' title='bbox 3696 1521 3856 1575; x_wconf 84' lang='lat' dir='ltr'><strong>repe-</strong></span> 
     </span>
    </p>
   </div>
   <div class='ocr_carea' id='block_1_22' title="bbox 606 1567 3858 1658">
    <p class='ocr_par' dir='ltr' id='par_1_22' title="bbox 606 1567 3858 1658">
     <span class='ocr_line' id='line_1_22' title="bbox 606 1567 3858 1658; baseline 0.01 -38"><span class='ocrx_word' id='word_1_184' title='bbox 606 1567 805 1622; x_wconf 86' lang='lat' dir='ltr'><strong>lamus.</strong></span> <span class='ocrx_word' id='word_1_185' title='bbox 862 1568 925 1622; x_wconf 86' lang='lat' dir='ltr'><strong>Et</strong></span> <span class='ocrx_word' id='word_1_186' title='bbox 967 1568 1223 1637; x_wconf 86' lang='lat' dir='ltr'><strong>quoniam</strong></span> <span class='ocrx_word' id='word_1_187' title='bbox 1262 1585 1291 1622; x_wconf 91' lang='lat' dir='ltr'><strong>e</strong></span> <span class='ocrx_word' id='word_1_188' title='bbox 1328 1567 1577 1640; x_wconf 87' lang='lat' dir='ltr'><strong>Physicis</strong></span> <span class='ocrx_word' id='word_1_189' title='bbox 1639 1572 1745 1626; x_wconf 88' lang='lat' dir='ltr'><strong>illis</strong></span> <span class='ocrx_word' id='word_1_190' title='bbox 1807 1575 2166 1643; x_wconf 86' lang='lat' dir='ltr'><strong>philosophis,</strong></span> <span class='ocrx_word' id='word_1_191' title='bbox 2239 1577 2400 1648; x_wconf 80' lang='grc'><strong>756</strong></span> <span class='ocrx_word' id='word_1_192' title='bbox 2465 1583 2530 1637; x_wconf 90' lang='lat' dir='ltr'><strong>ad</strong></span> <span class='ocrx_word' id='word_1_193' title='bbox 2576 1599 2771 1642; x_wconf 89' lang='lat' dir='ltr'><strong>sensus</strong></span> <span class='ocrx_word' id='word_1_194' title='bbox 2829 1588 2921 1642; x_wconf 88' lang='lat' dir='ltr'><strong>alii</strong></span> <span class='ocrx_word' id='word_1_195' title='bbox 2970 1599 3165 1644; x_wconf 88' lang='lat' dir='ltr'><strong>cuncta</strong></span> <span class='ocrx_word' id='word_1_196' title='bbox 3217 1594 3598 1650; x_wconf 80' lang='lat' dir='ltr'><strong>revocabant:</strong></span> <span class='ocrx_word' id='word_1_197' title='bbox 3645 1567 3858 1658; x_wconf 47' lang='lat' dir='ltr'><strong>atii-ur</strong></span> 
     </span>
    </p>
   </div>
   <div class='ocr_carea' id='block_1_23' title="bbox 601 1655 3857 1752">
    <p class='ocr_par' dir='ltr' id='par_1_23' title="bbox 601 1655 3857 1752">
     <span class='ocr_line' id='line_1_23' title="bbox 601 1655 3857 1752; baseline 0.011 -40"><span class='ocrx_word' id='word_1_198' title='bbox 601 1655 965 1729; x_wconf 77' lang='lat' dir='ltr'><strong>Xenophanes</strong></span> <span class='ocrx_word' id='word_1_199' title='bbox 1004 1661 1393 1730; x_wconf 86' lang='lat' dir='ltr'><strong>Colophonius,</strong></span> <span class='ocrx_word' id='word_1_200' title='bbox 1445 1672 1497 1716; x_wconf 92' lang='lat' dir='ltr'><strong>et</strong></span> <span class='ocrx_word' id='word_1_201' title='bbox 1535 1663 1883 1720; x_wconf 82' lang='lat' dir='ltr'><strong>Parmenides</strong></span> <span class='ocrx_word' id='word_1_202' title='bbox 1933 1666 2167 1733; x_wconf 84' lang='lat' dir='ltr'><strong>Eleates,</strong></span> <span class='ocrx_word' id='word_1_203' title='bbox 2229 1673 2333 1727; x_wconf 89' lang='lat' dir='ltr'><strong>alia</strong></span> <span class='ocrx_word' id='word_1_204' title='bbox 2388 1676 2740 1736; x_wconf 80' lang='lat' dir='ltr'><strong>defendentes</strong></span> <span class='ocrx_word' id='word_1_205' title='bbox 2792 1684 3244 1749; x_wconf 42' lang='lat' dir='ltr'><strong>omnia,,sensus</strong></span> <span class='ocrx_word' id='word_1_206' title='bbox 3301 1689 3580 1752; x_wconf 87' lang='lat' dir='ltr'><strong>tollebant.</strong></span> <span class='ocrx_word' id='word_1_207' title='bbox 3632 1708 3857 1748; x_wconf 85' lang='lat' dir='ltr'><strong>eorum-</strong></span> 
     </span>
    </p>
   </div>
   <div class='ocr_carea' id='block_1_24' title="bbox 604 1755 3876 1844">
    <p class='ocr_par' dir='ltr' id='par_1_24' title="bbox 604 1755 3876 1844">
     <span class='ocr_line' id='line_1_24' title="bbox 604 1755 3876 1844; baseline 0.011 -36"><span class='ocrx_word' id='word_1_208' title='bbox 604 1770 710 1824; x_wconf 91' lang='lat' dir='ltr'><strong>que</strong></span> <span class='ocrx_word' id='word_1_209' title='bbox 739 1755 787 1808; x_wconf 90' lang='lat' dir='ltr'><strong>vi</strong></span> <span class='ocrx_word' id='word_1_210' title='bbox 825 1756 1207 1824; x_wconf 87' lang='lat' dir='ltr'><strong>comprehendi</strong></span> <span class='ocrx_word' id='word_1_211' title='bbox 1235 1756 1390 1820; x_wconf 88' lang='lat' dir='ltr'><strong>nihil,</strong></span> <span class='ocrx_word' id='word_1_212' title='bbox 1435 1767 1600 1828; x_wconf 85' lang='lat' dir='ltr'><strong>atque</strong></span> <span class='ocrx_word' id='word_1_213' title='bbox 1634 1761 1724 1814; x_wconf 91' lang='lat' dir='ltr'><strong>uni</strong></span> <span class='ocrx_word' id='word_1_214' title='bbox 1764 1771 2044 1830; x_wconf 84' lang='lat' dir='ltr'><strong>propterea</strong></span> <span class='ocrx_word' id='word_1_215' title='bbox 2093 1764 2290 1819; x_wconf 89' lang='lat' dir='ltr'><strong>rationi</strong></span> <span class='ocrx_word' id='word_1_216' title='bbox 2332 1766 2492 1824; x_wconf 81' lang='lat' dir='ltr'><strong>tidem</strong></span> <span class='ocrx_word' id='word_1_217' title='bbox 2548 1773 2852 1829; x_wconf 85' lang='lat' dir='ltr'><strong>habendam</strong></span> <span class='ocrx_word' id='word_1_218' title='bbox 2900 1791 3023 1833; x_wconf 90' lang='lat' dir='ltr'><strong>esse</strong></span> <span class='ocrx_word' id='word_1_219' title='bbox 3074 1779 3324 1835; x_wconf 88' lang='lat' dir='ltr'><strong>dicebant</strong></span> <span class='ocrx_word' id='word_1_220' title='bbox 3361 1801 3374 1836; x_wconf 93' lang='lat'><strong>:</strong></span> <span class='ocrx_word' id='word_1_221' title='bbox 3433 1784 3664 1840; x_wconf 89' lang='lat' dir='ltr'><strong>istorum</strong></span> <span class='ocrx_word' id='word_1_222' title='bbox 3710 1795 3876 1844; x_wconf 81' lang='lat' dir='ltr'><strong>nunc</strong></span> 
     </span>
    </p>
   </div>
   <div class='ocr_carea' id='block_1_25' title="bbox 605 1848 1425 1916">
    <p class='ocr_par' dir='ltr' id='par_1_25' title="bbox 605 1848 1425 1916">
     <span class='ocr_line' id='line_1_25' title="bbox 605 1848 1425 1916; baseline 0.002 -15"><span class='ocrx_word' id='word_1_223' title='bbox 605 1848 1090 1916; x_wconf 88' lang='lat' dir='ltr'><strong>reprehensionem</strong></span> <span class='ocrx_word' id='word_1_224' title='bbox 1123 1848 1425 1903; x_wconf 88' lang='lat' dir='ltr'><strong>videamus.</strong></span> 
     </span>
    </p>
   </div>
   <div class='ocr_carea' id='block_1_26' title="bbox 1173 1941 1614 1999">
    <p class='ocr_par' dir='ltr' id='par_1_26' title="bbox 1173 1941 1614 1999">
     <span class='ocr_line' id='line_1_26' title="bbox 1173 1941 1614 1999; baseline 0.007 -3"><span class='ocrx_word' id='word_1_225' title='bbox 1173 1941 1404 1997; x_wconf 82' lang='lat' dir='ltr'><strong>CAPUT</strong></span> <span class='ocrx_word' id='word_1_226' title='bbox 1450 1943 1614 1999; x_wconf 80' lang='lat' dir='ltr'><strong>XVII.</strong></span> 
     </span>
    </p>
   </div>
   <div class='ocr_carea' id='block_1_27' title="bbox 605 2073 2174 2148">
    <p class='ocr_par' dir='ltr' id='par_1_27' title="bbox 605 2073 2174 2148">
     <span class='ocr_line' id='line_1_27' title="bbox 605 2073 2174 2148; baseline 0.004 -20"><span class='ocrx_word' id='word_1_227' title='bbox 605 2075 865 2128; x_wconf 81' lang='lat' dir='ltr'><strong>Adversus</strong></span> <span class='ocrx_word' id='word_1_228' title='bbox 910 2073 1283 2148; x_wconf 80' lang='lat' dir='ltr'><strong>Xenophanem</strong></span> <span class='ocrx_word' id='word_1_229' title='bbox 1337 2087 1402 2148; x_wconf 10' lang='lat' dir='ltr'><strong>et,</strong></span> <span class='ocrx_word' id='word_1_230' title='bbox 1432 2076 1822 2148; x_wconf 82' lang='lat' dir='ltr'><strong>Parmenidem,</strong></span> <span class='ocrx_word' id='word_1_231' title='bbox 1869 2081 1960 2148; x_wconf 83' lang='lat' dir='ltr'><strong>qui</strong></span> <span class='ocrx_word' id='word_1_232' title='bbox 1993 2097 2174 2135; x_wconf 80' lang='lat' dir='ltr'><strong>sensus</strong></span> 
     </span>
    </p>
   </div>
   <div class='ocr_carea' id='block_1_28' title="bbox 608 2143 2172 2222">
    <p class='ocr_par' dir='ltr' id='par_1_28' title="bbox 608 2143 2172 2222">
     <span class='ocr_line' id='line_1_28' title="bbox 608 2143 2172 2222; baseline 0.005 -23"><span class='ocrx_word' id='word_1_233' title='bbox 608 2146 884 2210; x_wconf 63' lang='lat' dir='ltr'><strong>(silerent;</strong></span> <span class='ocrx_word' id='word_1_234' title='bbox 907 2159 971 2198; x_wconf 79' lang='lat' dir='ltr'><strong>ex</strong></span> <span class='ocrx_word' id='word_1_235' title='bbox 1000 2143 1136 2197; x_wconf 78' lang='lat' dir='ltr'><strong>libro</strong></span> <span class='ocrx_word' id='word_1_236' title='bbox 1161 2154 1342 2198; x_wconf 85' lang='lat' dir='ltr'><strong>octavo</strong></span> <span class='ocrx_word' id='word_1_237' title='bbox 1373 2147 1655 2201; x_wconf 77' lang='lat' dir='ltr'><strong>Aristoclis</strong></span> <span class='ocrx_word' id='word_1_238' title='bbox 1699 2148 1773 2203; x_wconf 88' lang='lat' dir='ltr'><strong>De</strong></span> <span class='ocrx_word' id='word_1_239' title='bbox 1799 2143 2172 2222; x_wconf 81' lang='lat' dir='ltr'><strong>philosophia.</strong></span> 
     </span>
    </p>
   </div>
   <div class='ocr_carea' id='block_1_29' title="bbox 684 2279 2174 2349">
    <p class='ocr_par' dir='ltr' id='par_1_29' title="bbox 684 2279 2174 2349">
     <span class='ocr_line' id='line_1_29' title="bbox 684 2279 2174 2349; baseline 0.005 -19"><span class='ocrx_word' id='word_1_240' title='bbox 684 2298 702 2330; x_wconf 75' lang='grc' dir='ltr'><strong>ι</strong></span> <span class='ocrx_word' id='word_1_241' title='bbox 742 2279 923 2349; x_wconf 73' lang='lat' dir='ltr'><strong>Longe</strong></span> <span class='ocrx_word' id='word_1_242' title='bbox 955 2279 1082 2342; x_wconf 90' lang='lat' dir='ltr'><strong>alia,</strong></span> <span class='ocrx_word' id='word_1_243' title='bbox 1111 2279 1310 2348; x_wconf 89' lang='lat' dir='ltr'><strong>inquit,</strong></span> <span class='ocrx_word' id='word_1_244' title='bbox 1342 2280 1574 2334; x_wconf 90' lang='lat' dir='ltr'><strong>aliorum</strong></span> <span class='ocrx_word' id='word_1_245' title='bbox 1609 2296 1714 2336; x_wconf 85' lang='lat' dir='ltr'><strong>vox</strong></span> <span class='ocrx_word' id='word_1_246' title='bbox 1761 2291 1816 2337; x_wconf 91' lang='lat' dir='ltr'><strong>et</strong></span> <span class='ocrx_word' id='word_1_247' title='bbox 1865 2283 2042 2337; x_wconf 87' lang='lat' dir='ltr'><strong>oratiu</strong></span> <span class='ocrx_word' id='word_1_248' title='bbox 2068 2293 2174 2339; x_wconf 91' lang='lat' dir='ltr'><strong>est.</strong></span> 
     </span>
    </p>
   </div>
   <div class='ocr_carea' id='block_1_30' title="bbox 610 2372 2172 2443">
    <p class='ocr_par' dir='ltr' id='par_1_30' title="bbox 610 2372 2172 2443">
     <span class='ocr_line' id='line_1_30' title="bbox 610 2372 2172 2443; baseline 0.003 -16"><span class='ocrx_word' id='word_1_249' title='bbox 610 2372 818 2427; x_wconf 89' lang='lat' dir='ltr'><strong>Sensus</strong></span> <span class='ocrx_word' id='word_1_250' title='bbox 856 2372 999 2426; x_wconf 90' lang='lat' dir='ltr'><strong>enim</strong></span> <span class='ocrx_word' id='word_1_251' title='bbox 1034 2372 1263 2440; x_wconf 86' lang='lat' dir='ltr'><strong>visaque</strong></span> <span class='ocrx_word' id='word_1_252' title='bbox 1303 2372 1487 2425; x_wconf 90' lang='lat' dir='ltr'><strong>omnia</strong></span> <span class='ocrx_word' id='word_1_253' title='bbox 1518 2372 1768 2429; x_wconf 87' lang='lat' dir='ltr'><strong>funditus</strong></span> <span class='ocrx_word' id='word_1_254' title='bbox 1817 2377 2172 2443; x_wconf 88' lang='lat' dir='ltr'><strong>repudianda,</strong></span> 
     </span>
    </p>
   </div>
   <div class='ocr_carea' id='block_1_31' title="bbox 608 2466 2175 2539">
    <p class='ocr_par' dir='ltr' id='par_1_31' title="bbox 608 2466 2175 2539">
     <span class='ocr_line' id='line_1_31' title="bbox 608 2466 2175 2539; baseline 0.003 -20"><span class='ocrx_word' id='word_1_255' title='bbox 608 2467 803 2520; x_wconf 86' lang='lat' dir='ltr'><strong>rationi</strong></span> <span class='ocrx_word' id='word_1_256' title='bbox 839 2467 928 2519; x_wconf 83' lang='lat' dir='ltr'><strong>uni</strong></span> <span class='ocrx_word' id='word_1_257' title='bbox 959 2466 1117 2520; x_wconf 85' lang='lat' dir='ltr'><strong>tidem</strong></span> <span class='ocrx_word' id='word_1_258' title='bbox 1142 2466 1446 2520; x_wconf 87' lang='lat' dir='ltr'><strong>habendam</strong></span> <span class='ocrx_word' id='word_1_259' title='bbox 1473 2468 1788 2536; x_wconf 89' lang='lat' dir='ltr'><strong>opinantur.</strong></span> <span class='ocrx_word' id='word_1_260' title='bbox 1838 2470 1915 2522; x_wconf 85' lang='lat' dir='ltr'><strong>Ac</strong></span> <span class='ocrx_word' id='word_1_261' title='bbox 1939 2470 2175 2539; x_wconf 91' lang='lat' dir='ltr'><strong>primum</strong></span> 
     </span>
    </p>
   </div>
   <div class='ocr_carea' id='block_1_32' title="bbox 608 2557 2180 2628">
    <p class='ocr_par' dir='ltr' id='par_1_32' title="bbox 608 2557 2180 2628">
     <span class='ocr_line' id='line_1_32' title="bbox 608 2557 2180 2628; baseline 0.005 -18"><span class='ocrx_word' id='word_1_262' title='bbox 608 2558 822 2628; x_wconf 82' lang='lat' dir='ltr'><strong>quidem</strong></span> <span class='ocrx_word' id='word_1_263' title='bbox 855 2557 1239 2627; x_wconf 80' lang='lat' dir='ltr'><strong>chOphanes,</strong></span> <span class='ocrx_word' id='word_1_264' title='bbox 1272 2558 1659 2624; x_wconf 86' lang='lat' dir='ltr'><strong>Parmenides,</strong></span> <span class='ocrx_word' id='word_1_265' title='bbox 1707 2559 1854 2615; x_wconf 85' lang='lat' dir='ltr'><strong>Zeno</strong></span> <span class='ocrx_word' id='word_1_266' title='bbox 1906 2571 1960 2616; x_wconf 88' lang='lat' dir='ltr'><strong>et</strong></span> <span class='ocrx_word' id='word_1_267' title='bbox 1998 2562 2180 2618; x_wconf 84' lang='lat' dir='ltr'><strong>Melis-</strong></span> 
     </span>
    </p>
   </div>
   <div class='ocr_carea' id='block_1_33' title="bbox 611 2648 2179 2721">
    <p class='ocr_par' dir='ltr' id='par_1_33' title="bbox 611 2648 2179 2721">
     <span class='ocr_line' id='line_1_33' title="bbox 611 2648 2179 2721; baseline 0.003 -19"><span class='ocrx_word' id='word_1_268' title='bbox 611 2663 726 2714; x_wconf 88' lang='lat' dir='ltr'><strong>sus,</strong></span> <span class='ocrx_word' id='word_1_269' title='bbox 758 2648 810 2701; x_wconf 93' lang='lat' dir='ltr'><strong>in</strong></span> <span class='ocrx_word' id='word_1_270' title='bbox 844 2663 906 2702; x_wconf 87' lang='lat' dir='ltr'><strong>ea</strong></span> <span class='ocrx_word' id='word_1_271' title='bbox 934 2656 1063 2701; x_wconf 90' lang='lat' dir='ltr'><strong>sunt</strong></span> <span class='ocrx_word' id='word_1_272' title='bbox 1103 2648 1351 2702; x_wconf 87' lang='lat' dir='ltr'><strong>doctrina</strong></span> <span class='ocrx_word' id='word_1_273' title='bbox 1389 2649 1611 2711; x_wconf 84' lang='lat' dir='ltr'><strong>versati,</strong></span> <span class='ocrx_word' id='word_1_274' title='bbox 1646 2664 1808 2717; x_wconf 89' lang='lat' dir='ltr'><strong>quam</strong></span> <span class='ocrx_word' id='word_1_275' title='bbox 1851 2650 2026 2721; x_wconf 88' lang='lat' dir='ltr'><strong>Stilpo</strong></span> <span class='ocrx_word' id='word_1_276' title='bbox 2083 2654 2179 2706; x_wconf 90' lang='lat' dir='ltr'><strong>de-</strong></span> 
     </span>
    </p>
   </div>
   <div class='ocr_carea' id='block_1_34' title="bbox 610 2740 2182 2814">
    <p class='ocr_par' dir='ltr' id='par_1_34' title="bbox 610 2740 2182 2814">
     <span class='ocr_line' id='line_1_34' title="bbox 610 2740 2182 2814; baseline 0.003 -20"><span class='ocrx_word' id='word_1_277' title='bbox 610 2741 735 2796; x_wconf 74' lang='lat' dir='ltr'><strong>inde</strong></span> <span class='ocrx_word' id='word_1_278' title='bbox 757 2756 820 2795; x_wconf 90' lang='lat' dir='ltr'><strong>ac</strong></span> <span class='ocrx_word' id='word_1_279' title='bbox 857 2740 1199 2810; x_wconf 75' lang='lat' dir='ltr'><strong>Megarenses</strong></span> <span class='ocrx_word' id='word_1_280' title='bbox 1228 2741 1537 2810; x_wconf 87' lang='lat' dir='ltr'><strong>philosophi</strong></span> <span class='ocrx_word' id='word_1_281' title='bbox 1571 2741 1878 2796; x_wconf 83' lang='lat' dir='ltr'><strong>defendere.</strong></span> <span class='ocrx_word' id='word_1_282' title='bbox 1933 2743 1997 2797; x_wconf 94' lang='lat' dir='ltr'><strong>Hi</strong></span> <span class='ocrx_word' id='word_1_283' title='bbox 2026 2745 2182 2814; x_wconf 87' lang='lat' dir='ltr'><strong>quid-</strong></span> 
     </span>
    </p>
   </div>
   <div class='ocr_carea' id='block_1_35' title="bbox 609 2834 2182 2904">
    <p class='ocr_par' dir='ltr' id='par_1_35' title="bbox 609 2834 2182 2904">
     <span class='ocr_line' id='line_1_35' title="bbox 609 2834 2182 2904; baseline 0.004 -19"><span class='ocrx_word' id='word_1_284' title='bbox 609 2834 736 2902; x_wconf 81' lang='lat' dir='ltr'><strong>quid</strong></span> <span class='ocrx_word' id='word_1_285' title='bbox 766 2842 930 2896; x_wconf 86' lang='lat' dir='ltr'><strong>esset,</strong></span> <span class='ocrx_word' id='word_1_286' title='bbox 955 2850 1121 2886; x_wconf 91' lang='lat' dir='ltr'><strong>unum</strong></span> <span class='ocrx_word' id='word_1_287' title='bbox 1157 2835 1420 2888; x_wconf 80' lang='lat' dir='ltr'><strong>duntaxat</strong></span> <span class='ocrx_word' id='word_1_288' title='bbox 1445 2850 1606 2902; x_wconf 86' lang='lat' dir='ltr'><strong>esse;</strong></span> <span class='ocrx_word' id='word_1_289' title='bbox 1635 2836 1778 2904; x_wconf 87' lang='lat' dir='ltr'><strong>quod</strong></span> <span class='ocrx_word' id='word_1_290' title='bbox 1803 2837 1871 2891; x_wconf 90' lang='lat' dir='ltr'><strong>ab</strong></span> <span class='ocrx_word' id='word_1_291' title='bbox 1903 2852 1968 2891; x_wconf 92' lang='lat' dir='ltr'><strong>eo</strong></span> <span class='ocrx_word' id='word_1_292' title='bbox 2000 2837 2182 2892; x_wconf 89' lang='lat' dir='ltr'><strong>diver-</strong></span> 
     </span>
    </p>
   </div>
   <div class='ocr_carea' id='block_1_36' title="bbox 611 2925 2179 2997">
    <p class='ocr_par' dir='ltr' id='par_1_36' title="bbox 611 2925 2179 2997">
     <span class='ocr_line' id='line_1_36' title="bbox 611 2925 2179 2997; baseline 0.003 -19"><span class='ocrx_word' id='word_1_293' title='bbox 611 2940 731 2979; x_wconf 82' lang='lat' dir='ltr'><strong>sum</strong></span> <span class='ocrx_word' id='word_1_294' title='bbox 757 2934 925 2989; x_wconf 85' lang='lat' dir='ltr'><strong>esset,</strong></span> <span class='ocrx_word' id='word_1_295' title='bbox 954 2925 1003 2978; x_wconf 90' lang='lat' dir='ltr'><strong>id</strong></span> <span class='ocrx_word' id='word_1_296' title='bbox 1041 2941 1150 2979; x_wconf 91' lang='lat' dir='ltr'><strong>non</strong></span> <span class='ocrx_word' id='word_1_297' title='bbox 1183 2941 1338 2982; x_wconf 87' lang='lat' dir='ltr'><strong>esse:</strong></span> <span class='ocrx_word' id='word_1_298' title='bbox 1391 2929 1636 2997; x_wconf 77' lang='lat' dir='ltr'><strong>generari</strong></span> <span class='ocrx_word' id='word_1_299' title='bbox 1673 2929 1839 2982; x_wconf 91' lang='lat' dir='ltr'><strong>nihil:</strong></span> <span class='ocrx_word' id='word_1_300' title='bbox 1882 2929 2015 2983; x_wconf 89' lang='lat' dir='ltr'><strong>nihil</strong></span> <span class='ocrx_word' id='word_1_301' title='bbox 2053 2944 2179 2983; x_wconf 85' lang='lat' dir='ltr'><strong>ror-</strong></span> 
     </span>
    </p>
   </div>
   <div class='ocr_carea' id='block_1_37' title="bbox 611 3013 2180 3082">
    <p class='ocr_par' dir='ltr' id='par_1_37' title="bbox 611 3013 2180 3082">
     <span class='ocr_line' id='line_1_37' title="bbox 611 3013 2180 3082; baseline 0.004 -14"><span class='ocrx_word' id='word_1_302' title='bbox 611 3013 812 3082; x_wconf 88' lang='lat' dir='ltr'><strong>rumpi,</strong></span> <span class='ocrx_word' id='word_1_303' title='bbox 848 3015 1053 3070; x_wconf 85' lang='lat' dir='ltr'><strong>moveri</strong></span> <span class='ocrx_word' id='word_1_304' title='bbox 1093 3018 1318 3071; x_wconf 87' lang='lat' dir='ltr'><strong>omnino</strong></span> <span class='ocrx_word' id='word_1_305' title='bbox 1361 3017 1492 3071; x_wconf 91' lang='lat' dir='ltr'><strong>nihil</strong></span> <span class='ocrx_word' id='word_1_306' title='bbox 1525 3019 1861 3073; x_wconf 82' lang='lat' dir='ltr'><strong>statuebant.</strong></span> <span class='ocrx_word' id='word_1_307' title='bbox 1903 3020 2180 3077; x_wconf 83' lang='lat' dir='ltr'><strong>Adversus</strong></span> 
     </span>
    </p>
   </div>
   <div class='ocr_carea' id='block_1_38' title="bbox 613 3106 2184 3177">
    <p class='ocr_par' dir='ltr' id='par_1_38' title="bbox 613 3106 2184 3177">
     <span class='ocr_line' id='line_1_38' title="bbox 613 3106 2184 3177; baseline 0.003 -15"><span class='ocrx_word' id='word_1_308' title='bbox 613 3106 747 3162; x_wconf 89' lang='lat' dir='ltr'><strong>istos</strong></span> <span class='ocrx_word' id='word_1_309' title='bbox 781 3107 921 3161; x_wconf 90' lang='lat' dir='ltr'><strong>alius</strong></span> <span class='ocrx_word' id='word_1_310' title='bbox 947 3107 1051 3160; x_wconf 91' lang='lat' dir='ltr'><strong>erit</strong></span> <span class='ocrx_word' id='word_1_311' title='bbox 1081 3109 1327 3176; x_wconf 79' lang='lat' dir='ltr'><strong>pluribus</strong></span> <span class='ocrx_word' id='word_1_312' title='bbox 1355 3109 1776 3177; x_wconf 86' lang='lat' dir='ltr'><strong>philosophandi</strong></span> <span class='ocrx_word' id='word_1_313' title='bbox 1810 3110 2002 3165; x_wconf 88' lang='lat' dir='ltr'><strong>locus:</strong></span> <span class='ocrx_word' id='word_1_314' title='bbox 2038 3128 2184 3168; x_wconf 93' lang='lat' dir='ltr'><strong>nunc</strong></span> 
     </span>
    </p>
   </div>
   <div class='ocr_carea' id='block_1_39' title="bbox 613 3195 2172 3266">
    <p class='ocr_par' dir='ltr' id='par_1_39' title="bbox 613 3195 2172 3266">
     <span class='ocr_line' id='line_1_39' title="bbox 613 3195 2172 3266; baseline 0.005 -18"><span class='ocrx_word' id='word_1_315' title='bbox 613 3203 818 3258; x_wconf 86' lang='lat' dir='ltr'><strong>tamen,</strong></span> <span class='ocrx_word' id='word_1_316' title='bbox 851 3195 1029 3249; x_wconf 89' lang='lat' dir='ltr'><strong>locum</strong></span> <span class='ocrx_word' id='word_1_317' title='bbox 1071 3196 1216 3250; x_wconf 89' lang='lat' dir='ltr'><strong>hunc</strong></span> <span class='ocrx_word' id='word_1_318' title='bbox 1247 3199 1391 3266; x_wconf 89' lang='lat' dir='ltr'><strong>quod</strong></span> <span class='ocrx_word' id='word_1_319' title='bbox 1418 3201 1629 3262; x_wconf 89' lang='lat' dir='ltr'><strong>attinet,</strong></span> <span class='ocrx_word' id='word_1_320' title='bbox 1659 3201 1731 3252; x_wconf 91' lang='lat' dir='ltr'><strong>ita</strong></span> <span class='ocrx_word' id='word_1_321' title='bbox 1760 3201 2172 3258; x_wconf 81' lang='lat' dir='ltr'><strong>ratiocinamur.</strong></span> 
     </span>
    </p>
   </div>
   <div class='ocr_carea' id='block_1_40' title="bbox 2791 1959 3329 2020">
    <p class='ocr_par' dir='ltr' id='par_1_40' title="bbox 2791 1959 3329 2020">
     <span class='ocr_line' id='line_1_40' title="bbox 2791 1959 3329 2020; baseline 0.015 -10"><span class='ocrx_word' id='word_1_322' title='bbox 2791 1959 3186 2016; x_wconf 77' lang='grc' dir='ltr'><strong>ΚΕΦΑΛΑΙΟΝ</strong></span> <span class='ocrx_word' id='word_1_323' title='bbox 3235 1967 3329 2020; x_wconf 84' lang='grc' dir='ltr'><strong>ῙΖ’.</strong></span> 
     </span>
    </p>
   </div>
   <div class='ocr_carea' id='block_1_41' title="bbox 2275 2045 3859 2132">
    <p class='ocr_par' dir='ltr' id='par_1_41' title="bbox 2275 2045 3859 2132">
     <span class='ocr_line' id='line_1_41' title="bbox 2275 2045 3859 2132; baseline 0.014 -36"><span class='ocrx_word' id='word_1_324' title='bbox 2275 2045 2432 2132; x_wconf 62' lang='grc' dir='ltr'>Πρὸς</span> <span class='ocrx_word' id='word_1_325' title='bbox 2461 2047 2602 2132; x_wconf 60' lang='grc' dir='ltr'>ξοὺς</span> <span class='ocrx_word' id='word_1_326' title='bbox 2631 2050 2761 2132; x_wconf 64' lang='grc' dir='ltr'>περὶ</span> <span class='ocrx_word' id='word_1_327' title='bbox 2790 2049 3141 2132; x_wconf 59' lang='grc' dir='ltr'>Ξενοφάνην</span> <span class='ocrx_word' id='word_1_328' title='bbox 3161 2058 3286 2132; x_wconf 44' lang='lat' dir='ltr'><strong>erat</strong></span> <span class='ocrx_word' id='word_1_329' title='bbox 3316 2063 3720 2132; x_wconf 71' lang='grc' dir='ltr'><strong>Παρμενίδην,</strong></span> <span class='ocrx_word' id='word_1_330' title='bbox 3754 2065 3859 2131; x_wconf 81' lang='grc' dir='ltr'><strong>τὰς</strong></span> 
     </span>
    </p>
   </div>
   <div class='ocr_carea' id='block_1_42' title="bbox 2345 2117 3858 2201">
    <p class='ocr_par' dir='ltr' id='par_1_42' title="bbox 2345 2117 3858 2201">
     <span class='ocr_line' id='line_1_42' title="bbox 2345 2117 3858 2201; baseline 0.015 -34"><span class='ocrx_word' id='word_1_331' title='bbox 2345 2117 2659 2201; x_wconf 46' lang='grc' dir='ltr'>Εἰσᾷήσςις</span> <span class='ocrx_word' id='word_1_332' title='bbox 2698 2117 3111 2201; x_wconf 57' lang='grc' dir='ltr'>ἀιςαιροῦὶρταςί.</span> <span class='ocrx_word' id='word_1_333' title='bbox 3161 2127 3293 2201; x_wconf 61' lang='grc' dir='ltr'><strong>Ἀπὸ</strong></span> <span class='ocrx_word' id='word_1_334' title='bbox 3336 2117 3858 2201; x_wconf 57' lang='grc' dir='ltr'><strong>το’ῡ’ὀγδόόυ’τῶίο</strong></span> 
     </span>
    </p>
   </div>
   <div class='ocr_carea' id='block_1_43' title="bbox 2347 2187 3354 2264">
    <p class='ocr_par' dir='ltr' id='par_1_43' title="bbox 2347 2187 3354 2264">
     <span class='ocr_line' id='line_1_43' title="bbox 2347 2187 3354 2264; baseline 0.014 -26"><span class='ocrx_word' id='word_1_335' title='bbox 2347 2187 2480 2257; x_wconf 87' lang='grc' dir='ltr'>Περί</span> <span class='ocrx_word' id='word_1_336' title='bbox 2521 2187 2842 2259; x_wconf 72' lang='grc' dir='ltr'>φιλοσοφίας</span> <span class='ocrx_word' id='word_1_337' title='bbox 2885 2187 3354 2264; x_wconf 52' lang='grc' dir='ltr'>Ἀριστοκλέους.</span> 
     </span>
    </p>
   </div>
   <div class='ocr_carea' id='block_1_44' title="bbox 2353 2278 3858 2370">
    <p class='ocr_par' dir='ltr' id='par_1_44' title="bbox 2353 2278 3858 2370">
     <span class='ocr_line' id='line_1_44' title="bbox 2353 2278 3858 2370; baseline 0.016 -42"><span class='ocrx_word' id='word_1_338' title='bbox 2353 2297 2371 2327; x_wconf 80' lang='grc' dir='ltr'><strong>ι</strong></span> <span class='ocrx_word' id='word_1_339' title='bbox 2406 2278 2584 2332; x_wconf 76' lang='grc' dir='ltr'>’Ἄλλοι</span> <span class='ocrx_word' id='word_1_340' title='bbox 2618 2280 2662 2333; x_wconf 80' lang='grc' dir='ltr'>δ’</span> <span class='ocrx_word' id='word_1_341' title='bbox 2708 2283 2952 2350; x_wconf 79' lang='grc' dir='ltr'>ἐγένοντο</span> <span class='ocrx_word' id='word_1_342' title='bbox 2981 2287 3191 2352; x_wconf 79' lang='grc' dir='ltr'><strong>τούτοις</strong></span> <span class='ocrx_word' id='word_1_343' title='bbox 3244 2291 3342 2362; x_wconf 83' lang='grc' dir='ltr'>τὴν</span> <span class='ocrx_word' id='word_1_344' title='bbox 3372 2295 3622 2348; x_wconf 75' lang='grc' dir='ltr'>ἐναντίαν</span> <span class='ocrx_word' id='word_1_345' title='bbox 3672 2300 3858 2370; x_wconf 69' lang='grc' dir='ltr'>φωνὴν</span> 
     </span>
    </p>
   </div>
   <div class='ocr_carea' id='block_1_45' title="bbox 2280 2367 3860 2458">
    <p class='ocr_par' dir='ltr' id='par_1_45' title="bbox 2280 2367 3860 2458">
     <span class='ocr_line' id='line_1_45' title="bbox 2280 2367 3860 2458; baseline 0.015 -38"><span class='ocrx_word' id='word_1_346' title='bbox 2280 2367 2553 2437; x_wconf 60' lang='grc' dir='ltr'>ἀφιέντες</span> <span class='ocrx_word' id='word_1_347' title='bbox 2589 2372 2791 2427; x_wconf 76' lang='grc' dir='ltr'>οἴονται</span> <span class='ocrx_word' id='word_1_348' title='bbox 2817 2377 2925 2449; x_wconf 85' lang='grc' dir='ltr'>γὰρ</span> <span class='ocrx_word' id='word_1_349' title='bbox 2951 2378 3078 2443; x_wconf 85' lang='grc' dir='ltr'>δεῖν,</span> <span class='ocrx_word' id='word_1_350' title='bbox 3096 2380 3193 2444; x_wconf 83' lang='grc' dir='ltr'>τὰς</span> <span class='ocrx_word' id='word_1_351' title='bbox 3213 2383 3311 2451; x_wconf 82' lang='grc' dir='ltr'><strong>μὲν</strong></span> <span class='ocrx_word' id='word_1_352' title='bbox 3335 2385 3614 2458; x_wconf 80' lang='grc' dir='ltr'>αἰσθήσεις</span> <span class='ocrx_word' id='word_1_353' title='bbox 3641 2391 3736 2442; x_wconf 72' lang='grc' dir='ltr'><strong>καὶ</strong></span> <span class='ocrx_word' id='word_1_354' title='bbox 3760 2367 3860 2456; x_wconf 73' lang='grc' dir='ltr'><strong>τάς</strong></span> 
     </span>
    </p>
   </div>
   <div class='ocr_carea' id='block_1_46' title="bbox 2282 2463 3862 2550">
    <p class='ocr_par' dir='ltr' id='par_1_46' title="bbox 2282 2463 3862 2550">
     <span class='ocr_line' id='line_1_46' title="bbox 2282 2463 3862 2550; baseline 0.016 -39"><span class='ocrx_word' id='word_1_355' title='bbox 2282 2463 2581 2528; x_wconf 82' lang='grc' dir='ltr'>φαντασίας</span> <span class='ocrx_word' id='word_1_356' title='bbox 2610 2465 2984 2532; x_wconf 78' lang='grc' dir='ltr'>καταϐάλλειν,</span> <span class='ocrx_word' id='word_1_357' title='bbox 3021 2470 3168 2540; x_wconf 82' lang='grc' dir='ltr'>αὐτῷ</span> <span class='ocrx_word' id='word_1_358' title='bbox 3194 2471 3250 2524; x_wconf 84' lang='grc' dir='ltr'>δὲ</span> <span class='ocrx_word' id='word_1_359' title='bbox 3286 2475 3445 2543; x_wconf 85' lang='grc' dir='ltr'>μόνον</span> <span class='ocrx_word' id='word_1_360' title='bbox 3476 2478 3554 2547; x_wconf 81' lang='grc' dir='ltr'><strong>τῷ</strong></span> <span class='ocrx_word' id='word_1_361' title='bbox 3580 2478 3728 2550; x_wconf 84' lang='grc' dir='ltr'>λόγῳ</span> <span class='ocrx_word' id='word_1_362' title='bbox 3769 2499 3862 2536; x_wconf 89' lang='grc' dir='ltr'>πι-</span> 
     </span>
    </p>
   </div>
   <div class='ocr_carea' id='block_1_47' title="bbox 2282 2551 3855 2644">
    <p class='ocr_par' dir='ltr' id='par_1_47' title="bbox 2282 2551 3855 2644">
     <span class='ocr_line' id='line_1_47' title="bbox 2282 2551 3855 2644; baseline 0.014 -41"><span class='ocrx_word' id='word_1_363' title='bbox 2282 2551 2508 2606; x_wconf 83' lang='grc' dir='ltr'>στεύειν.</span> <span class='ocrx_word' id='word_1_364' title='bbox 2546 2555 2782 2611; x_wconf 84' lang='grc' dir='ltr'>Τοιαῦτα</span> <span class='ocrx_word' id='word_1_365' title='bbox 2804 2559 2912 2630; x_wconf 87' lang='grc' dir='ltr'><strong>γάρ</strong></span> <span class='ocrx_word' id='word_1_366' title='bbox 2939 2577 3058 2614; x_wconf 89' lang='grc' dir='ltr'>τινα</span> <span class='ocrx_word' id='word_1_367' title='bbox 3093 2562 3356 2634; x_wconf 84' lang='grc' dir='ltr'>πρότερον</span> <span class='ocrx_word' id='word_1_368' title='bbox 3391 2566 3486 2636; x_wconf 82' lang='grc' dir='ltr'><strong>μὲν</strong></span> <span class='ocrx_word' id='word_1_369' title='bbox 3513 2569 3855 2644; x_wconf 67' lang='grc' dir='ltr'>Ξενοφάνης,</span> 
     </span>
    </p>
   </div>
   <div class='ocr_carea' id='block_1_48' title="bbox 2282 2645 3855 2730">
    <p class='ocr_par' dir='ltr' id='par_1_48' title="bbox 2282 2645 3855 2730">
     <span class='ocr_line' id='line_1_48' title="bbox 2282 2645 3855 2730; baseline 0.013 -35"><span class='ocrx_word' id='word_1_370' title='bbox 2282 2645 2373 2696; x_wconf 74' lang='grc' dir='ltr'><strong>καὶ</strong></span> <span class='ocrx_word' id='word_1_371' title='bbox 2404 2645 2766 2719; x_wconf 80' lang='grc' dir='ltr'>Παρμενίδης,</span> <span class='ocrx_word' id='word_1_372' title='bbox 2805 2651 2897 2703; x_wconf 74' lang='grc' dir='ltr'><strong>καὶ</strong></span> <span class='ocrx_word' id='word_1_373' title='bbox 2927 2653 3133 2720; x_wconf 85' lang='grc' dir='ltr'>Ζήνων,</span> <span class='ocrx_word' id='word_1_374' title='bbox 3182 2656 3274 2708; x_wconf 73' lang='grc' dir='ltr'>καὶ</span> <span class='ocrx_word' id='word_1_375' title='bbox 3317 2657 3585 2722; x_wconf 74' lang='grc' dir='ltr'>Μέλισσος</span> <span class='ocrx_word' id='word_1_376' title='bbox 3627 2661 3814 2730; x_wconf 74' lang='grc' dir='ltr'>ἔλεγον</span> <span class='ocrx_word' id='word_1_377' title='bbox 3843 2707 3855 2729; x_wconf 89' lang='grc'><strong>,</strong></span> 
     </span>
    </p>
   </div>
   <div class='ocr_carea' id='block_1_49' title="bbox 2285 2734 3856 2822">
    <p class='ocr_par' dir='ltr' id='par_1_49' title="bbox 2285 2734 3856 2822">
     <span class='ocr_line' id='line_1_49' title="bbox 2285 2734 3856 2822; baseline 0.014 -36"><span class='ocrx_word' id='word_1_378' title='bbox 2285 2734 2510 2806; x_wconf 82' lang='grc' dir='ltr'>ὓστερον</span> <span class='ocrx_word' id='word_1_379' title='bbox 2539 2739 2582 2788; x_wconf 83' lang='grc' dir='ltr'>δ’</span> <span class='ocrx_word' id='word_1_380' title='bbox 2612 2740 2659 2790; x_wconf 86' lang='grc' dir='ltr'><strong>οἰ</strong></span> <span class='ocrx_word' id='word_1_381' title='bbox 2689 2741 2817 2811; x_wconf 72' lang='grc' dir='ltr'>περὶ</span> <span class='ocrx_word' id='word_1_382' title='bbox 2849 2742 3130 2796; x_wconf 76' lang='grc' dir='ltr'><strong>Στίλπωνα</strong></span> <span class='ocrx_word' id='word_1_383' title='bbox 3169 2747 3265 2798; x_wconf 76' lang='grc' dir='ltr'><strong>καὶ</strong></span> <span class='ocrx_word' id='word_1_384' title='bbox 3311 2751 3438 2812; x_wconf 79' lang='grc' dir='ltr'>τοὺς</span> <span class='ocrx_word' id='word_1_385' title='bbox 3481 2752 3856 2822; x_wconf 77' lang='grc' dir='ltr'><strong>Μεγαρικούς.</strong></span> 
     </span>
    </p>
   </div>
   <div class='ocr_carea' id='block_1_50' title="bbox 2286 2825 3860 2916">
    <p class='ocr_par' dir='ltr' id='par_1_50' title="bbox 2286 2825 3860 2916">
     <span class='ocr_line' id='line_1_50' title="bbox 2286 2825 3860 2916; baseline 0.013 -39"><span class='ocrx_word' id='word_1_386' title='bbox 2286 2825 2446 2879; x_wconf 85' lang='grc' dir='ltr'>Ὅθεν</span> <span class='ocrx_word' id='word_1_387' title='bbox 2478 2828 2660 2897; x_wconf 69' lang='grc' dir='ltr'>ἠξίουν</span> <span class='ocrx_word' id='word_1_388' title='bbox 2691 2825 2838 2885; x_wconf 77' lang='grc' dir='ltr'>οὗτοί</span> <span class='ocrx_word' id='word_1_389' title='bbox 2869 2850 2931 2902; x_wconf 88' lang='grc' dir='ltr'><strong>γε</strong></span> <span class='ocrx_word' id='word_1_390' title='bbox 2964 2834 3024 2886; x_wconf 75' lang='grc' dir='ltr'>τὸ</span> <span class='ocrx_word' id='word_1_391' title='bbox 3053 2834 3112 2888; x_wconf 79' lang='grc' dir='ltr'>ὃν</span> <span class='ocrx_word' id='word_1_392' title='bbox 3139 2835 3195 2889; x_wconf 77' lang='grc' dir='ltr'><strong>ἓν</strong></span> <span class='ocrx_word' id='word_1_393' title='bbox 3222 2835 3382 2902; x_wconf 80' lang='grc' dir='ltr'>εἶναι,</span> <span class='ocrx_word' id='word_1_394' title='bbox 3433 2842 3526 2893; x_wconf 81' lang='grc' dir='ltr'>καὶ</span> <span class='ocrx_word' id='word_1_395' title='bbox 3575 2845 3637 2896; x_wconf 87' lang='grc' dir='ltr'>τὸ</span> <span class='ocrx_word' id='word_1_396' title='bbox 3672 2844 3750 2916; x_wconf 84' lang='grc' dir='ltr'><strong>μὴ</strong></span> <span class='ocrx_word' id='word_1_397' title='bbox 3801 2847 3860 2899; x_wconf 80' lang='grc' dir='ltr'><strong>δν</strong></span> 
     </span>
    </p>
   </div>
   <div class='ocr_carea' id='block_1_51' title="bbox 2284 2915 3865 3009">
    <p class='ocr_par' dir='ltr' id='par_1_51' title="bbox 2284 2915 3865 3009">
     <span class='ocr_line' id='line_1_51' title="bbox 2284 2915 3865 3009; baseline 0.012 -39"><span class='ocrx_word' id='word_1_398' title='bbox 2284 2917 2467 2988; x_wconf 76' lang='grc' dir='ltr'>ἓτερον</span> <span class='ocrx_word' id='word_1_399' title='bbox 2495 2915 2632 2973; x_wconf 83' lang='grc' dir='ltr'>εἶναι</span> <span class='ocrx_word' id='word_1_400' title='bbox 2679 2922 2811 2989; x_wconf 76' lang='lat'><strong>(95&#39;),</strong></span> <span class='ocrx_word' id='word_1_401' title='bbox 2845 2926 2979 2995; x_wconf 83' lang='grc' dir='ltr'>μηδὲ</span> <span class='ocrx_word' id='word_1_402' title='bbox 3025 2929 3314 2995; x_wconf 79' lang='grc' dir='ltr'>γεννάσθαί</span> <span class='ocrx_word' id='word_1_403' title='bbox 3346 2949 3417 2994; x_wconf 90' lang='grc' dir='ltr'><strong>τι,</strong></span> <span class='ocrx_word' id='word_1_404' title='bbox 3478 2935 3613 3004; x_wconf 78' lang='grc' dir='ltr'>μηδὲ</span> <span class='ocrx_word' id='word_1_405' title='bbox 3643 2915 3865 3009; x_wconf 75' lang='grc' dir='ltr'>φθείρε-</span> 
     </span>
    </p>
   </div>
   <div class='ocr_carea' id='block_1_52' title="bbox 2289 3013 3862 3096">
    <p class='ocr_par' dir='ltr' id='par_1_52' title="bbox 2289 3013 3862 3096">
     <span class='ocr_line' id='line_1_52' title="bbox 2289 3013 3862 3096; baseline 0.011 -32"><span class='ocrx_word' id='word_1_406' title='bbox 2289 3013 2430 3077; x_wconf 84' lang='grc' dir='ltr'>σθαι,</span> <span class='ocrx_word' id='word_1_407' title='bbox 2457 3014 2588 3085; x_wconf 83' lang='grc' dir='ltr'>μηδὲ</span> <span class='ocrx_word' id='word_1_408' title='bbox 2615 3017 2878 3071; x_wconf 87' lang='grc' dir='ltr'>κινεῖσθαι</span> <span class='ocrx_word' id='word_1_409' title='bbox 2905 3020 2968 3072; x_wconf 81' lang='grc' dir='ltr'>τὸ</span> <span class='ocrx_word' id='word_1_410' title='bbox 2995 3024 3275 3092; x_wconf 86' lang='grc' dir='ltr'>παράπαν.</span> <span class='ocrx_word' id='word_1_411' title='bbox 3311 3025 3413 3078; x_wconf 83' lang='grc' dir='ltr'><strong>Τὸν</strong></span> <span class='ocrx_word' id='word_1_412' title='bbox 3443 3026 3542 3096; x_wconf 85' lang='grc' dir='ltr'><strong>μὲν</strong></span> <span class='ocrx_word' id='word_1_413' title='bbox 3571 3024 3666 3081; x_wconf 81' lang='grc' dir='ltr'><strong>οὖν</strong></span> <span class='ocrx_word' id='word_1_414' title='bbox 3688 3029 3862 3083; x_wconf 77' lang='grc' dir='ltr'>πλείω</span> 
     </span>
    </p>
   </div>
   <div class='ocr_carea' id='block_1_53' title="bbox 2288 3105 3688 3188">
    <p class='ocr_par' dir='ltr' id='par_1_53' title="bbox 2288 3105 3688 3188">
     <span class='ocr_line' id='line_1_53' title="bbox 2288 3105 3688 3188; baseline -0.006 -10"><span class='ocrx_word' id='word_1_415' title='bbox 2288 3105 2422 3176; x_wconf 61' lang='grc' dir='ltr'><strong>πρὸς</strong></span> <span class='ocrx_word' id='word_1_416' title='bbox 2472 3105 2693 3171; x_wconf 79' lang='grc' dir='ltr'>τούτους</span> <span class='ocrx_word' id='word_1_417' title='bbox 2746 3109 2900 3179; x_wconf 84' lang='grc' dir='ltr'>λόγον</span> <span class='ocrx_word' id='word_1_418' title='bbox 2956 3113 3192 3183; x_wconf 78' lang='grc' dir='ltr'>ἐσόμεθα</span> <span class='ocrx_word' id='word_1_419' title='bbox 3236 3116 3688 3188; x_wconf 70' lang='grc' dir='ltr'><strong>ιριλοιιόιροῦντες⁸</strong></span> 
     </span>
    </p>
   </div>
   <div class='ocr_carea' id='block_1_54' title="bbox 2290 3194 3867 3278">
    <p class='ocr_par' dir='ltr' id='par_1_54' title="bbox 2290 3194 3867 3278">
     <span class='ocr_line' id='line_1_54' title="bbox 2290 3194 3867 3278; baseline 0.01 -33"><span class='ocrx_word' id='word_1_420' title='bbox 2290 3194 2467 3266; x_wconf 83' lang='grc' dir='ltr'>μέντοι</span> <span class='ocrx_word' id='word_1_421' title='bbox 2495 3197 2630 3266; x_wconf 85' lang='grc' dir='ltr'>πρὸς</span> <span class='ocrx_word' id='word_1_422' title='bbox 2659 3197 2815 3252; x_wconf 81' lang='grc' dir='ltr'>τοῦτο</span> <span class='ocrx_word' id='word_1_423' title='bbox 2863 3199 3100 3256; x_wconf 81' lang='grc' dir='ltr'>λεκτέον.</span> <span class='ocrx_word' id='word_1_424' title='bbox 3147 3203 3407 3275; x_wconf 77' lang='grc' dir='ltr'>Εἴποιμεν</span> <span class='ocrx_word' id='word_1_425' title='bbox 3437 3206 3544 3278; x_wconf 82' lang='grc' dir='ltr'>γὰρ</span> <span class='ocrx_word' id='word_1_426' title='bbox 3583 3206 3650 3260; x_wconf 83' lang='grc' dir='ltr'>ἂν</span> <span class='ocrx_word' id='word_1_427' title='bbox 3674 3248 3688 3272; x_wconf 94' lang='grc'><strong>,</strong></span> <span class='ocrx_word' id='word_1_428' title='bbox 3725 3209 3807 3272; x_wconf 84' lang='grc' dir='ltr'>ὡς</span> <span class='ocrx_word' id='word_1_429' title='bbox 3837 3211 3867 3260; x_wconf 76' lang='grc' dir='ltr'><strong>δ</strong></span> 
     </span>
    </p>
   </div>
   <div class='ocr_carea' id='block_1_55' title="bbox 3746 3124 3866 3174">
    <p class='ocr_par' dir='ltr' id='par_1_55' title="bbox 3746 3124 3866 3174">
     <span class='ocr_line' id='line_1_55' title="bbox 3746 3124 3866 3174; baseline 0 -1"><span class='ocrx_word' id='word_1_430' title='bbox 3746 3124 3866 3174; x_wconf 74' lang='grc' dir='ltr'>νυνὶ</span> 
     </span>
    </p>
   </div>
   <div class='ocr_carea' id='block_1_56' title="bbox 613 3282 2181 3369">
    <p class='ocr_par' dir='ltr' id='par_1_56' title="bbox 613 3282 2181 3348">
     <span class='ocr_line' id='line_1_56' title="bbox 613 3282 2181 3348; baseline 0.008 -13"><span class='ocrx_word' id='word_1_431' title='bbox 613 3282 827 3339; x_wconf 88' lang='lat' dir='ltr'><strong>Partem</strong></span> <span class='ocrx_word' id='word_1_432' title='bbox 856 3287 1024 3341; x_wconf 90' lang='lat' dir='ltr'><strong>nostri</strong></span> <span class='ocrx_word' id='word_1_433' title='bbox 1068 3287 1463 3341; x_wconf 91' lang='lat' dir='ltr'><strong>divinissimam</strong></span> <span class='ocrx_word' id='word_1_434' title='bbox 1499 3305 1620 3344; x_wconf 90' lang='lat' dir='ltr'><strong>esse</strong></span> <span class='ocrx_word' id='word_1_435' title='bbox 1647 3290 1914 3346; x_wconf 87' lang='lat' dir='ltr'><strong>rationem</strong></span> <span class='ocrx_word' id='word_1_436' title='bbox 1948 3293 2181 3348; x_wconf 77' lang='lat' dir='ltr'><strong>fatemur</strong></span> 
     </span>
    </p>
   </div>
   <div class='ocr_carea' id='block_1_57' title="bbox 2289 3282 3870 3369">
    <p class='ocr_par' dir='ltr' id='par_1_57' title="bbox 2289 3283 3870 3369">
     <span class='ocr_line' id='line_1_57' title="bbox 2289 3283 3870 3369; baseline 0.013 -35"><span class='ocrx_word' id='word_1_437' title='bbox 2289 3283 2385 3353; x_wconf 82' lang='grc' dir='ltr'><strong>μὲν</strong></span> <span class='ocrx_word' id='word_1_438' title='bbox 2416 3285 2568 3354; x_wconf 89' lang='grc' dir='ltr'>λόγος</span> <span class='ocrx_word' id='word_1_439' title='bbox 2597 3288 2753 3357; x_wconf 76' lang='grc' dir='ltr'>ἡμῶν</span> <span class='ocrx_word' id='word_1_440' title='bbox 2791 3289 2876 3359; x_wconf 72' lang='grc' dir='ltr'><strong>εἴη</strong></span> <span class='ocrx_word' id='word_1_441' title='bbox 2907 3291 2969 3343; x_wconf 82' lang='grc' dir='ltr'><strong>τὸ</strong></span> <span class='ocrx_word' id='word_1_442' title='bbox 3001 3291 3303 3348; x_wconf 76' lang='grc' dir='ltr'>θειότατονο</span> <span class='ocrx_word' id='word_1_443' title='bbox 3348 3298 3408 3351; x_wconf 77' lang='grc' dir='ltr'><strong>ού</strong></span> <span class='ocrx_word' id='word_1_444' title='bbox 3451 3291 3556 3369; x_wconf 78' lang='grc' dir='ltr'><strong>μὴν</strong></span> <span class='ocrx_word' id='word_1_445' title='bbox 3603 3299 3744 3353; x_wconf 78' lang='grc' dir='ltr'>ἀλλὰ</span> <span class='ocrx_word' id='word_1_446' title='bbox 3785 3301 3870 3355; x_wconf 75' lang='grc' dir='ltr'>δεῖ</span> 
     </span>
    </p>
   </div>
   <div class='ocr_carea' id='block_1_58' title="bbox 614 3377 2182 3453">
    <p class='ocr_par' dir='ltr' id='par_1_58' title="bbox 614 3377 2182 3453">
     <span class='ocr_line' id='line_1_58' title="bbox 614 3377 2182 3453; baseline 0.006 -24"><span class='ocrx_word' id='word_1_447' title='bbox 614 3377 717 3444; x_wconf 86' lang='lat' dir='ltr'><strong>ipsi</strong></span> <span class='ocrx_word' id='word_1_448' title='bbox 753 3391 1002 3446; x_wconf 91' lang='lat' dir='ltr'><strong>quoque:</strong></span> <span class='ocrx_word' id='word_1_449' title='bbox 1035 3377 1129 3432; x_wconf 88' lang='lat' dir='ltr'><strong>sed</strong></span> <span class='ocrx_word' id='word_1_450' title='bbox 1184 3386 1364 3431; x_wconf 80' lang='lat' dir='ltr'><strong>tamen</strong></span> <span class='ocrx_word' id='word_1_451' title='bbox 1415 3395 1576 3433; x_wconf 89' lang='lat' dir='ltr'><strong>sensu</strong></span> <span class='ocrx_word' id='word_1_452' title='bbox 1610 3390 1891 3449; x_wconf 69' lang='lat' dir='ltr'><strong>prmterea,</strong></span> <span class='ocrx_word' id='word_1_453' title='bbox 1925 3385 2182 3453; x_wconf 85' lang='lat' dir='ltr'><strong>quemad-</strong></span> 
     </span>
    </p>
   </div>
   <div class='ocr_carea' id='block_1_59' title="bbox 613 3468 2174 3538">
    <p class='ocr_par' dir='ltr' id='par_1_59' title="bbox 613 3468 2174 3538">
     <span class='ocr_line' id='line_1_59' title="bbox 613 3468 2174 3538; baseline 0.007 -19"><span class='ocrx_word' id='word_1_454' title='bbox 613 3468 834 3520; x_wconf 87' lang='lat' dir='ltr'><strong>modum</strong></span> <span class='ocrx_word' id='word_1_455' title='bbox 875 3477 928 3522; x_wconf 91' lang='lat' dir='ltr'><strong>et</strong></span> <span class='ocrx_word' id='word_1_456' title='bbox 971 3484 1221 3537; x_wconf 88' lang='lat' dir='ltr'><strong>corpore,</strong></span> <span class='ocrx_word' id='word_1_457' title='bbox 1270 3470 1595 3538; x_wconf 80' lang='lat' dir='ltr'><strong>indigemus.</strong></span> <span class='ocrx_word' id='word_1_458' title='bbox 1661 3474 1724 3527; x_wconf 83' lang='lat' dir='ltr'><strong>Et</strong></span> <span class='ocrx_word' id='word_1_459' title='bbox 1776 3491 1906 3528; x_wconf 90' lang='lat' dir='ltr'><strong>vero</strong></span> <span class='ocrx_word' id='word_1_460' title='bbox 1951 3491 2174 3531; x_wconf 87' lang='lat' dir='ltr'><strong>sensum</strong></span> 
     </span>
    </p>
   </div>
   <div class='ocr_carea' id='block_1_60' title="bbox 613 3559 2183 3637">
    <p class='ocr_par' dir='ltr' id='par_1_60' title="bbox 613 3559 2183 3637">
     <span class='ocr_line' id='line_1_60' title="bbox 613 3559 2183 3637; baseline 0.006 -25"><span class='ocrx_word' id='word_1_461' title='bbox 613 3559 777 3612; x_wconf 86' lang='lat' dir='ltr'><strong>etiam</strong></span> <span class='ocrx_word' id='word_1_462' title='bbox 810 3560 874 3612; x_wconf 86' lang='lat' dir='ltr'><strong>ad</strong></span> <span class='ocrx_word' id='word_1_463' title='bbox 914 3561 1269 3628; x_wconf 89' lang='lat' dir='ltr'><strong>promendum</strong></span> <span class='ocrx_word' id='word_1_464' title='bbox 1299 3578 1484 3616; x_wconf 87' lang='lat' dir='ltr'><strong>verum</strong></span> <span class='ocrx_word' id='word_1_465' title='bbox 1512 3575 1703 3634; x_wconf 86' lang='lat' dir='ltr'><strong>suapte</strong></span> <span class='ocrx_word' id='word_1_466' title='bbox 1732 3575 1927 3620; x_wconf 88' lang='lat' dir='ltr'><strong>natura</strong></span> <span class='ocrx_word' id='word_1_467' title='bbox 1963 3582 2183 3637; x_wconf 90' lang='lat' dir='ltr'><strong>compa-</strong></span> 
     </span>
    </p>
   </div>
   <div class='ocr_carea' id='block_1_61' title="bbox 615 3650 2176 3718">
    <p class='ocr_par' dir='ltr' id='par_1_61' title="bbox 615 3650 2176 3718">
     <span class='ocr_line' id='line_1_61' title="bbox 615 3650 2176 3718; baseline 0.006 -18"><span class='ocrx_word' id='word_1_468' title='bbox 615 3658 794 3701; x_wconf 90' lang='lat' dir='ltr'><strong>ratum</strong></span> <span class='ocrx_word' id='word_1_469' title='bbox 837 3665 978 3714; x_wconf 85' lang='lat' dir='ltr'><strong>esse,</strong></span> <span class='ocrx_word' id='word_1_470' title='bbox 1014 3650 1117 3704; x_wconf 90' lang='lat' dir='ltr'><strong>hoc</strong></span> <span class='ocrx_word' id='word_1_471' title='bbox 1166 3661 1488 3718; x_wconf 82' lang='lat' dir='ltr'><strong>argumento</strong></span> <span class='ocrx_word' id='word_1_472' title='bbox 1537 3655 1823 3709; x_wconf 79' lang='lat' dir='ltr'><strong>manifeste</strong></span> <span class='ocrx_word' id='word_1_473' title='bbox 1870 3657 2176 3710; x_wconf 81' lang='lat' dir='ltr'><strong>conficitur.</strong></span> 
     </span>
    </p>
   </div>
   <div class='ocr_carea' id='block_1_62' title="bbox 617 3740 2184 3817">
    <p class='ocr_par' dir='ltr' id='par_1_62' title="bbox 617 3740 2184 3817">
     <span class='ocr_line' id='line_1_62' title="bbox 617 3740 2184 3817; baseline 0.008 -26"><span class='ocrx_word' id='word_1_474' title='bbox 617 3740 717 3805; x_wconf 95' lang='lat' dir='ltr'><strong>Qui</strong></span> <span class='ocrx_word' id='word_1_475' title='bbox 750 3743 934 3807; x_wconf 87' lang='lat' dir='ltr'><strong>sentit,</strong></span> <span class='ocrx_word' id='word_1_476' title='bbox 983 3743 1120 3796; x_wconf 90' lang='lat' dir='ltr'><strong>idem</strong></span> <span class='ocrx_word' id='word_1_477' title='bbox 1174 3746 1305 3813; x_wconf 91' lang='lat' dir='ltr'><strong>quin</strong></span> <span class='ocrx_word' id='word_1_478' title='bbox 1355 3747 1559 3814; x_wconf 89' lang='lat' dir='ltr'><strong>aliquid</strong></span> <span class='ocrx_word' id='word_1_479' title='bbox 1591 3748 1848 3817; x_wconf 83' lang='lat' dir='ltr'><strong>patiatur,</strong></span> <span class='ocrx_word' id='word_1_480' title='bbox 1881 3749 1994 3803; x_wconf 80' lang='lat' dir='ltr'><strong>fieri</strong></span> <span class='ocrx_word' id='word_1_481' title='bbox 2033 3750 2184 3803; x_wconf 88' lang='lat' dir='ltr'><strong>nullo</strong></span> 
     </span>
    </p>
   </div>
   <div class='ocr_carea' id='block_1_63' title="bbox 618 3832 2182 3912">
    <p class='ocr_par' dir='ltr' id='par_1_63' title="bbox 618 3832 2182 3912">
     <span class='ocr_line' id='line_1_63' title="bbox 618 3832 2182 3912; baseline 0.007 -25"><span class='ocrx_word' id='word_1_482' title='bbox 618 3832 781 3887; x_wconf 83' lang='lat' dir='ltr'><strong>modo</strong></span> <span class='ocrx_word' id='word_1_483' title='bbox 821 3843 1020 3904; x_wconf 85' lang='lat' dir='ltr'><strong>potest.</strong></span> <span class='ocrx_word' id='word_1_484' title='bbox 1064 3837 1250 3908; x_wconf 87' lang='lat' dir='ltr'><strong>Atqui</strong></span> <span class='ocrx_word' id='word_1_485' title='bbox 1289 3841 1520 3908; x_wconf 89' lang='lat' dir='ltr'><strong>patitur,</strong></span> <span class='ocrx_word' id='word_1_486' title='bbox 1553 3841 1658 3894; x_wconf 91' lang='lat' dir='ltr'><strong>hoc</strong></span> <span class='ocrx_word' id='word_1_487' title='bbox 1695 3843 1872 3910; x_wconf 88' lang='lat' dir='ltr'><strong>ipsum</strong></span> <span class='ocrx_word' id='word_1_488' title='bbox 1903 3843 2048 3912; x_wconf 89' lang='lat' dir='ltr'><strong>quod</strong></span> <span class='ocrx_word' id='word_1_489' title='bbox 2093 3860 2182 3912; x_wconf 87' lang='lat' dir='ltr'><strong>pa-</strong></span> 
     </span>
    </p>
   </div>
   <div class='ocr_carea' id='block_1_64' title="bbox 615 3923 2184 4004">
    <p class='ocr_par' dir='ltr' id='par_1_64' title="bbox 615 3923 2184 4004">
     <span class='ocr_line' id='line_1_64' title="bbox 615 3923 2184 4004; baseline 0.008 -27"><span class='ocrx_word' id='word_1_490' title='bbox 615 3923 766 3986; x_wconf 88' lang='lat' dir='ltr'><strong>titur,</strong></span> <span class='ocrx_word' id='word_1_491' title='bbox 795 3935 1084 3994; x_wconf 83' lang='lat' dir='ltr'><strong>cognoscat</strong></span> <span class='ocrx_word' id='word_1_492' title='bbox 1125 3944 1347 3984; x_wconf 88' lang='lat' dir='ltr'><strong>necesse</strong></span> <span class='ocrx_word' id='word_1_493' title='bbox 1375 3941 1477 3984; x_wconf 91' lang='lat' dir='ltr'><strong>est.</strong></span> <span class='ocrx_word' id='word_1_494' title='bbox 1523 3930 1727 3985; x_wconf 90' lang='lat' dir='ltr'><strong>Sensus</strong></span> <span class='ocrx_word' id='word_1_495' title='bbox 1755 3933 1918 4002; x_wconf 87' lang='lat' dir='ltr'><strong>igitur</strong></span> <span class='ocrx_word' id='word_1_496' title='bbox 1945 3936 2184 4004; x_wconf 84' lang='lat' dir='ltr'><strong>cognitio</strong></span> 
     </span>
    </p>
   </div>
   <div class='ocr_carea' id='block_1_65' title="bbox 616 4012 2186 4092">
    <p class='ocr_par' dir='ltr' id='par_1_65' title="bbox 616 4012 2186 4092">
     <span class='ocr_line' id='line_1_65' title="bbox 616 4012 2186 4092; baseline 0.01 -26"><span class='ocrx_word' id='word_1_497' title='bbox 616 4012 862 4083; x_wconf 64' lang='lat' dir='ltr'><strong>quaedam</strong></span> <span class='ocrx_word' id='word_1_498' title='bbox 907 4025 1007 4069; x_wconf 86' lang='lat' dir='ltr'><strong>est.</strong></span> <span class='ocrx_word' id='word_1_499' title='bbox 1063 4015 1180 4071; x_wconf 89' lang='lat' dir='ltr'><strong>Jam</strong></span> <span class='ocrx_word' id='word_1_500' title='bbox 1228 4020 1273 4074; x_wconf 91' lang='lat' dir='ltr'><strong>si</strong></span> <span class='ocrx_word' id='word_1_501' title='bbox 1317 4021 1520 4077; x_wconf 90' lang='lat' dir='ltr'><strong>sentire</strong></span> <span class='ocrx_word' id='word_1_502' title='bbox 1571 4023 1680 4091; x_wconf 89' lang='lat' dir='ltr'><strong>pati</strong></span> <span class='ocrx_word' id='word_1_503' title='bbox 1716 4024 1921 4092; x_wconf 90' lang='lat' dir='ltr'><strong>aliquid</strong></span> <span class='ocrx_word' id='word_1_504' title='bbox 1975 4033 2081 4090; x_wconf 86' lang='lat' dir='ltr'><strong>est,</strong></span> <span class='ocrx_word' id='word_1_505' title='bbox 2133 4036 2186 4082; x_wconf 91' lang='lat' dir='ltr'><strong>et</strong></span> 
     </span>
    </p>
   </div>
   <div class='ocr_carea' id='block_1_66' title="bbox 618 4103 2186 4186">
    <p class='ocr_par' dir='ltr' id='par_1_66' title="bbox 618 4103 2186 4186">
     <span class='ocr_line' id='line_1_66' title="bbox 618 4103 2186 4186; baseline 0.01 -30"><span class='ocrx_word' id='word_1_506' title='bbox 618 4103 880 4173; x_wconf 86' lang='lat' dir='ltr'><strong>quidquid</strong></span> <span class='ocrx_word' id='word_1_507' title='bbox 929 4108 1151 4175; x_wconf 88' lang='lat' dir='ltr'><strong>patitur,</strong></span> <span class='ocrx_word' id='word_1_508' title='bbox 1207 4113 1274 4162; x_wconf 80' lang='lat' dir='ltr'><strong>al)</strong></span> <span class='ocrx_word' id='word_1_509' title='bbox 1330 4113 1514 4179; x_wconf 87' lang='lat' dir='ltr'><strong>aliquo</strong></span> <span class='ocrx_word' id='word_1_510' title='bbox 1555 4114 1796 4182; x_wconf 85' lang='lat' dir='ltr'><strong>patitur,</strong></span> <span class='ocrx_word' id='word_1_511' title='bbox 1845 4127 2186 4186; x_wconf 86' lang='lat' dir='ltr'><strong>consequens</strong></span> 
     </span>
    </p>
   </div>
   <div class='ocr_carea' id='block_1_67' title="bbox 619 4196 2188 4276">
    <p class='ocr_par' dir='ltr' id='par_1_67' title="bbox 619 4196 2188 4276">
     <span class='ocr_line' id='line_1_67' title="bbox 619 4196 2188 4276; baseline 0.01 -30"><span class='ocrx_word' id='word_1_512' title='bbox 619 4196 846 4249; x_wconf 87' lang='lat' dir='ltr'><strong>cmnino</strong></span> <span class='ocrx_word' id='word_1_513' title='bbox 875 4206 974 4259; x_wconf 91' lang='lat' dir='ltr'><strong>est,</strong></span> <span class='ocrx_word' id='word_1_514' title='bbox 1022 4199 1164 4266; x_wconf 80' lang='lat' dir='ltr'><strong>quod</strong></span> <span class='ocrx_word' id='word_1_515' title='bbox 1196 4200 1374 4259; x_wconf 73' lang='lat' dir='ltr'><strong>efﬁcit.</strong></span> <span class='ocrx_word' id='word_1_516' title='bbox 1427 4204 1496 4256; x_wconf 85' lang='lat' dir='ltr'><strong>ab</strong></span> <span class='ocrx_word' id='word_1_517' title='bbox 1529 4218 1594 4257; x_wconf 91' lang='lat' dir='ltr'><strong>eo</strong></span> <span class='ocrx_word' id='word_1_518' title='bbox 1621 4205 1766 4273; x_wconf 91' lang='lat' dir='ltr'><strong>quod</strong></span> <span class='ocrx_word' id='word_1_519' title='bbox 1819 4206 2020 4276; x_wconf 89' lang='lat' dir='ltr'><strong>patitur</strong></span> <span class='ocrx_word' id='word_1_520' title='bbox 2071 4222 2188 4262; x_wconf 83' lang='lat' dir='ltr'><strong>esse</strong></span> 
     </span>
    </p>
   </div>
   <div class='ocr_carea' id='block_1_68' title="bbox 619 4287 2185 4368">
    <p class='ocr_par' dir='ltr' id='par_1_68' title="bbox 619 4287 2185 4368">
     <span class='ocr_line' id='line_1_68' title="bbox 619 4287 2185 4368; baseline 0.008 -28"><span class='ocrx_word' id='word_1_521' title='bbox 619 4287 913 4341; x_wconf 89' lang='lat' dir='ltr'><strong>diversum.</strong></span> <span class='ocrx_word' id='word_1_522' title='bbox 976 4289 1250 4347; x_wconf 88' lang='lat' dir='ltr'><strong>Habemus</strong></span> <span class='ocrx_word' id='word_1_523' title='bbox 1282 4308 1412 4363; x_wconf 87' lang='lat' dir='ltr'><strong>ergo</strong></span> <span class='ocrx_word' id='word_1_524' title='bbox 1462 4294 1699 4364; x_wconf 90' lang='lat' dir='ltr'><strong>primum</strong></span> <span class='ocrx_word' id='word_1_525' title='bbox 1757 4296 1809 4350; x_wconf 91' lang='lat' dir='ltr'><strong>id</strong></span> <span class='ocrx_word' id='word_1_526' title='bbox 1858 4313 2000 4361; x_wconf 90' lang='lat' dir='ltr'><strong>esse,</strong></span> <span class='ocrx_word' id='word_1_527' title='bbox 2043 4300 2185 4368; x_wconf 90' lang='lat' dir='ltr'><strong>quod</strong></span> 
     </span>
    </p>
   </div>
   <div class='ocr_carea' id='block_1_69' title="bbox 621 4377 2185 4454">
    <p class='ocr_par' dir='ltr' id='par_1_69' title="bbox 621 4377 2185 4454">
     <span class='ocr_line' id='line_1_69' title="bbox 621 4377 2185 4454; baseline 0.005 -23"><span class='ocrx_word' id='word_1_528' title='bbox 621 4377 894 4454; x_wconf 74' lang='lat' dir='ltr'><strong>diversum</strong></span> <span class='ocrx_word' id='word_1_529' title='bbox 931 4389 1175 4443; x_wconf 88' lang='lat' dir='ltr'><strong>vocatur,</strong></span> <span class='ocrx_word' id='word_1_530' title='bbox 1209 4383 1518 4450; x_wconf 88' lang='lat' dir='ltr'><strong>cujusmodi</strong></span> <span class='ocrx_word' id='word_1_531' title='bbox 1556 4395 1684 4438; x_wconf 89' lang='lat' dir='ltr'><strong>sunt</strong></span> <span class='ocrx_word' id='word_1_532' title='bbox 1719 4384 1870 4438; x_wconf 89' lang='lat' dir='ltr'><strong>color</strong></span> <span class='ocrx_word' id='word_1_533' title='bbox 1901 4393 2063 4454; x_wconf 88' lang='lat' dir='ltr'><strong>atque</strong></span> <span class='ocrx_word' id='word_1_534' title='bbox 2094 4401 2185 4439; x_wconf 82' lang='lat' dir='ltr'><strong>so-</strong></span> 
     </span>
    </p>
   </div>
   <div class='ocr_carea' id='block_1_70' title="bbox 622 4445 2184 4546">
    <p class='ocr_par' dir='ltr' id='par_1_70' title="bbox 622 4445 2184 4546">
     <span class='ocr_line' id='line_1_70' title="bbox 622 4445 2184 4546; baseline 0.008 -27"><span class='ocrx_word' id='word_1_535' title='bbox 622 4482 763 4533; x_wconf 92' lang='lat' dir='ltr'><strong>nus;</strong></span> <span class='ocrx_word' id='word_1_536' title='bbox 803 4445 996 4523; x_wconf 61' lang='lat' dir='ltr'><strong>deinde</strong></span> <span class='ocrx_word' id='word_1_537' title='bbox 1044 4472 1305 4541; x_wconf 89' lang='lat' dir='ltr'><strong>quidquid</strong></span> <span class='ocrx_word' id='word_1_538' title='bbox 1363 4483 1470 4537; x_wconf 83' lang='lat' dir='ltr'><strong>est,</strong></span> <span class='ocrx_word' id='word_1_539' title='bbox 1506 4489 1612 4528; x_wconf 90' lang='lat' dir='ltr'><strong>non</strong></span> <span class='ocrx_word' id='word_1_540' title='bbox 1659 4491 1779 4530; x_wconf 83' lang='lat' dir='ltr'><strong>esse</strong></span> <span class='ocrx_word' id='word_1_541' title='bbox 1819 4477 1946 4546; x_wconf 88' lang='lat' dir='ltr'><strong>quid</strong></span> <span class='ocrx_word' id='word_1_542' title='bbox 1994 4493 2184 4532; x_wconf 90' lang='lat' dir='ltr'><strong>unum.</strong></span> 
     </span>
    </p>
   </div>
   <div class='ocr_carea' id='block_1_71' title="bbox 620 4559 2178 4640">
    <p class='ocr_par' dir='ltr' id='par_1_71' title="bbox 620 4559 2178 4640">
     <span class='ocr_line' id='line_1_71' title="bbox 620 4559 2178 4640; baseline 0.008 -28"><span class='ocrx_word' id='word_1_543' title='bbox 620 4559 771 4616; x_wconf 83' lang='lat' dir='ltr'><strong>Adde</strong></span> <span class='ocrx_word' id='word_1_544' title='bbox 812 4578 878 4615; x_wconf 87' lang='lat' dir='ltr'><strong>ne</strong></span> <span class='ocrx_word' id='word_1_545' title='bbox 927 4564 1205 4619; x_wconf 89' lang='lat' dir='ltr'><strong>immobile</strong></span> <span class='ocrx_word' id='word_1_546' title='bbox 1258 4566 1474 4635; x_wconf 90' lang='lat' dir='ltr'><strong>quidem</strong></span> <span class='ocrx_word' id='word_1_547' title='bbox 1539 4567 1666 4621; x_wconf 92' lang='lat' dir='ltr'><strong>illud</strong></span> <span class='ocrx_word' id='word_1_548' title='bbox 1719 4585 1860 4633; x_wconf 86' lang='lat' dir='ltr'><strong>esse,</strong></span> <span class='ocrx_word' id='word_1_549' title='bbox 1902 4585 2024 4624; x_wconf 91' lang='lat' dir='ltr'><strong>cum</strong></span> <span class='ocrx_word' id='word_1_550' title='bbox 2064 4571 2178 4640; x_wconf 76' lang='lat' dir='ltr'><strong>ipsa</strong></span> 
     </span>
    </p>
   </div>
   <div class='ocr_carea' id='block_1_72' title="bbox 2289 3377 3863 3460">
    <p class='ocr_par' dir='ltr' id='par_1_72' title="bbox 2289 3377 3863 3460">
     <span class='ocr_line' id='line_1_72' title="bbox 2289 3377 3863 3460; baseline 0.011 -32"><span class='ocrx_word' id='word_1_551' title='bbox 2289 3393 2352 3444; x_wconf 90' lang='grc' dir='ltr'><strong>γε</strong></span> <span class='ocrx_word' id='word_1_552' title='bbox 2379 3379 2471 3430; x_wconf 68' lang='grc' dir='ltr'><strong>καί⁸</strong></span> <span class='ocrx_word' id='word_1_553' title='bbox 2497 3377 2597 3448; x_wconf 80' lang='grc' dir='ltr'>τῆς</span> <span class='ocrx_word' id='word_1_554' title='bbox 2623 3380 2947 3452; x_wconf 81' lang='grc' dir='ltr'>αἰσθήσεως,</span> <span class='ocrx_word' id='word_1_555' title='bbox 3001 3383 3190 3457; x_wconf 81' lang='grc' dir='ltr'>ὥσπερ</span> <span class='ocrx_word' id='word_1_556' title='bbox 3220 3404 3282 3455; x_wconf 85' lang='grc' dir='ltr'><strong>γε</strong></span> <span class='ocrx_word' id='word_1_557' title='bbox 3331 3387 3393 3458; x_wconf 85' lang='grc' dir='ltr'>δὴ</span> <span class='ocrx_word' id='word_1_558' title='bbox 3445 3390 3537 3442; x_wconf 79' lang='grc' dir='ltr'><strong>καὶ</strong></span> <span class='ocrx_word' id='word_1_559' title='bbox 3586 3388 3863 3460; x_wconf 82' lang='grc' dir='ltr'>σώματος.</span> 
     </span>
    </p>
   </div>
   <div class='ocr_carea' id='block_1_73' title="bbox 2291 3467 3866 3554">
    <p class='ocr_par' dir='ltr' id='par_1_73' title="bbox 2291 3467 3866 3554">
     <span class='ocr_line' id='line_1_73' title="bbox 2291 3467 3866 3554; baseline 0.013 -34"><span class='ocrx_word' id='word_1_560' title='bbox 2291 3467 2412 3521; x_wconf 85' lang='grc' dir='ltr'>Ὅτι</span> <span class='ocrx_word' id='word_1_561' title='bbox 2433 3469 2488 3522; x_wconf 81' lang='grc' dir='ltr'>δὲ</span> <span class='ocrx_word' id='word_1_562' title='bbox 2514 3471 2607 3523; x_wconf 75' lang='grc' dir='ltr'>καὶ</span> <span class='ocrx_word' id='word_1_563' title='bbox 2635 3473 2667 3542; x_wconf 79' lang='grc' dir='ltr'>ἡ</span> <span class='ocrx_word' id='word_1_564' title='bbox 2713 3473 2964 3544; x_wconf 82' lang='grc' dir='ltr'>αἴσθησις</span> <span class='ocrx_word' id='word_1_565' title='bbox 2993 3475 3276 3548; x_wconf 82' lang='grc' dir='ltr'>ἀληθεύειν</span> <span class='ocrx_word' id='word_1_566' title='bbox 3300 3481 3530 3549; x_wconf 73' lang='grc' dir='ltr'>πέφυκε,</span> <span class='ocrx_word' id='word_1_567' title='bbox 3560 3483 3746 3554; x_wconf 84' lang='grc' dir='ltr'>δῆλον.</span> <span class='ocrx_word' id='word_1_568' title='bbox 3789 3486 3866 3540; x_wconf 76' lang='grc' dir='ltr'><strong>Οὔ</strong></span> 
     </span>
    </p>
   </div>
   <div class='ocr_carea' id='block_1_74' title="bbox 2289 3554 3864 3648">
    <p class='ocr_par' dir='ltr' id='par_1_74' title="bbox 2289 3554 3864 3648">
     <span class='ocr_line' id='line_1_74' title="bbox 2289 3554 3864 3648; baseline 0.015 -38"><span class='ocrx_word' id='word_1_569' title='bbox 2289 3557 2397 3630; x_wconf 85' lang='grc' dir='ltr'>γὰρ</span> <span class='ocrx_word' id='word_1_570' title='bbox 2421 3554 2530 3614; x_wconf 78' lang='grc' dir='ltr'>οἶόν</span> <span class='ocrx_word' id='word_1_571' title='bbox 2557 3579 2617 3614; x_wconf 89' lang='grc' dir='ltr'><strong>τε</strong></span> <span class='ocrx_word' id='word_1_572' title='bbox 2659 3564 2749 3616; x_wconf 80' lang='grc' dir='ltr'>τὸν</span> <span class='ocrx_word' id='word_1_573' title='bbox 2782 3565 3170 3638; x_wconf 76' lang='grc' dir='ltr'>αἰσθανόμενον</span> <span class='ocrx_word' id='word_1_574' title='bbox 3215 3573 3288 3644; x_wconf 83' lang='grc' dir='ltr'><strong>μὴ</strong></span> <span class='ocrx_word' id='word_1_575' title='bbox 3328 3575 3447 3644; x_wconf 75' lang='grc' dir='ltr'>οὐχὶ</span> <span class='ocrx_word' id='word_1_576' title='bbox 3496 3578 3733 3648; x_wconf 81' lang='grc' dir='ltr'>πάσχειν</span> <span class='ocrx_word' id='word_1_577' title='bbox 3781 3597 3864 3632; x_wconf 81' lang='grc' dir='ltr'>τι·</span> 
     </span>
    </p>
   </div>
   <div class='ocr_carea' id='block_1_75' title="bbox 2291 3652 3866 3733">
    <p class='ocr_par' dir='ltr' id='par_1_75' title="bbox 2291 3652 3866 3733">
     <span class='ocr_line' id='line_1_75' title="bbox 2291 3652 3866 3733; baseline 0.013 -29"><span class='ocrx_word' id='word_1_578' title='bbox 2291 3652 2512 3723; x_wconf 81' lang='grc' dir='ltr'>πάσχων</span> <span class='ocrx_word' id='word_1_579' title='bbox 2541 3654 2598 3707; x_wconf 82' lang='grc' dir='ltr'>δὲ</span> <span class='ocrx_word' id='word_1_580' title='bbox 2625 3655 2684 3708; x_wconf 75' lang='grc' dir='ltr'>τὸ</span> <span class='ocrx_word' id='word_1_581' title='bbox 2713 3657 2882 3722; x_wconf 83' lang='grc' dir='ltr'>πάθος</span> <span class='ocrx_word' id='word_1_582' title='bbox 2915 3660 2982 3714; x_wconf 83' lang='grc' dir='ltr'>ἂν</span> <span class='ocrx_word' id='word_1_583' title='bbox 3011 3662 3200 3733; x_wconf 79' lang='grc' dir='ltr'>εἰδείη.</span> <span class='ocrx_word' id='word_1_584' title='bbox 3235 3663 3440 3728; x_wconf 86' lang='grc' dir='ltr'>Γνῶσις</span> <span class='ocrx_word' id='word_1_585' title='bbox 3483 3662 3577 3720; x_wconf 77' lang='grc' dir='ltr'><strong>οὖν</strong></span> <span class='ocrx_word' id='word_1_586' title='bbox 3621 3669 3708 3732; x_wconf 84' lang='grc' dir='ltr'><strong>τίς</strong></span> <span class='ocrx_word' id='word_1_587' title='bbox 3750 3672 3866 3724; x_wconf 78' lang='grc' dir='ltr'>ἐστι</span> 
     </span>
    </p>
   </div>
   <div class='ocr_carea' id='block_1_76' title="bbox 2291 3744 3866 3830">
    <p class='ocr_par' dir='ltr' id='par_1_76' title="bbox 2291 3744 3866 3830">
     <span class='ocr_line' id='line_1_76' title="bbox 2291 3744 3866 3830; baseline 0.01 -36"><span class='ocrx_word' id='word_1_588' title='bbox 2291 3744 2383 3794; x_wconf 68' lang='grc' dir='ltr'><strong>καί¹</strong></span> <span class='ocrx_word' id='word_1_589' title='bbox 2411 3746 2442 3814; x_wconf 79' lang='grc' dir='ltr'>ἡ</span> <span class='ocrx_word' id='word_1_590' title='bbox 2468 3744 2736 3816; x_wconf 77' lang='grc' dir='ltr'>αἴσθησις.</span> <span class='ocrx_word' id='word_1_591' title='bbox 2782 3749 2938 3802; x_wconf 79' lang='grc' dir='ltr'>Ἀλλά</span> <span class='ocrx_word' id='word_1_592' title='bbox 2969 3750 3073 3822; x_wconf 81' lang='grc' dir='ltr'>μὴν</span> <span class='ocrx_word' id='word_1_593' title='bbox 3092 3753 3138 3803; x_wconf 85' lang='grc' dir='ltr'><strong>εἰ</strong></span> <span class='ocrx_word' id='word_1_594' title='bbox 3171 3751 3231 3803; x_wconf 78' lang='grc' dir='ltr'>τὸ</span> <span class='ocrx_word' id='word_1_595' title='bbox 3251 3753 3602 3808; x_wconf 85' lang='grc' dir='ltr'>αἰσθάνεσθαι</span> <span class='ocrx_word' id='word_1_596' title='bbox 3634 3758 3866 3830; x_wconf 80' lang='grc' dir='ltr'>πάσχειν</span> 
     </span>
    </p>
   </div>
   <div class='ocr_carea' id='block_1_77' title="bbox 2289 3836 3865 3915">
    <p class='ocr_par' dir='ltr' id='par_1_77' title="bbox 2289 3836 3865 3915">
     <span class='ocr_line' id='line_1_77' title="bbox 2289 3836 3865 3915; baseline 0.011 -30"><span class='ocrx_word' id='word_1_597' title='bbox 2289 3836 2342 3887; x_wconf 86' lang='grc' dir='ltr'><strong>τί</strong></span> <span class='ocrx_word' id='word_1_598' title='bbox 2366 3837 2533 3899; x_wconf 80' lang='grc' dir='ltr'>ἐστιν,</span> <span class='ocrx_word' id='word_1_599' title='bbox 2565 3837 2707 3890; x_wconf 77' lang='grc' dir='ltr'>ἅπαν</span> <span class='ocrx_word' id='word_1_600' title='bbox 2731 3838 2788 3891; x_wconf 81' lang='grc' dir='ltr'>δὲ</span> <span class='ocrx_word' id='word_1_601' title='bbox 2824 3840 2886 3892; x_wconf 87' lang='grc' dir='ltr'>τὸ</span> <span class='ocrx_word' id='word_1_602' title='bbox 2909 3843 3114 3912; x_wconf 85' lang='grc' dir='ltr'>πάσχον</span> <span class='ocrx_word' id='word_1_603' title='bbox 3138 3843 3242 3896; x_wconf 82' lang='grc' dir='ltr'>ὑπό</span> <span class='ocrx_word' id='word_1_604' title='bbox 3269 3861 3362 3897; x_wconf 85' lang='grc' dir='ltr'><strong>του</strong></span> <span class='ocrx_word' id='word_1_605' title='bbox 3396 3846 3614 3915; x_wconf 86' lang='grc' dir='ltr'>πάσχει,</span> <span class='ocrx_word' id='word_1_606' title='bbox 3645 3849 3865 3912; x_wconf 83' lang='grc' dir='ltr'>πάντως</span> 
     </span>
    </p>
   </div>
   <div class='ocr_carea' id='block_1_78' title="bbox 2292 3926 3864 4011">
    <p class='ocr_par' dir='ltr' id='par_1_78' title="bbox 2292 3926 3864 4011">
     <span class='ocr_line' id='line_1_78' title="bbox 2292 3926 3864 4011; baseline 0.01 -33"><span class='ocrx_word' id='word_1_607' title='bbox 2292 3926 2357 3979; x_wconf 85' lang='grc' dir='ltr'>ἂν</span> <span class='ocrx_word' id='word_1_608' title='bbox 2391 3927 2573 3998; x_wconf 73' lang='grc' dir='ltr'>ἕτερον</span> <span class='ocrx_word' id='word_1_609' title='bbox 2602 3931 2686 4001; x_wconf 73' lang='grc' dir='ltr'><strong>εἰη</strong></span> <span class='ocrx_word' id='word_1_610' title='bbox 2715 3931 2774 3984; x_wconf 86' lang='grc' dir='ltr'><strong>τὸ</strong></span> <span class='ocrx_word' id='word_1_611' title='bbox 2802 3933 2989 3986; x_wconf 80' lang='grc' dir='ltr'>ποιοῦν</span> <span class='ocrx_word' id='word_1_612' title='bbox 3019 3935 3111 3988; x_wconf 67' lang='grc' dir='ltr'><strong>καὶ</strong></span> <span class='ocrx_word' id='word_1_613' title='bbox 3135 3936 3196 3988; x_wconf 85' lang='grc' dir='ltr'>τὸ</span> <span class='ocrx_word' id='word_1_614' title='bbox 3218 3937 3443 4006; x_wconf 84' lang='grc' dir='ltr'>πάσχον.</span> <span class='ocrx_word' id='word_1_615' title='bbox 3463 3939 3624 3992; x_wconf 84' lang='grc' dir='ltr'>Ὥστε</span> <span class='ocrx_word' id='word_1_616' title='bbox 3651 3941 3864 4011; x_wconf 85' lang='grc' dir='ltr'>πρῶτον</span> 
     </span>
    </p>
   </div>
   <div class='ocr_carea' id='block_1_79' title="bbox 2292 4017 3865 4102">
    <p class='ocr_par' dir='ltr' id='par_1_79' title="bbox 2292 4017 3865 4102">
     <span class='ocr_line' id='line_1_79' title="bbox 2292 4017 3865 4102; baseline 0.01 -32"><span class='ocrx_word' id='word_1_617' title='bbox 2292 4017 2376 4088; x_wconf 79' lang='grc' dir='ltr'><strong>εἴη</strong></span> <span class='ocrx_word' id='word_1_618' title='bbox 2401 4017 2467 4072; x_wconf 82' lang='grc' dir='ltr'>ἂν</span> <span class='ocrx_word' id='word_1_619' title='bbox 2525 4020 2585 4074; x_wconf 84' lang='grc' dir='ltr'><strong>τὸ</strong></span> <span class='ocrx_word' id='word_1_620' title='bbox 2616 4021 2907 4093; x_wconf 87' lang='grc' dir='ltr'>λεγόμενον</span> <span class='ocrx_word' id='word_1_621' title='bbox 2953 4025 3170 4097; x_wconf 76' lang='grc' dir='ltr'>ἕτερον’</span> <span class='ocrx_word' id='word_1_622' title='bbox 3199 4023 3309 4081; x_wconf 73' lang='grc' dir='ltr'>οἷον</span> <span class='ocrx_word' id='word_1_623' title='bbox 3354 4029 3414 4082; x_wconf 83' lang='grc' dir='ltr'><strong>τὸ</strong></span> <span class='ocrx_word' id='word_1_624' title='bbox 3470 4031 3668 4102; x_wconf 81' lang='grc' dir='ltr'>χρῶμα</span> <span class='ocrx_word' id='word_1_625' title='bbox 3716 4034 3806 4085; x_wconf 75' lang='grc' dir='ltr'><strong>καὶ</strong></span> <span class='ocrx_word' id='word_1_626' title='bbox 3837 4037 3865 4086; x_wconf 80' lang='grc' dir='ltr'>ὁ</span> 
     </span>
    </p>
   </div>
   <div class='ocr_carea' id='block_1_80' title="bbox 2290 4109 3868 4192">
    <p class='ocr_par' dir='ltr' id='par_1_80' title="bbox 2290 4109 3868 4192">
     <span class='ocr_line' id='line_1_80' title="bbox 2290 4109 3868 4192; baseline 0.011 -31"><span class='ocrx_word' id='word_1_627' title='bbox 2290 4109 2478 4180; x_wconf 63' lang='grc' dir='ltr'>ψόφος</span> <span class='ocrx_word' id='word_1_628' title='bbox 2507 4112 2694 4166; x_wconf 77' lang='grc' dir='ltr'>ἔπειτα</span> <span class='ocrx_word' id='word_1_629' title='bbox 2711 4114 2766 4168; x_wconf 81' lang='grc' dir='ltr'>δὲ</span> <span class='ocrx_word' id='word_1_630' title='bbox 2789 4115 2846 4169; x_wconf 82' lang='grc' dir='ltr'><strong>ἓν</strong></span> <span class='ocrx_word' id='word_1_631' title='bbox 2871 4117 2932 4170; x_wconf 79' lang='grc' dir='ltr'>τὸ</span> <span class='ocrx_word' id='word_1_632' title='bbox 2952 4116 3009 4170; x_wconf 81' lang='grc' dir='ltr'>ὃν</span> <span class='ocrx_word' id='word_1_633' title='bbox 3036 4119 3134 4171; x_wconf 82' lang='grc' dir='ltr'><strong>οὐκ</strong></span> <span class='ocrx_word' id='word_1_634' title='bbox 3163 4119 3313 4174; x_wconf 74' lang='grc' dir='ltr'>ἔσται</span> <span class='ocrx_word' id='word_1_635' title='bbox 3330 4139 3342 4150; x_wconf 77' lang='lat'>&#39;</span> <span class='ocrx_word' id='word_1_636' title='bbox 3366 4122 3458 4174; x_wconf 79' lang='grc' dir='ltr'><strong>καὶ</strong></span> <span class='ocrx_word' id='word_1_637' title='bbox 3477 4121 3581 4192; x_wconf 82' lang='grc' dir='ltr'>μὴν</span> <span class='ocrx_word' id='word_1_638' title='bbox 3606 4125 3728 4176; x_wconf 71' lang='grc' dir='ltr'>οὐδὲ</span> <span class='ocrx_word' id='word_1_639' title='bbox 3757 4127 3868 4178; x_wconf 75' lang='grc' dir='ltr'>ἁκε-</span> 
     </span>
    </p>
   </div>
   <div class='ocr_carea' id='block_1_81' title="bbox 2292 4205 3865 4286">
    <p class='ocr_par' dir='ltr' id='par_1_81' title="bbox 2292 4205 3865 4286">
     <span class='ocr_line' id='line_1_81' title="bbox 2292 4205 3865 4286; baseline 0.008 -29"><span class='ocrx_word' id='word_1_640' title='bbox 2292 4221 2451 4272; x_wconf 84' lang='grc' dir='ltr'>νητον</span> <span class='ocrx_word' id='word_1_641' title='bbox 2473 4219 2487 4234; x_wconf 75' lang='grc'><strong>⁸</strong></span> <span class='ocrx_word' id='word_1_642' title='bbox 2522 4208 2553 4276; x_wconf 80' lang='grc' dir='ltr'><strong>ἡ</strong></span> <span class='ocrx_word' id='word_1_643' title='bbox 2582 4205 2690 4278; x_wconf 84' lang='grc' dir='ltr'><strong>γάρ</strong></span> <span class='ocrx_word' id='word_1_644' title='bbox 2723 4207 2971 4279; x_wconf 73' lang='grc' dir='ltr'>αἴσθησίς</span> <span class='ocrx_word' id='word_1_645' title='bbox 2997 4211 3110 4263; x_wconf 83' lang='grc' dir='ltr'>ἐστι</span> <span class='ocrx_word' id='word_1_646' title='bbox 3145 4211 3374 4282; x_wconf 73' lang='grc' dir='ltr'>κίνησις.</span> <span class='ocrx_word' id='word_1_647' title='bbox 3402 4213 3583 4286; x_wconf 82' lang='grc' dir='ltr'>Ταύτῃ</span> <span class='ocrx_word' id='word_1_648' title='bbox 3615 4215 3865 4286; x_wconf 83' lang='grc' dir='ltr'>βούλεται</span> 
     </span>
    </p>
   </div>
   <div class='ocr_carea' id='block_1_82' title="bbox 2294 4297 3868 4378">
    <p class='ocr_par' dir='ltr' id='par_1_82' title="bbox 2294 4297 3868 4378">
     <span class='ocr_line' id='line_1_82' title="bbox 2294 4297 3868 4378; baseline 0.01 -31"><span class='ocrx_word' id='word_1_649' title='bbox 2294 4297 2400 4358; x_wconf 79' lang='grc' dir='ltr'>πᾶς</span> <span class='ocrx_word' id='word_1_650' title='bbox 2426 4315 2508 4359; x_wconf 87' lang='grc' dir='ltr'><strong>τις</strong></span> <span class='ocrx_word' id='word_1_651' title='bbox 2535 4299 2676 4351; x_wconf 79' lang='grc' dir='ltr'>κατά</span> <span class='ocrx_word' id='word_1_652' title='bbox 2705 4299 2864 4367; x_wconf 83' lang='grc' dir='ltr'>φύσιν</span> <span class='ocrx_word' id='word_1_653' title='bbox 2889 4300 3033 4372; x_wconf 73' lang='grc' dir='ltr'>ἔχειν</span> <span class='ocrx_word' id='word_1_654' title='bbox 3052 4302 3150 4366; x_wconf 80' lang='grc' dir='ltr'><strong>τάς</strong></span> <span class='ocrx_word' id='word_1_655' title='bbox 3175 4304 3480 4375; x_wconf 78' lang='grc' dir='ltr'>αἰσθήσεις,</span> <span class='ocrx_word' id='word_1_656' title='bbox 3525 4308 3614 4360; x_wconf 76' lang='grc' dir='ltr'><strong>ἅτε</strong></span> <span class='ocrx_word' id='word_1_657' title='bbox 3654 4308 3719 4378; x_wconf 81' lang='grc' dir='ltr'><strong>δὴ</strong></span> <span class='ocrx_word' id='word_1_658' title='bbox 3777 4327 3868 4361; x_wconf 85' lang='grc' dir='ltr'>πι-</span> 
     </span>
    </p>
   </div>
   <div class='ocr_carea' id='block_1_83' title="bbox 2295 4387 3868 4468">
    <p class='ocr_par' dir='ltr' id='par_1_83' title="bbox 2295 4387 3868 4468">
     <span class='ocr_line' id='line_1_83' title="bbox 2295 4387 3868 4468; baseline 0.01 -28"><span class='ocrx_word' id='word_1_659' title='bbox 2295 4387 2522 4452; x_wconf 86' lang='grc' dir='ltr'>στεύων,</span> <span class='ocrx_word' id='word_1_660' title='bbox 2550 4387 2723 4460; x_wconf 82' lang='grc' dir='ltr'>οἷμαι,</span> <span class='ocrx_word' id='word_1_661' title='bbox 2752 4395 2868 4456; x_wconf 85' lang='grc' dir='ltr'>ταῖς</span> <span class='ocrx_word' id='word_1_662' title='bbox 2901 4394 3269 4462; x_wconf 82' lang='grc' dir='ltr'>ὑγιαινούσαις</span> <span class='ocrx_word' id='word_1_663' title='bbox 3305 4397 3502 4467; x_wconf 86' lang='grc' dir='ltr'>μᾶλλον</span> <span class='ocrx_word' id='word_1_664' title='bbox 3542 4399 3573 4468; x_wconf 81' lang='grc' dir='ltr'><strong>ἢ</strong></span> <span class='ocrx_word' id='word_1_665' title='bbox 3620 4403 3743 4463; x_wconf 84' lang='grc' dir='ltr'>ταῖς</span> <span class='ocrx_word' id='word_1_666' title='bbox 3781 4419 3868 4455; x_wconf 88' lang='grc' dir='ltr'>νο-</span> 
     </span>
    </p>
   </div>
   <div class='ocr_carea' id='block_1_84' title="bbox 2297 4482 3866 4563">
    <p class='ocr_par' dir='ltr' id='par_1_84' title="bbox 2297 4482 3866 4563">
     <span class='ocr_line' id='line_1_84' title="bbox 2297 4482 3866 4563; baseline 0.007 -30"><span class='ocrx_word' id='word_1_667' title='bbox 2297 4482 2530 4546; x_wconf 86' lang='grc' dir='ltr'>σούσαις.</span> <span class='ocrx_word' id='word_1_668' title='bbox 2558 4485 2794 4549; x_wconf 81' lang='grc' dir='ltr'>Εἰκότως</span> <span class='ocrx_word' id='word_1_669' title='bbox 2815 4487 2921 4558; x_wconf 81' lang='grc' dir='ltr'>ἄρα</span> <span class='ocrx_word' id='word_1_670' title='bbox 2945 4489 3040 4540; x_wconf 75' lang='grc' dir='ltr'>καὶ</span> <span class='ocrx_word' id='word_1_671' title='bbox 3068 4487 3239 4553; x_wconf 89' lang='grc' dir='ltr'>δεινός</span> <span class='ocrx_word' id='word_1_672' title='bbox 3257 4507 3340 4555; x_wconf 86' lang='grc' dir='ltr'><strong>τις</strong></span> <span class='ocrx_word' id='word_1_673' title='bbox 3364 4491 3501 4562; x_wconf 77' lang='grc' dir='ltr'>ἔρως</span> <span class='ocrx_word' id='word_1_674' title='bbox 3527 4492 3708 4545; x_wconf 65' lang='grc' dir='ltr'>αὐτῶν</span> <span class='ocrx_word' id='word_1_675' title='bbox 3735 4496 3866 4563; x_wconf 78' lang='grc' dir='ltr'><strong>ἡμῖν</strong></span> 
     </span>
    </p>
   </div>
   <div class='ocr_carea' id='block_1_85' title="bbox 2296 4575 3864 4653">
    <p class='ocr_par' dir='ltr' id='par_1_85' title="bbox 2296 4575 3864 4653">
     <span class='ocr_line' id='line_1_85' title="bbox 2296 4575 3864 4653; baseline 0.008 -27"><span class='ocrx_word' id='word_1_676' title='bbox 2296 4575 2600 4647; x_wconf 77' lang='grc' dir='ltr'>ἐντέτηκεν.</span> <span class='ocrx_word' id='word_1_677' title='bbox 2635 4578 2822 4642; x_wconf 75' lang='grc' dir='ltr'>Οὐδείς</span> <span class='ocrx_word' id='word_1_678' title='bbox 2853 4579 2916 4646; x_wconf 86' lang='grc' dir='ltr'><strong>γέ</strong></span> <span class='ocrx_word' id='word_1_679' title='bbox 2955 4597 3035 4633; x_wconf 89' lang='grc' dir='ltr'><strong>τοι</strong></span> <span class='ocrx_word' id='word_1_680' title='bbox 3073 4582 3145 4652; x_wconf 80' lang='grc' dir='ltr'><strong>μὴ</strong></span> <span class='ocrx_word' id='word_1_681' title='bbox 3175 4583 3432 4653; x_wconf 79' lang='grc' dir='ltr'>μεμηνὼς</span> <span class='ocrx_word' id='word_1_682' title='bbox 3451 4584 3610 4636; x_wconf 75' lang='grc' dir='ltr'>ἕλοιτ’</span> <span class='ocrx_word' id='word_1_683' title='bbox 3644 4587 3710 4638; x_wconf 80' lang='grc' dir='ltr'>ἄν</span> <span class='ocrx_word' id='word_1_684' title='bbox 3740 4603 3864 4638; x_wconf 86' lang='grc' dir='ltr'>ποτε</span> 
     </span>
    </p>
   </div>
   <div class='ocr_carea' id='block_1_86' title="bbox 623 4651 2181 4747">
    <p class='ocr_par' dir='ltr' id='par_1_86' title="bbox 623 4651 2181 4726">
     <span class='ocr_line' id='line_1_86' title="bbox 623 4651 2181 4726; baseline 0.008 -24"><span class='ocrx_word' id='word_1_685' title='bbox 623 4651 888 4706; x_wconf 73' lang='lat' dir='ltr'><strong>sentiendi</strong></span> <span class='ocrx_word' id='word_1_686' title='bbox 915 4653 1052 4707; x_wconf 89' lang='lat' dir='ltr'><strong>ratio</strong></span> <span class='ocrx_word' id='word_1_687' title='bbox 1097 4663 1274 4710; x_wconf 89' lang='lat' dir='ltr'><strong>motus</strong></span> <span class='ocrx_word' id='word_1_688' title='bbox 1307 4656 1526 4726; x_wconf 89' lang='lat' dir='ltr'><strong>quidam</strong></span> <span class='ocrx_word' id='word_1_689' title='bbox 1557 4657 1644 4710; x_wconf 92' lang='lat' dir='ltr'><strong>sit.</strong></span> <span class='ocrx_word' id='word_1_690' title='bbox 1685 4657 1864 4723; x_wconf 89' lang='lat' dir='ltr'><strong>Quare</strong></span> <span class='ocrx_word' id='word_1_691' title='bbox 1894 4675 2053 4714; x_wconf 86' lang='lat' dir='ltr'><strong>nemo</strong></span> <span class='ocrx_word' id='word_1_692' title='bbox 2080 4670 2181 4724; x_wconf 90' lang='lat' dir='ltr'><strong>est,</strong></span> 
     </span>
    </p>
   </div>
   <div class='ocr_carea' id='block_1_87' title="bbox 2289 4651 3865 4747">
    <p class='ocr_par' dir='ltr' id='par_1_87' title="bbox 2295 4667 3865 4747">
     <span class='ocr_line' id='line_1_87' title="bbox 2295 4667 3865 4747; baseline 0.007 -28"><span class='ocrx_word' id='word_1_693' title='bbox 2295 4667 2420 4738; x_wconf 83' lang='grc' dir='ltr'>μίαν</span> <span class='ocrx_word' id='word_1_694' title='bbox 2456 4668 3052 4738; x_wconf 57' lang='grc' dir='ltr'>αἴσθησινηὰποϐαλείν,</span> <span class='ocrx_word' id='word_1_695' title='bbox 3086 4674 3234 4736; x_wconf 78' lang='grc' dir='ltr'>ὅπως</span> <span class='ocrx_word' id='word_1_696' title='bbox 3254 4676 3400 4747; x_wconf 84' lang='grc' dir='ltr'>αύτῷ</span> <span class='ocrx_word' id='word_1_697' title='bbox 3443 4679 3617 4729; x_wconf 84' lang='grc' dir='ltr'>πάντα</span> <span class='ocrx_word' id='word_1_698' title='bbox 3639 4678 3708 4731; x_wconf 69' lang='grc' dir='ltr'><strong>τά</strong></span> <span class='ocrx_word' id='word_1_699' title='bbox 3736 4678 3865 4732; x_wconf 77' lang='grc' dir='ltr'>ἄλλα</span> 
     </span>
    </p>
   </div>
   <div class='ocr_carea' id='block_1_88' title="bbox 622 4742 2190 4819">
    <p class='ocr_par' dir='ltr' id='par_1_88' title="bbox 622 4742 2190 4819">
     <span class='ocr_line' id='line_1_88' title="bbox 622 4742 2190 4819; baseline 0.011 -28"><span class='ocrx_word' id='word_1_700' title='bbox 622 4742 716 4808; x_wconf 92' lang='lat' dir='ltr'><strong>qui</strong></span> <span class='ocrx_word' id='word_1_701' title='bbox 746 4759 850 4797; x_wconf 92' lang='lat' dir='ltr'><strong>non</strong></span> <span class='ocrx_word' id='word_1_702' title='bbox 883 4760 1098 4810; x_wconf 87' lang='lat' dir='ltr'><strong>sensus,</strong></span> <span class='ocrx_word' id='word_1_703' title='bbox 1124 4751 1418 4817; x_wconf 84' lang='lat' dir='ltr'><strong>quomodo</strong></span> <span class='ocrx_word' id='word_1_704' title='bbox 1453 4758 1645 4804; x_wconf 87' lang='lat' dir='ltr'><strong>natura</strong></span> <span class='ocrx_word' id='word_1_705' title='bbox 1681 4752 1939 4819; x_wconf 84' lang='lat' dir='ltr'><strong>postulat,</strong></span> <span class='ocrx_word' id='word_1_706' title='bbox 1990 4753 2190 4808; x_wconf 85' lang='lat' dir='ltr'><strong>habere</strong></span> 
     </span>
    </p>
   </div>
   <div class='ocr_carea' id='block_1_89' title="bbox 621 4835 2189 4910">
    <p class='ocr_par' dir='ltr' id='par_1_89' title="bbox 621 4835 2189 4910">
     <span class='ocr_line' id='line_1_89' title="bbox 621 4835 2189 4910; baseline 0.008 -24"><span class='ocrx_word' id='word_1_707' title='bbox 621 4835 787 4890; x_wconf 85' lang='lat' dir='ltr'><strong>velit:</strong></span> <span class='ocrx_word' id='word_1_708' title='bbox 825 4839 986 4891; x_wconf 84' lang='lat' dir='ltr'><strong>credo</strong></span> <span class='ocrx_word' id='word_1_709' title='bbox 1029 4840 1171 4908; x_wconf 91' lang='lat' dir='ltr'><strong>quod</strong></span> <span class='ocrx_word' id='word_1_710' title='bbox 1215 4855 1406 4894; x_wconf 90' lang='lat' dir='ltr'><strong>omnes</strong></span> <span class='ocrx_word' id='word_1_711' title='bbox 1437 4841 1587 4895; x_wconf 86' lang='lat' dir='ltr'><strong>sanis</strong></span> <span class='ocrx_word' id='word_1_712' title='bbox 1621 4841 1824 4910; x_wconf 80' lang='lat' dir='ltr'><strong>potius,</strong></span> <span class='ocrx_word' id='word_1_713' title='bbox 1879 4859 2042 4910; x_wconf 88' lang='lat' dir='ltr'><strong>quam</strong></span> <span class='ocrx_word' id='word_1_714' title='bbox 2080 4845 2189 4900; x_wconf 89' lang='lat' dir='ltr'><strong>ullo</strong></span> 
     </span>
    </p>
   </div>
   <div class='ocr_carea' id='block_1_90' title="bbox 622 4925 2192 4992">
    <p class='ocr_par' dir='ltr' id='par_1_90' title="bbox 622 4925 2192 4992">
     <span class='ocr_line' id='line_1_90' title="bbox 622 4925 2192 4992; baseline 0.011 -19"><span class='ocrx_word' id='word_1_715' title='bbox 622 4925 755 4979; x_wconf 83' lang='lat' dir='ltr'><strong>vitio</strong></span> <span class='ocrx_word' id='word_1_716' title='bbox 800 4925 1179 4984; x_wconf 86' lang='lat' dir='ltr'><strong>laborantibus</strong></span> <span class='ocrx_word' id='word_1_717' title='bbox 1227 4930 1385 4985; x_wconf 81' lang='lat' dir='ltr'><strong>fidem</strong></span> <span class='ocrx_word' id='word_1_718' title='bbox 1429 4932 1682 4986; x_wconf 87' lang='lat' dir='ltr'><strong>habeant.</strong></span> <span class='ocrx_word' id='word_1_719' title='bbox 1727 4931 1792 4986; x_wconf 88' lang='lat' dir='ltr'><strong>Et</strong></span> <span class='ocrx_word' id='word_1_720' title='bbox 1833 4935 2028 4989; x_wconf 89' lang='lat' dir='ltr'><strong>merito</strong></span> <span class='ocrx_word' id='word_1_721' title='bbox 2060 4952 2192 4992; x_wconf 85' lang='lat' dir='ltr'><strong>sane</strong></span> 
     </span>
    </p>
   </div>
   <div class='ocr_carea' id='block_1_91' title="bbox 622 5017 2189 5089">
    <p class='ocr_par' dir='ltr' id='par_1_91' title="bbox 622 5017 2189 5089">
     <span class='ocr_line' id='line_1_91' title="bbox 622 5017 2189 5089; baseline 0.01 -24"><span class='ocrx_word' id='word_1_722' title='bbox 622 5017 914 5074; x_wconf 84' lang='lat' dir='ltr'><strong>vehemens</strong></span> <span class='ocrx_word' id='word_1_723' title='bbox 948 5022 1162 5089; x_wconf 75' lang='lat' dir='ltr'><strong>quidam</strong></span> <span class='ocrx_word' id='word_1_724' title='bbox 1213 5022 1427 5076; x_wconf 91' lang='lat' dir='ltr'><strong>illorum</strong></span> <span class='ocrx_word' id='word_1_725' title='bbox 1478 5038 1633 5077; x_wconf 88' lang='lat' dir='ltr'><strong>amor</strong></span> <span class='ocrx_word' id='word_1_726' title='bbox 1667 5025 1826 5079; x_wconf 89' lang='lat' dir='ltr'><strong>nobis</strong></span> <span class='ocrx_word' id='word_1_727' title='bbox 1859 5025 2023 5081; x_wconf 91' lang='lat' dir='ltr'><strong>altius</strong></span> <span class='ocrx_word' id='word_1_728' title='bbox 2053 5026 2189 5082; x_wconf 83' lang='lat' dir='ltr'><strong>insi-</strong></span> 
     </span>
    </p>
   </div>
   <div class='ocr_carea' id='block_1_92' title="bbox 2296 4758 3864 4837">
    <p class='ocr_par' dir='ltr' id='par_1_92' title="bbox 2296 4758 3864 4837">
     <span class='ocr_line' id='line_1_92' title="bbox 2296 4758 3864 4837; baseline 0.005 -27"><span class='ocrx_word' id='word_1_729' title='bbox 2296 4758 2475 4826; x_wconf 84' lang='grc' dir='ltr'>ἀγαθὰ</span> <span class='ocrx_word' id='word_1_730' title='bbox 2497 4759 2725 4828; x_wconf 87' lang='grc' dir='ltr'>γένοιτο.</span> <span class='ocrx_word' id='word_1_731' title='bbox 2776 4759 2914 4824; x_wconf 80' lang='grc' dir='ltr'>Τοὺς</span> <span class='ocrx_word' id='word_1_732' title='bbox 2946 4761 3002 4814; x_wconf 85' lang='grc' dir='ltr'>δὲ</span> <span class='ocrx_word' id='word_1_733' title='bbox 3045 4762 3427 4829; x_wconf 78' lang='grc' dir='ltr'>διαϐάλλοντας</span> <span class='ocrx_word' id='word_1_734' title='bbox 3459 4767 3628 4829; x_wconf 75' lang='grc' dir='ltr'>αὐτὰς</span> <span class='ocrx_word' id='word_1_735' title='bbox 3678 4767 3864 4837; x_wconf 68' lang='grc' dir='ltr'>ἐχρῆν,</span> 
     </span>
    </p>
   </div>
   <div class='ocr_carea' id='block_1_93' title="bbox 2297 4853 3866 4926">
    <p class='ocr_par' dir='ltr' id='par_1_93' title="bbox 2297 4853 3866 4926">
     <span class='ocr_line' id='line_1_93' title="bbox 2297 4853 3866 4926; baseline 0.006 -23"><span class='ocrx_word' id='word_1_736' title='bbox 2297 4853 2691 4923; x_wconf 79' lang='grc' dir='ltr'>πεπεισμένους</span> <span class='ocrx_word' id='word_1_737' title='bbox 2721 4870 2806 4922; x_wconf 90' lang='grc' dir='ltr'><strong>γε,</strong></span> <span class='ocrx_word' id='word_1_738' title='bbox 2836 4854 2917 4907; x_wconf 87' lang='grc' dir='ltr'><strong>δτι</strong></span> <span class='ocrx_word' id='word_1_739' title='bbox 2943 4856 3115 4926; x_wconf 82' lang='grc' dir='ltr'>μάτην</span> <span class='ocrx_word' id='word_1_740' title='bbox 3157 4856 3326 4926; x_wconf 78' lang='grc' dir='ltr'>ἔχοιεν</span> <span class='ocrx_word' id='word_1_741' title='bbox 3354 4858 3521 4922; x_wconf 75' lang='grc' dir='ltr'>αὑτὰς</span> <span class='ocrx_word' id='word_1_742' title='bbox 3545 4899 3560 4922; x_wconf 82' lang='grc'><strong>,</strong></span> <span class='ocrx_word' id='word_1_743' title='bbox 3615 4861 3866 4923; x_wconf 81' lang='grc' dir='ltr'>εἰπόντας</span> 
     </span>
    </p>
   </div>
   <div class='ocr_carea' id='block_1_94' title="bbox 2297 4942 3869 5022">
    <p class='ocr_par' dir='ltr' id='par_1_94' title="bbox 2297 4942 3869 5022">
     <span class='ocr_line' id='line_1_94' title="bbox 2297 4942 3869 5022; baseline 0.004 -27"><span class='ocrx_word' id='word_1_744' title='bbox 2297 4942 2438 5014; x_wconf 81' lang='grc' dir='ltr'>ἆπερ</span> <span class='ocrx_word' id='word_1_745' title='bbox 2469 4945 2497 4996; x_wconf 85' lang='grc' dir='ltr'>ὁ</span> <span class='ocrx_word' id='word_1_746' title='bbox 2520 4943 2796 5016; x_wconf 85' lang='grc' dir='ltr'>Πάνδαρος</span> <span class='ocrx_word' id='word_1_747' title='bbox 2823 4944 2971 5014; x_wconf 83' lang='grc' dir='ltr'>λέγει</span> <span class='ocrx_word' id='word_1_748' title='bbox 3017 4947 3164 5018; x_wconf 77' lang='grc' dir='ltr'>παρὰ</span> <span class='ocrx_word' id='word_1_749' title='bbox 3214 4948 3291 5019; x_wconf 84' lang='grc' dir='ltr'>τῷ</span> <span class='ocrx_word' id='word_1_750' title='bbox 3325 4948 3546 5022; x_wconf 80' lang='grc' dir='ltr'>Ὁμήρῳ</span> <span class='ocrx_word' id='word_1_751' title='bbox 3593 4951 3722 5021; x_wconf 83' lang='grc' dir='ltr'><strong>περί</strong></span> <span class='ocrx_word' id='word_1_752' title='bbox 3762 4951 3869 5004; x_wconf 81' lang='grc' dir='ltr'>τῶν</span> 
     </span>
    </p>
   </div>
   <div class='ocr_carea' id='block_1_95' title="bbox 2295 5033 2719 5099">
    <p class='ocr_par' dir='ltr' id='par_1_95' title="bbox 2295 5033 2719 5099">
     <span class='ocr_line' id='line_1_95' title="bbox 2295 5033 2719 5099; baseline 0.002 -13"><span class='ocrx_word' id='word_1_753' title='bbox 2295 5033 2490 5087; x_wconf 76' lang='grc' dir='ltr'>ἑαυτοῦ</span> <span class='ocrx_word' id='word_1_754' title='bbox 2523 5035 2691 5099; x_wconf 82' lang='grc' dir='ltr'>τόξων</span> <span class='ocrx_word' id='word_1_755' title='bbox 2707 5052 2719 5063; x_wconf 91' lang='grc'><strong>·</strong></span> 
     </span>
    </p>
   </div>
   <div class='ocr_carea' id='block_1_96' title="bbox 622 5110 3866 5206">
    <p class='ocr_par' dir='ltr' id='par_1_96' title="bbox 622 5110 3866 5206">
     <span class='ocr_line' id='line_1_96' title="bbox 622 5110 3866 5206; baseline 0.008 -43"><span class='ocrx_word' id='word_1_756' title='bbox 622 5110 740 5165; x_wconf 71' lang='lat' dir='ltr'><strong>det:</strong></span> <span class='ocrx_word' id='word_1_757' title='bbox 770 5123 1006 5167; x_wconf 89' lang='lat' dir='ltr'><strong>nectam</strong></span> <span class='ocrx_word' id='word_1_758' title='bbox 1041 5115 1267 5170; x_wconf 88' lang='lat' dir='ltr'><strong>insanus</strong></span> <span class='ocrx_word' id='word_1_759' title='bbox 1297 5118 1590 5187; x_wconf 91' lang='lat' dir='ltr'><strong>quisquam</strong></span> <span class='ocrx_word' id='word_1_760' title='bbox 1628 5120 1954 5187; x_wconf 85' lang='lat' dir='ltr'><strong>reperiatur,</strong></span> <span class='ocrx_word' id='word_1_761' title='bbox 2005 5123 2096 5191; x_wconf 90' lang='lat' dir='ltr'><strong>qui</strong></span> <span class='ocrx_word' id='word_1_762' title='bbox 2134 5133 2192 5178; x_wconf 88' lang='lat' dir='ltr'><strong>ut</strong></span> <span class='ocrx_word' id='word_1_763' title='bbox 2236 5127 2398 5183; x_wconf 91' lang='lat' dir='ltr'><strong>bonis</strong></span> <span class='ocrx_word' id='word_1_764' title='bbox 2439 5130 2697 5184; x_wconf 91' lang='lat' dir='ltr'><strong>omnibus</strong></span> <span class='ocrx_word' id='word_1_765' title='bbox 2741 5129 2864 5184; x_wconf 90' lang='lat' dir='ltr'><strong>aliis</strong></span> <span class='ocrx_word' id='word_1_766' title='bbox 2909 5129 3142 5195; x_wconf 89' lang='lat' dir='ltr'><strong>fruatur,</strong></span> <span class='ocrx_word' id='word_1_767' title='bbox 3180 5149 3373 5189; x_wconf 87' lang='lat' dir='ltr'><strong>sensus</strong></span> <span class='ocrx_word' id='word_1_768' title='bbox 3417 5135 3500 5189; x_wconf 84' lang='lat' dir='ltr'><strong>vel</strong></span> <span class='ocrx_word' id='word_1_769' title='bbox 3555 5136 3724 5190; x_wconf 91' lang='lat' dir='ltr'><strong>unius</strong></span> <span class='ocrx_word' id='word_1_770' title='bbox 3783 5136 3866 5206; x_wconf 80' lang='lat' dir='ltr'><strong>ja-</strong></span> 
     </span>
    </p>
   </div>
   <div class='ocr_carea' id='block_1_97' title="bbox 623 5207 3866 5298">
    <p class='ocr_par' dir='ltr' id='par_1_97' title="bbox 623 5207 3866 5298">
     <span class='ocr_line' id='line_1_97' title="bbox 623 5207 3866 5298; baseline 0.008 -38"><span class='ocrx_word' id='word_1_771' title='bbox 623 5215 830 5260; x_wconf 89' lang='lat' dir='ltr'><strong>cturam</strong></span> <span class='ocrx_word' id='word_1_772' title='bbox 878 5207 1055 5263; x_wconf 88' lang='lat' dir='ltr'><strong>facere</strong></span> <span class='ocrx_word' id='word_1_773' title='bbox 1107 5211 1250 5265; x_wconf 76' lang='lat' dir='ltr'><strong>velit.</strong></span> <span class='ocrx_word' id='word_1_774' title='bbox 1290 5212 1448 5282; x_wconf 81' lang='lat'><strong>757</strong></span> <span class='ocrx_word' id='word_1_775' title='bbox 1498 5211 1599 5278; x_wconf 86' lang='lat' dir='ltr'><strong>Qui</strong></span> <span class='ocrx_word' id='word_1_776' title='bbox 1637 5221 1817 5266; x_wconf 89' lang='lat' dir='ltr'><strong>autem</strong></span> <span class='ocrx_word' id='word_1_777' title='bbox 1853 5229 1950 5269; x_wconf 90' lang='lat' dir='ltr'><strong>eos</strong></span> <span class='ocrx_word' id='word_1_778' title='bbox 1985 5217 2372 5285; x_wconf 89' lang='lat' dir='ltr'><strong>criminantur,</strong></span> <span class='ocrx_word' id='word_1_779' title='bbox 2444 5223 2568 5277; x_wconf 90' lang='lat' dir='ltr'><strong>illos</strong></span> <span class='ocrx_word' id='word_1_780' title='bbox 2624 5225 2812 5293; x_wconf 88' lang='lat' dir='ltr'><strong>utique</strong></span> <span class='ocrx_word' id='word_1_781' title='bbox 2854 5225 2997 5280; x_wconf 87' lang='lat' dir='ltr'><strong>hanc</strong></span> <span class='ocrx_word' id='word_1_782' title='bbox 3063 5229 3231 5282; x_wconf 89' lang='lat' dir='ltr'><strong>semel</strong></span> <span class='ocrx_word' id='word_1_783' title='bbox 3283 5229 3338 5282; x_wconf 91' lang='lat' dir='ltr'><strong>in</strong></span> <span class='ocrx_word' id='word_1_784' title='bbox 3388 5230 3704 5298; x_wconf 86' lang='lat' dir='ltr'><strong>opinionem</strong></span> <span class='ocrx_word' id='word_1_785' title='bbox 3765 5231 3866 5284; x_wconf 79' lang='lat' dir='ltr'><strong>ad-</strong></span> 
     </span>
    </p>
   </div>
   <div class='ocr_carea' id='block_1_98' title="bbox 623 5305 3873 5393">
    <p class='ocr_par' dir='ltr' id='par_1_98' title="bbox 623 5305 3873 5393">
     <span class='ocr_line' id='line_1_98' title="bbox 623 5305 3873 5393; baseline 0.006 -34"><span class='ocrx_word' id='word_1_786' title='bbox 623 5305 838 5372; x_wconf 86' lang='lat' dir='ltr'><strong>ductos,</strong></span> <span class='ocrx_word' id='word_1_787' title='bbox 883 5323 988 5376; x_wconf 90' lang='lat' dir='ltr'><strong>qua</strong></span> <span class='ocrx_word' id='word_1_788' title='bbox 1037 5323 1230 5363; x_wconf 89' lang='lat' dir='ltr'><strong>sensus</strong></span> <span class='ocrx_word' id='word_1_789' title='bbox 1283 5309 1502 5366; x_wconf 89' lang='lat' dir='ltr'><strong>inutiles</strong></span> <span class='ocrx_word' id='word_1_790' title='bbox 1544 5310 1882 5377; x_wconf 83' lang='lat' dir='ltr'><strong>existimant,</strong></span> <span class='ocrx_word' id='word_1_791' title='bbox 1931 5311 1984 5367; x_wconf 90' lang='lat' dir='ltr'><strong>id</strong></span> <span class='ocrx_word' id='word_1_792' title='bbox 2014 5313 2190 5384; x_wconf 87' lang='lat' dir='ltr'><strong>ipsum</strong></span> <span class='ocrx_word' id='word_1_793' title='bbox 2231 5317 2297 5371; x_wconf 90' lang='lat' dir='ltr'><strong>de</strong></span> <span class='ocrx_word' id='word_1_794' title='bbox 2330 5320 2604 5387; x_wconf 79' lang='lat' dir='ltr'><strong>sensibus,</strong></span> <span class='ocrx_word' id='word_1_795' title='bbox 2641 5321 2785 5391; x_wconf 89' lang='lat' dir='ltr'><strong>quod</strong></span> <span class='ocrx_word' id='word_1_796' title='bbox 2810 5323 2952 5393; x_wconf 90' lang='lat' dir='ltr'><strong>apud</strong></span> <span class='ocrx_word' id='word_1_797' title='bbox 2986 5322 3281 5379; x_wconf 83' lang='lat' dir='ltr'><strong>Homerum</strong></span> <span class='ocrx_word' id='word_1_798' title='bbox 3308 5323 3587 5380; x_wconf 86' lang='lat' dir='ltr'><strong>Pandarus</strong></span> <span class='ocrx_word' id='word_1_799' title='bbox 3642 5327 3711 5382; x_wconf 89' lang='lat' dir='ltr'><strong>de</strong></span> <span class='ocrx_word' id='word_1_800' title='bbox 3740 5343 3873 5382; x_wconf 90' lang='lat' dir='ltr'><strong>arcu</strong></span> 
     </span>
    </p>
   </div>
   <div class='ocr_carea' id='block_1_99' title="bbox 626 5399 1612 5471">
    <p class='ocr_par' dir='ltr' id='par_1_99' title="bbox 626 5399 1612 5471">
     <span class='ocr_line' id='line_1_99' title="bbox 626 5399 1612 5471; baseline 0.003 -18"><span class='ocrx_word' id='word_1_801' title='bbox 626 5413 727 5458; x_wconf 89' lang='lat' dir='ltr'><strong>suo</strong></span> <span class='ocrx_word' id='word_1_802' title='bbox 758 5399 990 5463; x_wconf 88' lang='lat' dir='ltr'><strong>dicebat,</strong></span> <span class='ocrx_word' id='word_1_803' title='bbox 1027 5415 1291 5468; x_wconf 90' lang='lat' dir='ltr'><strong>usurpare</strong></span> <span class='ocrx_word' id='word_1_804' title='bbox 1315 5411 1612 5471; x_wconf 88' lang='lat' dir='ltr'><strong>oporteret,</strong></span> 
     </span>
    </p>
   </div>
   <div class='ocr_carea' id='block_1_100' title="bbox 627 5489 1942 5565">
    <p class='ocr_par' dir='ltr' id='par_1_100' title="bbox 627 5489 1942 5565">
     <span class='ocr_line' id='line_1_100' title="bbox 627 5489 1942 5565; baseline 0.006 -23"><span class='ocrx_word' id='word_1_805' title='bbox 627 5489 874 5565; x_wconf 48' lang='lat' dir='ltr'><strong>infensus</strong></span> <span class='ocrx_word' id='word_1_806' title='bbox 903 5490 1030 5565; x_wconf 76' lang='lat' dir='ltr'><strong>mihi</strong></span> <span class='ocrx_word' id='word_1_807' title='bbox 1057 5496 1304 5547; x_wconf 83' lang='lat' dir='ltr'><strong>continuo</strong></span> <span class='ocrx_word' id='word_1_808' title='bbox 1335 5506 1489 5564; x_wconf 82' lang='lat' dir='ltr'><strong>caput</strong></span> <span class='ocrx_word' id='word_1_809' title='bbox 1525 5496 1735 5565; x_wconf 77' lang='lat' dir='ltr'><strong>auferat</strong></span> <span class='ocrx_word' id='word_1_810' title='bbox 1755 5497 1942 5558; x_wconf 82' lang='lat' dir='ltr'><strong>hostis,</strong></span> 
     </span>
    </p>
   </div>
   <div class='ocr_carea' id='block_1_101' title="bbox 628 5559 2186 5637">
    <p class='ocr_par' dir='ltr' id='par_1_101' title="bbox 628 5559 2186 5637">
     <span class='ocr_line' id='line_1_101' title="bbox 628 5559 2186 5637; baseline 0.006 -25"><span class='ocrx_word' id='word_1_811' title='bbox 628 5559 702 5613; x_wconf 80' lang='lat' dir='ltr'><strong>Ni</strong></span> <span class='ocrx_word' id='word_1_812' title='bbox 729 5561 956 5629; x_wconf 76' lang='lat' dir='ltr'><strong>fractam</strong></span> <span class='ocrx_word' id='word_1_813' title='bbox 1011 5561 1142 5615; x_wconf 70' lang='lat' dir='ltr'><strong>lianc</strong></span> <span class='ocrx_word' id='word_1_814' title='bbox 1193 5559 1437 5620; x_wconf 55' lang='lat' dir='ltr'><strong>manibus</strong></span> <span class='ocrx_word' id='word_1_815' title='bbox 1469 5559 1796 5637; x_wconf 81' lang='lat' dir='ltr'><strong>pharetram,</strong></span> <span class='ocrx_word' id='word_1_816' title='bbox 1837 5569 2048 5637; x_wconf 84' lang='lat' dir='ltr'><strong>quando</strong></span> <span class='ocrx_word' id='word_1_817' title='bbox 2089 5569 2186 5623; x_wconf 85' lang='lat' dir='ltr'><strong>illa</strong></span> 
     </span>
    </p>
   </div>
   <div class='ocr_carea' id='block_1_102' title="bbox 1875 5654 2135 5694">
    <p class='ocr_par' dir='ltr' id='par_1_102' title="bbox 1875 5654 2135 5694">
     <span class='ocr_line' id='line_1_102' title="bbox 1875 5654 2135 5694; baseline 0.019 -5"><span class='ocrx_word' id='word_1_818' title='bbox 1875 5654 1932 5690; x_wconf 87' lang='lat' dir='ltr'><strong>er</strong></span> <span class='ocrx_word' id='word_1_819' title='bbox 1960 5656 2135 5694; x_wconf 79' lang='lat' dir='ltr'><strong>armos</strong></span> 
     </span>
    </p>
   </div>
   <div class='ocr_carea' id='block_1_103' title="bbox 631 5655 2011 5777">
    <p class='ocr_par' dir='ltr' id='par_1_103' title="bbox 631 5655 2011 5777">
     <span class='ocr_line' id='line_1_103' title="bbox 1875 5655 2010 5691; baseline 0.007 -1"><span class='ocrx_word' id='word_1_820' title='bbox 1875 5655 1932 5690; x_wconf 86' lang='lat' dir='ltr'><strong>er</strong></span> <span class='ocrx_word' id='word_1_821' title='bbox 1960 5656 2010 5691; x_wconf 83' lang='lat' dir='ltr'><strong>at</strong></span> 
     </span>
     <span class='ocr_line' id='line_1_104' title="bbox 631 5655 2011 5777; baseline 0.007 -26"><span class='ocrx_word' id='word_1_822' title='bbox 631 5695 844 5755; x_wconf 83' lang='lat' dir='ltr'><strong>Pondus</strong></span> <span class='ocrx_word' id='word_1_823' title='bbox 879 5705 1015 5759; x_wconf 83' lang='lat' dir='ltr'><strong>iners</strong></span> <span class='ocrx_word' id='word_1_824' title='bbox 1043 5706 1251 5775; x_wconf 79' lang='lat' dir='ltr'><strong>pendet,</strong></span> <span class='ocrx_word' id='word_1_825' title='bbox 1280 5707 1463 5760; x_wconf 81' lang='lat' dir='ltr'><strong>mediis</strong></span> <span class='ocrx_word' id='word_1_826' title='bbox 1491 5708 1716 5776; x_wconf 79' lang='lat' dir='ltr'><strong>injecero</strong></span> <span class='ocrx_word' id='word_1_827' title='bbox 1745 5655 2011 5777; x_wconf 52' lang='lat' dir='ltr'><strong>ﬂmiimis:</strong></span> 
     </span>
    </p>
   </div>
   <div class='ocr_carea' id='block_1_104' title="bbox 701 5791 2196 5869">
    <p class='ocr_par' dir='ltr' id='par_1_104' title="bbox 701 5791 2196 5869">
     <span class='ocr_line' id='line_1_105' title="bbox 701 5791 2196 5869; baseline 0.007 -24"><span class='ocrx_word' id='word_1_828' title='bbox 701 5791 811 5858; x_wconf 75' lang='lat'><strong>(95)</strong></span> <span class='ocrx_word' id='word_1_829' title='bbox 851 5796 956 5847; x_wconf 78' lang='grc' dir='ltr'><strong>Καὶ</strong></span> <span class='ocrx_word' id='word_1_830' title='bbox 1006 5796 1069 5869; x_wconf 74' lang='grc' dir='ltr'>τὸ</span> <span class='ocrx_word' id='word_1_831' title='bbox 1111 5796 1218 5869; x_wconf 3' lang='grc' dir='ltr'><strong>μὴ,</strong></span> <span class='ocrx_word' id='word_1_832' title='bbox 1244 5797 1318 5849; x_wconf 74' lang='grc' dir='ltr'><strong>ὂν</strong></span> <span class='ocrx_word' id='word_1_833' title='bbox 1358 5798 1570 5869; x_wconf 65' lang='grc' dir='ltr'>ἕτεροις</span> <span class='ocrx_word' id='word_1_834' title='bbox 1603 5796 1774 5853; x_wconf 74' lang='grc' dir='ltr'>εἶναι.</span> <span class='ocrx_word' id='word_1_835' title='bbox 1819 5798 2039 5869; x_wconf 83' lang='lat' dir='ltr'><strong>Repone</strong></span> <span class='ocrx_word' id='word_1_836' title='bbox 2073 5817 2196 5855; x_wconf 83' lang='lat' dir='ltr'><strong>cum</strong></span> 
     </span>
    </p>
   </div>
   <div class='ocr_carea' id='block_1_105' title="bbox 635 5862 1679 5938">
    <p class='ocr_par' dir='ltr' id='par_1_105' title="bbox 635 5862 1679 5938">
     <span class='ocr_line' id='line_1_106' title="bbox 635 5862 1679 5938; baseline 0.007 -22"><span class='ocrx_word' id='word_1_837' title='bbox 635 5862 805 5918; x_wconf 80' lang='lat' dir='ltr'><strong>altero</strong></span> <span class='ocrx_word' id='word_1_838' title='bbox 831 5881 958 5930; x_wconf 87' lang='lat' dir='ltr'><strong>ms.,</strong></span> <span class='ocrx_word' id='word_1_839' title='bbox 992 5868 1083 5918; x_wconf 72' lang='grc' dir='ltr'><strong>καὶ</strong></span> <span class='ocrx_word' id='word_1_840' title='bbox 1110 5862 1167 5920; x_wconf 74' lang='grc' dir='ltr'>τὸ</span> <span class='ocrx_word' id='word_1_841' title='bbox 1199 5868 1384 5937; x_wconf 69' lang='grc' dir='ltr'>ἕτερον</span> <span class='ocrx_word' id='word_1_842' title='bbox 1414 5862 1488 5938; x_wconf 56' lang='grc' dir='ltr'><strong>μὴ</strong></span> <span class='ocrx_word' id='word_1_843' title='bbox 1522 5865 1679 5923; x_wconf 75' lang='grc' dir='ltr'>εἶναι.</span> 
     </span>
    </p>
   </div>
   <div class='ocr_carea' id='block_1_106' title="bbox 2291 5480 3878 5591">
    <p class='ocr_par' dir='ltr' id='par_1_106' title="bbox 2291 5480 3878 5591">
     <span class='ocr_line' id='line_1_107' title="bbox 2291 5480 3878 5591; baseline 0.003 -37"><span class='ocrx_word' id='word_1_844' title='bbox 2291 5499 2494 5554; x_wconf 79' lang='grc' dir='ltr'><strong>Αὑτίκ’</strong></span> <span class='ocrx_word' id='word_1_845' title='bbox 2527 5501 2707 5555; x_wconf 77' lang='grc' dir='ltr'>ἔπειτ’</span> <span class='ocrx_word' id='word_1_846' title='bbox 2738 5501 2848 5572; x_wconf 88' lang='grc'><strong>(96)</strong></span> <span class='ocrx_word' id='word_1_847' title='bbox 2877 5503 2978 5556; x_wconf 72' lang='grc' dir='ltr'><strong>ἀπ’</strong></span> <span class='ocrx_word' id='word_1_848' title='bbox 3000 5502 3159 5573; x_wconf 83' lang='grc' dir='ltr'>ἐμεῖο</span> <span class='ocrx_word' id='word_1_849' title='bbox 3182 5503 3336 5573; x_wconf 81' lang='grc' dir='ltr'>κάρη</span> <span class='ocrx_word' id='word_1_850' title='bbox 3364 5503 3530 5574; x_wconf 83' lang='grc' dir='ltr'>τάμοι</span> <span class='ocrx_word' id='word_1_851' title='bbox 3553 5480 3878 5591; x_wconf 33' lang='grc' dir='ltr'>ἀςλὸιτριος</span> 
     </span>
    </p>
   </div>
   <div class='ocr_carea' id='block_1_107' title="bbox 3620 5573 3804 5644">
    <p class='ocr_par' dir='ltr' id='par_1_107' title="bbox 3620 5573 3804 5644">
     <span class='ocr_line' id='line_1_108' title="bbox 3620 5573 3804 5644; baseline -0.027 0"><span class='ocrx_word' id='word_1_852' title='bbox 3620 5573 3804 5644; x_wconf 50' lang='grc' dir='ltr'><strong>[φὼρ</strong></span> 
     </span>
    </p>
   </div>
   <div class='ocr_carea' id='block_1_108' title="bbox 2292 5639 3675 5712">
    <p class='ocr_par' dir='ltr' id='par_1_108' title="bbox 2292 5639 3675 5712">
     <span class='ocr_line' id='line_1_109' title="bbox 2292 5639 3675 5712; baseline 0.007 -19"><span class='ocrx_word' id='word_1_853' title='bbox 2292 5643 2363 5694; x_wconf 77' lang='grc' dir='ltr'>Εἰ</span> <span class='ocrx_word' id='word_1_854' title='bbox 2386 5640 2472 5709; x_wconf 79' lang='grc' dir='ltr'><strong>μὴ</strong></span> <span class='ocrx_word' id='word_1_855' title='bbox 2502 5639 2616 5712; x_wconf 62' lang='grc' dir='ltr'>ἐγὼ</span> <span class='ocrx_word' id='word_1_856' title='bbox 2640 5640 2779 5694; x_wconf 81' lang='grc' dir='ltr'>τάδε</span> <span class='ocrx_word' id='word_1_857' title='bbox 2803 5642 2948 5706; x_wconf 81' lang='grc' dir='ltr'>τόξα</span> <span class='ocrx_word' id='word_1_858' title='bbox 2977 5644 3198 5712; x_wconf 70' lang='grc' dir='ltr'>φαεινῷ</span> <span class='ocrx_word' id='word_1_859' title='bbox 3224 5646 3293 5699; x_wconf 75' lang='grc' dir='ltr'>ἐν</span> <span class='ocrx_word' id='word_1_860' title='bbox 3315 5645 3454 5712; x_wconf 74' lang='grc' dir='ltr'>πυρὶ</span> <span class='ocrx_word' id='word_1_861' title='bbox 3485 5639 3675 5710; x_wconf 58' lang='grc' dir='ltr'>θείηἱρζ</span> 
     </span>
    </p>
   </div>
   <div class='ocr_carea' id='block_1_109' title="bbox 2291 5711 3729 5786">
    <p class='ocr_par' dir='ltr' id='par_1_109' title="bbox 2291 5711 3729 5786">
     <span class='ocr_line' id='line_1_110' title="bbox 2291 5711 3729 5786; baseline 0.003 -21"><span class='ocrx_word' id='word_1_862' title='bbox 2291 5712 2472 5778; x_wconf 79' lang='grc' dir='ltr'>Χερσί</span> <span class='ocrx_word' id='word_1_863' title='bbox 2494 5711 2893 5779; x_wconf 78' lang='grc' dir='ltr'>διακλάσσας,</span> <span class='ocrx_word' id='word_1_864' title='bbox 2923 5711 3222 5783; x_wconf 59' lang='lat' dir='ltr'><strong>cii-sptium</strong></span> <span class='ocrx_word' id='word_1_865' title='bbox 3247 5717 3355 5786; x_wconf 74' lang='grc' dir='ltr'><strong>γάρ</strong></span> <span class='ocrx_word' id='word_1_866' title='bbox 3378 5711 3479 5784; x_wconf 65' lang='grc' dir='ltr'>μοι</span> <span class='ocrx_word' id='word_1_867' title='bbox 3499 5715 3729 5782; x_wconf 67' lang='grc' dir='ltr'>ὀπηδεῖσ</span> 
     </span>
    </p>
   </div>
   <div class='ocr_carea' id='block_1_110' title="bbox 2377 5801 3488 5873">
    <p class='ocr_par' dir='ltr' id='par_1_110' title="bbox 2377 5801 3488 5873">
     <span class='ocr_line' id='line_1_111' title="bbox 2377 5801 3488 5873; baseline 0.005 -17"><span class='ocrx_word' id='word_1_868' title='bbox 2377 5801 2490 5873; x_wconf 82' lang='lat'>(96)</span> <span class='ocrx_word' id='word_1_869' title='bbox 2529 5804 2728 5858; x_wconf 75' lang='grc' dir='ltr'>Αὑτίκ⁷</span> <span class='ocrx_word' id='word_1_870' title='bbox 2756 5804 2958 5859; x_wconf 78' lang='grc' dir='ltr'>ἔπειτ’.</span> <span class='ocrx_word' id='word_1_871' title='bbox 2993 5804 3160 5862; x_wconf 81' lang='lat' dir='ltr'><strong>Iliad.</strong></span> <span class='ocrx_word' id='word_1_872' title='bbox 3193 5808 3254 5869; x_wconf 83' lang='grc' dir='ltr'>Ε,</span> <span class='ocrx_word' id='word_1_873' title='bbox 3287 5823 3337 5861; x_wconf 85' lang='lat' dir='ltr'><strong>v.</strong></span> <span class='ocrx_word' id='word_1_874' title='bbox 3366 5807 3488 5861; x_wconf 70' lang='grc' dir='ltr'><strong>ΞΜ.</strong></span> 
     </span>
    </p>
   </div>
  </div>
