4034 6390
245 406 412 464 12ῑὸ

1376 414 1695 470 ΡΒΑΞΡΑΒ.
1740 414 1991 473 EVANG.
2033 414 2160 471 LIB.
2204 414 2343 472 XIV.

3370 415 3511 468 49.16

247 521 322 576 τὸ
350 524 490 593 μετά
517 523 675 580 τοῦτο
717 526 1148 599 διαλυμήνασθαι
1196 532 1376 596 πάσας
1426 534 1526 596 τὰς
1564 534 1846 606 αἰσθήσεις

1959 535 2222 605 simulque
2281 549 2475 589 sensus
2531 547 2723 588 omnes
2773 547 2904 587 suos
2962 532 3339 602 exstinguere:
3403 540 3514 584 tum

250 613 496 668 ἑαυτῶν.
526 613 682 668 Οὕτω
703 617 812 689 γὰρ
838 620 903 672 ἀν
935 635 1019 683 τις
1049 623 1332 675 ἐπίστευεν
1367 624 1551 688 αὐτοῖς
1585 625 1730 697 ἔργῳ
1760 625 1842 678 δι-

251 703 578 770 δάσκουσιν,
605 708 680 771 ὼς
699 711 778 772 εἰς
807 711 958 763 οὐδὲν
983 714 1159 768 αὐτῶν
1189 713 1411 770 δέοιντο.
1439 716 1576 770 Νυνὶ
1601 717 1658 770 δὲ
1689 716 1847 772 τοῦτο

253 795 616 852 ἀτοπώτατόν
646 801 782 855 ἐστι.
825 802 1151 875 Ἀχρήστους
1174 806 1281 878 γὰρ
1315 808 1705 875 ἀποφαινοντες
1747 811 1846 864 αὑ-

256 888 368 951 τὰς
391 888 471 959 τῷ
509 889 671 960 λόγῳ,
693 894 804 956 τοῖς
831 894 1013 966 ἔργοις
1041 897 1106 950 τὰ
1129 898 1361 967 μάλιστα
1383 899 1652 971 χρώμενοι
1672 901 1850 954 διατε-

259 980 454 1034 λοῦσιν
480 981 687 1045 αὑταῖς.
733 984 797 1037 '0
827 985 889 1052 γέ
911 1004 992 1039 τοι
1021 988 1287 1053 Μέλισσος
1318 990 1514 1044 ἐθέλων
1544 992 1847 1046 ἐπιδεικνύ-

261 1092 380 1136 ναι,
409 1076 489 1128 ὅτι
520 1075 627 1128 τῶν
654 1079 992 1146 φαινομένων
1025 1082 1117 1133 καὶ
1153 1084 1209 1134 ὲν
1255 1083 1396 1152 ὄψει,
1446 1084 1651 1138 τούτων
1699 1086 1849 1140 οὐδὲν

263 1167 354 1236 εἴη
380 1167 457 1237 τῷ
501 1167 633 1230 ὄντι,
668 1168 755 1221 διά
782 1169 888 1223 τῶν
930 1174 1272 1242 φαινομένων
1315 1176 1686 1230 ἀποδεικνύειν
1739 1178 1848 1251 (97)

268 1259 472 1312 αὐτῶν.
507 1261 644 1329 Φησὶ
674 1260 806 1328 γοῦν
826 1279 839 1292 ·
869 1263 930 1315 Εἰ
962 1265 1070 1334 γάρ
1096 1267 1211 1318 ἐστι
1263 1266 1357 1335 γῆ,
1411 1268 1504 1321 καὶ
1542 1269 1685 1339 ὕδωρ
1710 1309 1724 1332 ,
1755 1269 1851 1322 καὶ

265 1349 404 1419 ἀὴρ,
432 1353 526 1405 καὶ
553 1351 684 1422 πῦρ,
712 1353 804 1406 καὶ
833 1354 1070 1424 σίδηρος,
1102 1357 1195 1409 καὶ
1236 1357 1436 1428 χρυσός
1457 1375 1470 1388 °
1505 1361 1598 1412 καὶ
1649 1359 1710 1412 τὸ
1754 1363 1850 1431 μὲν

270 1439 405 1504 ζῶν,
437 1443 497 1494 τὸ
522 1441 577 1495 δὲ
610 1443 890 1515 τεθνηκὸς,
930 1447 1023 1497 καὶ
1056 1447 1245 1517 μέλαν,
1280 1448 1374 1501 καὶ
1406 1449 1620 1515 λευκὸν,
1669 1453 1762 1505 καὶ
1785 1452 1852 1505 τὰ

270 1531 409 1587 ἄλλα
444 1534 609 1588 πάντα
639 1536 738 1588 ὅσα
768 1536 931 1603 φασὶν
955 1533 1091 1591 εἶναι
1115 1537 1392 1610 ἀνθρωτέοι
1426 1541 1724 1613 ἀληθῶς,ἢ
1761 1545 1854 1597 καὶ

271 1622 435 1690 ἡμεῖς
472 1623 646 1693 ὀρθῶς
677 1625 893 1697 ὁρῶμεν
926 1630 1017 1682 καὶ
1038 1630 1308 1702 ἀκούομεν
1329 1652 1342 1664 ο
1379 1630 1518 1688 εἶναι
1552 1637 1717 1707 ἐχρῆν
1762 1639 1854 1691 καὶ

272 1711 334 1764 τὸ
357 1711 416 1765 ὃν
443 1714 701 1780 τοιοῦτον,
724 1710 834 1769 οἷον
858 1717 1073 1788 πρῶτον
1103 1719 1279 1785 ἔδοξεν
1299 1723 1428 1792 ἡμῖν
1454 1719 1611 1787 εἶναι,
1661 1725 1755 1778 καὶ
1781 1724 1854 1796 μὴ

273 1807 657 1874 μεταπίπτειν,
687 1809 819 1879 μηδὲ
841 1810 1083 1878 γίνεσθαι
1105 1813 1310 1884 ἓτερον,
1337 1815 1450 1868 ἀλλ’
1481 1812 1619 1870 εἶναι
1647 1818 1851 1887 ὅμοιον,

1947 628 2094 682 enim
2139 626 2356 681 demum
2406 625 2540 680 ﬁdes
2592 625 2724 695 ipsis
2790 623 3100 685 haberetur,
3136 637 3258 677 cum
3296 621 3363 676 iis
3413 621 3514 675 sibi

1951 718 2086 771 nihil
2136 732 2277 786 opus
2305 731 2426 772 esse
2458 731 2516 770 re
2547 716 2662 785 ipsa
2696 714 3131 784 comprobarent.
3171 710 3328 766 Nunc
3379 725 3514 764 vero

1949 809 2345 864 absurdissime
2383 807 2612 872 faciunt,
2643 807 2737 877 qui
2771 822 2894 861 cum
2939 821 3035 860 eos
3066 804 3285 858 inutiles
3334 813 3517 857 orete-

1951 917 2054 956 nus
2090 916 2211 956 esse
2242 899 2511 966 dictitent,
2558 899 2746 953 iisdem
2792 909 2970 952 tamen
3013 899 3192 967 reipsa
3259 904 3519 950 constan-

1951 990 2159 1044 tissime
2196 990 2510 1044 abutantur.
2552 987 2844 1042 Enimvero
2878 987 3151 1048 Melissus,
3183 1001 3372 1040 eorum
3399 1000 3522 1054 quae

1950 1089 2230 1149 apparent,
2263 1094 2490 1149 quasque
2525 1081 2594 1133 oh
2628 1079 2818 1134 oculos
2864 1081 3043 1148 posita
3102 1085 3251 1142 sunt,
3293 1077 3431 1130 nihil
3466 1090 3522 1130 re

1950 1187 2076 1224 vera
2100 1185 2221 1225 esse
2251 1171 2480 1239 probare
2509 1169 2639 1223 dum
2676 1170 2809 1234 vult,
2847 1186 2911 1224 ex
2962 1170 3070 1224 illis
3107 1169 3239 1238 ipsis
3279 1184 3400 1238 quae
3436 1182 3526 1236 ap-

1952 1273 2140 1334 parent
2164 1270 2482 1331 argumenta
2507 1263 2674 1317 ducit.
2709 1261 2937 1331 Quippe,
2977 1263 3019 1316 si
3053 1261 3197 1315 enim
3243 1269 3404 1323 terra,
3441 1259 3524 1312 in-

1954 1356 2094 1426 quit,
2129 1355 2173 1409 si
2210 1370 2350 1423 aqua
2375 1365 2428 1408 et
2476 1369 2592 1418 aer,
2643 1355 2687 1409 si
2737 1355 2899 1423 ignis,
2927 1354 3153 1417 ferrum,
3209 1369 3439 1416 aurum;
3477 1353 3522 1406 si

1956 1447 2144 1499 vivens
2177 1444 2403 1512 aliquid,
2452 1444 2597 1498 aliud
2648 1453 2950 1505 mortuum,
3001 1443 3048 1496 si
3101 1445 3314 1513 nigrum
3362 1453 3525 1511 atque

1955 1536 2162 1597 album,
2214 1534 2258 1588 si
2308 1533 2412 1588 alia
2453 1543 2580 1588 sunt
2637 1535 2843 1596 omnia,
2906 1549 3025 1602 qum
3081 1533 3152 1586 ab
3210 1533 3525 1586 hominibus

1957 1642 2082 1680 vere
2111 1641 2232 1680 esse
2267 1625 2558 1680 dicuntur:
2601 1635 2875 1695 postremo
2904 1626 2948 1679 si
3001 1625 3249 1679 videmus
3294 1625 3394 1694 ipsi
3427 1640 3524 1677 au-

1957 1717 2246 1784 dimnsque
2277 1723 2454 1780 recte;
2482 1714 2611 1767 illud
2643 1715 2806 1768 etiam
2831 1711 3072 1782 profecto
3105 1711 3250 1782 quod
3301 1723 3384 1765 est
3421 1711 3526 1764 tale

1959 1822 2174 1876 semper
2204 1821 2426 1860 manere
2453 1806 2667 1870 debeat,
2709 1805 2868 1875 quale
2902 1805 3082 1875 primo
3115 1805 3276 1858 nobis
3304 1814 3389 1858 est
3438 1803 3523 1856 vi-

267 1894 384 1951 οἷόν
416 1899 522 1971 πέρ
554 1901 701 1954 ἐστιν
725 1901 973 1955 ἕκαστον.
1014 1903 1127 1956 Νῦν
1153 1905 1208 1958 δὲ
1241 1906 1447 1977 ἔφαμεν
1480 1907 1656 1979 ὀρθῶς
1696 1912 1849 1982 όρᾷν,

1961 1914 2104 1958 sum,
2133 1912 2235 1952 nec
2265 1896 2466 1950 mutari
2505 1896 2736 1950 subinde
2789 1905 2951 1964 atque
2979 1896 3208 1948 alterum
3262 1894 3399 1957 iieri,
3429 1892 3524 1948 sed

269 1989 368 2042 καὶ
398 1990 636 2053 ἀκούειν,
668 1993 762 2045 καὶ
797 1993 1061 2046 συνιέναι·
1115 1996 1264 2049 δοκεῖ
1292 1997 1348 2050 δὲ
1385 2001 1514 2069 ἡμῖν
1543 2000 1602 2052 τὸ
1651 1999 1852 2074 θερμὸν

271 2079 369 2132 καὶ
391 2079 595 2152 ψυχρὸν
625 2083 885 2151 γίνεσθαι,
910 2086 1002 2138 καὶ
1040 2086 1100 2139 τὸ
1123 2086 1329 2158 ψυχρὸν
1371 2089 1571 2160 θερμὸν
1599 2129 1612 2151 ,
1643 2093 1736 2144 καὶ
1793 2092 1854 2146 τὸ

274 2169 510 2242 σκληρὸν
541 2173 800 2242 μαλακὸν,
829 2175 923 2228 καὶ
950 2175 1009 2228 τὸ
1039 2176 1278 2246 μαλακὸν
1302 2179 1556 2252 σκληρόν.
1586 2182 1773 2236 Ταῦτα
1795 2184 1852 2236 δὲ

273 2261 370 2313 καὶ
401 2261 533 2316 ἄλλα
591 2264 758 2317 πολλά
788 2267 1010 2321 τοιαῦτα
1063 2269 1312 2337 λέγοντος
1343 2271 1506 2326 αὑτοῦ
1529 2315 1543 2336 ,
1573 2274 1667 2326 καὶ
1710 2275 1853 2346 μάλα

275 2353 499 2418 εἰκότως
550 2355 780 2415 ἐπύθετό
817 2376 901 2424 τις
947 2360 1013 2414 ἂν
1034 2402 1048 2426 ,
1078 2358 1315 2434 ⁷Αρ“οὗν
1348 2366 1430 2418 ὅτι
1455 2365 1484 2418 ὃ
1528 2366 1622 2419 νῦν
1653 2367 1852 2438 θερμόν

275 2448 412 2511 ἐστι,
460 2447 693 2509 κᾶπειτα
725 2450 880 2505 τοῦτο
921 2453 1128 2522 γίνεται
1150 2455 1379 2527 ψυχρὸν,
1415 2459 1514 2512 οὐκ
1533 2458 1849 2531 αἰσθόμενος

275 2538 479 2605 ἐγνως;
516 2540 748 2610 Ὁμοίως
783 2543 838 2597 δὲ
891 2546 986 2598 καὶ
1015 2547 1142 2617 περὶ
1171 2548 1280 2600 τῶν
1309 2548 1503 2602 ἀλλων.
1538 2550 1716 2622 Ὅπερ
1745 2552 1854 2622 γὰρ

275 2628 432 2698 ἔφην.
468 2631 717 2701 εὑρεθείη
748 2633 812 2686 ἂν
836 2633 1008 2695 οὐδὲν,
1038 2635 1152 2688 ἀλλ’
1179 2636 1212 2708 ἦ
1239 2638 1336 2701 τάς
1373 2639 1653 2710 αἰσθήσεις
1699 2642 1852 2694 ἀναι-

278 2719 389 2790 ρῶν
411 2721 502 2773 καὶ
529 2721 764 2793 ἐλέγχων
785 2765 799 2787 ,
831 2723 920 2778 διὰ
949 2725 1010 2779 τὸ
1047 2727 1283 2797 μάλιστα
1316 2728 1590 2782 πιστεύειν
1640 2731 1850 2796 αὑταῖς.

287 2812 448 2866 Ἀλλά
471 2814 578 2886 γὰρ
605 2817 653 2868 οἱ
702 2817 798 2887 μὲν
841 2819 1073 2873 τοιοῦτοι
1113 2817 1257 2889 λόγοι
1295 2822 1477 2892 σχεδὸν
1522 2823 1712 2888 ἱκανὰς
1751 2826 1853 2896 ἤδη

274 2902 573 2958 δεδώκασιν
611 2905 841 2969 εὐθύνας
861 2927 872 2938 ο
901 2909 1134 2982 ἐξίτηλοί
1166 2912 1229 2979 γέ
1256 2928 1337 2964 τοι
1366 2913 1672 2980 γεγόνασιν,
1697 2914 1773 2978 ῶς
1807 2918 1855 2969 εἰ

279 2995 416 3066 μηδέ
457 2997 757 3067 ἠλέχθησαν
782 2998 892 3069 (98)
924 3000 984 3052 τὸ
1024 3002 1301 3072 παράπαν.
1335 3003 1470 3074 Ἤδη
1501 3005 1682 3074 μέντοι
1721 3005 1855 3078 θαρ-

279 3088 520 3158 ροὖντες,
557 3089 802 3160 λέγωμεν
823 3090 998 3162 ὀρθῶς
1021 3093 1328 3161 φιλοσοφεῖν
1366 3096 1492 3158 τοὺς
1521 3096 1615 3149 καὶ
1649 3097 1746 3161 τὰς
1768 3099 1855 3150 αἰ-

281 3177 500 3249 σθήσεις
523 3181 616 3234 καὶ
651 3181 741 3233 τὸν
766 3180 919 3250 λόγον
959 3183 1049 3234 ἐπὶ
1078 3184 1176 3253 τὴν
1202 3183 1402 3251 γνῶσιν
1449 3185 1546 3257 τὴν
1578 3186 1686 3240 τῶν
1724 3203 1858 3259 πρα-

278 3271 505 3339 γμάτων
531 3273 1077 3343 παραλαμϐάνοντας.
1105 3295 1122 3326 ι
1155 3276 1358 3329 Τοιοίδε
1400 3279 1496 3347 μὲν
1516 3274 1607 3331 οὖν
1637 3281 1684 3331 οἱ
1714 3280 1858 3350 ἀμφὶ

277 3361 366 3412 τὸν
387 3361 714 3434 Ξενοράνην,
749 3363 806 3427 ὃς
828 3364 890 3436 δὴ
921 3364 1137 3433 λέγεται
1167 3367 1514 3436 συνακμάσαι
1566 3371 1680 3431 τοῖς
1715 3369 1858 3439 ἀμφὶ

281 3451 606 3524 Πυθαγόραν
651 3456 743 3512 καὶ
788 3456 1174 3527 Ἀναξαγόραν.
1202 3456 1534 3526 Ξενοφάνους
1584 3459 1640 3512 δὲ
1695 3462 1857 3513 ἀκου-

283 3543 415 3611 στὴς
453 3545 641 3613 γέγονε
667 3547 1009 3618 Παρμενίδης
1036 3565 1049 3579 ·
1092 3548 1280 3603 τούτου
1320 3549 1588 3614 Μέλισσος
1613 3593 1626 3616 ,
1657 3547 1717 3605 οὗ
1751 3554 1855 3624 Ζή-

279 3653 409 3696 νων,
441 3630 502 3690 οὗ
527 3637 856 3702 Λεύκιππος,
899 3634 958 3693 οὗ
988 3641 1344 3710 Δημόκριτος,
1372 3637 1432 3695 οὗ
1467 3643 1855 3714 Πρωταγόρας,

281 3732 377 3780 καὶ
409 3729 652 3792 Νεσσᾶς·
702 3729 793 3788 τοῦ
829 3730 879 3784 δὲ
926 3732 1109 3784 Νεσσᾶ
1147 3732 1544 3804 Μητρόδωρος,
1581 3730 1640 3791 οὗ
1680 3735 1865 3800 Διογέ-

283 3837 404 3888 νης,
435 3814 494 3873 οὗ
541 3821 886 3894 Ἀνάξαρχος.
929 3823 1255 3894 Ἀναξάρχου
1291 3825 1347 3878 δὲ
1371 3825 1642 3897 γνώριμος
1677 3827 1865 3895 γέγονε

285 3911 539 3982 Πύρρων,
574 3914 666 3982 ἀφ’
699 3909 758 3968 οὗ
783 3915 815 3985 ἠ
846 3913 952 3968 τῶν
972 3915 1286 3968 Σκεπτικῶν
1323 3917 1724 3986 ἐπικληθέντων
1749 3918 1864 3971 δια-

283 4000 445 4071 τριϐὴ
478 4002 708 4072 συνέστη
771 4003 864 4066 οὓς
905 4006 999 4060 καὶ
1028 4006 1224 4068 αὐτοὺς
1255 4006 1420 4077 μηδὲν
1450 4003 1586 4060 εἶναι
1621 4008 1683 4061 τὸ
1735 4026 1870 4080 παρ-

289 4091 456 4154 ἀπαν,
500 4096 634 4164 μήτε
663 4094 714 4162 γ’
746 4095 803 4148 ἐν
825 4096 1078 4167 αἰσθήσει
1112 4098 1236 4168 μήτ’
1265 4099 1320 4150 ἐν
1342 4099 1484 4169 λόγῳ
1517 4099 1862 4170 καταληπτὸν

284 4181 653 4255 ὁριζομένους,
684 4188 976 4257 ἐπέχοντας
1004 4187 1047 4240 δ’
1083 4190 1142 4241 ὲν
1159 4191 1342 4252 πᾶσιν,
1375 4193 1524 4254 ὅπως
1555 4192 1861 4263 ἀπήλεγχον

284 4274 335 4326 οἱ
361 4274 814 4341 ἀντιῶξάζοντες,
854 4277 1044 4347 μαθεῖν
1101 4279 1364 4351 πάρεστιν
1397 4281 1504 4333 ἀπὸ
1553 4282 1645 4334 τοῦ
1691 4281 1861 4352 δηλω-

287 4369 473 4432 θέντος
498 4371 945 4441 συγγράμματος,
979 4366 1079 4427 ὧδέ
1113 4389 1186 4444 πη
1230 4373 1366 4443 πρὸς
1395 4373 1541 4438 λέξιν
1563 4374 1796 4444 ἔχοντος.

1955 1993 2136 2062 potius
2171 1989 2312 2044 idem
2361 1996 2676 2044 constanter
2708 2003 2828 2042 esse
2875 1988 3138 2056 quidlibet
3171 1987 3314 2055 quod
3349 1985 3517 2042 semel

1953 2095 2056 2139 est.
2119 2082 2280 2152 Atqui
2305 2091 2449 2135 recte
2478 2097 2601 2135 cum
2630 2081 2811 2134 videre
2834 2097 2951 2146 nos,
2989 2089 3099 2133 tum
3136 2081 3322 2133 audire
3353 2081 3517 2133 etiam

1952 2185 2008 2230 et
2041 2173 2339 2242 intelligere
2373 2172 2638 2236 dicimus;
2673 2178 2728 2225 et
2762 2181 2940 2225 tamen
2984 2169 3238 2239 frigidum
3275 2170 3326 2223 id
3366 2170 3527 2223 nobis

1954 2265 2100 2335 quod
2132 2264 2370 2319 calidum
2401 2272 2518 2317 erat
2557 2263 2672 2317 iieri
2721 2256 2956 2323 videtur,
2987 2262 3332 2332 calidumque
3364 2262 3528 2316 vicis-

1955 2358 2056 2413 sim
2110 2355 2257 2426 quod
2315 2364 2433 2422 erat
2482 2354 2760 2424 frigidum,
2801 2355 3162 2423 similiterque
3218 2354 3416 2408 durum
3471 2353 3526 2406 in

1955 2447 2136 2511 molle,
2169 2456 2223 2502 et
2252 2446 2414 2501 molle
2449 2462 2639 2500 rursus
2671 2446 2722 2500 in
2755 2445 2952 2500 durum
2993 2446 3217 2501 mutari.
3257 2444 3382 2500 Haec
3431 2445 3529 2516 igi-

1957 2553 2044 2597 tur
2070 2543 2286 2612 aliaqne
2319 2541 2370 2595 id
2396 2556 2567 2609 genus
2619 2541 3020 2611 quamplurima
3073 2556 3196 2595 cum
3240 2556 3270 2594 a
3298 2539 3525 2594 Melisso

1953 2631 2225 2694 dicantur,
2265 2629 2384 2700 jure
2410 2629 2653 2699 profecto
2697 2630 2974 2700 quassierit
3008 2645 3074 2684 ex
3124 2646 3190 2683 eo
3217 2629 3520 2698 quispiam,

1955 2740 2084 2777 num
2114 2723 2218 2777 hoc
2253 2722 2452 2792 ipsum,
2490 2721 2634 2791 quod
2675 2722 2837 2776 modo
2867 2721 3104 2775 calidum
3127 2731 3232 2786 est,
3268 2720 3526 2790 frigidum

1958 2815 2008 2870 id
2066 2823 2188 2886 post
2241 2815 2463 2869 modum
2516 2814 2653 2879 ﬁeri,
2697 2813 2980 2868 sentiendo
3019 2813 3353 2884 c0gnoverit.
3399 2810 3530 2864 Nam

1957 2915 2284 2960 caeterorum
2344 2905 2584 2960 omnium
2624 2905 2811 2959 eadem
2871 2905 3028 2973 plane
3074 2904 3216 2958 ratio
3272 2914 3372 2958 est.
3450 2901 3527 2956 Ita

1958 2999 2228 3052 constabit
2257 2998 2482 3052 omnino
2518 3013 2684 3067 quam
2712 3013 2835 3051 vere
2856 2998 3060 3050 dictum
3099 2997 3195 3050 abs
3223 3010 3311 3050 me
3345 2995 3529 3061 fuerit,

1957 3107 2022 3145 eo
2048 3100 2256 3146 tantum
2292 3108 2320 3145 a
2361 3091 2577 3145 Melisso
2621 3090 2735 3144 tolli
2781 3091 3042 3159 carpique
3099 3104 3317 3152 sensus,
3378 3089 3526 3157 quod

1962 3182 2121 3236 ﬁdem
2150 3181 2401 3236 sensibus
2437 3179 2729 3233 maximam
2765 3179 2979 3233 habeat.
3009 3177 3113 3232 Sed
3140 3179 3283 3232 enim
3314 3177 3530 3232 abundo

1964 3276 2162 3345 opinor
2187 3273 2509 3342 castigatum
2560 3289 2591 3327 a
2635 3272 2793 3326 nobis
2837 3281 2918 3326 est
2953 3280 3124 3324 totum
3166 3271 3270 3325 hoc
3317 3269 3538 3324 ratioci-

1964 3365 2130 3419 nandi
2158 3379 2350 3432 genus,
2378 3364 2488 3416 imo
2519 3363 2742 3432 perinde
2783 3361 2895 3432 jam
2931 3362 3187 3426 exolevit,
3225 3377 3288 3416 ac
3315 3361 3360 3416 si
3388 3377 3530 3416 nuu-

1965 3475 2128 3530 quam
2161 3459 2382 3530 penitus
2427 3469 2750 3529 usurpatum
2804 3457 3021 3514 fuisset.
3070 3456 3183 3513 IIoc
3221 3473 3352 3528 ergo
3387 3472 3536 3512 nunc

1965 3566 2156 3606 secure
2185 3552 2454 3617 dicamus,
2483 3560 2628 3606 recte
2650 3540 2770 3605 illos
2801 3551 3199 3622 philosophari,
3232 3553 3326 3622 qui
3351 3567 3536 3606 rerum

1968 3642 2020 3694 in
2049 3642 2358 3712 cognitione
2395 3641 2716 3705 haurienda,
2755 3659 2950 3697 sensus
2973 3643 3136 3697 etiam
3169 3659 3292 3698 cum
3323 3645 3537 3698 ratione

1968 3735 2361 3804 conjungunl.»
2403 3732 2674 3789 Ilactenus
2709 3736 2815 3789 ille.
2862 3735 3024 3790 Tales
3049 3738 3214 3806 igitur
3245 3736 3536 3808 Xenopha~
3611 3775 3620 3786 .

1970 3825 2056 3879 nis
2091 3833 2390 3877 sectatores
2433 3822 2602 3886 fuere,
2658 3839 2818 3893 quem
2862 3823 3183 3895 Pythagorae
3230 3835 3284 3880 ct
3316 3829 3536 3880 Anaxa-

1969 3931 2113 3988 gorae
2165 3914 2502 3984 temporibus
2557 3915 2807 3970 ﬂoruisse
2857 3918 3028 3970 aiunt.
3073 3917 3236 3988 758
3265 3916 3398 3972 Nam
3432 3916 3542 3972 Xe-

1969 4008 2239 4078 nophanis
2291 4008 2512 4078 quidem
2563 4007 2778 4062 auditor
2805 4007 2908 4062 fuit
2943 4008 3333 4066 Parmenides:
3393 4010 3540 4064 hunc

1970 4117 2100 4158 vero
2135 4101 2386 4157 Melissus
2419 4100 2647 4164 audivit,
2677 4099 3066 4171 Melissunique
3119 4100 3297 4154 Zeno:
3333 4101 3540 4156 Zenoni

1971 4193 2295 4263 Leucippus,
2334 4192 2608 4262 Leucippo
2663 4191 3024 4256 Democritus,
3072 4192 3378 4247 Democrito
3407 4193 3533 4248 Pro-

1970 4297 2184 4357 tagoras
2217 4295 2379 4354 atque
2415 4283 2614 4339 Nessas
2647 4299 2869 4354 operam
2903 4284 3120 4340 dedere.
3181 4284 3298 4338 Iam
3343 4285 3540 4338 Metro-

1967 4377 2163 4430 dorum
2200 4373 2423 4437 Nessas,
2453 4374 2740 4442 Diogenem
2768 4373 3126 4436 Metrodorus,
3153 4373 3537 4428 Anaxarchum

288 4457 575 4529 Diogenes,
625 4462 960 4534 Pyrrhonem
1018 4466 1378 4522 Anaxarchus
1440 4469 1767 4538 discipulum
1839 4471 2048 4526 habuit.
2124 4467 2500 4538 Scepticorum
2570 4467 2780 4540 Pyrrho
2825 4479 3028 4522 sectam
3079 4468 3346 4532 instituit;
3404 4484 3541 4537 quos

289 4552 496 4619 itidem,
547 4557 690 4626 quod
747 4558 882 4612 nihil
925 4559 1149 4613 omnino
1181 4561 1264 4614 vel
1320 4576 1507 4626 sensu,
1574 4561 1656 4616 vel
1697 4562 1909 4617 ratione
1969 4560 2360 4629 comprehendi
2441 4575 2602 4629 posse
2671 4565 2993 4622 statuerent,
3061 4557 3540 4627 asscnsioncmque

289 4665 571 4725 propterea
607 4655 769 4709 rebus
805 4655 858 4708 in
910 4655 1165 4710 omnibus
1215 4657 1539 4722 inhiberent,
1576 4657 2038 4728 quemadmodum
2110 4655 2402 4710 contrariae
2470 4653 2755 4708 sententia:
2835 4653 3077 4708 vindices
3147 4653 3444 4721 arguerint,
3475 4667 3539 4705 ex

286 4749 475 4804 eodem
502 4748 784 4802 Aristoclis
810 4764 972 4817 opere
1001 4750 1256 4818 cognosci
1284 4759 1482 4820 potest.
1513 4751 1604 4805 Sic
1641 4752 1787 4806 enim
1827 4753 1892 4805 ad
1923 4751 2149 4804 verbum
2185 4750 2301 4818 ipse
2333 4749 2576 4817 loquitur
2597 4746 2758 4818 (98°).

805 4865 1202 4920 ΚΕΦΑΛΑΙΟΝ
1244 4867 1350 4919 IH’.

285 5022 442 5092 Πρός
469 5023 607 5088 τοὺς
638 5022 788 5076 κατὰ
812 5023 1095 5090 Πὺρῤωνα
1125 5023 1520 5090 Σκεπτικοὺς,
1572 5023 1701 5092 ἤτοι
1726 5025 1862 5093 ἐφε-

358 5094 599 5159 κτικοὺς
618 5093 1070 5164 ἐπικληθέντας,
1085 5093 1280 5164 μηδὲν
1304 5096 1689 5164 καταληπτὸν
1707 5092 1862 5151 εἶναι

359 5161 890 5233 ἀποφηναμένους.
920 5164 1050 5217 Ἀπὸ
1090 5161 1196 5217 τοῦ
1231 5163 1435 5218 αὑτοῦ.

364 5315 383 5346 ι
425 5295 760 5364 ’Δναγκαίως
782 5294 891 5366 (99)
908 5295 950 5349 δ’
974 5295 1084 5366 ἔχει
1111 5297 1218 5369 πρὸ
1244 5299 1444 5362 παντὸς
1467 5299 1861 5371 διασκέψασθαι

287 5390 418 5458 περὶ
455 5389 555 5458 τῆς
599 5388 756 5459 ἡμῶν
810 5387 990 5442 αὐτῶν
1035 5389 1307 5458 γνώσεως.
1343 5393 1403 5444 Εἰ
1451 5393 1560 5463 γὰρ
1594 5390 1660 5447 αὖ
1696 5394 1860 5464 μηδὲν

287 5477 612 5550 πεφύκαμεν
636 5478 944 5547 γνωρίζειν,
993 5481 1142 5534 οὐδὲν
1173 5482 1254 5535 ἔτι
1283 5483 1362 5536 δεῖ
1395 5486 1524 5555 περὶ
1553 5485 1663 5538 τῶν
1685 5484 1859 5539 ἄλλων

287 5575 532 5627 σκοπεῖν.
571 5571 847 5639 Ἐγένοντο
888 5573 985 5639 μὲν
1014 5569 1107 5626 οὖν
1145 5576 1236 5628 καὶ
1277 5576 1384 5628 τῶν
1414 5577 1581 5630 πάλαι
1614 5578 1775 5641 τινὲς,
1813 5579 1863 5630 οἱ

511 5728 672 5801 [orte
698 5725 1070 5801 ἀποδεικνύει.

363 5793 472 5868 (98)
511 5799 670 5852 Ισοιιε
695 5793 1010 5868 ἐλέχθησαν,

365 5867 496 5940 (98’)
522 5868 621 5926 Hic
652 5868 852 5924 desinit
883 5867 1230 5943 Trapezuntii
1257 5871 1453 5928 versio.

2515 4863 2745 4918 CAPUT
2792 4862 2972 4917 XVIII.

1972 4981 2234 5035 Adversus
2288 4995 2468 5034 eorum
2517 4979 3238 5048 pliilosOpltoruinseclam,
3292 4977 3538 5046 quiquod

2041 5051 2371 5122 Pyrrhonem
2398 5047 2563 5122 secuti
2593 5049 2726 5101 nihil
2751 5047 3115 5122 comprehendi
3155 5062 3306 5115 posse
3333 5058 3538 5122 statue-

2042 5118 2172 5184 rint,
2209 5120 2456 5189 Sceptici.
2485 5132 2530 5172 et
2563 5135 2834 5172 assensum
2864 5118 3150 5172 inhibentes
3188 5118 3359 5169 vocati
3395 5125 3537 5172 sunt.

2041 5191 2128 5246 Ea:
2156 5192 2336 5245 eodem
2366 5190 2645 5245 Aristocle.

2047 5323 2065 5355 ι
2096 5303 2329 5360 Necesse
2352 5314 2454 5371 est,
2491 5304 2668 5374 inquit
2722 5303 2834 5368 ille,
2866 5302 3193 5372 cognitionis
3228 5309 3424 5355 nostra:
3455 5316 3538 5354 ra-

1969 5397 2173 5452 tionem
2200 5407 2327 5451 ante
2356 5397 2541 5451 omnia
2581 5397 2882 5450 videamus.
2927 5393 3059 5448 Nam
3100 5393 3144 5448 si
3181 5392 3538 5463 cognoscendi

1967 5490 2075 5542 vim
2099 5505 2130 5544 a
2155 5498 2346 5544 natura
2381 5489 2586 5543 nullam
2611 5487 2923 5557 accepimus
2943 5527 2957 5552 ,
2987 5487 3304 5541 omittamus
3328 5485 3451 5539 licet
3473 5486 3537 5539 de

1969 5583 2092 5637 aliis
2142 5597 2406 5653 qumrere.
2443 5579 2840 5635 Nonnullorum
2868 5588 3013 5634 certe
3041 5579 3168 5632 olim
3197 5594 3299 5633 vos
3324 5593 3385 5631 ea
3413 5575 3535 5642 fuit,

2036 5736 2146 5804 (99)
2198 5734 2592 5804 ’Ararxalwc.
2616 5732 2844 5787 Subtilis
2871 5749 2933 5788 ac
2965 5733 3136 5786 solida
3164 5741 3246 5804 est
3279 5741 3388 5784 tota
3411 5732 3535 5804 haec

1963 5807 2033 5862 ab
2061 5802 2327 5861 Aristode
2350 5802 2542 5860 contra
2574 5803 2850 5874 Scepticos
2882 5813 3131 5873 suscepta
3162 5802 3479 5874 disputatio.
