4090 6382
514 372 653 428 ιρι-ι

1178 371 1446 428 EUSEBII
1486 371 1966 428 CAESARIENSIS
1999 369 2147 427 OPP.
2189 370 2371 426 PARS
2407 371 2470 426 ll.
2511 402 2582 412 —
2621 371 3111 433 APOLOGETICA.

3608 375 3752 430 ηιε

512 506 654 561 quos
681 490 879 547 refellit
931 491 1270 549 Aristoteles.
1300 495 1367 548 Et
1407 493 1615 566 Pyrrho
1663 494 1882 562 quidem
1915 492 2078 548 Eleus

2189 494 2403 560 ἀφέντες
2429 494 2588 566 τήνδε
2625 495 2722 565 τὴν
2749 494 2948 567 φωνὴν,
2971 490 3052 559 οἷς
3084 493 3402 565 αντείρηκεν
3430 495 3458 546 δ
3502 493 3750 564 Ἀριστο-

512 584 787 653 opinionis
813 583 977 654 hujus
1006 584 1260 639 defensor
1289 594 1406 639 erat
1445 600 1568 639 acer
1593 585 1645 637 in
1683 584 1871 653 primis
1901 600 1965 638 ac
1988 600 2079 637 ve-

517 677 765 740 hemens,
817 676 949 730 nihil
995 685 1175 732 tamen
1213 676 1474 746 scriptum
1508 677 1749 746 reliquit.
1801 677 1870 730 At
1898 675 2078 741 Timo,

518 769 638 837 ejus
668 768 989 836 discipulus,
1018 769 1119 822 tria
1153 767 1200 822 ei
1238 767 1530 836 spectanda
1566 767 1756 832 docet,
1784 767 1875 836 qui
1911 766 1977 821 ad
2003 763 2081 820 fe-

519 857 777 911 licitatem
807 858 1011 927 aspirat
1043 876 1056 912 :
1103 859 1337 928 primum
1360 898 1374 922 ,
1425 857 1732 926 cujusmodi
1769 873 1947 911 rerum
1979 871 2079 910 na-

518 958 640 1003 tura
673 950 744 1004 sit
772 969 785 1003 :
817 950 1031 1016 deinde,
1060 965 1219 1019 quem
1257 951 1311 1005 in
1342 951 1410 1006 iis
1441 951 1658 1004 modum
1680 958 1858 1003 tenere
1887 949 2083 1003 debea-

519 1055 642 1095 mus
675 1058 688 1094 :
720 1049 1016 1110 postremo.
1049 1042 1178 1112 quid
1233 1041 1302 1096 iis
1354 1050 1677 1096 eventurum
1714 1039 1803 1104 sit,
1837 1040 1932 1110 qui
1981 1040 2082 1094 hoc

520 1130 768 1188 fecerint.
827 1131 934 1187 Res
956 1149 1084 1202 ergo
1130 1133 1275 1203 quod
1323 1133 1559 1196 attinet,
1615 1133 1954 1202 promiscuas
1981 1131 2081 1201 ipsi

518 1223 762 1278 omnium
797 1223 1077 1279 habendas
1108 1239 1228 1280 esse
1259 1225 1438 1291 tradit,
1465 1240 1528 1280 ac
1570 1234 1826 1279 nutantes
1860 1224 2084 1280 dubias-

517 1327 624 1382 que
657 1313 896 1368 rationes
935 1331 947 1367 :
984 1315 1208 1384 proinde
1244 1330 1344 1369 nec
1373 1314 1424 1368 in
1454 1316 1725 1380 sensibus,
1762 1330 1861 1370 nec
1884 1315 1937 1369 in
1972 1314 2087 1385 opi-

519 1404 776 1459 nionibus
803 1421 990 1460 verum
1032 1415 1125 1460 aut
1160 1405 1356 1460 falsum
1391 1407 1569 1460 inesse
1611 1422 1768 1475 posse
1801 1425 1813 1460 :
1851 1423 1918 1461 ex
1971 1421 2084 1476 quo

518 1495 738 1550 demum
776 1496 826 1552 id
853 1507 1135 1566 sequatur,
1168 1497 1326 1552 ﬁdem
1356 1497 1423 1551 iis
1460 1497 1649 1552 haberi
1685 1497 1890 1551 nullam
1919 1511 2084 1567 opor~

518 1597 654 1653 tere,
687 1589 1068 1658 agendumque
1097 1588 1255 1643 nobis
1289 1598 1597 1658 propterea,
1637 1588 1772 1643 nihil
1805 1597 1856 1641 ut
1891 1589 2082 1658 opine—

518 1694 665 1744 mur,
716 1679 923 1734 nullam
983 1679 1307 1734 inclinemus
1361 1680 1413 1733 in
1470 1688 1699 1748 partem,
1772 1677 2084 1733 inconcussi

519 1767 753 1836 denique
793 1785 1006 1836 semper
1034 1769 1353 1837 immotique
1382 1783 1698 1823 maneamus
1737 1786 1750 1822 :
1781 1776 1944 1837 atque
1984 1770 2080 1834 ita,

2178 587 2353 657 τέλης.
2390 586 2604 656 ’ἰσχυσε
2649 587 2830 658 μέντοι
2871 587 3094 641 τοιαῦτα
3126 587 3300 655 λέγων
3330 585 3423 639 καὶ
3451 579 3685 657 Πύρρων
3723 587 3754 640 ὁ

2191 678 2416 741 Ἡλεῖος·
2442 677 2557 732 ἀλλ’
2586 679 2747 742 αὐτὸς
2771 678 2866 750 μὲν
2891 679 3042 733 οὐδὲν
3059 680 3118 733 ἐν
3137 681 3318 750 γραφῇ
3342 676 3749 731 καταλέλοιπεν.

2189 769 2246 822 Ὀ
2266 769 2322 823 δέ
2338 785 2400 831 γε
2430 769 2677 841 μαθητὴς
2695 770 2859 824 αὑτοῦ
2879 771 3064 841 Τίμων
3085 770 3236 840 φησὶ,
3254 769 3363 822 δεῖν
3377 768 3466 822 τὸν
3489 767 3754 838 μέλλοντα

2177 861 2588 933 εὐδαιμονήσειν
2620 865 2698 925 είς
2732 863 2856 934 τρία
2897 862 3065 916 ταῦτα
3107 862 3340 932 βλέπειν⁹
3375 862 3589 932 πρῶτον
3628 861 3752 930 μὲν,

2177 954 2338 1006 ὁποῖα
2355 952 2563 1022 πέφυκε
2583 952 2650 1005 τά
2672 953 2988 1023 πράγματα·
3006 951 3252 1024 δεύτερον
3271 951 3347 1015 δὲ,
3370 951 3490 1005 τίνα
3509 951 3614 1022 χρὴ
3635 950 3749 1022 τρὰ

2179 1060 2278 1096 πον
2297 1045 2443 1114 ἡμᾶς
2470 1043 2605 1114 πρὸς
2625 1043 2763 1098 αὺτά
2779 1043 3094 1100 διακεῖσθαι·
3127 1043 3434 1096 τελευταῖον
3464 1042 3543 1103 δὲ,
3574 1042 3626 1094 τί
3653 1058 3756 1094 πε-

2184 1135 2391 1209 ριέσται
2413 1138 2525 1198 τοῖς
2543 1134 2714 1199 οὕτως
2735 1134 3021 1204 έχουσι.Τά
3040 1133 3138 1205 μὲν
3151 1128 3242 1187 οὖν
3261 1133 3562 1205 πράγματά
3586 1147 3755 1201 φησιν

2182 1225 2344 1279 αὐτὸν
2375 1225 2694 1294 ἀποφαίνειν
2725 1225 2917 1294 ἐπίσης
2955 1223 3238 1297 ἀδιάφορα,
3275 1225 3369 1278 καὶ
3406 1223 3753 1294 ἀστάθμητα,

2181 1318 2271 1370 καὶ
2295 1317 2604 1388 άνὲγκριτα·
2627 1317 2713 1373 διά
2735 1315 2890 1370 τοῦτο
2912 1316 3045 1387 μήτε
3059 1315 3155 1378 τάς
3171 1315 3449 1385 αἰσθήσεις
3468 1314 3628 1386 ἡμῶν
3648 1315 3757 1385 μή-

2179 1421 2238 1461 τε
2254 1407 2351 1471 τὰς
2365 1408 2521 1474 δόξας
2538 1407 2867 1478 ἀληθεύεινῆ
2885 1405 3193 1476 ψεύδεσθαι.
3209 1405 3305 1459 Διὰ
3324 1404 3480 1459 τοῦτο
3500 1399 3593 1458 οὖν
3618 1405 3756 1474 μηδὲ

2181 1499 2454 1552 πιστεύειν
2485 1499 2689 1562 αὐταῖς
2704 1498 2832 1563 δεῖν,
2863 1497 2978 1551 ἀλλ’
3003 1497 3342 1564 ἀδοξάστους,
3371 1497 3464 1551 καὶ
3487 1495 3751 1560 ἀκλινείς,

2181 1592 2275 1644 καὶ
2307 1590 2672 1662 ἀκραδάντους
2703 1586 2858 1644 εἶναι.
2886 1590 3016 1661 περὶ¹
3059 1589 3174 1654 ἐνὸς
3208 1589 3437 1643 ἑκάστου
3470 1587 3752 1656 λέγοντας,

2180 1681 2340 1734 ὅτιού
2371 1681 2566 1752 μᾶλλόν
2602 1683 2769 1745 ἐστιν,
2799 1681 2831 1752 ἢ
2861 1680 2959 1734 οὐκ
2988 1679 3153 1743 ἔστιν,
3183 1679 3216 1752 ﬁ
3251 1681 3341 1734 καὶ
3365 1680 3499 1742 ἐστι,
3528 1681 3624 1733 καὶ
3651 1681 3754 1734 οὐκ

2184 1771 2348 1836 ἔστιν,
2383 1772 2492 1826 οὔτ’
2519 1773 2618 1825 οὐκ
2648 1772 2812 1826 ἔστιν.
2846 1772 2971 1836 Τοῖς
3005 1773 3185 1843 μέντοι
3212 1771 3577 1842 διακειμένοις
3609 1771 3754 1826 οὕτω

519 1860 786 1930 quidquid
831 1861 1171 1930 propositum
1214 1861 1372 1915 nobis
1422 1859 1608 1925 fuerit,
1656 1859 1705 1913 id
1743 1875 1850 1913 non
1901 1861 2082 1929 potius

2189 1863 2534 1935 περιέσεσθαι
2561 1863 2745 1933 Τίμων
2768 1860 3130 1934 φησιπρῶτον
3161 1862 3256 1932 μὲν
3282 1863 3537 1931 ἀφασίαν.
3563 1863 3756 1916 ἔπειτα

519 1966 662 2016 esse,
699 1967 860 2020 quam
892 1967 996 2004 non
1031 1967 1172 2016 esse,
1213 1961 1306 2007 aut
1331 1967 1450 2007 esse
1479 1953 1618 2010 idem
1646 1964 1700 2007 et
1724 1968 1831 2007 non
1863 1967 1984 2007 esse
2006 1951 2085 2006 di-

521 2057 732 2103 camus,
780 2040 890 2096 imo
942 2057 1010 2095 ne
1067 2057 1175 2096 non
1226 2057 1348 2096 esse
1395 2042 1634 2111 quidem.
1696 2043 1958 2098 Cteterum
1990 2042 2081 2111 qui

519 2131 668 2186 hunc
704 2133 756 2186 in
781 2131 999 2187 modum
1028 2133 1327 2202 comparati
1357 2132 1588 2211 fuerint,
1618 2133 1668 2188 id
1691 2142 2083 2189 consecuturos

521 2223 644 2278 illos
670 2239 794 2278 esse
841 2223 1148 2288 conﬁrmat,
1193 2227 1429 2295 primum
1484 2236 1542 2281 ut
1582 2237 1894 2282 asseverent
1928 2227 2082 2292 nihil,

519 2315 716 2371 deinde
747 2316 894 2371 nulla
919 2325 979 2370 ut
1025 2333 1262 2386 unquam
1298 2319 1706 2389 perturbatione
1740 2329 2081 2383 moveantur,

520 2407 844 2478 cuintrique
871 2413 1200 2479 voluptatem
1232 2408 1892 2481 Enesidemusadjungit.
1923 2410 2086 2480 759

521 2499 690 2555 Hazca
709 2498 940 2554 Timone
971 2505 1308 2555 summatim.
1340 2499 1637 2557 Videamus
1666 2517 1732 2556 an
1759 2509 1902 2557 recte
1917 2501 2080 2556 dicta.

520 2594 658 2647 Cum
695 2592 857 2662 igitur
896 2592 982 2647 isti
1009 2592 1350 2662 promiscuas
1370 2608 1551 2648 rerum
1582 2592 1826 2647 omnium
1847 2593 2084 2648 rationes

519 2699 642 2740 esse
687 2686 876 2750 velint,
914 2685 1253 2756 proindeque
1305 2694 1399 2740 aut
1456 2685 1549 2739 ulli
1607 2684 1959 2749 hazrendum,
1993 2692 2087 2738 aut

521 2777 857 2846 opinandum
913 2776 1213 2846 quidquam
1249 2791 1371 2831 esse
1420 2784 1614 2846 negent
1651 2792 1664 2828 :
1700 2789 1764 2828 ex
1795 2773 1864 2828 iis
1897 2773 2085 2842 utique

521 2870 720 2926 merito
752 2877 959 2939 quaerat
987 2866 1208 2938 aliquis,
1233 2875 1485 2922 errentne
1516 2864 1606 2934 qui
1633 2863 1962 2919 discriminis
1985 2862 2084 2916 ali-

521 2962 650 3033 quid
679 2961 819 3016 inter
848 2975 942 3016 eas
974 2960 1330 3023 constituant,
1359 2973 1426 3012 an
1457 2956 1603 3012 non?
1626 2954 1682 3009 Si
1712 2955 1856 3010 enim
1877 2960 2082 3019 errant,

523 3055 712 3123 utique
738 3069 845 3107 non
866 3061 1010 3106 recte
1044 3052 1303 3106 sentiunt.
1330 3049 1405 3102 lta
1440 3046 1735 3102 nonnullos
1755 3060 1874 3100 esse
1903 3043 2087 3099 dicant.

523 3147 628 3217 ipsi
658 3158 879 3214 quoque
907 3156 1129 3197 necesse
1156 3149 1259 3206 est,
1294 3139 1384 3210 qui
1415 3138 1554 3194 falso
1582 3138 1648 3192 de
1683 3136 1843 3191 rebus
1861 3134 2084 3211 opinen-

525 3243 633 3300 tur,
669 3248 728 3288 se
756 3248 920 3303 porro
949 3246 1090 3286 unos
1113 3245 1253 3294 esse,
1277 3227 1368 3298 qui
1405 3242 1529 3281 vere
1580 3225 1932 3295 pronuntient
1965 3243 1978 3279 :
2017 3239 2083 3278 ex

523 3341 634 3396 quo
669 3322 914 3393 profecto
957 3321 1206 3392 sequitur
1236 3318 1346 3373 veri
1391 3316 1596 3386 aliquid
1647 3314 1879 3384 falsique
1929 3330 2085 3384 repe-

529 3416 653 3470 riri.
686 3415 840 3481 Quod
895 3413 941 3467 si
975 3427 1083 3464 non
1125 3423 1404 3470 erramus,
1442 3413 1712 3476 quotquot
1749 3420 1837 3466 res
1868 3403 1935 3458 ab
1968 3403 2088 3458 aliis

525 3509 662 3563 alias
696 3507 856 3576 vulgo
892 3503 1300 3573 distinguimus,
1335 3513 1580 3568 quaenam
1615 3497 1733 3552 illos
1758 3494 2090 3564 intemperiae

527 3608 730 3664 tenent,
777 3596 870 3666 qui
912 3611 1012 3650 nos
1057 3604 1168 3647 tam
1227 3593 1564 3646 vehementer
1617 3588 1922 3650 incessunt,
1963 3601 2086 3640 cum

422 3747 438 3766 δ
524 3689 742 3745 eosdem
777 3703 960 3742 errare
989 3700 1208 3741 necesse
1242 3685 1332 3748 sit,
1374 3683 1500 3736 dum
1539 3681 1746 3734 nullum
1777 3679 1846 3734 ah
1883 3679 1948 3733 iis
1980 3693 2086 3732 non

525 3782 816 3838 discrimen
869 3779 1206 3836 excludunt?
1245 3775 1441 3831 Verum
1477 3785 1616 3839 esto,
1668 3773 1860 3829 demus
1908 3781 2086 3826 tamen

527 3875 633 3929 illis
664 3873 812 3927 nulla
843 3888 930 3928 res
964 3887 1193 3941 prorsus
1245 3885 1434 3924 omnes
1477 3866 1790 3921 diversitate
1828 3862 2038 3918 secerni
2073 3880 2086 3916 :

525 3965 596 4022 ab
630 3965 914 4020 hominum
942 3963 1103 4033 vulgo
1137 3962 1271 4016 nihil
1291 3977 1420 4031 ergo
1447 3959 1705 4014 diﬁ‘erunt
1729 3957 1833 4027 ipsi
1853 3969 2087 4026 quoque.

530 4057 860 4128 Sapientiam
912 4057 1077 4129 igitur
1113 4055 1198 4110 isti
1234 4070 1395 4124 quam
1447 4053 1604 4106 nobis
1640 4051 1857 4106 tandem
1907 4058 2092 4103 osten-

529 4151 702 4206 dunt?
727 4158 822 4204 aut
853 4163 950 4203 cur
997 4163 1186 4201 onmes
1221 4144 1468 4199 Timonis
1505 4160 1602 4199 ore
1649 4140 2088 4212 proscinduntur,

533 4241 745 4312 Pyrrho
773 4239 1081 4293 celebratur
1112 4235 1595 4306 unusZPrteterea,
1617 4235 1663 4288 si
1689 4233 1822 4286 nihil
1851 4231 1903 4284 in
1930 4230 2091 4283 rebus

527 4331 862 4388 discriminis
895 4338 996 4391 est,
1028 4345 1096 4383 ne
1133 4327 1349 4383 diﬁ‘erre
1383 4327 1602 4397 quidem
1637 4334 1729 4378 aut
1770 4339 1876 4377 non
1905 4320 2084 4377 diﬁ'er-

532 4440 612 4489 re,
645 4422 852 4490 opinari
880 4429 975 4475 aut
1026 4436 1130 4474 non
1169 4419 1381 4488 opinari
1423 4414 1760 4471 discriminis
1792 4412 2090 4482 quidquam

2187 1955 2230 2008 δ’
2264 1955 2578 2026 ἀταραξίαν,
2613 1958 2972 2029 Μνησίδημος
2997 1958 3053 2011 δὲ
3075 1958 3285 2030 ἡδονήν.
3315 1955 3397 2008 Τά
3429 1955 3526 2025 μὲν
3549 1951 3643 2009 οὖν
3671 1971 3756 2006 κε-

2190 2046 2390 2115 φάλαια
2423 2047 2529 2099 τῶν
2567 2047 2870 2118 λεγομένων
2895 2049 3011 2103 ἐστὶ
3041 2049 3229 2102 ταῦτα.
3262 2045 3596 2116 Σκεψώμεθα
3634 2044 3678 2098 δ’
3705 2046 3755 2097 εί

2187 2137 2362 2209 ὀρθῶς
2393 2138 2653 2206 λέγουσιν.
2694 2141 2844 2194 Ἐπεὶ
2875 2141 3049 2194 τοίνυν
3071 2139 3262 2209 ἐπίσης
3284 2138 3548 2209 ἀδιάφορα
3578 2136 3756 2190 πάντα

2191 2230 2349 2296 φασὶν
2372 2225 2531 2292 εἶναι,
2558 2232 2652 2283 καὶ
2683 2230 2768 2284 διὰ
2794 2231 2949 2285 τοῦτο
2987 2231 3261 2285 κελεύουσι
3314 2229 3501 2300 μηδενὶ
3527 2226 3755 2299 προστί-

2190 2320 2395 2386 θεσθαι,
2427 2323 2558 2394 μηδὲ
2589 2321 2848 2389 δοξάζειν,
2879 2324 3098 2388 εἰκότως
3121 2323 3206 2387 ἂν,
3231 2317 3399 2392 οἶμαι,
3428 2320 3652 2374 πύθοιτό
3670 2336 3756 2383 τις

2190 2414 2370 2468 αὐτῶν
2393 2432 2406 2446 ·
2442 2412 2586 2486 τΑρά
2623 2435 2684 2484 γε
2724 2416 3176 2488 διαμαρτάνουσιν
3222 2417 3272 2469 οἱ
3307 2413 3584 2483 διαφέρειν
3617 2411 3756 2466 αὐτά

2189 2505 2520 2576 νομίζοντες,
2547 2507 2579 2578 ἢ
2613 2506 2672 2560 οὗ
2698 2524 2712 2573 ;
2741 2508 2961 2571 Πάντως
2981 2507 3107 2578 γάρ,
3132 2508 3180 2559 εί
3215 2507 3310 2577 μὲν
3329 2504 3752 2576 ἁμαρτάνουσιν,

2189 2595 2287 2647 οὐκ
2323 2594 2498 2664 ὀρθῶς
2532 2595 2960 2667 ὑπολαμϐάνοιεν
2995 2595 3080 2649 άν.
3124 2595 3286 2647 Ὥστε
3333 2593 3545 2663 ἀνάγκη
3575 2592 3756 2660 λέγειν

2189 2687 2369 2750 αὐτοῖς
2398 2683 2536 2742 εἶναί
2563 2705 2710 2751 τινας
2731 2689 2855 2751 τοὺς
2890 2686 2959 2740 τά
2983 2686 3150 2758 ψευδῆ
3181 2686 3307 2757 περὶ
3331 2683 3439 2738 τῶν
3467 2683 3636 2736 ὄντων
3669 2681 3756 2734 δο-

2190 2775 2476 2842 ξάζοντας’
2524 2779 2673 2832 αὐτοὶ
2718 2779 2893 2832 τοίνυν
2929 2775 3037 2831 εἷεν
3063 2779 3128 2832 ἂν
3157 2780 3206 2831 οἱ
3231 2775 3437 2845 τάληθῆ
3465 2775 3713 2843 λέγοντες
3735 2791 3749 2803 ·

2189 2869 2330 2922 οὕτω
2354 2868 2410 2921 δὲ
2434 2867 2518 2939 εἴη
2550 2868 2613 2922 ἂν
2640 2870 2834 2942 ἀληθές
2859 2890 2910 2924 τι
2943 2872 3037 2925 καὶ
3062 2869 3272 2939 ψεῦδος.
3303 2869 3361 2921 Εἰ
3396 2868 3438 2920 δ’
3467 2868 3566 2938 οὐχ
3580 2868 3768 2937 ἀμαρ-Δ

2189 2962 2419 3031 τάνομεν
2456 2961 2505 3014 οί
2565 2961 2766 3025 πολλοὶ,
2804 2963 2872 3018 τά
2905 2963 3030 3016 ὄντα
3062 2961 3337 3033 διαφέρειν
3388 2961 3646 3030 οἰόμενοι,
3698 2958 3756 3009 τί

2192 3052 2448 3116 παθόντες
2484 3054 2896 3125 ὲπιπλήττουσιν
2950 3055 3121 3125 maliv;
3157 3054 3310 3107 αὐτοὶ
3341 3051 3448 3123 γάρ
3499 3049 3758 3122 ἁμαρτά-

2195 3163 2333 3199 νοιεν
2368 3146 2454 3213 ἂν,
2486 3144 2761 3212 ἀξιοῦντες
2790 3146 2864 3217 μὴ
2911 3145 3182 3217 διαφέρειν
3215 3143 3371 3198 αὐτά.
3423 3143 3532 3196 Kal.
3569 3142 3675 3213 μὴν
3703 3143 3753 3194 εί

2189 3239 2283 3291 καὶ
2341 3237 2553 3310 δῲημεν
2600 3238 2780 3301 αὐτοῖς
2829 3237 3022 3308 ἐπίσης
3051 3236 3316 3306 ἀδιάφορα
3371 3233 3548 3287 πάντα
3586 3229 3746 3296 εἶναι,

2187 3329 2361 3400 δῆλον,
2409 3329 2485 3393 ὡς
2514 3331 2611 3383 οὐκ
2643 3328 2707 3382 ἂν
2730 3327 3030 3400 διαφέροιεν
3068 3327 3174 3380 οὐδ’
3206 3326 3357 3380 αὐτοὶ
3379 3324 3485 3378 τῶν
3513 3323 3743 3378 πολλῶν.

2189 3421 2284 3484 Τίς
2315 3416 2407 3473 οὖν
2439 3421 2522 3492 εἴη
2547 3419 2611 3474 ἂν
2641 3419 2819 3472 αὐτῶν
2848 3420 2880 3490 ἡ
2911 3418 3104 3487 σοφίας
3132 3417 3227 3470 καὶ
3249 3415 3334 3470 διὰ
3363 3415 3414 3470 τί
3435 3415 3620 3485 Τίμων
3640 3417 3750 3475 τοῖς

2191 3513 2286 3583 μὲν
2317 3512 2494 3575 ἄλλοις
2526 3512 2840 3582 λοιδορεῖται
2869 3513 3036 3572 πᾶσι,
3071 3508 3337 3581 Πύρρωνα
3377 3507 3422 3560 δ’
3460 3507 3619 3576 ὑμνεί
3667 3505 3755 3577 μό-

2188 3621 2310 3669 νον;
2347 3605 2465 3657 Ἔτι
2497 3621 2560 3672 γε
2603 3605 2729 3675 μὴν,
2770 3605 2816 3656 εί
2851 3603 3044 3672 ἐπίσης
3083 3603 3229 3654 ἐστὶν
3261 3600 3525 3670 ἀδιάφορα
3555 3599 3752 3657 πάντα,

2187 3695 2282 3748 καὶ
2307 3695 2392 3748 διὰ
2422 3695 2576 3748 τοῦτο
2603 3695 2708 3766 χρὴ
2738 3694 2900 3765 μηδὲν
2924 3693 3184 3759 δοξάζειν,
3216 3693 3314 3745 οὐκ
3341 3690 3406 3744 ἂν
3437 3690 3555 3743 οὐδὲ
3582 3687 3755 3742 ταῦτα

2187 3786 2428 3856 διαφέροι
2452 3803 2466 3817 ’
2492 3785 2632 3855 λέγω
2663 3787 2720 3839 δὲ
2753 3785 2812 3838 τὸ
2835 3785 3130 3856 διαφέρειν,
3161 3783 3193 3854 ἢ
3226 3783 3299 3854 μὴ
3319 3780 3618 3851 διαφέρειν,
3661 3781 3754 3831 καὶ

2188 3877 2246 3931 τὸ
2294 3876 2554 3940 δοξάζειν,
2587 3877 2619 3947 ἢ
2674 3876 2747 3948 μὴ
2774 3875 3034 3941 δοξάζειν.
3091 3873 3157 3926 Τί
3188 3872 3296 3943 γὰρ
3350 3870 3546 3941 μᾶλλον
3582 3868 3754 3922 ταῦτά

2189 3970 2353 4032 ἐστιν,
2377 3969 2409 4038 ἦ
2435 3969 2534 4021 οὐκ
2559 3967 2701 4020 ἔστιν
2727 3983 2740 4031 ;
2769 3967 2826 4036 ἢ,
2854 3966 2928 4029 ὥς
2961 3981 3093 4034 φησι
3115 3965 3320 4034 Τίμων,
3348 3963 3429 4016 διὰ
3461 3962 3512 4014 τί
3534 3962 3642 4019 ναὶ,
3664 3961 3755 4014 καὶ

2189 4061 2275 4115 διὰ
2297 4061 2349 4112 τί
2382 4057 2474 4124 ob;
2509 4059 2601 4114 καὶ
2629 4059 2762 4112 αὐτὸ
2793 4059 2852 4112 τὸ
2871 4058 2956 4113 διὰ
2981 4057 3066 4123 τίς
3104 4054 3334 4127 φανερὸν
3361 4049 3478 4117 οὖν,
3511 4054 3587 4117 ὡς
3605 4055 3756 4106 ἀναι-

2193 4155 2363 4223 ρεῖται
2389 4152 2450 4206 τὸ
2499 4151 2698 4223 ζητεῖν.
2738 4153 2897 4204 Ὥστε
2948 4147 3343 4203 παυσάσθωσαν
3392 4145 3754 4216 ἐνοχλοῦντες.

2202 4244 2354 4298 Ἐπεὶ
2391 4243 2484 4296 νῦν
2515 4260 2578 4312 γε
2604 4244 2896 4314 μεμήνοισι,
2925 4240 3110 4312 πόρρω
3131 4239 3322 4309 τέχνης
3351 4238 3466 4308 ἅμα
3497 4236 3593 4308 μὲν
3625 4239 3755 4306 ἡμῖν

2190 4334 2619 4402 διακελευόμενοι
2651 4333 2723 4404 μὴ
2747 4331 3007 4396 δοξάζειν,
3047 4329 3161 4400 άμα
3187 4329 3244 4381 δὲ
3270 4327 3579 4390 κελεύοντες
3622 4325 3756 4378 αὐτὸ

2191 4423 2346 4478 τοῦτο
2373 4424 2544 4476 ποιεῖν
2561 4438 2575 4452 ·
2611 4421 2704 4474 καὶ
2728 4420 2993 4488 λέγοντες,
3025 4419 3102 4486 ὼς
3127 4419 3251 4489 περὶ
3285 4417 3494 4480 οὐδενὸς
3520 4414 3756 4484 ἀποφαί-

529 4516 810 4570 subibunt.
849 4513 960 4568 Cur
993 4512 1138 4566 enim
1167 4512 1278 4566 sint
1307 4511 1485 4580 potius
1523 4509 1624 4563 ista
1655 4521 1894 4577 quoque,
1926 4518 2086 4574 quam

2193 4515 2378 4570 νεσθαι
2397 4515 2526 4578 δέοι,
2556 4514 2790 4567 κᾶπειτα
2813 4510 3252 4582 ἀποφαινόμενοι.
3276 4509 3385 4562 Καὶ
3413 4503 3623 4572 ἀξιοῦσι
3657 4505 3757 4576 μὲν

527 4625 637 4665 non
672 4608 817 4664 sint?
848 4608 960 4673 tel,
987 4615 1044 4661 ut
1073 4605 1264 4658 Timon
1320 4605 1435 4674 ipse
1468 4603 1616 4673 loqui
1669 4600 1826 4664 solet,
1857 4614 1955 4652 cur
1984 4597 2092 4650 ita?

527 4720 627 4758 cur
674 4701 981 4763 non‘llmo,
1029 4713 1290 4770 quorsum
1333 4697 1545 4750 tandem
1595 4695 1677 4748 vel
1723 4694 1898 4762 ipsum
1957 4691 2093 4744 cur?

529 4811 746 4851 omnem
793 4795 936 4850 enim
970 4792 1328 4862 quaastionem
1364 4789 1607 4844 funditus
1645 4786 1870 4857 proinde
1901 4785 2092 4837 tollen-

529 4887 653 4940 dam
683 4901 804 4940 esse
828 4892 1062 4939 constat.
1094 4881 1354 4936 Desinant
1386 4881 1549 4949 igitur
1596 4877 1899 4932 molestiam
1935 4873 2092 4928 nobis

531 4981 670 5032 ultra
700 4976 989 5033 facessere.
1038 4973 1170 5029 Nam
1222 4973 1501 5028 insaniunt
1553 4972 1629 5026 illi
1668 4969 1934 5040 proiecto,
1961 4967 2092 5020 dum

531 5085 644 5124 sua:
675 5069 917 5138 ipsorum
949 5068 1084 5121 artis
1113 5065 1288 5132 obliti,
1323 5081 1421 5119 nos
1445 5063 1656 5133 opinari
1682 5061 1980 5132 quidquam
2003 5058 2094 5126 ju-

530 5160 656 5214 bent
685 5159 846 5213 simul
873 5168 1033 5227 atque
1064 5163 1266 5222 vetant,
1309 5155 1579 5224 iidemque
1609 5152 1964 5222 pronuntiant
1993 5150 2095 5203 ali-

529 5249 658 5319 quid
695 5249 761 5304 de
790 5249 975 5312 rebus,
1001 5248 1095 5317 qui
1120 5257 1297 5301 tamen
1327 5245 1464 5299 nihil
1485 5241 1948 5314 pronuntiandum
1973 5253 2095 5294 esse

532 5351 801 5397 statuunt.
825 5339 1028 5395 Nolunt
1051 5350 1102 5394 te
1140 5340 1398 5393 nimirum
1431 5337 1632 5393 sentire
1663 5351 1783 5390 cum
1829 5334 1962 5397 ullo,
1988 5330 2092 5386 sibi

535 5445 715 5490 tamen
769 5449 959 5488 omnes
1012 5433 1167 5487 ﬁdem
1214 5432 1413 5487 habere
1467 5430 1704 5485 volunt:
1747 5426 1988 5493 dumque
2037 5435 2094 5475 se

534 5527 666 5581 nihil
702 5526 842 5582 scire
871 5524 1214 5594 proﬁtentur,
1251 5538 1442 5577 omnes
1471 5530 1673 5582 tamen,
1709 5514 1865 5586 quasi
1893 5528 1981 5568 res
2007 5527 2096 5580 ap-

535 5615 706 5684 prime
750 5615 967 5680 norint,
1033 5615 1237 5685 passim
1287 5611 1709 5683 reprehendunt.
1770 5607 1837 5660 At
1887 5605 2091 5659 incerta

495 5734 498 5738 ~
533 5706 716 5760 omnia
745 5718 866 5762 esse
893 5707 986 5775 qui
1016 5708 1221 5773 dicant,
1255 5708 1353 5761 hos
1378 5721 1410 5760 e
1445 5705 1659 5760 duobus
1701 5704 1953 5762 alterum,
1999 5704 2094 5750 aut

538 5797 697 5852 silere
757 5812 976 5854 necesse
1027 5807 1144 5866 est,
1201 5806 1295 5853 aut
1344 5796 1546 5866 aliquid
1599 5796 1969 5866 pronuntiare.
2033 5799 2089 5853 Si

2198 4608 2384 4678 μηδενὶ
2418 4603 2924 4674 συγκατατίθεσθαι,
2977 4601 3254 4655 πείθεσθαι
3283 4600 3327 4654 δ’
3355 4600 3537 4662 αὐτοῖς
3569 4597 3758 4651 κελεύ-

2191 4713 2367 4750 ουσιν·
2399 4691 2516 4748 εἶτα
2551 4694 2798 4762 λέγοντες
2833 4692 2996 4763 μηδὲν
3020 4691 3236 4748 είδὲναι.
3265 4689 3472 4751 πάντας
3506 4687 3758 4757 ἐλέγχου-

2194 4807 2298 4855 σιν,
2323 4787 2396 4851 ὡς
2430 4783 2487 4840 εὖ
2524 4787 2742 4849 εἰδότες.
2792 4785 3028 4855 Ἀνάγκη
3057 4800 3116 4837 τε
3155 4800 3280 4846 τους
3314 4781 3640 4849 φάσκοντας,
3681 4777 3756 4842 ὼς

2193 4881 2358 4952 ἄδηλα
2387 4879 2562 4931 πάντα
2595 4878 2700 4948 εἴη,
2749 4877 2892 4931 δυεῖν
2934 4875 3177 4946 θάτερον,
3220 4875 3252 4945 ἢ
3298 4872 3586 4942 σιωπᾷν,ῆ
3622 4872 3758 4924 ἀπο-

2193 4972 2472 5042 φαίνεσθαί
2509 4989 2560 5024 τι
2588 4971 2677 5024 καὶ
2697 4967 2895 5037 λέγειν.
2927 4969 2988 5022 Εἰ
3022 4969 3116 5038 μὲν
3138 4962 3229 5020 οὖν
3273 4965 3499 5036 ἡσυχίαν
3549 4963 3756 5030 ἄγοιεν,

2192 5067 2368 5137 δῆλον,
2399 5065 2481 5117 ὅτι
2513 5063 2648 5134 πρός
2676 5079 2740 5131 γε
2772 5062 2896 5124 τοὺς
2923 5059 3197 5122 τοιούτους
3237 5058 3410 5120 οὐδεὶς
3440 5057 3505 5109 ἂν
3551 5056 3639 5126 εἴη
3671 5054 3758 5108 λό-

2193 5174 2318 5225 γος·
2353 5158 2400 5208 εἰ
2449 5156 2493 5209 δ’
2527 5154 2928 5222 άποφαίνοιντο,
2976 5153 3150 5221 πάντη
3190 5166 3249 5202 τε
3302 5148 3393 5201 καὶ
3454 5145 3670 5209 πάντως
3721 5146 3754 5215 ἢ

2194 5243 2330 5301 εἷναί
2358 5264 2409 5300 τι
2443 5250 2595 5314 φαῖεν
2629 5245 2716 5306 ἂν,
2748 5243 2780 5314 ἢ
2807 5243 2884 5314 μὴ
2916 5238 3081 5305 εἶναι,
3111 5241 3365 5312 καθάπερ
3406 5239 3596 5311 ἀμέλει
3642 5239 3755 5292 νυνί

2193 5352 2376 5405 φασιν,
2400 5335 2476 5396 ὼς
2500 5333 2584 5402 εἴη
2607 5332 2782 5391 πάντα
2806 5329 3054 5398 ἄγνωστα
3079 5330 3172 5383 καὶ
3193 5327 3418 5399 νομιστά
3441 5328 3596 5391 πᾶσι,
3623 5343 3758 5395 γνω-

2196 5429 2316 5482 στὸν
2342 5428 2384 5480 δ’
2409 5426 2556 5480 οὐδέν
2577 5443 2700 5478 που.
2736 5423 2793 5476 '0
2813 5422 2988 5477 τοίνυν
3015 5420 3228 5492 ἀξιῶνῆ
3252 5437 3304 5475 τι
3331 5418 3479 5490 δηλοῖ
3503 5419 3754 5489 πρᾶγμα,

2195 5520 2288 5574 καὶ
2318 5518 2522 5570 ἔνεστιν
2567 5515 2699 5570 αὐτὸ
2731 5517 2962 5569 συνεῖναι
2986 5513 3273 5583 λεγόμενον
3292 5551 3308 5575 ,
3343 5510 3376 5582 ἢ
3404 5511 3504 5562 οὐκ
3529 5509 3752 5561 ἔνεστιν.

2206 5610 2342 5664 Ἀλλ’
2366 5610 2413 5662 εί
2447 5609 2544 5679 μὲν
2570 5608 2630 5661 οὐ
2662 5608 2830 5676 δηλοῖ,
2855 5603 3104 5671 καθάπαξ
3127 5603 3298 5666 οὐδεὶς
3319 5601 3426 5655 οὐδ’
3448 5599 3590 5653 οὕτω
3619 5598 3757 5669 πρὸς

2197 5703 2289 5757 τὸν
2323 5700 2562 5755 τοιοῦτον
2591 5700 2656 5754 ἂν
2687 5699 2772 5771 εἴη
2801 5699 2956 5766 λόγος
2975 5715 2987 5726 ·
3035 5697 3083 5748 εί
3114 5695 3171 5748 δὲ
3210 5694 3460 5765 σημαίνοι
3479 5731 3493 5754 ,
3537 5691 3755 5754 πάντως

2196 5795 2226 5861 ἥ
2284 5794 2485 5861 ἄπειρα
2532 5791 2677 5860 λέγοι
2710 5791 2773 5845 ἂν
2802 5831 2815 5854 ,
2864 5787 3340 5859 ἧπεπερασμέρνα.
3397 5785 3505 5840 Kal.
3556 5784 3604 5837 εί
3655 5783 3755 5852 μὲν
