4090 6382
273 280 408 336 1949

1431 270 1752 327 ΙἮΑΞΡΑΠ.
1797 266 2046 324 EV’ANG.
2083 266 2212 323 LIB.
2255 262 2394 323 XIV.

3361 259 3500 318 ηδο

268 397 487 468 ἄπειρα,
513 395 620 449 οὐδ’
657 395 792 460 ὅλως
821 394 888 449 ἂν
919 394 1002 466 εῖη
1031 391 1186 462 λόγος
1210 392 1344 464 πρὸς
1373 393 1562 445 αυτόν·
1601 390 1832 460 ἀπείρου

1940 395 2234 456 quiescent,
2261 385 2404 440 mtlla
2436 397 2561 438 cum
2593 383 2661 438 iis
2710 380 2892 435 futura
2931 379 3227 449 disputatio
3255 387 3340 434 est
3369 397 3385 433 :
3414 378 3500 433 sin

269 489 378 560 γὰρ
407 488 606 557 γνῶσις
637 489 736 542 οὐκ
771 488 885 542 ἔστι
909 505 923 519 ο
969 485 1396 558 πεπερασμένων
1425 484 1481 538 δὲ
1523 482 1691 536 όντων
1726 481 1834 535 τῶν

267 580 628 651 δηλουμένων,
656 581 689 650 ἦ
713 581 828 644 ἑνὸς
848 579 1090 641 ὁτουοῦν,
1113 581 1141 632 ὁ
1164 578 1322 631 τοῦτο
1354 576 1549 645 λέγων,
1585 574 1756 646 ὁρίζει
1784 592 1837 628 τι

270 673 364 726 καὶ
393 672 585 744 κρίνει.
618 673 740 744 uti);
775 668 868 724 οῦν
897 671 1148 740 ἄγνωστα
1177 671 1270 723 καὶ
1296 669 1620 741 ἀνεπίκριτα
1659 668 1836 721 πάντα

270 762 357 833 εἴη
388 763 486 828 av;
542 763 605 815 Εί
631 762 686 814 δὲ
717 763 848 834 φαίη
877 761 1046 816 ταῦτα
1093 762 1186 814 καὶ
1231 757 1371 814 εἶναι
1427 762 1522 814 καὶ
1569 760 1642 832 μὴ
1675 755 1837 824 εἶναι,

275 853 486 926 πρῶτον
531 853 630 924 μὲν
680 854 832 908 ἔσται
880 853 1043 908 ταῦτὸ
1076 853 1168 906 καὶ
1217 851 1415 921 ἀληθὲς
1459 854 1552 905 καὶ
1608 851 1835 921 ψεῦδος·

271 946 460 998 ἔπειτα
498 944 553 998 δὲ
575 947 692 1017 ὲρεῖ
720 963 770 999 τι
808 947 900 1000 καὶ
931 947 1030 999 οὐκ
1069 947 1203 1017 ἐρεῖ,
1232 946 1326 998 καὶ
1364 944 1507 1014 λόγῳ
1535 943 1834 1014 χρώμενος,

270 1038 556 1110 ἀναιρήσει
598 1038 772 1107 λόγον.
828 1039 948 1091 Ἔτι
999 1038 1055 1090 δὲ
1086 1036 1362 1108 ὁμολογῶν
1387 1035 1703 1106 ψεύδεσθαι,
1744 1053 1835 1088 πι-

273 1129 482 1182 στεύειν
511 1129 686 1200 ἑαυτῷ
708 1145 838 1200 φησι
874 1130 1004 1185 δεῖν.
1040 1130 1220 1195 ’Ἄξιον
1253 1129 1309 1182 δὲ
1371 1129 1622 1200 ζητῆσαι,
1676 1127 1838 1181 πόθεν

272 1223 364 1278 καὶ
394 1221 673 1293 μαθόντες,
707 1223 874 1294 ἄδηλα
904 1223 1078 1276 πάντα
1105 1224 1266 1292 φασὶν
1293 1218 1451 1275 εἶναι.
1495 1223 1584 1274 Δεῖ
1616 1221 1723 1292 γὰρ
1756 1223 1836 1273 εί-

269 1311 416 1368 δέναι
445 1314 705 1384 πρότερον
722 1315 936 1378 αὐτοὺς,
966 1313 1016 1366 τί
1045 1313 1230 1384 δήποτ’
1257 1313 1373 1366 ἐστὶ
1393 1312 1454 1366 τὸ
1478 1313 1635 1382 δῆλον
1655 1328 1668 1342 ·
1695 1311 1838 1366 οὕτω

271 1404 405 1471 γοῦν
436 1403 500 1458 ἂν
522 1404 691 1474 ἔχοιεν
717 1405 916 1473 λέγειν,
943 1404 1012 1468 ὥς
1044 1407 1142 1458 οὐκ
1180 1405 1264 1474 εἴη
1297 1403 1366 1457 τὰ
1395 1405 1693 1474 πράγματα
1729 1421 1839 1456 τοι·

271 1495 429 1549 αῦτα.
465 1497 684 1566 Πρῶτον
717 1497 824 1568 γὰρ
857 1496 1050 1549 εἰδέναι
1083 1497 1188 1568 χρὴ
1212 1496 1309 1567 τὴν
1348 1497 1654 1566 κατάφασιν
1680 1535 1692 1557 ,
1722 1490 1840 1548 εἶτα

270 1588 370 1659 τὴν
391 1590 681 1660 ἀπόφασιν.
728 1592 790 1643 Ei
822 1591 880 1644 δὲ
907 1590 1189 1658 ἀγνοοῦσιν
1219 1590 1398 1644 ὁποῖόν
1427 1591 1541 1643 ἐστι
1575 1588 1632 1641 τὸ
1661 1587 1836 1658 δῆλον.

272 1691 374 1743 οὐκ
403 1692 468 1744 ἂν
515 1691 702 1744 εἰδεῖεν
756 1691 875 1744 οὐδὲ
907 1695 960 1744 τί
1011 1691 1072 1744 τὸ
1104 1691 1315 1762 ἄδηλον.
1362 1690 1595 1744 Ὀπόταν
1619 1705 1681 1758 γε
1734 1689 1840 1760 μὴν

1935 477 2116 533 dicent
2170 476 2374 546 aliquid
2416 475 2547 530 :vel
2595 487 2716 528 esse
2744 472 3024 542 quiddam,
3081 472 3160 525 vel
3215 485 3322 524 non
3376 483 3499 524 esse

1935 570 2160 624 omnino
2199 568 2396 624 dicturi
2451 575 2623 622 sunt:
2675 563 3132 634 quemadmodum
3184 563 3372 631 utique
3401 561 3500 616 ob-

1935 676 2094 716 scura
2117 675 2238 716 esse
2266 658 2479 715 cunctis
2521 658 2773 712 universa
2809 671 2954 710 nunc
2989 655 3200 714 dicunt,
3243 663 3406 722 atque
3443 652 3498 707 in

1936 752 2052 806 sola
2083 751 2344 818 opinione
2386 749 2582 819 posita,
2617 756 2805 802 notum
2859 760 2980 800 esse
3021 746 3176 799 nihil.
3207 743 3376 797 Porro
3404 742 3502 812 qui

1936 841 2103 896 sumit
2132 839 2372 910 aliquid,
2397 848 2492 893 aut
2526 853 2642 892 rem
2677 836 2820 890 illam
2845 835 2924 890 sic
2953 835 3150 904 aperit,
3181 844 3237 889 ut
3275 835 3502 906 intelligi

1935 933 2063 986 dum
2085 932 2387 1001 explicatur
2410 946 2471 984 ea
2514 930 2719 1000 possit,
2752 937 2844 983 aut
2898 929 3187 983 obscuram
3221 927 3402 996 potius
3448 937 3503 982 et

1937 1022 2174 1091 ignotam
2206 1019 2487 1089 relinquit.
2521 1019 2578 1074 Si
2613 1033 2720 1074 non
2761 1019 2990 1086 aperiet.
3029 1031 3096 1070 ne
3132 1025 3244 1069 tum
3275 1015 3496 1084 quidem

1937 1113 2046 1168 ulla
2085 1127 2208 1166 cum
2237 1127 2301 1166 eo
2333 1111 2514 1165 futura
2538 1111 2836 1181 disputatio
2882 1118 2986 1164 est.
3022 1109 3183 1179 760
3206 1107 3300 1162 Sin
3325 1108 3502 1176 expli-

1936 1203 2083 1256 cabit
2128 1201 2356 1270 aliquid,
2403 1216 2628 1270 prorsus
2675 1210 2768 1254 aut
2811 1199 3020 1253 intinita
3070 1197 3232 1262 dicet,
3264 1205 3359 1251 aut
3388 1197 3503 1251 suis

1936 1292 2264 1363 quibusdam
2296 1292 2496 1346 tiuibus
2517 1292 2958 1359 circumscripta.
2990 1288 3146 1354 Quod
3183 1290 3228 1343 si
3267 1288 3501 1351 inﬁnita,

1937 1399 2130 1439 rursus
2178 1399 2396 1437 omnem
2453 1398 2636 1437 secum
2693 1383 2884 1453 agendi
2938 1379 3247 1435 facultatem
3289 1379 3501 1448 eripiet,

1937 1477 2079 1546 quod
2110 1476 2303 1530 inﬁniti
2339 1477 2576 1546 cognitio
2620 1477 2765 1530 nulla
2805 1490 2931 1531 esse
2959 1477 3153 1544 possit.
3180 1476 3249 1529 At
3275 1474 3322 1529 si
3353 1473 3508 1528 ﬁnita

1939 1565 2212 1636 quaedam,
2252 1567 2536 1621 autetiam
2571 1582 2738 1620 unum
2765 1565 2970 1636 aliquid
3001 1565 3240 1635 aperiet;
3273 1566 3364 1635 qui
3399 1565 3503 1626 hoc

1939 1651 2127 1724 faciat,
2156 1655 2380 1710 deﬁniat
2408 1656 2550 1710 idem
2571 1655 3124 1725 aliquid,judicetque
3152 1669 3376 1710 necesse
3397 1665 3508 1708 est.

274 1781 636 1852 Αίνησίδημος
654 1743 720 1835 sv
745 1785 808 1853 τῇ
1191 1743 1317 1846 τοὺς
1344 1743 1497 1833 ἐννέα
1520 1743 1688 1852 διεξίῃ

1941 1743 2175 1812 Quinam
2219 1746 2384 1817 igitur
2432 1746 2664 1801 obscura
2717 1747 2900 1801 omnia
2953 1756 3006 1800 et
3045 1745 3353 1816 promiscua
3387 1761 3509 1800 esse

275 1890 410 1936 πους
442 1873 618 1943 (κατὰ
667 1875 954 1938 τοσούτους
1007 1874 1117 1947 γὰρ
1175 1873 1494 1943 ἀποφαίνειν
1543 1871 1712 1944 ἄδηλα
1769 1870 1842 1924 τὰ

275 1967 570 2037 πράγματα
605 1967 954 2038 πεπείραται)
975 1983 988 1996 ·
1019 1967 1244 2038 πότερον
1267 1965 1426 2020 αὑτὸν
1449 1964 1635 2036 φῶμεν
1662 1963 1838 2017 εἰδότα

274 2070 451 2139 λέγειν
480 2071 691 2133 αὐτοὺς,
726 2071 759 2142 ἢ
795 2069 1122 2138 ἀγνοοῦντα;
1173 2069 1310 2138 Φησὶ
1343 2070 1470 2140 γὰρ,
1518 2069 1598 2121 ὅτι
1627 2068 1695 2121 τὰ
1723 2066 1837 2132 ζῶα

273 2163 538 2234 διαφέρει,
561 2165 654 2217 καὶ
685 2164 844 2235 ἡμεῖς
870 2164 1044 2226 αὐτοὶ,
1064 2163 1156 2216 καὶ
1189 2165 1244 2216 αἱ
1268 2162 1468 2226 πόλεις,
1504 2163 1598 2215 καὶ
1635 2163 1684 2214 οἱ
1711 2161 1836 2232 βίοι,

276 2257 369 2310 καὶ
401 2255 469 2308 τὰ
500 2255 614 2326 ἔθη,
649 2255 742 2308 καὶ
772 2256 820 2308 oi
859 2255 1032 2325 νόμοι.
1071 2255 1179 2308 Καὶ
1208 2254 1306 2318 τὰς
1326 2254 1604 2326 αἰσθήσεις
1646 2254 1703 2308 δέ
1739 2272 1840 2326 φη-

277 2364 361 2400 σιν
394 2347 546 2418 ἡμῶν
579 2347 821 2410 ἀσθενεῖς
849 2343 984 2400 εἶναι
1004 2386 1018 2410 ,
1058 2347 1153 2399 καὶ
1183 2346 1352 2400 πολλὰ
1391 2346 1462 2399 τὰ
1519 2345 1716 2412 ἔξωθεν
1745 2346 1839 2398 λυ⁴

279 2440 575 2510 μαινόμενα
633 2439 730 2509 τὴν
767 2438 987 2507 γνῶσιν,
1047 2439 1429 2510 ἀποστήματα,
1490 2438 1581 2490 καὶ
1611 2436 1836 2509 μεγέθη,

276 2530 371 2582 καὶ
400 2532 636 2601 κινήσεις
655 2547 668 2561 ο
707 2530 787 2584 ἔτι
818 2531 874 2584 δὲ
902 2531 962 2583 τὸ
998 2531 1071 2601 μὴ
1101 2531 1306 2601 ὁμοίως
1336 2529 1638 2584 διακεῖσθαι
1688 2528 1841 2592 νέους

278 2622 372 2674 καὶ
410 2621 825 2694 πρεσϐυτέρους,
867 2623 960 2676 καὶ
991 2623 1356 2694 ἐγρηγορότας
1413 2623 1506 2676 καὶ
1560 2621 1840 2692 κοιμωμέ-

277 2731 420 2778 νους,
481 2715 574 2767 καὶ
634 2716 968 2784 ὑγιαίνοντας
1027 2716 1118 2769 καὶ
1171 2715 1458 2779 νοσοῦντας
1483 2733 1494 2745 ·
1540 2715 1751 2779 οὐδενός
1784 2731 1841 2768 τε

279 2807 424 2876 ἡμᾶς
451 2806 620 2860 ἁπλοῦ
651 2808 743 2861 καὶ
771 2807 1099 2878 ἀκραιφνοῦς
1131 2806 1842 2878 ἀντιλαμϐάνεσθαι.Πόιντα

278 2903 387 2968 γὰρ
417 2893 556 2952 εἶναι
578 2899 975 2969 συγκεχυμένα,
1001 2899 1095 2951 καὶ
1126 2898 1260 2970 πρός
1274 2915 1326 2951 τι
1354 2898 1641 2969 λεγόμενα.
1660 2896 1842 2950 Ταῦτα

277 2991 354 3054 δὲ,
415 2993 576 3062 φημὶ,
635 2993 729 3046 καὶ
765 2992 834 3045 τὰ
884 2991 1106 3045 τοιαῦτα
1172 2991 1609 3062 κομψολογοῦντα
1662 2991 1840 3054 αὐτὸν,

279 3079 448 3150 ἡδέως
476 3081 540 3134 ἄν
564 3098 646 3144 τις
676 3080 850 3152 εἴρετο
869 3099 882 3111 ·
924 3081 1157 3153 Πότερον
1186 3077 1243 3134 εὖ
1294 3079 1449 3144 εἰδὼς
1494 3079 1639 3150 λέγοι
1668 3120 1682 3146 ,
1710 3079 1841 3133 διότι

279 3173 350 3224 τὰ.
384 3172 680 3241 πράγματα
718 3172 901 3225 τοῦτον
954 3171 1065 3242 ἔχει
1117 3171 1206 3225 τὸν
1253 3172 1474 3244 τρόπον,
1532 3170 1839 3242 ἢάγνοῶνς

281 3264 344 3315 Εἰ
375 3263 471 3332 μὲν
497 3263 604 3333 γὰρ
635 3264 736 3315 οὐκ
768 3262 902 3333 ᾔδει,
940 3263 1054 3326 πῶς
1087 3262 1151 3316 ἂν
1180 3265 1340 3333 ἡμεῖς
1387 3261 1532 3333 αὑτῷ
1569 3261 1842 3315 πιστεύοι-

284 3373 382 3424 μεν
405 3371 420 3418 ;
444 3357 491 3407 εί
518 3354 563 3408 δ’
596 3355 857 3423 ἐγίνωσκε
885 3355 984 3423 (ί),
1011 3354 1202 3425 κομιδῇ
1243 3371 1326 3417 τις
1361 3349 1430 3425 ἦν
1462 3353 1686 3423 ἠλίθιος,
1726 3353 1846 3424 ἅμα

285 3448 382 3518 μὲν
407 3447 576 3519 ἄδηλα
605 3449 781 3502 πάντα
825 3447 1283 3518 ἀποφαινόμενος,
1325 3447 1440 3518 ἅμα.
1495 3447 1550 3500 δὲ
1607 3445 1844 3499 τοσαῦτα

280 3554 450 3622 λέγων
497 3553 710 3608 εἰδέναι.
754 3554 862 3606 Καὶ
918 3553 1021 3624 μὴν
1052 3552 1211 3606 όπότε
1244 3569 1307 3621 γε
1357 3553 1424 3605 τὰ
1463 3551 1686 3606 τοιαῦτα
1739 3550 1844 3604 διε-

282 3645 463 3710 ξίοιεν,
485 3646 633 3699 οὐδὲν
660 3646 770 3699 ἀλλ’
796 3646 828 3718 ἢ
863 3648 1152 3718 ἐπαγωγὴν
1185 3663 1306 3700 τινα
1338 3645 1574 3713 λέγουσι,
1604 3643 1845 3697 δεικνύν-

283 3755 371 3800 τες
404 3739 540 3791 όποΐ
568 3738 704 3792 ἄττα
731 3739 816 3808 είη
843 3739 910 3790 τὰ
946 3739 1242 3809 φαινόμενα
1267 3739 1360 3791 καὶ
1376 3737 1443 3790 τὰ
1473 3736 1590 3790 καθ’
1616 3735 1840 3789 ἕκαστα.

283 3829 357 3880 Τὸ
395 3828 450 3881 δὲ
482 3829 687 3882 τοιοῦτο
719 3829 811 3884 καὶ
842 3829 956 3881 ἔστι
988 3830 1082 3882 καὶ
1128 3829 1342 3897 λέγεται
1399 3828 1598 3890 πίστις.
1633 3828 1694 3880 Εἰ
1746 3827 1844 3897 μὲν

284 3916 376 3972 οὖν
413 3920 550 3990 αὐτῇ
591 3919 1088 3988 συγκατατίθενται,
1148 3918 1304 3988 δῆλον
1355 3919 1438 3970 ὅτι
1497 3916 1841 3983 δοξάζουσιν·

285 4015 332 4065 εἰ
356 4012 400 4065 δ’
431 4013 492 4065 οὐ
521 4010 886 4076 πιστεύουσιν,
922 4012 1028 4064 οὐδ’
1052 4009 1119 4066 ἂν
1157 4012 1316 4082 ἡμεῖς
1343 4011 1702 4082 προσέχοιμεν
1745 4010 1845 4063 αὺ-

284 4108 414 4168 τοῖς.
454 4106 520 4158 Ὄ
547 4121 610 4173 γε
640 4105 744 4175 μὴν
782 4105 965 4174 Τίμων
992 4106 1049 4158 ὲν
1082 4103 1159 4174 τῷ
1189 4105 1419 4158 Πύθωνι
1447 4105 1710 4176 διηγεῖται
1745 4122 1846 4176 μα-

285 4197 417 4267 κρόν
444 4213 564 4249 τινα
590 4198 908 4260 κατατείνας
932 4197 1108 4265 λόγον,
1144 4197 1220 4260 ὡς
1252 4195 1459 4266 ἐντύχοι
1488 4196 1564 4267 τῷ
1595 4197 1846 4268 Πύρῤωνι

289 4300 551 4370 βαδίζοντι
607 4300 849 4363 Πυθοῖδε,
883 4299 1033 4371 παρὰ
1064 4299 1125 4352 τὸ
1163 4298 1303 4370 ἱερὸν
1331 4298 1424 4351 τοῦ
1484 4299 1844 4370 Ἀμφιαράου,

289 4409 382 4461 καὶ
409 4407 527 4460 τίνα
556 4406 880 4477 διαλεχθεῖεν
904 4407 1168 4478 ἀλλήλοις.
1203 4401 1329 4478 ’Ἆρ’
1364 4406 1463 4458 οῦκ
1501 4405 1737 4474 εὐλόγως
1783 4407 1848 4460 ἄν

289 4518 369 4563 τις
394 4499 540 4571 αὐτῷ
564 4500 732 4554 ταῦτα
763 4499 1125 4570 συγγράφοντι
1151 4498 1430 4570 παραστὰς
1461 4497 1601 4551 εἴποι
1622 4539 1636 4562 ,
1666 4499 1752 4561 Τί,
1804 4493 1850 4553 ὣ

291 4590 509 4661 πονηρὲ,
551 4589 784 4660 ἐνοχλεῖς
820 4588 1027 4659 σεαυτῷ
1069 4588 1240 4642 ταῦτα
1286 4589 1616 4659 συγγράφων
1641 4627 1656 4653 ,
1690 4589 1782 4642 καὶ
1816 4588 1852 4642 ὃ.

293 4681 367 4752 μὴ
388 4678 544 4734 οἶσθα
569 4678 755 4750 διηγοῦ
765 4697 953 4750 μενοςλ
979 4679 1044 4731 Τί
1075 4679 1182 4751 γὰρ
1208 4679 1406 4750 μᾶλλον
1421 4679 1670 4748 ἐνέτυχες
1702 4677 1852 4748 αὑτῷ

291 4777 382 4827 καὶ
411 4773 694 4845 διηλὲχθης
713 4812 727 4836 ,
763 4772 794 4844 ἢ
847 4773 905 4825 οῦ
936 4772 1252 4844 διηλέχθης;
1291 4771 1462 4836 Αὐτός
1494 4789 1554 4826 τε
1589 4774 1791 4835 ἐκεῖνος
1822 4773 1851 4825 ὁ

291 4865 596 4936 θαυμαστὸς
620 4867 869 4937 Πύρρων,
922 4861 1032 4936 ἆρά
1061 4882 1123 4934 γε
1160 4865 1276 4936 ᾔδει
1315 4865 1376 4918 τὸ
1427 4863 1516 4917 διὰ
1543 4864 1594 4917 τί
1649 4863 1852 4935 βαδίζοι

292 4958 468 5013 Πύθια
488 4959 844 5029 θεασόμενος;
881 4955 912 5026 ἢ
941 4956 1190 5026 καθάπερ
1227 4955 1276 5007 οἱ
1313 4954 1615 5026 μεμηνότες
1639 4993 1654 5016 ,
1690 4953 1854 5007 ἐπλα-

291 5053 418 5104 νᾶτο
439 5049 579 5105 κατὰ
601 5051 698 5121 τὴν
718 5050 866 5113 όδόν;
894 5047 1084 5102 Ἦνίκα
1099 5049 1156 5102 δὲ
1177 5048 1376 5120 ἤρξατο
1400 5051 1722 5120 κατηγορεῖν
1745 5047 1852 5101 τῶν

292 5145 589 5217 ἀνθρώπων
615 5145 707 5198 καὶ
727 5143 826 5214 τῆς
852 5144 1071 5212 ἀγνοίας
1094 5142 1290 5197 αὐτῶν.
1327 5139 1436 5214 ἆρά
1459 5159 1520 5211 γε
1547 5141 1734 5212 φῶμεν
1757 5141 1853 5193 αὺ-

290 5239 382 5290 τὸν
406 5237 578 5308 ἁληθῆ
633 5236 829 5304 λέγειν,
882 5233 916 5306 ἢ
953 5235 1064 5305 μή;
1095 5229 1242 5304 *Αρὰ
1301 5249 1356 5300 γε
1389 5233 1483 5285 καὶ
1514 5231 1602 5285 τὸν
1635 5230 1854 5299 Τίμωνα

295 5328 482 5381 παθεῖν
515 5345 587 5390 τι,
637 5328 728 5380 καὶ
777 5323 1210 5395 συγκαταθέσθαι
1265 5327 1377 5386 τοῖς
1433 5323 1630 5391 λόγοις,
1688 5320 1720 5391 ἢ
1777 5319 1852 5390 μὴ

293 5418 610 5492 προσέχειν;
637 5419 700 5470 Et
734 5417 830 5488 μὲν
865 5417 970 5490 γὰρ
1009 5416 1107 5469 οὐκ
1140 5413 1365 5482 ἐπείσθη
1387 5452 1400 5475 ,
1437 5413 1554 5474 πῶς
1595 5412 1718 5465 ἀντὶ
1771 5427 1856 5480 χο-

299 5516 484 5587 ρευτοῦ
512 5514 796 5584 φιλόσοφος
825 5512 900 5582 (2)
936 5512 1169 5579 ἐγένετο,
1209 5509 1301 5563 καὶ
1328 5508 1422 5562 τὸν
1451 5508 1715 5580 Πύρρωνα
1749 5506 1855 5560 διε-

317 5609 333 5630 .
363 5630 440 5697 (ί)
480 5632 550 5682 El
582 5628 633 5680 δ’
669 5628 978 5696 ἐγίνωσκε.
1017 5625 1076 5678 Β.
1123 5622 1458 5697 A_ugustinus
1503 5620 1595 5697 lib.
1627 5619 1702 5673 De
1723 5619 1854 5697 reli-

297 5693 471 5770 gione,
501 5693 762 5771 quaerenti
791 5697 1093 5771 veritatem,
1144 5694 1377 5771 Saltem,
1407 5693 1616 5762 inquit,
1658 5693 1767 5771 scis
1807 5699 1856 5745 te

295 5765 537 5825 dubitare
557 5787 624 5824 an
647 5770 716 5823 sit
746 5767 947 5835 aliquid
978 5768 1084 5823 ueri
1102 5808 1116 5834 ,
1142 5777 1191 5820 et
1219 5765 1316 5818 hoc
1343 5765 1514 5832 ipsum
1538 5772 1615 5818 est
1641 5765 1852 5817 veritas.

1937 1838 2185 1908 possint?
2211 1837 2335 1892 Jam-
2368 1853 2518 1904 vero,
2547 1838 2592 1894 si
2622 1837 2808 1893 eadem
2836 1853 2956 1893 esse
2982 1838 3146 1892 simul
3169 1853 3232 1892 ac
3253 1852 3360 1891 non
3388 1852 3511 1892 esse

1937 1927 2082 1983 dicet
2115 1949 2126 1983 :
2149 1931 2383 1998 primum
2412 1929 2628 1998 quidem
2657 1945 2842 1983 verum
2865 1928 3028 1983 simul
3053 1929 3192 1983 idem
3217 1944 3282 1994 ac
3308 1927 3505 1982 falsum

1937 2020 2041 2073 erit
2069 2038 2082 2072 :
2111 2018 2306 2073 deinde
2345 2019 2548 2090 aliquid
2583 2018 2696 2088 ipse
2731 2018 2895 2084 dicet,
2947 2017 3197 2088 dicetque
3227 2018 3384 2080 nihil,
3424 2029 3506 2071 at-

1937 2126 2043 2180 que
2074 2110 2148 2164 ita
2181 2109 2769 2171 orationem,oratione
2797 2109 2924 2171 dum
2951 2116 3153 2175 utetur,
3175 2109 3506 2180 exstingui-t,

1938 2198 2229 2265 Praeterea,
2260 2215 2354 2270 qui
2381 2214 2439 2255 se
2479 2198 2676 2255 falsum
2703 2199 2884 2255 dicere
2927 2197 3199 2267 fateatur,
3230 2200 3372 2254 idem
3404 2201 3504 2256 sibi

1938 2292 2100 2347 ﬁdem
2149 2291 2337 2346 haberi
2372 2291 2505 2346 vult.
2536 2289 2654 2345 Jam
2704 2306 2853 2355 vero,
2909 2291 3078 2362 quaeri
3116 2293 3278 2346 etiam
3305 2307 3368 2347 ex
3402 2293 3508 2349 illis

1939 2382 2156 2455 poterit,
2189 2383 2331 2438 unde
2368 2383 2584 2438 tandem
2628 2383 2832 2437 incerta
2868 2398 2989 2438 esse
3020 2383 3275 2439 universa
3303 2384 3509 2440 didice-

1938 2473 2088 2529 rint?
2119 2472 2279 2530 Prius
2300 2473 2445 2528 enim
2489 2474 2620 2545 quid
2667 2474 2799 2528 illud
2833 2475 2903 2530 sit
2928 2491 3074 2546 quoo
3107 2486 3316 2531 certum
3348 2494 3510 2552 voca:

1942 2559 2051 2632 tur,
2085 2580 2246 2621 nosse
2275 2565 2504 2631 debent;
2535 2576 2758 2634 tumque
2788 2564 3006 2619 demum
3033 2608 3049 2632 ,
3097 2565 3310 2635 ejusmo
3333 2569 3370 2624 li
3399 2584 3511 2624 non

1941 2673 2061 2713 esse
2087 2657 2269 2714 om’nia
2295 2666 2537 2712 statuere
2569 2665 2825 2726 poterunt
2855 2674 2868 2711 :
2899 2657 3276 2714 aﬂirmationis
3308 2661 3512 2731 quippe

1943 2749 2134 2804 notitia
2188 2749 2490 2820 negationis
2532 2749 2900 2818 cognitionem
2960 2751 3250 2805 antecedit.
3306 2750 3408 2817 Qui
3465 2753 3513 2806 si

1943 2841 2122 2895 minus
2152 2840 2283 2910 quid
2316 2848 2524 2895 certum
2558 2840 2630 2894 sit
2671 2840 2943 2905 noverint,
2981 2856 3049 2894 ne
3080 2840 3347 2896 incertum
3398 2843 3514 2913 qui-

1944 2933 2064 2987 dem
2094 2933 2169 2987 illi
2215 2933 2344 3002 quid
2398 2933 2471 2988 sit
2504 2947 2665 2987 nosse
2708 2941 2981 3003 poterunt.
3026 2931 3317 2988 Enimvero
3369 2950 3496 2989 cum

1945 3023 2337 3081 AEncsidemus
2365 3025 2419 3078 in
2453 3040 2552 3078 sua
2578 3023 2689 3090 illa,
2724 3039 2887 3094 quam
2919 3023 3248 3080 informabat
3285 3027 3514 3096 hypoty-

1869 3125 1916 3189 ο
1947 3115 2087 3185 posi,
2106 3130 2302 3168 novem
2329 3115 2553 3168 omnino
2577 3113 2768 3169 modos
2791 3125 3087 3185 exponeret
3110 3114 3352 3186 (totidem
3369 3117 3513 3170 enim

1943 3222 2108 3276 quam
2157 3207 2361 3262 incerta
2409 3206 2519 3260 sint
2563 3205 2744 3260 omnia
2807 3206 3086 3263 declarare
3149 3208 3514 3277 conabatur),

1945 3307 2126 3352 utrum
2149 3297 2370 3352 eosdem
2425 3304 2584 3351 norat
2618 3296 2734 3366 ipse
2763 3296 2858 3365 qui
2907 3298 3132 3364 diceret,
3180 3315 3247 3352 an
3292 3299 3503 3368 ignora-

1943 3390 2074 3444 bat?
2099 3387 2234 3443 Nam
2280 3389 2328 3444 is
2362 3390 2582 3460 quidem
2614 3390 2666 3445 in
2715 3381 3107 3459 animantibus,
3138 3391 3246 3446 imo
3269 3392 3430 3446 etiam
3462 3401 3517 3447 et

1942 3481 1997 3536 in
2027 3481 2184 3538 nobis
2217 3480 2369 3551 ipsis,
2398 3483 2644 3550 urbibus,
2679 3483 2965 3550 institutis,
2999 3483 3246 3538 moribus
3283 3500 3348 3539 ac
3382 3485 3518 3556 legi-
3595 3549 3606 3561 ε

1944 3576 2046 3630 bus
2085 3575 2380 3630 discrimen
2425 3577 2672 3646 agnoscit
2702 3596 2715 3631 :
2753 3577 2896 3632 idem
2929 3594 3057 3634 vero
3081 3590 3134 3632 et
3167 3579 3415 3634 inﬁrmos
3440 3581 3520 3635 ait

1949 3683 2146 3723 sensus
2178 3680 2298 3722 esse
2326 3675 2562 3727 nostros.
2599 3677 2651 3723 et
2681 3669 2914 3734 plurima
2950 3686 3071 3740 qua:
3098 3673 3396 3740 cognitioni
3427 3691 3518 3729 ex-

1945 3760 2215 3814 trinsecus
2235 3758 2473 3815 oﬁiciant
2496 3760 2878 3829 impedimenta
2903 3773 3320 3835 commemorat,
3348 3767 3512 3823 inter-

1951 3856 2114 3919 valla,
2139 3855 2560 3923 magnitudines,
2597 3868 2798 3925 motus,
2828 3859 3088 3927 juvenum
3115 3873 3278 3931 atque
3299 3877 3514 3929 senum,

1944 3948 2281 4018 vigilantium
2315 3957 2370 4002 et
2392 3950 2802 4018 dormientium,
2843 3952 3137 4007 valentium
3168 3964 3222 4009 et
3240 3969 3511 4026 aegrotan-

1944 4039 2077 4094 tium
2103 4040 2399 4095 dissimiles
2436 4041 2681 4109 aliosque
2733 4057 2968 4111 sensus;
3016 4061 3199 4100 rerum
3245 4046 3374 4100 dum
3421 4063 3516 4102 eas

1945 4133 2295 4202 percipimus,
2321 4133 2464 4201 quod
2499 4133 2774 4201 permista:
2800 4134 2910 4188 sint
2931 4151 3144 4202 omnes,
3181 4145 3234 4190 et
3262 4153 3387 4192 cum
3411 4139 3514 4192 ali-

1946 4240 2055 4296 quo
2085 4241 2295 4294 semper
2323 4224 2389 4278 ad
2437 4224 2580 4278 aliud
2617 4226 2745 4294 quid
2779 4227 2970 4281 ordine
3003 4227 3374 4298 proferantur,
3404 4231 3517 4284 sin-

1947 4332 2133 4373 cerum
2193 4331 2471 4384 nunquam
2522 4316 2934 4386 simplicemque
2973 4318 3203 4374 vultum.
3248 4317 3396 4386 Hac,
3429 4319 3515 4373 in-

1948 4422 2134 4476 quam,
2166 4406 2255 4460 ille
2281 4415 2584 4475 caeteraque
2619 4407 2669 4460 id
2717 4423 2887 4478 genus
2941 4407 3068 4463 dum
3118 4411 3402 4481 magniﬁce
3431 4411 3513 4466 lo-

1881 4487 1925 4544 υ
1953 4499 2156 4568 quitur,
2191 4507 2396 4568 (μιαίνει
2427 4513 2492 4552 ex
2523 4513 2588 4553 co
2623 4498 2749 4569 jure
2772 4499 3067 4570 quispiam,
3099 4503 3240 4558 sitne
3286 4504 3398 4559 haec
3425 4505 3518 4558 lio-

1952 4593 2116 4649 miuis
2145 4593 2323 4648 varias
2356 4594 2478 4648 illas
2525 4609 2707 4647 rerum
2740 4595 3084 4651 conditiones
3131 4597 3296 4667 probe
3336 4601 3518 4653 scien-

1953 4687 2043 4751 tis,
2075 4701 2144 4740 an
2174 4685 2353 4754 potius
2384 4684 2686 4756 ignorantis
2711 4687 2926 4741 oratio?
2963 4687 3019 4742 Si
3053 4691 3195 4743 enim
3221 4690 3342 4745 illas
3366 4691 3517 4763 igno-

1952 4786 2056 4844 rat,
2080 4777 2171 4846 qni
2197 4776 2413 4830 tandem
2437 4779 2537 4846 ipsi
2561 4776 2717 4831 ﬁdem
2738 4779 3059 4835 habebimus
3079 4779 3210 4835 ?Sin
3235 4796 3328 4836 cas
3350 4783 3524 4852 probe

1952 4867 2116 4933 norit,
2147 4882 2228 4920 na:
2264 4867 2493 4922 stolidus
2538 4868 2829 4921 admodum
2867 4878 2970 4935 est,
2998 4871 3240 4939 quicum
3285 4873 3519 4927 obscura

1951 4972 2072 5012 esse
2103 4957 2284 5010 omnia
2314 4965 2535 5022 statuat,
2579 4968 2688 5011 tam
2717 4959 2882 5012 multa
2922 4975 2980 5014 se
3014 4970 3192 5017 tamen
3223 4963 3362 5018 scire
3385 4979 3518 5018 con-

1953 5047 2148 5102 ﬁrmet.
2185 5046 2381 5118 Utique
2424 5049 2554 5102 dum
2623 5050 2747 5103 talia
2777 5053 3026 5106 oratione
3060 5065 3400 5124 percensent,
3429 5055 3520 5109 in-

1951 5140 2259 5194 ductionem
2311 5141 2551 5209 aliquam
2613 5142 2772 5197 modo
2831 5151 3059 5210 texunt,
3105 5154 3161 5201 et
3212 5146 3519 5216 cuiusmodi

1952 5247 2183 5301 quaeque
2217 5232 2328 5285 sint
2352 5248 2475 5302 qua:
2503 5242 2819 5301 appareant,
2867 5235 3142 5306 sigillatim
3177 5238 3471 5294 ostendunt
3503 5258 3519 5294 :

1953 5321 2102 5391 quod
2140 5322 2360 5390 quidem
2395 5325 2661 5381 orationis
2687 5343 2857 5398 genus
2884 5337 2969 5383 est
2989 5337 3323 5399 vocaturque
3364 5329 3518 5387 ﬁdes.

1955 5399 2107 5468 Hanc
2129 5413 2296 5484 igitur
2323 5414 2400 5468 illi
2427 5416 2472 5469 si
2513 5427 2839 5486 sequuntur,
2877 5420 3095 5474 eosdem
3133 5418 3361 5490 proinde
3393 5421 3522 5490 opi-

1955 5505 2072 5558 nari
2117 5521 2277 5559 nemo
2304 5521 2416 5562 non
2453 5506 2638 5562 videt:
2669 5509 2713 5563 si
2747 5524 2875 5564 vero
2910 5526 3016 5566 non
3045 5513 3292 5576 credunt,
3328 5529 3394 5568 ne
3417 5513 3520 5583 ipsi

2026 5617 2299 5695 (9)___‘Artl
2335 5621 2620 5695 χορευτοῦ
2652 5623 3004 5695 φιλόσοφος.
3047 5622 3525 5695 Diogenes-_Laer-

1955 5689 2063 5744 tius
2108 5689 2202 5761 lib.
2237 5705 2388 5761 upex
2423 5689 2664 5761 Simone
2685 5689 2919 5760 quodam
2951 5689 3304 5761 Apollonide,
3333 5693 3481 5748 Timr

1957 5775 2079 5815 nem
2107 5759 2252 5815 liun'c
2275 5759 2573 5830 signiﬁcat,
2605 5778 2634 5816 a
2664 5759 2949 5818 saltationie
2973 5759 3082 5831 jam
3115 5766 3388 5822 abstinere
3414 5779 3478 5820 co
