4034 6390
202 337 380 396 1255
1330 347 1649 404 PREPAR.
1677 350 1801 404 EVA

1912 391 1924 404 .
1968 344 2095 407 LIB.
2138 353 2275 408 XIV.
3334 352 3468 405 £9.36

211 458 481 517 Ὀπόταν
514 465 689 534 μέντοι
705 464 854 533 ⁸φῶσι
881 465 942 518 τὸ
974 468 1132 535 σοφὸν
1156 466 1412 539 δήτοῦτο,
1455 472 1537 523 ὅτι
1563 471 1669 524 δέοι
1704 488 1801 524 κα-

1902 471 2164 529 Prteterea
2203 476 2331 529 dum
2379 476 2655 546 egregium
2706 474 2838 531 illud
2888 474 3215 545 sapiensque
3261 470 3467 525 dictum

197 554 665 608 τακολουθοῦντα
684 554 839 623 φύσει
864 557 957 609 καὶ
985 561 1097 621 τοῖς
1125 558 1267 612 ἔθεσι
1294 560 1411 631 ζῇν,
1452 561 1639 631 μηδενὶ
1673 563 1801 632 μέν·

1904 567 2277 635 pronuntiant,
2328 568 2382 620 in
2417 568 2524 620 vita
2572 567 2905 621 instituenda
2924 575 3131 620 naturae
3175 570 3467 618 consuetu-

194 660 340 696 τοι-
375 644 873 712 συγκατατίθεσθαι,
914 648 1056 701 πάνυ
1108 650 1249 713 τινές
1293 651 1427 703 είσιν
1466 651 1696 722 εὐήθεις.
1741 652 1801 704 El

1903 658 2153 728 diuisque
2203 659 2424 712 ductum
2480 660 2632 728 sequi
2682 657 3281 727 oportere,_simulque
3317 654 3466 709 nulla

202 736 347 809 γὰρ
385 740 570 809 μηδενὶ
602 739 763 809 ἄλλῳ,
788 741 961 811 τούτῳ
999 742 1128 811 γοῦν
1157 743 1305 814 αὑτῷ
1348 744 1455 796 δέοι
1490 742 1554 796 ἂν
1604 760 1801 812 συγκα-

1902 753 2118 822 penitus
2151 752 2210 805 in
2238 767 2295 805 re
2325 752 2637 806 ha:rendum
2678 766 2799 805 esse
2829 750 3057 814 docent,
3099 748 3308 803 faciunt
3350 747 3467 800 ine-

202 829 515 893 ταθέσθαι,
569 831 661 883 καὶ
712 831 998 886 ὑπολαϐεῖν
1044 833 1214 897 οὕτως
1258 835 1401 905 ἔχειν
1432 836 1582 889 αὑτό.
1631 837 1695 888 Τί
1746 837 1801 889 δὲ

1904 846 2168 915 piissime.
2192 844 2325 897 Nam
2356 854 2415 898 ut
2449 845 2579 898 fides
2611 843 2821 897 caeteris
2847 843 3103 897 omnibus
3124 842 3461 902 detrahatur,

210 920 439 989 μᾶλλον
466 925 530 991 τῇ
558 922 716 990 φύσει
745 924 966 985 καὶτοῖς
999 924 1143 977 ἔθεσι
1182 926 1262 978 δεῖ
1298 927 1729 989 κατακολουθεῖν,
1769 928 1801 999 ἢ

207 1011 291 1063 οὐ
326 1012 425 1075 δεῖ,
461 1012 533 1081 μὴ
563 1013 768 1076 εἰδότας
801 1030 864 1081 γε
889 1014 951 1085 δὴ
983 1015 1166 1086 μηδὲν,
1206 1016 1337 1086 μηδὲ
1372 1016 1593 1086 ἔχοντάς
1620 1036 1669 1070 τι
1697 1020 1803 1089 ὅτῳ

210 1102 568 1173 κρινοῦμεν;
616 1104 819 1156 Ἐκεῖνο
856 1105 952 1174 μὲν
986 1105 1094 1176 γὰρ
1147 1107 1240 1159 καὶ
1270 1109 1612 1161 παντάπασίν
1658 1110 1803 1162 ἐστιν

211 1193 461 1261 ἠλίθιον,
494 1196 706 1249 ἐπειδὰν
729 1196 975 1265 λέγωσιν,
1008 1199 1089 1250 ὅτι
1116 1198 1368 1269 καθάπερ
1398 1199 1467 1253 τὰ
1496 1201 1803 1273 καθαρτικὰ

215 1286 502 1358 φάρμακα
533 1288 864 1359 συνεκκρίνει
913 1288 1046 1359 μετά
1074 1289 1179 1342 τῶν
1214 1292 1651 1362 περιπτωμάτων
1710 1296 1805 1348 καὶ

216 1379 422 1441 ἑαυτὰ,
446 1378 536 1431 τὸν
565 1379 726 1433 αὑτὸν
754 1382 952 1451 τρόπον
979 1384 1072 1436 καὶ
1101 1384 1128 1434 6
1157 1384 1334 1437 πάντα
1356 1385 1522 1451 ἀξιῶν
1546 1380 1682 1437 εἶναι
1717 1385 1803 1437 λό-

217 1484 327 1535 γος
361 1470 530 1540 ἀδηλα
564 1470 701 1541 μετά
743 1472 852 1525 τῶν
884 1473 1055 1526 ἄλλων
1090 1476 1302 1546 ἀναιρεῖ
1339 1479 1431 1530 καὶ
1462 1479 1671 1531 έαυτόν.
1740 1479 1802 1531 Εἰ

218 1561 345 1630 γὰρ
370 1561 529 1624 αὑτὸς
558 1563 716 1615 αὑτὸν
738 1563 966 1633 ἐλέγχοι,
996 1564 1206 1635 ληροῖεν
1230 1567 1293 1621 ἂν
1320 1570 1368 1620 oi
1398 1568 1663 1639 χρώμενοι
1684 1570 1804 1622 τού·-

220 1669 330 1723 τῳ,
370 1653 573 1723 βέλτιον
612 1651 703 1707 οὖν
739 1657 967 1726 ἡσυχίαν
1006 1658 1158 1724 ἄγειν
1195 1660 1412 1723 αὑτοὺς,
1445 1663 1536 1714 καὶ
1573 1663 1707 1733 μηδὲ
1741 1663 1801 1715 τὸ

226 1746 412 1815 στόμα
443 1746 686 1816 διαίρειν.
731 1747 890 1800 Ἀλλά
914 1749 1020 1820 μὴν
1040 1750 1147 1802 οὐδ’
1178 1752 1362 1822 ὅμοιον
1399 1753 1509 1823 ἔχει
1541 1771 1592 1805 τι
1615 1754 1675 1806 τὸ
1712 1772 1803 1807 κα-

1904 935 2031 990 huic
2060 937 2249 991 saltem
2293 936 2537 989 habenda
2569 936 2879 989 necessario
2906 935 2994 999 sit,
3032 935 3298 1004 planeque
3349 943 3463 987 sta-

1902 1024 2167 1079 tuendum
2221 1026 2292 1079 ita
2329 1042 2440 1079 rem
2496 1025 2714 1079 habere.
2764 1023 2869 1078 Sed
2918 1024 3062 1079 enim
3109 1039 3203 1078 cur
3256 1032 3465 1076 naturae

1902 1117 2418 1186 consuetudinisque
2436 1121 2656 1170 ductum
2682 1116 2835 1185 sequi
2863 1115 3042 1184 potius
3069 1129 3169 1168 nos
3194 1122 3460 1182 oporteat,

1901 1224 2062 1279 quam
2098 1209 2166 1261 ah
2200 1224 2267 1262 eo
2315 1208 2611 1271 diSCcdel‘e,
2663 1207 2753 1277 qui
2812 1222 2909 1262 nec
2952 1205 3191 1261 sciamus
3238 1203 3463 1257 omnino

1901 1302 2218 1371 quidquam,
2259 1316 2355 1354 nec
2378 1301 2534 1367 cujus
2569 1301 2617 1353 vi
2642 1299 2909 1369 judicium
2946 1298 3071 1353 ferri
3108 1297 3281 1366 possit
3311 1296 3439 1365 quid

1901 1402 2063 1455 quam
2101 1386 2433 1439 habeamus?
2456 1385 2610 1450 Quod
2644 1386 2786 1437 enim
2813 1384 3038 1446 addunt,
3077 1393 3335 1435 extrema:
3368 1395 3463 1434 cu-

1896 1478 2114 1549 jusdam
2148 1478 2392 1532 stultitiae
2417 1486 2500 1530 est
2531 1495 2543 1529 :
2575 1476 3032 1545 quemadmodum
3068 1474 3381 1544 pharmaca,
3406 1470 3459 1523 in

1901 1568 2099 1635 quibus
2152 1566 2416 1636 purgandi
2477 1567 2560 1619 vis
2616 1574 2731 1628 est,
2784 1580 2903 1620 sese
2949 1580 3071 1619 cum
3104 1560 3461 1617 excrementis

1905 1658 2041 1725 ipsis
2064 1657 2268 1726 pariter
2308 1672 2372 1711 ac
2405 1656 2565 1710 Simul
2587 1665 2916 1721 excernunt;
2949 1656 3019 1708 ita
3048 1669 3168 1721 qua:
3206 1652 3346 1706 ratio
3378 1651 3462 1704 in-

1901 1759 2049 1802 certa
2087 1764 2206 1802 esse
2238 1749 2419 1803 omnia
2451 1747 2725 1806 conﬁciat.
2751 1763 2870 1800 eam
2900 1762 2958 1800 se
2985 1760 3202 1816 quoque
3234 1742 3458 1813 perinde

225 1837 487 1910 Θαρτικὸν
528 1840 832 1911 φάρμακον,
861 1818 955 1893 κοιλ⁵
977 1818 1013 1894 V6
1042 1818 1243 1897 τούτων
1276 1818 1458 1913 λόγος..⁷
1475 1847 1546 1898 Τὸ
1575 1846 1671 1917 μὲν
1694 1847 1801 1918 γὰρ

1903 1841 2189 1909 utrcliqua
2216 1840 2462 1894 funditus
2504 1840 2829 1893 convellere.
2864 1836 2995 1891 Nam
3030 1838 3075 1891 si
3116 1835 3315 1889 refutat
3340 1835 3456 1903 ipsa

228 1932 525 2001 φάρμακον
558 1932 879 2003 ἐκκρίνεται,
918 1936 1020 1987 κάν
1040 1938 1151 1999 τοῖς
1186 1936 1429 2006 σώμασιν
1467 1938 1564 2006 οὑχ
1599 1938 1803 2008 ὑπομέ-

229 2040 336 2075 νει·
371 2024 462 2076 τὸν
500 2024 681 2093 μέντοι
708 2024 863 2093 λόγον
887 2027 945 2078 ἐν
965 2030 1086 2089 ταῖς
1111 2026 1309 2097 ψυχαῖς
1333 2028 1597 2099 ὑπάρχειν
1615 2030 1694 2082 δεῖ
1712 2031 1805 2083 τὸν

231 2116 399 2169 αὑτὸν
418 2116 565 2176 ὄντα,
594 2117 687 2168 καὶ
719 2118 1103 2187 πιστευόμενον
1138 2119 1264 2172 αἰεί.
1310 2121 1484 2183 Μόνος
1511 2121 1619 2192 γὰρ
1651 2115 1804 2186 οὗτος

230 2208 316 2277 εἴη
344 2207 430 2272 ἂν,
465 2210 493 2259 6
521 2207 685 2260 ποιῶν
717 2208 1212 2276 ἀσυγκαταθέτους.
1247 2212 1369 2263 Ὅτι
1412 2212 1458 2264 δ’
1483 2214 1582 2266 οὑκ
1606 2215 1802 2267 οἴονται

232 2300 324 2352 τὸν
359 2300 638 2370 ἄνθρωπον
659 2300 946 2366 ἀδόξαστον
967 2298 1126 2365 εἶναι,
1158 2304 1251 2355 καὶ
1272 2303 1367 2356 ὡδὶ
1388 2306 1695 2376 καταμάθοι
1720 2324 1803 2371 τις

231 2392 317 2447 ἄν.
370 2393 649 2445 Ἀδύνατον
686 2393 793 2463 γὰρ
853 2393 943 2445 τὸν
979 2393 1363 2465 αἰσθανόμενον
1421 2398 1494 2467 μὴ
1548 2398 1803 2451 αἰσθάνε-

233 2482 381 2536 ιοθιι.
405 2483 477 2536 Τὸ
498 2483 538 2535 δ’
573 2483 936 2546 αἰσθάνεσθαι,
960 2484 1245 2557 γνωρίζειν
1276 2504 1328 2539 τι
1359 2482 1447 2557 ἦν.
1479 2490 1598 2541 Ὅτι
1628 2489 1683 2542 δὲ
1711 2491 1803 2543 καὶ

231 2573 478 2627 πιστεύει
512 2577 576 2644 τῇ
618 2574 883 2644 αἰσθήσει,
913 2577 1047 2628 πᾶσι
1090 2577 1341 2645 φανερόν.
1391 2578 1803 2651 Ἀκριϐέστερω

230 2665 343 2736 γὰρ
372 2666 537 2717 θέλων
568 2666 710 2729 ίδεῖν,
740 2666 987 2737 ἀπέφησε
1021 2666 1098 2719 τὼ
1130 2667 1411 2739 ὀφθαλμὼ,
1435 2670 1529 2723 καὶ
1565 2672 1802 2742 προσῆλ-

229 2753 326 2808 θεν
356 2754 665 2826 ὲγγύτερον,
693 2756 785 2807 καὶ
810 2756 1138 2809 ὲπιλλίσατο.
1175 2759 1284 2810 Καὶ
1318 2758 1423 2829 μὴν
1454 2759 1700 2830 ήδόμενοί
1736 2779 1799 2830 γε

229 2846 328 2897 καὶ
356 2845 643 2908 πονοῦντες
688 2845 861 2916 ἴσμεν.
906 2846 1040 2899 Οὑδὲ
1075 2846 1182 2917 γὰρ
1221 2842 1329 2899 οἷόν
1356 2865 1414 2900 τε
1450 2849 1539 2901 τὸν
1575 2851 1799 2920 καιόμε-

230 2954 322 2989 νον
355 2936 389 3007 ἢ
421 2936 743 3007 τεμνόμενον
791 2937 1021 3005 ἀγνοεῖν.
1076 2938 1186 3000 Τάς
1236 2938 1292 2990 δὲ
1341 2937 1404 3009 δὴ
1449 2941 1671 3010 μνήμας
1708 2942 1801 2995 καὶ

229 3030 563 3099 ἀναμνήσεις
593 3030 672 3091 τίς
700 3030 798 3082 οὑκ
821 3028 886 3081 ἂν
922 3029 1053 3099 φαίη
1100 3029 1216 3100 μεθ’
1259 3030 1577 3100 ὑπολήψεως
1616 3033 1799 3101 γίγνε-

232 3121 392 3185 σθαι;
419 3121 551 3192 Περὶ
583 3123 678 3192 μὲν
709 3123 817 3193 γὰρ
844 3122 950 3175 τῶν
1001 3122 1192 3175 κοινῶν
1222 3123 1571 3188 ἐννοιῶν,.ὃτι
1609 3126 1669 3178 τὸ
1698 3143 1797 3178 τοι·
1824 3159 1865 3215 C

228 3213 387 3266 οὖτον
440 3212 720 3283 ἄνθρωπός
750 3214 917 3275 ἐστιν,
952 3212 1030 3265 ἔτι
1059 3213 1115 3266 δὲ
1168 3214 1428 3284 περὶτῶν
1480 3215 1796 3287 ἐπιστημῶν

232 3307 327 3358 καὶ
359 3307 579 3376 τεχνῶν,
638 3307 690 3358 τί
728 3306 873 3374 λέγοι
904 3323 984 3369 τις
1015 3306 1107 3371 ἄν;
1134 3308 1284 3359 οὐδὲν
1316 3307 1423 3378 γὰρ
1457 3304 1523 3379 ἦν
1570 3308 1794 3374 τούτων,

232 3398 283 3449 εί
337 3395 411 3466 μὴ
468 3396 802 3466 πεφύκειμεν
850 3394 1271 3465 ὑπολαμϐάνειν.
1321 3396 1458 3448 Ἀλλ’
1510 3397 1682 3467 ἔγωγε
1726 3399 1799 3452 ἐῶ

234 3487 419 3541 τᾶλλα.
460 3489 583 3551 Τοῖς
615 3489 794 3559 μέντοι
822 3489 1131 3558 λεγομένοις
1155 3489 1257 3541 ὑπὸ
1282 3490 1481 3541 τούτων
1512 3490 1603 3543 ὲάν
1626 3509 1682 3544 τε
1712 3510 1799 3543 πι-

238 3577 534 3648 στεύωμεν,
566 3579 657 3631 ὲάν
682 3596 740 3631 τε
776 3579 1111 3649 ἀπιστῶμεν,
1145 3579 1456 3648 ἀναγκαίως
1497 3580 1607 3651 ἔχει
1646 3580 1797 3646 δοξά-

236 3670 348 3732 ζειν
380 3671 553 3740 πάντη
596 3688 653 3723 τε
684 3672 775 3724 καὶ
804 3671 1033 3735 πάντως.
1092 3672 1211 3725 Ὅτι
1271 3671 1368 3741 μὲν
1401 3668 1493 3726 οὖν
1526 3674 1798 3744 ἀμήχανόν

235 3763 352 3814 ἐστι
383 3761 683 3830 φιλοσοφεῖν
715 3761 803 3814 τὸν
832 3762 1031 3832 τρόπον
1061 3761 1244 3815 τοῦτον
1268 3802 1282 3826 ,
1320 3763 1575 3834 φανερόν⁸
1620 3764 1700 3816 ὅτι
1742 3764 1798 3816 δὲ

234 3854 329 3906 καὶ
362 3852 509 3923 παρά
535 3852 715 3920 φύσιν,
744 3853 837 3905 καὶ
867 3852 1015 3923 παρά
1044 3854 1170 3916 τοὺς
1192 3853 1403 3923 νόμους,
1444 3854 1537 3906 ὡδὶ
1566 3854 1797 3906 κατίδοι-

238 3960 338 4012 μεν
376 3943 460 3996 ἄν.
492 3944 554 3995 Εἰ
584 3943 681 4013 μὲν
713 3942 820 4013 γὰρ
872 3943 942 4013 τῷ
975 3942 1085 3995 όντι
1138 3942 1205 3996 τὰ
1237 3945 1535 4014 πράγματα
1579 3945 1799 3997 τοιαῦτα

234 4035 342 4105 εἰη,
363 4034 414 4085 τί
446 4034 627 4086 λοιπὸν
653 4033 764 4086 ἀλλ’
797 4035 829 4105 ἦ
860 4034 1107 4105 καθάπερ
1130 4036 1186 4087 ἐν
1212 4035 1363 4105 ὕπνῳ
1388 4033 1484 4106 ζῇν
1509 4035 1652 4106 ἡμᾶς
1677 4035 1798 4105 εικῆ

234 4126 330 4178 καὶ
358 4125 724 4195 ὲμπλήκτως;
760 4124 899 4177 ὥστε
946 4125 1229 4196 φλυαροῖεν
1279 4125 1343 4179 ἂν
1402 4127 1448 4178 oi
1492 4126 1796 4196 νομοθέται,

122 4215 137 4231 ⁶
235 4218 331 4269 καὶ
351 4216 663 4289 στρατηγοὶ,
694 4218 787 4269 καὶ
812 4219 858 4269 οἱ
895 4216 1258 4281 παιδεύοντες.
1311 4216 1447 4269 Ἀλλ’
1491 4216 1675 4288 ἔμοιγε
1716 4218 1801 4271 δο-

236 4309 423 4362 κοῦσιν
441 4312 489 4361 οἱ
523 4310 619 4379 μὲν
647 4309 794 4363 ἄλλοι
820 4311 1016 4372 πάντες
1040 4309 1313 4379 ἄνθρωποι
1330 4309 1428 4379 ζῇν
1453 4309 1592 4363 κατά
1619 4311 1797 4378 φύσιν,

239 4402 388 4472 μόνοι
417 4402 597 4472 μέντοι
624 4401 997 4471 τετυφῶσθαι,
1033 4402 1228 4471 μᾶλλον
1267 4402 1323 4454 δὲ
1359 4402 1653 4473 μεμηνέναι
1702 4422 1802 4473 μα-

1904 1948 2042 1995 sese.
2076 1934 2279 1987 insulse
2313 1932 2475 1986 faciat
2499 1948 2560 1987 ea
2593 1932 2684 2000 qui
2720 1940 2921 1985 utetur.
2970 1930 3267 1996 Quiescant
3297 1928 3459 1999 igitur
3549 1938 3560 1952 ·

1904 2022 2012 2086 isti,
2050 2038 2111 2076 ac
2143 2039 2209 2077 ne
2245 2024 2458 2077 hiscant
2487 2023 2724 2091 quidem.
2760 2022 2996 2076 Tametsi
3036 2036 3135 2075 nec
3162 2021 3458 2089 pharmaco

1904 2111 1978 2165 illi
2008 2128 2115 2181 quo
2140 2128 2438 2180 purgamur
2491 2113 2719 2167 istorum
2771 2112 2908 2166 ratio
2952 2110 3129 2165 simile
3160 2110 3458 2179 quidquam

1905 2202 2083 2256 habet.
2116 2200 2249 2256 Nam
2276 2203 2347 2256 ita
2394 2202 2744 2271 pharmacum
2786 2202 3121 2265 excernitur,
3150 2209 3209 2254 ut
3244 2204 3297 2253 in
3338 2215 3460 2253 cor—

1902 2309 2034 2364 pore
2061 2295 2282 2349 minime
2312 2295 2548 2348 resideat
2585 2313 2597 2347 :
2630 2295 2742 2347 hac
2784 2294 2923 2346 ratio
2964 2301 3016 2345 et
3040 2293 3228 2347 eadem
3256 2291 3459 2345 haereat

1905 2386 1956 2438 in
1988 2394 2165 2439 mente
2199 2401 2431 2454 semper,
2464 2397 2516 2439 et
2549 2386 2703 2439 ﬁdem
2742 2401 2769 2438 a
2804 2385 2961 2439 nohis
3001 2393 3314 2454 perpetuam
3351 2383 3456 2436 im-

1903 2484 2092 2545 petret,
2125 2490 2345 2530 necesse
2373 2484 2475 2540 est,
2524 2476 2665 2543 quod
2693 2491 2753 2529 ea
2806 2491 2906 2530 nos
2954 2476 3068 2529 sola
3104 2491 3171 2529 ne
3200 2476 3455 2543 cuiquam

1903 2567 2261 2621 assentiamur
2283 2566 2497 2620 alliciat.
2540 2564 2711 2619 Porro
2762 2581 2924 2636 quam
2982 2580 3049 2620 ne
3100 2566 3187 2620 isti
3234 2564 3456 2635 quidem

1903 2656 2156 2725 opinandi
2186 2656 2291 2709 vim
2319 2656 2523 2709 homini
2555 2656 2806 2725 eripiant,
2839 2655 2918 2708 vel
2955 2671 3019 2709 ex
3064 2670 3129 2709 eo
3164 2655 3454 2725 intelligas.

1902 2744 2002 2811 Qui
2030 2744 2212 2806 sentit,
2240 2743 2382 2798 idem
2412 2755 2470 2798 ut
2510 2759 2576 2797 ne
2602 2744 2800 2797 sentiat
2829 2744 2941 2798 ﬁeri
2986 2744 3134 2799 nullo
3162 2745 3324 2799 modo
3368 2759 3458 2812 po-

1900 2844 2042 2889 test:
2074 2837 2273 2890 sentire
2299 2844 2477 2888 autem
2518 2850 2842 2905 cognoscere
2886 2843 2990 2889 est.
3031 2837 3101 2887 At
3138 2850 3232 2889 eos
3274 2834 3455 2890 sensui

1898 2928 2057 2982 fidem
2094 2927 2291 2981 habere
2318 2942 2477 2979 nemo
2513 2941 2619 2979 non
2652 2927 2815 2980 videt.
2856 2924 2991 2978 Nam
3041 2935 3101 2978 ut
3130 2925 3331 2979 certius
3359 2925 3459 2978 ali-

1899 3019 2026 3088 quid
2066 3017 2263 3071 intueri
2315 3017 2560 3086 possint,
2616 3032 2738 3071 cum
2781 3030 3012 3086 purgare
3058 3016 3286 3079 oculos,
3338 3024 3455 3069 tum

1899 3112 2059 3165 etiam
2091 3112 2349 3164 accedere
2377 3110 2618 3178 propius,
2637 3124 2700 3162 ac
2720 3107 2948 3162 subinde
2976 3107 3230 3162 nietando
3260 3107 3455 3160 intueri

1899 3203 2093 3257 solent.
2125 3200 2265 3267 Quid
2294 3202 2434 3271 quod
2487 3211 2732 3254 nostrum
2767 3199 2867 3268 ipsi
2905 3210 3011 3253 tam
3055 3198 3255 3253 hetitiae
3291 3214 3455 3267 quam

1899 3295 2104 3351 doloris
2134 3310 2357 3349 sensum
2397 3294 2687 3347 novimus?
2714 3290 2824 3345 Nec
2847 3292 2991 3345 enim
3027 3290 3141 3344 fieri
3171 3291 3361 3359 possit,
3399 3300 3457 3345 ut

1898 3405 2016 3445 sese
2040 3390 2123 3443 uri
2150 3389 2273 3458 quis
2299 3396 2391 3441 aut
2414 3386 2586 3440 secari
2619 3384 2845 3439 nesciat.
2874 3383 3186 3437 Memoriam
3209 3384 3455 3437 similiter

1900 3499 1963 3538 ac
2008 3482 2436 3537 recordationem
2492 3479 2616 3547 quis
2660 3493 2764 3531 non
2792 3477 3193 3531 existimatione
3226 3478 3454 3545 conjun-

1900 3582 2040 3628 ctam
2094 3586 2213 3625 esse
2266 3569 2507 3623 dixerit?
2546 3567 2684 3633 Quid
2746 3568 2813 3622 de
2870 3567 3147 3623 communi
3212 3568 3454 3621 omnium

1900 3678 2085 3725 sensu,
2120 3661 2213 3731 qui
2253 3660 2519 3730 ejusmodi
2580 3659 2851 3713 hominem
2887 3674 3008 3713 esse
3051 3659 3278 3723 clamat;
3326 3658 3460 3729 quid

1899 3755 1965 3808 de
2016 3754 2229 3808 artibus
2279 3750 2653 3820 doctrinisque
2696 3750 2942 3805 dicetur?
2988 3748 3215 3804 Istorum
3261 3752 3459 3820 quippe

1900 3844 2038 3897 nihil
2092 3844 2440 3905 haberemus,
2493 3842 2597 3897 nisi
2646 3856 2675 3896 a
2727 3854 2923 3895 natura
2971 3842 3316 3897 existimandi
3349 3844 3457 3896 vim

1900 3934 2244 3988 haberemus.
2278 3934 2347 3987 At
2381 3936 2535 3987 mitto
2568 3942 2781 3991 caetera.
2814 3933 2942 3987 dum
2976 3935 3080 3987 hoc
3131 3950 3295 3987 unum
3345 3950 3461 3988 ma-

1900 4034 2045 4090 neat,
2079 4025 2237 4079 lidem
2270 4037 2329 4079 ut
2379 4025 2444 4078 iis
2485 4025 2597 4085 sive
2650 4026 2967 4085 habeamus.
3013 4025 3126 4079 sive
3178 4041 3456 4095 negemus,

1901 4118 2161 4186 opinandi
2207 4116 2519 4172 facultatem
2568 4119 2879 4172 necessario
2930 4118 3087 4173 nobis
3136 4133 3254 4173 esse
3293 4117 3467 4171 relin~

1901 4210 2197 4279 quendam.
2232 4208 2505 4265 Hactenus
2540 4210 2703 4278 igitur
2753 4210 2953 4263 nullam
2982 4209 3250 4279 ejusmodi
3284 4208 3462 4277 philo-

1902 4302 2164 4371 sophandi
2194 4305 2458 4380 rationem
2505 4315 2625 4354 esse
2678 4316 2835 4369 posse
2881 4301 3239 4353 ostendimus.
3286 4299 3458 4365 Quam

1902 4394 2090 4448 eadem
2124 4394 2324 4447 rationi
2365 4409 2428 4446 ac
2460 4391 2668 4461 legibus
2710 4393 3047 4456 adversetur,
3082 4393 3208 4445 hinc
3253 4391 3457 4460 accipe.

236 4495 356 4549 νίαν
372 4493 686 4564 ἐρρωμένην
708 4496 755 4545 οἱ
778 4492 948 4546 ταῦτα
966 4492 1274 4563 ληροῦντες.
1305 4493 1416 4563 Οὐχ
1444 4494 1641 4563 ἥκιστα
1674 4494 1801 4563 μέν-

1905 4485 2040 4539 Nam
2082 4486 2127 4538 si
2154 4500 2278 4537 vere
2302 4484 2373 4537 ita
2402 4500 2488 4538 res
2523 4484 2779 4546 habeant,
2818 4484 2946 4552 quid
2989 4484 3136 4537 aliud
3190 4490 3458 4551 superest,

234 4601 317 4636 τοι
345 4584 499 4636 τοῦτο
524 4581 823 4652 καταμάθοι
849 4599 932 4644 τις
958 4582 1021 4633 ἂν
1050 4581 1321 4635 κάκεῖθεν.
1368 4582 1665 4650 Ἀντίγονος
1691 4584 1799 4653 γὰρ

235 4679 264 4729 6
296 4675 602 4747 Καρύστιος
638 4674 774 4728 κατά
827 4675 950 4736 τοὺς
982 4674 1174 4736 αὑτοὺς
1218 4672 1504 4742 γενόμενος
1553 4674 1794 4743 χρόνους,

237 4768 330 4819 καὶ
365 4764 679 4837 ἀναγράψας
713 4763 891 4817 αὐτῶν
935 4764 1024 4816 τὸν
1053 4764 1165 4833 βίον
1186 4803 1201 4825 ,
1231 4764 1364 4833 φησὶ
1395 4762 1484 4815 τὸν
1530 4764 1796 4835 Πύρρωνα

236 4857 558 4926 διωκόμενον
610 4856 713 4908 ὑπὸ
767 4855 948 4917 κυνὸς,
982 4854 1277 4923 ἀναφυγεῖν
1318 4854 1409 4906 ἐπί
1463 4872 1514 4907 τι
1547 4856 1793 4928 δένδρον·

240 4950 617 5019 σκωπτόμενον
649 4948 693 5000 δ’
727 4947 830 5001 ὑπὸ
860 4946 968 5000 τῶν
1002 4946 1282 5016 παρόντων
1303 4987 1317 5011 ,
1353 4950 1525 5000 εἰπεῖν
1549 4989 1561 5012 ,
1596 4948 1669 5011 ὡς
1702 4967 1800 5020 χα-

238 5040 400 5093 λεπὸν
448 5042 532 5111 εἴη
583 5041 673 5093 τὸν
723 5039 1007 5109 ἄνθρωπον
1036 5037 1271 5091 ἐκδῦναι.
1303 5039 1554 5111 Φιλίστης
1597 5040 1651 5092 δὲ
1701 5041 1800 5111 τῆς

239 5130 468 5200 ἀδελφῆς
497 5130 654 5183 αὑτοῦ
685 5129 933 5200 θυούσης,
958 5129 1145 5182 ἔπειτα
1165 5128 1272 5182 τῶν
1298 5131 1467 5199 φίλων
1494 5130 1635 5193 τινὸς
1667 5132 1798 5183 ὑπο-

242 5223 503 5291 σχομένου
527 5222 593 5274 τά
624 5222 755 5293 πρὸς
783 5220 880 5292 τὴν
914 5220 1121 5283 θυσίαν,
1149 5221 1243 5273 καὶ
1267 5223 1340 5294 μὴ
1364 5221 1796 5293 παρασχομένου.

240 5310 345 5363 Τοῦ
386 5311 563 5382 μέντοι
593 5312 881 5382 Πύρρωνος
918 5310 1217 5383 πριαμένου
1239 5351 1253 5375 ,
1302 5313 1395 5366 καὶ
1430 5310 1798 5380 ἀγανακτοῦν-

239 5419 349 5466 τος,
375 5404 668 5475 ἐπειδήπερ
691 5405 719 5455 6
745 5402 894 5471 φίλος
921 5402 1125 5470 ἔλεγεν,
1156 5404 1228 5466 ὡς
1259 5405 1320 5455 οὑ
1358 5404 1638 5472 ποιήσαιτο
1667 5402 1801 5472 σύμ-

240 5510 391 5562 φωνα
442 5495 550 5553 τοῖς
600 5493 798 5560 λόγοις,
829 5490 934 5543 οὐδ’
984 5490 1109 5558 ἄξια
1155 5492 1251 5561 τῆς
1284 5489 1580 5552 ἀπαθείας·
1630 5491 1800 5541 εἰπεῖν

240 5586 399 5641 αὑτόν
421 5603 433 5615 ·
479 5585 565 5638 Ἐν
589 5583 719 5653 γοῦν
744 5583 960 5654 γυναικὶ
995 5586 1056 5637 οὑ
1086 5584 1165 5636 δεῖ
1200 5581 1295 5651 τὴν
1330 5579 1595 5645 ἀπόδειξιν
1631 5580 1801 5651 αὐτῆς

240 5676 526 5733 ποιεῖσθαι.
562 5677 751 5731 Καίτοι
780 5677 1003 5743 δικαίως
1037 5678 1102 5731 ἂν
1131 5672 1280 5729 εἶπεν
1302 5677 1330 5727 6
1359 5674 1508 5744 φίλος
1532 5715 1545 5739 ,
1592 5678 1671 5730 ὅτι
1700 5694 1803 5747 μα-

242 5772 365 5825 ταία
396 5776 487 5826 καὶ
518 5776 575 5828 ἐν
600 5774 837 5842 γυναικὶ,
871 5773 962 5826 καὶ
996 5771 1133 5832 κυνὶ,
1159 5769 1251 5823 καὶ
1283 5770 1463 5823 πᾶσιν.
1498 5770 1561 5822 Εἰ
1608 5768 1669 5839 δή
1720 5785 1800 5822 σοι

1905 4576 2009 4629 nisi
2039 4582 2099 4628 ut
2131 4577 2231 4637 sic,
2260 4583 2518 4642 tanquam
2552 4575 2604 4627 in
2654 4589 2869 4637 somno,
2912 4585 3115 4629 temere
3161 4573 3462 4642 slolideque

1906 4664 2185 4719 vivamus?
2235 4662 2515 4733 Nugentur
2553 4664 2829 4717 enimvero
2879 4664 3253 4734 legislatures;
3296 4665 3460 4718 duces

1905 4766 2371 4828 praeceptoresque
2395 4765 2682 4825 nugentur.
2717 4755 2977 4825 Equidem
3006 4756 3142 4809 alios
3172 4772 3362 4809 omnes
3395 4771 3462 4809 ex

1905 4860 2110 4904 naturae
2145 4852 2457 4919 prmscripto
2497 4850 2662 4903 vitam
2712 4852 2992 4905 instituere
3031 4851 3248 4916 sentio;
3296 4852 3461 4904 ratio-

1904 4958 2028 4996 nem
2079 4942 2214 4995 hanc
2255 4941 2693 5010 philosophorum
2724 4958 2886 4995 uuam
2916 4958 3037 5011 quae
3069 4952 3178 4996 tam
3226 4943 3461 4997 absurda

1904 5033 2178 5101 loquatur,
2229 5033 2481 5095 delirare,
2527 5044 2621 5088 aut
2669 5033 2853 5103 potius
2887 5033 3233 5087 vehementer
3282 5033 3463 5086 furere

1905 5134 2103 5179 statuo.
2134 5123 2288 5190 Quod
2347 5124 2522 5194 ipsum
2557 5140 2623 5179 ex
2676 5124 2923 5193 sequenti
2971 5122 3267 5193 Pyrrhonis
3327 5122 3466 5178 facto

1905 5218 2141 5271 maxime
2170 5217 2955 5287 intelliges.Antigonus763
2986 5217 3126 5270 enim
3158 5215 3461 5287 Carystius,

1906 5308 1997 5377 qui
2028 5306 2130 5361 sub
2154 5307 2339 5361 eadem
2371 5308 2582 5361 vivebat
2609 5318 2874 5377 tempora,
2904 5307 3107 5376 quique
3138 5307 3353 5360 illorum
3382 5308 3464 5359 vi-

1907 5410 2016 5453 tam
2045 5399 2391 5467 conscripsit,
2435 5397 2771 5469 Pyrrhonem
2805 5405 3230 5463 commemorat,
3261 5408 3318 5451 ut
3344 5412 3466 5452 sese

1908 5488 2213 5557 insequenti
2263 5488 2385 5542 cani
2438 5490 2703 5556 eriperet,
2755 5490 3048 5557 quamdam
3097 5486 3162 5539 ad
3214 5488 3465 5540 arborem

1908 5579 2224 5650 confugisse
2255 5597 2270 5633 :
2304 5595 2412 5649 qua
2439 5579 2506 5632 de
2541 5593 2705 5631 causa
2738 5594 2862 5633 eum
2903 5579 2971 5632 ab
3000 5577 3064 5632 iis
3094 5577 3185 5647 qui
3210 5579 3463 5644 aderant,

1909 5675 2195 5736 rideretur,
2235 5687 2377 5742 aegre
2415 5672 2706 5726 admodum
2754 5670 3025 5725 hominem
3067 5671 3190 5726 exui
3242 5685 3464 5740 respon-

1909 5765 2070 5822 disse.
2094 5763 2381 5829 Przeterea,
2412 5778 2533 5817 cum
2562 5762 2786 5819 Philisla
2811 5763 2928 5833 ejus
2958 5779 3110 5819 soror
3140 5762 3464 5818 sacrificium
