4034 6390
632 353 773 407 1255

1268 347 1542 409 EUSEBJ
1581 346 2063 407 msmmnsns
2100 346 2249 405 orr.
2294 351 2475 407 PARS
2515 351 2574 407 ιι.
2621 382 2686 393 -
2732 346 3255 409 APOLOGETICA.

3764 356 3880 414 l256

629 471 937 533 adornaret,
967 469 1255 538 quemdam
1290 487 1354 523 ex
1378 470 1591 536 amicis,
1621 471 1713 539 qui
1743 486 1828 525 res
1850 470 1915 523 ad
1945 469 2073 523 illud
2099 486 2173 523 ne-

2293 471 2405 523 τῶν
2450 471 2621 540 λόγων
2663 470 2868 525 τούτων
2904 471 3053 525 ἐστὶν
3080 469 3318 539 ὄφελος,
3372 467 3556 537 ὀρθῶς
3589 469 3639 535 γ’
3666 469 3767 538 ἔχει
3801 491 3879 543 μα-

627 559 894 612 ressarias
919 559 1188 628 pollicitus
1211 557 1385 613 fuerat
1410 599 1425 622 ,
1478 559 1767 629 promissis
1802 575 1911 613 non
1957 559 2192 613 stetisse.

626 649 957 721 Pyrrhonem
986 651 1148 719 igitur
1174 667 1268 706 eos
1304 660 1554 721 sumptus
1576 650 1753 705 facere
1778 660 2050 716 coactum,
2072 666 2196 720 gra-

624 744 763 797 viter
812 743 863 797 id
904 745 1204 813 acerbeque
1251 759 1376 797 cum
1413 743 1598 807 ferret,
1635 758 1701 796 ex
1752 757 1851 796 suo
1887 742 1979 795 illo
2018 742 2195 795 amico

624 834 884 899 audiisse,
915 849 1106 903 parum
1136 850 1194 887 se
1230 835 1449 889 omnino
1495 849 1717 889 suorum
1746 849 1813 887 ex
1853 834 2195 887 decretorum

622 927 941 994 praescripto
972 926 1172 991 facere,
1207 937 1370 995 atque
1394 926 1463 980 ab
1487 928 1635 979 omni
1668 926 2076 995 perturbatione
2108 942 2196 978 va-

622 1032 783 1071 cuum
818 1020 1121 1073 ostendere.
1153 1017 1289 1072 Tum
1320 1020 1596 1073 enimvero
1632 1018 1963 1090 Pyrrhonem
1986 1018 2191 1071 homini

622 1109 951 1178 reposuisse.
981 1111 1143 1179 hujus
1172 1112 1249 1165 rei
1280 1112 1436 1166 fidem
1460 1112 1512 1165 in
1541 1111 1873 1165 mulierculae
1886 1125 2051 1163 causa
2078 1109 2190 1163 ﬁeri

621 1216 730 1255 non
757 1202 971 1258 debere.
1000 1201 1098 1256 Cui
1135 1218 1266 1257 sane
1310 1204 1519 1257 amicus
1548 1202 1637 1256 ille
1677 1217 1811 1256 suus
1840 1202 2037 1254 merito
2073 1217 2190 1255 res-

620 1290 902 1358 ponderet,
929 1292 979 1345 in
1011 1293 1269 1355 muliere,
1305 1292 1358 1345 in
1396 1307 1550 1357 cane,
1580 1292 1632 1344 in
1668 1292 1892 1359 reliquis
1937 1292 2191 1346 omnibus

620 1382 781 1437 inane
816 1392 987 1438 totum
1040 1388 1140 1439 hoc
1183 1384 1493 1453 disputandi
1525 1398 1694 1451 genus
1744 1382 2005 1435 futurum.
2033 1381 2187 1449 Quod

617 1475 661 1528 si
693 1475 1011 1528 nonnullum
1060 1476 1154 1528 tibi
1195 1490 1372 1543 operae
1413 1474 1644 1543 pretium
1693 1488 1757 1526 ex
1802 1473 1903 1527 hac
1940 1474 2188 1527 oratione

617 1563 859 1620 futurum
892 1567 1123 1633 videtur,
1161 1568 1301 1621 haud
1330 1568 1428 1621 abs
1467 1582 1526 1620 re
1558 1566 1744 1630 fuerit,
1775 1574 1886 1619 tum
1911 1580 2051 1634 quos
2088 1565 2187 1618 lia-

614 1656 794 1711 buerit
828 1659 930 1713 iste
957 1669 1274 1721 sectatores,
1311 1667 1423 1712 tum
1451 1673 1589 1727 quos
1621 1656 1909 1711 aemulalus
1932 1657 2047 1726 ipse
2074 1654 2188 1709 fue-

2302 560 2441 623 θεῖν,
2486 563 2579 615 καὶ
2623 564 2767 627 τινες
2806 564 2857 614 οἱ
2890 559 3250 632 ζηλώσαντες
3288 558 3460 610 αὐτὸν
3504 558 3773 626 ἐγένοντο,
3808 569 3881 619 καὶ

2299 648 2451 715 τίνας
2478 653 2747 723 ἐζήλωσεν
2771 653 2934 716 αὑτός
2994 653 3051 705 '0
3082 653 3194 723 μὲν
3231 647 3336 703 οὖν
3368 650 3608 720 Πύρρων
3653 652 3880 728 suae,»

2300 759 2395 811 χου
2417 744 2563 806 τινὸς
2591 744 2803 811 ἐγένετο
2846 744 3109 815 μαθητὴς,
3144 744 3213 805 ὃς
3236 743 3304 795 τὸ
3340 742 3444 811 μὲν
3479 741 3694 811 πρῶτον
3718 739 3778 816 ἦν
3807 748 3883 813 ζω-

2298 834 2543 904 γράφος,
2575 834 2683 886 οὐδ’
2723 834 2895 897 οὕτως
2932 836 3197 905 εὐτυχὴς,
3244 834 3453 887 ἔπειτα
3488 838 3602 897 τοῖς
3644 840 3882 911 Δημοκρι-

2296 940 2389 977 του
2445 924 2669 993 βιϐλίδις
2699 926 2953 995 ἐντυχὼν,
2984 928 3231 998 χρηστὸν
3257 925 3368 996 μὲν
3384 924 3545 977 οὐδὲν
3579 924 3699 979 οὔτε
3731 925 3879 1001 εὗρεν⁹

2296 1015 2418 1068 οὔτε
2449 1016 2649 1089 ἔγραψε
2672 1058 2685 1079 ,
2736 1018 2921 1081 κακῶς
2957 1019 3014 1071 δὲ
3050 1020 3277 1081 πάντας
3308 1013 3442 1070 εἶτ-,ε
3487 1020 3585 1071 καὶ
3634 1020 3779 1083 θεοὺς
3808 1027 3883 1078 καὶ

2295 1104 2633 1176 ἀνθρώπους.
2662 1105 2834 1171 Αὐτὸς
2860 1108 2903 1160 δ’
2936 1108 3161 1179 ὓστερον
3200 1108 3413 1162 τοῦτον
3436 1108 3533 1160 τὸν
3563 1108 3729 1178 τῦφον
3758 1130 3882 1183 περι-

2297 1197 2640 1267 ϐαλλόμενος,
2669 1199 2759 1251 καί
2779 1200 2959 1253 καλῶν
2989 1200 3193 1271 ἄτυφον
3217 1200 3451 1265 ἑαυτὸν,
3475 1198 3629 1252 οὐδὲν
3646 1204 3699 1253 ὲν
3724 1210 3880 1278 γραφῇ

2295 1289 2608 1344 κατέλιπεν.
2654 1291 2900 1358 Ἐγένετο
2934 1292 2989 1344 δὲ
3016 1292 3277 1363 μαθητὴς
3302 1291 3484 1344 αὐτοῦ
3527 1286 3715 1361 Τίμων
3749 1295 3881 1350 Φλιά-

2296 1398 2427 1444 σιος,
2453 1381 2511 1445 ὃς
2540 1382 2601 1433 τὸ
2630 1383 2730 1451 μὲν
2776 1384 3292 1455 πρῶτονιὲχόρευεν
3337 1386 3401 1436 ὲν
3456 1385 3571 1446 τοῖς
3622 1384 3877 1455 Osismi;-

2293 1472 2482 1525 ἔπειτα
2502 1473 2547 1526 δ’
2583 1471 2819 1542 ἐντυχὼν
2846 1476 2995 1545 αὐτῷ
3015 1516 3029 1539 ,
3077 1474 3441 1543 συνέγραψεν
3494 1474 3763 1543 ἀργαλέας
3794 1493 3879 1530 πα-

2298 1563 2492 1635 ρῳδίας
2517 1566 2611 1617 καὶ
2643 1564 3002 1635 βωμολόχους,
3030 1568 3087 1619 ὲν
3110 1561 3198 1631 αἷς
3230 1566 3533 1636 βεϐλασφή
3544 1584 3681 1637 μηκε
3701 1570 3877 1633 πάντας

2294 1658 2420 1719 τοὺς
2451 1656 2668 1709 πώποτε
2722 1658 3209 1729 φιλοσοφήσαντας.
3252 1655 3440 1723 Οὗτος
3489 1661 3601 1731 γὰρ
3630 1656 3697 1731 ἦν
3718 1664 3744 1713 ὀ
3774 1666 3877 1727 τοὺς

615 1749 715 1815 rit,
783 1766 1129 1819 cognoscere.
1204 1749 1329 1804 Fuit
1404 1750 1567 1820 igitur
1620 1747 1829 1818 Pyrrho
1899 1747 2173 1816 cujusdan

2292 1747 2554 1813 Σίλλους
2579 1748 2816 1820 γράψας,
2848 1753 2944 1803 καὶ
2964 1751 3137 1819 λέγων
3157 1769 3171 1783 ·

612 1843 920 1897 Anaxarchi
958 1842 1259 1909 discipulus
1292 1860 1306 1897 :
1339 1856 1402 1897 ac
1437 1842 1670 1911 primum
1707 1840 1924 1909 quidem
1960 1840 2188 1908 picturae
2224 1852 2445 1907 operam
2470 1837 2636 1902 dedit,
2681 1850 2735 1893 at
2785 1855 3039 1894 successu
3091 1857 3292 1910 parum
3357 1840 3529 1894 laeto:
3558 1843 3872 1909 postmodum

613 1953 739 1992 vero
772 1937 824 1989 in
855 1936 1143 1991 Democriti
1168 1938 1333 1990 libros
1360 1950 1482 1990 cum
1511 1933 1810 1996 incidisset,
1851 1931 1985 1985 nihil
2015 1939 2108 1983 aut
2135 1929 2189 1982 in
2230 1931 2295 1983 iis
2330 1930 2456 1983 boni
2492 1930 2713 2000 reperit,
2744 1942 2839 1986 aut
2868 1932 2980 2000 ipse
3012 1934 3379 2003 conscripsit,
3446 1932 3545 1986 sed
3601 1936 3726 1989 deos
3780 1944 3871 1989 tan-

614 2044 725 2084 tum
783 2032 1141 2099 hominesque
1202 2043 1394 2082 omnes
1445 2026 1795 2081 contumeliis
1844 2039 1909 2078 ac
1969 2024 2184 2092 probris
2218 2024 2480 2077 oneravit.
2516 2023 2658 2077 Idem
2693 2034 2878 2093 postea
2932 2040 3057 2078 cum
3127 2026 3231 2080 hoc
3274 2024 3471 2080 fastus
3505 2039 3699 2095 genere
3740 2026 3868 2082 labo-

612 2130 779 2185 raret,
814 2136 875 2175 ac
898 2135 1018 2175 sese
1047 2130 1227 2174 tamen
1253 2118 1320 2171 ab
1352 2118 1502 2170 omni
1538 2115 1679 2170 fastu
1710 2130 1939 2170 vacuum
1963 2115 2185 2176 diceret,
2228 2113 2431 2180 scripto
2456 2115 2674 2185 reliquit
2694 2115 2847 2169 nihil.
2876 2114 2927 2169 ls
2968 2116 3307 2184 discipulum
3353 2116 3556 2170 habuit
3611 2114 3861 2173 Timonem

610 2214 933 2277 Phliasium,
966 2214 1058 2282 qui
1090 2227 1211 2266 cum
1270 2221 1425 2265 antea
1481 2210 1792 2264 saltatorem
1847 2218 2031 2277 ageret
2055 2208 2109 2261 in
2170 2208 2373 2274 scenis,
2417 2209 2508 2262 tibi
2553 2210 2750 2263 deinde
2805 2209 3081 2263 hominem
3127 2210 3446 2275 audiisset,
3493 2212 3771 2267 mordaces
3820 2224 3864 2267 et

610 2306 885 2360 aculeatos
917 2317 1109 2357 versus
1158 2301 1345 2365 edidit,
1390 2299 1590 2370 quibus
1620 2308 1787 2354 totam
1835 2298 2181 2366 superiorum
2254 2300 2708 2369 philosophorum
2755 2302 3032 2355 nationem
3072 2302 3509 2371 proscindebat.
3584 2302 3702 2358 Fuit
3738 2306 3858 2361 enim

610 2401 657 2455 is
685 2397 943 2453 Sillorunt
978 2403 1189 2459 auctor,
1218 2408 1453 2463 quorum
1494 2407 1524 2447 e
1552 2405 1783 2446 numero
1828 2402 1958 2448 sunt
1988 2392 2082 2463 qui
2125 2402 2451 2462 sequuntur,

619 2513 718 2569 Vos
754 2529 913 2584 genus
940 2510 1147 2582 infelix,
1184 2518 1475 2578 nostraeque
1508 2507 1731 2577 infamia
1760 2509 1904 2571 vim.

611 2648 724 2702 Nec
746 2648 850 2701 nisi
880 2654 1056 2701 ratter
1082 2646 1244 2710 iners,
1268 2649 1426 2697 aucto
1449 2660 1515 2697 ex
1535 2657 1821 2696 certamine
1846 2642 1981 2699 ﬁcti.

609 2742 695 2805 Et,

679 2834 879 2904 Quippe
899 2832 992 2886 isti
1017 2831 1182 2885 sensit
1209 2829 1350 2899 pleni
1388 2830 1723 2885 mendacibus
1758 2842 1921 2885 utres.

604 2927 675 2981 At
703 2941 828 2981 cum
852 2925 963 2994 jam
1002 2923 1089 2977 isti
1122 2922 1345 2992 perinde
1379 2923 1448 2975 ab
1479 2923 1737 2977 omnibus
1768 2921 1994 2992 neglecti
2022 2920 2175 2991 jace-

607 3029 749 3084 rent,
775 3027 835 3073 ut
864 3018 908 3073 si
939 3015 1170 3071 fuissent
1216 3016 1318 3083 ipsi
1348 3030 1625 3085 nunquam
1652 3056 1670 3081 ,
1712 3015 1919 3070 exsutit
1950 3013 2174 3068 nudius-

606 3112 799 3166 tertius
828 3108 1170 3163 Alexandriae
1228 3104 1446 3177 .‘Egypti
1497 3104 1888 3162 Enesidemus
1928 3106 2172 3178 quidam,

603 3206 697 3273 qui
727 3204 1010 3273 antiquum
1045 3200 1175 3255 illud
1219 3216 1481 3271 nugarum
1513 3215 1684 3270 genus
1720 3214 1977 3255 revocare
2007 3213 2174 3253 cona-

498 3292 501 3295 ’
602 3305 773 3348 retur.
793 3294 968 3363 Atque
991 3292 1049 3346 hi
1083 3290 1196 3346 fere
1224 3301 1354 3345 sunt
1383 3292 1662 3346 communi
1692 3291 1945 3361 Opinione
1973 3290 2174 3358 princi-

3044 2508 3175 2564 κάκ’
3216 2509 3491 2579 ἐλέγχεα
3515 2548 3530 2569 ,
3604 2510 3856 2579 γαστέρες

3509 2576 3672 2632 [olor
3702 2582 3793 2632 (ὅ).

2290 2651 2469 2705 Τοίων
2491 2650 2560 2705 ἐκ
2591 2650 2638 2704 τ’
2660 2650 2890 2719 ἐρίδων.
2914 2652 2983 2705 ἐκ
3001 2667 3063 2704 τε
3084 2649 3416 2720 στοναχῶν
3437 2580 3526 2721 (Ml

2284 2743 2417 2805 Καὶ,

2362 2837 2690 2902 Ἄνθρωποι
2718 2830 2931 2903 κενεὴς
2955 2834 3187 2901 vitiatae
3210 2833 3473 2903 ἔμπλεοι
3513 2839 3710 2887 ἀσκοί.

2281 2942 2525 3013 Μηδενὸς
2570 2943 2614 2995 δ’
2647 2943 3071 3013 ἐπιστραφέντος
3119 2942 3321 3007 αὐτῶν,
3385 2943 3465 3007 ὡς
3494 2945 3544 2995 ει
3583 2942 3709 3013 μηδὲ
3740 2941 3845 3010 ἐτι.

2276 3057 2427 3094 νοντο
2453 3038 2513 3092 τὸ
2545 3041 2826 3110 παράπαν,
2859 3038 3013 3109 ἐχθὲς
3042 3040 3134 3093 καὶ
3164 3039 3361 3112 πρώην
3392 3041 3454 3091 ὲν
3501 3036 3847 3109 Ἀλεξανδρείᾳ

2279 3134 2344 3203 τῇ
2380 3132 2498 3186 κατ’
2532 3132 2806 3199 Αἴγυπτον
2831 3130 3190 3204 Αἰνησίδημός
3227 3152 3311 3197 τις
3351 3130 3735 3203 ἀναζωπυρεῖν
3759 3132 3842 3201 ἦρ-

2281 3225 2406 3290 ξατο
2430 3223 2519 3278 τὸν
2547 3222 2705 3279 ὕθλον
2738 3224 2945 3278 τοῦτον.
2985 3226 3094 3278 Καὶ
3124 3226 3307 3296 σχεδὸν
3345 3229 3397 3279 οἱ
3443 3226 3546 3295 μὲν
3592 3226 3841 3294 κράτισν..

2277 3315 2558 3379 δοκοῦντες
2606 3310 2744 3369 εἶναι
2800 3316 2909 3369 τῶν
2939 3317 3036 3388 τὴν
3071 3316 3186 3370 ὁδὸν
3237 3316 3611 3387 βεὸαδικότων
3660 3300 3838 3385 ταύτην

2296 2508 2569 2577 Σχέτλιοι
2636 2506 2929 2577 ἄνθρωποι
2956 2549 2971 2573 ,

602 3404 719 3457 pes.
744 3388 838 3456 qui
872 3388 1010 3440 hanc
1041 3385 1456 3455 philosophandi
1491 3385 1632 3438 viam
1659 3384 1923 3438 institere.
1956 3381 2023 3437 Et
2050 3383 2171 3452 qui-

2280 3409 2414 3461 εἰσὶν
2442 3400 2605 3461 οὗτοι.
2640 3408 2757 3460 Ὀτι
2794 3409 2890 3477 μὲν
2918 3403 3011 3460 οὖν
3032 3408 3130 3478 τὴν
3171 3408 3433 3480 τοιαύτην
3462 3409 3518 3461 el’
3539 3424 3595 3459 τε
3630 3396 3834 3477 αἴρεσῢ,

601 3484 723 3535 dem
758 3480 921 3549 hujus
947 3478 1028 3532 vel
1055 3489 1235 3544 secus,
1272 3478 1353 3531 vel
1386 3477 1705 3545 disciplinae,
1737 3493 1821 3531 ve.
1848 3491 2171 3546 quocunque

602 3574 708 3627 alio
737 3572 957 3625 nomine
977 3570 1113 3625 hanc
1141 3570 1413 3639 appellare
1443 3572 1630 3634 libeat,
1660 3570 1751 3639 qui
1782 3569 2029 3623 laudator
2050 3583 2171 3622 esse

601 3666 748 3728 velit,
785 3664 1053 3717 neminem
1089 3661 1331 3717 futurum
1374 3664 1506 3718 satis
1537 3673 1773 3718 constat.
1802 3661 1912 3733 Ego
1937 3676 2172 3726 vero,ne

601 3758 997 3826 philosophiam
1029 3756 1248 3827 quidem
1278 3773 1397 3810 eam
1430 3760 1693 3823 vocarim,
1726 3774 1851 3814 cum
1900 3760 2014 3830 ipsa
2045 3758 2168 3829 phi-

600 3850 921 3919 losopbandi
959 3851 1221 3921 principia
1256 3853 1500 3907 tunditus
1539 3854 1829 3907 convellat.
1865 3873 1883 3905 ι
1917 3853 2039 3909 Haec
2065 3853 2168 3924 igi-

600 3955 689 3998 tur
718 3944 980 3997 adversus
1002 3943 1359 4013 philosophos
1381 3943 1680 4016 Pyrrhonis
1708 3955 2001 4001 sectatores
2024 3947 2166 4001 dicta

599 4049 782 4093 sunto.
799 4037 1009 4103 Quibus
1021 4038 1197 4090 allinia
1218 4053 1347 4091 sane
1362 4053 1423 4092 ac
1436 4039 1648 4108 gemina
1665 4054 1786 4093 esse
1803 4039 2030 4108 possint,
2048 4040 2169 4108 qui-

600 4130 701 4183 bus
735 4130 769 4182 ii
798 4128 1211 4198 redarguantur,
1248 4128 1340 4197 qui
1381 4144 1446 4182 es
1475 4128 1732 4198 Aristippi
1765 4128 2010 4199 Cyrenaei
2052 4146 2171 4185 sen-

600 4222 792 4282 tentia,
824 4230 1017 4288 praeter
1044 4219 1095 4272 id
1127 4219 1269 4288 quod
1302 4220 1551 4287 patiendo
1596 4222 1885 4282 subeatur,
1920 4237 2167 4291 compre-

600 4311 761 4366 hendi
784 4310 917 4364 nihil
947 4323 1107 4379 posse
1135 4309 1460 4363 docuerunt.
1514 4306 1756 4365 Socratis
1796 4320 1975 4374 autem
2013 4312 2167 4365 soda-

600 4404 665 4457 lis
701 4402 1008 4470 Aristippus
1027 4398 1146 4458 l'uit,
1172 4397 1264 4467 qui
1291 4396 1643 4469 Cyrenaicam
1675 4409 1877 4455 sectam
1907 4401 2163 4465 instituit,

597 4512 662 4549 ex
687 4510 794 4564 qua
829 4494 1048 4565 quidem
1079 4490 1348 4561 Epicurus
1372 4491 1494 4546 ﬁnis
1520 4492 1664 4547 illius
1687 4492 1770 4546 Siti
1798 4493 2163 4547 constituendi

599 4586 760 4659 76η.
791 4600 977 4639 ansam
1005 4582 1256 4652 arripuit.
1286 4580 1415 4636 Erat
1443 4583 1587 4637 enim
1636 4584 1943 4654 Aristippus
1985 4585 2164 4641 mollis

598 4676 889 4730 admodum
933 4690 995 4729 ac
1023 4673 1317 4741 voluptatis
1371 4688 1559 4728 amans
1587 4714 1601 4737 ,
1633 4676 1726 4744 qui
1778 4677 1989 4731 tametsi
2028 4679 2163 4731 nihil

2278 3501 2404 3553 εἴτε
2434 3501 2655 3569 ἀγωγὴν
2690 3500 2881 3567 λόγων,
2924 3500 2977 3552 εἴ
3000 3517 3058 3553 τε
3096 3501 3201 3572 ὅπη
3244 3501 3337 3553 καὶ
3384 3503 3541 3562 ὅπως
3580 3498 3725 3571 ἐθέλῃ
3764 3516 3834 3562 τις

2277 3594 2461 3646 καλεῖν
2488 3592 2675 3663 αὐτὴν,
2706 3593 2878 3655 οὐδεὶς
2906 3591 2972 3645 ἂν
2998 3588 3055 3645 εὗ
3085 3592 3296 3664 φρονῶν
3331 3592 3506 3664 ὀρθὴν
3535 3586 3668 3643 εἶναι
3697 3588 3831 3659 φαίη,

2277 3684 2453 3755 δῆλον.
2499 3683 2639 3752 Ἐγὼ
2676 3685 2772 3755 μὲν
2805 3683 2925 3735 οὐδὲ
2958 3684 3269 3753 φιλοσοφίαν
3292 3686 3482 3755 οἴομαι
3512 3684 3619 3736 δεῖν
3660 3681 3830 3750 ὀνομά-

2278 3778 2390 3842 ζειν
2413 3777 2599 3848 αὐτὴν,
2620 3776 2947 3846 ἀναιροῦσαν
2981 3794 3042 3845 γε
3068 3777 3130 3848 δὴ
3162 3776 3261 3841 τὰς
3280 3778 3376 3831 τοῦ
3412 3778 3715 3847 φιλοσοφεῖν
3740 3776 3823 3845 ἀρ-

2276 3868 2395 3936 χὰς.
2434 3886 2451 3915 ›
2486 3865 2670 3918 Ταῦτα
2708 3869 2807 3936 μὲν
2839 3862 2930 3920 οὖν
2958 3867 3093 3937 πρὸς
3115 3870 3239 3931 τοὺς
3288 3870 3433 3921 κατὰ
3472 3868 3731 3938 Πύρρωνα
3760 3882 3825 3932 φι-

2274 3958 2524 4028 λοσοφεῖν
2548 3958 2951 4029 νομιζομένους.
2987 3961 3225 4029 Συγγενῆ
3254 3960 3295 4011 δ’
3323 3962 3511 4023 αὐτοῖς
3536 3960 3617 4029 εἴη
3651 3959 3710 4011 ἂν
3746 3956 3820 4008 καὶ

2274 4051 2341 4103 τὰ
2388 4051 2776 4122 ἁντιλεγόμενα
2810 4051 2946 4121 πρὸς
2980 4052 3103 4113 τοὺς
3159 4051 3297 4103 κατὰ
3344 4053 3697 4123 Ἀρίστιππον
3747 4046 3821 4099 τὸν

2274 4140 2604 4211 Κυρηναῖον,
2641 4140 2777 4210 μόνα
2821 4141 3079 4209 λέγοντας
3130 4137 3267 4194 εἶναι
3310 4144 3379 4195 τὰ
3430 4143 3577 4213 πάθη
3613 4138 3816 4207 καταλη-
3906 4202 3911 4213 ι

2275 4230 2401 4282 ma.
2437 4231 2759 4301 Σωκράτους
2789 4231 2831 4284 δ’
2874 4233 3088 4301 ἑταῖρος
3115 4233 3143 4283 ὁ
3192 4234 3548 4303 Ἀρίστιππος
3578 4228 3660 4301 ἦν,
3689 4232 3714 4282 ὁ
3735 4229 3816 4297 τὴν

2274 4322 2611 4394 καλουμένην
2639 4324 2986 4395 Κυρηναῖκὴν
3021 4327 3426 4395 συστησάμενος
3468 4328 3668 4398 αἵρεσιν
3689 4363 3700 4385 ,
3734 4320 3809 4388 ἀφ’

2271 4410 2339 4485 ἧς
2377 4417 2473 4478 τὰς
2523 4416 2773 4487 ἀφορμὰς
2821 4416 3137 4487 Ἐπίκουρος
3193 4419 3326 4490 πρὸς
3367 4420 3469 4491 τὴν
3519 4418 3609 4472 τοῦ
3654 4415 3809 4476 τέλους

2272 4507 2487 4560 ἔκθεσιν
2528 4508 2766 4578 εἴληφεν.
2794 4504 2903 4561 Ἦν
2936 4508 2981 4561 δ’
3011 4510 3039 4560 ό
3077 4509 3428 4583 Ἀρίστιππος
3481 4512 3639 4581 ὑγρὸς
3689 4506 3803 4559 πάνυ

2270 4597 2360 4651 τὸν
2394 4600 2506 4670 βίον
2542 4600 2636 4652 καὶ
2666 4600 2971 4671 φιλήδονος⁸
3009 4600 3119 4653 ἀλλ’
3153 4603 3301 4654 οὐδὲν
3339 4604 3435 4674 μὲν
3462 4597 3613 4665 οὗτος
3655 4604 3706 4655 ὲν
3744 4597 3805 4668 τῷ

2271 4691 2488 4763 φανερῷ
2516 4692 2642 4762 περὶ
2667 4690 2850 4754 τέλους
2878 4690 3163 4757 διελέξατο⁶
3198 4694 3419 4764 δυνάμει
3454 4696 3509 4748 δὲ
3544 4694 3636 4763 τῆς
3658 4691 3801 4744 εὐδαι-

599 4784 840 4837 unquam
881 4768 995 4835 ipse
1047 4765 1223 4834 palam
1263 4764 1329 4817 de
1369 4765 1476 4820 line
1514 4766 1790 4831 disseruit,
1833 4769 2031 4822 virtute
2086 4778 2166 4822 ta-

2280 4785 2460 4855 μονίας
2481 4786 2577 4853 τὴν
2610 4783 2901 4836 ὑπόστασιν
2933 4785 3113 4853 ἔλεγεν
3140 4786 3196 4837 ὲν
3226 4786 3436 4855 ἡδοναῖς
3460 4786 3681 4841 κεῖσθαι.
3714 4780 3802 4833 Ἀεὶ

599 4878 740 4925 tnen,
780 4869 841 4914 ut
881 4860 1201 4929 loquuntur,
1254 4859 1604 4914 beatitudinis
1647 4860 2061 4914 fundamentum
2109 4862 2161 4914 in

597 4954 967 5022 voluptatibus
997 4952 1232 5022 positum
1263 4968 1384 5007 esse
1410 4953 1614 5007 docuit.
1645 4952 1778 5007 Nam
1813 4968 1936 5009 cum
1962 4954 2029 5008 de
2065 4969 2163 5007 vo‘

597 5046 801 5113 luptate
836 5054 1094 5113 perpetuo
1138 5044 1471 5112 loqueretur,
1504 5044 1642 5099 hanc
1680 5045 1796 5101 suis
1823 5046 2163 5100 auditoribus

598 5136 963 5205 suspicionem
996 5135 1182 5198 movit,
1227 5145 1284 5188 ut
1325 5135 1377 5187 in
1415 5138 1537 5190 vitae
1587 5136 1797 5192 deliciis
1836 5138 2163 5190 collocatum

595 5231 664 5283 ab
696 5244 762 5283 eo
809 5228 968 5282 liuent
1001 5238 1268 5299 putarent.
1299 5230 1348 5284 ls
1379 5228 1658 5300 Synallum
1692 5230 1982 5297 quemdam
2014 5230 2160 5299 ejus-

596 5337 701 5391 que
731 5321 918 5386 tiliam,
953 5320 1148 5374 Areten
1201 5321 1439 5386 nomine,
1491 5320 1788 5390 discipulos
1841 5320 2049 5375 habuit.
2085 5320 2157 5373 Ea

597 5415 767 5467 tilium
799 5414 1035 5482 suscepit
1065 5413 1423 5483 Aristippum,
1454 5414 1545 5483 qui
1574 5414 1642 5467 ab
1672 5414 1858 5467 eadem
1888 5414 1954 5467 ad
1989 5414 2155 5483 philo-

597 5505 800 5574 sophiae
844 5504 1019 5557 studia
1076 5503 1370 5570 pellectus,
1428 5502 1615 5556 matris
1656 5502 1956 5572 discipulus
1994 5504 2156 5573 vulgo

596 5596 892 5649 dicebatur.
936 5591 1036 5647 Hic
1069 5601 1253 5663 aperte
1300 5594 1505 5661 docuit,
1540 5594 1701 5648 linem
1728 5608 1850 5650 esse
1896 5610 2021 5650 cum
2059 5612 2157 5651 voc

667 5730 740 5801 (5)
780 5728 941 5783 Forte
962 5746 1089 5781 ειεν.
1130 5760 1187 5801 -ῖ
1215 5729 1351 5801 Quid
1384 5728 1430 5783 si
1462 5729 1675 5801 legatur
1701 5727 1843 5798 οἷον,
1872 5741 1930 5787 ιιι
1962 5747 2157 5789 sensus

597 5798 687 5868 sit,
714 5814 912 5877 ventres
935 5810 1139 5854 tantum
1165 5798 1188 5852 .’
1216 5799 1371 5853 l'imr.

2272 4875 2380 4946 γὰρ
2418 4874 2606 4943 λόγους
2662 4875 2788 4944 περὶ
2828 4875 3018 4945 ἡδονῆς
3070 4877 3412 4948 ποιούμενος,
3466 4882 3545 4943 εἰς
3598 4875 3796 4943 ὑποψίαν

2269 4963 2372 5038 ἦγε
2409 4969 2533 5030 τοὺς
2569 4969 2889 5039 προσιόντας
2913 4968 3058 5039 αὐτῷ
3096 4970 3187 5022 τοῦ
3212 4971 3385 5039 λέγειν
3413 4971 3558 5035 τέλος
3602 4964 3798 5022 εἶναιτὸ

2268 5059 2436 5130 ἡδέως
2464 5058 2581 5129 ζῇν.
2608 5058 2807 5110 Τούτου
2832 5060 3050 5127 γέγονεν
3076 5060 3341 5130 ἀκουστὴς
3372 5059 3639 5122 Σύναλλυς,
3667 5055 3743 5109 καὶ
3770 5054 3792 5121 ἡ

2269 5148 2514 5219 Θυγάτηρ
2558 5149 2720 5202 αὐτοῦ
2776 5151 2996 5221 Ἀρήτη.
3044 5151 3237 5213 Ἧτις,
3277 5154 3577 5223 γεννήσασα
3636 5146 3791 5203 παῖδα,

2268 5241 2547 5310 ὠνόμασεν
2588 5240 2956 5309 Ἀρίστιππον,
2996 5238 3073 5302 ὃς,
3107 5241 3364 5309 ὑπαχθεὶς
3404 5242 3493 5293 ὑπ’
3536 5238 3689 5308 αὐτῆς
3730 5236 3795 5292 εἰς

2266 5332 2453 5400 λόγους
2489 5329 2799 5399 φιλοσοφίας
2826 5371 2840 5395 ,
2881 5330 3297 5401 μητροδίδακτος
3352 5332 3549 5404 ἐκλήθη
3571 5348 3582 5361 ·
3625 5330 3677 5391 ὃς
3714 5324 3789 5377 καὶ

2267 5422 2452 5492 σαφῶς
2476 5423 2711 5492 ὡρίσατο
2737 5422 2887 5484 τέλος
2922 5418 3058 5474 εἶναι
3090 5423 3151 5475 τὸ
3167 5422 3337 5493 ἡδέως
3366 5424 3482 5496 ζῇν,
3515 5421 3689 5496 ἡδονὴν
3721 5418 3790 5467 tv-

2262 5513 2469 5566 τάττων
2500 5513 2596 5583 τὴν
2648 5511 2788 5565 κατὰ
2838 5514 3065 5584 κίνησιν.
3108 5516 3265 5583 Τρεῖς
3294 5516 3400 5587 γὰρ
3424 5518 3525 5590 ἔφη
3559 5508 3787 5570 καταστά-

2263 5622 2374 5668 σεις
2402 5600 2537 5656 εἶναι
2565 5604 2691 5674 περὶ
2711 5603 2808 5675 τὴν
2838 5605 3110 5677 ἡμετέραν
3141 5606 3439 5680 σύγκρασιν
3458 5624 3472 5641 ·
3529 5610 3643 5681 μίαν
3684 5602 3784 5674 μὲν,

2332 5738 2405 5809 (4)
2447 5736 2604 5793 Forte
2632 5739 2968 5808 στοχασμῶν.
