4034 6390
288 332 465 387 12ὅῖ

1485 329 1804 388 ιιιιΑινΑιι.
1848 332 2101 390 EVANG.
2143 335 2272 390 LIB.
2317 335 2452 390 XIV.

3457 336 3594 396 l258

290 443 446 498 καθ’
495 445 561 516 ἢν
595 443 885 515 ἁλγοῦμεν,
927 447 1166 500 ἐοικυῖαν
1211 447 1284 517 τῷ
1320 447 1457 500 κατὰ
1489 447 1761 500 θάλασσαν
1796 466 1890 517 χει⁴

2013 451 2215 519 luptate
2245 453 2442 517 vivere,
2485 452 2813 521 voluptatem
2848 467 2967 510 eam
2998 449 3329 527 intelligens,
3361 471 3484 526 quae
3531 459 3587 511 in

294 532 467 602 μῶνι
495 555 508 568 ·
538 535 729 607 ἑτέραν
759 537 834 599 δὲ,
862 537 982 589 καθ’
1016 538 1082 607 ἦν
1112 537 1381 608 ἡδόμεθα,
1409 537 1487 608 τῷ
1529 537 1656 608 λείῳ
1701 537 1904 608 κύματι

288 624 743 697 ἀφομοιούμενθι
766 643 781 658 °
819 623 954 680 εἶναι
988 629 1097 700 γάρ
1127 629 1276 681 λείαν
1308 629 1520 700 κίνησιν
1558 629 1657 700 τὴν
1689 629 1901 700 ἡδονὴν,

288 714 490 787 οὐρίῳ
536 718 1022 789 παραδαλλομένην
1057 721 1261 791 ἀνέμῳ,
1303 721 1400 792 τὴν
1427 721 1481 774 δὲ
1511 721 1700 792 τρίτην
1732 721 1900 790 μέσην

292 801 462 862 εἶναι
487 811 839 874 κατάστασιν,
875 811 997 864 καθ’
1026 815 1090 882 ἣν
1123 812 1243 865 οὔτε
1274 813 1549 883 ἀλγοῦμεν
1578 855 1590 875 ,
1632 812 1754 865 οὔτε
1781 812 1903 884 ἡδό-

293 898 483 967 μεθα,
527 900 732 973 γαλήνῃ
766 904 1152 975 παραπλησίαν
1196 899 1383 958 οὖσαν.
1433 905 1651 972 Τούτων
1702 903 1766 974 δὴ
1810 905 1903 956 καὶ

289 989 522 1060 ἔφασκε
557 994 663 1046 τῶν
699 995 886 1048 παθῶν
920 997 1094 1065 μόνων
1127 999 1274 1068 ἡμᾶς
1308 998 1403 1068 τὴν
1438 997 1690 1069 αἴσθησιν
1737 999 1900 1066 ἔχειν.

291 1081 466 1155 Πρὸς
503 1085 597 1149 οὓς
626 1087 994 1141 άντιλέλεκται
1018 1089 1210 1143 ταῦτα.

2015 543 2193 612 aliqua
2223 547 2594 601 commotione
2624 558 2889 602 versetur.
2929 547 3054 602 Tria
3099 549 3300 619 quippe
3324 555 3592 618 tempera-

2014 635 2178 688 tionis
2205 645 2403 690 nostrae
2436 654 2631 706 genera
2662 640 2929 693 statuebat
2973 659 2984 693 :
3033 656 3202 694 unum
3253 653 3364 709 quo
3403 639 3590 694 dolea-

2013 744 2154 791 mus,
2175 731 2222 783 ei
2249 748 2369 798 qua:
2402 731 2455 784 in
2487 735 2622 786 mari
2646 735 2915 788 excitatur
2945 735 3250 803 tempestati
3276 722 3588 803 perSimile;

2009 820 2238 872 alterum
2283 837 2391 889 quo
2428 823 2693 889 hetemnr,
2722 833 2775 877 et
2805 833 3019 893 arquato
3060 823 3245 878 ﬂuctui
3278 823 3484 877 sitniles
3519 821 3590 875 si-

2010 924 2172 966 mus:
2207 924 2476 980 a3quatam
2522 917 2664 968 enim
2711 918 3130 970 commotionem
3175 930 3296 970 esse
3350 915 3592 984 volupta-

2011 1005 2394 1060 tcm,secnndi
2446 1007 2589 1060 venti
2647 1008 3005 1062 simillimam.
3060 1005 3306 1061 Tertium
3356 1005 3590 1074 denique

2012 1094 2247 1148 medium
2281 1114 2474 1165 genus,
2517 1115 2626 1167 quo
2677 1117 2774 1154 nec
2815 1101 3099 1154 doleamus
3152 1100 3276 1169 ipsi,
3310 1114 3412 1154 nec
3449 1097 3591 1152 ιωιο-

295 1191 464 1241 mur,
495 1181 739 1234 malacia:
767 1197 830 1235 ac
859 1183 1239 1252 tranquillitati
1281 1185 1525 1254 propius.
1561 1183 1767 1238 llorum
1818 1184 1905 1237 ille
1945 1181 2211 1242 duntaxat
2241 1199 2484 1244 motuum
2527 1191 2766 1261 aliquem
2824 1209 2855 1246 a
2925 1192 3081 1247 nobis
3121 1208 3343 1246 sensum
3397 1189 3584 1244 haberi

294 1274 508 1328 docuit
550 1275 617 1328 At
655 1277 1010 1344 sequentibus
1045 1277 1216 1332 refelli
1253 1280 1446 1348 possit.

844 1392 1240 1446 ΚΕΦΛΛΔΙΟΝ
1270 1395 1370 1448 ῐΘ’.

293 1500 472 1579 Πρρς
504 1503 646 1568 τοὺς
681 1507 808 1579 κατ’
865 1507 1247 1579 Ἀρίστιππον
1292 1511 1704 1578 φιλοσόφους,
1743 1512 1899 1579 μόνα

380 1572 676 1659 νξέγοξττςις
727 1575 796 1659 τᾲ
840 1577 999 1644 πάθη
1044 1573 1204 1659 sinit
1266 1572 1659 1659 κἐιταληέζτὰ,
1708 1572 1779 1635 τξὶ
1833 1582 1900 1633 δὲ

377 1645 565 1696 λοιπὰ
588 1645 999 1713 ἀκατάληπτα.
1044 1647 1186 1701 Ἀπὸ
1225 1649 1330 1702 τοῦ
1352 1645 1558 1704 αὑτοῦ.

387 1753 404 1784 ⁸
459 1734 616 1805 Ἑξῆς
632 1735 675 1788 δ’
705 1737 770 1790 ἂν
794 1733 903 1790 εἷεν
940 1742 988 1792 οἱ
1021 1739 1268 1810 λέγοντες
1301 1743 1438 1813 μόνα
1471 1743 1538 1797 τὰ
1557 1743 1704 1814 πάθη
1732 1761 1898 1797 κατα-

295 1822 509 1894 ληπτά.
559 1827 730 1881 Τοῦτο
759 1828 806 1880 δ’
847 1825 999 1882 εἷπον
1035 1832 1164 1884 ἔνιοι
1211 1833 1319 1885 τῶν
1369 1835 1432 1886 ὲκ
1484 1835 1584 1905 τῆς
1617 1837 1890 1906 Κυρήνης.

298 1910 469 1970 Οὗτοι
495 1917 540 1970 δ’
568 1917 772 1987 ἠξίουν,
805 1919 994 2002 ὥσπερ
1027 1921 1132 1974 ὑπὸ
1157 1922 1328 1993 κάρου
1370 1923 1681 1993 πιεζόμενοι
1730 1941 1892 1985 τινες,

295 2007 461 2061 οὐδὲν
490 2004 625 2062 εἷναι
657 2009 718 2062 τὸ
754 2011 1036 2082 παράπαν,
1078 2015 1125 2065 εἰ
1160 2015 1233 2083 μή
1272 2032 1354 2076 τις
1386 2014 1674 2085 παραστὰς
1700 2015 1896 2079 αὐτοὺς

298 2099 459 2152 παίοι
494 2102 587 2154 καὶ
610 2104 839 2174 κεντῴη.
885 2105 1176 2175 Καιόμενοι
1204 2107 1312 2176 γάρ
1337 2106 1521 2174 ἔλεγον
1557 2108 1652 2160 καὶ
1701 2110 1894 2178 τεμνόο

303 2209 458 2262 μενοι
492 2195 797 2265 γνωρίζειν,
828 2197 907 2248 ὅτι
934 2197 1190 2268 πάσχοιεν
1207 2217 1258 2252 τι
1283 2239 1296 2257 ,
1329 2199 1556 2272 πότερον
1583 2200 1638 2253 δὲ
1660 2200 1720 2252 τὸ
1742 2204 1895 2255 καῖον

298 2286 391 2357 εἴη
430 2287 561 2358 πῦρ,
595 2288 626 2359 ἢ
659 2289 718 2341 τὸ
749 2291 944 2361 τέμνον
977 2293 1214 2364 σίδηρος,
1236 2293 1336 2345 οὐκ
1370 2293 1514 2364 ἔχειν
1545 2296 1895 2358 εἰπεῖν.Τοὺς

296 2377 361 2431 δὲ
394 2379 566 2433 ταῦτα
598 2380 853 2450 λέγοντας
886 2383 1044 2447 εὐθὺς
1078 2385 1253 2455 ἔροιτό
1293 2402 1374 2449 τις
1407 2385 1472 2439 ἂν
1495 2426 1508 2448 ,
1550 2387 1597 2437 εί
1640 2385 1704 2454 δὴ
1738 2384 1895 2438 τοῦτο

300 2468 440 2537 γοῦν
477 2471 656 2525 ἴσασιν
696 2475 868 2536 αὐτοὶ,
904 2475 983 2527 διό
1016 2493 1068 2527 τι
1099 2477 1369 2547 πάσχουσί
1402 2495 1453 2530 τι
1477 2478 1572 2531 καὶ
1613 2477 1895 2531 αἰσθάνον-

299 2578 420 2614 ται.
459 2563 551 2632 Mi}
592 2563 791 2628 εἰδότες
824 2565 921 2634 μὲν
950 2565 1080 2636 γὰρ,
1135 2565 1242 2618 οὐδ’
1276 2567 1450 2618 εἰπεῖν
1481 2564 1756 2636 δυνηθεῖεν
1804 2566 1890 2625 ἂν,

303 2653 390 2706 ὅτι
424 2655 582 2726 μόνον
619 2658 765 2708 ἴσασι
786 2655 845 2709 τὸ
875 2656 1044 2720 πάθος
1066 2673 1080 2686 ·
1113 2659 1159 2709 εξ
1183 2657 1226 2709 δ’
1258 2653 1323 2710 αὖ
1363 2657 1749 2728 γνωρίζουσιν,
1792 2657 1892 2708 οὐκ

307 2745 377 2798 ἂν
408 2747 491 2818 εἴη
531 2747 666 2818 μόνα
723 2747 792 2801 τὰ
843 2748 988 2818 πάθη
1044 2749 1384 2820 καταληπτά.
1441 2750 1514 2802 Τὸ
1569 2749 1698 2819 γὰρ,
1747 2749 1893 2819 Ἐςὼ

304 2837 568 2908 καίομαι,
602 2839 759 2909 λόγος
791 2837 878 2912 ἦν,
915 2843 1009 2895 καὶ
1032 2843 1092 2895 οὐ
1125 2843 1313 2906 πάθος.
1360 2841 1520 2895 Ἀλλά
1551 2841 1655 2913 μὴν
1679 2842 1890 2911 ἀνάγκη

302 2945 375 2998 γε
404 2933 532 3004 τρία
563 2933 734 2987 ταῦτα
760 2936 1207 3004 συνυφίστασθαι,
1242 2936 1301 2989 τό
1328 2953 1385 2988 τε
1417 2935 1588 2997 πάθος
1622 2935 1774 2998 αὐτὸ,
1798 2935 1891 2987 καὶ

303 3024 372 3077 τὸ
403 3025 611 3090 ποιοῦν,
646 3027 738 3080 καὶ
769 3027 831 3080 τὸ
863 3028 1089 3100 πάσχον.
1138 3030 1194 3082 '0
1224 3029 1402 3081 τοίνυν
1431 3026 1892 3098 ἀντιλαμϐανόμε-

2585 1391 2812 1447 CAPUT
2851 1392 2994 1446 XIX.

2001 1506 2262 1558 Adversus
2288 1509 2547 1574 Aristippi
2577 1518 2885 1570 sectatores,
2921 1508 3012 1576 qui
3041 1524 3100 1558 ea
3136 1506 3296 1559 modo
3329 1523 3449 1576 qua
3486 1522 3584 1576 pa-

2073 1578 2278 1646 timur,
2314 1580 2679 1645 romprchcndi
2739 1595 2888 1646 posse
2945 1589 3277 1642 statuerunt,
3329 1589 3581 1646 prwtercn

2074 1648 2224 1699 nihil.
2259 1644 2342 1701 Ea:
2367 1644 2567 1701 eodem.

2080 1736 2420 1809 (Deinceps,
2471 1740 2668 1810 inquit,
2702 1756 2794 1795 eos
2841 1741 3145 1806 videamus,
3191 1740 3283 1810 qui
3323 1754 3385 1794 ea
3419 1739 3582 1794 modo

1999 1849 2122 1902 qua:
2155 1836 2414 1902 patimur,
2447 1835 2832 1904 comprehendi
2881 1851 3044 1905 posse
3075 1834 3394 1890 defendunt.
3429 1833 3503 1889 Ea
3525 1835 3578 1890 in

2001 1925 2191 1980 haeresi
2228 1926 2379 1980 fuere
2428 1927 2671 1998 Cyrenzei
2718 1929 2962 1998 quidam.
2997 1928 3034 1982 li
3063 1930 3142 1984 sic
3185 1940 3444 2000 tauquam
3471 1928 3581 1984 alto

1999 2018 2233 2085 quodam
2271 2035 2467 2088 sopore
2505 2021 2749 2091 depressi
2776 2059 2792 2086 ,
2845 2021 2981 2074 nihil
3029 2023 3247 2092 penitus
3281 2037 3400 2076 esse
3430 2021 3579 2076 dicc-

1999 2106 2151 2168 bant,
2194 2106 2299 2160 nisi
2337 2108 2380 2160 si
2415 2107 2541 2176 quis
2574 2110 2800 2178 prapius
2844 2111 3070 2163 subiens
3107 2109 3230 2163 illos
3269 2111 3582 2164 verberaret

1999 2213 2063 2252 ac
2090 2198 2319 2251 luderet.
2362 2198 2596 2269 Quippe,
2631 2201 2761 2254 dum
2815 2210 3107 2255 urerentur
3147 2217 3211 2255 ac
3240 2210 3575 2261 sccarentur.

1998 2291 2106 2360 pati
2140 2307 2197 2344 se
2229 2292 2457 2360 aliquid,
2485 2294 2586 2347 hoc
2620 2309 2751 2348 vero
2783 2309 2841 2349 se
2873 2310 3074 2358 nosse;
3113 2304 3294 2348 utrum
3325 2293 3466 2363 ignis
3490 2307 3579 2349 es-

1997 2387 2080 2432 set
2113 2380 2257 2448 quod
2292 2388 2494 2445 ureret,
2519 2388 2612 2433 aut
2639 2381 2843 2434 ferrum
2873 2381 3016 2451 quod
3062 2391 3292 2446 secaret,
3329 2379 3431 2434 sibi
3469 2393 3579 2433 non

1998 2471 2220 2540 liquere.
2253 2470 2328 2524 Ex
2374 2474 2476 2526 hoc
2506 2472 2787 2527 hominum
2824 2489 3020 2543 genere
3041 2489 3350 2543 quzeramus
3377 2473 3430 2526 in
3463 2472 3570 2543 pri-

1998 2560 2122 2623 mis,
2149 2577 2278 2614 num
2313 2560 2364 2613 id
2398 2563 2588 2616 saltem
2624 2563 2788 2631 probe
2818 2564 3022 2628 norint,
3055 2565 3162 2633 pati
3203 2579 3261 2618 se
3292 2578 3356 2618 ac
3378 2563 3579 2616 sentire

1997 2652 2224 2719 aliquid.
2265 2651 2380 2707 Hoc
2424 2654 2499 2706 illi
2532 2654 2577 2708 si
2610 2655 2885 2722 nesciunt,
2936 2670 3219 2724 perperam
3264 2653 3451 2723 utique
3495 2653 3577 2707 di-

1995 2754 2146 2808 cunt,
2190 2747 2334 2815 quod
2368 2749 2648 2816 patiantur
2700 2747 2802 2801 sibi
2838 2756 3026 2800 notum
3064 2762 3206 2801 esse.
3255 2746 3349 2801 Sin
3391 2755 3574 2801 auter.)

1998 2837 2100 2892 hoc
2131 2839 2461 2910 intelligunt,
2501 2856 2611 2892 non
2653 2856 2716 2894 ea
2771 2839 2931 2893 modo
2980 2855 3102 2910 qua:
3138 2839 3372 2909 patimur
3422 2855 3575 2893 com-

1995 2933 2252 3000 prehendi
2273 2942 2524 3002 possunt.
2546 2930 2679 2985 Nam
2705 2933 2882 2986 isthuc
2904 2932 3145 3002 quidem,
3176 2929 3333 2995 Uror,
3349 2932 3574 3001 loquen-

1997 3023 2065 3077 tis
2093 3032 2192 3086 est,
2223 3039 2331 3077 non
2365 3024 2641 3092 patientis.
2690 3022 2956 3078 Praeterea
3005 3023 3165 3076 simul
3199 3023 3313 3078 lucc
3343 3023 3445 3076 tria
3473 3039 3574 3093 po-

305 3131 400 3178 νος
421 3117 516 3166 τοῦ
545 3115 748 3179 πάθους
782 3117 998 3180 πάντως
1026 3116 1420 3172 αἱσθάνοιτ’ἆν.
1450 3117 1524 3169 Οὐ
1553 3115 1662 3188 γὰρ
1694 3116 1779 3187 δὴ,
1807 3116 1890 3169 ὅτι

1998 3125 2197 3169 nantur
2223 3131 2446 3170 necesse
2472 3125 2576 3182 est,
2598 3115 2800 3169 malum
2832 3114 2979 3185 quod
3013 3115 3138 3183 quis
3175 3117 3403 3184 patitur,
3425 3117 3573 3186 quod

309 3207 434 3276 μὲν,
468 3207 516 3258 εἰ
544 3206 717 3278 τύχοι,
753 3207 1102 3279 Θερμαίνεται
1124 3212 1363 3279 γνωριεῖ,
1402 3207 1630 3279 πότερον
1659 3207 1702 3259 δ’
1728 3206 1890 3269 αὐτὸς

305 3296 344 3368 ἢ
372 3299 400 3350 ὁ
428 3297 644 3366 γείτων,
679 3301 972 3370 ἀγνοήσει·
1002 3300 1096 3352 καὶ¹
1126 3299 1219 3352 νῦν
1251 3300 1282 3371 ἦ
1317 3301 1552 3371 πέρυσι·
1595 3299 1688 3351 καὶ
1731 3297 1890 3368 Ἀθή-

307 3407 464 3460 νῃσιν
489 3390 524 3462 ἢ
556 3393 612 3444 ὲν
651 3391 909 3461 Αἰγύπτῳ
930 3409 942 3420 ·
973 3392 1063 3444 καὶ
1102 3391 1208 3454 ζῶν
1236 3391 1268 3461 ἢ
1298 3391 1530 3452 τεθνεώς
1551 3406 1564 3418 °
1611 3391 1689 3441 ἔτι
1718 3388 1775 3441 δὲ
1806 3389 1892 3441 ἄν·

309 3481 526 3553 θρωπος
552 3481 627 3534 ὢν
659 3483 689 3553 ἦ
719 3482 882 3545 λίθος.
920 3481 1129 3534 Οὐκοῦν
1163 3480 1368 3534 εἴσεται
1410 3481 1502 3534 καὶ
1539 3481 1627 3548 ὑφ’
1665 3475 1726 3534 οὗ
1781 3479 1887 3533 πά·-

223 3579 230 3587 “
311 3593 447 3646 σχει.
486 3577 596 3630 Kal
623 3577 730 3648 γὰρ
755 3576 1015 3646 ἀλλήλους
1037 3575 1386 3646 γνωρίζουσι,
1424 3576 1519 3630 καὶ
1567 3575 1746 3639 ὁδοὺς,
1795 3577 1889 3628 καὶ

308 3669 514 3734 πόλεις,
543 3670 636 3723 καὶ
663 3669 761 3741 τὴν
793 3671 1018 3741 τροφήν.
1050 3670 1110 3721 Οί
1142 3669 1186 3722 δ’
1221 3664 1288 3722 αὖ
1318 3672 1554 3739 τεχνῖται
1600 3667 1670 3720 τά
1720 3669 1888 3740 ἐργα-

307 3761 428 3816 λεῖα
453 3761 524 3816 τά
571 3762 748 3816 αὐτῶν
777 3763 969 3815 οἴδασι.
1005 3762 1115 3814 Καὶ
1146 3763 1196 3814 οἱ
1259 3763 1434 3833 ἰατροὶ
1492 3764 1586 3815 καὶ
1646 3764 1888 3816 ναυτικοὶ

310 3855 662 3926 σημειοῦνται
692 3854 762 3908 τά
787 3854 1064 3926 μέλλοντα.
1109 3857 1219 3907 Καὶ
1252 3855 1361 3907 τῶν
1398 3854 1601 3926 θηρίων
1641 3857 1689 3907 οἱ
1728 3855 1887 3919 κύνες

293 3942 620 4018 ἐὑρίσκουσι
674 3948 800 4010 τοὺς
837 3946 1071 4011 στίϐους.
1114 3948 1235 4001 Ἔτι
1271 3966 1334 4016 γε
1383 3949 1489 4019 μὴν
1531 3949 1559 3998 ὁ
1587 3948 1810 4018 πάσχων
1835 3966 1886 4000 τι

307 4039 523 4102 πάντως
556 4039 688 4111 ἢὼς
709 4039 909 4094 οἰκείου
942 4041 1086 4104 τινὸς
1112 4081 1126 4103 ,
1159 4042 1191 4113 ἢ
1231 4042 1307 4104 ὡς
1353 4041 1632 4112 ἀλλοτρίου
1681 4039 1886 4103 πάθους

304 4131 785 4202 ἀντιλαμϐάνεται.
816 4133 986 4186 Πόθεν
1009 4130 1101 4187 οὖν
1133 4135 1243 4199 ’ἐξει
1265 4134 1463 4202 λέγειν,
1494 4135 1576 4187 ὅτι
1600 4133 1758 4186 τοῦτο
1789 4134 1888 4204 μέν

306 4225 455 4277 ἐστιν
483 4224 662 4297 ἡδονὴ,
679 4225 837 4280 τοῦτο
855 4226 911 4280 δὲ
938 4227 1095 4290 πόνος
1118 4243 1132 4291 ;
1155 4227 1188 4298 ἢ
1221 4228 1304 4280 ὅτι
1323 4227 1635 4298 γευόμενος,
1659 4226 1691 4298 ἢ
1721 4226 1884 4298 ὀρῶν,

304 4315 340 4386 ἢ
369 4315 602 4382 ἀκούων,
631 4318 830 4388 πάσχοι
863 4334 948 4383 τις
979 4318 1072 4372 καὶ
1099 4321 1164 4389 τῇ
1191 4319 1291 4389 μὲν
1319 4318 1538 4390 γλώσσῃ
1571 4318 1885 4389 γενόμενος,

305 4410 416 4473 τοῖς
447 4409 490 4461 δ’
515 4408 758 4480 ὄμμασιν
782 4410 947 4482 ὁρῶν,
995 4413 1106 4474 τοῖς
1136 4410 1181 4463 δ’
1214 4409 1350 4463 ὠσὶν
1381 4411 1630 4477 ἁκούων;
1667 4412 1734 4463 Ἥ
1770 4409 1887 4473 πῶς

1998 3209 2126 3262 illud
2168 3208 2344 3273 affert,
2390 3209 2536 3279 quod
2593 3208 2724 3263 illud
2780 3209 2958 3277 ipsum
3009 3208 3230 3278 patitur.
3281 3207 3574 3262 Enimvero

1995 3302 2088 3371 qui
2148 3301 2349 3354 nmium
2394 3301 2610 3363 subeat,
2663 3301 2710 3351 is
2745 3299 2903 3367 plane
2937 3301 3137 3354 sentiat
3187 3310 3422 3370 oportet.
3461 3299 3575 3355 Nec

1996 3391 2142 3445 enim
2179 3390 2446 3460 profecto,
2487 3389 2570 3444 uri
2627 3406 2684 3444 se
2709 3429 2723 3453 ,
2776 3389 2820 3444 si
2857 3387 2996 3444 forte
3048 3399 3234 3444 oretur
3265 3392 3570 3463 intelliget;

1995 3486 2136 3540 idem
2169 3495 2374 3549 tamen,
2414 3483 2601 3553 ipsene
2633 3499 2701 3536 an
2735 3482 2949 3538 vicinus
3004 3492 3216 3550 uratur,
3250 3484 3525 3554 ignorabit
3555 3505 3570 3542 :

1993 3580 2239 3648 adeoque
2286 3593 2454 3641 nunc,
2500 3592 2568 3630 an
2616 3575 2898 3645 superiore
2941 3591 3122 3642 anno;
3161 3576 3391 3632 Athenis
3419 3593 3487 3632 an
3516 3579 3571 3633 in

1995 3670 2264 3742 Egypto;
2290 3671 2550 3724 viveusne
2599 3684 2667 3722 an
2703 3677 2993 3732 mortuus;
3028 3669 3262 3724 homone
3307 3686 3374 3724 an
3411 3669 3570 3741 lapis.

1992 3767 2170 3831 Quare
2218 3763 2382 3817 simul
2436 3763 2598 3816 etiam
2657 3762 2886 3821 noverit.
2939 3777 2968 3815 a
3022 3776 3134 3831 quo
3184 3761 3447 3831 patiatur.
3493 3763 3572 3818 Illi

1992 3858 2274 3909 enimvero
2302 3872 2426 3909 cum
2470 3870 2588 3909 sese
2637 3864 2847 3919 mutuo,
2883 3863 2996 3907 tum
3041 3854 3160 3908 vias
3192 3855 3379 3918 etiam,
3409 3855 3572 3909 urbes

1993 3948 2256 4016 cibosque
2292 3956 2515 3999 norunt.
2553 3945 2664 3998 Sua
2711 3960 2930 4014 quoque
2963 3943 3157 3997 artiﬁci
3210 3954 3338 3998 uota
3370 3947 3573 4000 instru-

1995 4049 2176 4090 menta
2213 4044 2361 4090 sunt.
2410 4033 2600 4090 Medici
2653 4050 2718 4088 ac
2777 4034 2854 4087 rei
2912 4035 3148 4088 nautica:
3195 4036 3353 4105 periti
3387 4035 3572 4091 futura

1992 4128 2368 4197 prwsentiunt.
2416 4126 2577 4198 765
2610 4128 2743 4191 lmo,
2771 4143 2802 4181 e
2836 4127 3025 4182 bestiis
3058 4127 3222 4182 etiam
3251 4170 3266 4194 ,
3299 4129 3418 4182 vias
3451 4144 3573 4184 cer-

1990 4220 2061 4274 tis
2112 4235 2328 4288 pressas
2387 4219 2629 4289 vestigiis
2677 4235 2843 4273 canes
2883 4220 3179 4288 reperiunt.
3234 4219 3427 4287 Porro,
3477 4223 3570 4293 qui

1991 4312 2197 4382 aliquid
2226 4312 2448 4380 patitur,
2487 4312 2532 4365 is
2566 4310 2721 4378 quasi
2754 4312 3036 4381 proprium
3072 4312 3299 4382 aliquid,
3337 4325 3430 4367 aut
3453 4323 3573 4368 tan-

1991 4421 2156 4474 quam
2185 4406 2421 4460 alienum
2455 4407 2506 4461 id
2543 4404 2736 4462 subeat
2768 4423 2992 4462 necesse
3036 4415 3140 4462 est.
3176 4405 3408 4474 Quinam
3440 4423 3571 4477 ergo

309 4495 506 4560 ἴσασιν,
530 4498 611 4550 ὅτι
636 4497 746 4550 τοδὶ
771 4499 868 4570 μὲν
899 4499 1174 4571 αἱρεῖσθαι
1206 4499 1366 4570 χρῆν,
1403 4500 1516 4553 τοδὶ
1540 4501 1597 4554 δὲ
1624 4500 1881 4569 φεύγεινς

1998 4497 2210 4561 dixerit,
2246 4498 2570 4567 voluptatem
2601 4501 2849 4564 alteram,
2875 4501 3104 4553 alterum
3133 4499 3377 4554 laborem
3405 4515 3529 4556 esse
3549 4501 3575 4555 ?

307 4589 369 4642 Εἰ
391 4588 447 4642 δὲ
483 4589 648 4662 μηδὲν
679 4590 882 4643 τούτων
911 4595 1108 4657 γνοῖεν,
1141 4595 1239 4664 οὐχ
1270 4592 1481 4657 ἕξουσιν
1525 4593 1701 4663 ὁρμὴν
1725 4633 1740 4654 ,
1777 4591 1884 4645 οὐδ’

305 4681 483 4752 ὄρεξιν
508 4700 520 4712 ·
559 4683 702 4737 οὕτω
730 4683 774 4736 δ’
806 4685 913 4737 οὐδ’
939 4685 1007 4738 ἂν
1029 4685 1144 4750 ζῶα
1177 4682 1305 4739 εἷεν.
1353 4685 1554 4738 Γελοῖοι
1587 4685 1696 4756 γάρ
1725 4687 1881 4748 εἰσιν,

305 4772 465 4825 ὁπότε
491 4773 721 4842 λέγοιεν,
761 4776 843 4828 ὅτι
867 4775 1036 4830 ταῦτα
1071 4777 1168 4848 μὲν
1202 4777 1384 4841 αὐτοῖς
1428 4777 1790 4849 συμϐέϐηκεν,
1822 4776 1884 4828 οὐ

311 4865 418 4937 μὴν
458 4865 602 4917 ἴσασί
648 4881 711 4932 γε
747 4864 863 4929 πῶς
896 4866 990 4919 καὶ
1017 4867 1137 4920 τίνα
1170 4868 1392 4938 τρόπον.
1425 4862 1583 4922 Οὗτοι
1639 4869 1745 4938 γὰρ
1775 4869 1884 4921 οὐδ’

307 4957 356 5008 ει
382 4955 656 5028 ἅνθρωποι
687 4956 1013 5025 πεφύκασιν,
1056 4957 1162 5010 οὐδ’
1187 4959 1235 5010 εἰ
1276 4957 1463 5023 ζῶσιν,
1492 4959 1663 5029 ἔχοιεν
1692 4958 1757 5011 ἂν
1811 4960 1887 5010 εί-

311 5051 461 5102 πεῖν·
516 5048 709 5102 οὐκοῦν
739 5050 845 5102 οὐδ’
879 5052 927 5102 εί
981 5049 1196 5118 λέγουσί
1219 5069 1293 5112 τι,
1327 5053 1420 5105 καὶ
1469 5050 1883 5120 ἀποφαίνονται.

311 5141 455 5210 Πρὸς
485 5141 548 5212 δὴ
569 5142 694 5204 τοὺς
724 5140 995 5205 τοιούτους
1023 5143 1106 5206 τίς
1153 5142 1216 5196 ἂν
1251 5144 1334 5213 εἴη
1375 5142 1530 5210 λόγος
1556 5159 1569 5205 ;
1607 5140 1886 5213 θαυμάσαι

314 5233 411 5304 μέν
434 5251 516 5298 τις
542 5232 627 5297 ἂν,
663 5235 712 5286 εἰ
735 5235 987 5303 ἀγνοοῦσι
1021 5237 1250 5307 πότερον
1270 5236 1364 5288 ἐπὶ
1396 5236 1496 5304 τῆς
1527 5234 1630 5306 γῆς
1655 5237 1813 5296 εἰσιν,
1853 5235 1886 5304 ἦ

310 5325 368 5378 ἐν
400 5324 478 5396 τῷ
497 5325 710 5396 οὐρανῴ
736 5343 751 5356 ο
801 5327 981 5398 πολλῷ
1020 5327 1077 5380 δὲ
1131 5326 1617 5399 θαυμασιώτερον,
1687 5329 1733 5380 εἰ
1788 5327 1888 5379 οὐκ

309 5416 502 5480 οἰδασι,
539 5419 632 5470 καὶ
672 5416 860 5482 ταῦτα,
890 5417 1191 5488 φάσκοντες
1221 5421 1548 5488 φιλοσοφεῖν,
1589 5416 1697 5490 ἄρά
1727 5436 1790 5487 γε
1821 5419 1889 5472 τὰ

310 5508 543 5582 τέτταρα
575 5511 796 5564 πλείονά
821 5513 965 5565 ἐστιν
994 5513 1026 5585 ἢ
1053 5511 1120 5566 τὰ
1151 5512 1306 5584 τρίαο
1340 5514 1434 5566 καὶ
1479 5511 1538 5564 τὸ
1585 5511 1641 5564 ἓν
1695 5512 1790 5565 καὶ
1821 5510 1891 5563 τά

310 5599 403 5654 δύο
431 5602 574 5656 ¹πόσα
619 5603 784 5658 ἐστίν.
815 5605 948 5658 Οὐδὲ
982 5605 1090 5675 γάρ
1121 5604 1350 5669 ὁπόσους
1401 5604 1616 5675 ἔχουσιν
1641 5605 1734 5657 ἐπὶ
1782 5605 1888 5656 τῶν

310 5696 510 5765 χειρῶν
541 5696 833 5761 δακτύλους
855 5690 998 5750 οὗτοί
1026 5714 1088 5766 γε
1119 5698 1368 5751 δύνανται
1401 5700 1595 5762 εἰπεῖν,
1631 5697 1751 5749 οὐδὲ
1787 5699 1884 5750 πό-

310 5797 466 5858 τερον
493 5788 720 5853 ἕκαστος
741 5789 933 5843 ,αὐτῶν
968 5785 1045 5852 εἷς
1070 5793 1215 5843 ἐστιν
1249 5791 1280 5860 ἢ
1314 5789 1546 5853 πλείους.
1579 5791 1737 5844 Ὥστε
1766 5791 1884 5843 οὐδὲ

596 5905 862 5968 Ριτειοι.
903 5906 1018 5966 Gn.
1056 5904 1228 5969 Xfil.

1993 4590 2220 4657 quinam
2253 4599 2345 4642 aut
2375 4599 2558 4658 gustu,
2589 4601 2683 4645 aut
2705 4593 2845 4655 visu,
2882 4601 2977 4645 aut
3011 4592 3198 4645 auditu
3224 4591 3572 4660 aliquidseso

1995 4680 2148 4749 pati?
2172 4683 2396 4749 quinam
2425 4692 2646 4752 gustare
2673 4699 2731 4738 se
2764 4683 2970 4752 lingua,
3014 4684 3198 4738 videre
3225 4685 3400 4739 oculis
3420 4727 3434 4751 ,
3472 4699 3574 4740 au-

1995 4771 2148 4825 ribus
2175 4772 2474 4827 exaudire?
2497 4773 2728 4844 Aut,qui
2749 4775 2964 4828 tandem
2987 4774 3284 4844 optandum
3316 4775 3570 4841 alterum,

1994 4863 2222 4917 alterum
2249 4863 2561 4936 fugiendum
2585 4881 2706 4922 esse
2721 4868 3093 4937 cognoscunt?
3106 4865 3351 4934 Quorum
3376 4867 3418 4921 si
3439 4867 3574 4922 nihil

1997 4955 2097 5025 ipsi
2129 4967 2366 5023 norunt,
2398 4973 2466 5012 ne
2492 4959 2753 5028 impetum
2781 4960 2998 5029 quidem
3031 4961 3201 5014 ullum
3245 4968 3338 5015 aut
3362 4960 3572 5030 appeti-

1995 5058 2109 5103 tum
2145 5050 2365 5114 habent,
2399 5065 2462 5105 ac
2494 5052 2721 5120 proinde
2754 5067 2854 5105 nec
2906 5054 3204 5107 animantia
3248 5063 3397 5108 sunt.
3432 5053 3568 5107 Nam

1994 5141 2220 5196 ridicule
2253 5141 2496 5211 profecto
2527 5144 2845 5212 loquuntur,
2875 5143 3002 5198 dum
3050 5146 3224 5208 aiunt,
3252 5162 3316 5200 ea
3349 5146 3571 5216 quidem

1997 5234 2099 5288 sibi
2122 5237 2361 5300 evenire,
2383 5237 2475 5303 qni
2501 5244 2680 5290 tamen
2704 5245 2796 5290 aut
2816 5236 3277 5306 quemadmodum
3297 5239 3572 5302 eveniant,

1998 5338 2056 5377 se
2099 5326 2330 5378 nescire.
2364 5323 2467 5390 Qui
2509 5326 2654 5380 enim
2683 5326 2952 5394 ejusmodi
2996 5336 3159 5394 sunt,
3187 5328 3224 5380 ii
3253 5342 3352 5382 nec
3387 5337 3572 5383 utrum

1997 5418 2248 5472 homines
2278 5419 2408 5482 sint,
2441 5433 2540 5473 nec
2569 5427 2754 5473 utrum
2790 5420 2997 5486 vivant,
3029 5421 3297 5476 afﬁrmare
3334 5421 3570 5491 possint,

1999 5511 2244 5580 adeoque
2277 5525 2378 5564 nec
2413 5519 2598 5564 utrum
2643 5511 2849 5581 aliquid
2890 5512 3183 5580 loquantur
3207 5527 3271 5566 ac
3304 5521 3568 5567 statuant.

1998 5603 2135 5658 Cum
2169 5605 2268 5658 hoc
2302 5603 2466 5670 igitur
2501 5603 2786 5658 hominum
2838 5620 3051 5673 genere,
3081 5605 3395 5661 commercii
3440 5605 3573 5675 quid

1999 5696 2220 5749 omnino
2253 5711 2376 5750 esse
2404 5696 2622 5764 possit?
2672 5694 2734 5748 Et
2760 5695 2979 5763 quidem
3025 5697 3224 5750 mirum
3250 5695 3375 5765 jure
3395 5694 3575 5751 videa-

2002 5801 2108 5855 tur,
2147 5805 2239 5844 eos
2277 5789 2583 5854 ἱιιοςαξιοιιο,
2613 5803 2681 5842 an
2708 5788 2762 5842 in
2784 5796 2928 5843 terra
2951 5798 3256 5854 versentur,
3280 5789 3569 5859 ignorare:

3237 5905 3313 5964 Ml
