4090 6382
468 339 608 396 19.65

1175 342 1444 400 EUSEBII
1483 341 1962 398 CKESARIENSIS
2001 341 2152 398 OPP.
2186 342 2367 398 PARS
2391 343 2454 398 ll.
2497 373 2568 387 -ο
2607 339 3106 401 APOLOGETICA.

3613 350 3752 405 i264

464 467 628 520 etiam
693 466 874 520 omnis
929 465 1132 520 futura.
1195 466 1462 520 Similiter
1504 467 1600 536 qui
1654 466 1834 537 aliqua
1885 468 1953 520 de
1994 482 2038 519 rt

2155 465 2278 519 νοῦν
2306 467 2398 521 καὶ
2424 467 2600 535 λόγον.
2640 485 2657 517 ι
2684 462 2798 520 Εἶθ’
2819 467 2943 537 ἑξῆς
2974 468 3216 535 ἐπιλέγει
3241 485 3254 498 ·
3281 489 3298 518 ι
3337 467 3545 520 Ἐσπεὶὸ
3565 468 3774 523 ἕτινῦν·

466 566 561 613 aut
587 557 909 623 deliberant,
939 567 1034 614 aut
1072 558 1288 627 judices
1332 560 1547 624 sedent,
1577 558 1725 628 quod
1753 567 1919 630 agant
1946 559 2048 614 Ιιαο

463 646 669 703 bebunt
695 647 849 702 nihil.
896 648 1162 719 Quodque
1209 649 1369 720 longe
1408 651 1796 720 gravissimum
1835 659 1940 715 est,
1983 650 2050 704 ii—

462 738 587 792 dem
625 737 782 806 probi
836 738 1002 793 simul
1061 748 1220 793 erunt
1274 748 1328 794 et
1373 739 1631 810 improbi,
1668 740 1814 795 idem
1855 740 2051 794 vitium

465 845 531 884 ac
580 830 755 886 virtus
801 831 926 885 erit.
991 829 1315 900 Cujusmodi
1362 832 1624 902 pleraque
1667 832 1772 886 alia
1817 831 2050 902 proferri

465 931 710 992 queant:
757 921 852 976 sed
902 922 1154 993 pluribus
1203 924 1498 979 adversum
1543 925 1680 980 istos
1736 923 2050 978 rationibus

466 1019 548 1073 uti
579 1033 1050 1090 supervacaneum
1084 1019 1176 1086 sit,
1207 1019 1301 1090 qui
1330 1034 1389 1074 se
1439 1036 1540 1076 nec
1587 1020 1792 1075 mentis
1821 1034 1922 1074 nec
1962 1034 2050 1073 ra-

466 1113 628 1167 tionis
665 1111 964 1183 quidquam
985 1113 1185 1168 habere
1209 1113 1563 1167 arbitrantur.
1597 1131 1615 1164 ι
1648 1111 1773 1167 llrec
1799 1113 1907 1180 ille,
1934 1112 2053 1182 qui-

463 1205 834 1276 busdeinoeps
850 1221 971 1276 quae
988 1215 1311 1276 sequuntur,
1333 1206 1611 1278 adjungit:
1640 1227 1658 1258 ι
1682 1205 1746 1260 Et
1765 1207 2046 1276 quoniam,

465 1297 665 1368 inquit,
699 1297 951 1353 nonnulli
1005 1306 1133 1353 sunt
1181 1299 1510 1363 etiamnum,
1544 1297 1635 1369 qui
1663 1315 1882 1354 omnem
1917 1314 2046 1354 sen-

465 1406 589 1447 sum
621 1405 684 1446 ac
726 1391 905 1445 visum
945 1405 1107 1445 omne
1157 1405 1345 1444 verum
1408 1406 1532 1445 esse
1579 1391 1788 1458 velint;
1844 1389 1911 1445 de
1965 1391 2049 1445 his

462 1485 628 1539 etiam
663 1499 836 1553 pauca
887 1482 1156 1538 dicamus.
1222 1482 1408 1538 Vereri
1449 1483 1594 1538 enim
1647 1483 1921 1547 videntur,
1981 1497 2050 1538 ne

463 1575 623 1642 forte,
655 1576 698 1630 si
729 1589 951 1630 sensum
987 1575 1224 1644 aliquem
1255 1573 1452 1629 falsum
1486 1589 1607 1628 esse
1643 1574 1902 1637 dixerint,
1930 1588 2051 1629 cer-

467 1679 574 1724 tam
609 1667 837 1738 proinde
869 1667 1075 1722 nullam
1123 1683 1187 1722 ac
1235 1667 1339 1721 [ide
1385 1667 1608 1737 dignam
1648 1667 1702 1720 in
1747 1665 2048 1736 judicando

460 1761 707 1833 regulam
730 1759 970 1814 habituri
1004 1759 1144 1814 sint:
1179 1773 1280 1813 nec
1301 1758 1508 1812 interea
1533 1757 1740 1817 vident.
1766 1757 1871 1812 hoc
1891 1757 2049 1826 plane

2155 558 2260 610 εἰσί
2299 575 2443 621 τινες
2466 599 2481 621 ,
2521 559 2570 611 οἱ
2613 559 2795 612 πᾶσαν
2825 556 3080 630 αἴσθησιν
3105 560 3199 612 καὶ
3230 561 3413 613 πᾶσαν
3449 561 3750 628 φαντασίαν

2155 649 2330 722 ἀληθῆ
2357 651 2606 720 λέγοντες
2627 647 2787 716 εἶναι,
2820 651 2991 723 μικρά
3014 653 3108 704 καὶ
3149 651 3278 722 περὶ
3333 651 3539 705 τούτων
3584 653 3750 705 εῖπωο

2157 759 2274 812 μεν.
2335 742 2584 796 Ἐοίκασι
2639 743 2748 814 γὰρ
2778 735 2924 796 οὗτοί
2973 759 3038 811 γε
3066 742 3360 796 δεδοικέναι
3381 783 3395 806 ,
3429 744 3662 815 μήποτε,
3699 747 3748 797 εἰ

2152 833 2366 904 ψευδεῖς
2397 835 2602 888 εἴποιεν
2628 835 2914 907 αἰσθήσεις
2942 831 3081 889 εἷναί
3112 853 3287 900 τινας,
3339 835 3440 889 οὐκ
3474 836 3539 889 ἂν
3570 839 3749 907 σχοῖεν

2151 928 2212 980 τὸ
2241 929 2522 1000 κριτήριον
2547 929 2639 982 καὶ
2664 915 2755 981 τὸν
2785 928 2988 983 κανόνα
3020 928 3238 999 βέϐαιον
3261 969 3275 992 ,
3321 927 3427 981 οὐδ’
3464 929 3745 999 ἐχέγγυον.

2153 1020 2265 1088 Οὐχ
2291 1019 2456 1090 ὁρῶσι
2487 1019 2564 1083 δὲ,
2589 1019 2665 1084 ὡς
2694 1020 2794 1074 οὐκ
2819 1019 2885 1073 ἂν
2915 1019 3172 1090 φθάνοιεν
3203 1018 3348 1072 οὕτω
3390 1037 3476 1088 γε,
3531 1022 3624 1072 καὶ
3648 1022 3749 1085 τὰς

2150 1111 2308 1176 δόξας
2333 1113 2552 1178 ἁπάσας
2597 1113 2819 1185 ἀληθεῖς
2845 1115 3242 1183 ἀποφαίνοντες
3261 1130 3274 1143 ·
3303 1113 3473 1167 πολλὰ
3525 1115 3632 1185 γὰρ
3683 1114 3748 1186 δὴ

2152 1208 2244 1259 καὶ
2300 1206 2528 1272 ταύταις
2570 1207 2898 1278 πεφύκαμεν
2951 1208 3198 1280 κρίνειν·
3234 1208 3330 1260 καὶ
3378 1206 3534 1260 οὐδὲν
3584 1203 3749 1278 ἦττον

2150 1299 2390 1366 ἀξιοῦσιν
2418 1301 2598 1356 αὐτῶν
2618 1301 2719 1366 τὰς
2751 1302 2848 1373 μὲν
2869 1301 3088 1371 ἀληθεῖς
3117 1295 3279 1367 εἶναι,
3308 1300 3404 1362 τὰς
3428 1299 3485 1352 δὲ
3508 1299 3745 1368 ψευδεῖς·

2155 1393 2385 1446 Ἔπειτα
2414 1393 2470 1445 δὲ
2505 1392 2724 1446 σκοπῶν
2761 1392 2862 1446 ἴδοι
2890 1410 2974 1456 τις
3005 1393 3092 1454 ἂν,
3119 1391 3244 1444 οὐδὲ
3287 1391 3394 1443 τῶν
3427 1390 3602 1445 ἄλλων
3629 1409 3751 1461 κρι-

2149 1483 2353 1554 τηρίων
2383 1483 2495 1536 alsi-
2516 1483 2610 1538 καὶ
2640 1483 2730 1537 διὰ
2753 1483 2954 1547 παντὸς
2983 1481 3214 1552 ἀψευδὲς
3247 1481 3402 1534 οὐδέν
3423 1498 3436 1511 ·
3468 1475 3580 1535 οἷον
3605 1482 3751 1550 λέγω

2151 1577 2336 1646 ζυγὸν,
2373 1579 2406 1650 ἢ
2453 1579 2662 1652 τόρνον,
2701 1579 2735 1648 ἦ
2790 1597 2840 1632 τι
2883 1578 2992 1632 τῶν
3023 1576 3313 1630 τοιούτων
3365 1575 3479 1630 ἀλλ’
3514 1576 3749 1628 ἕκαστον

2150 1668 2349 1729 αὐτῶν,
2384 1668 2481 1722 ὡδὶ
2517 1669 2617 1740 μὲν
2653 1668 2795 1739 ἕχον,
2832 1668 2981 1736 ὑγιές
3019 1669 3188 1735 ἐστιν,
3220 1667 3318 1721 ὡδὶ
3341 1668 3418 1733 δὲ,
3450 1668 3745 1739 μοχθηρόν·

2153 1761 2248 1813 καὶ
2300 1760 2508 1813 τουτονὶ
2575 1761 2673 1831 μὲν
2703 1759 3003 1830 χρωμένων
3056 1758 3146 1812 τὸν
3179 1758 3380 1830 τρόπον
3415 1799 3429 1822 ,
3467 1757 3749 1828 ἀληθεύει.

463 1856 642 1926 sequi,
695 1863 757 1907 ut
806 1853 1094 1923 Opiniones
1124 1865 1316 1905 omnes
1364 1865 1522 1905 veras
1571 1865 1690 1905 esse
1729 1849 2038 1914 defendant,

2152 1855 2362 1906 τουτονὶ
2394 1853 2472 1913 δὲ,
2524 1852 2797 1919 ψεύδεται.
2832 1852 2943 1905 Καὶ
2975 1852 3080 1923 μὴν
3111 1853 3163 1905 εἴ
3187 1869 3251 1920 γε
3288 1853 3440 1904 πᾶσα
3491 1851 3749 1922 αἴσθησις

463 1962 586 1999 cum
622 1960 810 1999 earum
843 1943 897 1998 in
929 1943 1204 2014 plerisque
1243 1941 1513 2011 judicium
1544 1941 1699 2011 sequi
1731 1941 2043 1996 soleamus:

460 2056 639 2111 neque
673 2049 856 2095 tamen
907 2052 1067 2093 veras
1103 2038 1259 2103 alias,
1310 2036 1449 2092 alias
1497 2044 1689 2090 contra
1723 2034 1888 2092 falsas
1916 2051 2047 2106 pro-

461 2133 714 2186 nuntiare
772 2129 1050 2186 desinunt.
1105 2127 1308 2182 Deinde
1350 2126 1443 2196 qui
1496 2126 1758 2182 attentius
1807 2127 2049 2198 cogitare

461 2225 623 2290 volet,
678 2224 722 2278 is
756 2221 904 2276 alin
939 2238 1005 2277 ex
1035 2221 1102 2276 iis
1129 2220 1286 2286 nihil,
1327 2221 1529 2292 quibus
1560 2230 1819 2292 tanquam
1855 2221 2046 2293 judicii

459 2316 662 2386 regulis
693 2315 920 2380 utimur,
977 2330 1140 2370 omne
1197 2314 1426 2370 omnino
1484 2313 1686 2370 falsum
1721 2329 1785 2370 ac
1831 2329 2046 2385 semper

457 2407 745 2462 excludere
782 2407 1112 2476 comperiet:
1149 2407 1298 2461 verbi
1328 2422 1494 2462 causa
1526 2407 1762 2471 lancem,
1799 2415 2042 2474 tornum,

459 2507 764 2568 cteteraque
799 2498 851 2553 id
896 2513 1087 2569 genus.
1137 2497 1431 2564 Quodlibet
1457 2499 1600 2553 enim
1636 2499 1768 2554 dum
1809 2507 1958 2555 certo
1983 2515 2045 2555 se

458 2591 622 2646 modo
650 2591 834 2653 habet,
869 2606 1064 2647 sanum
1092 2601 1174 2646 est
1200 2609 1213 2645 :
1251 2592 1385 2646 dum
1423 2607 1586 2648 secus
1613 2632 1626 2657 ,
1674 2609 1905 2662 pravum
1935 2611 1948 2648 :
1977 2609 2043 2649 eo

457 2685 586 2738 dum
630 2684 711 2740 sic
741 2683 930 2751 uteris,
965 2699 1156 2739 verum
1209 2693 1329 2750 est;
1391 2685 1522 2740 dum
1583 2685 1764 2749 aliter,
1819 2684 2038 2742 falsum.

455 2775 613 2843 Quod
649 2777 694 2830 si
746 2791 944 2831 sensus
974 2775 1156 2832 omnis
1202 2792 1366 2832 verus
1425 2787 1593 2844 esset,
1639 2788 1852 2834 tantum
1902 2781 2043 2834 inter

454 2883 551 2923 eos
577 2867 913 2923 discriminis
957 2882 1081 2924 esse
1131 2883 1240 2923 non
1273 2869 1517 2924 deberet.
1566 2870 1730 2942 Atqui
1787 2871 2040 2926 cominus

453 2968 600 3014 certe
631 2959 721 3013 alii
750 2969 898 3024 sunt,
931 2960 1150 3014 eminus
1176 2959 1306 3016 alii:
1341 2963 1725 3031 :egrotantium
1762 2978 1826 3017 ac
1856 2963 2042 3018 valen-

455 3049 614 3113 tium,
649 3051 946 3120 peritorum
983 3060 1038 3106 et
1075 3051 1479 3119 imperitorum,
1516 3053 1868 3122 prudentium
1903 3055 2040 3110 stul-

453 3150 744 3210 torumque
784 3140 1101 3197 dissimiles.
1160 3140 1298 3196 Nam
1351 3142 1687 3197 furiosorum
1738 3157 1885 3198 certe
1911 3145 2039 3215 qui-
2069 3171 2116 3232 ρ

437 3233 599 3296 .dem,
635 3242 730 3287 aut
761 3248 953 3288 eorum
992 3235 1088 3304 qui
1141 3249 1426 3304 perperam
1469 3234 1676 3302 aliquid
1709 3235 1892 3290 vident
1936 3253 2035 3292 au-

451 3327 677 3381 diuntve
722 3342 938 3391 sensus,
980 3341 1141 3381 veros
1197 3326 1496 3396 appellare,
1539 3326 1700 3397 longe
1757 3327 2036 3398 ineptissi-

451 3435 602 3474 mum
639 3418 821 3473 fuerit.
879 3419 1045 3489 768
1077 3417 1294 3488 Quippe
1326 3418 1564 3488 simplex
1599 3420 1828 3476 nimium
1869 3421 1914 3477 is
1946 3436 2036 3477 es-

451 3522 556 3576 set,
591 3510 682 3581 qui
717 3527 878 3566 secus
903 3511 1176 3565 videntem
1207 3519 1301 3564 aut
1328 3510 1514 3565 videre
1539 3512 1763 3579 diceret,
1807 3521 1904 3568 aut
1927 3528 2033 3568 non

449 3603 654 3656 videre.
715 3602 904 3669 Quiris
929 3603 1073 3656 enim
1115 3602 1466 3671 respondeat,
1505 3603 1690 3659 videre
1726 3605 1878 3659 illum
1905 3607 2034 3675 qui-

447 3694 593 3755 dem,
620 3703 674 3748 at
709 3709 1012 3762 perperam.
1077 3692 1214 3746 Dum
1252 3703 1434 3749 autem
1466 3695 1676 3750 addunt
1737 3713 1959 3753 sensum
2002 3713 2033 3752 a

448 3785 660 3839 ratione
711 3784 1063 3838 dissidentem
1116 3785 1252 3836 nihil
1303 3785 1524 3850 addere,
1603 3785 1822 3841 auferre
1869 3787 2028 3851 nihil,

447 3893 570 3948 qua:
603 3876 841 3931 maxime
885 3876 1044 3931 obvia
1080 3886 1227 3940 sunt,
1271 3891 1335 3932 ea
1377 3894 1435 3933 se
1501 3895 1607 3933 non
1643 3880 1826 3934 videre
1851 3879 2030 3948 palam

447 3969 759 4025 ostendunt.
801 3965 938 4022 Nam
969 3968 1022 4022 in
1055 3984 1229 4031 remo,
1267 3985 1432 4039 quem
1462 3971 1513 4024 in
1549 3987 1691 4042 aqua
1725 3974 2026 4037 cernimus,

447 4063 502 4115 in
534 4061 785 4131 picturis,
811 4059 1042 4130 aliisque
1076 4063 1374 4126 sexcentis,
1407 4078 1610 4119 sensus
1639 4064 1753 4134 ipse
1796 4080 1900 4121 nos
1927 4064 2029 4118 fal-

447 4153 529 4207 lit.
583 4152 770 4222 ltaque
800 4152 903 4206 hoc
928 4166 1112 4206 rerum
1150 4153 1204 4207 in
1253 4169 1471 4224 genere,
1499 4172 1606 4210 non
1642 4165 1900 4224 mentem,
1937 4158 2028 4212 sed

447 4247 624 4303 visum
657 4248 759 4317 ipsi
795 4257 1045 4304 nostrum
1079 4263 1308 4319 arguere
1352 4252 1763 4307 consuevimus.
1803 4251 1871 4306 Et
1900 4269 2029 4309 vero

443 4357 567 4412 quae
605 4343 989 4414 cogitationem
1039 4360 1258 4400 omnem
1292 4361 1479 4399 veram
1514 4361 1637 4400 esse
1686 4347 2026 4415 pronuntiat,

442 4452 507 4490 ea
540 4452 726 4491 secum
757 4437 871 4508 ipsa
900 4448 1107 4509 pugnat
1145 4441 1348 4493 oratio.
1395 4436 1652 4494 Nostram
1688 4440 1835 4494 enim
1883 4451 2030 4496 certe

2152 1943 2358 2015 ἀληθὴς
2384 1939 2474 2015 ῆν,
2497 1944 2597 1996 οὐκ
2624 1943 2731 1996 ἔδει
2759 1943 3014 1996 τοσοῦτον
3030 1943 3310 2014 διαφέρειν
3335 1943 3524 2008 αὐτάς.
3556 1943 3753 1997 Ἀλλαι

2150 2036 2258 2106 γάρ
2284 2038 2420 2089 εἰσιν
2455 2035 2684 2104 ἐγγύθεν
2717 2035 2810 2088 καὶ
2844 2035 3150 2108 πόρρωθεν,
3183 2035 3275 2089 καὶ
3311 2035 3610 2089 νοσούντων
3655 2037 3752 2089 καὶ

2151 2129 2496 2199 ὲρρωμένων,
2525 2127 2622 2182 καὶ
2645 2128 2905 2198 τεχνιτῶν
2925 2128 3019 2181 καί
3042 2128 3302 2198 ἀτέχνων,
3329 2127 3424 2182 καὶ
3465 2127 3752 2200 φρονίμων

2149 2221 2244 2273 καὶ
2271 2220 2542 2290 ἀφρόνων.
2579 2219 2690 2283 Τάς
2727 2220 2784 2273 δὲ
2817 2219 2878 2290 δὴ
2909 2221 3016 2272 τῶν
3048 2219 3371 2291 μεμηνότων
3394 2220 3748 2275 παντάπασιν

2147 2311 2214 2366 ἂν
2240 2313 2323 2384 εἴη
2355 2313 2553 2367 ἄτοπον
2581 2311 2759 2381 λέγειν
2789 2311 3008 2382 ἀληθεῖς
3025 2308 3186 2375 εἶναι,
3215 2312 3310 2366 καὶ
3335 2312 3437 2375 τὰς
3468 2311 3576 2365 τῶν
3597 2328 3751 2383 παρ·

2150 2405 2400 2478 ορώντων
2443 2405 2534 2458 καὶ
2579 2403 3017 2476 παρακουόντων.
3067 2402 3272 2475 Εύηθες
3324 2403 3432 2475 γάρ
3479 2404 3545 2457 ἂν
3569 2398 3640 2475 ἦν
3687 2404 3752 2456 τὸ

2146 2498 2459 2569 λεγόμενον,
2491 2499 2566 2560 ὡς
2594 2498 2622 2550 ό
2651 2495 2908 2568 παρορῶν
2937 2498 3056 2568 ἦτοι
3094 2497 3196 2568 ὁρᾷ
3224 2496 3257 2568 ἢ
3291 2498 3390 2567 οὐχ
3440 2499 3569 2568 ὁρᾷ.
3601 2497 3744 2568 Φαίη

2146 2591 2254 2662 γὰρ
2280 2591 2346 2644 ἄν
2371 2607 2454 2653 τις
2478 2630 2491 2650 ,
2541 2589 2622 2642 ὅτι
2656 2590 2758 2661 ὁρᾷ
2795 2588 2915 2659 μὲν,
2968 2588 3081 2642 ἀλλ’
3113 2589 3214 2642 οὑκ
3260 2588 3456 2660 ὀρθῶς.
3503 2591 3745 2643 Ὀπόταν

2149 2684 2331 2755 μέντοι
2366 2681 2558 2752 φῶσιν,
2593 2681 2669 2745 ὡς
2705 2684 2738 2752 ἡ
2779 2681 2878 2752 μὲν
2912 2680 3195 2751 αἴσθησις,
3223 2676 3358 2734 οὖσα
3393 2681 3585 2747 ἄλογος
3607 2719 3622 2743 ,
3653 2681 3747 2732 οὑ-

2144 2777 2232 2830 δὲν
2259 2775 2636 2848 προστίθησιν,
2665 2774 2774 2828 οὐδ’
2806 2774 3070 2844 ἀφαιρεῖ,
3114 2773 3396 2842 φαίνονται
3446 2771 3745 2842 τάμποδὼν

2143 2871 2240 2942 οὐχ
2272 2869 2525 2942 ὁρῶντες.
2563 2867 2688 2921 Ἐπὶ
2714 2868 2822 2940 γάρ
2853 2867 2949 2921 τοῦ
2983 2867 3216 2938 ὲρετμοῦ
3254 2865 3348 2920 τοῦ
3372 2869 3429 2919 ἐν
3457 2865 3536 2936 τῷ
3561 2865 3740 2927 ὕδατι,

2144 2964 2284 3017 κάπὶ⁸
2330 2962 2438 3015 τῶν
2474 2960 2724 3033 γραφῶν,
2761 2959 2855 3014 καὶ
2905 2960 3112 3031 μυρίων
3161 2959 3358 3022 ἄλλων,
3417 2958 3744 3030 ήαῖσθησίς

2143 3057 2290 3108 ἐστιν
2323 3053 2664 3127 ήάπατῶσα.
2690 3054 2781 3106 Διὸ
2799 3053 2895 3107 καὶ
2917 3051 3249 3123 μεμφόμεθα
3279 3052 3481 3115 πάντες
3511 3051 3604 3104 ἐπὶ
3627 3049 3742 3104 τῶν

2145 3147 2403 3202 τοιούτων
2445 3146 2506 3200 οὐ
2552 3145 2644 3198 τὸν
2675 3145 2799 3198 νοῦν
2851 3145 3039 3216 ἡμῶν,
3077 3145 3213 3199 ἀλλά
3249 3145 3349 3216 τὴν
3411 3145 3739 3213 φαντασίαν.

2154 3241 2394 3311 Ἐλέγχει
2442 3239 2554 3312 γὰρ
2581 3241 2609 3293 ό
2659 3237 2818 3308 λόγος
2851 3239 3013 3302 αὐτὸς
3062 3239 3286 3302 ἑαυτὸν,
3317 3237 3486 3302 ἀξιῶν
3519 3239 3686 3292 an?"
3711 3252 3744 3287 ν

2141 3334 2318 3404 ἀληθῆ
2347 3332 2647 3401 φαντασίαν
2680 3326 2839 3384 εἶναι.
2865 3331 2975 3402 Τὴν
3005 3331 3112 3402 γὰρ
3133 3331 3426 3402 ἡμετέραν,
3449 3331 3513 3384 δι’
3541 3334 3606 3404 ἦν
3627 3328 3741 3384 οὐκ

2137 3424 2362 3496 οἰόμεθα
2407 3424 2590 3476 πᾶσαν
2629 3416 2766 3474 εἶναι
2801 3420 3080 3490 τοιαύτην,
3126 3422 3294 3493 ψευδῆ
3331 3423 3550 3487 παντως
3591 3425 3735 3477 ἀπ)-

2139 3515 2337 3585 φαίνει.
2375 3513 2669 3584 Συμϐαίνει
2716 3511 2896 3565 τοίνυν
2950 3513 3132 3576 αὐτοῖς
3171 3512 3391 3566 ἃπασαν
3431 3515 3737 3582 φαντασίαν

2137 3606 2309 3679 ἀληθῆ
2351 3604 2646 3676 καὶψευδῆ
2675 3603 2853 3670 λέγειν
2887 3601 3047 3657 εἶναι.
3097 3603 3340 3657 Καθόλου
3384 3605 3441 3658 δὲ
3483 3607 3735 3677 ἁμαρτά-

2135 3718 2336 3765 νουσιν,
2370 3697 2667 3763 ἀξιοῦντες,
2698 3699 2858 3751 ὁποῖα
2888 3697 2954 3751 ἂν
2981 3698 3113 3768 ἡμῖν
3158 3698 3414 3766 φαίνηται
3464 3699 3532 3751 τά
3595 3700 3734 3770 πράέ

2151 3808 2353 3861 γματα,
2380 3787 2605 3842 τοιαῦτα
2639 3789 2733 3842 καὶ
2763 3783 2922 3842 εἷναι.
2951 3787 3272 3841 Τοὺναντίον
3298 3786 3426 3858 γὰρ,
3452 3791 3610 3840 ὁποῖα
3635 3790 3733 3842 πέ-

2137 3899 2295 3952 φυκε,
2323 3880 2546 3934 τοιαῦτα
2571 3881 2844 3950 φαίνεται,
2871 3880 2964 3934 καὶ
2981 3881 3078 3949 οὐχ
3107 3881 3268 3949 ἡμεῖς
3297 3879 3438 3932 αὺτά
3469 3879 3731 3952 ποιοῦμεν

2133 3975 2306 4040 οὓτως
2328 3975 2493 4046 ἔχειν,
2522 3973 2635 4028 ἀλλ’
2669 3975 2762 4027 ὑπ’
2791 3974 3018 4028 ἐκείνων
3042 3973 3196 4026 αὐτοὶ
3215 3972 3571 4045 διατιθέμεθά
3594 3993 3727 4041 πως.

2146 4068 2300 4122 Ἐπεὶ
2344 4067 2436 4121 καὶ
2469 4066 2676 4135 γελοῖον
2711 4066 2794 4138 εἴη
2829 4065 2895 4118 ἂν
2921 4105 2936 4128 ,
2972 4067 3021 4119 εἰ
3075 4064 3491 4137 διανοηθείημεν
3544 4070 3727 4139 ἡμεῖς,

2133 4159 2322 4232 ῶσπερ
2347 4160 2396 4212 οἱ
2425 4157 2708 4229 ζωγράφοι
2748 4159 2843 4211 καὶ
2868 4156 3125 4220 πλάσται,
3148 4157 3422 4220 σκύλακας
3457 4157 3491 4228 ἢ
3544 4161 3729 4231 χιμαί-

2137 4271 2254 4325 ρας,
2286 4251 2470 4320 ἀξιοῦν
2500 4251 2663 4315 εὑθὺς
2698 4247 2837 4304 εἶναι
2860 4250 3055 4316 ταῦτα,
3081 4251 3173 4303 καὶ
3211 4250 3301 4304 διὰ
3332 4251 3492 4304 τοῦτο
3525 4255 3726 4322 φαντα-

2133 4346 2342 4412 ζεσθαι,
2379 4343 2634 4415 καθάπερ
2656 4343 2894 4416 εὐτρεπῆ
2938 4344 3230 4415 παρέσται.
3280 4364 3298 4397 ι
3329 4345 3476 4398 Διότι
3514 4345 3612 4416 μὲν
3638 4341 3726 4399 οὗν

2133 4437 2232 4490 οὐκ
2261 4436 2436 4509 ὀρθῶς
2467 4435 2717 4504 λέγουσιν
2744 4435 2794 4487 οἱ
2822 4436 3125 4504 φάσκοντες
3154 4429 3294 4489 εἶναι
3329 4439 3506 4490 πᾶσαν
3536 4437 3727 4509 αἴσθηο

442 4530 691 4598 quidem,
724 4547 848 4600 quae
872 4547 980 4586 non
1011 4531 1282 4602 ejusmodi
1319 4531 1619 4601 quamlibet
1642 4546 1762 4587 esse
1788 4533 2027 4588 arbitra-

2143 4548 2240 4593 σιν,
2300 4530 2395 4584 καὶ
2428 4530 2606 4583 πᾶσαν
2645 4527 2944 4599 φαντασίαν
2972 4526 3170 4599 ἀληθῆ,
3196 4527 3356 4597 δῆλον
3387 4530 3452 4582 ὲκ
3498 4532 3722 4584 τούτων.

443 4630 550 4688 tur,
579 4620 771 4678 falsam
807 4624 1024 4692 penitus
1047 4639 1168 4679 esse
1190 4624 1486 4679 concludit.
1526 4622 1785 4694 Sequitur
1817 4625 2024 4694 itaque,

440 4723 500 4767 ut
536 4715 711 4770 visum
746 4701 909 4770 omne
936 4731 1125 4771 verum
1157 4717 1320 4772 simul
1364 4733 1428 4772 ac
1452 4715 1656 4771 falsum
1685 4733 1808 4772 esse
1833 4716 2024 4771 defen-

438 4807 590 4862 dant.
627 4808 900 4863 Caeterum
937 4811 1084 4880 quod
1115 4811 1383 4881 ejusmodi
1429 4826 1518 4866 res
1550 4825 1674 4866 esse
1707 4809 1895 4876 velint,
1927 4825 2026 4865 cu-

433 4902 674 4971 jnsmodi
712 4903 868 4959 nobis
895 4904 1173 4967 videntur,
1214 4913 1327 4958 toto
1365 4902 1504 4957 cmlo
1552 4913 1777 4967 errant;
1832 4911 2024 4958 contra

435 4995 604 5059 enim,
636 4995 944 5064 cujusmodi
973 5006 1166 5067 suapte
1219 5005 1414 5050 natura
1445 5003 1595 5059 sunt,
1629 4993 1902 5062 ejusmodi
1939 4995 2020 5048 vi-

433 5086 548 5140 deri
589 5087 798 5142 solent:
842 5105 942 5144 nec
995 5091 1048 5144 in
1089 5104 1258 5144 causa
1293 5103 1486 5143 sumus
1524 5087 1884 5157 quamobrem
1945 5088 2016 5142 ita

434 5196 493 5235 se
518 5181 776 5243 habeant,
820 5183 914 5237 sed
948 5182 1016 5235 ab
1047 5182 1116 5236 iis
1147 5181 1327 5251 potius
1381 5188 1536 5234 certo
1571 5177 1812 5248 quodam
1854 5180 2022 5234 modo

433 5270 720 5326 allicimur.
771 5271 1006 5326 Ridiculi
1052 5273 1334 5325 enimvero
1389 5269 1584 5330 simus,
1635 5267 1681 5323 si
1736 5269 1889 5332 dum,
1944 5269 2021 5323 uti

433 5365 673 5434 pictores
735 5364 1064 5433 fictoresque
1095 5364 1293 5426 solent,
1333 5359 1550 5417 catulos
1590 5369 1686 5414 aut
1731 5360 2019 5415 chimaeras

433 5456 760 5523 cogitamus,
812 5472 876 5510 ea
934 5456 1166 5509 velimus
1213 5468 1334 5510 esse
1381 5453 1664 5520 continuo,
1722 5453 2018 5524 animoque

2147 4621 2306 4674 Ἀλλὰ
2345 4620 2454 4693 γὰρ
2485 4620 2579 4674 κα)⁸
2607 4619 2810 4673 τούτων
2845 4618 3017 4684 οὓτως
3043 4618 3300 4689 ἐχόντων,
3328 4615 3486 4685 αὖθις
3513 4624 3562 4674 οἱ
3600 4626 3724 4694 περὶ

2131 4717 2223 4769 τὸν
2265 4715 2604 4786 Ἐπίκουρον,
2632 4714 2697 4766 ἐκ
2720 4713 2816 4782 τῆς
2874 4712 3237 4784 Ἀριστίππου
3267 4713 3516 4784 διαδοχῆς
3545 4715 3726 4786 ὀρμώι⁵

2136 4823 2306 4878 μενοι,
2339 4808 2517 4859 πάντα
2567 4803 2759 4875 ἡδονῆς
2791 4802 3023 4874 ὲξῆπτον
3068 4804 3162 4856 καὶ
3213 4803 3544 4874 αἰσθήσεως,
3590 4805 3723 4874 μόνα

2132 4898 2202 4953 τά
2233 4899 2379 4969 παθη
2413 4895 2756 4966 καταληπτά,
2810 4897 2903 4948 καὶ⁵
2929 4895 3082 4959 τέλος
3129 4895 3350 4964 ἀγαθῶν
3397 4895 3496 4968 τὴν
3530 4897 3720 4970 ἡδονὴν

2133 4988 2270 5045 εἶναι
2315 4991 2642 5062 ὁριζόμενοι.
2695 4989 2928 5056 Λέγεται
2967 4988 3072 5041 δὲό
3111 4989 3433 5062 Ἐπίκουρος
3477 4990 3583 5042 ὑπὸ
3626 4990 3721 5060 μέν

2133 5102 2294 5138 τινων
2339 5083 2566 5154 μηδενὸς
2615 5081 2934 5152 ἀκηκοέναι,
2968 5083 3212 5151 ἐντυχεῖν
3244 5081 3302 5135 δὲ
3333 5084 3446 5145 τοῖς
3473 5081 3587 5134 τῶν
3622 5099 3724 5135 πα-

2129 5176 2292 5231 λαιῶν
2342 5175 2790 5247 συγγράμμασιν,
2820 5175 2926 5227 ὑπό
2959 5192 3122 5228 τινων
3158 5175 3201 5227 δ’
3233 5176 3317 5229 ὅτι
3353 5176 3520 5247 ῆκουε
3558 5175 3693 5229 Ξενο

2127 5272 2381 5342 κράτους,
2407 5267 2631 5340 ὕστερον
2655 5266 2712 5319 δὲ
2741 5267 2835 5318 καὶ
2870 5266 3256 5334 Ναυσιφάνους
3302 5267 3396 5320 τοῦ
3427 5267 3722 5339 Πύρρωνος

2125 5364 2416 5435 γενομένου
2445 5361 2743 5432 γνωρίμου.
2773 5361 2906 5414 Τίνα
2934 5362 2998 5432 δὴ
3034 5357 3128 5415 οὖν
3169 5361 3263 5416 καὶ
3291 5361 3360 5415 τὰ
3393 5362 3528 5432 πρὸς
3553 5361 3721 5414 αὐτὸν

2125 5453 2495 5525 ἀντειρημένα
2519 5453 2777 5521 τυγχάνει
2803 5451 3147 5523 θεασώμεθα.

433 5545 658 5614 proinde
688 5548 954 5602 rationem
985 5546 1369 5611 informemus,
1403 5563 1510 5618 qua
1566 5546 1756 5599 eadem
1813 5545 1930 5602 suis
1986 5547 2239 5606 absoluta
2283 5543 2527 5599 numeris
2563 5543 2916 5598 lmheamus.»
2989 5547 3166 5615 Atque
3221 5560 3287 5599 ex
3350 5545 3433 5599 his
3488 5546 3719 5600 omnino

429 5644 663 5699 constat,
716 5652 880 5706 quam
951 5637 1093 5691 male
1142 5637 1618 5707 philosophentur,
1673 5635 1768 5705 qui
1825 5651 2042 5693 onmem
2089 5652 2312 5696 sensum
2373 5650 2435 5688 ac
2504 5634 2682 5687 visum
2739 5649 2903 5686 omne
2935 5649 3122 5688 verum
3179 5651 3300 5689 esse
3335 5635 3549 5718 docent.
3605 5634 3718 5694 Nec

429 5726 591 5780 desiit
653 5737 834 5782 tamen
912 5728 1202 5798 Epicurus,
1252 5744 1320 5782 ex
1372 5729 1633 5799 Aristippi
1677 5727 1927 5782 doctrina
1997 5734 2345 5786 occasionem
2395 5727 2797 5796 arripiens,‘ex
2859 5727 3132 5793 voluptate
3191 5727 3374 5779 omnia
3437 5740 3716 5796 sensuque

428 5822 781 5892 suspendere,
830 5824 960 5877 dum
1025 5831 1079 5877 et
1147 5838 1209 5876 ea
1262 5820 1423 5876 modo
1481 5839 1600 5891 quae
1669 5824 1926 5893 patimur,
1979 5821 2362 5896 comprehendi
2427 5835 2608 5890 posse,
2639 5829 2691 5875 et
2726 5819 3182 5873 linem-berorum
3224 5819 3554 5888 voluptatem
3590 5835 3714 5876 esse
