  <div class='ocr_page' id='page_1' title='image "/cluster/home/n/w/nwhite01/storage/ocr_20150623/21/hvd.32044073501165/648.png"; bbox 0 0 4034 6390; ppageno 0'>
   <div class='ocr_carea' id='block_1_1' title="bbox 308 355 463 411">
    <p class='ocr_par' dir='ltr' id='par_1_1' title="bbox 308 355 463 411">
     <span class='ocr_line' id='line_1_1' title="bbox 308 355 463 411; baseline 0.019 -2"><span class='ocrx_word' id='word_1_1' title='bbox 308 355 335 409; x_wconf 72' lang='grc'>1</span> <span class='ocrx_word' id='word_1_2' title='bbox 349 355 463 411; x_wconf 72' lang='lat'><strong>265</strong></span> 
     </span>
    </p>
   </div>
   <div class='ocr_carea' id='block_1_2' title="bbox 1495 351 2464 410">
    <p class='ocr_par' dir='ltr' id='par_1_2' title="bbox 1495 351 2464 410">
     <span class='ocr_line' id='line_1_2' title="bbox 1495 351 2464 410; baseline -0.003 0"><span class='ocrx_word' id='word_1_3' title='bbox 1495 353 1818 410; x_wconf 59' lang='lat' dir='ltr'><strong>PREPAR.</strong></span> <span class='ocrx_word' id='word_1_4' title='bbox 1862 351 2116 410; x_wconf 76' lang='lat' dir='ltr'><strong>EVANG.</strong></span> <span class='ocrx_word' id='word_1_5' title='bbox 2159 351 2288 408; x_wconf 83' lang='lat' dir='ltr'><strong>LIB.</strong></span> <span class='ocrx_word' id='word_1_6' title='bbox 2327 351 2464 409; x_wconf 79' lang='lat' dir='ltr'><strong>XIV.</strong></span> 
     </span>
    </p>
   </div>
   <div class='ocr_carea' id='block_1_3' title="bbox 3454 354 3592 410">
    <p class='ocr_par' dir='ltr' id='par_1_3' title="bbox 3454 354 3592 410">
     <span class='ocr_line' id='line_1_3' title="bbox 3454 354 3592 410; baseline 0 0"><span class='ocrx_word' id='word_1_7' title='bbox 3454 354 3592 410; x_wconf 70' lang='lat'><strong>1266</strong></span> 
     </span>
    </p>
   </div>
   <div class='ocr_carea' id='block_1_4' title="bbox 301 456 3596 550">
    <p class='ocr_par' dir='ltr' id='par_1_4' title="bbox 301 456 3596 550">
     <span class='ocr_line' id='line_1_4' title="bbox 301 456 3596 550; baseline 0.002 -20"><span class='ocrx_word' id='word_1_8' title='bbox 301 484 595 532; x_wconf 81' lang='lat' dir='ltr'><strong>statueret.</strong></span> <span class='ocrx_word' id='word_1_9' title='bbox 635 475 790 532; x_wconf 88' lang='lat' dir='ltr'><strong>llunc</strong></span> <span class='ocrx_word' id='word_1_10' title='bbox 830 474 1078 531; x_wconf 90' lang='lat' dir='ltr'><strong>nonnulli</strong></span> <span class='ocrx_word' id='word_1_11' title='bbox 1133 477 1323 532; x_wconf 86' lang='lat' dir='ltr'><strong>volunt</strong></span> <span class='ocrx_word' id='word_1_12' title='bbox 1375 487 1758 549; x_wconf 61' lang='lat' dir='ltr'><strong>praeceptorem</strong></span> <span class='ocrx_word' id='word_1_13' title='bbox 1801 476 2062 533; x_wconf 83' lang='lat' dir='ltr'><strong>habuisse</strong></span> <span class='ocrx_word' id='word_1_14' title='bbox 2134 456 2430 543; x_wconf 44' lang='lat' dir='ltr'><strong>nemiuem,</strong></span> <span class='ocrx_word' id='word_1_15' title='bbox 2468 474 2562 533; x_wconf 84' lang='lat' dir='ltr'><strong>sed</strong></span> <span class='ocrx_word' id='word_1_16' title='bbox 2612 477 2663 530; x_wconf 83' lang='lat' dir='ltr'><strong>in</strong></span> <span class='ocrx_word' id='word_1_17' title='bbox 2713 470 3066 548; x_wconf 69' lang='lat' dir='ltr'><strong>antiquorum</strong></span> <span class='ocrx_word' id='word_1_18' title='bbox 3127 477 3458 550; x_wconf 88' lang='lat' dir='ltr'><strong>scriptorum</strong></span> <span class='ocrx_word' id='word_1_19' title='bbox 3519 479 3596 535; x_wconf 85' lang='lat' dir='ltr'><strong>lc-</strong></span> 
     </span>
    </p>
   </div>
   <div class='ocr_carea' id='block_1_5' title="bbox 299 569 3594 642">
    <p class='ocr_par' dir='ltr' id='par_1_5' title="bbox 299 569 3594 642">
     <span class='ocr_line' id='line_1_5' title="bbox 299 569 3594 642; baseline 0.001 -20"><span class='ocrx_word' id='word_1_20' title='bbox 299 571 494 624; x_wconf 85' lang='lat' dir='ltr'><strong>ctione</strong></span> <span class='ocrx_word' id='word_1_21' title='bbox 542 578 815 624; x_wconf 88' lang='lat' dir='ltr'><strong>versatum</strong></span> <span class='ocrx_word' id='word_1_22' title='bbox 875 586 1018 625; x_wconf 82' lang='lat' dir='ltr'><strong>esse.</strong></span> <span class='ocrx_word' id='word_1_23' title='bbox 1085 569 1552 628; x_wconf 67' lang='lat' dir='ltr'><strong>AliiXenocratis</strong></span> <span class='ocrx_word' id='word_1_24' title='bbox 1611 573 1869 641; x_wconf 89' lang='lat' dir='ltr'><strong>primum,</strong></span> <span class='ocrx_word' id='word_1_25' title='bbox 1913 571 2038 626; x_wconf 90' lang='lat' dir='ltr'><strong>inde</strong></span> <span class='ocrx_word' id='word_1_26' title='bbox 2069 569 2462 642; x_wconf 83' lang='lat' dir='ltr'><strong>Nausiphanis,</strong></span> <span class='ocrx_word' id='word_1_27' title='bbox 2524 570 2617 639; x_wconf 78' lang='lat' dir='ltr'><strong>qui</strong></span> <span class='ocrx_word' id='word_1_28' title='bbox 2675 569 2978 642; x_wconf 81' lang='lat' dir='ltr'><strong>Pyrrhonis</strong></span> <span class='ocrx_word' id='word_1_29' title='bbox 3022 570 3324 642; x_wconf 82' lang='lat' dir='ltr'><strong>discipulus</strong></span> <span class='ocrx_word' id='word_1_30' title='bbox 3389 572 3594 636; x_wconf 81' lang='lat' dir='ltr'><strong>fuerat,</strong></span> 
     </span>
    </p>
   </div>
   <div class='ocr_carea' id='block_1_6' title="bbox 303 660 3159 735">
    <p class='ocr_par' dir='ltr' id='par_1_6' title="bbox 303 660 3159 735">
     <span class='ocr_line' id='line_1_6' title="bbox 303 660 3159 735; baseline 0 -20"><span class='ocrx_word' id='word_1_31' title='bbox 303 662 618 718; x_wconf 87' lang='lat' dir='ltr'><strong>auditorem</strong></span> <span class='ocrx_word' id='word_1_32' title='bbox 674 663 847 718; x_wconf 79' lang='lat' dir='ltr'><strong>fuisse</strong></span> <span class='ocrx_word' id='word_1_33' title='bbox 879 663 1119 717; x_wconf 90' lang='lat' dir='ltr'><strong>tradunt.</strong></span> <span class='ocrx_word' id='word_1_34' title='bbox 1169 660 1326 718; x_wconf 84' lang='lat' dir='ltr'><strong>Nune</strong></span> <span class='ocrx_word' id='word_1_35' title='bbox 1369 679 1500 735; x_wconf 80' lang='lat' dir='ltr'><strong>ergo</strong></span> <span class='ocrx_word' id='word_1_36' title='bbox 1542 664 1743 734; x_wconf 81' lang='lat' dir='ltr'><strong>quibus</strong></span> <span class='ocrx_word' id='word_1_37' title='bbox 1776 663 1878 718; x_wconf 86' lang='lat' dir='ltr'><strong>iste</strong></span> <span class='ocrx_word' id='word_1_38' title='bbox 1915 677 2137 733; x_wconf 87' lang='lat' dir='ltr'><strong>quoque</strong></span> <span class='ocrx_word' id='word_1_39' title='bbox 2168 661 2473 718; x_wconf 76' lang='lat' dir='ltr'><strong>rationibus</strong></span> <span class='ocrx_word' id='word_1_40' title='bbox 2506 669 2764 733; x_wconf 79' lang='lat' dir='ltr'><strong>urgeatur</strong></span> <span class='ocrx_word' id='word_1_41' title='bbox 2791 661 3159 718; x_wconf 84' lang='lat' dir='ltr'><strong>attendamus.</strong></span> 
     </span>
    </p>
   </div>
   <div class='ocr_carea' id='block_1_7' title="bbox 806 778 1393 833">
    <p class='ocr_par' dir='ltr' id='par_1_7' title="bbox 806 778 1393 833">
     <span class='ocr_line' id='line_1_7' title="bbox 806 778 1393 833; baseline 0.003 -2"><span class='ocrx_word' id='word_1_42' title='bbox 806 778 1205 832; x_wconf 77' lang='grc' dir='ltr'><strong>ΚΕΦΑΛΑΙΟΝ</strong></span> <span class='ocrx_word' id='word_1_43' title='bbox 1263 779 1393 833; x_wconf 75' lang='lat' dir='ltr'><strong>KA’.</strong></span> 
     </span>
    </p>
   </div>
   <div class='ocr_carea' id='block_1_8' title="bbox 297 867 1902 944">
    <p class='ocr_par' dir='ltr' id='par_1_8' title="bbox 297 867 1902 944">
     <span class='ocr_line' id='line_1_8' title="bbox 297 867 1902 944; baseline 0.006 -25"><span class='ocrx_word' id='word_1_44' title='bbox 297 867 468 936; x_wconf 55' lang='lat' dir='ltr'><strong>[lady</strong></span> <span class='ocrx_word' id='word_1_45' title='bbox 487 868 628 934; x_wconf 86' lang='grc' dir='ltr'>τοὺς</span> <span class='ocrx_word' id='word_1_46' title='bbox 657 870 783 944; x_wconf 65' lang='grc' dir='ltr'>κατ’</span> <span class='ocrx_word' id='word_1_47' title='bbox 823 871 1202 944; x_wconf 70' lang='grc' dir='ltr'>Ἐπ.’κουρον,</span> <span class='ocrx_word' id='word_1_48' title='bbox 1238 872 1476 944; x_wconf 62' lang='grc' dir='ltr'><strong>ἡδονὴν</strong></span> <span class='ocrx_word' id='word_1_49' title='bbox 1505 874 1680 940; x_wconf 73' lang='grc' dir='ltr'>τέλος</span> <span class='ocrx_word' id='word_1_50' title='bbox 1721 873 1902 944; x_wconf 77' lang='grc' dir='ltr'>ὁριζο-</span> 
     </span>
    </p>
   </div>
   <div class='ocr_carea' id='block_1_9' title="bbox 687 939 1506 1008">
    <p class='ocr_par' dir='ltr' id='par_1_9' title="bbox 687 939 1506 1008">
     <span class='ocr_line' id='line_1_9' title="bbox 687 939 1506 1008; baseline 0.004 -15"><span class='ocrx_word' id='word_1_51' title='bbox 687 939 932 1008; x_wconf 71' lang='grc' dir='ltr'><strong>μένους.</strong></span> <span class='ocrx_word' id='word_1_52' title='bbox 972 939 1116 996; x_wconf 75' lang='grc' dir='ltr'><strong>Ἀπὸ</strong></span> <span class='ocrx_word' id='word_1_53' title='bbox 1156 939 1272 996; x_wconf 85' lang='grc' dir='ltr'>τοῦ</span> <span class='ocrx_word' id='word_1_54' title='bbox 1299 939 1506 998; x_wconf 73' lang='grc' dir='ltr'><strong>αὐτοῦ.</strong></span> 
     </span>
    </p>
   </div>
   <div class='ocr_carea' id='block_1_10' title="bbox 381 1031 1902 1110">
    <p class='ocr_par' dir='ltr' id='par_1_10' title="bbox 381 1031 1902 1110">
     <span class='ocr_line' id='line_1_10' title="bbox 381 1031 1902 1110; baseline 0.007 -28"><span class='ocrx_word' id='word_1_55' title='bbox 381 1048 401 1081; x_wconf 72' lang='grc' dir='ltr'>ι</span> <span class='ocrx_word' id='word_1_56' title='bbox 437 1031 652 1103; x_wconf 68' lang='grc' dir='ltr'>Ἐπειδὴ</span> <span class='ocrx_word' id='word_1_57' title='bbox 684 1033 798 1085; x_wconf 81' lang='grc' dir='ltr'>ἐστι</span> <span class='ocrx_word' id='word_1_58' title='bbox 820 1032 1021 1100; x_wconf 89' lang='grc' dir='ltr'>γνῶσις</span> <span class='ocrx_word' id='word_1_59' title='bbox 1048 1034 1222 1107; x_wconf 80' lang='grc' dir='ltr'>διττὴ,</span> <span class='ocrx_word' id='word_1_60' title='bbox 1252 1037 1284 1107; x_wconf 79' lang='grc' dir='ltr'>ἡ</span> <span class='ocrx_word' id='word_1_61' title='bbox 1320 1035 1419 1107; x_wconf 83' lang='grc' dir='ltr'>μὲν</span> <span class='ocrx_word' id='word_1_62' title='bbox 1444 1036 1558 1090; x_wconf 89' lang='grc' dir='ltr'><strong>τῶν</strong></span> <span class='ocrx_word' id='word_1_63' title='bbox 1609 1036 1715 1104; x_wconf 77' lang='grc' dir='ltr'><strong>ἔξω</strong></span> <span class='ocrx_word' id='word_1_64' title='bbox 1759 1055 1902 1110; x_wconf 82' lang='grc' dir='ltr'>πρα-</span> 
     </span>
    </p>
   </div>
   <div class='ocr_carea' id='block_1_11' title="bbox 301 1124 1901 1200">
    <p class='ocr_par' dir='ltr' id='par_1_11' title="bbox 301 1124 1901 1200">
     <span class='ocr_line' id='line_1_11' title="bbox 301 1124 1901 1200; baseline 0.004 -23"><span class='ocrx_word' id='word_1_65' title='bbox 301 1124 559 1194; x_wconf 78' lang='grc' dir='ltr'>γμάτων,</span> <span class='ocrx_word' id='word_1_66' title='bbox 591 1127 624 1196; x_wconf 76' lang='grc' dir='ltr'>ἡ</span> <span class='ocrx_word' id='word_1_67' title='bbox 668 1124 724 1178; x_wconf 86' lang='grc' dir='ltr'>δὲ</span> <span class='ocrx_word' id='word_1_68' title='bbox 751 1125 858 1178; x_wconf 87' lang='grc' dir='ltr'><strong>τῶν</strong></span> <span class='ocrx_word' id='word_1_69' title='bbox 893 1127 1023 1198; x_wconf 77' lang='grc' dir='ltr'>ἡμῖν</span> <span class='ocrx_word' id='word_1_70' title='bbox 1052 1129 1286 1198; x_wconf 82' lang='grc' dir='ltr'>αἱρετῶν</span> <span class='ocrx_word' id='word_1_71' title='bbox 1322 1130 1416 1183; x_wconf 77' lang='grc' dir='ltr'><strong>καὶ</strong></span> <span class='ocrx_word' id='word_1_72' title='bbox 1456 1129 1736 1200; x_wconf 78' lang='grc' dir='ltr'>φευκτῶνο</span> <span class='ocrx_word' id='word_1_73' title='bbox 1771 1131 1901 1184; x_wconf 81' lang='grc' dir='ltr'><strong>ἕνιοί</strong></span> 
     </span>
    </p>
   </div>
   <div class='ocr_carea' id='block_1_12' title="bbox 301 1217 1902 1296">
    <p class='ocr_par' dir='ltr' id='par_1_12' title="bbox 301 1217 1902 1296">
     <span class='ocr_line' id='line_1_12' title="bbox 301 1217 1902 1296; baseline 0.004 -27"><span class='ocrx_word' id='word_1_74' title='bbox 301 1233 440 1284; x_wconf 78' lang='grc' dir='ltr'>φασι</span> <span class='ocrx_word' id='word_1_75' title='bbox 460 1217 558 1288; x_wconf 80' lang='grc' dir='ltr'>τῆς</span> <span class='ocrx_word' id='word_1_76' title='bbox 582 1217 848 1289; x_wconf 79' lang='grc' dir='ltr'>αἱρέσεως</span> <span class='ocrx_word' id='word_1_77' title='bbox 884 1220 979 1272; x_wconf 75' lang='grc' dir='ltr'>καὶ</span> <span class='ocrx_word' id='word_1_78' title='bbox 1019 1221 1197 1293; x_wconf 80' lang='grc' dir='ltr'>φυγῆς</span> <span class='ocrx_word' id='word_1_79' title='bbox 1236 1221 1412 1294; x_wconf 84' lang='grc' dir='ltr'>ἀρχὴν</span> <span class='ocrx_word' id='word_1_80' title='bbox 1460 1225 1555 1276; x_wconf 75' lang='grc' dir='ltr'>καὶ</span> <span class='ocrx_word' id='word_1_81' title='bbox 1617 1224 1902 1296; x_wconf 82' lang='grc' dir='ltr'><strong>κριτήριον</strong></span> 
     </span>
    </p>
   </div>
   <div class='ocr_carea' id='block_1_13' title="bbox 301 1311 1892 1386">
    <p class='ocr_par' dir='ltr' id='par_1_13' title="bbox 301 1311 1892 1386">
     <span class='ocr_line' id='line_1_13' title="bbox 301 1311 1892 1386; baseline 0.005 -24"><span class='ocrx_word' id='word_1_82' title='bbox 301 1311 452 1382; x_wconf 75' lang='grc' dir='ltr'>ἔχειν</span> <span class='ocrx_word' id='word_1_83' title='bbox 483 1313 630 1382; x_wconf 77' lang='grc' dir='ltr'><strong>ἡμᾶς</strong></span> <span class='ocrx_word' id='word_1_84' title='bbox 649 1311 748 1381; x_wconf 81' lang='grc' dir='ltr'>τὴν</span> <span class='ocrx_word' id='word_1_85' title='bbox 781 1311 972 1385; x_wconf 72' lang='grc' dir='ltr'>ἡδονὴν</span> <span class='ocrx_word' id='word_1_86' title='bbox 995 1314 1088 1367; x_wconf 74' lang='grc' dir='ltr'>καὶ</span> <span class='ocrx_word' id='word_1_87' title='bbox 1115 1314 1206 1368; x_wconf 82' lang='grc' dir='ltr'>τὸν</span> <span class='ocrx_word' id='word_1_88' title='bbox 1236 1315 1416 1370; x_wconf 85' lang='grc' dir='ltr'><strong>πόνον.</strong></span> <span class='ocrx_word' id='word_1_89' title='bbox 1448 1317 1569 1370; x_wconf 86' lang='grc' dir='ltr'><strong>Ἔτι</strong></span> <span class='ocrx_word' id='word_1_90' title='bbox 1594 1317 1657 1386; x_wconf 76' lang='grc' dir='ltr'>γε</span> <span class='ocrx_word' id='word_1_91' title='bbox 1686 1335 1767 1371; x_wconf 89' lang='grc' dir='ltr'><strong>τοι</strong></span> <span class='ocrx_word' id='word_1_92' title='bbox 1801 1319 1892 1371; x_wconf 74' lang='grc' dir='ltr'>καὶ</span> 
     </span>
    </p>
   </div>
   <div class='ocr_carea' id='block_1_14' title="bbox 302 1402 1900 1482">
    <p class='ocr_par' dir='ltr' id='par_1_14' title="bbox 302 1402 1900 1482">
     <span class='ocr_line' id='line_1_14' title="bbox 302 1402 1900 1482; baseline 0.006 -28"><span class='ocrx_word' id='word_1_93' title='bbox 302 1403 404 1455; x_wconf 76' lang='grc' dir='ltr'><strong>νῦν</strong></span> <span class='ocrx_word' id='word_1_94' title='bbox 434 1402 659 1457; x_wconf 80' lang='grc' dir='ltr'>τοιαῦτα</span> <span class='ocrx_word' id='word_1_95' title='bbox 685 1403 935 1474; x_wconf 82' lang='grc' dir='ltr'>λέγουσιν</span> <span class='ocrx_word' id='word_1_96' title='bbox 967 1407 1166 1478; x_wconf 77' lang='grc' dir='ltr'>οἱπερὶ</span> <span class='ocrx_word' id='word_1_97' title='bbox 1190 1408 1280 1462; x_wconf 76' lang='grc' dir='ltr'>τὸν</span> <span class='ocrx_word' id='word_1_98' title='bbox 1327 1409 1672 1482; x_wconf 77' lang='grc' dir='ltr'>Ἐπίκουρον.</span> <span class='ocrx_word' id='word_1_99' title='bbox 1708 1411 1900 1478; x_wconf 74' lang='grc' dir='ltr'>Ἀναγο</span> 
     </span>
    </p>
   </div>
   <div class='ocr_carea' id='block_1_15' title="bbox 303 1493 1898 1572">
    <p class='ocr_par' dir='ltr' id='par_1_15' title="bbox 303 1493 1898 1572">
     <span class='ocr_line' id='line_1_15' title="bbox 303 1493 1898 1572; baseline 0.004 -22"><span class='ocrx_word' id='word_1_100' title='bbox 303 1496 478 1562; x_wconf 77' lang='grc' dir='ltr'>καξως</span> <span class='ocrx_word' id='word_1_101' title='bbox 496 1493 588 1551; x_wconf 77' lang='grc' dir='ltr'><strong>οὖν</strong></span> <span class='ocrx_word' id='word_1_102' title='bbox 617 1499 730 1570; x_wconf 78' lang='grc' dir='ltr'>ἔχει</span> <span class='ocrx_word' id='word_1_103' title='bbox 757 1500 850 1552; x_wconf 74' lang='grc' dir='ltr'><strong>καὶ</strong></span> <span class='ocrx_word' id='word_1_104' title='bbox 876 1501 1004 1572; x_wconf 78' lang='grc' dir='ltr'>περὶ</span> <span class='ocrx_word' id='word_1_105' title='bbox 1035 1500 1227 1554; x_wconf 88' lang='grc' dir='ltr'>τούτου</span> <span class='ocrx_word' id='word_1_106' title='bbox 1259 1501 1585 1572; x_wconf 66' lang='grc' dir='ltr'>σκέψασθαι.</span> <span class='ocrx_word' id='word_1_107' title='bbox 1632 1503 1898 1556; x_wconf 85' lang='grc' dir='ltr'>Τοσούτου</span> 
     </span>
    </p>
   </div>
   <div class='ocr_carea' id='block_1_16' title="bbox 301 1588 1899 1664">
    <p class='ocr_par' dir='ltr' id='par_1_16' title="bbox 301 1588 1899 1664">
     <span class='ocr_line' id='line_1_16' title="bbox 301 1588 1899 1664; baseline 0.004 -22"><span class='ocrx_word' id='word_1_108' title='bbox 301 1590 488 1644; x_wconf 77' lang='grc' dir='ltr'>τοὶνυν</span> <span class='ocrx_word' id='word_1_109' title='bbox 521 1591 696 1661; x_wconf 73' lang='grc' dir='ltr'>ἔγωγε</span> <span class='ocrx_word' id='word_1_110' title='bbox 721 1591 827 1646; x_wconf 78' lang='grc' dir='ltr'><strong>δέω</strong></span> <span class='ocrx_word' id='word_1_111' title='bbox 847 1592 1048 1662; x_wconf 81' lang='grc' dir='ltr'>λέγειν,</span> <span class='ocrx_word' id='word_1_112' title='bbox 1083 1595 1258 1664; x_wconf 75' lang='grc' dir='ltr'>ἀρχὴν</span> <span class='ocrx_word' id='word_1_113' title='bbox 1283 1588 1539 1648; x_wconf 70' lang='grc' dir='ltr'>εἶναικαὶ</span> <span class='ocrx_word' id='word_1_114' title='bbox 1569 1597 1764 1649; x_wconf 80' lang='grc' dir='ltr'>κανόνα</span> <span class='ocrx_word' id='word_1_115' title='bbox 1793 1597 1899 1649; x_wconf 91' lang='grc' dir='ltr'><strong>τῶν</strong></span> 
     </span>
    </p>
   </div>
   <div class='ocr_carea' id='block_1_17' title="bbox 301 1682 1901 1758">
    <p class='ocr_par' dir='ltr' id='par_1_17' title="bbox 301 1682 1901 1758">
     <span class='ocr_line' id='line_1_17' title="bbox 301 1682 1901 1758; baseline 0.004 -23"><span class='ocrx_word' id='word_1_116' title='bbox 301 1682 530 1749; x_wconf 84' lang='grc' dir='ltr'>ἀγαθῶν</span> <span class='ocrx_word' id='word_1_117' title='bbox 562 1684 792 1736; x_wconf 80' lang='grc' dir='ltr'>καὶτῶν</span> <span class='ocrx_word' id='word_1_118' title='bbox 830 1685 1013 1738; x_wconf 81' lang='grc' dir='ltr'>κακῶν</span> <span class='ocrx_word' id='word_1_119' title='bbox 1071 1686 1131 1738; x_wconf 81' lang='grc' dir='ltr'><strong>τὸ</strong></span> <span class='ocrx_word' id='word_1_120' title='bbox 1181 1686 1373 1750; x_wconf 61' lang='grc' dir='ltr'>πάθος,</span> <span class='ocrx_word' id='word_1_121' title='bbox 1435 1685 1574 1741; x_wconf 84' lang='grc' dir='ltr'>ὥστε</span> <span class='ocrx_word' id='word_1_122' title='bbox 1627 1706 1716 1758; x_wconf 82' lang='grc' dir='ltr'>μοι</span> <span class='ocrx_word' id='word_1_123' title='bbox 1754 1689 1901 1742; x_wconf 83' lang='grc' dir='ltr'>δοκεῖ</span> 
     </span>
    </p>
   </div>
   <div class='ocr_carea' id='block_1_18' title="bbox 300 1775 1898 1853">
    <p class='ocr_par' dir='ltr' id='par_1_18' title="bbox 300 1775 1898 1853">
     <span class='ocr_line' id='line_1_18' title="bbox 300 1775 1898 1853; baseline 0.004 -26"><span class='ocrx_word' id='word_1_124' title='bbox 300 1775 464 1830; x_wconf 66' lang='grc' dir='ltr'>τοῦτό</span> <span class='ocrx_word' id='word_1_125' title='bbox 490 1793 554 1844; x_wconf 84' lang='grc' dir='ltr'>γε</span> <span class='ocrx_word' id='word_1_126' title='bbox 580 1777 710 1829; x_wconf 71' lang='grc' dir='ltr'>αὐτὸ</span> <span class='ocrx_word' id='word_1_127' title='bbox 735 1776 1020 1850; x_wconf 78' lang='grc' dir='ltr'><strong>κριτηρίου</strong></span> <span class='ocrx_word' id='word_1_128' title='bbox 1048 1777 1276 1833; x_wconf 86' lang='grc' dir='ltr'>δεῖσθαι.</span> <span class='ocrx_word' id='word_1_129' title='bbox 1301 1780 1446 1835; x_wconf 85' lang='grc' dir='ltr'>Διότι</span> <span class='ocrx_word' id='word_1_130' title='bbox 1471 1780 1570 1850; x_wconf 78' lang='grc' dir='ltr'><strong>μὲν</strong></span> <span class='ocrx_word' id='word_1_131' title='bbox 1596 1781 1704 1853; x_wconf 83' lang='grc' dir='ltr'>γὰρ</span> <span class='ocrx_word' id='word_1_132' title='bbox 1728 1783 1898 1843; x_wconf 75' lang='grc' dir='ltr'>ἐστιν,</span> 
     </span>
    </p>
   </div>
   <div class='ocr_carea' id='block_1_19' title="bbox 301 1868 1899 1945">
    <p class='ocr_par' dir='ltr' id='par_1_19' title="bbox 301 1868 1899 1945">
     <span class='ocr_line' id='line_1_19' title="bbox 301 1868 1899 1945; baseline 0.003 -23"><span class='ocrx_word' id='word_1_133' title='bbox 301 1868 470 1923; x_wconf 70' lang='grc' dir='ltr'>ἑαυτὸ</span> <span class='ocrx_word' id='word_1_134' title='bbox 497 1869 768 1924; x_wconf 79' lang='grc' dir='ltr'>δείκνυσιν</span> <span class='ocrx_word' id='word_1_135' title='bbox 789 1888 801 1899; x_wconf 88' lang='grc'><strong>·</strong></span> <span class='ocrx_word' id='word_1_136' title='bbox 839 1872 1021 1924; x_wconf 77' lang='grc' dir='ltr'>ὁποῖον</span> <span class='ocrx_word' id='word_1_137' title='bbox 1056 1871 1099 1924; x_wconf 86' lang='grc' dir='ltr'>δ’</span> <span class='ocrx_word' id='word_1_138' title='bbox 1135 1873 1307 1936; x_wconf 78' lang='grc' dir='ltr'>ἐστὶν,</span> <span class='ocrx_word' id='word_1_139' title='bbox 1331 1872 1518 1944; x_wconf 78' lang='grc' dir='ltr'>ἐτέρου</span> <span class='ocrx_word' id='word_1_140' title='bbox 1554 1872 1636 1926; x_wconf 97' lang='grc' dir='ltr'><strong>δεῖ</strong></span> <span class='ocrx_word' id='word_1_141' title='bbox 1658 1873 1751 1927; x_wconf 81' lang='grc' dir='ltr'>τοῦ</span> <span class='ocrx_word' id='word_1_142' title='bbox 1779 1874 1899 1945; x_wconf 85' lang='grc' dir='ltr'>κρί-</span> 
     </span>
    </p>
   </div>
   <div class='ocr_carea' id='block_1_20' title="bbox 302 1962 1899 2036">
    <p class='ocr_par' dir='ltr' id='par_1_20' title="bbox 302 1962 1899 2036">
     <span class='ocr_line' id='line_1_20' title="bbox 302 1962 1899 2036; baseline 0.004 -24"><span class='ocrx_word' id='word_1_143' title='bbox 302 1977 509 2026; x_wconf 84' lang='grc' dir='ltr'>νοντος.</span> <span class='ocrx_word' id='word_1_144' title='bbox 539 1963 600 2014; x_wconf 83' lang='grc' dir='ltr'><strong>ΕΞ</strong></span> <span class='ocrx_word' id='word_1_145' title='bbox 643 1962 741 2033; x_wconf 86' lang='grc' dir='ltr'><strong>μὲν</strong></span> <span class='ocrx_word' id='word_1_146' title='bbox 779 1963 888 2033; x_wconf 71' lang='grc' dir='ltr'>γὰρ</span> <span class='ocrx_word' id='word_1_147' title='bbox 920 1963 1120 2016; x_wconf 87' lang='grc' dir='ltr'>οἰκεῖον</span> <span class='ocrx_word' id='word_1_148' title='bbox 1149 1963 1183 2034; x_wconf 74' lang='grc' dir='ltr'>ἦ</span> <span class='ocrx_word' id='word_1_149' title='bbox 1224 1962 1540 2034; x_wconf 88' lang='grc' dir='ltr'>ἀλλότριον,</span> <span class='ocrx_word' id='word_1_150' title='bbox 1571 1967 1604 2034; x_wconf 83' lang='grc' dir='ltr'><strong>ἡ</strong></span> <span class='ocrx_word' id='word_1_151' title='bbox 1643 1965 1899 2036; x_wconf 76' lang='grc' dir='ltr'>αἴσθησις</span> 
     </span>
    </p>
   </div>
   <div class='ocr_carea' id='block_1_21' title="bbox 300 2054 1897 2128">
    <p class='ocr_par' dir='ltr' id='par_1_21' title="bbox 300 2054 1897 2128">
     <span class='ocr_line' id='line_1_21' title="bbox 300 2054 1897 2128; baseline 0.004 -22"><span class='ocrx_word' id='word_1_152' title='bbox 300 2054 486 2123; x_wconf 76' lang='grc' dir='ltr'>λέγει’</span> <span class='ocrx_word' id='word_1_153' title='bbox 522 2055 750 2128; x_wconf 86' lang='grc' dir='ltr'>πότερον</span> <span class='ocrx_word' id='word_1_154' title='bbox 775 2055 819 2108; x_wconf 80' lang='grc' dir='ltr'><strong>δ’</strong></span> <span class='ocrx_word' id='word_1_155' title='bbox 844 2056 1062 2128; x_wconf 83' lang='grc' dir='ltr'>αἱρετὸν</span> <span class='ocrx_word' id='word_1_156' title='bbox 1095 2057 1127 2128; x_wconf 77' lang='grc' dir='ltr'>ἢ</span> <span class='ocrx_word' id='word_1_157' title='bbox 1158 2059 1416 2127; x_wconf 81' lang='grc' dir='ltr'>φευκτὸν,</span> <span class='ocrx_word' id='word_1_158' title='bbox 1469 2061 1498 2113; x_wconf 88' lang='grc' dir='ltr'>ό</span> <span class='ocrx_word' id='word_1_159' title='bbox 1528 2059 1704 2128; x_wconf 81' lang='grc' dir='ltr'><strong>λόγος.</strong></span> <span class='ocrx_word' id='word_1_160' title='bbox 1734 2061 1897 2114; x_wconf 62' lang='lat' dir='ltr'><strong>Auro!</strong></span> 
     </span>
    </p>
   </div>
   <div class='ocr_carea' id='block_1_22' title="bbox 1933 781 1980 837">
    <p class='ocr_par' dir='ltr' id='par_1_22' title="bbox 1933 781 1980 837">
     <span class='ocr_line' id='line_1_22' title="bbox 1933 781 1980 837; baseline -0.021 0"><span class='ocrx_word' id='word_1_161' title='bbox 1933 781 1980 837; x_wconf 78' lang='grc' dir='ltr'>Α</span> 
     </span>
    </p>
   </div>
   <div class='ocr_carea' id='block_1_23' title="bbox 2586 777 2998 837">
    <p class='ocr_par' dir='ltr' id='par_1_23' title="bbox 2586 777 2998 837">
     <span class='ocr_line' id='line_1_23' title="bbox 2586 777 2998 837; baseline -0.01 0"><span class='ocrx_word' id='word_1_162' title='bbox 2586 779 2817 837; x_wconf 80' lang='lat' dir='ltr'><strong>CAPUT</strong></span> <span class='ocrx_word' id='word_1_163' title='bbox 2860 777 2998 834; x_wconf 69' lang='lat' dir='ltr'><strong>XXI.</strong></span> 
     </span>
    </p>
   </div>
   <div class='ocr_carea' id='block_1_24' title="bbox 2005 871 3590 944">
    <p class='ocr_par' dir='ltr' id='par_1_24' title="bbox 2005 871 3590 944">
     <span class='ocr_line' id='line_1_24' title="bbox 2005 871 3590 944; baseline 0.002 -21"><span class='ocrx_word' id='word_1_164' title='bbox 2005 871 2273 927; x_wconf 79' lang='lat' dir='ltr'><strong>Adversus</strong></span> <span class='ocrx_word' id='word_1_165' title='bbox 2315 871 2623 943; x_wconf 77' lang='lat' dir='ltr'><strong>Epicureos,</strong></span> <span class='ocrx_word' id='word_1_166' title='bbox 2667 873 3104 944; x_wconf 61' lang='lat' dir='ltr'><strong>quiroluptalem</strong></span> <span class='ocrx_word' id='word_1_167' title='bbox 3131 873 3290 944; x_wconf 76' lang='lat' dir='ltr'><strong>ﬁnem</strong></span> <span class='ocrx_word' id='word_1_168' title='bbox 3331 889 3441 927; x_wconf 73' lang='lat' dir='ltr'><strong>esse</strong></span> <span class='ocrx_word' id='word_1_169' title='bbox 3480 871 3590 926; x_wconf 62' lang='lat' dir='ltr'><strong>vel-</strong></span> 
     </span>
    </p>
   </div>
   <div class='ocr_carea' id='block_1_25' title="bbox 2570 943 3044 1005">
    <p class='ocr_par' dir='ltr' id='par_1_25' title="bbox 2570 943 3044 1005">
     <span class='ocr_line' id='line_1_25' title="bbox 2570 943 3044 1005; baseline 0 -8"><span class='ocrx_word' id='word_1_170' title='bbox 2570 945 2700 1005; x_wconf 73' lang='lat' dir='ltr'><strong>lem.</strong></span> <span class='ocrx_word' id='word_1_171' title='bbox 2728 943 2812 997; x_wconf 77' lang='lat' dir='ltr'><strong>Ea:</strong></span> <span class='ocrx_word' id='word_1_172' title='bbox 2844 944 3044 998; x_wconf 77' lang='lat' dir='ltr'><strong>eodem.</strong></span> 
     </span>
    </p>
   </div>
   <div class='ocr_carea' id='block_1_26' title="bbox 2081 1032 3587 1108">
    <p class='ocr_par' dir='ltr' id='par_1_26' title="bbox 2081 1032 3587 1108">
     <span class='ocr_line' id='line_1_26' title="bbox 2081 1032 3587 1108; baseline 0.003 -22"><span class='ocrx_word' id='word_1_173' title='bbox 2081 1054 2099 1085; x_wconf 75' lang='grc' dir='ltr'>ι</span> <span class='ocrx_word' id='word_1_174' title='bbox 2128 1032 2420 1101; x_wconf 84' lang='lat' dir='ltr'><strong>Quoniam,</strong></span> <span class='ocrx_word' id='word_1_175' title='bbox 2453 1035 2630 1106; x_wconf 88' lang='lat' dir='ltr'><strong>inquit</strong></span> <span class='ocrx_word' id='word_1_176' title='bbox 2657 1036 2766 1102; x_wconf 90' lang='lat' dir='ltr'><strong>ille,</strong></span> <span class='ocrx_word' id='word_1_177' title='bbox 2815 1035 3013 1106; x_wconf 81' lang='lat' dir='ltr'><strong>duplex</strong></span> <span class='ocrx_word' id='word_1_178' title='bbox 3043 1034 3376 1104; x_wconf 77' lang='lat' dir='ltr'><strong>cognitionis</strong></span> <span class='ocrx_word' id='word_1_179' title='bbox 3413 1051 3587 1108; x_wconf 75' lang='lat' dir='ltr'><strong>genus</strong></span> 
     </span>
    </p>
   </div>
   <div class='ocr_carea' id='block_1_27' title="bbox 2003 1126 3589 1198">
    <p class='ocr_par' dir='ltr' id='par_1_27' title="bbox 2003 1126 3589 1198">
     <span class='ocr_line' id='line_1_27' title="bbox 2003 1126 3589 1198; baseline 0.001 -18"><span class='ocrx_word' id='word_1_180' title='bbox 2003 1136 2105 1192; x_wconf 92' lang='lat' dir='ltr'><strong>est,</strong></span> <span class='ocrx_word' id='word_1_181' title='bbox 2132 1126 2364 1181; x_wconf 90' lang='lat' dir='ltr'><strong>alterum</strong></span> <span class='ocrx_word' id='word_1_182' title='bbox 2394 1142 2505 1197; x_wconf 89' lang='lat' dir='ltr'><strong>quo</strong></span> <span class='ocrx_word' id='word_1_183' title='bbox 2528 1127 2802 1182; x_wconf 83' lang='lat' dir='ltr'><strong>exteriora</strong></span> <span class='ocrx_word' id='word_1_184' title='bbox 2834 1127 3190 1198; x_wconf 88' lang='lat' dir='ltr'><strong>percipimus,</strong></span> <span class='ocrx_word' id='word_1_185' title='bbox 3221 1127 3452 1182; x_wconf 89' lang='lat' dir='ltr'><strong>alterum</strong></span> <span class='ocrx_word' id='word_1_186' title='bbox 3478 1144 3589 1198; x_wconf 90' lang='lat' dir='ltr'><strong>quo</strong></span> 
     </span>
    </p>
   </div>
   <div class='ocr_carea' id='block_1_28' title="bbox 2003 1220 3592 1294">
    <p class='ocr_par' dir='ltr' id='par_1_28' title="bbox 2003 1220 3592 1294">
     <span class='ocr_line' id='line_1_28' title="bbox 2003 1220 3592 1294; baseline 0.001 -18"><span class='ocrx_word' id='word_1_187' title='bbox 2003 1220 2303 1292; x_wconf 80' lang='lat' dir='ltr'><strong>expetenda</strong></span> <span class='ocrx_word' id='word_1_188' title='bbox 2359 1221 2519 1277; x_wconf 88' lang='lat' dir='ltr'><strong>nobis</strong></span> <span class='ocrx_word' id='word_1_189' title='bbox 2570 1238 2634 1278; x_wconf 88' lang='lat' dir='ltr'><strong>ac</strong></span> <span class='ocrx_word' id='word_1_190' title='bbox 2682 1221 2943 1294; x_wconf 79' lang='lat' dir='ltr'><strong>fugienda</strong></span> <span class='ocrx_word' id='word_1_191' title='bbox 2995 1223 3299 1289; x_wconf 89' lang='lat' dir='ltr'><strong>sentimus,</strong></span> <span class='ocrx_word' id='word_1_192' title='bbox 3333 1221 3592 1287; x_wconf 77' lang='lat' dir='ltr'><strong>exstitere</strong></span> 
     </span>
    </p>
   </div>
   <div class='ocr_carea' id='block_1_29' title="bbox 2003 1313 3588 1387">
    <p class='ocr_par' dir='ltr' id='par_1_29' title="bbox 2003 1313 3588 1387">
     <span class='ocr_line' id='line_1_29' title="bbox 2003 1313 3588 1387; baseline 0.001 -19"><span class='ocrx_word' id='word_1_193' title='bbox 2003 1313 2251 1368; x_wconf 91' lang='lat' dir='ltr'><strong>nonnulli</strong></span> <span class='ocrx_word' id='word_1_194' title='bbox 2281 1314 2374 1384; x_wconf 89' lang='lat' dir='ltr'><strong>qui</strong></span> <span class='ocrx_word' id='word_1_195' title='bbox 2424 1314 2589 1386; x_wconf 80' lang='lat'><strong>769</strong></span> <span class='ocrx_word' id='word_1_196' title='bbox 2629 1314 2920 1371; x_wconf 91' lang='lat' dir='ltr'><strong>electionis</strong></span> <span class='ocrx_word' id='word_1_197' title='bbox 2958 1315 3210 1387; x_wconf 77' lang='lat' dir='ltr'><strong>fugaeque</strong></span> <span class='ocrx_word' id='word_1_198' title='bbox 3256 1314 3588 1385; x_wconf 82' lang='lat' dir='ltr'><strong>principium</strong></span> 
     </span>
    </p>
   </div>
   <div class='ocr_carea' id='block_1_30' title="bbox 2003 1407 3590 1480">
    <p class='ocr_par' dir='ltr' id='par_1_30' title="bbox 2003 1407 3590 1480">
     <span class='ocr_line' id='line_1_30' title="bbox 2003 1407 3590 1480; baseline 0.001 -18"><span class='ocrx_word' id='word_1_199' title='bbox 2003 1421 2068 1462; x_wconf 87' lang='lat' dir='ltr'><strong>ac</strong></span> <span class='ocrx_word' id='word_1_200' title='bbox 2105 1408 2348 1478; x_wconf 83' lang='lat' dir='ltr'><strong>regulam</strong></span> <span class='ocrx_word' id='word_1_201' title='bbox 2381 1407 2437 1463; x_wconf 91' lang='lat' dir='ltr'><strong>in</strong></span> <span class='ocrx_word' id='word_1_202' title='bbox 2470 1408 2656 1474; x_wconf 89' lang='lat' dir='ltr'><strong>nobis,</strong></span> <span class='ocrx_word' id='word_1_203' title='bbox 2690 1408 3024 1478; x_wconf 87' lang='lat' dir='ltr'><strong>voluptatem</strong></span> <span class='ocrx_word' id='word_1_204' title='bbox 3063 1423 3186 1463; x_wconf 91' lang='lat' dir='ltr'><strong>esse</strong></span> <span class='ocrx_word' id='word_1_205' title='bbox 3232 1407 3590 1480; x_wconf 82' lang='lat' dir='ltr'><strong>laboremque</strong></span> 
     </span>
    </p>
   </div>
   <div class='ocr_carea' id='block_1_31' title="bbox 2002 1482 3585 1570">
    <p class='ocr_par' dir='ltr' id='par_1_31' title="bbox 2002 1482 3585 1570">
     <span class='ocr_line' id='line_1_31' title="bbox 2002 1482 3585 1570; baseline 0.002 -18"><span class='ocrx_word' id='word_1_206' title='bbox 2002 1507 2323 1553; x_wconf 88' lang='lat' dir='ltr'><strong>statuerent.</strong></span> <span class='ocrx_word' id='word_1_207' title='bbox 2373 1495 2530 1564; x_wconf 88' lang='lat' dir='ltr'><strong>Quod</strong></span> <span class='ocrx_word' id='word_1_208' title='bbox 2578 1499 2758 1569; x_wconf 87' lang='lat' dir='ltr'><strong>ipsum</strong></span> <span class='ocrx_word' id='word_1_209' title='bbox 2786 1482 3042 1569; x_wconf 72' lang='lat' dir='ltr'><strong>Epicurei</strong></span> <span class='ocrx_word' id='word_1_210' title='bbox 3073 1499 3345 1570; x_wconf 84' lang='lat' dir='ltr'><strong>hodieque</strong></span> <span class='ocrx_word' id='word_1_211' title='bbox 3366 1498 3585 1555; x_wconf 87' lang='lat' dir='ltr'><strong>docent.</strong></span> 
     </span>
    </p>
   </div>
   <div class='ocr_carea' id='block_1_32' title="bbox 2002 1589 3586 1662">
    <p class='ocr_par' dir='ltr' id='par_1_32' title="bbox 2002 1589 3586 1662">
     <span class='ocr_line' id='line_1_32' title="bbox 2002 1589 3586 1662; baseline 0.001 -18"><span class='ocrx_word' id='word_1_212' title='bbox 2002 1589 2183 1656; x_wconf 82' lang='lat' dir='ltr'><strong>Quare</strong></span> <span class='ocrx_word' id='word_1_213' title='bbox 2242 1592 2614 1646; x_wconf 87' lang='lat' dir='ltr'><strong>necessarium</strong></span> <span class='ocrx_word' id='word_1_214' title='bbox 2652 1591 2838 1659; x_wconf 82' lang='lat' dir='ltr'><strong>fuerit,</strong></span> <span class='ocrx_word' id='word_1_215' title='bbox 2876 1593 2980 1648; x_wconf 91' lang='lat' dir='ltr'><strong>bac</strong></span> <span class='ocrx_word' id='word_1_216' title='bbox 3009 1592 3174 1646; x_wconf 89' lang='lat' dir='ltr'><strong>etiam</strong></span> <span class='ocrx_word' id='word_1_217' title='bbox 3206 1606 3309 1647; x_wconf 88' lang='lat' dir='ltr'><strong>nos</strong></span> <span class='ocrx_word' id='word_1_218' title='bbox 3355 1593 3410 1646; x_wconf 92' lang='lat' dir='ltr'><strong>in</strong></span> <span class='ocrx_word' id='word_1_219' title='bbox 3436 1607 3586 1662; x_wconf 73' lang='lat' dir='ltr'><strong>qua:-</strong></span> 
     </span>
    </p>
   </div>
   <div class='ocr_carea' id='block_1_33' title="bbox 2003 1682 3588 1753">
    <p class='ocr_par' dir='ltr' id='par_1_33' title="bbox 2003 1682 3588 1753">
     <span class='ocr_line' id='line_1_33' title="bbox 2003 1682 3588 1753; baseline 0 -16"><span class='ocrx_word' id='word_1_220' title='bbox 2003 1683 2182 1738; x_wconf 89' lang='lat' dir='ltr'><strong>stione</strong></span> <span class='ocrx_word' id='word_1_221' title='bbox 2223 1682 2449 1738; x_wconf 88' lang='lat' dir='ltr'><strong>versari.</strong></span> <span class='ocrx_word' id='word_1_222' title='bbox 2505 1682 2794 1753; x_wconf 86' lang='lat' dir='ltr'><strong>Equidem,</strong></span> <span class='ocrx_word' id='word_1_223' title='bbox 2829 1691 3043 1738; x_wconf 87' lang='lat' dir='ltr'><strong>tantum</strong></span> <span class='ocrx_word' id='word_1_224' title='bbox 3095 1685 3270 1749; x_wconf 90' lang='lat' dir='ltr'><strong>abest,</strong></span> <span class='ocrx_word' id='word_1_225' title='bbox 3313 1693 3373 1739; x_wconf 90' lang='lat' dir='ltr'><strong>ut</strong></span> <span class='ocrx_word' id='word_1_226' title='bbox 3413 1685 3588 1742; x_wconf 85' lang='lat' dir='ltr'><strong>bono-</strong></span> 
     </span>
    </p>
   </div>
   <div class='ocr_carea' id='block_1_34' title="bbox 2002 1777 3588 1848">
    <p class='ocr_par' dir='ltr' id='par_1_34' title="bbox 2002 1777 3588 1848">
     <span class='ocr_line' id='line_1_34' title="bbox 2002 1777 3588 1848; baseline 0.001 -17"><span class='ocrx_word' id='word_1_227' title='bbox 2002 1794 2120 1831; x_wconf 87' lang='lat' dir='ltr'><strong>rum</strong></span> <span class='ocrx_word' id='word_1_228' title='bbox 2171 1777 2518 1832; x_wconf 90' lang='lat' dir='ltr'><strong>malorumve</strong></span> <span class='ocrx_word' id='word_1_229' title='bbox 2581 1777 2914 1848; x_wconf 80' lang='lat' dir='ltr'><strong>principium</strong></span> <span class='ocrx_word' id='word_1_230' title='bbox 2967 1793 3033 1832; x_wconf 89' lang='lat' dir='ltr'><strong>ac</strong></span> <span class='ocrx_word' id='word_1_231' title='bbox 3069 1778 3313 1848; x_wconf 75' lang='lat' dir='ltr'><strong>regulam</strong></span> <span class='ocrx_word' id='word_1_232' title='bbox 3347 1777 3588 1833; x_wconf 82' lang='lat' dir='ltr'><strong>all&#39;ectio-</strong></span> 
     </span>
    </p>
   </div>
   <div class='ocr_carea' id='block_1_35' title="bbox 2001 1868 3588 1940">
    <p class='ocr_par' dir='ltr' id='par_1_35' title="bbox 2001 1868 3588 1940">
     <span class='ocr_line' id='line_1_35' title="bbox 2001 1868 3588 1940; baseline 0 -16"><span class='ocrx_word' id='word_1_233' title='bbox 2001 1886 2127 1924; x_wconf 89' lang='lat' dir='ltr'><strong>nem</strong></span> <span class='ocrx_word' id='word_1_234' title='bbox 2157 1883 2279 1924; x_wconf 89' lang='lat' dir='ltr'><strong>esse</strong></span> <span class='ocrx_word' id='word_1_235' title='bbox 2302 1868 2506 1934; x_wconf 89' lang='lat' dir='ltr'><strong>dicam,</strong></span> <span class='ocrx_word' id='word_1_236' title='bbox 2537 1879 2596 1923; x_wconf 90' lang='lat' dir='ltr'><strong>ut</strong></span> <span class='ocrx_word' id='word_1_237' title='bbox 2629 1870 2779 1923; x_wconf 90' lang='lat' dir='ltr'><strong>illam</strong></span> <span class='ocrx_word' id='word_1_238' title='bbox 2810 1869 2983 1940; x_wconf 86' lang='lat' dir='ltr'><strong>ipsam</strong></span> <span class='ocrx_word' id='word_1_239' title='bbox 3019 1869 3190 1925; x_wconf 88' lang='lat' dir='ltr'><strong>altera</strong></span> <span class='ocrx_word' id='word_1_240' title='bbox 3217 1869 3454 1940; x_wconf 88' lang='lat' dir='ltr'><strong>quadam</strong></span> <span class='ocrx_word' id='word_1_241' title='bbox 3491 1869 3588 1940; x_wconf 78' lang='lat' dir='ltr'><strong>ju-</strong></span> 
     </span>
    </p>
   </div>
   <div class='ocr_carea' id='block_1_36' title="bbox 2000 1960 3584 2033">
    <p class='ocr_par' dir='ltr' id='par_1_36' title="bbox 2000 1960 3584 2033">
     <span class='ocr_line' id='line_1_36' title="bbox 2000 1960 3584 2033; baseline 0.001 -16"><span class='ocrx_word' id='word_1_242' title='bbox 2000 1961 2130 2017; x_wconf 89' lang='lat' dir='ltr'><strong>dicii</strong></span> <span class='ocrx_word' id='word_1_243' title='bbox 2173 1962 2360 2032; x_wconf 79' lang='lat' dir='ltr'><strong>regula</strong></span> <span class='ocrx_word' id='word_1_244' title='bbox 2395 1962 2638 2031; x_wconf 76' lang='lat' dir='ltr'><strong>indigere</strong></span> <span class='ocrx_word' id='word_1_245' title='bbox 2672 1962 3002 2018; x_wconf 78' lang='lat' dir='ltr'><strong>existimem.</strong></span> <span class='ocrx_word' id='word_1_246' title='bbox 3035 1960 3170 2016; x_wconf 87' lang='lat' dir='ltr'><strong>Nam</strong></span> <span class='ocrx_word' id='word_1_247' title='bbox 3202 1962 3349 2033; x_wconf 86' lang='lat' dir='ltr'><strong>quod</strong></span> <span class='ocrx_word' id='word_1_248' title='bbox 3392 1977 3458 2017; x_wconf 87' lang='lat' dir='ltr'><strong>ea</strong></span> <span class='ocrx_word' id='word_1_249' title='bbox 3490 1961 3584 2028; x_wconf 85' lang='lat' dir='ltr'><strong>sit,</strong></span> 
     </span>
    </p>
   </div>
   <div class='ocr_carea' id='block_1_37' title="bbox 2002 2055 3591 2127">
    <p class='ocr_par' dir='ltr' id='par_1_37' title="bbox 2002 2055 3591 2127">
     <span class='ocr_line' id='line_1_37' title="bbox 2002 2055 3591 2127; baseline 0.002 -17"><span class='ocrx_word' id='word_1_250' title='bbox 2002 2055 2243 2110; x_wconf 84' lang='lat' dir='ltr'><strong>ostendit</strong></span> <span class='ocrx_word' id='word_1_251' title='bbox 2278 2056 2394 2124; x_wconf 89' lang='lat' dir='ltr'><strong>ipsa</strong></span> <span class='ocrx_word' id='word_1_252' title='bbox 2429 2071 2526 2125; x_wconf 88' lang='lat' dir='ltr'><strong>per</strong></span> <span class='ocrx_word' id='word_1_253' title='bbox 2552 2071 2702 2111; x_wconf 89' lang='lat' dir='ltr'><strong>sese:</strong></span> <span class='ocrx_word' id='word_1_254' title='bbox 2735 2055 3042 2125; x_wconf 83' lang='lat' dir='ltr'><strong>cujusmodi</strong></span> <span class='ocrx_word' id='word_1_255' title='bbox 3084 2057 3174 2119; x_wconf 88' lang='lat' dir='ltr'><strong>sit,</strong></span> <span class='ocrx_word' id='word_1_256' title='bbox 3241 2057 3337 2127; x_wconf 86' lang='lat' dir='ltr'><strong>qui</strong></span> <span class='ocrx_word' id='word_1_257' title='bbox 3383 2056 3591 2127; x_wconf 73' lang='lat' dir='ltr'><strong>iudicet</strong></span> 
     </span>
    </p>
   </div>
   <div class='ocr_carea' id='block_1_38' title="bbox 301 2133 1889 2219">
    <p class='ocr_par' dir='ltr' id='par_1_38' title="bbox 301 2147 1889 2219">
     <span class='ocr_line' id='line_1_38' title="bbox 301 2147 1889 2219; baseline 0.001 -17"><span class='ocrx_word' id='word_1_258' title='bbox 301 2151 366 2218; x_wconf 86' lang='grc' dir='ltr'><strong>γέ</strong></span> <span class='ocrx_word' id='word_1_259' title='bbox 395 2148 478 2202; x_wconf 82' lang='grc' dir='ltr'>τοί</span> <span class='ocrx_word' id='word_1_260' title='bbox 513 2165 678 2219; x_wconf 81' lang='grc' dir='ltr'>φασιν</span> <span class='ocrx_word' id='word_1_261' title='bbox 699 2149 759 2201; x_wconf 82' lang='grc' dir='ltr'><strong>ού</strong></span> <span class='ocrx_word' id='word_1_262' title='bbox 792 2149 970 2202; x_wconf 84' lang='grc' dir='ltr'>πᾶσαν</span> <span class='ocrx_word' id='word_1_263' title='bbox 994 2147 1184 2219; x_wconf 77' lang='grc' dir='ltr'>ἡδονὴν</span> <span class='ocrx_word' id='word_1_264' title='bbox 1209 2148 1573 2215; x_wconf 75' lang='grc' dir='ltr'>ἀσπάζεσθαι,</span> <span class='ocrx_word' id='word_1_265' title='bbox 1605 2151 1698 2204; x_wconf 67' lang='grc' dir='ltr'><strong>καὶ</strong></span> <span class='ocrx_word' id='word_1_266' title='bbox 1719 2151 1889 2203; x_wconf 77' lang='grc' dir='ltr'>πάντα</span> 
     </span>
    </p>
   </div>
   <div class='ocr_carea' id='block_1_39' title="bbox 1994 2133 3589 2219">
    <p class='ocr_par' dir='ltr' id='par_1_39' title="bbox 2001 2146 3589 2218">
     <span class='ocr_line' id='line_1_39' title="bbox 2001 2146 3589 2218; baseline 0.001 -17"><span class='ocrx_word' id='word_1_267' title='bbox 2001 2147 2167 2201; x_wconf 89' lang='lat' dir='ltr'><strong>alium</strong></span> <span class='ocrx_word' id='word_1_268' title='bbox 2203 2148 2453 2218; x_wconf 88' lang='lat' dir='ltr'><strong>requirit.</strong></span> <span class='ocrx_word' id='word_1_269' title='bbox 2515 2146 2811 2202; x_wconf 85' lang='lat' dir='ltr'><strong>Enimvero</strong></span> <span class='ocrx_word' id='word_1_270' title='bbox 2844 2147 3217 2204; x_wconf 87' lang='lat' dir='ltr'><strong>domesticane</strong></span> <span class='ocrx_word' id='word_1_271' title='bbox 3261 2149 3353 2203; x_wconf 91' lang='lat' dir='ltr'><strong>illa</strong></span> <span class='ocrx_word' id='word_1_272' title='bbox 3391 2149 3484 2217; x_wconf 90' lang='lat' dir='ltr'><strong>sit,</strong></span> <span class='ocrx_word' id='word_1_273' title='bbox 3517 2164 3589 2202; x_wconf 89' lang='lat' dir='ltr'><strong>an</strong></span> 
     </span>
    </p>
   </div>
   <div class='ocr_carea' id='block_1_40' title="bbox 302 2239 1895 2315">
    <p class='ocr_par' dir='ltr' id='par_1_40' title="bbox 302 2239 1895 2315">
     <span class='ocr_line' id='line_1_40' title="bbox 302 2239 1895 2315; baseline 0.001 -20"><span class='ocrx_word' id='word_1_274' title='bbox 302 2243 467 2296; x_wconf 84' lang='grc' dir='ltr'>πόνον</span> <span class='ocrx_word' id='word_1_275' title='bbox 506 2240 890 2313; x_wconf 73' lang='grc' dir='ltr'><strong>ἐκτρέπεσθαι.</strong></span> <span class='ocrx_word' id='word_1_276' title='bbox 927 2239 1098 2296; x_wconf 78' lang='grc' dir='ltr'>Τοῦτο</span> <span class='ocrx_word' id='word_1_277' title='bbox 1119 2241 1175 2293; x_wconf 82' lang='grc' dir='ltr'>δὲ</span> <span class='ocrx_word' id='word_1_278' title='bbox 1220 2243 1536 2315; x_wconf 73' lang='grc' dir='ltr'>συμϐέϐηκε</span> <span class='ocrx_word' id='word_1_279' title='bbox 1589 2245 1684 2296; x_wconf 73' lang='grc' dir='ltr'>καὶ</span> <span class='ocrx_word' id='word_1_280' title='bbox 1752 2244 1895 2313; x_wconf 82' lang='grc' dir='ltr'>μάλα</span> 
     </span>
    </p>
   </div>
   <div class='ocr_carea' id='block_1_41' title="bbox 300 2333 1892 2406">
    <p class='ocr_par' dir='ltr' id='par_1_41' title="bbox 300 2333 1892 2406">
     <span class='ocr_line' id='line_1_41' title="bbox 300 2333 1892 2406; baseline 0 -19"><span class='ocrx_word' id='word_1_281' title='bbox 300 2335 549 2397; x_wconf 81' lang='grc' dir='ltr'>εἰκότως,</span> <span class='ocrx_word' id='word_1_282' title='bbox 585 2333 664 2386; x_wconf 85' lang='grc' dir='ltr'><strong>Τά</strong></span> <span class='ocrx_word' id='word_1_283' title='bbox 690 2335 788 2404; x_wconf 79' lang='grc' dir='ltr'><strong>μὲν</strong></span> <span class='ocrx_word' id='word_1_284' title='bbox 824 2333 932 2405; x_wconf 82' lang='grc' dir='ltr'><strong>γὰρ</strong></span> <span class='ocrx_word' id='word_1_285' title='bbox 980 2334 1239 2406; x_wconf 78' lang='grc' dir='ltr'>κριτήρια</span> <span class='ocrx_word' id='word_1_286' title='bbox 1289 2337 1382 2388; x_wconf 78' lang='grc' dir='ltr'>καὶ</span> <span class='ocrx_word' id='word_1_287' title='bbox 1432 2336 1598 2388; x_wconf 81' lang='grc' dir='ltr'>ἑαυτά</span> <span class='ocrx_word' id='word_1_288' title='bbox 1633 2334 1892 2398; x_wconf 84' lang='grc' dir='ltr'>δείκνυσι,</span> 
     </span>
    </p>
   </div>
   <div class='ocr_carea' id='block_1_42' title="bbox 301 2426 1896 2500">
    <p class='ocr_par' dir='ltr' id='par_1_42' title="bbox 301 2426 1896 2500">
     <span class='ocr_line' id='line_1_42' title="bbox 301 2426 1896 2500; baseline 0 -20"><span class='ocrx_word' id='word_1_289' title='bbox 301 2429 400 2481; x_wconf 74' lang='grc' dir='ltr'>καὶ</span> <span class='ocrx_word' id='word_1_290' title='bbox 431 2427 499 2481; x_wconf 68' lang='grc' dir='ltr'><strong>τὰ</strong></span> <span class='ocrx_word' id='word_1_291' title='bbox 521 2428 816 2498; x_wconf 75' lang='grc' dir='ltr'>κρινόμενα</span> <span class='ocrx_word' id='word_1_292' title='bbox 843 2447 854 2457; x_wconf 87' lang='grc'><strong>·</strong></span> <span class='ocrx_word' id='word_1_293' title='bbox 876 2428 937 2481; x_wconf 86' lang='grc' dir='ltr'>τὸ</span> <span class='ocrx_word' id='word_1_294' title='bbox 964 2428 1147 2498; x_wconf 82' lang='grc' dir='ltr'>μέντοι</span> <span class='ocrx_word' id='word_1_295' title='bbox 1173 2426 1345 2492; x_wconf 81' lang='grc' dir='ltr'>πάθος</span> <span class='ocrx_word' id='word_1_296' title='bbox 1370 2427 1533 2481; x_wconf 78' lang='grc' dir='ltr'>ἑαυτὸ</span> <span class='ocrx_word' id='word_1_297' title='bbox 1560 2427 1745 2500; x_wconf 89' lang='grc' dir='ltr'>μόνον.</span> <span class='ocrx_word' id='word_1_298' title='bbox 1773 2430 1896 2482; x_wconf 81' lang='grc' dir='ltr'>’Ὁτι</span> 
     </span>
    </p>
   </div>
   <div class='ocr_carea' id='block_1_43' title="bbox 299 2518 1897 2593">
    <p class='ocr_par' dir='ltr' id='par_1_43' title="bbox 299 2518 1897 2593">
     <span class='ocr_line' id='line_1_43' title="bbox 299 2518 1897 2593; baseline 0.002 -22"><span class='ocrx_word' id='word_1_299' title='bbox 299 2519 344 2571; x_wconf 78' lang='grc' dir='ltr'>δ’</span> <span class='ocrx_word' id='word_1_300' title='bbox 405 2518 578 2582; x_wconf 74' lang='grc' dir='ltr'>οὕτως</span> <span class='ocrx_word' id='word_1_301' title='bbox 639 2518 750 2589; x_wconf 75' lang='grc' dir='ltr'>ἔχει</span> <span class='ocrx_word' id='word_1_302' title='bbox 831 2519 1202 2592; x_wconf 81' lang='grc' dir='ltr'>μαρτυροῦσιν</span> <span class='ocrx_word' id='word_1_303' title='bbox 1271 2521 1448 2574; x_wconf 84' lang='grc' dir='ltr'>αύτοί.</span> <span class='ocrx_word' id='word_1_304' title='bbox 1503 2521 1722 2593; x_wconf 84' lang='grc' dir='ltr'>Καίπερ</span> <span class='ocrx_word' id='word_1_305' title='bbox 1788 2521 1897 2592; x_wconf 88' lang='grc' dir='ltr'><strong>γάρ</strong></span> 
     </span>
    </p>
   </div>
   <div class='ocr_carea' id='block_1_44' title="bbox 298 2605 1897 2680">
    <p class='ocr_par' dir='ltr' id='par_1_44' title="bbox 298 2605 1897 2680">
     <span class='ocr_line' id='line_1_44' title="bbox 298 2605 1897 2680; baseline -0.002 -17"><span class='ocrx_word' id='word_1_306' title='bbox 298 2607 580 2675; x_wconf 77' lang='grc' dir='ltr'><strong>ἀξιοῦντες</strong></span> <span class='ocrx_word' id='word_1_307' title='bbox 617 2608 838 2662; x_wconf 76' lang='grc' dir='ltr'>ἃπασαν</span> <span class='ocrx_word' id='word_1_308' title='bbox 877 2608 1069 2680; x_wconf 78' lang='grc' dir='ltr'>ἡδονὴν</span> <span class='ocrx_word' id='word_1_309' title='bbox 1116 2607 1318 2678; x_wconf 73' lang='grc' dir='ltr'>ἀγαθὸν</span> <span class='ocrx_word' id='word_1_310' title='bbox 1358 2605 1518 2674; x_wconf 84' lang='grc' dir='ltr'>εἶναι,</span> <span class='ocrx_word' id='word_1_311' title='bbox 1556 2609 1650 2663; x_wconf 78' lang='grc' dir='ltr'>καὶ</span> <span class='ocrx_word' id='word_1_312' title='bbox 1713 2611 1897 2662; x_wconf 86' lang='grc' dir='ltr'>πᾶσαν</span> 
     </span>
    </p>
   </div>
   <div class='ocr_carea' id='block_1_45' title="bbox 298 2700 1899 2775">
    <p class='ocr_par' dir='ltr' id='par_1_45' title="bbox 298 2700 1899 2775">
     <span class='ocr_line' id='line_1_45' title="bbox 298 2700 1899 2775; baseline -0.001 -20"><span class='ocrx_word' id='word_1_313' title='bbox 298 2703 570 2775; x_wconf 76' lang='grc' dir='ltr'><strong>ἀλγηδόνα</strong></span> <span class='ocrx_word' id='word_1_314' title='bbox 600 2702 766 2756; x_wconf 75' lang='grc' dir='ltr'>κακὸν</span> <span class='ocrx_word' id='word_1_315' title='bbox 785 2743 799 2766; x_wconf 93' lang='grc'><strong>,</strong></span> <span class='ocrx_word' id='word_1_316' title='bbox 830 2703 982 2774; x_wconf 82' lang='grc' dir='ltr'><strong>ὅμως</strong></span> <span class='ocrx_word' id='word_1_317' title='bbox 1019 2702 1118 2755; x_wconf 89' lang='grc' dir='ltr'><strong>οὐκ</strong></span> <span class='ocrx_word' id='word_1_318' title='bbox 1147 2701 1234 2756; x_wconf 87' lang='grc' dir='ltr'><strong>ἀεί</strong></span> <span class='ocrx_word' id='word_1_319' title='bbox 1260 2718 1392 2770; x_wconf 83' lang='grc' dir='ltr'>φασι</span> <span class='ocrx_word' id='word_1_320' title='bbox 1420 2701 1532 2754; x_wconf 85' lang='grc' dir='ltr'>δεῖν</span> <span class='ocrx_word' id='word_1_321' title='bbox 1561 2700 1658 2772; x_wconf 81' lang='grc' dir='ltr'><strong>τὴν</strong></span> <span class='ocrx_word' id='word_1_322' title='bbox 1687 2701 1784 2771; x_wconf 82' lang='grc' dir='ltr'><strong>μὲν</strong></span> <span class='ocrx_word' id='word_1_323' title='bbox 1823 2701 1899 2753; x_wconf 82' lang='grc' dir='ltr'>αἰ·</span> 
     </span>
    </p>
   </div>
   <div class='ocr_carea' id='block_1_46' title="bbox 301 2792 1898 2868">
    <p class='ocr_par' dir='ltr' id='par_1_46' title="bbox 301 2792 1898 2868">
     <span class='ocr_line' id='line_1_46' title="bbox 301 2792 1898 2868; baseline -0.004 -18"><span class='ocrx_word' id='word_1_324' title='bbox 301 2796 550 2868; x_wconf 83' lang='grc' dir='ltr'>ρεῖσθαι,</span> <span class='ocrx_word' id='word_1_325' title='bbox 591 2796 690 2868; x_wconf 77' lang='grc' dir='ltr'><strong>τὴν</strong></span> <span class='ocrx_word' id='word_1_326' title='bbox 742 2795 799 2850; x_wconf 88' lang='grc' dir='ltr'><strong>δὲ</strong></span> <span class='ocrx_word' id='word_1_327' title='bbox 842 2795 1088 2864; x_wconf 77' lang='grc' dir='ltr'>φεύγεινο</span> <span class='ocrx_word' id='word_1_328' title='bbox 1129 2794 1445 2866; x_wconf 82' lang='grc' dir='ltr'>μετρεῖσθαι</span> <span class='ocrx_word' id='word_1_329' title='bbox 1484 2794 1593 2864; x_wconf 80' lang='grc' dir='ltr'><strong>γὰρ</strong></span> <span class='ocrx_word' id='word_1_330' title='bbox 1650 2793 1791 2846; x_wconf 84' lang='grc' dir='ltr'><strong>αύτά</strong></span> <span class='ocrx_word' id='word_1_331' title='bbox 1820 2792 1898 2863; x_wconf 79' lang='grc' dir='ltr'><strong>τῷ</strong></span> 
     </span>
    </p>
   </div>
   <div class='ocr_carea' id='block_1_47' title="bbox 301 2882 1898 2960">
    <p class='ocr_par' dir='ltr' id='par_1_47' title="bbox 301 2882 1898 2960">
     <span class='ocr_line' id='line_1_47' title="bbox 301 2882 1898 2960; baseline -0.003 -17"><span class='ocrx_word' id='word_1_332' title='bbox 301 2889 475 2960; x_wconf 85' lang='grc' dir='ltr'>ποσῷ,</span> <span class='ocrx_word' id='word_1_333' title='bbox 499 2891 549 2942; x_wconf 88' lang='grc' dir='ltr'><strong>εἰ</strong></span> <span class='ocrx_word' id='word_1_334' title='bbox 581 2889 674 2943; x_wconf 76' lang='grc' dir='ltr'>καὶ</span> <span class='ocrx_word' id='word_1_335' title='bbox 703 2889 764 2941; x_wconf 87' lang='grc' dir='ltr'><strong>ού</strong></span> <span class='ocrx_word' id='word_1_336' title='bbox 801 2887 881 2959; x_wconf 85' lang='grc' dir='ltr'>τῷ</span> <span class='ocrx_word' id='word_1_337' title='bbox 915 2886 1072 2958; x_wconf 80' lang='grc' dir='ltr'>ποιῷ.</span> <span class='ocrx_word' id='word_1_338' title='bbox 1103 2887 1270 2958; x_wconf 83' lang='grc' dir='ltr'>Δῆλον</span> <span class='ocrx_word' id='word_1_339' title='bbox 1299 2882 1411 2950; x_wconf 75' lang='grc' dir='ltr'>οὖν,</span> <span class='ocrx_word' id='word_1_340' title='bbox 1443 2885 1517 2950; x_wconf 81' lang='grc' dir='ltr'><strong>ὼς</strong></span> <span class='ocrx_word' id='word_1_341' title='bbox 1545 2886 1606 2939; x_wconf 88' lang='grc' dir='ltr'><strong>τό</strong></span> <span class='ocrx_word' id='word_1_342' title='bbox 1641 2902 1703 2955; x_wconf 89' lang='grc' dir='ltr'>γε</span> <span class='ocrx_word' id='word_1_343' title='bbox 1733 2885 1898 2939; x_wconf 83' lang='grc' dir='ltr'>ποσὸν</span> 
     </span>
    </p>
   </div>
   <div class='ocr_carea' id='block_1_48' title="bbox 298 2980 1898 3054">
    <p class='ocr_par' dir='ltr' id='par_1_48' title="bbox 298 2980 1898 3054">
     <span class='ocr_line' id='line_1_48' title="bbox 298 2980 1898 3054; baseline -0.001 -18"><span class='ocrx_word' id='word_1_344' title='bbox 298 2984 455 3038; x_wconf 72' lang='grc' dir='ltr'>οὐδὲν</span> <span class='ocrx_word' id='word_1_345' title='bbox 480 2983 650 3054; x_wconf 85' lang='grc' dir='ltr'>ἀλλ’ἢ</span> <span class='ocrx_word' id='word_1_346' title='bbox 684 2985 711 3036; x_wconf 84' lang='grc' dir='ltr'>ὁ</span> <span class='ocrx_word' id='word_1_347' title='bbox 737 2983 895 3052; x_wconf 87' lang='grc' dir='ltr'>λόγος</span> <span class='ocrx_word' id='word_1_348' title='bbox 929 2983 1126 3054; x_wconf 85' lang='grc' dir='ltr'>κρίνει.</span> <span class='ocrx_word' id='word_1_349' title='bbox 1165 2982 1238 3035; x_wconf 82' lang='grc' dir='ltr'>Τὸ</span> <span class='ocrx_word' id='word_1_350' title='bbox 1271 2982 1380 3053; x_wconf 82' lang='grc' dir='ltr'>γὰρ</span> <span class='ocrx_word' id='word_1_351' title='bbox 1406 3020 1421 3043; x_wconf 89' lang='grc'><strong>,</strong></span> <span class='ocrx_word' id='word_1_352' title='bbox 1461 2980 1720 3052; x_wconf 80' lang='grc' dir='ltr'>Ἀμεινόν</span> <span class='ocrx_word' id='word_1_353' title='bbox 1751 2982 1898 3035; x_wconf 78' lang='grc' dir='ltr'>ἐστιν</span> 
     </span>
    </p>
   </div>
   <div class='ocr_carea' id='block_1_49' title="bbox 299 3073 1893 3149">
    <p class='ocr_par' dir='ltr' id='par_1_49' title="bbox 299 3073 1893 3149">
     <span class='ocr_line' id='line_1_49' title="bbox 299 3073 1893 3149; baseline -0.003 -18"><span class='ocrx_word' id='word_1_354' title='bbox 299 3079 592 3149; x_wconf 83' lang='grc' dir='ltr'>ὑπομεῖναι</span> <span class='ocrx_word' id='word_1_355' title='bbox 621 3077 809 3130; x_wconf 87' lang='grc' dir='ltr'>τούσδε</span> <span class='ocrx_word' id='word_1_356' title='bbox 831 3076 986 3140; x_wconf 80' lang='grc' dir='ltr'>τινὰς</span> <span class='ocrx_word' id='word_1_357' title='bbox 1009 3077 1136 3139; x_wconf 77' lang='grc' dir='ltr'>τοὺς</span> <span class='ocrx_word' id='word_1_358' title='bbox 1167 3076 1386 3139; x_wconf 86' lang='grc' dir='ltr'>πόνους,</span> <span class='ocrx_word' id='word_1_359' title='bbox 1415 3076 1565 3132; x_wconf 73' lang='grc' dir='ltr'><strong>ὅπως</strong></span> <span class='ocrx_word' id='word_1_360' title='bbox 1589 3073 1782 3147; x_wconf 82' lang='grc' dir='ltr'>ἡσθείη</span> <span class='ocrx_word' id='word_1_361' title='bbox 1793 3092 1893 3142; x_wconf 87' lang='grc' dir='ltr'>μεν</span> 
     </span>
    </p>
   </div>
   <div class='ocr_carea' id='block_1_50' title="bbox 298 3165 1896 3241">
    <p class='ocr_par' dir='ltr' id='par_1_50' title="bbox 298 3165 1896 3241">
     <span class='ocr_line' id='line_1_50' title="bbox 298 3165 1896 3241; baseline -0.002 -20"><span class='ocrx_word' id='word_1_362' title='bbox 298 3169 494 3238; x_wconf 69' lang='grc' dir='ltr'>ἡδονὰς</span> <span class='ocrx_word' id='word_1_363' title='bbox 525 3165 743 3239; x_wconf 77' lang='grc' dir='ltr'><strong>μείζους</strong></span> <span class='ocrx_word' id='word_1_364' title='bbox 764 3184 776 3198; x_wconf 90' lang='grc'><strong>·</strong></span> <span class='ocrx_word' id='word_1_365' title='bbox 820 3168 914 3221; x_wconf 76' lang='grc' dir='ltr'>καὶ</span> <span class='ocrx_word' id='word_1_366' title='bbox 943 3167 1026 3231; x_wconf 75' lang='grc' dir='ltr'>τὸ,</span> <span class='ocrx_word' id='word_1_367' title='bbox 1061 3167 1339 3238; x_wconf 69' lang='grc' dir='ltr'>Συμφέρει</span> <span class='ocrx_word' id='word_1_368' title='bbox 1372 3166 1540 3220; x_wconf 83' lang='grc' dir='ltr'>τῶνδέ</span> <span class='ocrx_word' id='word_1_369' title='bbox 1567 3183 1728 3219; x_wconf 88' lang='grc' dir='ltr'>τινων</span> <span class='ocrx_word' id='word_1_370' title='bbox 1758 3167 1896 3241; x_wconf 78' lang='grc' dir='ltr'><strong>ἀπέ-</strong></span> 
     </span>
    </p>
   </div>
   <div class='ocr_carea' id='block_1_51' title="bbox 299 3260 1897 3334">
    <p class='ocr_par' dir='ltr' id='par_1_51' title="bbox 299 3260 1897 3334">
     <span class='ocr_line' id='line_1_51' title="bbox 299 3260 1897 3334; baseline 0 -20"><span class='ocrx_word' id='word_1_371' title='bbox 299 3262 491 3332; x_wconf 82' lang='grc' dir='ltr'>χεσθαι</span> <span class='ocrx_word' id='word_1_372' title='bbox 516 3261 623 3315; x_wconf 85' lang='grc' dir='ltr'><strong>τῶν</strong></span> <span class='ocrx_word' id='word_1_373' title='bbox 657 3260 878 3332; x_wconf 80' lang='grc' dir='ltr'><strong>ἡδονῶν,</strong></span> <span class='ocrx_word' id='word_1_374' title='bbox 906 3261 995 3316; x_wconf 84' lang='grc' dir='ltr'>ἴνα</span> <span class='ocrx_word' id='word_1_375' title='bbox 1021 3263 1094 3334; x_wconf 82' lang='grc' dir='ltr'>μὴ</span> <span class='ocrx_word' id='word_1_376' title='bbox 1121 3263 1376 3333; x_wconf 78' lang='grc' dir='ltr'><strong>ἀλγῶμεν</strong></span> <span class='ocrx_word' id='word_1_377' title='bbox 1407 3261 1705 3333; x_wconf 83' lang='grc' dir='ltr'>ἀλγηδόνας</span> <span class='ocrx_word' id='word_1_378' title='bbox 1739 3262 1897 3332; x_wconf 87' lang='grc' dir='ltr'>χαλε-</span> 
     </span>
    </p>
   </div>
   <div class='ocr_carea' id='block_1_52' title="bbox 300 3353 1896 3426">
    <p class='ocr_par' dir='ltr' id='par_1_52' title="bbox 300 3353 1896 3426">
     <span class='ocr_line' id='line_1_52' title="bbox 300 3353 1896 3426; baseline 0.001 -20"><span class='ocrx_word' id='word_1_379' title='bbox 300 3354 575 3426; x_wconf 81' lang='grc' dir='ltr'>πωτέρας,</span> <span class='ocrx_word' id='word_1_380' title='bbox 633 3355 728 3408; x_wconf 70' lang='grc' dir='ltr'><strong>καὶ</strong></span> <span class='ocrx_word' id='word_1_381' title='bbox 783 3354 963 3408; x_wconf 82' lang='grc' dir='ltr'>πάντα</span> <span class='ocrx_word' id='word_1_382' title='bbox 997 3355 1065 3407; x_wconf 78' lang='grc' dir='ltr'>τὰ</span> <span class='ocrx_word' id='word_1_383' title='bbox 1100 3355 1361 3419; x_wconf 69' lang='grc' dir='ltr'>τοιαῦτα,</span> <span class='ocrx_word' id='word_1_384' title='bbox 1425 3355 1583 3422; x_wconf 81' lang='grc' dir='ltr'>λόγος</span> <span class='ocrx_word' id='word_1_385' title='bbox 1611 3355 1640 3405; x_wconf 83' lang='grc' dir='ltr'><strong>ὁ</strong></span> <span class='ocrx_word' id='word_1_386' title='bbox 1695 3353 1896 3426; x_wconf 81' lang='grc' dir='ltr'>κρίνων</span> 
     </span>
    </p>
   </div>
   <div class='ocr_carea' id='block_1_53' title="bbox 297 3445 1891 3517">
    <p class='ocr_par' dir='ltr' id='par_1_53' title="bbox 297 3445 1891 3517">
     <span class='ocr_line' id='line_1_53' title="bbox 297 3445 1891 3517; baseline 0 -18"><span class='ocrx_word' id='word_1_387' title='bbox 297 3447 464 3500; x_wconf 78' lang='grc' dir='ltr'>ἐστίν.</span> <span class='ocrx_word' id='word_1_388' title='bbox 507 3447 580 3500; x_wconf 81' lang='grc' dir='ltr'><strong>Τὸ</strong></span> <span class='ocrx_word' id='word_1_389' title='bbox 615 3447 662 3500; x_wconf 83' lang='grc' dir='ltr'>δ’</span> <span class='ocrx_word' id='word_1_390' title='bbox 696 3447 817 3501; x_wconf 84' lang='grc' dir='ltr'>ὅλον</span> <span class='ocrx_word' id='word_1_391' title='bbox 846 3487 861 3511; x_wconf 95' lang='grc'><strong>,</strong></span> <span class='ocrx_word' id='word_1_392' title='bbox 908 3447 964 3499; x_wconf 87' lang='grc' dir='ltr'>αἰ</span> <span class='ocrx_word' id='word_1_393' title='bbox 1008 3446 1106 3517; x_wconf 83' lang='grc' dir='ltr'><strong>μὲν</strong></span> <span class='ocrx_word' id='word_1_394' title='bbox 1143 3445 1428 3515; x_wconf 75' lang='grc' dir='ltr'>αἰσθήσεις</span> <span class='ocrx_word' id='word_1_395' title='bbox 1471 3446 1563 3499; x_wconf 75' lang='grc' dir='ltr'>καὶ</span> <span class='ocrx_word' id='word_1_396' title='bbox 1601 3447 1658 3499; x_wconf 85' lang='grc' dir='ltr'>αἰ</span> <span class='ocrx_word' id='word_1_397' title='bbox 1689 3463 1891 3516; x_wconf 85' lang='grc' dir='ltr'>φαντα-</span> 
     </span>
    </p>
   </div>
   <div class='ocr_carea' id='block_1_54' title="bbox 300 3534 1885 3608">
    <p class='ocr_par' dir='ltr' id='par_1_54' title="bbox 300 3534 1885 3608">
     <span class='ocr_line' id='line_1_54' title="bbox 300 3534 1885 3608; baseline 0 -20"><span class='ocrx_word' id='word_1_398' title='bbox 300 3536 413 3589; x_wconf 79' lang='grc' dir='ltr'>σίαι</span> <span class='ocrx_word' id='word_1_399' title='bbox 454 3536 756 3608; x_wconf 72' lang='grc' dir='ltr'>καθαπερεὶ</span> <span class='ocrx_word' id='word_1_400' title='bbox 803 3535 1086 3608; x_wconf 84' lang='grc' dir='ltr'>κάτοπτρα</span> <span class='ocrx_word' id='word_1_401' title='bbox 1135 3534 1228 3588; x_wconf 70' lang='grc' dir='ltr'>καὶ</span> <span class='ocrx_word' id='word_1_402' title='bbox 1259 3535 1468 3598; x_wconf 75' lang='grc' dir='ltr'>εἰκόνες</span> <span class='ocrx_word' id='word_1_403' title='bbox 1517 3535 1723 3588; x_wconf 78' lang='grc' dir='ltr'>ἐοίκασι</span> <span class='ocrx_word' id='word_1_404' title='bbox 1778 3536 1885 3588; x_wconf 88' lang='grc' dir='ltr'><strong>τῶν</strong></span> 
     </span>
    </p>
   </div>
   <div class='ocr_carea' id='block_1_55' title="bbox 298 3622 1882 3700">
    <p class='ocr_par' dir='ltr' id='par_1_55' title="bbox 298 3622 1882 3700">
     <span class='ocr_line' id='line_1_55' title="bbox 298 3622 1882 3700; baseline -0.001 -19"><span class='ocrx_word' id='word_1_405' title='bbox 298 3629 643 3699; x_wconf 74' lang='grc' dir='ltr'>πραγμάτων</span> <span class='ocrx_word' id='word_1_406' title='bbox 677 3622 851 3681; x_wconf 71' lang='grc' dir='ltr'>εἶναι’</span> <span class='ocrx_word' id='word_1_407' title='bbox 885 3627 954 3682; x_wconf 78' lang='grc' dir='ltr'>τὰ</span> <span class='ocrx_word' id='word_1_408' title='bbox 978 3628 1162 3700; x_wconf 80' lang='grc' dir='ltr'>μέντοι</span> <span class='ocrx_word' id='word_1_409' title='bbox 1191 3626 1336 3698; x_wconf 86' lang='grc' dir='ltr'>πάθη</span> <span class='ocrx_word' id='word_1_410' title='bbox 1364 3668 1378 3692; x_wconf 96' lang='grc'><strong>,</strong></span> <span class='ocrx_word' id='word_1_411' title='bbox 1417 3627 1511 3680; x_wconf 74' lang='grc' dir='ltr'>καὶ</span> <span class='ocrx_word' id='word_1_412' title='bbox 1550 3629 1604 3681; x_wconf 89' lang='grc' dir='ltr'>αἰ</span> <span class='ocrx_word' id='word_1_413' title='bbox 1660 3627 1845 3698; x_wconf 75' lang='grc' dir='ltr'>ἡδοναί</span> <span class='ocrx_word' id='word_1_414' title='bbox 1868 3668 1882 3691; x_wconf 93' lang='grc'><strong>,</strong></span> 
     </span>
    </p>
   </div>
   <div class='ocr_carea' id='block_1_56' title="bbox 299 3719 1882 3794">
    <p class='ocr_par' dir='ltr' id='par_1_56' title="bbox 299 3719 1882 3794">
     <span class='ocr_line' id='line_1_56' title="bbox 299 3719 1882 3794; baseline -0.001 -21"><span class='ocrx_word' id='word_1_415' title='bbox 299 3723 393 3774; x_wconf 77' lang='grc' dir='ltr'><strong>καὶ</strong></span> <span class='ocrx_word' id='word_1_416' title='bbox 438 3722 487 3774; x_wconf 89' lang='grc' dir='ltr'><strong>οἱ</strong></span> <span class='ocrx_word' id='word_1_417' title='bbox 529 3722 720 3785; x_wconf 88' lang='grc' dir='ltr'>πόνοι,</span> <span class='ocrx_word' id='word_1_418' title='bbox 773 3721 974 3794; x_wconf 74' lang='grc' dir='ltr'>τροπαὶ</span> <span class='ocrx_word' id='word_1_419' title='bbox 1008 3723 1100 3775; x_wconf 74' lang='grc' dir='ltr'>καὶ</span> <span class='ocrx_word' id='word_1_420' title='bbox 1131 3720 1444 3784; x_wconf 76' lang='grc' dir='ltr'>ἀλλοιώσεις</span> <span class='ocrx_word' id='word_1_421' title='bbox 1474 3719 1633 3791; x_wconf 83' lang='grc' dir='ltr'>ἡμῶν</span> <span class='ocrx_word' id='word_1_422' title='bbox 1681 3719 1882 3774; x_wconf 71' lang='grc' dir='ltr'>αὐτῶν.</span> 
     </span>
    </p>
   </div>
   <div class='ocr_carea' id='block_1_57' title="bbox 299 3813 1882 3887">
    <p class='ocr_par' dir='ltr' id='par_1_57' title="bbox 299 3813 1882 3887">
     <span class='ocr_line' id='line_1_57' title="bbox 299 3813 1882 3887; baseline 0 -21"><span class='ocrx_word' id='word_1_423' title='bbox 299 3813 484 3887; x_wconf 82' lang='grc' dir='ltr'>Ταύτῃ</span> <span class='ocrx_word' id='word_1_424' title='bbox 531 3814 586 3867; x_wconf 80' lang='grc' dir='ltr'><strong>δὲ</strong></span> <span class='ocrx_word' id='word_1_425' title='bbox 617 3855 631 3879; x_wconf 94' lang='grc'><strong>,</strong></span> <span class='ocrx_word' id='word_1_426' title='bbox 684 3814 1063 3886; x_wconf 81' lang='grc' dir='ltr'>αἰσθανόμενοι</span> <span class='ocrx_word' id='word_1_427' title='bbox 1115 3815 1213 3885; x_wconf 82' lang='grc' dir='ltr'><strong>μὲν</strong></span> <span class='ocrx_word' id='word_1_428' title='bbox 1270 3815 1364 3868; x_wconf 72' lang='grc' dir='ltr'>καὶ</span> <span class='ocrx_word' id='word_1_429' title='bbox 1410 3813 1882 3885; x_wconf 67' lang='grc' dir='ltr'>φαντασιούεμενοι,</span> 
     </span>
    </p>
   </div>
   <div class='ocr_carea' id='block_1_58' title="bbox 298 3903 1882 3977">
    <p class='ocr_par' dir='ltr' id='par_1_58' title="bbox 298 3903 1882 3977">
     <span class='ocr_line' id='line_1_58' title="bbox 298 3903 1882 3977; baseline 0.001 -21"><span class='ocrx_word' id='word_1_430' title='bbox 298 3904 436 3975; x_wconf 80' lang='grc' dir='ltr'>πρὸς</span> <span class='ocrx_word' id='word_1_431' title='bbox 462 3904 529 3957; x_wconf 78' lang='grc' dir='ltr'>τὰ</span> <span class='ocrx_word' id='word_1_432' title='bbox 565 3903 670 3970; x_wconf 74' lang='grc' dir='ltr'><strong>ἔξω</strong></span> <span class='ocrx_word' id='word_1_433' title='bbox 706 3905 975 3977; x_wconf 76' lang='grc' dir='ltr'><strong>βλέπομεν</strong></span> <span class='ocrx_word' id='word_1_434' title='bbox 996 3923 1008 3935; x_wconf 86' lang='grc'><strong>·</strong></span> <span class='ocrx_word' id='word_1_435' title='bbox 1043 3905 1299 3977; x_wconf 78' lang='grc' dir='ltr'><strong>ἡδόμενοι</strong></span> <span class='ocrx_word' id='word_1_436' title='bbox 1344 3906 1401 3960; x_wconf 82' lang='grc' dir='ltr'>δὲ</span> <span class='ocrx_word' id='word_1_437' title='bbox 1443 3907 1535 3959; x_wconf 75' lang='grc' dir='ltr'><strong>καὶ</strong></span> <span class='ocrx_word' id='word_1_438' title='bbox 1568 3905 1882 3974; x_wconf 75' lang='grc' dir='ltr'>ἀλγοῦντες,</span> 
     </span>
    </p>
   </div>
   <div class='ocr_carea' id='block_1_59' title="bbox 295 3997 1884 4071">
    <p class='ocr_par' dir='ltr' id='par_1_59' title="bbox 295 3997 1884 4071">
     <span class='ocr_line' id='line_1_59' title="bbox 295 3997 1884 4071; baseline 0.001 -20"><span class='ocrx_word' id='word_1_439' title='bbox 295 3997 700 4070; x_wconf 71' lang='grc' dir='ltr'>ἐπιστρέφομεν</span> <span class='ocrx_word' id='word_1_440' title='bbox 725 3999 818 4052; x_wconf 75' lang='grc' dir='ltr'>ἐπὶ</span> <span class='ocrx_word' id='word_1_441' title='bbox 853 3998 1046 4069; x_wconf 80' lang='grc' dir='ltr'>μόνους</span> <span class='ocrx_word' id='word_1_442' title='bbox 1084 3997 1326 4061; x_wconf 77' lang='grc' dir='ltr'>ἑαυτούς.</span> <span class='ocrx_word' id='word_1_443' title='bbox 1362 3999 1470 4062; x_wconf 81' lang='grc' dir='ltr'>Τὰς</span> <span class='ocrx_word' id='word_1_444' title='bbox 1497 3999 1594 4070; x_wconf 83' lang='grc' dir='ltr'><strong>μὲν</strong></span> <span class='ocrx_word' id='word_1_445' title='bbox 1641 3997 1750 4071; x_wconf 81' lang='grc' dir='ltr'>γὰρ</span> <span class='ocrx_word' id='word_1_446' title='bbox 1802 4000 1884 4052; x_wconf 88' lang='grc' dir='ltr'>αἰ-</span> 
     </span>
    </p>
   </div>
   <div class='ocr_carea' id='block_1_60' title="bbox 298 4085 1880 4161">
    <p class='ocr_par' dir='ltr' id='par_1_60' title="bbox 298 4085 1880 4161">
     <span class='ocr_line' id='line_1_60' title="bbox 298 4085 1880 4161; baseline -0.002 -18"><span class='ocrx_word' id='word_1_447' title='bbox 298 4090 519 4161; x_wconf 77' lang='grc' dir='ltr'>σθήσεις</span> <span class='ocrx_word' id='word_1_448' title='bbox 549 4089 711 4161; x_wconf 83' lang='grc' dir='ltr'>ἡμῶν</span> <span class='ocrx_word' id='word_1_449' title='bbox 737 4089 805 4143; x_wconf 77' lang='grc' dir='ltr'>τὰ</span> <span class='ocrx_word' id='word_1_450' title='bbox 831 4089 935 4154; x_wconf 77' lang='grc' dir='ltr'><strong>ἔξω</strong></span> <span class='ocrx_word' id='word_1_451' title='bbox 968 4091 1140 4142; x_wconf 85' lang='grc' dir='ltr'>ποιεῖ·</span> <span class='ocrx_word' id='word_1_452' title='bbox 1174 4088 1268 4141; x_wconf 80' lang='grc' dir='ltr'>καὶ</span> <span class='ocrx_word' id='word_1_453' title='bbox 1307 4090 1466 4141; x_wconf 85' lang='grc' dir='ltr'>ὁποῖα</span> <span class='ocrx_word' id='word_1_454' title='bbox 1495 4086 1562 4140; x_wconf 85' lang='grc' dir='ltr'>ἂν</span> <span class='ocrx_word' id='word_1_455' title='bbox 1677 4089 1880 4148; x_wconf 78' lang='grc' dir='ltr'>ἐκεῖνα,</span> 
     </span>
    </p>
   </div>
   <div class='ocr_carea' id='block_1_61' title="bbox 295 4178 1884 4250">
    <p class='ocr_par' dir='ltr' id='par_1_61' title="bbox 295 4178 1884 4250">
     <span class='ocr_line' id='line_1_61' title="bbox 295 4178 1884 4250; baseline -0.001 -18"><span class='ocrx_word' id='word_1_456' title='bbox 295 4179 550 4243; x_wconf 65' lang='grc' dir='ltr'>τοιαύτας</span> <span class='ocrx_word' id='word_1_457' title='bbox 615 4179 988 4250; x_wconf 79' lang='grc' dir='ltr'>ἀπεργάζεται</span> <span class='ocrx_word' id='word_1_458' title='bbox 1041 4180 1133 4232; x_wconf 65' lang='grc' dir='ltr'><strong>κα)¹</strong></span> <span class='ocrx_word' id='word_1_459' title='bbox 1198 4178 1297 4240; x_wconf 77' lang='grc' dir='ltr'>τὰς</span> <span class='ocrx_word' id='word_1_460' title='bbox 1377 4178 1708 4246; x_wconf 69' lang='grc' dir='ltr'>φαντασίαςο</span> <span class='ocrx_word' id='word_1_461' title='bbox 1774 4195 1884 4230; x_wconf 82' lang='grc' dir='ltr'>τοι·</span> 
     </span>
    </p>
   </div>
   <div class='ocr_carea' id='block_1_62' title="bbox 292 4269 1882 4343">
    <p class='ocr_par' dir='ltr' id='par_1_62' title="bbox 292 4269 1882 4343">
     <span class='ocr_line' id='line_1_62' title="bbox 292 4269 1882 4343; baseline -0.001 -18"><span class='ocrx_word' id='word_1_462' title='bbox 292 4273 435 4327; x_wconf 68' lang='grc' dir='ltr'>αὗτα</span> <span class='ocrx_word' id='word_1_463' title='bbox 470 4273 581 4343; x_wconf 78' lang='grc'><strong>(10)</strong></span> <span class='ocrx_word' id='word_1_464' title='bbox 611 4273 667 4325; x_wconf 81' lang='grc' dir='ltr'>δὲ</span> <span class='ocrx_word' id='word_1_465' title='bbox 722 4272 867 4342; x_wconf 83' lang='grc' dir='ltr'><strong>πάθη</strong></span> <span class='ocrx_word' id='word_1_466' title='bbox 900 4271 1028 4325; x_wconf 85' lang='grc' dir='ltr'><strong>ποιὰ</strong></span> <span class='ocrx_word' id='word_1_467' title='bbox 1056 4271 1191 4325; x_wconf 81' lang='grc' dir='ltr'>ἄττα</span> <span class='ocrx_word' id='word_1_468' title='bbox 1225 4271 1430 4340; x_wconf 85' lang='grc' dir='ltr'>γίνεται</span> <span class='ocrx_word' id='word_1_469' title='bbox 1467 4269 1532 4323; x_wconf 87' lang='grc' dir='ltr'>δι’</span> <span class='ocrx_word' id='word_1_470' title='bbox 1563 4271 1731 4342; x_wconf 83' lang='grc' dir='ltr'>ἡμᾶς,</span> <span class='ocrx_word' id='word_1_471' title='bbox 1789 4271 1882 4324; x_wconf 78' lang='grc' dir='ltr'><strong>καὶ</strong></span> 
     </span>
    </p>
   </div>
   <div class='ocr_carea' id='block_1_63' title="bbox 291 4363 1878 4436">
    <p class='ocr_par' dir='ltr' id='par_1_63' title="bbox 291 4363 1878 4436">
     <span class='ocr_line' id='line_1_63' title="bbox 291 4363 1878 4436; baseline -0.001 -18"><span class='ocrx_word' id='word_1_472' title='bbox 291 4365 367 4428; x_wconf 79' lang='grc' dir='ltr'><strong>ὡς</strong></span> <span class='ocrx_word' id='word_1_473' title='bbox 389 4364 454 4418; x_wconf 74' lang='grc' dir='ltr'><strong>ἂν</strong></span> <span class='ocrx_word' id='word_1_474' title='bbox 484 4366 647 4436; x_wconf 81' lang='grc' dir='ltr'><strong>ἡμεῖς</strong></span> <span class='ocrx_word' id='word_1_475' title='bbox 678 4364 909 4435; x_wconf 80' lang='grc' dir='ltr'><strong>ἔχωμεν.</strong></span> <span class='ocrx_word' id='word_1_476' title='bbox 940 4364 1039 4417; x_wconf 86' lang='grc' dir='ltr'>Διά</span> <span class='ocrx_word' id='word_1_477' title='bbox 1068 4363 1180 4433; x_wconf 78' lang='lat' dir='ltr'><strong>(ll)</strong></span> <span class='ocrx_word' id='word_1_478' title='bbox 1207 4363 1400 4425; x_wconf 78' lang='grc' dir='ltr'>ταῦτα,</span> <span class='ocrx_word' id='word_1_479' title='bbox 1437 4363 1563 4416; x_wconf 84' lang='grc' dir='ltr'>ποτὲ</span> <span class='ocrx_word' id='word_1_480' title='bbox 1598 4364 1694 4434; x_wconf 85' lang='grc' dir='ltr'><strong>μὲν</strong></span> <span class='ocrx_word' id='word_1_481' title='bbox 1727 4363 1878 4434; x_wconf 81' lang='grc' dir='ltr'>ἡδέα,</span> 
     </span>
    </p>
   </div>
   <div class='ocr_carea' id='block_1_64' title="bbox 294 4455 1879 4528">
    <p class='ocr_par' dir='ltr' id='par_1_64' title="bbox 294 4455 1879 4528">
     <span class='ocr_line' id='line_1_64' title="bbox 294 4455 1879 4528; baseline -0.001 -18"><span class='ocrx_word' id='word_1_482' title='bbox 294 4458 425 4512; x_wconf 60' lang='lat' dir='ltr'><strong>mas</strong></span> <span class='ocrx_word' id='word_1_483' title='bbox 445 4457 489 4510; x_wconf 80' lang='grc' dir='ltr'>δ’</span> <span class='ocrx_word' id='word_1_484' title='bbox 514 4457 657 4528; x_wconf 82' lang='grc' dir='ltr'>ἀηδῆ</span> <span class='ocrx_word' id='word_1_485' title='bbox 689 4457 955 4527; x_wconf 77' lang='grc' dir='ltr'>φαίνεται,</span> <span class='ocrx_word' id='word_1_486' title='bbox 991 4457 1086 4510; x_wconf 78' lang='grc' dir='ltr'><strong>καὶ</strong></span> <span class='ocrx_word' id='word_1_487' title='bbox 1117 4455 1226 4509; x_wconf 78' lang='grc' dir='ltr'>ἔσθ’</span> <span class='ocrx_word' id='word_1_488' title='bbox 1253 4457 1340 4509; x_wconf 82' lang='grc' dir='ltr'>ὅτε</span> <span class='ocrx_word' id='word_1_489' title='bbox 1378 4457 1476 4526; x_wconf 83' lang='grc' dir='ltr'><strong>μὲν</strong></span> <span class='ocrx_word' id='word_1_490' title='bbox 1513 4455 1732 4526; x_wconf 82' lang='grc' dir='ltr'>μᾶλλον,</span> <span class='ocrx_word' id='word_1_491' title='bbox 1767 4455 1879 4509; x_wconf 76' lang='grc' dir='ltr'>ἐσθ’</span> 
     </span>
    </p>
   </div>
   <div class='ocr_carea' id='block_1_65' title="bbox 291 4543 1880 4622">
    <p class='ocr_par' dir='ltr' id='par_1_65' title="bbox 291 4543 1880 4622">
     <span class='ocr_line' id='line_1_65' title="bbox 291 4543 1880 4622; baseline -0.001 -20"><span class='ocrx_word' id='word_1_492' title='bbox 291 4550 380 4602; x_wconf 72' lang='grc' dir='ltr'><strong>ὅτε</strong></span> <span class='ocrx_word' id='word_1_493' title='bbox 405 4551 462 4603; x_wconf 81' lang='grc' dir='ltr'>δὲ</span> <span class='ocrx_word' id='word_1_494' title='bbox 490 4545 676 4622; x_wconf 85' lang='grc' dir='ltr'>ἦττον.</span> <span class='ocrx_word' id='word_1_495' title='bbox 701 4543 802 4601; x_wconf 77' lang='grc' dir='ltr'><strong>Ὧν</strong></span> <span class='ocrx_word' id='word_1_496' title='bbox 829 4547 1004 4612; x_wconf 73' lang='grc' dir='ltr'>οὕτως</span> <span class='ocrx_word' id='word_1_497' title='bbox 1029 4550 1281 4620; x_wconf 77' lang='grc' dir='ltr'>ἐχόντων,</span> <span class='ocrx_word' id='word_1_498' title='bbox 1323 4549 1655 4620; x_wconf 76' lang='grc' dir='ltr'>εὑρήσομεν,</span> <span class='ocrx_word' id='word_1_499' title='bbox 1692 4551 1739 4601; x_wconf 84' lang='grc' dir='ltr'><strong>εἰ</strong></span> <span class='ocrx_word' id='word_1_500' title='bbox 1766 4548 1880 4602; x_wconf 78' lang='grc' dir='ltr'>ἐθε-</span> 
     </span>
    </p>
   </div>
   <div class='ocr_carea' id='block_1_66' title="bbox 290 4636 1882 4711">
    <p class='ocr_par' dir='ltr' id='par_1_66' title="bbox 290 4636 1882 4711">
     <span class='ocr_line' id='line_1_66' title="bbox 290 4636 1882 4711; baseline 0 -21"><span class='ocrx_word' id='word_1_501' title='bbox 290 4639 475 4710; x_wconf 80' lang='grc' dir='ltr'>λοιμεν</span> <span class='ocrx_word' id='word_1_502' title='bbox 505 4643 744 4703; x_wconf 83' lang='grc' dir='ltr'>σκοπεῖν,</span> <span class='ocrx_word' id='word_1_503' title='bbox 779 4639 979 4711; x_wconf 78' lang='grc' dir='ltr'>ἄριστα</span> <span class='ocrx_word' id='word_1_504' title='bbox 1004 4639 1104 4702; x_wconf 77' lang='grc' dir='ltr'><strong>τὰς</strong></span> <span class='ocrx_word' id='word_1_505' title='bbox 1129 4639 1226 4709; x_wconf 82' lang='grc' dir='ltr'>τῆς</span> <span class='ocrx_word' id='word_1_506' title='bbox 1256 4636 1511 4706; x_wconf 86' lang='grc' dir='ltr'>γνώσεως</span> <span class='ocrx_word' id='word_1_507' title='bbox 1547 4638 1721 4710; x_wconf 75' lang='grc' dir='ltr'>ἀρχὰς</span> <span class='ocrx_word' id='word_1_508' title='bbox 1749 4638 1882 4690; x_wconf 67' lang='grc' dir='ltr'>ὑποο</span> 
     </span>
    </p>
   </div>
   <div class='ocr_carea' id='block_1_67' title="bbox 289 4730 1878 4804">
    <p class='ocr_par' dir='ltr' id='par_1_67' title="bbox 289 4730 1878 4804">
     <span class='ocr_line' id='line_1_67' title="bbox 289 4730 1878 4804; baseline 0 -20"><span class='ocrx_word' id='word_1_509' title='bbox 289 4733 626 4804; x_wconf 81' lang='grc' dir='ltr'>τιθεμένους,</span> <span class='ocrx_word' id='word_1_510' title='bbox 675 4730 867 4784; x_wconf 83' lang='grc' dir='ltr'>ὁπόσοι</span> <span class='ocrx_word' id='word_1_511' title='bbox 923 4730 1018 4784; x_wconf 77' lang='grc' dir='ltr'>καὶ</span> <span class='ocrx_word' id='word_1_512' title='bbox 1049 4730 1148 4794; x_wconf 76' lang='grc' dir='ltr'>τὰς</span> <span class='ocrx_word' id='word_1_513' title='bbox 1181 4730 1462 4799; x_wconf 79' lang='grc' dir='ltr'>αἰσθήσεις</span> <span class='ocrx_word' id='word_1_514' title='bbox 1509 4732 1602 4784; x_wconf 78' lang='grc' dir='ltr'>καὶ</span> <span class='ocrx_word' id='word_1_515' title='bbox 1632 4731 1722 4783; x_wconf 74' lang='grc' dir='ltr'><strong>τὸν</strong></span> <span class='ocrx_word' id='word_1_516' title='bbox 1755 4730 1878 4786; x_wconf 78' lang='grc' dir='ltr'>νοῦν</span> 
     </span>
    </p>
   </div>
   <div class='ocr_carea' id='block_1_68' title="bbox 1999 2238 3580 2308">
    <p class='ocr_par' dir='ltr' id='par_1_68' title="bbox 1999 2238 3580 2308">
     <span class='ocr_line' id='line_1_68' title="bbox 1999 2238 3580 2308; baseline 0.001 -18"><span class='ocrx_word' id='word_1_517' title='bbox 1999 2239 2196 2304; x_wconf 81' lang='lat' dir='ltr'><strong>aliena,</strong></span> <span class='ocrx_word' id='word_1_518' title='bbox 2234 2254 2431 2292; x_wconf 81' lang='lat' dir='ltr'><strong>sensus</strong></span> <span class='ocrx_word' id='word_1_519' title='bbox 2462 2238 2818 2308; x_wconf 87' lang='lat' dir='ltr'><strong>pronuntiat;</strong></span> <span class='ocrx_word' id='word_1_520' title='bbox 2844 2247 3027 2293; x_wconf 87' lang='lat' dir='ltr'><strong>utrum</strong></span> <span class='ocrx_word' id='word_1_521' title='bbox 3057 2240 3356 2308; x_wconf 78' lang='lat' dir='ltr'><strong>expetenda</strong></span> <span class='ocrx_word' id='word_1_522' title='bbox 3384 2240 3478 2306; x_wconf 89' lang='lat' dir='ltr'><strong>sit,</strong></span> <span class='ocrx_word' id='word_1_523' title='bbox 3511 2255 3580 2296; x_wconf 86' lang='lat' dir='ltr'><strong>an</strong></span> 
     </span>
    </p>
   </div>
   <div class='ocr_carea' id='block_1_69' title="bbox 2001 2327 3589 2400">
    <p class='ocr_par' dir='ltr' id='par_1_69' title="bbox 2001 2327 3589 2400">
     <span class='ocr_line' id='line_1_69' title="bbox 2001 2327 3589 2400; baseline 0.002 -18"><span class='ocrx_word' id='word_1_524' title='bbox 2001 2327 2278 2399; x_wconf 81' lang='lat' dir='ltr'><strong>fugienda,</strong></span> <span class='ocrx_word' id='word_1_525' title='bbox 2333 2331 2472 2383; x_wconf 85' lang='lat' dir='ltr'><strong>ratio</strong></span> <span class='ocrx_word' id='word_1_526' title='bbox 2545 2331 2755 2384; x_wconf 88' lang='lat' dir='ltr'><strong>statuit.</strong></span> <span class='ocrx_word' id='word_1_527' title='bbox 2841 2331 2984 2386; x_wconf 89' lang='lat' dir='ltr'><strong>Sane</strong></span> <span class='ocrx_word' id='word_1_528' title='bbox 3046 2332 3267 2400; x_wconf 83' lang='lat' dir='ltr'><strong>quidem</strong></span> <span class='ocrx_word' id='word_1_529' title='bbox 3318 2331 3430 2397; x_wconf 88' lang='lat' dir='ltr'><strong>isti,</strong></span> <span class='ocrx_word' id='word_1_530' title='bbox 3487 2346 3589 2387; x_wconf 84' lang='lat' dir='ltr'><strong>nec</strong></span> 
     </span>
    </p>
   </div>
   <div class='ocr_carea' id='block_1_70' title="bbox 2000 2421 3585 2492">
    <p class='ocr_par' dir='ltr' id='par_1_70' title="bbox 2000 2421 3585 2492">
     <span class='ocr_line' id='line_1_70' title="bbox 2000 2421 3585 2492; baseline 0.001 -16"><span class='ocrx_word' id='word_1_531' title='bbox 2000 2436 2224 2476; x_wconf 91' lang='lat' dir='ltr'><strong>omnem</strong></span> <span class='ocrx_word' id='word_1_532' title='bbox 2297 2436 2356 2476; x_wconf 90' lang='lat' dir='ltr'><strong>se</strong></span> <span class='ocrx_word' id='word_1_533' title='bbox 2418 2421 2705 2490; x_wconf 87' lang='lat' dir='ltr'><strong>complecti</strong></span> <span class='ocrx_word' id='word_1_534' title='bbox 2764 2422 3122 2492; x_wconf 82' lang='lat' dir='ltr'><strong>voluptatem,</strong></span> <span class='ocrx_word' id='word_1_535' title='bbox 3185 2438 3286 2478; x_wconf 90' lang='lat' dir='ltr'><strong>nec</strong></span> <span class='ocrx_word' id='word_1_536' title='bbox 3343 2423 3585 2478; x_wconf 86' lang='lat' dir='ltr'><strong>laborem</strong></span> 
     </span>
    </p>
   </div>
   <div class='ocr_carea' id='block_1_71' title="bbox 1997 2514 3585 2588">
    <p class='ocr_par' dir='ltr' id='par_1_71' title="bbox 1997 2514 3585 2588">
     <span class='ocr_line' id='line_1_71' title="bbox 1997 2514 3585 2588; baseline 0.004 -21"><span class='ocrx_word' id='word_1_537' title='bbox 1997 2529 2215 2568; x_wconf 88' lang='lat' dir='ltr'><strong>omnem</strong></span> <span class='ocrx_word' id='word_1_538' title='bbox 2246 2514 2435 2584; x_wconf 77' lang='lat' dir='ltr'><strong>fugere</strong></span> <span class='ocrx_word' id='word_1_539' title='bbox 2465 2515 2738 2570; x_wconf 90' lang='lat' dir='ltr'><strong>dictitant.</strong></span> <span class='ocrx_word' id='word_1_540' title='bbox 2792 2517 2978 2587; x_wconf 88' lang='lat' dir='ltr'><strong>Neque</strong></span> <span class='ocrx_word' id='word_1_541' title='bbox 3012 2517 3065 2570; x_wconf 89' lang='lat' dir='ltr'><strong>id</strong></span> <span class='ocrx_word' id='word_1_542' title='bbox 3105 2516 3224 2573; x_wconf 92' lang='lat' dir='ltr'><strong>sine</strong></span> <span class='ocrx_word' id='word_1_543' title='bbox 3268 2532 3466 2588; x_wconf 79' lang='lat' dir='ltr'><strong>magna</strong></span> <span class='ocrx_word' id='word_1_544' title='bbox 3495 2533 3585 2573; x_wconf 78' lang='lat' dir='ltr'><strong>ra-</strong></span> 
     </span>
    </p>
   </div>
   <div class='ocr_carea' id='block_1_72' title="bbox 2001 2593 3586 2674">
    <p class='ocr_par' dir='ltr' id='par_1_72' title="bbox 2001 2593 3586 2674">
     <span class='ocr_line' id='line_1_72' title="bbox 2001 2593 3586 2674; baseline 0.004 -15"><span class='ocrx_word' id='word_1_545' title='bbox 2001 2609 2145 2660; x_wconf 89' lang='lat' dir='ltr'><strong>tione</strong></span> <span class='ocrx_word' id='word_1_546' title='bbox 2172 2606 2288 2659; x_wconf 82' lang='lat' dir='ltr'><strong>lieri</strong></span> <span class='ocrx_word' id='word_1_547' title='bbox 2321 2607 2477 2661; x_wconf 88' lang='lat' dir='ltr'><strong>solet.</strong></span> <span class='ocrx_word' id='word_1_548' title='bbox 2521 2605 2810 2663; x_wconf 85' lang='lat' dir='ltr'><strong>Judicandi</strong></span> <span class='ocrx_word' id='word_1_549' title='bbox 2844 2610 2988 2662; x_wconf 88' lang='lat' dir='ltr'><strong>enim</strong></span> <span class='ocrx_word' id='word_1_550' title='bbox 3036 2593 3426 2674; x_wconf 86' lang='lat' dir='ltr'><strong>instrumenta,</strong></span> <span class='ocrx_word' id='word_1_551' title='bbox 3459 2625 3586 2665; x_wconf 87' lang='lat' dir='ltr'><strong>cum</strong></span> 
     </span>
    </p>
   </div>
   <div class='ocr_carea' id='block_1_73' title="bbox 1997 2697 3586 2773">
    <p class='ocr_par' dir='ltr' id='par_1_73' title="bbox 1997 2697 3586 2773">
     <span class='ocr_line' id='line_1_73' title="bbox 1997 2697 3586 2773; baseline 0.003 -22"><span class='ocrx_word' id='word_1_552' title='bbox 1997 2697 2291 2752; x_wconf 89' lang='lat' dir='ltr'><strong>ostendunt</strong></span> <span class='ocrx_word' id='word_1_553' title='bbox 2326 2701 2442 2768; x_wconf 89' lang='lat' dir='ltr'><strong>ipsa</strong></span> <span class='ocrx_word' id='word_1_554' title='bbox 2479 2713 2620 2765; x_wconf 89' lang='lat' dir='ltr'><strong>sese,</strong></span> <span class='ocrx_word' id='word_1_555' title='bbox 2641 2709 2760 2753; x_wconf 87' lang='lat' dir='ltr'><strong>tum</strong></span> <span class='ocrx_word' id='word_1_556' title='bbox 2796 2715 2861 2754; x_wconf 90' lang='lat' dir='ltr'><strong>ea</strong></span> <span class='ocrx_word' id='word_1_557' title='bbox 2895 2700 3059 2755; x_wconf 91' lang='lat' dir='ltr'><strong>simul</strong></span> <span class='ocrx_word' id='word_1_558' title='bbox 3089 2701 3156 2756; x_wconf 91' lang='lat' dir='ltr'><strong>de</strong></span> <span class='ocrx_word' id='word_1_559' title='bbox 3195 2701 3400 2772; x_wconf 90' lang='lat' dir='ltr'><strong>quibus</strong></span> <span class='ocrx_word' id='word_1_560' title='bbox 3427 2702 3586 2773; x_wconf 81' lang='lat' dir='ltr'><strong>judi-</strong></span> 
     </span>
    </p>
   </div>
   <div class='ocr_carea' id='block_1_74' title="bbox 2000 2789 3584 2860">
    <p class='ocr_par' dir='ltr' id='par_1_74' title="bbox 2000 2789 3584 2860">
     <span class='ocr_line' id='line_1_74' title="bbox 2000 2789 3584 2860; baseline 0.003 -18"><span class='ocrx_word' id='word_1_561' title='bbox 2000 2796 2178 2853; x_wconf 90' lang='lat' dir='ltr'><strong>catur,</strong></span> <span class='ocrx_word' id='word_1_562' title='bbox 2240 2791 2526 2860; x_wconf 88' lang='lat' dir='ltr'><strong>aperiunt:</strong></span> <span class='ocrx_word' id='word_1_563' title='bbox 2581 2789 2795 2846; x_wconf 67' lang='lat' dir='ltr'><strong>alfectio</strong></span> <span class='ocrx_word' id='word_1_564' title='bbox 2854 2805 2914 2846; x_wconf 90' lang='lat' dir='ltr'><strong>se</strong></span> <span class='ocrx_word' id='word_1_565' title='bbox 2967 2791 3138 2846; x_wconf 87' lang='lat' dir='ltr'><strong>solam</strong></span> <span class='ocrx_word' id='word_1_566' title='bbox 3189 2793 3417 2847; x_wconf 85' lang='lat' dir='ltr'><strong>indicat.</strong></span> <span class='ocrx_word' id='word_1_567' title='bbox 3483 2791 3584 2847; x_wconf 89' lang='lat' dir='ltr'><strong>Cui</strong></span> 
     </span>
    </p>
   </div>
   <div class='ocr_carea' id='block_1_75' title="bbox 1998 2882 3588 2954">
    <p class='ocr_par' dir='ltr' id='par_1_75' title="bbox 1998 2882 3588 2954">
     <span class='ocr_line' id='line_1_75' title="bbox 1998 2882 3588 2954; baseline 0.002 -18"><span class='ocrx_word' id='word_1_568' title='bbox 1998 2882 2212 2937; x_wconf 84' lang='lat' dir='ltr'><strong>veritati</strong></span> <span class='ocrx_word' id='word_1_569' title='bbox 2270 2882 2354 2936; x_wconf 90' lang='lat' dir='ltr'><strong>vel</strong></span> <span class='ocrx_word' id='word_1_570' title='bbox 2419 2882 2507 2937; x_wconf 89' lang='lat' dir='ltr'><strong>isti</strong></span> <span class='ocrx_word' id='word_1_571' title='bbox 2560 2898 2779 2954; x_wconf 83' lang='lat' dir='ltr'><strong>quoque</strong></span> <span class='ocrx_word' id='word_1_572' title='bbox 2852 2883 3246 2954; x_wconf 79' lang='lat' dir='ltr'><strong>sull&#39;ragantur.</strong></span> <span class='ocrx_word' id='word_1_573' title='bbox 3313 2882 3451 2938; x_wconf 83' lang='lat' dir='ltr'><strong>Nam</strong></span> <span class='ocrx_word' id='word_1_574' title='bbox 3528 2893 3588 2939; x_wconf 89' lang='lat' dir='ltr'><strong>ut</strong></span> 
     </span>
    </p>
   </div>
   <div class='ocr_carea' id='block_1_76' title="bbox 1999 2976 3586 3046">
    <p class='ocr_par' dir='ltr' id='par_1_76' title="bbox 1999 2976 3586 3046">
     <span class='ocr_line' id='line_1_76' title="bbox 1999 2976 3586 3046; baseline 0.001 -16"><span class='ocrx_word' id='word_1_575' title='bbox 1999 2990 2217 3031; x_wconf 88' lang='lat' dir='ltr'><strong>onmem</strong></span> <span class='ocrx_word' id='word_1_576' title='bbox 2248 2976 2578 3046; x_wconf 89' lang='lat' dir='ltr'><strong>voluptatem</strong></span> <span class='ocrx_word' id='word_1_577' title='bbox 2622 2977 2850 3041; x_wconf 88' lang='lat' dir='ltr'><strong>bonum,</strong></span> <span class='ocrx_word' id='word_1_578' title='bbox 2890 2976 3134 3033; x_wconf 90' lang='lat' dir='ltr'><strong>dolorem</strong></span> <span class='ocrx_word' id='word_1_579' title='bbox 3183 2992 3402 3032; x_wconf 90' lang='lat' dir='ltr'><strong>omnem</strong></span> <span class='ocrx_word' id='word_1_580' title='bbox 3465 2993 3586 3032; x_wconf 90' lang='lat' dir='ltr'><strong>ma-</strong></span> 
     </span>
    </p>
   </div>
   <div class='ocr_carea' id='block_1_77' title="bbox 1998 3069 3586 3140">
    <p class='ocr_par' dir='ltr' id='par_1_77' title="bbox 1998 3069 3586 3140">
     <span class='ocr_line' id='line_1_77' title="bbox 1998 3069 3586 3140; baseline 0.001 -18"><span class='ocrx_word' id='word_1_581' title='bbox 1998 3069 2111 3123; x_wconf 91' lang='lat' dir='ltr'><strong>lum</strong></span> <span class='ocrx_word' id='word_1_582' title='bbox 2163 3084 2284 3124; x_wconf 86' lang='lat' dir='ltr'><strong>esse</strong></span> <span class='ocrx_word' id='word_1_583' title='bbox 2320 3069 2520 3136; x_wconf 88' lang='lat' dir='ltr'><strong>velint;</strong></span> <span class='ocrx_word' id='word_1_584' title='bbox 2571 3070 2796 3124; x_wconf 82' lang='lat' dir='ltr'><strong>alteram</strong></span> <span class='ocrx_word' id='word_1_585' title='bbox 2856 3079 3034 3124; x_wconf 88' lang='lat' dir='ltr'><strong>tamen</strong></span> <span class='ocrx_word' id='word_1_586' title='bbox 3073 3085 3288 3140; x_wconf 89' lang='lat' dir='ltr'><strong>semper</strong></span> <span class='ocrx_word' id='word_1_587' title='bbox 3323 3078 3586 3140; x_wconf 78' lang='lat' dir='ltr'><strong>expeten-</strong></span> 
     </span>
    </p>
   </div>
   <div class='ocr_carea' id='block_1_78' title="bbox 1997 3160 3584 3233">
    <p class='ocr_par' dir='ltr' id='par_1_78' title="bbox 1997 3160 3584 3233">
     <span class='ocr_line' id='line_1_78' title="bbox 1997 3160 3584 3233; baseline 0 -17"><span class='ocrx_word' id='word_1_588' title='bbox 1997 3160 2148 3228; x_wconf 89' lang='lat' dir='ltr'><strong>dam,</strong></span> <span class='ocrx_word' id='word_1_589' title='bbox 2179 3161 2495 3232; x_wconf 78' lang='lat' dir='ltr'><strong>fugiendum</strong></span> <span class='ocrx_word' id='word_1_590' title='bbox 2529 3178 2747 3233; x_wconf 89' lang='lat' dir='ltr'><strong>semper</strong></span> <span class='ocrx_word' id='word_1_591' title='bbox 2784 3164 3016 3218; x_wconf 89' lang='lat' dir='ltr'><strong>alterum</strong></span> <span class='ocrx_word' id='word_1_592' title='bbox 3044 3179 3164 3218; x_wconf 85' lang='lat' dir='ltr'><strong>esse</strong></span> <span class='ocrx_word' id='word_1_593' title='bbox 3190 3170 3410 3231; x_wconf 80' lang='lat' dir='ltr'><strong>negant.</strong></span> <span class='ocrx_word' id='word_1_594' title='bbox 3451 3163 3584 3218; x_wconf 88' lang='lat' dir='ltr'><strong>dum</strong></span> 
     </span>
    </p>
   </div>
   <div class='ocr_carea' id='block_1_79' title="bbox 1999 3254 3585 3326">
    <p class='ocr_par' dir='ltr' id='par_1_79' title="bbox 1999 3254 3585 3326">
     <span class='ocr_line' id='line_1_79' title="bbox 1999 3254 3585 3326; baseline 0.002 -18"><span class='ocrx_word' id='word_1_595' title='bbox 1999 3263 2310 3324; x_wconf 88' lang='lat' dir='ltr'><strong>utrumque,</strong></span> <span class='ocrx_word' id='word_1_596' title='bbox 2328 3256 2374 3308; x_wconf 90' lang='lat' dir='ltr'><strong>si</strong></span> <span class='ocrx_word' id='word_1_597' title='bbox 2401 3254 2584 3310; x_wconf 90' lang='lat' dir='ltr'><strong>minus</strong></span> <span class='ocrx_word' id='word_1_598' title='bbox 2607 3256 2889 3324; x_wconf 86' lang='lat' dir='ltr'><strong>qualitate,</strong></span> <span class='ocrx_word' id='word_1_599' title='bbox 2913 3257 3214 3323; x_wconf 85' lang='lat' dir='ltr'><strong>quantitate</strong></span> <span class='ocrx_word' id='word_1_600' title='bbox 3233 3256 3452 3326; x_wconf 90' lang='lat' dir='ltr'><strong>quidem</strong></span> <span class='ocrx_word' id='word_1_601' title='bbox 3471 3272 3585 3312; x_wconf 82' lang='lat' dir='ltr'><strong>me-</strong></span> 
     </span>
    </p>
   </div>
   <div class='ocr_carea' id='block_1_80' title="bbox 1997 3345 3582 3420">
    <p class='ocr_par' dir='ltr' id='par_1_80' title="bbox 1997 3345 3582 3420">
     <span class='ocr_line' id='line_1_80' title="bbox 1997 3345 3582 3420; baseline 0.002 -20"><span class='ocrx_word' id='word_1_602' title='bbox 1997 3345 2241 3400; x_wconf 90' lang='lat' dir='ltr'><strong>tiendum</strong></span> <span class='ocrx_word' id='word_1_603' title='bbox 2267 3347 2601 3402; x_wconf 86' lang='lat' dir='ltr'><strong>existimant.</strong></span> <span class='ocrx_word' id='word_1_604' title='bbox 2632 3346 2809 3418; x_wconf 82' lang='lat' dir='ltr'><strong>Hujus</strong></span> <span class='ocrx_word' id='word_1_605' title='bbox 2832 3364 2960 3404; x_wconf 81' lang='lat' dir='ltr'><strong>vero</strong></span> <span class='ocrx_word' id='word_1_606' title='bbox 2987 3349 3310 3420; x_wconf 86' lang='lat' dir='ltr'><strong>quantitatis</strong></span> <span class='ocrx_word' id='word_1_607' title='bbox 3339 3350 3582 3417; x_wconf 87' lang='lat' dir='ltr'><strong>judicem</strong></span> 
     </span>
    </p>
   </div>
   <div class='ocr_carea' id='block_1_81' title="bbox 1996 3439 3583 3512">
    <p class='ocr_par' dir='ltr' id='par_1_81' title="bbox 1996 3439 3583 3512">
     <span class='ocr_line' id='line_1_81' title="bbox 1996 3439 3583 3512; baseline 0.003 -19"><span class='ocrx_word' id='word_1_608' title='bbox 1996 3439 2162 3493; x_wconf 84' lang='lat' dir='ltr'><strong>alium</strong></span> <span class='ocrx_word' id='word_1_609' title='bbox 2207 3449 2421 3494; x_wconf 85' lang='lat' dir='ltr'><strong>constat</strong></span> <span class='ocrx_word' id='word_1_610' title='bbox 2444 3457 2567 3495; x_wconf 86' lang='lat' dir='ltr'><strong>esse</strong></span> <span class='ocrx_word' id='word_1_611' title='bbox 2592 3457 2696 3495; x_wconf 87' lang='lat' dir='ltr'><strong>non</strong></span> <span class='ocrx_word' id='word_1_612' title='bbox 2719 3457 2896 3511; x_wconf 89' lang='lat' dir='ltr'><strong>posse,</strong></span> <span class='ocrx_word' id='word_1_613' title='bbox 2925 3454 3117 3512; x_wconf 67' lang='lat' dir='ltr'><strong>praster</strong></span> <span class='ocrx_word' id='word_1_614' title='bbox 3137 3444 3424 3497; x_wconf 84' lang='lat' dir='ltr'><strong>rationem.</strong></span> <span class='ocrx_word' id='word_1_615' title='bbox 3455 3441 3583 3498; x_wconf 76' lang='lat' dir='ltr'><strong>Haec</strong></span> 
     </span>
    </p>
   </div>
   <div class='ocr_carea' id='block_1_82' title="bbox 1993 3533 3581 3606">
    <p class='ocr_par' dir='ltr' id='par_1_82' title="bbox 1993 3533 3581 3606">
     <span class='ocr_line' id='line_1_82' title="bbox 1993 3533 3581 3606; baseline 0.005 -20"><span class='ocrx_word' id='word_1_616' title='bbox 1993 3533 2161 3599; x_wconf 87' lang='lat' dir='ltr'><strong>enim,</strong></span> <span class='ocrx_word' id='word_1_617' title='bbox 2199 3551 2319 3602; x_wconf 73' lang='lat' dir='ltr'><strong>qua:</strong></span> <span class='ocrx_word' id='word_1_618' title='bbox 2342 3536 2409 3588; x_wconf 89' lang='lat' dir='ltr'><strong>ab</strong></span> <span class='ocrx_word' id='word_1_619' title='bbox 2436 3535 2542 3588; x_wconf 86' lang='lat' dir='ltr'><strong>illis</strong></span> <span class='ocrx_word' id='word_1_620' title='bbox 2576 3537 2736 3606; x_wconf 78' lang='lat' dir='ltr'><strong>vulgo</strong></span> <span class='ocrx_word' id='word_1_621' title='bbox 2770 3536 3071 3606; x_wconf 88' lang='lat' dir='ltr'><strong>jactantur,</strong></span> <span class='ocrx_word' id='word_1_622' title='bbox 3108 3537 3377 3594; x_wconf 72' lang='lat' dir='ltr'><strong>Prmstare</strong></span> <span class='ocrx_word' id='word_1_623' title='bbox 3399 3547 3581 3594; x_wconf 90' lang='lat' dir='ltr'><strong>certos</strong></span> 
     </span>
    </p>
   </div>
   <div class='ocr_carea' id='block_1_83' title="bbox 1993 3625 3581 3698">
    <p class='ocr_par' dir='ltr' id='par_1_83' title="bbox 1993 3625 3581 3698">
     <span class='ocr_line' id='line_1_83' title="bbox 1993 3625 3581 3698; baseline 0.005 -20"><span class='ocrx_word' id='word_1_624' title='bbox 1993 3625 2259 3694; x_wconf 91' lang='lat' dir='ltr'><strong>quosdam</strong></span> <span class='ocrx_word' id='word_1_625' title='bbox 2291 3626 2513 3681; x_wconf 90' lang='lat' dir='ltr'><strong>eosdem</strong></span> <span class='ocrx_word' id='word_1_626' title='bbox 2561 3629 2776 3683; x_wconf 88' lang='lat' dir='ltr'><strong>labores</strong></span> <span class='ocrx_word' id='word_1_627' title='bbox 2828 3630 3100 3685; x_wconf 89' lang='lat' dir='ltr'><strong>interdum</strong></span> <span class='ocrx_word' id='word_1_628' title='bbox 3152 3631 3361 3698; x_wconf 88' lang='lat' dir='ltr'><strong>subire,</strong></span> <span class='ocrx_word' id='word_1_629' title='bbox 3407 3643 3468 3686; x_wconf 89' lang='lat' dir='ltr'><strong>ut</strong></span> <span class='ocrx_word' id='word_1_630' title='bbox 3521 3647 3581 3686; x_wconf 90' lang='lat' dir='ltr'><strong>a-</strong></span> 
     </span>
    </p>
   </div>
   <div class='ocr_carea' id='block_1_84' title="bbox 1993 3715 3584 3787">
    <p class='ocr_par' dir='ltr' id='par_1_84' title="bbox 1993 3715 3584 3787">
     <span class='ocr_line' id='line_1_84' title="bbox 1993 3715 3584 3787; baseline 0.006 -18"><span class='ocrx_word' id='word_1_631' title='bbox 1993 3715 2198 3771; x_wconf 88' lang='lat' dir='ltr'><strong>criores</strong></span> <span class='ocrx_word' id='word_1_632' title='bbox 2242 3715 2364 3771; x_wconf 92' lang='lat' dir='ltr'><strong>inde</strong></span> <span class='ocrx_word' id='word_1_633' title='bbox 2408 3717 2711 3787; x_wconf 87' lang='lat' dir='ltr'><strong>voluptates</strong></span> <span class='ocrx_word' id='word_1_634' title='bbox 2743 3719 3044 3775; x_wconf 88' lang='lat' dir='ltr'><strong>sentiamus</strong></span> <span class='ocrx_word' id='word_1_635' title='bbox 3073 3739 3086 3775; x_wconf 94' lang='lat'>:</span> <span class='ocrx_word' id='word_1_636' title='bbox 3111 3720 3288 3777; x_wconf 88' lang='lat' dir='ltr'><strong>Certis</strong></span> <span class='ocrx_word' id='word_1_637' title='bbox 3327 3737 3584 3778; x_wconf 81' lang='lat' dir='ltr'><strong>nonnun-</strong></span> 
     </span>
    </p>
   </div>
   <div class='ocr_carea' id='block_1_85' title="bbox 1993 3808 3581 3886">
    <p class='ocr_par' dir='ltr' id='par_1_85' title="bbox 1993 3808 3581 3886">
     <span class='ocr_line' id='line_1_85' title="bbox 1993 3808 3581 3886; baseline 0.006 -26"><span class='ocrx_word' id='word_1_638' title='bbox 1993 3822 2157 3877; x_wconf 87' lang='lat' dir='ltr'><strong>quam</strong></span> <span class='ocrx_word' id='word_1_639' title='bbox 2212 3808 2582 3878; x_wconf 86' lang='lat' dir='ltr'><strong>voluptatibus</strong></span> <span class='ocrx_word' id='word_1_640' title='bbox 2646 3811 3052 3878; x_wconf 88' lang='lat' dir='ltr'><strong>abstinemlum,</strong></span> <span class='ocrx_word' id='word_1_641' title='bbox 3113 3831 3180 3869; x_wconf 91' lang='lat' dir='ltr'><strong>ne</strong></span> <span class='ocrx_word' id='word_1_642' title='bbox 3237 3815 3581 3886; x_wconf 80' lang='lat' dir='ltr'><strong>gravioribus</strong></span> 
     </span>
    </p>
   </div>
   <div class='ocr_carea' id='block_1_86' title="bbox 1991 3900 3581 3979">
    <p class='ocr_par' dir='ltr' id='par_1_86' title="bbox 1991 3900 3581 3979">
     <span class='ocr_line' id='line_1_86' title="bbox 1991 3900 3581 3979; baseline 0.007 -27"><span class='ocrx_word' id='word_1_643' title='bbox 1991 3913 2179 3968; x_wconf 90' lang='lat' dir='ltr'><strong>postea</strong></span> <span class='ocrx_word' id='word_1_644' title='bbox 2223 3900 2503 3956; x_wconf 85' lang='lat' dir='ltr'><strong>doloribus</strong></span> <span class='ocrx_word' id='word_1_645' title='bbox 2559 3918 2882 3972; x_wconf 85' lang='lat' dir='ltr'><strong>urgeamur,</strong></span> <span class='ocrx_word' id='word_1_646' title='bbox 2938 3915 3242 3977; x_wconf 67' lang='lat' dir='ltr'><strong>caeteraque</strong></span> <span class='ocrx_word' id='word_1_647' title='bbox 3298 3907 3350 3962; x_wconf 90' lang='lat' dir='ltr'><strong>id</strong></span> <span class='ocrx_word' id='word_1_648' title='bbox 3408 3924 3581 3979; x_wconf 74' lang='lat' dir='ltr'><strong>genus</strong></span> 
     </span>
    </p>
   </div>
   <div class='ocr_carea' id='block_1_87' title="bbox 1993 3989 3576 4066">
    <p class='ocr_par' dir='ltr' id='par_1_87' title="bbox 1993 3989 3576 4066">
     <span class='ocr_line' id='line_1_87' title="bbox 1993 3989 3576 4066; baseline 0.004 -22"><span class='ocrx_word' id='word_1_649' title='bbox 1993 3989 2199 4054; x_wconf 87' lang='lat' dir='ltr'><strong>omnia,</strong></span> <span class='ocrx_word' id='word_1_650' title='bbox 2241 3991 2470 4047; x_wconf 89' lang='lat' dir='ltr'><strong>rationis</strong></span> <span class='ocrx_word' id='word_1_651' title='bbox 2521 3993 2685 4047; x_wconf 88' lang='lat' dir='ltr'><strong>unius</strong></span> <span class='ocrx_word' id='word_1_652' title='bbox 2707 3993 2919 4064; x_wconf 87' lang='lat' dir='ltr'><strong>judicio</strong></span> <span class='ocrx_word' id='word_1_653' title='bbox 2945 3996 3335 4050; x_wconf 89' lang='lat' dir='ltr'><strong>decernuntur.</strong></span> <span class='ocrx_word' id='word_1_654' title='bbox 3374 3995 3576 4066; x_wconf 85' lang='lat' dir='ltr'><strong>Atque,</strong></span> 
     </span>
    </p>
   </div>
   <div class='ocr_carea' id='block_1_88' title="bbox 1994 4082 3577 4156">
    <p class='ocr_par' dir='ltr' id='par_1_88' title="bbox 1994 4082 3577 4156">
     <span class='ocr_line' id='line_1_88' title="bbox 1994 4082 3577 4156; baseline 0.004 -21"><span class='ocrx_word' id='word_1_655' title='bbox 1994 4091 2053 4137; x_wconf 92' lang='lat' dir='ltr'><strong>ut</strong></span> <span class='ocrx_word' id='word_1_656' title='bbox 2084 4082 2338 4138; x_wconf 89' lang='lat' dir='ltr'><strong>universe</strong></span> <span class='ocrx_word' id='word_1_657' title='bbox 2372 4084 2684 4154; x_wconf 88' lang='lat' dir='ltr'><strong>loquamur,</strong></span> <span class='ocrx_word' id='word_1_658' title='bbox 2728 4099 2927 4142; x_wconf 88' lang='lat' dir='ltr'><strong>sensus</strong></span> <span class='ocrx_word' id='word_1_659' title='bbox 2955 4097 3119 4156; x_wconf 91' lang='lat' dir='ltr'><strong>atque</strong></span> <span class='ocrx_word' id='word_1_660' title='bbox 3156 4087 3273 4141; x_wconf 85' lang='lat' dir='ltr'><strong>visa</strong></span> <span class='ocrx_word' id='word_1_661' title='bbox 3325 4089 3577 4156; x_wconf 68' lang='lat' dir='ltr'><strong>quaedam</strong></span> 
     </span>
    </p>
   </div>
   <div class='ocr_carea' id='block_1_89' title="bbox 1991 4177 3581 4250">
    <p class='ocr_par' dir='ltr' id='par_1_89' title="bbox 1991 4177 3581 4250">
     <span class='ocr_line' id='line_1_89' title="bbox 1991 4177 3581 4250; baseline 0.003 -21"><span class='ocrx_word' id='word_1_662' title='bbox 1991 4177 2147 4247; x_wconf 88' lang='lat' dir='ltr'><strong>quasi</strong></span> <span class='ocrx_word' id='word_1_663' title='bbox 2197 4194 2378 4232; x_wconf 88' lang='lat' dir='ltr'><strong>rerum</strong></span> <span class='ocrx_word' id='word_1_664' title='bbox 2425 4179 2646 4249; x_wconf 89' lang='lat' dir='ltr'><strong>specula</strong></span> <span class='ocrx_word' id='word_1_665' title='bbox 2697 4188 2750 4233; x_wconf 91' lang='lat' dir='ltr'><strong>et</strong></span> <span class='ocrx_word' id='word_1_666' title='bbox 2789 4180 3057 4250; x_wconf 78' lang='lat' dir='ltr'><strong>imagines</strong></span> <span class='ocrx_word' id='word_1_667' title='bbox 3099 4181 3354 4236; x_wconf 88' lang='lat' dir='ltr'><strong>videntur</strong></span> <span class='ocrx_word' id='word_1_668' title='bbox 3397 4199 3410 4234; x_wconf 90' lang='lat'><strong>:</strong></span> <span class='ocrx_word' id='word_1_669' title='bbox 3450 4180 3581 4235; x_wconf 77' lang='lat' dir='ltr'><strong>affe-</strong></span> 
     </span>
    </p>
   </div>
   <div class='ocr_carea' id='block_1_90' title="bbox 1990 4269 3576 4341">
    <p class='ocr_par' dir='ltr' id='par_1_90' title="bbox 1990 4269 3576 4341">
     <span class='ocr_line' id='line_1_90' title="bbox 1990 4269 3576 4341; baseline 0.002 -17"><span class='ocrx_word' id='word_1_670' title='bbox 1990 4269 2167 4324; x_wconf 88' lang='lat' dir='ltr'><strong>tiones</strong></span> <span class='ocrx_word' id='word_1_671' title='bbox 2241 4281 2445 4335; x_wconf 90' lang='lat' dir='ltr'><strong>autem,</strong></span> <span class='ocrx_word' id='word_1_672' title='bbox 2504 4271 2813 4341; x_wconf 86' lang='lat' dir='ltr'><strong>voluptates</strong></span> <span class='ocrx_word' id='word_1_673' title='bbox 2885 4281 2939 4326; x_wconf 92' lang='lat' dir='ltr'><strong>et</strong></span> <span class='ocrx_word' id='word_1_674' title='bbox 3034 4273 3272 4336; x_wconf 86' lang='lat' dir='ltr'><strong>labores,</strong></span> <span class='ocrx_word' id='word_1_675' title='bbox 3328 4282 3576 4328; x_wconf 90' lang='lat' dir='ltr'><strong>nostrum</strong></span> 
     </span>
    </p>
   </div>
   <div class='ocr_carea' id='block_1_91' title="bbox 1991 4361 3580 4437">
    <p class='ocr_par' dir='ltr' id='par_1_91' title="bbox 1991 4361 3580 4437">
     <span class='ocr_line' id='line_1_91' title="bbox 1991 4361 3580 4437; baseline 0.003 -23"><span class='ocrx_word' id='word_1_676' title='bbox 1991 4361 2234 4430; x_wconf 86' lang='lat' dir='ltr'><strong>ipsorum</strong></span> <span class='ocrx_word' id='word_1_677' title='bbox 2276 4363 2631 4419; x_wconf 81' lang='lat' dir='ltr'><strong>mutationes.</strong></span> <span class='ocrx_word' id='word_1_678' title='bbox 2669 4366 2880 4437; x_wconf 86' lang='lat' dir='ltr'><strong>Itaque,</strong></span> <span class='ocrx_word' id='word_1_679' title='bbox 2908 4365 3036 4418; x_wconf 92' lang='lat' dir='ltr'><strong>dum</strong></span> <span class='ocrx_word' id='word_1_680' title='bbox 3062 4381 3225 4420; x_wconf 89' lang='lat' dir='ltr'><strong>sensu</strong></span> <span class='ocrx_word' id='word_1_681' title='bbox 3256 4365 3460 4435; x_wconf 87' lang='lat' dir='ltr'><strong>aliquid</strong></span> <span class='ocrx_word' id='word_1_682' title='bbox 3482 4374 3580 4418; x_wconf 85' lang='lat' dir='ltr'><strong>aut</strong></span> 
     </span>
    </p>
   </div>
   <div class='ocr_carea' id='block_1_92' title="bbox 1989 4454 3577 4528">
    <p class='ocr_par' dir='ltr' id='par_1_92' title="bbox 1989 4454 3577 4528">
     <span class='ocr_line' id='line_1_92' title="bbox 1989 4454 3577 4528; baseline 0.001 -20"><span class='ocrx_word' id='word_1_683' title='bbox 1989 4454 2322 4524; x_wconf 81' lang='lat' dir='ltr'><strong>cogitatione</strong></span> <span class='ocrx_word' id='word_1_684' title='bbox 2350 4454 2734 4521; x_wconf 76' lang='lat' dir='ltr'><strong>informamus,</strong></span> <span class='ocrx_word' id='word_1_685' title='bbox 2761 4457 3030 4512; x_wconf 80' lang='lat' dir='ltr'><strong>exteriora</strong></span> <span class='ocrx_word' id='word_1_686' title='bbox 3058 4457 3380 4528; x_wconf 82' lang='lat' dir='ltr'><strong>respicimus</strong></span> <span class='ocrx_word' id='word_1_687' title='bbox 3403 4475 3414 4512; x_wconf 91' lang='lat'>:</span> <span class='ocrx_word' id='word_1_688' title='bbox 3444 4456 3577 4512; x_wconf 89' lang='lat' dir='ltr'><strong>dum</strong></span> 
     </span>
    </p>
   </div>
   <div class='ocr_carea' id='block_1_93' title="bbox 1990 4546 3578 4618">
    <p class='ocr_par' dir='ltr' id='par_1_93' title="bbox 1990 4546 3578 4618">
     <span class='ocr_line' id='line_1_93' title="bbox 1990 4546 3578 4618; baseline 0.004 -22"><span class='ocrx_word' id='word_1_689' title='bbox 1990 4546 2319 4615; x_wconf 85' lang='lat' dir='ltr'><strong>voluptatem</strong></span> <span class='ocrx_word' id='word_1_690' title='bbox 2383 4548 2714 4618; x_wconf 85' lang='lat' dir='ltr'><strong>percipimus</strong></span> <span class='ocrx_word' id='word_1_691' title='bbox 2773 4558 2870 4602; x_wconf 91' lang='lat' dir='ltr'><strong>aut</strong></span> <span class='ocrx_word' id='word_1_692' title='bbox 2920 4549 3187 4612; x_wconf 88' lang='lat' dir='ltr'><strong>dolorem,</strong></span> <span class='ocrx_word' id='word_1_693' title='bbox 3231 4550 3284 4603; x_wconf 88' lang='lat' dir='ltr'><strong>in</strong></span> <span class='ocrx_word' id='word_1_694' title='bbox 3326 4565 3427 4604; x_wconf 87' lang='lat' dir='ltr'><strong>nos</strong></span> <span class='ocrx_word' id='word_1_695' title='bbox 3456 4558 3578 4604; x_wconf 71' lang='lat' dir='ltr'><strong>lan~</strong></span> 
     </span>
    </p>
   </div>
   <div class='ocr_carea' id='block_1_94' title="bbox 1992 4639 3578 4707">
    <p class='ocr_par' dir='ltr' id='par_1_94' title="bbox 1992 4639 3578 4707">
     <span class='ocr_line' id='line_1_94' title="bbox 1992 4639 3578 4707; baseline 0.003 -17"><span class='ocrx_word' id='word_1_696' title='bbox 1992 4647 2104 4692; x_wconf 89' lang='lat' dir='ltr'><strong>tum</strong></span> <span class='ocrx_word' id='word_1_697' title='bbox 2153 4639 2302 4707; x_wconf 90' lang='lat' dir='ltr'><strong>ipsos</strong></span> <span class='ocrx_word' id='word_1_698' title='bbox 2343 4640 2734 4696; x_wconf 83' lang='lat' dir='ltr'><strong>convertimur.</strong></span> <span class='ocrx_word' id='word_1_699' title='bbox 2781 4640 2887 4693; x_wconf 80' lang='lat' dir='ltr'><strong>Res</strong></span> <span class='ocrx_word' id='word_1_700' title='bbox 2917 4643 3062 4696; x_wconf 89' lang='lat' dir='ltr'><strong>enim</strong></span> <span class='ocrx_word' id='word_1_701' title='bbox 3099 4641 3441 4696; x_wconf 80' lang='lat' dir='ltr'><strong>extrinsecus</strong></span> <span class='ocrx_word' id='word_1_702' title='bbox 3473 4642 3578 4694; x_wconf 87' lang='lat' dir='ltr'><strong>ob-</strong></span> 
     </span>
    </p>
   </div>
   <div class='ocr_carea' id='block_1_95' title="bbox 1990 4729 3579 4811">
    <p class='ocr_par' dir='ltr' id='par_1_95' title="bbox 1990 4729 3579 4811">
     <span class='ocr_line' id='line_1_95' title="bbox 1990 4729 3579 4811; baseline 0.003 -28"><span class='ocrx_word' id='word_1_703' title='bbox 1990 4729 2110 4784; x_wconf 64' lang='lat' dir='ltr'><strong>lata:</strong></span> <span class='ocrx_word' id='word_1_704' title='bbox 2151 4729 2268 4784; x_wconf 86' lang='lat' dir='ltr'><strong>visa</strong></span> <span class='ocrx_word' id='word_1_705' title='bbox 2317 4740 2502 4786; x_wconf 88' lang='lat' dir='ltr'><strong>nostra</strong></span> <span class='ocrx_word' id='word_1_706' title='bbox 2545 4731 2806 4798; x_wconf 87' lang='lat' dir='ltr'><strong>clliciunt,</strong></span> <span class='ocrx_word' id='word_1_707' title='bbox 2838 4748 3071 4802; x_wconf 89' lang='lat' dir='ltr'><strong>quarum</strong></span> <span class='ocrx_word' id='word_1_708' title='bbox 3109 4733 3198 4788; x_wconf 87' lang='lat' dir='ltr'><strong>illa</strong></span> <span class='ocrx_word' id='word_1_709' title='bbox 3233 4733 3579 4811; x_wconf 8' lang='lat' dir='ltr'><strong>sunt’proin-</strong></span> 
     </span>
    </p>
   </div>
   <div class='ocr_carea' id='block_1_96' title="bbox 290 4821 1889 4907">
    <p class='ocr_par' dir='ltr' id='par_1_96' title="bbox 290 4822 1878 4896">
     <span class='ocr_line' id='line_1_96' title="bbox 290 4822 1878 4896; baseline 0 -18"><span class='ocrx_word' id='word_1_710' title='bbox 290 4824 830 4896; x_wconf 79' lang='grc' dir='ltr'>παραλαμϐάνουσιν.</span> <span class='ocrx_word' id='word_1_711' title='bbox 865 4824 1048 4877; x_wconf 83' lang='grc' dir='ltr'>’Έοικε</span> <span class='ocrx_word' id='word_1_712' title='bbox 1072 4823 1114 4876; x_wconf 88' lang='grc' dir='ltr'>δ’</span> <span class='ocrx_word' id='word_1_713' title='bbox 1149 4825 1180 4893; x_wconf 76' lang='grc' dir='ltr'>ἡ</span> <span class='ocrx_word' id='word_1_714' title='bbox 1219 4823 1318 4892; x_wconf 79' lang='grc' dir='ltr'><strong>μὲν</strong></span> <span class='ocrx_word' id='word_1_715' title='bbox 1348 4822 1600 4894; x_wconf 80' lang='grc' dir='ltr'>αἴσθησις</span> <span class='ocrx_word' id='word_1_716' title='bbox 1629 4827 1748 4886; x_wconf 85' lang='grc' dir='ltr'>ταῖς</span> <span class='ocrx_word' id='word_1_717' title='bbox 1778 4824 1878 4894; x_wconf 81' lang='grc' dir='ltr'>ἄρ-</span> 
     </span>
    </p>
   </div>
   <div class='ocr_carea' id='block_1_97' title="bbox 1994 4821 3565 4907">
    <p class='ocr_par' dir='ltr' id='par_1_97' title="bbox 1994 4821 3565 4881">
     <span class='ocr_line' id='line_1_97' title="bbox 1994 4821 3565 4881; baseline 0.003 -7"><span class='ocrx_word' id='word_1_718' title='bbox 1994 4821 2053 4874; x_wconf 85' lang='lat' dir='ltr'><strong>de</strong></span> <span class='ocrx_word' id='word_1_719' title='bbox 2083 4821 2304 4876; x_wconf 86' lang='lat' dir='ltr'><strong>similia.</strong></span> <span class='ocrx_word' id='word_1_720' title='bbox 2365 4823 2428 4877; x_wconf 81' lang='lat' dir='ltr'><strong>At</strong></span> <span class='ocrx_word' id='word_1_721' title='bbox 2490 4839 2618 4878; x_wconf 87' lang='lat' dir='ltr'><strong>vero</strong></span> <span class='ocrx_word' id='word_1_722' title='bbox 2654 4823 2971 4881; x_wconf 83' lang='lat' dir='ltr'><strong>atl‘ectiones</strong></span> <span class='ocrx_word' id='word_1_723' title='bbox 3019 4827 3230 4880; x_wconf 90' lang='lat' dir='ltr'><strong>vultum</strong></span> <span class='ocrx_word' id='word_1_724' title='bbox 3278 4842 3346 4881; x_wconf 77' lang='lat' dir='ltr'><strong>ex</strong></span> <span class='ocrx_word' id='word_1_725' title='bbox 3406 4826 3565 4880; x_wconf 84' lang='lat' dir='ltr'><strong>nobis</strong></span> 
     </span>
    </p>
   </div>
   <div class='ocr_carea' id='block_1_98' title="bbox 287 4917 1882 4982">
    <p class='ocr_par' dir='ltr' id='par_1_98' title="bbox 287 4917 1882 4982">
     <span class='ocr_line' id='line_1_98' title="bbox 287 4917 1882 4982; baseline -0.001 -10"><span class='ocrx_word' id='word_1_726' title='bbox 287 4937 412 4972; x_wconf 85' lang='grc' dir='ltr'>κυσι</span> <span class='ocrx_word' id='word_1_727' title='bbox 450 4919 542 4972; x_wconf 75' lang='grc' dir='ltr'><strong>καὶ</strong></span> <span class='ocrx_word' id='word_1_728' title='bbox 575 4922 689 4982; x_wconf 88' lang='grc' dir='ltr'>τοῖς</span> <span class='ocrx_word' id='word_1_729' title='bbox 718 4918 978 4982; x_wconf 85' lang='grc' dir='ltr'>δικτύοις,</span> <span class='ocrx_word' id='word_1_730' title='bbox 1012 4918 1104 4972; x_wconf 70' lang='grc' dir='ltr'>καὶ</span> <span class='ocrx_word' id='word_1_731' title='bbox 1137 4921 1246 4980; x_wconf 87' lang='grc' dir='ltr'>τοῖς</span> <span class='ocrx_word' id='word_1_732' title='bbox 1279 4917 1458 4981; x_wconf 82' lang='grc' dir='ltr'>ἄλλοις</span> <span class='ocrx_word' id='word_1_733' title='bbox 1478 4921 1588 4980; x_wconf 86' lang='grc' dir='ltr'>τοῖς</span> <span class='ocrx_word' id='word_1_734' title='bbox 1623 4918 1882 4982; x_wconf 76' lang='grc' dir='ltr'>τοιούτοις</span> 
     </span>
    </p>
   </div>
   <div class='ocr_carea' id='block_1_99' title="bbox 287 5009 1881 5084">
    <p class='ocr_par' dir='ltr' id='par_1_99' title="bbox 287 5009 1881 5084">
     <span class='ocr_line' id='line_1_99' title="bbox 287 5009 1881 5084; baseline -0.003 -19"><span class='ocrx_word' id='word_1_735' title='bbox 287 5011 581 5084; x_wconf 82' lang='grc' dir='ltr'>θηράτροις</span> <span class='ocrx_word' id='word_1_736' title='bbox 601 5029 615 5042; x_wconf 72' lang='grc' dir='ltr'><strong>ο</strong></span> <span class='ocrx_word' id='word_1_737' title='bbox 648 5013 677 5064; x_wconf 86' lang='grc' dir='ltr'>ὁ</span> <span class='ocrx_word' id='word_1_738' title='bbox 711 5010 768 5064; x_wconf 79' lang='grc' dir='ltr'><strong>δὲ</strong></span> <span class='ocrx_word' id='word_1_739' title='bbox 799 5010 923 5074; x_wconf 76' lang='grc' dir='ltr'>νοῦς</span> <span class='ocrx_word' id='word_1_740' title='bbox 970 5011 1064 5063; x_wconf 63' lang='grc' dir='ltr'><strong>καλ¹</strong></span> <span class='ocrx_word' id='word_1_741' title='bbox 1096 5011 1123 5061; x_wconf 87' lang='grc' dir='ltr'>ὁ</span> <span class='ocrx_word' id='word_1_742' title='bbox 1156 5009 1312 5078; x_wconf 81' lang='grc' dir='ltr'>λόγος</span> <span class='ocrx_word' id='word_1_743' title='bbox 1339 5013 1452 5073; x_wconf 86' lang='grc' dir='ltr'>τοῖς</span> <span class='ocrx_word' id='word_1_744' title='bbox 1480 5011 1605 5062; x_wconf 81' lang='grc' dir='ltr'>κυσὶ</span> <span class='ocrx_word' id='word_1_745' title='bbox 1635 5012 1744 5072; x_wconf 88' lang='grc' dir='ltr'>τοῖς</span> <span class='ocrx_word' id='word_1_746' title='bbox 1767 5027 1881 5062; x_wconf 85' lang='grc' dir='ltr'>στι-</span> 
     </span>
    </p>
   </div>
   <div class='ocr_carea' id='block_1_100' title="bbox 285 5102 1880 5174">
    <p class='ocr_par' dir='ltr' id='par_1_100' title="bbox 285 5102 1880 5174">
     <span class='ocr_line' id='line_1_100' title="bbox 285 5102 1880 5174; baseline 0.001 -19"><span class='ocrx_word' id='word_1_747' title='bbox 285 5103 504 5157; x_wconf 81' lang='grc' dir='ltr'>ϐεύουσι</span> <span class='ocrx_word' id='word_1_748' title='bbox 533 5104 629 5158; x_wconf 75' lang='grc' dir='ltr'>καὶ</span> <span class='ocrx_word' id='word_1_749' title='bbox 659 5103 1031 5174; x_wconf 76' lang='grc' dir='ltr'>μεταθέουσιν.</span> <span class='ocrx_word' id='word_1_750' title='bbox 1066 5103 1253 5156; x_wconf 80' lang='grc' dir='ltr'>Αὐτῶν</span> <span class='ocrx_word' id='word_1_751' title='bbox 1286 5103 1384 5173; x_wconf 82' lang='grc' dir='ltr'><strong>μὲν</strong></span> <span class='ocrx_word' id='word_1_752' title='bbox 1417 5102 1695 5166; x_wconf 84' lang='grc' dir='ltr'>τοιούτων,</span> <span class='ocrx_word' id='word_1_753' title='bbox 1722 5103 1880 5174; x_wconf 80' lang='grc' dir='ltr'>ἀμει-</span> 
     </span>
    </p>
   </div>
   <div class='ocr_carea' id='block_1_101' title="bbox 283 5195 1877 5267">
    <p class='ocr_par' dir='ltr' id='par_1_101' title="bbox 283 5195 1877 5267">
     <span class='ocr_line' id='line_1_101' title="bbox 283 5195 1877 5267; baseline 0 -18"><span class='ocrx_word' id='word_1_754' title='bbox 283 5215 371 5250; x_wconf 87' lang='grc' dir='ltr'><strong>νον</strong></span> <span class='ocrx_word' id='word_1_755' title='bbox 403 5195 713 5266; x_wconf 76' lang='grc' dir='ltr'>φιλοσοφεῖν</span> <span class='ocrx_word' id='word_1_756' title='bbox 742 5195 951 5248; x_wconf 75' lang='grc' dir='ltr'>οἴεσθαι</span> <span class='ocrx_word' id='word_1_757' title='bbox 983 5195 1087 5266; x_wconf 80' lang='grc' dir='ltr'>χρὴ</span> <span class='ocrx_word' id='word_1_758' title='bbox 1119 5196 1242 5258; x_wconf 71' lang='grc' dir='ltr'>τοὺς</span> <span class='ocrx_word' id='word_1_759' title='bbox 1280 5197 1420 5267; x_wconf 72' lang='grc' dir='ltr'>μήτε</span> <span class='ocrx_word' id='word_1_760' title='bbox 1457 5198 1579 5258; x_wconf 84' lang='grc' dir='ltr'>ταῖς</span> <span class='ocrx_word' id='word_1_761' title='bbox 1617 5195 1877 5266; x_wconf 80' lang='grc' dir='ltr'>αἰσθήσε-</span> 
     </span>
    </p>
   </div>
   <div class='ocr_carea' id='block_1_102' title="bbox 285 5269 1876 5359">
    <p class='ocr_par' dir='ltr' id='par_1_102' title="bbox 285 5269 1876 5359">
     <span class='ocr_line' id='line_1_102' title="bbox 285 5269 1876 5359; baseline 0.001 -19"><span class='ocrx_word' id='word_1_762' title='bbox 285 5305 391 5351; x_wconf 90' lang='grc' dir='ltr'>σιν,</span> <span class='ocrx_word' id='word_1_763' title='bbox 423 5269 500 5351; x_wconf 64' lang='lat' dir='ltr'><strong>di;</strong></span> <span class='ocrx_word' id='word_1_764' title='bbox 528 5287 708 5358; x_wconf 81' lang='grc' dir='ltr'>ἔτυχε,</span> <span class='ocrx_word' id='word_1_765' title='bbox 761 5288 1098 5359; x_wconf 82' lang='grc' dir='ltr'>χρωμένους,</span> <span class='ocrx_word' id='word_1_766' title='bbox 1132 5288 1269 5356; x_wconf 81' lang='grc' dir='ltr'>μήτε</span> <span class='ocrx_word' id='word_1_767' title='bbox 1302 5286 1370 5340; x_wconf 77' lang='grc' dir='ltr'><strong>τὰ</strong></span> <span class='ocrx_word' id='word_1_768' title='bbox 1413 5285 1558 5356; x_wconf 81' lang='grc' dir='ltr'>πάθη</span> <span class='ocrx_word' id='word_1_769' title='bbox 1587 5287 1876 5358; x_wconf 85' lang='grc' dir='ltr'>παραλαμ-</span> 
     </span>
    </p>
   </div>
   <div class='ocr_carea' id='block_1_103' title="bbox 284 5379 1872 5451">
    <p class='ocr_par' dir='ltr' id='par_1_103' title="bbox 284 5379 1872 5451">
     <span class='ocr_line' id='line_1_103' title="bbox 284 5379 1872 5451; baseline 0.003 -21"><span class='ocrx_word' id='word_1_770' title='bbox 284 5381 546 5443; x_wconf 74' lang='grc' dir='ltr'>ϐάνοντας</span> <span class='ocrx_word' id='word_1_771' title='bbox 580 5382 673 5433; x_wconf 72' lang='grc' dir='ltr'>ἐπὶ</span> <span class='ocrx_word' id='word_1_772' title='bbox 705 5381 804 5451; x_wconf 83' lang='grc' dir='ltr'>τὴν</span> <span class='ocrx_word' id='word_1_773' title='bbox 831 5380 1102 5451; x_wconf 73' lang='grc' dir='ltr'>τάληθοῦς</span> <span class='ocrx_word' id='word_1_774' title='bbox 1151 5379 1460 5448; x_wconf 83' lang='grc' dir='ltr'>διάγνωσιν.</span> <span class='ocrx_word' id='word_1_775' title='bbox 1512 5382 1583 5432; x_wconf 86' lang='grc' dir='ltr'><strong>Ἣ</strong></span> <span class='ocrx_word' id='word_1_776' title='bbox 1624 5380 1796 5434; x_wconf 88' lang='grc' dir='ltr'>δεινόν</span> <span class='ocrx_word' id='word_1_777' title='bbox 1821 5382 1872 5449; x_wconf 85' lang='grc' dir='ltr'>γ’</span> 
     </span>
    </p>
   </div>
   <div class='ocr_carea' id='block_1_104' title="bbox 282 5473 1872 5545">
    <p class='ocr_par' dir='ltr' id='par_1_104' title="bbox 282 5473 1872 5545">
     <span class='ocr_line' id='line_1_104' title="bbox 282 5473 1872 5545; baseline 0.001 -20"><span class='ocrx_word' id='word_1_778' title='bbox 282 5473 349 5525; x_wconf 84' lang='grc' dir='ltr'><strong>ἂν</strong></span> <span class='ocrx_word' id='word_1_779' title='bbox 379 5475 484 5544; x_wconf 81' lang='grc' dir='ltr'>εἴη,</span> <span class='ocrx_word' id='word_1_780' title='bbox 523 5473 836 5544; x_wconf 63' lang='grc' dir='ltr'>πεφυκότας</span> <span class='ocrx_word' id='word_1_781' title='bbox 882 5473 1223 5545; x_wconf 83' lang='grc' dir='ltr'>ἀνθρώπους,</span> <span class='ocrx_word' id='word_1_782' title='bbox 1289 5473 1507 5544; x_wconf 74' lang='grc' dir='ltr'>ἡδοναῖς</span> <span class='ocrx_word' id='word_1_783' title='bbox 1553 5476 1646 5528; x_wconf 80' lang='grc' dir='ltr'>καὶ</span> <span class='ocrx_word' id='word_1_784' title='bbox 1692 5477 1872 5539; x_wconf 85' lang='grc' dir='ltr'>πόνοις</span> 
     </span>
    </p>
   </div>
   <div class='ocr_carea' id='block_1_105' title="bbox 284 5567 1872 5638">
    <p class='ocr_par' dir='ltr' id='par_1_105' title="bbox 284 5567 1872 5638">
     <span class='ocr_line' id='line_1_105' title="bbox 284 5567 1872 5638; baseline 0.001 -18"><span class='ocrx_word' id='word_1_785' title='bbox 284 5567 502 5634; x_wconf 78' lang='grc' dir='ltr'>ἀλόγοις</span> <span class='ocrx_word' id='word_1_786' title='bbox 558 5570 628 5620; x_wconf 80' lang='grc' dir='ltr'><strong>ὲπ</strong></span> <span class='ocrx_word' id='word_1_787' title='bbox 651 5568 874 5638; x_wconf 80' lang='grc' dir='ltr'>τρέπειν</span> <span class='ocrx_word' id='word_1_788' title='bbox 906 5569 1150 5630; x_wconf 70' lang='grc' dir='ltr'>ἑαυτοὺς,</span> <span class='ocrx_word' id='word_1_789' title='bbox 1209 5567 1444 5636; x_wconf 71' lang='grc' dir='ltr'>ἀφέντας</span> <span class='ocrx_word' id='word_1_790' title='bbox 1479 5568 1570 5620; x_wconf 80' lang='grc' dir='ltr'>τὸν</span> <span class='ocrx_word' id='word_1_791' title='bbox 1599 5568 1872 5622; x_wconf 76' lang='grc' dir='ltr'>θειότατον</span> 
     </span>
    </p>
   </div>
   <div class='ocr_carea' id='block_1_106' title="bbox 285 5657 1662 5731">
    <p class='ocr_par' dir='ltr' id='par_1_106' title="bbox 285 5657 1662 5731">
     <span class='ocr_line' id='line_1_106' title="bbox 285 5657 1662 5731; baseline 0.004 -23"><span class='ocrx_word' id='word_1_792' title='bbox 285 5659 479 5728; x_wconf 76' lang='grc' dir='ltr'>κριτὴν</span> <span class='ocrx_word' id='word_1_793' title='bbox 507 5657 626 5710; x_wconf 74' lang='grc' dir='ltr'>νοῦν</span> <span class='ocrx_word' id='word_1_794' title='bbox 689 5679 703 5707; x_wconf 76' lang='grc' dir='ltr'>ι</span> <span class='ocrx_word' id='word_1_795' title='bbox 741 5658 926 5713; x_wconf 75' lang='grc' dir='ltr'>Ταῦτα</span> <span class='ocrx_word' id='word_1_796' title='bbox 955 5660 1058 5712; x_wconf 73' lang='grc' dir='ltr'><strong>ἀπὸ</strong></span> <span class='ocrx_word' id='word_1_797' title='bbox 1087 5660 1192 5710; x_wconf 81' lang='grc' dir='ltr'><strong>τῶν</strong></span> <span class='ocrx_word' id='word_1_798' title='bbox 1236 5659 1662 5731; x_wconf 62' lang='grc' dir='ltr'>ἰ’ἰριστοκλέους.</span> 
     </span>
    </p>
   </div>
   <div class='ocr_carea' id='block_1_107' title="bbox 357 5839 786 5912">
    <p class='ocr_par' dir='ltr' id='par_1_107' title="bbox 357 5839 786 5912">
     <span class='ocr_line' id='line_1_107' title="bbox 357 5839 786 5912; baseline 0.005 -18"><span class='ocrx_word' id='word_1_799' title='bbox 357 5847 375 5912; x_wconf 37' lang='grc' dir='ltr'><strong>ιζ</strong></span> <span class='ocrx_word' id='word_1_800' title='bbox 389 5843 398 5893; x_wconf 83' lang='grc' dir='ltr'><strong>ί</strong></span> <span class='ocrx_word' id='word_1_801' title='bbox 414 5844 467 5912; x_wconf 82' lang='lat' dir='ltr'><strong>ll)</strong></span> <span class='ocrx_word' id='word_1_802' title='bbox 509 5839 668 5899; x_wconf 80' lang='lat' dir='ltr'><strong>Forte</strong></span> <span class='ocrx_word' id='word_1_803' title='bbox 703 5843 786 5896; x_wconf 73' lang='grc' dir='ltr'>τά.</span> 
     </span>
    </p>
   </div>
   <div class='ocr_carea' id='block_1_108' title="bbox 1986 4916 3573 4991">
    <p class='ocr_par' dir='ltr' id='par_1_108' title="bbox 1986 4916 3573 4991">
     <span class='ocr_line' id='line_1_108' title="bbox 1986 4916 3573 4991; baseline 0.004 -23"><span class='ocrx_word' id='word_1_804' title='bbox 1986 4916 2333 4985; x_wconf 80' lang='lat' dir='ltr'><strong>speciemque</strong></span> <span class='ocrx_word' id='word_1_805' title='bbox 2381 4927 2654 4975; x_wconf 87' lang='lat' dir='ltr'><strong>sumunt:</strong></span> <span class='ocrx_word' id='word_1_806' title='bbox 2697 4935 2808 4990; x_wconf 91' lang='lat' dir='ltr'><strong>quo</strong></span> <span class='ocrx_word' id='word_1_807' title='bbox 2855 4921 2915 4974; x_wconf 89' lang='lat' dir='ltr'><strong>llt</strong></span> <span class='ocrx_word' id='word_1_808' title='bbox 2965 4929 3025 4974; x_wconf 91' lang='lat' dir='ltr'><strong>ut</strong></span> <span class='ocrx_word' id='word_1_809' title='bbox 3068 4919 3326 4991; x_wconf 69' lang='lat' dir='ltr'><strong>jucunda:</strong></span> <span class='ocrx_word' id='word_1_810' title='bbox 3383 4921 3573 4984; x_wconf 86' lang='lat' dir='ltr'><strong>modo,</strong></span> 
     </span>
    </p>
   </div>
   <div class='ocr_carea' id='block_1_109' title="bbox 1988 5007 3569 5080">
    <p class='ocr_par' dir='ltr' id='par_1_109' title="bbox 1988 5007 3569 5080">
     <span class='ocr_line' id='line_1_109' title="bbox 1988 5007 3569 5080; baseline 0.003 -21"><span class='ocrx_word' id='word_1_811' title='bbox 1988 5007 2149 5060; x_wconf 91' lang='lat' dir='ltr'><strong>modo</strong></span> <span class='ocrx_word' id='word_1_812' title='bbox 2186 5007 2522 5077; x_wconf 67' lang='lat' dir='ltr'><strong>injucundaa,</strong></span> <span class='ocrx_word' id='word_1_813' title='bbox 2559 5008 2724 5080; x_wconf 88' lang='lat' dir='ltr'><strong>idque</strong></span> <span class='ocrx_word' id='word_1_814' title='bbox 2752 5010 2928 5079; x_wconf 72' lang='lat' dir='ltr'><strong>magis</strong></span> <span class='ocrx_word' id='word_1_815' title='bbox 2979 5011 3233 5066; x_wconf 88' lang='lat' dir='ltr'><strong>minusve</strong></span> <span class='ocrx_word' id='word_1_816' title='bbox 3262 5011 3569 5066; x_wconf 84' lang='lat' dir='ltr'><strong>videantur.</strong></span> 
     </span>
    </p>
   </div>
   <div class='ocr_carea' id='block_1_110' title="bbox 1985 5098 3573 5172">
    <p class='ocr_par' dir='ltr' id='par_1_110' title="bbox 1985 5098 3573 5172">
     <span class='ocr_line' id='line_1_110' title="bbox 1985 5098 3573 5172; baseline 0.001 -19"><span class='ocrx_word' id='word_1_817' title='bbox 1985 5098 2142 5164; x_wconf 88' lang='lat' dir='ltr'><strong>Quod</strong></span> <span class='ocrx_word' id='word_1_818' title='bbox 2171 5116 2294 5153; x_wconf 89' lang='lat' dir='ltr'><strong>eum</strong></span> <span class='ocrx_word' id='word_1_819' title='bbox 2332 5100 2406 5153; x_wconf 92' lang='lat' dir='ltr'><strong>ita</strong></span> <span class='ocrx_word' id='word_1_820' title='bbox 2433 5101 2524 5164; x_wconf 89' lang='lat' dir='ltr'><strong>sit,</strong></span> <span class='ocrx_word' id='word_1_821' title='bbox 2560 5117 2656 5157; x_wconf 91' lang='lat' dir='ltr'><strong>eos</strong></span> <span class='ocrx_word' id='word_1_822' title='bbox 2703 5113 2912 5172; x_wconf 78' lang='lat' dir='ltr'><strong>utique,</strong></span> <span class='ocrx_word' id='word_1_823' title='bbox 2967 5103 3014 5157; x_wconf 88' lang='lat' dir='ltr'><strong>si</strong></span> <span class='ocrx_word' id='word_1_824' title='bbox 3048 5103 3179 5158; x_wconf 86' lang='lat' dir='ltr'><strong>boni</strong></span> <span class='ocrx_word' id='word_1_825' title='bbox 3210 5102 3573 5158; x_wconf 82' lang='lat' dir='ltr'><strong>ratiocinato-</strong></span> 
     </span>
    </p>
   </div>
   <div class='ocr_carea' id='block_1_111' title="bbox 1983 5192 3576 5268">
    <p class='ocr_par' dir='ltr' id='par_1_111' title="bbox 1983 5192 3576 5268">
     <span class='ocr_line' id='line_1_111' title="bbox 1983 5192 3576 5268; baseline 0.002 -23"><span class='ocrx_word' id='word_1_826' title='bbox 1983 5206 2072 5245; x_wconf 90' lang='lat' dir='ltr'><strong>res</strong></span> <span class='ocrx_word' id='word_1_827' title='bbox 2124 5204 2246 5245; x_wconf 84' lang='lat' dir='ltr'><strong>csse</strong></span> <span class='ocrx_word' id='word_1_828' title='bbox 2281 5192 2558 5257; x_wconf 87' lang='lat' dir='ltr'><strong>volumus,</strong></span> <span class='ocrx_word' id='word_1_829' title='bbox 2619 5195 2824 5265; x_wconf 88' lang='lat' dir='ltr'><strong>optime</strong></span> <span class='ocrx_word' id='word_1_830' title='bbox 2861 5197 2928 5251; x_wconf 89' lang='lat' dir='ltr'><strong>de</strong></span> <span class='ocrx_word' id='word_1_831' title='bbox 2961 5196 3328 5268; x_wconf 82' lang='lat' dir='ltr'><strong>cognoscendi</strong></span> <span class='ocrx_word' id='word_1_832' title='bbox 3371 5197 3576 5268; x_wconf 87' lang='lat' dir='ltr'><strong>princi-</strong></span> 
     </span>
    </p>
   </div>
   <div class='ocr_carea' id='block_1_112' title="bbox 1983 5285 3572 5361">
    <p class='ocr_par' dir='ltr' id='par_1_112' title="bbox 1983 5285 3572 5361">
     <span class='ocr_line' id='line_1_112' title="bbox 1983 5285 3572 5361; baseline 0.004 -22"><span class='ocrx_word' id='word_1_833' title='bbox 1983 5285 2087 5355; x_wconf 89' lang='lat' dir='ltr'><strong>piis</strong></span> <span class='ocrx_word' id='word_1_834' title='bbox 2135 5295 2376 5342; x_wconf 84' lang='lat' dir='ltr'><strong>statuerc</strong></span> <span class='ocrx_word' id='word_1_835' title='bbox 2424 5291 2782 5357; x_wconf 86' lang='lat' dir='ltr'><strong>reperiemus,</strong></span> <span class='ocrx_word' id='word_1_836' title='bbox 2820 5291 2913 5361; x_wconf 92' lang='lat' dir='ltr'><strong>qui</strong></span> <span class='ocrx_word' id='word_1_837' title='bbox 2959 5291 3158 5347; x_wconf 89' lang='lat' dir='ltr'><strong>mentis</strong></span> <span class='ocrx_word' id='word_1_838' title='bbox 3194 5307 3259 5346; x_wconf 84' lang='lat' dir='ltr'><strong>ac</strong></span> <span class='ocrx_word' id='word_1_839' title='bbox 3311 5306 3572 5345; x_wconf 85' lang='lat' dir='ltr'><strong>sensuum</strong></span> 
     </span>
    </p>
   </div>
   <div class='ocr_carea' id='block_1_113' title="bbox 1984 5377 3569 5455">
    <p class='ocr_par' dir='ltr' id='par_1_113' title="bbox 1984 5377 3569 5455">
     <span class='ocr_line' id='line_1_113' title="bbox 1984 5377 3569 5455; baseline 0.001 -24"><span class='ocrx_word' id='word_1_840' title='bbox 1984 5377 2092 5432; x_wconf 88' lang='lat' dir='ltr'><strong>vim</strong></span> <span class='ocrx_word' id='word_1_841' title='bbox 2116 5394 2449 5450; x_wconf 87' lang='lat' dir='ltr'><strong>operamque</strong></span> <span class='ocrx_word' id='word_1_842' title='bbox 2480 5381 2838 5452; x_wconf 82' lang='lat' dir='ltr'><strong>conjungunt.</strong></span> <span class='ocrx_word' id='word_1_843' title='bbox 2874 5382 3184 5455; x_wconf 86' lang='lat' dir='ltr'><strong>thuidem</strong></span> <span class='ocrx_word' id='word_1_844' title='bbox 3210 5399 3409 5440; x_wconf 83' lang='lat' dir='ltr'><strong>sensus</strong></span> <span class='ocrx_word' id='word_1_845' title='bbox 3451 5384 3569 5452; x_wconf 78' lang='lat' dir='ltr'><strong>pla-</strong></span> 
     </span>
    </p>
   </div>
   <div class='ocr_carea' id='block_1_114' title="bbox 1982 5473 3576 5546">
    <p class='ocr_par' dir='ltr' id='par_1_114' title="bbox 1982 5473 3576 5546">
     <span class='ocr_line' id='line_1_114' title="bbox 1982 5473 3576 5546; baseline 0.001 -20"><span class='ocrx_word' id='word_1_846' title='bbox 1982 5473 2064 5542; x_wconf 78' lang='lat' dir='ltr'><strong>gis</strong></span> <span class='ocrx_word' id='word_1_847' title='bbox 2107 5484 2158 5527; x_wconf 91' lang='lat' dir='ltr'><strong>et</strong></span> <span class='ocrx_word' id='word_1_848' title='bbox 2200 5474 2428 5537; x_wconf 86' lang='lat' dir='ltr'><strong>retibus,</strong></span> <span class='ocrx_word' id='word_1_849' title='bbox 2474 5488 2540 5529; x_wconf 85' lang='lat' dir='ltr'><strong>ac</strong></span> <span class='ocrx_word' id='word_1_850' title='bbox 2580 5475 2794 5532; x_wconf 64' lang='lat' dir='ltr'><strong>caeteris</strong></span> <span class='ocrx_word' id='word_1_851' title='bbox 2824 5476 2878 5531; x_wconf 90' lang='lat' dir='ltr'><strong>id</strong></span> <span class='ocrx_word' id='word_1_852' title='bbox 2926 5493 3104 5546; x_wconf 67' lang='lat' dir='ltr'><strong>genus</strong></span> <span class='ocrx_word' id='word_1_853' title='bbox 3133 5487 3456 5532; x_wconf 81' lang='lat' dir='ltr'><strong>venatorum</strong></span> <span class='ocrx_word' id='word_1_854' title='bbox 3494 5476 3576 5529; x_wconf 87' lang='lat' dir='ltr'><strong>in-</strong></span> 
     </span>
    </p>
   </div>
   <div class='ocr_carea' id='block_1_115' title="bbox 1983 5566 3574 5640">
    <p class='ocr_par' dir='ltr' id='par_1_115' title="bbox 1983 5566 3574 5640">
     <span class='ocr_line' id='line_1_115' title="bbox 1983 5566 3574 5640; baseline 0.002 -21"><span class='ocrx_word' id='word_1_855' title='bbox 1983 5566 2307 5619; x_wconf 82' lang='lat' dir='ltr'><strong>strumentis</strong></span> <span class='ocrx_word' id='word_1_856' title='bbox 2333 5608 2347 5632; x_wconf 95' lang='lat'><strong>,</strong></span> <span class='ocrx_word' id='word_1_857' title='bbox 2403 5583 2561 5622; x_wconf 84' lang='lat' dir='ltr'><strong>mens</strong></span> <span class='ocrx_word' id='word_1_858' title='bbox 2600 5577 2783 5623; x_wconf 89' lang='lat' dir='ltr'><strong>autem</strong></span> <span class='ocrx_word' id='word_1_859' title='bbox 2823 5577 2878 5625; x_wconf 88' lang='lat' dir='ltr'><strong>et</strong></span> <span class='ocrx_word' id='word_1_860' title='bbox 2907 5571 3050 5625; x_wconf 89' lang='lat' dir='ltr'><strong>ratio</strong></span> <span class='ocrx_word' id='word_1_861' title='bbox 3086 5569 3472 5640; x_wconf 84' lang='lat' dir='ltr'><strong>indagantibus</strong></span> <span class='ocrx_word' id='word_1_862' title='bbox 3517 5577 3574 5623; x_wconf 89' lang='lat' dir='ltr'><strong>et</strong></span> 
     </span>
    </p>
   </div>
   <div class='ocr_carea' id='block_1_116' title="bbox 1987 5658 3574 5733">
    <p class='ocr_par' dir='ltr' id='par_1_116' title="bbox 1987 5658 3574 5733">
     <span class='ocr_line' id='line_1_116' title="bbox 1987 5658 3574 5733; baseline 0.003 -22"><span class='ocrx_word' id='word_1_863' title='bbox 1987 5658 2404 5727; x_wconf 81' lang='lat' dir='ltr'><strong>insequentibus</strong></span> <span class='ocrx_word' id='word_1_864' title='bbox 2435 5659 2662 5714; x_wconf 81' lang='lat' dir='ltr'><strong>canibus</strong></span> <span class='ocrx_word' id='word_1_865' title='bbox 2713 5661 2918 5717; x_wconf 70' lang='lat' dir='ltr'><strong>similes</strong></span> <span class='ocrx_word' id='word_1_866' title='bbox 2964 5670 3111 5717; x_wconf 85' lang='lat' dir='ltr'><strong>sunt.</strong></span> <span class='ocrx_word' id='word_1_867' title='bbox 3159 5662 3324 5733; x_wconf 84' lang='lat'><strong>770</strong></span> <span class='ocrx_word' id='word_1_868' title='bbox 3355 5659 3574 5718; x_wconf 74' lang='lat' dir='ltr'><strong>Maneat</strong></span> 
     </span>
    </p>
   </div>
   <div class='ocr_carea' id='block_1_117' title="bbox 2053 5837 2495 5913">
    <p class='ocr_par' dir='ltr' id='par_1_117' title="bbox 2053 5837 2495 5913">
     <span class='ocr_line' id='line_1_117' title="bbox 2053 5837 2495 5913; baseline -0.002 -19"><span class='ocrx_word' id='word_1_869' title='bbox 2053 5839 2165 5913; x_wconf 75' lang='lat' dir='ltr'><strong>(ll)</strong></span> <span class='ocrx_word' id='word_1_870' title='bbox 2207 5837 2365 5894; x_wconf 82' lang='lat' dir='ltr'><strong>Forte</strong></span> <span class='ocrx_word' id='word_1_871' title='bbox 2397 5838 2495 5893; x_wconf 79' lang='grc' dir='ltr'>διό.</span> 
     </span>
    </p>
   </div>
   <div class='ocr_carea' id='block_1_118' title="bbox 2629 5949 2726 5975">
    <p class='ocr_par' dir='ltr' id='par_1_118' title="bbox 2629 5949 2726 5975">
     <span class='ocr_line' id='line_1_118' title="bbox 2629 5949 2726 5975; baseline 0.031 -3"><span class='ocrx_word' id='word_1_872' title='bbox 2629 5965 2639 5972; x_wconf 84' lang='grc'>.</span> <span class='ocrx_word' id='word_1_873' title='bbox 2652 5955 2685 5973; x_wconf 74' lang='grc'><strong>.”“</strong></span> <span class='ocrx_word' id='word_1_874' title='bbox 2691 5949 2726 5975; x_wconf 68' lang='grc'><strong>11</strong></span> 
     </span>
    </p>
   </div>
  </div>
