4034 6390
499 353 637 421 1267
1136 351 1406 408 EUSEBII
1445 350 1927 407 CASSARIENSIS
1965 350 2116 407 ΟΡΡ.
2160 350 2341 415 PARS
2381 351 2442 407 ll.
2478 383 2548 399 -ρ
2583 350 3083 408 APOLOGETICA.
3650 346 3771 403 1268

498 466 683 539 igitur,
734 482 833 535 eos
876 465 1074 522 melius
1122 466 1523 544 philosophari,
1562 467 1660 538 qui
1716 482 1818 522 nec
1869 475 2076 522 temere
2113 467 2368 523 sensibus
2399 468 2717 532 abutantur,
2753 482 2854 522 nec
2889 465 2956 520 ad
3002 466 3116 521 veri
3188 459 3645 534 pcrspieientiam
3702 468 3776 513 at-

496 576 604 633 que
653 561 920 634 judicium
965 562 1406 634 perturbationes
1449 563 1761 618 adhibeant.
1825 561 2059 618 Prorsus
2123 562 2267 617 enim
2319 563 2601 630 indignum
2662 561 2848 629 fuerit,
2905 560 3214 620 hominem,
3298 556 3502 609 relicto
3581 554 3767 611 mentis

496 653 767 711 diviniore
789 654 1018 726 judicio,
1052 653 1424 726 voluptatibus
1448 669 1568 711 sese
1591 670 1657 711 ac
1675 654 1958 709 laboribus
2002 653 2071 709 ab
2109 654 2259 709 omni
2316 656 2531 712 ratione
2581 655 2771 710 vacuis
2825 652 3164 723 permittere.
3219 669 3241 704 ι
3285 650 3475 718 Atque
3530 647 3779 703 hactenus

496 761 563 802 ex
591 745 881 802 Aristocle.

1059 833 1291 891 CAPUT
1323 833 1493 891 XXII.

2694 827 3095 882 ΚΕΦΔΛΑῙΟΝ
3118 825 3263 880 KB'.

500 945 704 1003 lterum
730 946 976 1003 adversus
1006 964 1114 1013 eos,
1149 949 1241 1016 qui
1273 948 1592 1016 voluptatem
1620 949 1815 1002 bonum
1843 966 1954 1004 esse
1974 949 2061 1004 de-

887 1019 1106 1087 ﬁniunt.
1149 1018 1234 1073 Ea:
1259 1020 1485 1073 Philebo
1525 1018 1789 1072 Platonis.

574 1131 594 1166 ι
617 1111 824 1169 Horum
861 1110 1048 1184 igitur,
1079 1113 1276 1183 inquit,
1314 1113 1480 1168 trium
1509 1114 1790 1183 quodlibet
1815 1129 1940 1169 cum
1973 1128 2075 1169 vo-

498 1205 702 1274 luptate
729 1220 794 1260 ac
819 1214 999 1259 mente
1035 1202 1310 1274 sigillatim
1342 1201 1712 1259 conferamus.
1770 1202 2076 1260 Videndum

495 1298 697 1368 quippe
727 1296 886 1353 nobis
910 1306 1016 1364 est,
1045 1296 1225 1352 utrius
1257 1312 1424 1368 porro
1458 1298 1889 1370 unumquodque
1916 1297 2075 1353 aliine

496 1387 671 1457 magis
705 1394 759 1442 et
813 1394 1103 1458 cognatum
1148 1403 1271 1443 esse
1318 1396 1647 1443 statuamus.
1698 1387 2077 1443 "Pulchritudi-

497 1493 645 1544 nem,
692 1479 909 1549 opinor,
937 1478 1222 1533 veritatem
1277 1494 1342 1535 ac
1392 1478 1825 1535 mediocritatem
1873 1477 2076 1533 intelli-

496 1567 602 1645 gis.
630 1593 701 1607 --
731 1567 823 1624 Sic
842 1578 945 1624 est.
996 1568 1080 1623 Tu
1127 1584 1279 1633 vero,
1328 1570 1403 1624 mi
1438 1569 1760 1635 Protarche,
1787 1570 2074 1624 veritatem
2105 1633 2115 1644 .

494 1659 734 1730 primum
764 1660 969 1730 accipe,
999 1660 1202 1731 diuque
1250 1676 1315 1715 ac
1360 1662 1646 1732 diligenter
1688 1661 1743 1715 in
1799 1662 1912 1716 hrec
1945 1662 2076 1728 tria,

496 1760 756 1821 mentem,
810 1753 1098 1808 veritatem
1140 1762 1304 1824 atque
1337 1755 1664 1825 voluptatem
1698 1754 1950 1816 intuitus.
1993 1771 2081 1808 re-

496 1842 786 1912 spondesis
807 1842 925 1914 ipse
947 1843 1067 1909 tibi,
1087 1843 1231 1898 sitne
1260 1844 1534 1914 voluptas,
1558 1859 1628 1897 an
1663 1858 1840 1900 mens.
1865 1843 2079 1897 veritati

496 1931 874 2006 propinquior.
904 1965 976 1975 —
1003 1934 1145 2002 Quid
1175 1951 1304 1991 vero
1356 1946 1598 2005 tempore
1630 1934 1721 1989 hic
1777 1950 1916 2005 opus
1949 1934 2080 1988 est?

498 2019 633 2079 Nam
672 2040 795 2080 meo
826 2023 1045 2096 quidem
1079 2025 1291 2095 judicio
1314 2025 1610 2097 plurimum
1673 2024 1922 2079 interest.
1977 2021 2080 2078 Vo-

497 2114 679 2187 luptas
707 2119 853 2172 enim
905 2119 1148 2171 omnium
1190 2117 1586 2188 superbissima
1629 2127 1747 2182 est;
1781 2132 1846 2172 ae
1881 2117 1949 2171 de
1987 2132 2082 2172 ve-

499 2207 701 2274 nereis,
736 2217 857 2278 qua:
890 2207 1137 2263 omnium
1162 2207 1430 2263 habentur
1459 2207 1763 2271 acerrimm,
1797 2206 1959 2276 vulgo
1979 2206 2082 2262 cir-
2116 2192 2155 2246 Β

498 2299 825 2366 cumfertur,
862 2299 1008 2370 quod
1056 2301 1112 2354 in
1152 2300 1220 2354 iis
1269 2297 1570 2370 perjurium
1623 2298 1936 2359 admiseris,
1982 2313 2079 2353 ve-

498 2391 647 2446 niam
693 2389 854 2446 facile
895 2405 927 2446 a
968 2390 1195 2461 Superis
1229 2389 1562 2460 impetrare:
1612 2388 1760 2459 quod
1808 2389 1938 2451 illae,
1971 2404 2079 2443 non

499 2495 660 2537 secus
707 2496 773 2537 ac
811 2481 1073 2552 pusiones
1117 2481 1363 2551 quidam,
1415 2481 1566 2535 omni
1618 2495 1846 2550 prorsus
1897 2490 2081 2535 mente

498 2581 746 2630 careant.
801 2573 869 2628 At
909 2588 1037 2643 vero
1067 2588 1242 2638 mens,
1295 2583 1389 2628 aut
1418 2572 1562 2628 idem
1592 2573 1772 2641 ipsum
1802 2573 1946 2643 quod
1983 2589 2080 2627 ve-

498 2665 655 2731 ritas,
692 2673 789 2720 aut
827 2666 875 2720 ei
912 2680 1045 2721 sane
1072 2666 1318 2719 omnium
1352 2666 1512 2736 longe
1557 2665 1835 2720 simillima
1869 2674 1972 2729 est,
1998 2676 2079 2719 at-

499 2778 608 2833 que
628 2764 935 2819 verissima.
964 2793 1039 2804 -—
1069 2764 1182 2834 Age
1208 2779 1358 2834 ergo,
1393 2775 1446 2818 et
1468 2764 1896 2819 mediocritatem
1923 2765 2045 2820 simi
2063 2796 2079 2806 -

498 2854 624 2910 liter
651 2855 976 2923 considera;
1015 2857 1209 2926 plusne
1246 2857 1412 2926 hujus
1455 2857 1706 2928 voluptas
1742 2857 1959 2922 habeat,
2010 2874 2077 2912 an

501 2947 833 3020 prudentia?
873 2980 943 2989 —
992 2949 1250 3018 Expedita
1300 2965 1519 3020 quoque
1592 2950 1884 3005 admodum
1935 2967 2083 3021 quae-

509 3038 705 3095 stionis
744 3038 913 3110 hujus
959 3041 1101 3095 ratio
1136 3049 1240 3097 est.
1300 3040 1434 3096 Nam
1468 3050 1529 3096 ut
1558 3043 1837 3112 voluptate
1882 3060 1946 3099 ac
1991 3049 2085 3098 de-

500 3131 790 3189 lectatione
826 3132 1240 3190 immoderatius
1309 3134 1442 3189 nihil
1482 3143 1585 3198 est,
1638 3136 1710 3191 ita
1761 3147 1939 3192 mente
1991 3137 2080 3191 ni-

501 3227 581 3284 hil
621 3228 957 3298 scientiaque
1010 3228 1365 3284 moderatius.
1424 3260 1497 3270 -—
1549 3230 1614 3285 Et
1663 3230 1769 3284 hoc
1799 3230 2078 3299 praeclare.

498 3317 645 3385 Quid
697 3328 879 3373 autem
924 3317 994 3373 de
1062 3320 1266 3373 tertio?
1323 3309 1564 3388 Magisue
1621 3320 2081 3388 pulchritudinem

501 3409 798 3480 participat
847 3424 1005 3465 mens
1043 3426 1207 3480 quam
1265 3410 1533 3479 voluptas,
1570 3410 1642 3464 ita
1694 3417 1755 3464 ut
1809 3410 2119 3480 pulchrior'

501 3501 779 3573 voluptate
808 3501 903 3555 tibi
962 3516 1117 3556 mens
1141 3516 1262 3555 esse
1286 3501 1555 3556 videatur.
1591 3510 1685 3555 aut
1745 3502 1862 3557 vice
1891 3505 2088 3557 versa?

502 3592 766 3664 ——Atqui
808 3608 969 3649 nemo
1010 3608 1274 3662 unquam,
1334 3592 1610 3658 Socrates,
1674 3602 1770 3647 aut
1829 3594 2080 3665 vigilans,

502 3692 601 3754 aut
669 3683 986 3748 somnians,
1049 3684 1393 3753 prudentiam
1451 3694 1615 3754 atque
1680 3694 1912 3741 mentem
2000 3687 2083 3741 vel

508 3773 803 3831 minimum
870 3773 1225 3844 turpitudinis
1279 3782 1374 3827 aut
1423 3774 1705 3839 habuisse,
1767 3782 1862 3829 aut
1918 3775 2084 3829 hahe-

502 3880 584 3929 re,
614 3872 710 3920 aut
731 3864 1041 3921 habituram
1071 3879 1194 3921 esse
1242 3864 1396 3927 vidit,
1444 3877 1539 3919 aut
1591 3864 1866 3936 cogitavit.
1922 3866 2080 3936 771

506 3956 918 4014 -—Recte.-—At
944 3972 1075 4012 vero
1100 3959 1147 4013 si
1176 3972 1337 4027 quem
1364 3957 1661 4026 aliquando
1688 3958 2082 4027 voluptatibus,

504 4065 573 4107 ac
601 4050 715 4107 fere
739 4050 1017 4116 maximis,
1055 4050 1428 4120 indulgentem
1466 4051 1771 4118 videamus,
1802 4050 1949 4120 quod
1991 4065 2085 4105 eas

503 4138 684 4212 palam
713 4148 808 4193 aut
828 4138 1001 4201 risus.
1037 4146 1133 4193 aut
1173 4138 1465 4208 turpitudo
1498 4139 1736 4194 maxima
1769 4141 2081 4203 comitetur,

506 4230 727 4301 ipsimet
758 4229 1133 4285 erubescimus
1159 4246 1175 4297 ;
1198 4244 1263 4284 ac
1292 4240 1596 4300 propterea,
1626 4247 1692 4285 ne
1716 4232 1860 4302 quod
1894 4248 2084 4287 earum

505 4321 792 4392 vestigium
845 4330 1123 4392 appareat,
1161 4325 1447 4379 nocturnis
1478 4323 1590 4379 fere
1632 4324 1874 4379 tenebris
1903 4324 2086 4379 occul-

507 4412 668 4468 tanda
701 4411 816 4466 haec
836 4421 1000 4482 atque
1022 4412 1341 4467 involvenda
1380 4416 1726 4479 mandamus,
1754 4415 1912 4485 quasi
1947 4414 2088 4468 lucis

507 4504 728 4561 oculum
764 4502 1140 4559 reformident.
1175 4536 1245 4546 —
1293 4503 1407 4559 Hoc
1456 4505 1640 4572 igitur,
1678 4514 1739 4559 ut
1788 4504 1965 4565 video,
2011 4507 2084 4558 mi

509 4596 831 4662 Protarcho,
862 4597 1089 4651 omnino
1132 4597 1530 4667 przedicalurus
1562 4615 1642 4665 es,
1686 4608 1741 4653 et
1769 4598 2088 4654 absentibus

508 4689 823 4743 nuntiorum
854 4702 1040 4758 opera,
1073 4697 1127 4743 et
1163 4703 1296 4743 voce
1331 4706 1517 4744 corasn
1550 4692 1931 4759 prmscntibus,
1954 4690 2092 4759 ,νο-

508 4780 771 4852 luptatem
811 4795 915 4835 nec
956 4782 1188 4851 primam
1237 4782 1637 4852 possessionem
1668 4798 1810 4846 esse,
1840 4798 1941 4837 nec
1998 4799 2088 4838 se-

509 4872 778 4939 caudam;
828 4882 885 4929 at
920 4874 1026 4930 hoc
1066 4875 1257 4945 prima:
1307 4875 1550 4937 nomine,
1599 4891 1722 4945 qua:
1757 4874 1825 4929 ad
1863 4875 2085 4929 modum

510 4967 805 5041 pertinent,
842 4966 1257 5038 comprehendi,
1282 4976 1337 5022 ut
1366 4967 1664 5033 mediocre,
1695 4976 2090 5037 opportunum,

584 5103 874 5177 (l2l__Kctd’
896 5103 965 5158 ἓν
992 5103 1278 5177 ἕκαστον,
1303 5103 1825 5177 Ertremondialogo,
1849 5118 1973 5177 pag.
2001 5104 2093 5165 94.

515 5173 871 5241 D,'4'Ficini.
897 5185 952 5227 at
986 5174 1208 5227 Serrani
1240 5176 1278 5227 t.
1315 5174 1381 5236 ll,
1419 5189 1472 5243 p.
1511 5173 1814 5243 65,kinitio.
1849 5173 2092 5228 Primum

514 5246 623 5301 hoc
652 5245 956 5299 membrum
989 5244 1214 5299 Ficiuus
1245 5247 1315 5299 ita
1366 5241 1549 5307 vertit,
1594 5241 1892 5297 Secundum
1932 5246 2100 5313 quod-

513 5315 641 5384 libet
678 5315 845 5386 igitur
884 5314 1073 5384 (lorum
1112 5316 1310 5377 trium.
1333 5316 1411 5386 _de
1448 5315 1713 5386 voluptate
1743 5324 1793 5367 et
1831 5316 2097 5381 sapientia

508 5384 831 5457 iudicentur.
868 5386 1050 5447 Aliud,
1086 5386 1301 5454 Opinor,
1332 5384 1483 5457 Plato
1518 5384 1667 5457 vult,
1703 5384 1806 5457 hoc
1844 5395 1951 5457 est.
1994 5388 2097 5439 tria

515 5454 637 5522 illa,
691 5457 1147 5526 pulchritudinem
1171 5496 1183 5514 .
1247 5456 1528 5510 veritatem
1551 5495 1565 5516 ,
1604 5454 2100 5526 mediocritatem,

515 5543 642 5584 cum
669 5523 945 5597 voluptate
991 5541 1055 5581 ac
1083 5536 1265 5580 mente
1320 5527 1547 5580 seorsim
1585 5523 1911 5597 conferenda
1940 5539 2094 5588 esse,

515 5607 579 5654 ut
601 5613 668 5655 ex
699 5596 789 5651 illa
810 5597 1157 5652 contentione
1184 5596 1407 5667 intelligi
1434 5597 1639 5667 possit,
1685 5596 1793 5650 utri
1817 5610 1881 5650 ea
1943 5611 2096 5649 men-

518 5668 635 5737 tine
660 5668 925 5723 similiora
952 5666 1185 5737 sint._an
1203 5666 1503 5737 voluptati.

588 5736 703 5809 (l3)
743 5738 1007 5807 Πότερον
1038 5734 1229 5809 ἡδονὴ
1260 5808 1265 5809 γ
1288 5734 1657 5809 goat-eiecere.
1710 5735 1944 5791 Dubium
1986 5752 2095 5790 non

519 5806 610 5866 est
628 5810 760 5880 quin
796 5806 1053 5889 corrupta
1083 5808 1197 5871 haec
1227 5806 1356 5863 sint.
1401 5806 1758 5889 Quaerebatur
1800 5809 1945 5863 enim
1975 5816 2096 5883 utra

2181 951 2306 1003 Ἔτι
2339 947 2490 1016 πρὸς
2522 945 2664 1012 τοὺς
2684 944 2805 1016 τὴν
2831 942 3068 1016 uaga-inf
3096 941 3173 1016 rt‘b
3486 932 3641 991 εἶναι
3672 939 3779 1006 ὁρι-

2319 1007 2814 1088 ζολιέἱθους.”Αὲτό
2845 1007 2950 1067 τοῦ
2981 1007 3226 1083 Φιλήδου
3265 1007 3625 1074 Πλάτωνος.

2252 1129 2273 1159 ι
2312 1107 2451 1162 Καο’
2474 1107 2531 1161 ἓν
2565 1107 2795 1160 ἕκαστον
2818 1103 2929 1175 (12)
2956 1103 3131 1158 τοίνυν
3171 1103 3297 1156 τῶν
3321 1100 3501 1173 τριῶν
3532 1097 3668 1170 πρὸς
3695 1097 3783 1172 τὴν

2178 1200 2372 1272 ἡδονὴν
2398 1199 2604 1252 καὶτὸν
2631 1197 2754 1251 νοῦν
2781 1197 3076 1270 κρίνωμεν.
3114 1198 3212 1249 Δεῖ
3247 1193 3371 1264 γὰρ
3420 1191 3556 1246 ἰδεῖν
3585 1191 3783 1262 ποτέρῳ

2183 1291 2383 1364 μᾶλλον
2417 1290 2677 1359 ξυγγενὲς
2707 1289 2936 1342 ἕκαστον
2963 1286 3141 1340 αὐτῶν
3162 1281 3599 1353 ἁπονεμοῦμεν.
3648 1281 3783 1334 Κάλ-

2177 1383 2325 1447 λους,
2362 1384 2457 1436 καί⁹
2487 1381 2768 1453 ἀληθείας,
2802 1381 2896 1439 καὶ
2922 1377 3290 1452 μετριότητος
3321 1374 3461 1446 πέρι
3498 1373 3693 1443 λέγεις.
3721 1405 3785 1416 -

2179 1475 2307 1529 Ναί.
2343 1474 2565 1546 Πρῶτον
2597 1473 2654 1527 δέ
2687 1489 2751 1541 γε
2796 1470 3057 1542 ἀληθείας
3089 1467 3301 1530 λαὸοῦ,
3356 1461 3407 1520 ὦ
3462 1464 3779 1537 Πρώταρχε⁸

2180 1568 2273 1621 καὶ
2303 1564 2622 1638 λαϐόμενος,
2659 1563 2859 1635 βλέψας
2889 1564 2970 1626 εἰς
2990 1562 3137 1636 τρία,
3172 1560 3338 1624 νοῦν,
3379 1558 3482 1611 καὶ
3516 1556 3781 1628 ἀλήθειαν,

2181 1661 2277 1714 καὶ
2312 1660 2529 1731 ἡδονὴν,
2555 1658 2721 1713 πολὺν
2744 1657 2985 1729 ἐπισχὼν
3006 1657 3221 1735 χρόνον,
3249 1653 3570 1724 ἀπόκριναι
3595 1654 3780 1724 σαυτῷ,

2183 1753 2413 1824 πότερον
2446 1750 2607 1822 ἡδονὴ
2645 1748 3069 1821 ξυγγενέστερον
3095 1789 3110 1811 ,
3140 1747 3173 1819 ἦ
3206 1745 3350 1813 νοῦς
3376 1786 3393 1805 .
3440 1743 3689 1817 ἀληθείᾳ.
3722 1778 3783 1789 --

2181 1845 2246 1898 Τί
2313 1844 2368 1897 δὲ
2418 1843 2612 1914 χρόνον
2661 1841 2772 1905 δεῖς
2830 1841 2971 1894 Πολὺ
3008 1839 3136 1912 γὰρ,
3197 1836 3393 1913 οἶμαι,
3446 1838 3781 1909 διαφέρετον.

2193 1936 2387 2005 Ἡδονὴ
2420 1935 2518 2005 μὲν
2547 1933 2656 2004 γὰρ
2691 1933 2948 1987 ἁπάντων
2976 1932 3038 1985 τὸ
3088 1931 3546 1997 ἀλαζονὲστατον
3567 1947 3580 1960 ·
3631 1928 3704 1993 ὡς
3731 1929 3782 1984 δὲ

2183 2027 2360 2096 λόγος,
2399 2027 2492 2080 καὶ
2525 2027 2583 2078 ἐν
2609 2028 2729 2089 ταῖς
2769 2026 2990 2097 ἡδοναῖς
3016 2027 3135 2088 ταῖς
3173 2025 3314 2096 περὶ
3361 2021 3437 2076 τὰ
3480 2021 3778 2093 ἀφροδίσια,

2186 2122 2242 2176 αἶ
2274 2121 2336 2192 δὴ
2366 2120 2618 2191 μέγισται
2642 2117 2889 2172 δοκοῦσιν
2916 2112 3075 2181 εἶναι,
3113 2118 3207 2173 καὶ
3235 2117 3303 2170 τὸ
3332 2117 3629 2187 ἐπιορκεῖν
3662 2130 3781 2183 συγ-

2185 2214 2411 2281 γνώμην
2432 2209 2622 2281 είληφε
2652 2208 2803 2281 παρὰ
2834 2208 2971 2261 θεῶν
2992 2225 3005 2238 ο
3028 2207 3102 2270 ὠς
3122 2205 3386 2278 καθάπερ
3431 2204 3661 2267 παίδων,
3682 2203 3767 2255 τῶι

2188 2303 2483 2375 ἡδομένων,
2515 2300 2639 2354 νοῦν
2660 2301 2779 2354 οὐδὲ
2807 2301 2897 2353 τὸν
2919 2300 3195 2368 ὀλιγοστὸν
3225 2295 3627 2367 κεκτημένων.
3651 2292 3782 2357 Νοῦς

2185 2398 2244 2451 δὲ
2275 2397 2393 2468 ἡτοι
2414 2394 2721 2448 ταῦτδνκαὶ
2752 2392 2979 2464 ἀλήθειά
3009 2392 3071 2461 γέ
3103 2393 3275 2454 ἐστιν,
3306 2391 3342 2461 ἥ
3388 2390 3616 2442 πάντων
3644 2389 3781 2456 ὁμοι-

2187 2489 2373 2543 ότατόν
2407 2506 2467 2541 τε
2500 2487 2595 2540 καὶ
2622 2485 3005 2555 ἀληθέστατον.
3034 2516 3103 2525 —-
3123 2482 3339 2538 Οὐκοῦν
3370 2481 3438 2534 τὸ
3471 2479 3612 2550 μετὰ
3637 2477 3782 2532 τοῦτο

2187 2581 2292 2651 τὴν·
2303 2580 2633 2652 μετριότητα
2660 2577 2920 2641 ὡσαύτως
2948 2576 3121 2650 σκέψῃ
3139 2592 3153 2606 ο
3192 2576 3324 2628 πότε
3336 2591 3435 2646 ρον
3465 2570 3629 2641 ἡδονὴ
3658 2586 3776 2640 φρο-

2186 2674 2394 2743 νήσεως
2419 2672 2551 2743 (l3),
2586 2671 2618 2742 ἢ
2650 2670 2908 2741 φρόνησις
2927 2669 3120 2741 ἡδονῆς
3155 2668 3329 2720 πλείω
3380 2665 3687 2735 κέκτηται;
3716 2692 3780 2701 -

2188 2765 2501 2820 Εῦσκεπτόν
2530 2781 2592 2833 γε
2611 2763 2703 2816 καὶ
2735 2762 2939 2834 ταύτην
2958 2760 3146 2831 σκέψιν
3176 2757 3594 2831 προϐέϐληκας.
3621 2748 3777 2822 Οἶμαι

2187 2859 2297 2930 γὰρ
2351 2857 2544 2929 ἡδονῆς
2592 2857 2688 2927 μὲν
2723 2855 2818 2908 καὶ
2858 2851 3213 2926 περιχαρείας
3255 2849 3418 2904 οὐδὲν
3459 2847 3572 2901 τῶν
3619 2845 3776 2898 ὄντων

2188 2949 2430 3018 πεφυκὸς
2458 2946 2824 3019 ἀμετρότερον
2854 2946 3032 3014 εὑρεῖν
3067 2941 3130 2996 ἄν
3157 2960 3297 3001 τινα,
3324 2940 3424 2993 νοῦ
3460 2939 3518 2991 δὲ
3546 2937 3639 2990 καὶ
3667 2938 3772 2986 ἐπ’·

2190 3043 2403 3112 στήμης
2434 3038 2832 3111 ἐμμετρότερον
2858 3033 3040 3088 οὐδ’ἂν
3066 3033 3124 3087 ἓν
3157 3048 3395 3086 ποτε.-
3421 3027 3623 3097 Καλῶς
3638 3025 3775 3094 sipa-

2190 3151 2310 3197 κας.
2344 3135 2534 3203 Ὅμως
2559 3131 2602 3183 δ’
2636 3129 2715 3183 ἔτι
2737 3128 2861 3196 λέγε
2887 3128 2947 3180 τὸ
2964 3127 3163 3198 τρίτον.
3200 3122 3345 3187 Νοῦς
3385 3125 3528 3193 ἡμῖν
3557 3116 3772 3179 κάλλους

2195 3226 2482 3298 μετείληφε
2531 3224 2690 3277 πλέον
2719 3222 2752 3293 ἢ
2781 3221 2842 3274 τὸ
2874 3220 2974 3290 τῆς
3014 3219 3205 3290 ἡδονῆς
3243 3217 3440 3285 γένος,
3469 3213 3611 3266 ὥστε
3646 3205 3771 3262 εἶναι

2190 3316 2393 3370 καλλίω
2418 3316 2541 3369 νοῦν
2566 3314 2780 3386 ἡδονῆς,
2817 3313 2850 3384 ἦ
2890 3309 3232 3373 τοὺναντῐον;
3263 3337 3332 3346 -
3362 3303 3498 3375 Ἆρ’
3533 3299 3626 3356 οὖν
3653 3300 3771 3370 φρό-

2189 3426 2345 3479 νησιν
2376 3408 2473 3478 μὲν
2501 3407 2595 3459 καὶ
2618 3405 2763 3469 νοῦν,
2795 3398 2840 3456 ὦ
2864 3403 3171 3473 Σώκρατες,
3193 3401 3369 3463 οὐδεὶς
3408 3396 3634 3450 πώποτε
3666 3390 3769 3445 οὔθ’

2195 3500 2344 3572 ῦπαρ
2373 3498 2483 3552 οὔτ’
2526 3499 2660 3571 ὄναρ
2709 3496 2930 3569 αἰσχρὸν
2961 3493 3085 3547 οὔτε
3112 3489 3250 3546 εἶδεν
3307 3491 3436 3545 οὔτε
3489 3486 3771 3555 ἐπενόησεν

2140 3586 2156 3605 ⁸
2191 3591 2427 3664 οὐδαμοῦ
2470 3589 2752 3662 οὐδαμῶς,
2783 3588 2905 3641 οὔτε
2928 3587 3244 3656 γιγνόμενον
3280 3584 3417 3656 (Μ),
3471 3579 3597 3633 οὔτε
3628 3577 3765 3638 ὄντα,

2191 3684 2312 3738 οὔτε
2340 3685 2593 3755 ἐσόμενον
2611 3700 2694 3747 ;-
2714 3676 3251 3752 Ὀρθῶς.-⁹Ηδονὰς
3272 3675 3329 3728 δέ
3356 3691 3423 3744 γε
3451 3674 3650 3743 δήπου,
3682 3666 3766 3720 καὶ

2191 3776 2394 3840 ταύτας
2440 3775 2626 3846 σχεδὸν
2663 3772 2761 3835 τὰς
2787 3772 3072 3844 μεγίστας,
3112 3770 3238 3822 ὅταν
3276 3766 3480 3837 ἴδωμεν
3522 3762 3765 3833 ἡδόμενον

2192 3867 2453 3930 ὁντινοῦν,
2486 3865 2519 3936 ἢ
2546 3866 2607 3931 τὸ
2632 3866 2840 3934 γελοῖον
2870 3863 2956 3916 ἐπ’
2989 3863 3201 3926 αὑταῖς,
3227 3859 3259 3930 ἢ
3298 3861 3360 3913 τὸ
3397 3857 3663 3927 παράπαν
3689 3849 3765 3902 αἶ-

2196 3976 2409 4031 σχιστον
2459 3958 2723 4029 ἑπόμενον
2763 3956 3019 4028 ὁρῶντες,
3083 3952 3235 4008 αὐτοί
3288 3968 3345 4004 τε
3382 3941 3758 4019 αἰσχυνόμεθα,

2194 4051 2287 4104 καὶ
2314 4049 2663 4118 ἀφανίζοντες
2693 4046 3006 4117 κρύπτομεν
3030 4045 3111 4097 δτι
3135 4043 3388 4113 μάλιστα,
3412 4038 3574 4095 νυκτὶ
3601 4033 3762 4086 πάντα

2195 4143 2261 4196 τὰ
2291 4142 2510 4195 τοιαῦτα
2546 4141 2745 4204 δόντες,
2782 4140 2857 4202 ὼς
2891 4137 3005 4207 φῶς
3027 4136 3183 4189 ὀὐδὲν
3209 4134 3319 4205 (15)
3352 4136 3489 4205 όρᾷν
3529 4124 3762 4185 auri-3

2198 4236 2381 4304 Πάντη
2409 4234 2475 4303 δὴ
2497 4234 2710 4305 φήσεις,
2734 4225 2778 4283 ὧ
2800 4228 3120 4302 Πρώταρχε,
3149 4228 3255 4281 ὑπό
3279 4244 3337 4279 τε
3355 4224 3604 4295 ἀγγέλων
3636 4218 3761 4289 πέμο

2198 4346 2311 4381 πων
2371 4327 2465 4380 καὶ
2501 4322 2737 4395 παροῦσι
2798 4321 3038 4393 φράζων,
3087 4319 3275 4390 Ἡδονὴ
3316 4317 3506 4388 κτῆμα
3531 4313 3627 4367 οὐκ
3657 4309 3756 4362 ἐστι

2198 4419 2434 4492 πρῶτον,
2465 4417 2573 4470 οὐδ’
2609 4412 2674 4471 αὖ
2705 4415 2978 4486 δεύτερον,
3008 4412 3141 4465 ἀλλὰ
3165 4410 3377 4482 πρῶτον
3427 4408 3528 4480 μέν
3552 4423 3623 4475 πη

2203 4486 2420 4581 μέτρον,
2454 4506 2549 4559 καὶ
2598 4506 2661 4558 τὸ
2699 4505 2940 4577 μέτριον,
2989 4503 3083 4556 καὶ
3119 4501 3179 4553 τὸ
3224 4499 3461 4570 καίριον,
3496 4495 3588 4549 καὶ
3616 4486 3758 4581 τάνδ’

2197 4578 2373 4654 όπόσα
2405 4599 2509 4671 χρὴ
2533 4597 2755 4651 τοιαῦτα
2790 4594 3030 4667 νομίζειν
3056 4593 3153 4664 τὴν
3187 4591 3352 4645 ἀΐδιον
3392 4585 3640 4662 εἰρῆσθαι
3670 4578 3758 4650 φύ-

2202 4711 2305 4748 σιν.
2332 4724 2403 4732 -
2426 4693 2678 4746 Φαίνεται
2699 4690 2828 4759 γοῦν
2867 4691 2931 4742 ὲκ
2956 4687 3062 4740 τῶν
3093 4685 3187 4738 νῦν
3211 4682 3538 4753 λεγομένων.
3568 4671 3755 4727 -Λεύ-

2199 4806 2357 4858 τερον
2386 4788 2483 4859 μὲν
2511 4786 2640 4856 περὶ
2665 4783 2726 4836 τὸ
2756 4782 3089 4852 σύμμετρον,
3122 4779 3216 4832 καὶ
3247 4777 3430 4839 καλὸν,
3466 4776 3561 4830 καὶ
3596 4770 3653 4824 τὸ
3678 4765 3755 4819 τέ-

2200 4882 2362 4940 λειον,
2398 4882 2491 4933 καὶ
2517 4880 2579 4932 τὸ
2615 4875 2819 4939 ἱκανὸν,
2863 4874 2958 4928 καὶ
2983 4872 3138 4926 πάνθ’
3168 4870 3341 4923 ὁπόσα
3371 4869 3474 4939 τῆς
3514 4863 3757 4938 γενέσεως

2204 4973 2407 5045 ταύτης
2433 4969 2499 5026 αὖ
2530 4975 2665 5027 ἐστι.
2685 5001 2756 5012 --
2787 4969 2970 5021 Ἔοικε
3004 4965 3154 5035 γοῦν.
3178 4994 3248 5003 —
3269 4964 3343 5016 Τὸ
3366 4962 3544 5016 τοίνυν
3573 4955 3753 5028 τρίτον,

2203 5119 2351 5166 esset
2397 5108 2755 5165 mediocritati
2788 5107 3039 5167 similior.
3072 5120 3225 5159 mens
3256 5119 3323 5156 an
3352 5103 3628 5170 voluptas;
3660 5105 3752 5147 non

2205 5190 2410 5239 autem.
2450 5190 2632 5234 utrum
2660 5182 2777 5246 plus
2808 5179 2860 5231 in
2888 5177 3164 5246 voluptate
3191 5173 3512 5246 prudentiae,
3541 5187 3604 5224 an
3634 5178 3751 5246 conf

2204 5262 2289 5306 tra
2316 5236 2611 5319 voluptatis
2640 5236 2694 5303 in
2738 5236 3044 5319 prudentia.
3085 5236 3269 5319 itaque
3297 5243 3377 5319 sic
3409 5236 3752 5319 reponendus}:

2203 5298 2694 5389 videturfrtéu'pov
2724 5298 3271 5443 ἡδονὴυμετριότητος
3290 5353 3305 5375 ,
3329 5314 3362 5384 ἣ
3392 5298 3641 5389 φρόνηαις
3662 5298 3752 5391 (vcl

2206 5393 2350 5443 νοῦς)
2377 5391 2545 5443 πλείω
2575 5391 2853 5443 κέκτηται.
2931 5389 3031 5442 nde
3059 5385 3308 5443 sequitur
3332 5386 3432 5443 τῆς
3467 5381 3641 5443 ἡδοντις
3675 5390 3752 5426 (ν-

2206 5393 2350 5461 νοῦς)
2377 5381 2545 5445 πλείω
2575 5381 2853 5461 κέκτηται.
2876 5381 3308 5461 Untle'sequitur
3332 5381 3445 5461 ἦς’
3467 5381 3641 5452 ἡδονῆς
3675 5381 3753 5426 (θ’

2202 5463 2290 5515 sev
2333 5456 2843 5532 dustpovepov,'voﬁ
2884 5459 2941 5532 δὲ
2970 5457 3120 5532 οὐδὲν
3156 5456 3571 5526 ἐμμετρότερον.

2278 5521 2391 5604 (t4;
2440 5521 2835 5604 ΓιγνιάιιεζγονΖ
2885 5521 3421 5604 Ιιρςρειίιυῃὶςυυίο,
3465 5521 3747 5592 γενόμενον,

2208 5596 2455 5666 seduitur
2483 5596 2637 5657 enim‘
2658 5599 2781 5654 οὔτε
2810 5596 3115 5661 6ντα,ὀῦτε
3148 5596 3424 5666 ἐσόμενον.

2304 5674 2389 5743 15)
2429 5673 2559 5743 Φῷς
2584 5670 2781 5743 οὐδέν.
2838 5669 2988 5743 Plato
3012 5707 3026 5728 .
3078 5667 3195 5736 φῶς
3212 5662 3272 5720 οὗ
3306 5666 3444 5721 δέον.
3480 5662 3751 5727 Utruqu

2204 5741 2436 5810 rectum;
2476 5741 2711 5798 Eusebio
2744 5751 2923 5796 tamen
2955 5741 3152 5795 haereo.
