4090 6382
367 319 504 376 19.69

371 530 514 599 μέγα
545 549 596 583 τι
624 533 722 603 τῆς
751 533 1008 603 ἀληθείας
1027 535 1400 606 παρεξέλθοις.
1433 568 1500 578 —-
1519 540 1698 602 Ἴσως.
1729 571 1798 579 -
1825 537 1952 610 ’Ἆρ’

365 619 458 675 οὖν
491 625 554 676 οὐ
581 624 816 696 τέταρτα
846 627 979 696 (16),
1002 627 1037 681 ἆ
1061 630 1159 700 τῆς
1185 629 1363 701 ψυχῆς
1393 632 1561 702 αὐτῆς
1589 631 1804 703 ἔθεμεν,
1828 633 1952 685 em-

369 717 584 787 στήμας
615 735 695 780 τε,
727 721 820 772 καὶ
847 719 1061 790 τέχνας,
1098 723 1195 776 καὶ
1238 723 1394 790 δόξας
1432 724 1598 796 ὀρθὰς
1644 724 1952 794 λεχθείσας,

368 811 520 864 ταῦτ’
556 808 694 865 εἶναι
727 815 794 866 τὰ
824 815 960 886 πρὸς
987 819 1098 876 τοῖς
1139 817 1286 886 τρισὶ
1331 817 1600 888 τέταρτα;
1652 817 1808 888 εἴπερ
1862 817 1955 868 τοῦ

365 906 573 976 ἀγαθοῦ
591 911 705 960 ἐστι
722 909 939 979 μᾶλλον.
969 909 1116 980 ἢῗτῆς
1140 911 1332 981 ἡδονῆς
1357 911 1466 980 (l7)
1489 910 1956 982 ξυγγενῆ.-Τάχ’

366 1001 449 1053 ἄν.
485 1034 554 1043 -—
582 1001 844 1071 Πέμπτας
874 1004 1049 1055 τοίνυν
1096 1003 1162 1067 ἃς
1206 1004 1400 1075 ἡδονὰς
1464 1005 1657 1076 ἔθεμεν
1714 1005 1952 1066 ἀλύπους

365 1095 700 1167 ὁρισάμενοι,
729 1097 976 1168 καθαρὰς
1001 1098 1437 1168 ἐπονομάσαντες
1463 1099 1560 1169 τῆς
1581 1101 1757 1170 ψυχῆς
1787 1101 1953 1170 αὐτῆς

370 1190 700 1261 ἐπιστήμας,
742 1195 861 1253 ταῖς
883 1190 939 1244 δὲ
972 1192 1289 1262 αἰσθήσεσιν
1305 1193 1952 1263 ἑπόμενας.--Ίσως.-

1534 328 1855 386 muenia.
1896 331 2148 389 EVANG.
2191 320 2318 389 LIB.
2360 332 2502 388 xw.

374 436 452 500 ὡς
483 437 517 507 ἡ
543 436 651 508 ἐμὴ
676 440 921 508 μαντεία,
959 441 1084 494 νοῦν
1117 443 1208 496 καὶ
1237 443 1497 515 φρόνησιν
1522 446 1693 508 τιθεὶς
1713 487 1726 510 ,
1762 447 1864 500 οὐκ
1891 447 1956 500 ἂν
1984 459 2012 472 ⁷

3497 317 3636 398 t27o

2071 463 2232 504 aetera
2255 464 2362 520 que
2397 447 2603 512 omnia,
2639 465 2762 520 quae
2817 457 3069 506 naturam
3098 453 3461 512 existimanda
3505 467 3637 514 sunt

2057 541 2256 596 habere
2283 541 2693 611 sempiternam.
2724 571 2798 583 —
2827 540 2883 596 ld
2930 543 3150 612 quidem
3177 562 3241 601 ex
3264 563 3431 618 supra
3462 547 3625 602 dictis

2065 635 2332 704 sequitur.
2367 664 2437 675 —
2471 632 2679 689 Deinde
2722 633 2787 688 ad
2821 633 3120 688 secundam
3165 638 3488 707 revocanda,
3519 655 3643 710 qua:

2063 728 2116 780 in
2159 728 2508 796 proportione
2535 736 2850 792 versantur,
2883 735 2944 781 ut
2969 729 3281 798 pulchrum,
3312 734 3638 802 perfectum,

2063 821 2340 887 idoneum,
2371 830 2426 877 et
2471 837 2811 893 quaacunquc
2848 821 3014 891 hujus
3040 832 3169 878 sunt
3201 823 3634 894 generis—Uti-

2065 931 2194 984 que.
2240 945 2312 954 ——
2353 913 2590 968 Tertiam
2627 915 2884 985 denique,
2922 924 2982 969 ut
3024 915 3246 986 quidem
3295 918 3549 987 conjicio,
3593 922 3640 975 si

2066 1018 2303 1063 mentem
2347 1008 2800 1078 prudentiamque
2833 1010 3104 1078 posueris,
3138 1009 3280 1063 haud
3307 1026 3337 1064 a
3368 1025 3497 1064 vero
3519 1028 3644 1081 pro-

2069 1101 2157 1154 cul
2194 1099 2504 1155 aberrabis.
2529 1130 2599 1140 --
2629 1098 2696 1154 Et
2721 1101 2822 1154 hoc
2854 1100 3171 1154 verisimile.
3213 1132 3282 1141 —
3310 1099 3510 1156 Tribus
3539 1119 3642 1158 au-

2065 1201 2172 1246 tem
2203 1192 2309 1248 illis
2366 1209 2497 1246 num
2540 1192 2741 1246 merito
2775 1199 3034 1261 quartum
3075 1193 3306 1248 addatur
3350 1210 3543 1264 genus,
3574 1211 3641 1254 ex

367 1286 433 1339 iis
479 1301 599 1354 qua:
656 1285 839 1338 animo
878 1286 1093 1354 proprie
1151 1286 1465 1348 tribuimus,
1507 1288 1796 1350 doctrinis,
1846 1284 2080 1347 artibus,
2143 1294 2196 1339 et
2269 1284 2617 1354 opinionibus
2680 1302 2802 1355 quin
2855 1296 3020 1340 rectm
3065 1286 3359 1342 dicuntur?
3415 1291 3462 1345 si
3509 1293 3633 1359 qui-

364 1380 487 1452 dem
529 1380 628 1434 ista
676 1397 895 1449 quoque
951 1379 1092 1433 bono
1167 1382 1546 1450 conjunctiora
1597 1393 1745 1447 sunt,
1793 1399 1955 1451 quam
2026 1383 2297 1452 voluptas.
2344 1410 2412 1419 —
2449 1377 2720 1434 Fortassis
2763 1388 2816 1434 et
2871 1379 3033 1434 istuc.
3067 1410 3136 1420 —
3170 1379 3432 1447 Quintum
3511 1385 3636 1438 inde

385 1489 544 1528 ocuni
599 1475 964 1544 voluptatibus
1023 1476 1130 1531 illis
1177 1477 1449 1540 dabimus,
1495 1493 1634 1546 quas
1682 1479 1750 1532 ab
1798 1478 1944 1532 omni
2017 1476 2266 1531 molestia
2313 1491 2552 1539 vacuas,
2609 1475 2717 1528 imo
2765 1484 2818 1527 et
2874 1469 3041 1542 puras
3089 1473 3256 1528 animi
3301 1475 3641 1547 cognitiones

365 1559 489 1621 csse.
514 1567 807 1621 statuimus
841 1568 960 1623 illas
997 1569 1237 1638 quidem,
1293 1571 1383 1624 sed
1435 1582 1613 1625 tamen
1657 1581 1808 1625 ortas
1871 1588 1934 1625 ex
1969 1572 2242 1627 sensibus.
2284 1600 2354 1610 —-
2383 1570 2636 1626 Fortean.
2675 1600 2744 1610 —

367 1681 557 1751 Ἕκτῃ
592 1682 643 1735 δ’
683 1684 752 1735 ἐν
785 1683 978 1754 γενεᾷ,
1015 1686 1178 1756 φησὶν
1224 1687 1473 1757 Ὀρφεὺς,
1521 1690 1948 1742 καταπαύσατε

1309 1756 1578 1828 [κόσμον
1608 1759 1837 1826 ἀοιδῆς.

367 1869 533 1940 Ἀτὰρ
564 1868 861 1921 κινδυνεύει
892 1870 984 1921 καὶ
1013 1871 1040 1920 ὁ
1068 1871 1331 1940 ἡμέτερος
1358 1870 1513 1938 λόγος
1536 1873 1592 1924 ἐν
1624 1872 1756 1949 ἕκτῃ
1788 1891 1950 1925 κατα-

369 1964 712 2033 πεπαυμένος
731 1960 864 2016 εἶναι
900 1965 1100 2033 κρίσει.
1132 1965 1203 2016 Τὸ
1233 1965 1286 2016 δὲ
1318 1965 1454 2034 μετὰ
1498 1965 1650 2018 ταῦθ’
1687 1968 1818 2036 ἡμῖν
1858 1968 1950 2019 ού-

364 2056 452 2108 δὲν
473 2055 676 2118 λοιπον,
703 2055 840 2126 πλὴν
869 2055 1057 2127 ὥσπερ
1084 2057 1323 2126 κενέ-αλὴν
1345 2057 1634 2112 ἀποδοῦναι
1661 2062 1775 2119 τοῖς
1805 2061 1954 2128 εἰρη-

369 2149 570 2218 μένοις.
604 2169 674 2187 —-—-
697 2148 906 2201 Οὐκοῦν
937 2150 1064 2220 χρὴ.
1098 2177 1167 2186 -
1201 2149 1303 2200 Ἱοι
1336 2149 1399 2220 δὴ
1429 2150 1489 2205 τὸ
1522 2150 1703 2220 τρίτον
1735 2150 1810 2218 τῷ
1837 2151 1950 2202 Σω-

366 2242 490 2312 τῆρι
511 2280 526 2294 .
580 2241 668 2293 τὸν
698 2241 858 2293 αὑτὸν
891 2241 1429 2313 διαμαρτυράμενοι,
1465 2241 1621 2310 λόγον
1653 2242 1954 2308 ἐπεξέλθω-

369 2335 726 2403 μεν.-Ποῖον
750 2335 813 2404 δή
836 2335 1156 2406 ;-Φίληϐος
1188 2334 1423 2403 τάγαθὸν
1466 2335 1618 2389 ἔθετο
1659 2340 1791 2409 ἡμῖν
1828 2339 1951 2409 ἡδο-

369 2425 463 2496 νὴν
497 2421 634 2479 εἶναι
659 2427 838 2479 πᾶσαν
865 2426 958 2479 καὶ
993 2425 1248 2497 παντελῆ.
1281 2457 1350 2470 σ-
1391 2429 1464 2480 Τὸ
1487 2429 1704 2498 τρίτον,
1751 2423 1796 2482 ὦ
1838 2429 1952 2482 Σώ-

369 2538 592 2592 κρατες,
624 2522 698 2583 ὡς
733 2521 934 2584 ἔοικας,
960 2521 1144 2589 ἔλεγες
1178 2522 1382 2590 ἀρτίως
1408 2520 1499 2574 τὸν
1529 2522 1592 2591 ἐξ.
1630 2523 1806 2594 ἀρχῆς
1859 2525 1954 2576 ἐπ-

368 2613 655 2666 αναλαϐεῖν
690 2614 801 2665 δεῖν
828 2613 1003 2681 λόγον.
1025 2643 1092 2650 —
1129 2613 1250 2667 Ναί.
1279 2615 1350 2666 Τὸ
1391 2615 1446 2666 δεῖ
1489 2632 1553 2682 γε
1610 2617 1747 2685 μετὰ
1797 2617 1955 2671 τοῦτο

367 2705 674 2776 ἀκούωμεν.
723 2705 863 2773 Ἐγὼ
907 2705 1015 2776 γὰρ
1067 2705 1130 2776 δὴ
1191 2705 1426 2758 κατιδὼν
1460 2706 1601 2778 ειπερ
1638 2709 1734 2760 νῦν
1781 2709 1954 2781 διελή-

367 2797 521 2862 λυθα,
567 2799 661 2851 καὶ
707 2797 1045 2868 δυσχεράνας
1095 2797 1184 2851 τὸν
1215 2798 1446 2870 Φιλήϐου
1503 2799 1656 2869 λόγον
1685 2802 1744 2853 ού
1773 2802 1951 2871 μόνον,

366 2893 504 2948 ἀλλὰ
538 2896 631 2948 καὶ
657 2894 830 2948 ἄλλων
863 2893 1123 2956 πολλάκις
1152 2893 1383 2964 μυρίων,
1423 2891 1575 2948 εἷπον
1596 2938 1609 2960 ,
1641 2896 1716 2959 ὡς
1762 2896 1953 2967 ἡδονῆς

366 3007 430 3058 γε
456 2989 581 3052 νοῦς
605 2989 669 3042 ἂν
691 2991 774 3059 εἴη
802 2990 996 3061 μακρῴ
1027 2989 1236 3059 βέλτιόν
1272 3009 1327 3043 τε
1371 2993 1465 3044 καὶ
1500 2993 1718 3062 ἄμεινον
1740 2992 1818 3063 τῷ
1847 2993 1953 3045 τῶν

367 3083 672 3156 ἀνθρώπων
703 3083 824 3153 βίῳ.
852 3116 918 3123 —
950 3078 1058 3134 Ἤν
1088 3083 1279 3136 ταῦτα.
1318 3114 1381 3121 ——
1423 3085 1770 3138 ’Υποπτεύων
1801 3086 1854 3138 δέ
1890 3104 1951 3153 γε

2062 1689 2128 1742 At
2158 1705 2340 1759 genere
2367 1690 2420 1741 in
2445 1697 2614 1752 sexto,
2649 1685 2823 1756 inquit
2855 1682 3129 1755 Orpbeus,
3164 1695 3381 1756 gratum
3429 1687 3641 1742 conclu-

3141 1761 3269 1832 [dite
3297 1776 3526 1814 carmen.

2064 1873 2328 1944 Equidem
2361 1873 2548 1926 hocin
2587 1871 2996 1941 sextojudicio,
3049 1881 3236 1927 nostra
3271 1885 3490 1940 quoque
3528 1871 3639 1924 dis-

2059 1967 2269 2037 putatio
2317 1983 2425 2026 non
2462 1967 2604 2022 male
2659 1965 2916 2021 fortassis
2961 1965 3341 2020 concludatur.
3399 1967 3480 2018 Ita
3519 1964 3644 2018 reli.

2055 2078 2224 2132 quum
2254 2061 2307 2115 id
2335 2061 2499 2116 modo
2546 2060 2637 2124 sit,
2666 2069 2726 2115 ut
2761 2075 2917 2116 suam
2942 2060 2990 2114 ei
3019 2059 3339 2115 coronidem
3389 2059 3642 2128 impona-

2056 2171 2197 2212 mus.
2223 2185 2294 2194 —
2319 2155 2670 2225 lmponamus
2701 2168 2851 2208 vero.
2881 2181 2948 2196 ---
2973 2153 3086 2223 Age
3117 2154 3304 2223 igitur,
3333 2168 3408 2208 ac
3437 2151 3642 2207 Serva-

2057 2248 2160 2302 tori
2186 2257 2397 2312 nostro,
2446 2249 2696 2302 eumdem
2749 2263 2944 2303 rursus
2991 2247 3274 2310 obtestati,
3326 2262 3639 2302 sermonem

2058 2341 2203 2394 hunc
2235 2351 2487 2394 nostrum
2519 2340 2677 2394 tertio
2702 2340 2816 2408 jam
2856 2340 3228 2398 instauratum
3263 2348 3638 2408 pet-texamus.

2054 2462 2124 2472 —
2160 2432 2399 2502 Ecquem
2431 2433 2594 2487 vero?
2622 2461 2695 2472 ——
2731 2432 2992 2488 Philebus
3026 2433 3238 2488 scilicet
3267 2449 3442 2504 genus
3476 2448 3642 2487 omne

2057 2526 2349 2596 voluptatis
2401 2526 2606 2580 bonum
2635 2540 2759 2581 esse
2788 2525 3082 2580 statuebat.
3140 2547 3212 2566 -ι-
3260 2526 3332 2580 Αι
3379 2526 3642 2595 jamjain,

2058 2620 2301 2674 Socratis
2356 2619 2783 2688 disputationem
2823 2619 2986 2685 hanc,
3035 2619 3216 2681 tertio,
3267 2618 3322 2672 ni
3370 2616 3552 2684 fallor,
3609 2635 3642 2673 a

2056 2713 2232 2783 capite
2266 2712 2612 2782 repetendam
2662 2727 2784 2767 esse
2832 2711 3073 2766 dicebas.
3108 2741 3178 2750 —
3224 2708 3298 2763 Ita
3339 2719 3445 2764 est.
3480 2709 3640 2776 Quod

2055 2813 2237 2860 autem
2272 2805 2518 2875 sequitur
2578 2805 2946 2860 attendamus.
2980 2802 3244 2872 Equidem
3289 2817 3351 2856 ea
3401 2817 3526 2856 cum
3559 2802 3645 2854 vi!

2054 2898 2262 2962 derem,
2300 2913 2423 2968 quae
2447 2897 2611 2951 modo
2641 2895 3052 2966 persequebar;
3090 2910 3156 2949 ac
3189 2901 3478 2965 pr0pterea
3525 2909 3640 2949 non

2057 2991 2270 3046 Philebi
2299 2989 2482 3053 modo,
2525 2988 2618 3044 sed
2656 2989 2995 3043 infinitorum
3037 2987 3200 3042 etiam
3246 2986 3482 3041 aliorum
3538 3001 3636 3040 vo-

2057 3101 2172 3140 cem
2205 3085 2533 3154 permoleste
2571 3083 2800 3138 ferrem:
2838 3083 3091 3136 humanze
3112 3082 3256 3146 vitae,
3285 3087 3522 3134 mentem
3551 3095 3643 3134 vo-

370 3179 464 3232 καὶ
495 3176 629 3231 ἄλλα
687 3172 822 3229 εἷναι
871 3177 1061 3240 πολλὰ,
1099 3173 1271 3238 εἷπον,
1299 3177 1406 3239 ὡς,
1465 3180 1512 3229 εί
1545 3179 1738 3248 φανείη
1768 3179 1818 3230 τί
1851 3197 1950 3231 που

2061 3179 2261 3247 luptate
2288 3177 2448 3248 longe
2475 3177 2758 3230 meliorem
2783 3190 2846 3229 ac
2872 3175 3141 3244 potiorem
3165 3187 3287 3228 esse
3314 3170 3552 3226 defendi.
3572 3196 3642 3209 ι·-

367 3273 480 3324 τοῖν
504 3272 706 3340 ἀμφοῖν
729 3269 956 3338 βέλτιον,
978 3270 1070 3321 ἐπὶ
1087 3269 1192 3321 τῶν
1215 3269 1532 3339 δευτερείων
1551 3271 1804 3340 στερήσει
1819 3271 1951 3339 (l8),

368 3363 443 3434 νῷ
477 3363 612 3436 πρὸς
635 3363 827 3434 ἡδονὴν
864 3361 1351 3432 ξυνδιαμαχοίμην,
1380 3362 1539 3432 ἡδονὴ
1569 3361 1625 3414 δὲ
1651 3362 1743 3414 καὶ
1777 3362 1955 3414 δευτε-

370 3461 530 3533 ρείων
577 3461 914 3531 στερήσοιτο.
956 3488 1024 3495 —-
1065 3453 1229 3520 Εἷπες
1261 3460 1370 3528 γαρ
1423 3453 1535 3509 οὖν.
1572 3485 1640 3493 -
1672 3457 1781 3509 Καὶ
1817 3458 1955 3526 μετὰ

367 3554 538 3606 ταύτά
560 3571 644 3620 γε,
677 3551 891 3604 πάντων
921 3549 1249 3613 ἱκανώτατα,
1278 3549 1488 3602 τούτοιν
1517 3549 1798 3620 οὐδέτερον
1838 3551 1958 3602 ἱκα-

368 3646 454 3696 νὸν
490 3643 747 3712 ἀνεφάνη.
777 3673 844 3682 —-
893 3640 1273 3711 Ἀληοέστατα.
1311 3671 1381 3680 --
1415 3639 1623 3692 Οὐκοῦν
1668 3643 1955 3694 παντάπα-

372 3755 453 3788 σιν
489 3737 546 3788 ὲν
570 3735 744 3804 τούτῳ
773 3733 854 3804 τῷ
878 3733 1020 3803 λόγῳ
1041 3734 1135 3785 καὶ
1164 3732 1283 3795 νοῦς
1317 3731 1634 3802 ἀπήλλακτο
1659 3734 1751 3786 καὶ
1773 3734 1952 3804 ἡδονὴ,

375 3829 508 3897 μηδὲ
543 3826 777 3894 τάγαθὸν
803 3826 934 3880 αὐτὸ
961 3825 1256 3896 μηδέτερον
1285 3826 1470 3877 αὐτοῖν
1499 3821 1659 3886 εἶναι,
1696 3827 1957 3896 στερομέ-

375 3939 480 3972 νων
510 3919 858 3990 αὐταρκείας,
891 3919 984 3971 καὶ
1011 3921 1107 3988 τῆς
1137 3918 1230 3971 τοῦ
1284 3918 1470 3971 ἱκανοῦ
1507 3920 1599 3970 καὶ
1634 3917 1840 3972 τελείου
1869 3919 1958 3972 δυ-

373 4014 608 4084 νάμεως.
637 4038 705 4056 ο·-
748 4013 1058 4085 ὈρΟότατα.
1100 4043 1168 4051 --
1198 4011 1460 4074 Φανὲντος
1486 4011 1541 4063 δέ
1575 4028 1639 4080 γε
1686 4011 1845 4064 ἄλλου
1880 4029 1950 4062 τι-

373 4106 462 4168 νος
483 4104 788 4175 κρείττονος
812 4104 1020 4157 τούτοιν
1046 4103 1306 4174 ἐκατέρου
1327 4142 1341 4163 ,
1399 4104 1578 4174 μυρίῳ
1629 4106 1678 4172 γ’
1713 4100 1778 4157 αὖ
1832 4103 1957 4165 νοῦς

368 4194 564 4266 ⁴ιίξδονῆς
593 4194 912 4265 οἰκειότερον
946 4195 1039 4247 καὶ
1067 4193 1508 4266 προσφιλέστερον
1549 4193 1816 4262 πέφανται
1863 4193 1956 4245 νῦν

368 4289 436 4360 τῇ
477 4286 572 4340 τοῦ
633 4285 891 4350 νικῶντος
941 4287 1076 4357 ἰδέα.
1109 4319 1177 4327 -—
1214 4286 1337 4348 Πῶς
1391 4286 1500 4356 γὰρ
1525 4285 1618 4349 οῧ;
1648 4317 1717 4326 -
1749 4284 1956 4338 Οὐκοῦν

368 4377 620 4448 πέμπτον
649 4379 790 4431 κατὰ
814 4376 912 4447 τὴν
933 4378 1134 4447 κρίσιν,
1160 4377 1232 4439 ὡς
1260 4378 1352 4429 νῦν
1387 4377 1414 4426 ὁ
1442 4376 1596 4444 λόγος
1619 4377 1953 4446 ἀπεφήνατο,

369 4468 594 4538 γίγνοιτ’
614 4469 677 4521 ἂν
701 4471 732 4540 ἡ
763 4470 861 4538 τῆς
886 4469 1077 4539 ἡδονῆς
1100 4468 1346 4538 δύναμις.
1370 4499 1439 4506 ——
1461 4469 1695 4522 Ἔοικεν.
1719 4499 1787 4508 —
1810 4469 1956 4540 Πρῶ-

368 4544 460 4615 τον
483 4561 539 4613 δέ
570 4577 632 4627 γε
662 4558 722 4612 οὗ
753 4560 859 4628 (l9)
886 4577 897 4588 -

369 4655 462 4707 καὶ
490 4653 558 4706 τὰ
609 4653 744 4707 ἄλλα
779 4653 1064 4724 ξύμπαντα
1098 4653 1262 4726 Θηρία
1309 4653 1474 4723 φῶσι,
1527 4653 1605 4724 τῷ
1637 4654 1698 4706 τὸ
1747 4655 1957 4725 χαίρειν

368 4743 606 4807 διώκειν,
641 4739 722 4807 οἷς
753 4746 1098 4807 πιστεύοντες
1146 4746 1334 4818 ὥσπερ
1374 4747 1594 4816 μάντεις
1619 4745 1823 4816 ὄρνισιν
1855 4787 1869 4808 ,
1909 4749 1958 4798 οἱ

370 4836 553 4889 πολλοὶ
581 4838 826 4908 κρίνουσι
854 4837 950 4900 τας
972 4838 1164 4906 ἡδονὰς
1191 4842 1269 4900 εἰς
1296 4840 1355 4890 τὺ
1398 4837 1493 4909 ζῇν
1519 4840 1650 4909 ἡμῖν
1683 4833 1740 4890 εὖ
1770 4838 1959 4908 κρατί-

935 4560 1036 4613 κᾶν
1078 4563 1126 4613 οἰ
1155 4561 1353 4623 πάντες
1387 4561 1506 4629 βύες
1555 4578 1611 4611 τε
1645 4561 1739 4613 καὶ
1777 4563 1952 4624 ἵπποι,

374 4946 507 4992 στας
531 4927 691 4992 εἶναι,
728 4931 975 4994 καὶτοὺς
1015 4929 1219 5001 θηρίων
1255 4930 1461 5001 ἔρωτας
1504 4931 1704 4983 οἴονται
1737 4929 1958 5000 κυρίους

374 5020 512 5076 εἶναι
537 5022 819 5094 μάρτυρας
845 5023 1089 5094 μᾶλλονῆ
1118 5025 1242 5086 τοὺς
1263 5023 1370 5074 τῶν
1399 5026 1454 5076 ὲν
1487 5023 1659 5093 μούσῃ
1685 5021 1960 5092 φιλοσόφῳ

376 5115 836 5186 μεμαντευμὲνων
871 5115 1126 5167 ἑκάστοτε
1148 5115 1341 5183 λόγων.
1386 5145 1457 5153 --
1492 5115 1882 5185 Ἀληῡέστατα,
1915 5107 1959 5165 ὦ

373 5207 680 5278 Σώκρατες,
713 5208 966 5278 εἰρῆσθαί
1000 5225 1078 5260 σοι
1103 5207 1197 5259 νῦν
1249 5207 1348 5278 ἤδη
1409 5209 1588 5278 φαμὲν
1640 5208 1894 5269 ἅπαντες.
1936 5227 1953 5256 ι

372 5299 558 5353 Ταῦτα
605 5303 632 5353 ὁ
685 5300 929 5352 Πλάτων.
974 5299 1115 5366 Ἐγὼ
1143 5299 1197 5351 δέ
1237 5317 1317 5352 σοι
1367 5301 1458 5351 καὶ
1487 5300 1802 5361 Διονυσίου,
1861 5300 1959 5368 τῆς

446 5461 562 5528 (16)
610 5461 878 5527 Τέταρτίι.
916 5458 988 5511 lla
1024 5459 1368 5526 reposuimus
1418 5475 1479 5510 ex
1534 5457 1779 5519 Platone,
1836 5458 1958 5511 bar-

372 5535 672 5600 barainqize
707 5547 893 5586 vocem
927 5529 1564 5600 ritatedispunxinius.

447 5604 559 5672 (l7)
591 5607 658 5656 Ἡ
690 5601 799 5670 τῆς
832 5599 1078 5667 ήδσινῖς.
1105 5599 1364 5654 Tollenda
1393 5601 1601 5653 videtur
1630 5600 1958 5662 disiunctiva

372 5678 426 5745 ἦ.
480 5674 754 5740 Quaeritur
805 5674 947 5726 enim
989 5683 1167 5745 utrum
1227 5672 1313 5723 illa
1366 5689 1488 5724 eum
1548 5673 1689 5724 lnonn
1729 5672 1958 5737 conjun-

374 5743 544 5800 e'inra
578 5747 706 5806 sint,
743 5760 906 5814 quam
941 5743 1210 5811 \‘tiltlpltlb.
1247 5759 1351 5794 non
1388 5753 1590 5799 autem.
1627 5747 1804 5796 sintne
1834 5760 1954 5797 tum

376 5819 519 5878 bono
555 5818 727 5887 magis
761 5832 922 5887 qitazn
961 5831 1083 5869 cum
1115 5814 1386 5884 voluptate
1412 5814 1726 5886 Cunjuncla.

2061 3270 2152 3323 Sic
2187 3279 2292 3324 est.
2326 3301 2396 3310 --
2427 3269 2630 3322 Deinde
2664 3284 2787 3321 cum
2820 3268 2924 3321 alia
2969 3282 3190 3335 quoque
3220 3265 3492 3335 permulta
3518 3280 3642 3319 esse

2058 3363 2422 3431 conjicerem:
2455 3361 2656 3425 addidi,
2694 3361 2739 3414 si
2787 3360 2915 3430 quid
2959 3360 3210 3414 fortassis
3255 3367 3494 3428 utroque
3525 3374 3642 3410 me-

2065 3456 2171 3508 lius
2210 3461 2546 3516 occurreret,
2575 3469 2661 3506 me
2689 3467 2787 3522 pro
2827 3461 3008 3506 mente
3040 3465 3238 3504 rursus
3269 3457 3459 3503 contra
3489 3448 3642 3502 volu—

2061 3557 2259 3616 ptatem
2289 3555 2660 3616 pugnaturum
2692 3554 2770 3607 ut,
2808 3545 2910 3599 hac
2941 3544 3134 3611 ejecta,
3169 3541 3444 3596 secundus
3473 3541 3642 3594 menti

2061 3641 2214 3694 locus
2263 3639 2616 3692 tribueretur.
2648 3665 2714 3676 -—
2750 3637 2910 3706 772
2938 3635 3053 3689 lloc
3087 3635 3250 3687 etiam
3281 3632 3556 3687 addidisti.
3577 3663 3644 3670 ——

2058 3730 2348 3796 Praeterea,
2385 3745 2550 3798 quam
2593 3737 2785 3781 neutra
2833 3728 2967 3780 satis
3024 3742 3120 3796 per
3151 3741 3272 3780 sese
3310 3724 3470 3789 foret,
3509 3724 3644 3777 satis

2060 3818 2354 3873 admodum
2413 3817 2784 3886 probavimus.
2820 3845 2891 3856 -—
2937 3814 3232 3870 Verissima
3284 3815 3546 3884 loqueris.
3575 3843 3646 3852 —

2062 3908 2136 3962 lta
2181 3925 2276 3978 per
2308 3909 2448 3962 hanc
2476 3908 2909 3977 disputationem
2937 3906 3190 3962 effectum
3231 3915 3336 3971 est,
3372 3917 3429 3960 ut
3460 3919 3637 3974 neque

2062 4009 2296 4055 mentem
2338 4015 2514 4070 neque
2543 4001 2880 4070 voluptatem
2924 4000 3102 4069 ipsum
3151 4015 3246 4068 per
3287 4014 3408 4052 sese
3439 3998 3646 4051 bonum

2060 4110 2182 4147 esse
2234 4103 2620 4157 statueremus,
2675 4092 2821 4160 quod
2864 4109 2929 4146 ex
2971 4109 3091 4147 sese
3123 4101 3314 4146 neutra
3352 4090 3644 4151 sufﬁceret,

2063 4194 2253 4238 neutra
2308 4182 2531 4253 perfecti
2582 4198 2648 4236 ac
2691 4184 2936 4235 numeris
2973 4183 3231 4235 omnibus
3267 4180 3504 4234 absoluti
3537 4180 3646 4232 vim

2061 4287 2113 4330 et
2143 4275 2458 4330 facultatem
2516 4275 2760 4329 haberet.
2794 4303 2863 4314 —-
2906 4275 3144 4344 Optime.
3199 4304 3267 4313 —
3298 4273 3468 4325 Porro
3519 4287 3647 4325 cum

2063 4370 2282 4425 tertium
2317 4370 2477 4424 nobis
2506 4369 2653 4423 aliud
2690 4369 3030 4423 occurrisset
3077 4369 3177 4420 hac
3229 4376 3462 4434 utraque
3505 4381 3646 4433 prae-

2065 4463 2320 4524 stantius,
2365 4471 2480 4516 tum
2511 4477 2642 4516 vero
2690 4461 2917 4514 infinitis
2952 4460 3232 4529 gradibus,
3262 4469 3496 4511 mentem
3560 4457 3645 4509 vi-

2064 4557 2233 4611 ctoris
2279 4555 2427 4609 illius
2460 4555 2650 4608 formae
2698 4553 3144 4624 propinquiorcni
3187 4560 3240 4604 et
3301 4549 3650 4619 conjunctio-

2063 4666 2176 4703 rem
2206 4664 2329 4703 esse
2363 4648 2767 4716 perspeximus,
2798 4661 2964 4716 quam
3007 4645 3359 4713 voluptatein.
3393 4672 3465 4684 -—-
3509 4638 3646 4694 Nam

2062 4743 2157 4812 qui
2201 4740 2360 4801 aliter
2393 4739 2506 4793 fieri
2541 4737 2853 4808 potuisset?
2885 4765 2954 4776 —-
2993 4735 3206 4788 Maneat
3253 4734 3440 4804 igitur,
3489 4731 3645 4785 volu-

2063 4835 2226 4904 ptatis
2255 4835 2388 4896 vim,
2417 4848 2481 4886 eo
2505 4832 2735 4901 judicio,
2763 4831 2907 4900 quod
2934 4829 3095 4900 paulo
3118 4837 3242 4880 ante
3270 4826 3640 4884 exercuimus.

2062 4926 2254 4994 quinto
2284 4925 2336 4977 in
2369 4925 2536 4993 gradu
2569 4923 2894 4976 consistere.
2925 4949 2995 4960 -—-
3029 4919 3132 4973 Per
3158 4934 3243 4972 ine
3277 4918 3422 4972 licet.
3461 4947 3531 4956 —
3575 4919 3647 4970 At.

2064 5019 2117 5072 in
2153 5020 2332 5088 primo
2358 5032 2683 5086 nunquam:
2731 5015 2945 5069 tametsi
3000 5014 3179 5068 omnis
3221 5021 3414 5065 contra
3455 5011 3646 5073 boum,

2063 5129 2353 5178 equorum,
2381 5126 2445 5166 ac
2484 5121 2803 5166 czeterarum
2851 5108 3096 5161 omnium
3135 5106 3370 5160 ferarutn
3403 5105 3653 5158 multitu-

2062 5208 2134 5259 do
2166 5206 2515 5267 vocil'eretnr,
2567 5203 2711 5272 quod
2758 5199 3176 5254 delectationem
3236 5214 3401 5252 unam
3459 5193 3650 5265 perse-~

2063 5309 2283 5365 quatur,
2319 5298 2518 5368 quibus
2554 5295 2798 5365 plerique
2831 5294 3012 5356 fidem,
3044 5309 3148 5345 nun
3187 5306 3347 5344 secus
3385 5305 3448 5342 ac
3491 5288 3650 5339 vuln-

2136 5457 2244 5527 (18)
2299 5455 2423 5508 Ἐπὶ
2452 5453 2570 5507 τῶν
2601 5452 2956 5527 δειγιτεδςείιιζν
2995 5450 3299 5527 στερήσει.
3325 5448 3544 5527 Καί-[ἱείς
3579 5464 3649 5527 ex

2062 5518 2287 5582 Platone
2336 5527 2624 5598 legeretur,
2680 5526 2820 5594 ὑπὲρ
2861 5523 2968 5575 τῶν
3010 5520 3358 5592 δευτερείων,
3399 5518 3474 5588 νῷ
3513 5518 3650 5590 πρὸς

2063 5601 2171 5670 ἠδ..
2207 5609 2310 5653 etc.

2139 5657 2248 5739 (l9)
2293 5668 2533 5735 Πρῶτον
2565 5666 2632 5721 δέ
2670 5684 2732 5732 γε
2772 5666 2879 5739 οὗ,
2931 5674 3034 5739 etc.
3087 5664 3269 5739 Recte.
3309 5660 3456 5739 _Nam
3504 5657 3650 5739 apud

2063 5729 2644 5813 Platonempessnnc,
2679 5729 2892 5813 πρώεον
2936 5735 2991 5789 δέ
3041 5753 3099 5804 τε
3151 5738 3249 5788 οὐκ
3308 5735 3369 5788 ἂν
3409 5732 3460 5786 οἱ
3518 5729 3650 5789 πάντ

2064 5832 2148 5877 τες
2169 5856 2183 5882 ,
2212 5822 2316 5867 etc.
