4090 6382
432 318 569 379 1271

1072 319 1344 377 EUSEBII
1382 320 1863 379 CESARIENSIS
1901 311 2052 381 ΟΡΡ.
2095 324 2282 383 PARS
2317 324 2381 380 II.
2424 355 2494 368 —
2532 318 3036 386 APOLOGETIC‘A.

3558 329 3705 385 1372

432 437 619 495 crihus
639 454 898 511 augures,
943 438 1073 496 dum
1123 440 1347 507 habent,
1396 440 1707 511 voluptates
1750 442 1910 499 nobis
1943 445 2000 500 ad

2114 443 2255 498 κατὰ
2284 444 2520 516 Χριστὸν
2545 445 2865 516 φιλοσοφίας
2889 445 3192 499 ἐπισκόπου
3220 443 3434 516 ἀνδρὸς,
3462 443 3570 496 ἀπὸ
3594 444 3709 498 τῶν

431 527 570 584 bene
593 528 885 585 vivendum
936 530 1254 600 potissimas
1302 546 1427 586 esse
1458 533 1837 601 pronuntiant,
1863 534 2012 605 ejus-

429 633 538 685 que
588 620 666 675 rei
706 621 968 677 certiores
1031 635 1156 676 esse
1217 630 1387 677 testes
1445 622 1688 678 ferarum
1743 625 2011 695 ipsarum,

425 727 594 780 quam
627 728 818 771 eorum
846 729 968 785 quae
991 715 1198 785 passim
1227 714 1447 770 erudita
1482 732 1639 772 musa
1669 716 1851 772 fundit
1880 732 2011 773 ora-

2120 538 2258 607 Περὶ
2281 541 2522 608 φύσεως
2550 539 2763 612 βραχέα
2784 540 2892 594 τῶν
2919 541 3058 611 πρὸς
3103 538 3424 608 Ἐπίκουρον
3447 539 3674 610 ἀντειρη

2124 630 2300 701 μένων
2324 631 2735 704 παραθήσομαι.
2770 633 2842 687 Σὺ
2871 631 2929 685 δὲ
2969 630 3151 685 λαϐὼν
3175 630 3448 700 ἀνάγνωθι
3476 629 3577 694 τὰς
3607 629 3697 684 οὔκ

2119 738 2229 787 τως
2257 723 2490 795 ἐχούσας
2512 724 2678 779 αὑτοῦ
2710 725 2915 796 φωνάς.

366 812 375 821 “
426 807 675 863 culorum
704 824 923 865 amores
967 810 1282 879 opinantur.
1315 840 1388 852 —-
1424 809 1535 867 Nos
1573 826 1702 867 vero
1726 811 2003 880 Socrates,
2046 816 2160 870 haec
2184 818 2283 873 abs
2315 827 2367 874 te
2394 819 2577 874 omnia
2602 821 2887 877 verissime
2918 820 3061 876 dicta
3116 836 3240 877 esse
3291 819 3524 875 fatemur
3584 818 3710 873 uni-

425 903 626 960 versi.»
672 900 949 960 Hactenus
971 902 1146 960 Plato.
1195 902 1355 960 Nunc
1417 903 1573 975 juvat
1633 905 1798 961 etiam
1856 921 1923 962 ex
1986 907 2231 981 Dionysii
2300 912 2563 984 episcopi,
2613 914 2851 969 hominis
2905 913 3259 969 christianum
3304 913 3710 985 philosophiam

425 996 662 1068 professi
701 1012 868 1069 opere
898 999 1046 1069 quod
1088 998 1165 1053 De
1195 1011 1390 1053 natura
1438 998 1789 1069 conscripsit,
1827 1015 2003 1072 pauca
2039 1004 2288 1073 quaedam
2318 1021 2349 1062 e
2372 1006 2584 1072 multis,
2609 1023 2731 1078 quae.
2788 1007 3052 1063 adversus
3097 1006 3392 1079 Epicurum
3441 1007 3709 1078 diSputat,

425 1090 777 1162 subjungere.
830 1088 911 1145 Tu
959 1091 1121 1146 verba
1150 1089 1270 1159 ejus
1296 1089 1574 1159 ipsissima
1613 1093 1851 1165 perlege.

1009 1178 1241 1236 CAPUT
1290 1181 1480 1236 XXIII.

426 1294 695 1350 Adversus
726 1291 1016 1362 Epicureos
1044 1335 1058 1358 ,
1090 1294 1179 1364 qui
1210 1293 1610 1350 Providentiam
1637 1296 1889 1351 tollebant
1916 1339 1931 1364 ,
1965 1307 2016 1352 et

496 1364 792 1419 individuis
854 1365 1160 1433 corporibus
1218 1366 1465 1420 universa
1535 1367 1857 1423 tribuebant.
1931 1368 2015 1424 Ea:

499 1434 746 1507 Dionysii
777 1434 1128 1491 Alexandrini
1158 1436 1389 1507 episcopi
1418 1436 1570 1491 libris
1602 1436 1679 1493 De
1719 1449 1935 1495 natura.

502 1631 521 1664 ι
557 1613 794 1682 Utrum,
834 1612 1246 1684 inquit,unum
1300 1625 1419 1679 est,
1477 1624 1641 1685 atque
1707 1626 1892 1687 aptum
1946 1636 2012 1673 ex

426 1720 548 1761 sese
580 1705 901 1764 universum
930 1745 946 1770 ,
992 1708 1068 1760 uti
1107 1707 1267 1761 nobis
1323 1706 1753 1779 Graecorumque
1792 1711 2012 1780 sapien-

424 1797 656 1855 tissimis
687 1796 904 1855 Platoni
927 1807 981 1853 et
1004 1797 1326 1870 Pythagorae
1344 1839 1359 1866 ,
1393 1796 1591 1855 Stoicis
1613 1841 1629 1867 ,
1652 1810 1708 1857 et
1737 1800 2013 1859 Heraclito

2632 1188 3033 1248 ΚΕΦΔΛΑΙΟΝ
3069 1192 3198 1246 Kl".

2121 1300 2276 1377 Πρὸς
2309 1301 2451 1368 τοὺς
2476 1302 2606 1377 uati
2641 1303 2999 1377 ‘Exlzgovpor
3036 1306 3330 1372 Πρόνοιαν
3353 1307 3472 1377 μὲν
3496 1309 3713 1376 cier

2185 1370 2434 1446 μένους.
2495 1373 2738 1446 ἀτόμοις
2786 1373 2856 1427 δὲ
2883 1370 3181 1446 οώμαοιν
3203 1370 3592 1446 ἀνατῖθέντᾶς
3638 1380 3712 1434 τὸ

2191 1440 2333 1521 πᾶν.
2381 1442 2513 1521 ’ᾼπὸ
2686 1440 3068 1521 ῐξερὶᾷφύσεως
3096 1450 3416 1504 Διονυσίου
3457 1440 3582 1521 (20).
3598 1451 3712 1506 τοῦ

2192 1512 2533 1567 ἐπισκόπου
2575 1512 3041 1585 Ἀλεξανδρείας.

2199 1642 2218 1673 ‹
2256 1623 2491 1696 Πότερον
2515 1625 2575 1678 ἓν
2597 1627 2714 1679 ἐστι
2751 1592 2987 1697 συναφὲς
3012 1628 3073 1682 τὸ
3098 1631 3226 1694 πᾶν,
3257 1633 3334 1695 ὡς
3367 1633 3498 1703 ἡμῖν
3529 1651 3588 1687 τε
3610 1634 3713 1690 καὶ

2119 1714 2234 1776 τοῖς
2285 1714 2618 1782 σοφωτάτοις
2669 1716 2938 1789 Ἑλλήνων
2967 1718 3214 1773 Πλάτωνι
3252 1720 3347 1775 καὶ
3383 1722 3709 1797 Πυθαγόρᾳ,

2120 1806 2214 1858 καὶ
2239 1809 2354 1870 τοῖς
2386 1807 2494 1861 ἀπὸ
2521 1809 2619 1879 τῆς
2641 1810 2813 1874 Στοᾶς
2836 1813 2931 1865 καὶ
2969 1813 3306 1886 Ἡρακλείτῳ
3344 1816 3626 1885 φαίνεται,
3671 1818 3711 1889 ἢ

423 1890 643 1945 videtur
680 1908 693 1944 :
730 1906 799 1947 an
824 1889 970 1954 duo,
999 1893 1463 1962 quemadmodum
1508 1892 1649 1947 forte
1697 1909 1806 1948 non
1858 1910 2000 1950 uenit

2119 1896 2231 1961 δύο,
2268 1899 2345 1963 ὡς
2371 1898 2502 1965 ἴσως
2528 1917 2612 1965 τις
2647 1902 2935 1969 ὑπέλαϐεν,
2960 1905 2993 1977 ἢ
3027 1908 3121 1960 καὶ
3145 1906 3313 1961 πολλὰ
3340 1909 3434 1961 καί
3458 1908 3665 1981 ἄπειρα
3692 1927 3711 1977 ;

425 1982 681 2054 cogitarit
715 2000 728 2036 :
759 1998 827 2037 an
853 1983 1025 2037 multa
1048 1985 1230 2053 potius
1261 1985 1509 2055 adeoque
1536 1984 1789 2040 inﬁnita?
1815 1987 2013 2042 utaliis

429 2073 760 2143 quibusdam
791 2074 1033 2144 placuit,
1064 2076 1158 2146 qui
1191 2076 1443 2146 pluribus
1474 2077 1676 2132 mentis
1705 2078 2009 2144 erroribus,

424 2177 491 2219 ac
516 2163 687 2219 variis
718 2163 1145 2235 appellationum
1192 2164 1420 2233 formis,
1470 2166 1711 2222 universi
1759 2177 2011 2224 naturam

424 2253 732 2312 distrahere
758 2270 824 2309 ac
848 2257 1092 2310 lacerare
1111 2255 1330 2321 conati,
1366 2255 1638 2311 inﬁnitum
1678 2257 1811 2313 illud
1853 2273 2008 2322 esse,

424 2354 550 2403 ortu
584 2362 773 2403 carere
794 2389 809 2413 ,
839 2362 941 2402 nec
967 2348 1081 2402 ullo
1103 2347 1460 2418 providentia
1487 2349 1721 2404 consilio
1757 2350 1870 2419 regi
1910 2365 2009 2405 vo-

422 2439 665 2498 luerunt.
704 2439 866 2511 773
897 2438 962 2494 Hi
992 2441 1137 2495 enim
1198 2449 1443 2505 atomos,
1496 2441 1811 2512 incorrupta
1857 2459 2010 2514 quaa-

422 2531 551 2588 dam
618 2530 926 2602 exiguaque
983 2534 1357 2603 corpuscula,
1414 2549 1759 2603 numeroque
1797 2534 2009 2591 inﬁnita

424 2624 803 2690 nominantes,
831 2640 1050 2695 unaque
1081 2626 1319 2695 spatium
1356 2625 1579 2696 aliquod
1606 2641 1839 2681 vacuum
1863 2668 1879 2692 ,
1910 2643 2011 2683 nec

423 2715 552 2778 ullis
582 2714 785 2776 ﬁnibus
845 2718 1325 2790 circumscriptum
1392 2721 1749 2789 invehentes,
1795 2732 2009 2779 atomos

421 2809 545 2871 illas
567 2808 854 2873 dictitant,
888 2811 991 2866 hoc
1013 2811 1067 2865 iu
1096 2826 1271 2866 vacuo
1301 2822 1510 2869 temere
1555 2815 1689 2870 dum
1718 2814 2005 2882 feruntur,

420 2898 552 2954 dum
581 2916 738 2971 casu,
768 2910 991 2972 pr0pter
1043 2903 1283 2974 impetus
1334 2907 1837 2975 perturbationem,
1888 2910 2008 2964 aliae

420 3004 547 3053 cum
579 2991 703 3048 aliis
730 3004 1106 3058 concurrunt,
1147 3012 1213 3051 ac
1258 3010 1480 3067 propter
1528 2998 1881 3070 multiplicem
1943 3002 2006 3057 ﬁ-

419 3098 614 3154 guram
640 3083 785 3139 inter
814 3099 938 3140 sese
997 3087 1462 3155 commiscentur,
1518 3105 1644 3144 cum
1704 3093 2007 3160 apprehen-

415 3162 545 3235 dere
565 3184 759 3247 mutuo
785 3191 939 3243 sese,
968 3184 1084 3232 tum
1126 3178 1275 3234 hunc
1300 3195 1518 3250 quoque
1541 3181 1829 3248 mundum,
1851 3199 2002 3253 qure—

2114 1989 2190 2054 ὦς
2220 2007 2364 2044 τισιν
2390 1990 2575 2056 ἄλλοις
2595 1992 2795 2059 ἔδοξεν,
2819 1996 2868 2049 οἳ
2897 1996 3120 2062 πολλαῖς
3142 1998 3242 2067 τῆς
3263 1998 3505 2064 διανοίας
3530 2017 3713 2075 παρα-

2115 2087 2328 2154 φοραῖς,
2363 2086 2459 2138 καὶ
2487 2086 2761 2152 ποικίλαις
2794 2094 3097 2163 προφοραῖς
3122 2091 3402 2162 ὀνομάτων
3455 2093 3554 2166 τὴν
3593 2095 3712 2150 τῶν

2112 2173 2249 2227 ὅλων
2281 2175 2648 2249 ἐπεχείρησαν
2683 2180 3182 2252 κατακερματίζειν
3204 2182 3393 2236 οὐσίαν
3417 2225 3433 2247 ,
3475 2185 3714 2257 ἀπειρόν

2113 2281 2192 2329 τε,
2238 2267 2330 2318 καὶ
2369 2266 2684 2340 ἀγέννητον,
2732 2271 2828 2325 καὶ
2856 2272 3193 2346 ἀπρονόητον
3244 2276 3608 2333 ὑποτίθενται.
3639 2283 3708 2334 ΟΞ

2116 2356 2212 2427 μὲν
2247 2357 2377 2429 γὰρ,
2406 2360 2644 2432 ἀτόμους
2686 2364 3080 2435 προσειπόντες
3121 2367 3376 2440 ἀφθαρτά
3434 2387 3558 2424 τινα
3607 2373 3710 2425 καὶ

2113 2450 2452 2522 σμικρότατα
2486 2451 2738 2524 σώματα,
2774 2455 2979 2527 πλῆθος
3001 2457 3279 2530 ἀνάριθμα
3302 2499 3317 2520 ,
3367 2460 3460 2514 καί
3494 2479 3548 2515 τι
3594 2481 3711 2534 χω-

2113 2540 2227 2613 ρίον
2258 2544 2435 2607 κενὸν,
2461 2545 2690 2616 μέγεθος
2719 2548 3102 2622 ἀπεριόριστον
3132 2551 3546 2624 προϐαλόμενοι,
3569 2557 3709 2609 ταύ-

2110 2650 2209 2697 τας
2240 2634 2302 2706 δή
2344 2651 2477 2705 φασι
2501 2636 2602 2701 τὰς
2627 2639 2883 2709 ἀτόμους,
2916 2641 2993 2705 ὡς
3019 2641 3205 2713 ἔτυχεν
3227 2645 3283 2697 ἐν
3314 2644 3396 2715 τῷ
3429 2646 3573 2718 κενῴ
3605 2665 3710 2716 (,7:-
3812 2666 3836 2685 ⁶

2113 2726 2367 2796 ρομένας,
2395 2730 2718 2802 αὐτομάτως
2744 2750 2801 2786 τε
2846 2737 3265 2806 συμπιπτούσας
3301 2738 3560 2811 ἀλλήλαις
3609 2740 3708 2795 διὰ

2113 2819 2290 2891 ῥύμην
2319 2822 2573 2888 ἄτακτον,
2606 2827 2699 2879 καὶ
2728 2827 3182 2903 συμπλεκομένας
3206 2832 3295 2886 διὰ
3322 2833 3385 2886 τὸ
3416 2833 3705 2906 πολὺσχη-

2113 2928 2231 2982 μον,
2263 2913 2510 2984 ἀλλήλων
2544 2916 3032 2990 ἐπιλαμϐάνεσθαι,
3071 2923 3163 2977 καὶ
3193 2922 3335 2978 οὕτω
3365 2924 3456 2978 τόν
3497 2943 3558 2979 τε
3600 2929 3704 2981 κό-

2110 3019 2244 3074 σμον
2269 3005 2363 3058 καὶ
2396 3004 2465 3059 τὰ
2500 3008 2558 3063 ἐν
2589 3008 2758 3080 αὐτῷ,
2793 3011 2993 3080 μᾶλλον
3039 3012 3097 3066 δὲ
3148 3015 3391 3087 κόσμους
3434 3017 3705 3089 ἀπείρους

2107 3096 2407 3152 ἀποτελεῖν.
2432 3099 2649 3173 Ταύτης
2675 3102 2733 3156 δὲ
2752 3103 2854 3174 τῆς
2884 3104 3043 3174 δόξης
3087 3107 3409 3181 Ἐπίκουρος
3436 3110 3703 3179 γεγόνασι.

2108 3188 2202 3242 καὶ
2255 3190 2613 3264 Δημόκριτος.
2685 3196 2951 3252 Τοσοῦτον
3007 3200 3063 3254 δὲ
3095 3201 3457 3276 διεφώνησαν,
3511 3208 3638 3262 ὅσον
3665 3211 3703 3263 ὁ

415 3282 524 3338 que
589 3266 710 3337 ipso
744 3269 1101 3333 continentur
1141 3272 1366 3338 omnia;
1435 3273 1548 3339 imo
1586 3288 1721 3327 vero
1764 3275 2000 3331 mundos

2107 3283 2204 3351 μὲν
2235 3283 2524 3354 ἐλαχίστας
2559 3288 2761 3353 πάσας,
2798 3294 2892 3345 καὶ
2925 3292 3012 3346 διὰ
3035 3266 3203 3349 τοῦτο.
3239 3266 3699 3373 ἀνεπαισθήτους,

413 3361 577 3421 etiam
612 3360 860 3423 inﬁnitos
887 3362 1119 3419 etlicere.
1154 3361 1267 3418 Hac
1301 3365 1356 3418 in
1415 3365 1684 3422 sententia
1729 3365 2000 3436 Epicurus

414 3450 873 3524 Democritusque
895 3454 1096 3512 versati
1125 3463 1255 3508 sunt
1281 3473 1296 3508 :
1327 3454 1433 3510 hoc
1475 3470 1587 3511 uno
1641 3456 1994 3519 discrimine,

414 3547 562 3619 quod
591 3544 862 3617 Epicurus
901 3545 1160 3601 minimas
1195 3562 1386 3603 omnes
1440 3556 1687 3613 atomos,
1750 3564 1998 3619 quasque

413 3646 705 3707 propterea
732 3653 931 3693 sensus
966 3653 1073 3692 non
1110 3638 1434 3708 attingeret,
1476 3637 1822 3695 Democritus
1854 3655 1995 3695 non-

412 3731 593 3787 nullas
623 3730 816 3786 saltem
843 3730 1112 3795 maximas
1136 3746 1259 3787 esse
1287 3731 1466 3787 vellet.
1491 3731 1761 3791 Caeterum
1791 3733 1994 3787 indivi-

411 3823 550 3890 duas
580 3822 703 3877 illas
732 3830 787 3878 et
806 3822 913 3878 dici
968 3831 1023 3893 et
1071 3838 1229 3892 esse,
1284 3832 1511 3893 propter
1560 3824 1993 3885 indissolubilem

409 3928 600 3978 earum
629 3912 983 3975 ﬁrmitatem,
1023 3921 1252 3983 uterque
1280 3911 1461 3967 docet.
1500 3910 1640 3967 Sunt
1677 3923 1878 3981 tamen,
1899 3912 1995 3984 qui

409 4013 719 4078 atomorum
772 4005 995 4060 nomine
1051 4020 1283 4075 corpora
1350 3997 1617 4075 quaedam
1652 4003 2029 4075 intelligunt,,

408 4112 532 4168 quae
565 4098 814 4169 partibus
847 4104 1070 4153 careant
1094 4097 1196 4166 ipsi
1221 4086 1443 4167 quidem
1469 4136 1485 4160 ,
1513 4096 1624 4151 sint
1656 4105 1842 4152 tamen
1868 4096 1990 4150 uni-

407 4190 551 4246 versi
587 4200 805 4261 partes,
838 4207 903 4246 ex
938 4191 1141 4262 quibus
1166 4232 1181 4259 ,
1215 4191 1513 4246 individua:
1544 4206 1669 4246 cum
1706 4193 1837 4259 sint,
1859 4208 1994 4255 con-

406 4282 530 4343 ﬂata
568 4284 810 4357 primum
834 4284 1022 4350 omnia
1047 4324 1062 4346 ,
1093 4285 1147 4338 in
1174 4283 1395 4339 easdem
1430 4299 1653 4355 quoque
1683 4285 1996 4342 dissolvan—

406 4385 515 4451 tur.
557 4377 794 4455 Harum,
831 4388 994 4449 prout
1032 4380 1280 4448 partibus
1311 4387 1531 4445 carent,
1561 4379 1801 4435 nominis
1853 4393 2136 4450 auctorem
2204 4390 2413 4452 faciunt
2478 4399 2769 4458 Diodorum
2808 4423 2820 4458 :
3012 4409 3156 4462 enim
3199 4408 3421 4478 ὄγκους,

405 4472 589 4537 moles,
624 4489 720 4539 seu
748 4473 990 4544 pondera
1022 4472 1339 4531 Heraclides
1370 4475 1631 4537 vocabat,
1667 4475 1989 4533 undeetiam
2031 4474 2387 4557 Asclepiades
2443 4496 2688 4554 medicus
2747 4516 2945 4556 nomen
3008 4505 3229 4559 invenit.

2104 3372 2213 3465 όδὲ
2277 3376 2618 3451 Δημόκριτος
2649 3383 2740 3435 καὶ
2775 3384 3038 3453 μεγίστας
3066 3382 3205 3441 εἷναί
3262 3408 3418 3455 τινας
3456 3393 3701 3465 ἀτόμους

2095 3464 2393 3521 ὑπέλαϐεν.
2443 3470 2707 3542 Ἀτόμους
2728 3473 2785 3527 δὲ
2814 3470 2954 3528 εἷναί
3005 3495 3170 3547 φασιν
3204 3481 3505 3555 ἀμφότεροι
3530 3464 3569 3549 ,⁷
3600 3486 3701 3539 καὶ

2103 3557 2358 3629 λέγεσθαι
2389 3562 2478 3618 διὰ
2500 3564 2601 3637 τὴν
2625 3565 2818 3621 ἄλυτον
2858 3571 3208 3644 στερρότητα.
3236 3574 3300 3627 Οἱ
3332 3573 3409 3639 δὲ,
3440 3575 3541 3638 τὰς
3565 3577 3696 3630 ἀτόοο

2104 3667 2239 3722 μους
2267 3654 2365 3723 μὲν
2392 3656 2776 3727 ὀνομάσαντες,
2812 3661 2993 3735 ἀμερῆ
3040 3681 3203 3733 φασιν
3256 3662 3393 3720 εἶναι
3433 3667 3687 3739 σώματα,

2099 3742 2195 3795 τοῦ
2228 3747 2429 3812 παντὸς
2458 3749 2620 3822 μέρη,
2647 3751 2705 3818 ἐξ
2736 3745 2812 3806 ὧν
2836 3753 3155 3828 ἀδιαιρέτων
3180 3758 3349 3813 ὄντων
3380 3759 3689 3816 συντίθεται

2100 3833 2167 3888 τὰ
2197 3837 2398 3902 πάντα,
2429 3843 2523 3894 καὶ
2551 3844 2632 3906 εἰς
2657 3843 2693 3898 ἀ
2721 3844 3019 3902 διαλύεται.
3048 3850 3156 3903 Καὶ
3186 3852 3395 3906 τούτων
3424 3854 3557 3923 φασὶ
3577 3855 3692 3909 τῶν

2097 3928 2320 4001 ἀμερῶν
2341 3934 2729 4006 ὀνοματοποιὸν
2756 3941 3018 4011 Διόδωρον
3040 3924 3322 4011 γείγονέναι
3347 3964 3362 3980 ο
3408 3948 3579 4020 ὄνομα
3604 3949 3686 4011 δὲ,

2099 4023 2284 4087 φασὶν,
2317 4025 2501 4092 αὐτοῖς
2531 4028 2659 4084 ἄλλο
2704 4032 3060 4106 Ἡρακλείδης
3108 4036 3332 4109 θέμενος
3357 4082 3370 4106 ,
3423 4040 3686 4095 ἐκάλεσεν

2097 4111 2334 4206 ὄγκους,
2371 4123 2501 4191 παρ’
2524 4116 2585 4176 οὗ
2608 4125 2703 4178 καὶ
2741 4127 3139 4200 ’Δσκληπιάδης
3183 4133 3212 4185 ό
3242 4133 3425 4204 ἰατρὸς
3459 4134 3685 4206 ἐκληροο

2102 4204 2305 4275 νόμησε
2340 4210 2400 4263 τὸ
2422 4211 2613 4285 ὄνομα.
2672 4237 2689 4267 ι
2723 4218 2889 4272 Ταῦτ’
2925 4221 3093 4275 εἰπὼν
3118 4263 3133 4286 ,
3165 4222 3292 4295 ἑξῆς
3328 4204 3688 4291 ἀνασκευάζει

2101 4295 2164 4348 τὸ
2194 4296 2372 4371 δόγμα
2393 4302 2480 4358 διὰ
2510 4308 2741 4377 πολλῶν,
2777 4312 2918 4385 ἀτὰρ
2954 4315 3045 4367 καὶ
3078 4314 3165 4368 διὰ
3193 4315 3418 4371 τούτων.

3472 4411 3576 4465 hoc
3597 4421 3687 4468 est

3268 4524 3287 4557 ι
3324 4505 3451 4563 Haec
3489 4506 3689 4577 prmia-

406 4577 495 4625 tus
528 4570 717 4627 multis
751 4570 1011 4639 deinceps
1039 4569 1146 4623 hoc
1185 4571 1381 4639 dogma
1412 4570 1693 4635 confutat,
1750 4572 1999 4644 interque
2039 4591 2265 4653 Caetera,
2303 4591 2484 4645 verhis
2513 4609 2634 4663 qum
2663 4606 2989 4665 sequuntur.

965 4660 1196 4717 CAPUT
1231 4662 1423 4717 xxw.
1706 4680 1722 4701 ο
2025 4675 2067 4729 υ

401 4774 596 4837 Rerum
638 4776 776 4830 inter
797 4776 1032 4833 homines
1072 4776 1371 4848 vulgarium
1410 4776 1689 4848 exemplis,
1731 4776 1985 4848 Epicure-

679 4863 829 4900 orum
857 4854 1049 4917 dogma
1085 4846 1368 4915 refellitur.
1398 4846 1480 4900 Ex
1508 4848 1710 4902 eodem.

475 4960 494 4993 ι
519 4940 623 5007 Qui
656 4942 873 4996 tandem
907 4941 1161 4997 homines
1180 4941 1316 4997 istos
1350 4939 1591 4997 feramus
1612 4982 1626 5007 ,
1661 4942 1790 4997 dum
1820 4960 1984 5014 opera

397 5030 678 5101 sapientiae
724 5030 882 5100 plena
904 5071 919 5094 ,
961 5045 1142 5100 eoque
1170 5031 1288 5103 ipso
1315 5031 1460 5091 bona
1480 5070 1494 5093 ,
1530 5047 1661 5087 casu
1693 5031 1835 5091 facta
1862 5051 1985 5090 esse

395 5123 626 5177 dicunt?
647 5137 769 5192 qum
798 5131 854 5177 et
887 5123 1101 5194 singula
1130 5123 1389 5191 seorsim,
1421 5133 1475 5179 et
1506 5123 1671 5179 simul
1701 5126 1980 5189 universa,

394 5218 443 5269 ei
475 5217 636 5288 cujus
655 5218 840 5273 omnia
895 5217 1058 5287 jussu
1088 5218 1446 5282 exstiterant,
1480 5218 1625 5283 bona
1672 5220 1783 5274 sint
1835 5219 1976 5275 visa.

400 5329 419 5361 ι
464 5308 802 5371 Viditenim,
831 5311 1040 5380 inquit,
1082 5311 1223 5371 Deus
1244 5323 1439 5367 cuncta
1480 5328 1601 5383 qua:
1652 5311 1850 5381 fecerat
1887 5322 1998 5367 :ct-

392 5416 521 5455 ecce
543 5400 687 5467 bona
714 5400 871 5456 valde
909 5402 950 5458 ‘.
998 5421 1016 5454 ι
1044 5401 1370 5473 Quanquam
1411 5418 1481 5456 ne
1518 5401 1716 5472 pusilla
1756 5401 1977 5472 quidem

465 5513 480 5543 ι
514 5510 648 5581 uel].
683 5530 733 5581 ι,
764 5513 856 5569 δι.

466 5625 577 5699 (20)
632 5633 973 5686 Διονυσίου.
1035 5631 1470 5687 Pulcherrimum
1530 5632 1635 5687 hoc
1683 5631 1739 5686 S.
1804 5630 1978 5685 Putris

395 5697 780 5772 fragmentum,
813 5702 1053 5769 quodad
1091 5704 1212 5758 libri
1257 5704 1418 5772 hujus
1453 5720 1538 5757 xw
1577 5706 1738 5757 linem
1781 5701 1976 5770 perdu-

396 5769 557 5833 citur,
620 5768 942 5841 Eusebianm
986 5774 1280 5837 diligentiu‘
1328 5768 1646 5833 beneﬁcium
1700 5768 1814 5837 est,
1868 5788 1977 5841 ινιτ)

2603 4689 3003 4744 ΚΕΦΑΛΛΙΟΝ
3043 4693 3171 4747 KA'.

2109 4798 2242 4853 Ἀπὸ
2281 4800 2398 4855 τῶν
2425 4803 2497 4855 ἐν
2524 4804 2857 4895 ἀνθρώποις
2892 4808 3364 4890 ὑποδειγμάτων.
3404 4813 3548 4868 Ἀπὸ
3578 4816 3686 4869 τοῦ

2786 4894 2997 4933 αυτου.

2172 4982 2188 5011 ι
2222 4960 2347 5026 Πῶς
2379 4963 2559 5017 αὐτῶν
2585 4965 2971 5039 ἁνασχώμεθα,
3010 4973 3222 5043 τυχηρὰ
3245 4972 3515 5044 λεγόντων
3546 4973 3684 5031 εἶναι

2094 5050 2477 5124 συμπτώματα
2530 5054 2599 5109 τὰ
2633 5057 2792 5127 σοφὰ,
2825 5061 2917 5113 καὶ
2955 5061 3044 5115 διὰ
3086 5063 3245 5118 τοῦτο
3282 5066 3352 5119 τὰ
3399 5067 3543 5120 καλά
3589 5069 3685 5140 δη-

2093 5147 2517 5216 μιουργήματας
2547 5142 2623 5202 ὧν
2654 5150 2888 5205 ἕκαστόν
2920 5170 2980 5206 τε
3010 5155 3130 5209 καθ’
3161 5156 3320 5209 ἑαυτὸ
3362 5158 3681 5229 γενόμενον,

2087 5234 2241 5308 ὤφθη
2273 5236 2351 5308 τῷ
2373 5241 2737 5310 προστάξαντι
2756 5244 3013 5311 γενέσθαι
3042 5247 3226 5301 καλὸν.
3250 5249 3345 5302 καὶ
3378 5250 3683 5323 συλλήϐδην

2085 5331 2287 5399 ὁμοίιος
2350 5332 2585 5389 ἅπαντα.
2637 5357 2653 5387 ι
2719 5335 2840 5393 Εἶδε
2870 5339 2999 5412 γὰρ,
3060 5343 3245 5414 φησὶν,
3316 5345 3345 5396 ὁ
3392 5343 3555 5409 Θεὸς,
3608 5346 3681 5398 τά

2088 5424 2264 5478 πάντα
2295 5426 2398 5481 ὅσα
2431 5429 2656 5501 ἐποίησε
2676 5448 2687 5460 ·
2720 5433 2816 5487 καὶ
2846 5434 2957 5489 ἰδοὺ
2988 5434 3130 5489 καλὰ
3156 5436 3296 5491 λίαν.
3323 5455 3344 5490 s
3388 5436 3526 5490 Ἀλλ’
3553 5438 3679 5493 οὐδὲ

2088 5629 2314 5711 alioqui,
2348 5640 2542 5699 praeter
2572 5632 2677 5685 alia
2710 5633 2971 5705 pleraque
3000 5636 3389 5706 sapientissimi
3424 5638 3529 5694 viri
3552 5652 3674 5696 Im-

2089 5710 2351 5768 nimenta,
2395 5717 2729 5759 careremus.
