4090 6382
556 243 692 303 1275

1193 261 1464 322 EUSEBII
1504 268 1983 336 CESARIENSIS
2020 282 2170 339 OPP.
2212 286 2392 346 PARS
2432 291 2495 348 ll.
2535 294 2615 334 -ι’
2648 293 3145 358 APOLOGETICA.

3685 314 3833 369 1276

555 364 959 437 eleSantissima
985 417 1001 442 ,
1036 393 1159 450 quae
1194 385 1312 442 suis
1345 404 1413 442 ex
1466 395 1667 450 atomis
1710 410 1965 456 contexta
2015 418 2137 461 esse
2198 408 2423 475 dicunt,
2464 414 2593 468 dum
2622 416 2691 470 ab
2726 418 2916 474 iisdem
2956 422 3075 479 sine
3105 424 3339 481 consilio
3394 428 3476 483 ac‘
3506 430 3625 487 sine
3654 434 3843 490 sensu'

555 461 789 490 ,ιη-1⁵η-.-
825 485 935 490 ,---
978 488 990 490 -
1022 472 1035 490 ι
1058 474 1072 490 ι
1161 486 1171 490 -
1322 480 1334 490 .
1512 486 1523 490 -

2244 461 2423 475 ,-__--,
2468 461 2593 468 --.η
2622 461 2689 470 ...ι
2726 461 2916 474 ...η-ν...
2956 461 3075 479 an“,
3105 461 3339 481 υυιισιιιυ
3394 461 3456 483 συ
3506 461 3624 487 alllc
3654 461 3826 490 δυυξιι

555 461 793 533 perfecta
818 485 941 529 esse
970 472 1213 542 addunt,
1242 480 1367 550 quis
1398 486 1616 542 tandem
1645 504 1742 546 eos
1773 490 1945 562 ferat,
2003 499 2301 571 indigestas
2370 522 2435 559 ac
2497 510 2662 565 rudes
2713 517 2943 583 atomos]
2977 516 3363 587 obtrudentes,
3405 540 3545 595 quos
3586 542 3829 587 araneus

555 558 817 595 agninnlin
879 565 1036 595 Inv-nn
1097 582 1312 595 --ι-Α-ιι
1387 592 1497 595 ιαμ
1769 586 1820 595 ·““
1883 589 1896 595 “

552 558 820 629 sapientia
878 565 1038 640 longe
1094 582 1507 642 supcret,cum
1556 595 1717 638 suum

1116 682 1348 741 CAPUT
1401 688 1571 747 XXV.

552 760 704 819 Idem
760 783 827 822 ex
862 772 1093 828 universi
1136 777 1412 835 molitione
1472 785 1774 855 conficitur.
1808 789 1895 848 Ea:
1931 794 2132 852 eodem.

627 941 646 976 ι
677 923 812 992 Quis
859 930 1033 1000 requis
1091 949 1258 1004 porro
1317 939 1545 997 auribus
1575 944 1803 1013 audiat,
1861 949 2133 1022 ingentem

550 1015 695 1073 hanc
720 1018 942 1076 domum
965 1061 981 1085 ,
1030 1039 1096 1079 ex
1133 1028 1277 1083 coelo
1321 1039 1580 1105 terraque
1615 1049 1994 1114 constantem,
2039 1051 2132 1119 qui

550 1116 771 1179 propter
810 1114 1107 1172 maximam
1134 1119 1281 1175 illam
1316 1132 1371 1178 et
1401 1127 1755 1200 multiplicem
1785 1176 1801 1197 ,
1842 1152 1964 1207 quze
2004 1114 2134 1197 huic

550 1200 784 1270 insidet,
814 1206 1094 1276 sapientiae
1138 1212 1286 1280 vim,
1334 1219 1572 1277 mundus
1609 1200 1877 1294 vocatur,
1909 1232 1978 1286 ab
2022 1243 2135 1289 ato-

548 1293 654 1350 mis
680 1312 802 1365 qum
825 1300 975 1356 nullo
1012 1303 1173 1376 7⁵15
1213 1306 1463 1365 ferantur
1488 1315 1714 1385 ordine,
1747 1293 1996 1380 ordinem
2044 1336 2131 1382 at-

547 1400 654 1453 que
676 1398 928 1445 ornatum
957 1408 1173 1451 omnem
1200 1402 1478 1471 accepisse
1499 1447 1515 1471 ,
1575 1423 1638 1464 ac
1667 1413 2128 1478 perturbationum:

551 1474 723 1542 ipsam
747 1478 801 1533 in
836 1483 1100 1540 mundum
1131 1502 1253 1544 esse
1279 1497 1588 1549 mutatam?
1626 1497 1765 1564 Quis
1811 1512 1982 1560 statos
2010 1508 2132 1564 illos

547 1577 732 1624 motus
756 1580 923 1643 atque
952 1580 1344 1637 conversiones
1368 1625 1383 1644 .
1420 1600 1488 1641 ex
1528 1588 1861 1649 inconstanti
1892 1598 2128 1666 quodam

547 1660 751 1732 impetu
795 1666 1112 1736 proﬁcisci?
1162 1671 1296 1740 Quis
1346 1678 1654 1737 absolutam
1712 1701 1894 1742 rerum
1938 1691 2132 1746 coales-

546 1751 682 1807 tium
708 1754 1050 1815 harmoniam
1072 1802 1087 1829 ,
1112 1778 1179 1818 ex
1212 1764 1505 1827 inconditis
1545 1781 1600 1827 et
1630 1773 1980 1835 inconcinnis
2018 1784 2129 1838 ins—

545 1846 837 1906 trumentis
866 1855 1204 1922 temperari?
1257 1856 1545 1925 Quomodo
1588 1876 1769 1923 autem
1793 1911 1810 1934 ,
1860 1888 1968 1928 una
2003 1889 2128 1930 cum

544 1939 791 1995 omnium
817 1947 1055 2001 essentia
1078 1949 1149 2004 sit
1173 1951 1719 2030 iucorruptibilisque
1740 1973 1957 2030 natura,
1989 1969 2127 2034 solo,

1766 586 1897 644 illud
1930 606 2069 662 opus
2098 611 2128 649 a
2167 610 2359 668 suapte
2396 600 2663 657 industria
2694 605 2983 661 conﬁciat?
3022 628 3040 661 ο

2163 693 2212 748 Α

2742 717 3135 776 ΚΕΦΑΛΑῘΟΝ
3172 723 3299 777 KE'.

2284 800 2427 856 Ἀπύ
2480 802 2588 871 τῆς
2634 805 2745 859 τοῦ
2783 811 3011 900 παντὸς
3064 814 3441 894 συστάσεως.
3496 819 3640 879 Ἀπὸ
3674 839 3790 878 του

2924 898 3144 952 auram,

2313 978 2332 1011 ι
2366 962 2436 1013 Ἢ
2459 961 2550 1016 τὸν
2581 965 2754 1036 μέγαν
2798 968 2912 1040 (25)
2942 970 3128 1026 τοῦτον
3164 969 3310 1029 οἷκον
3348 976 3439 1032 τὸν
3482 978 3542 1046 ἐξ
3584 982 3823 1054 οὐρανοῦ

2236 1052 2329 1106 καὶ
2360 1052 2465 1124 γῆς
2489 1058 2817 1119 συνεστῶτα,
2848 1062 2942 1114 καὶ
2973 1063 3062 1119 διὰ
3089 1065 3150 1119 τὸ
3199 1068 3427 1139 μέγεθος
3478 1073 3573 1125 καὶ
3612 1052 3826 1146 πλῆθος

2235 1142 2337 1212 τῆς
2369 1146 2769 1220 ἐπιφερομένης
2798 1151 2948 1223 αὐτῷ
2986 1155 3177 1223 σοφίας
3200 1158 3555 1231 ,καλούμενον
3588 1142 3820 1236 κόσμον,

2238 1231 2341 1283 ὐπὸ
2361 1232 2473 1285 τῶν
2505 1236 2602 1288 σὺν
2633 1237 2809 1292 οὐδενὶ
2842 1240 3031 1312 κόσμῳ
3061 1248 3375 1317 φερομένων
3407 1251 3624 1322 ἀτόμων
3652 1231 3823 1311 κεκοέ

2239 1324 2497 1394 σμῆσθαι,
2539 1328 2634 1381 καὶ
2672 1332 2951 1400 γεγονέναι
2982 1335 3183 1406 κόσμον
3234 1340 3531 1412 ἀκοσμίαν;
3581 1346 3707 1412 Πῶς
3766 1348 3823 1404 δὲ

2236 1417 2478 1488 κινήσεις
2499 1420 2593 1473 καὶ
2617 1421 2770 1487 ὁδοὺς
2802 1426 3100 1492 εὐτάκτους
3149 1431 3208 1497 ἐξ
3256 1434 3493 1489 ἀτάκτου
3547 1440 3824 1510 προσάγε-

2235 1506 2358 1560 σθαι
2393 1512 2600 1581 φορᾶς;
2644 1513 2771 1578 Πῶς
2794 1515 2973 1589 δὲτὴν
3005 1523 3369 1593 παναρμόνιον
3395 1527 3503 1581 τῶν
3548 1530 3822 1603 οὐρανίων

2233 1602 2451 1671 χορείαν
2481 1602 2540 1667 ἐξ
2567 1605 2823 1675 ἀμούσων
2845 1611 2939 1664 καὶ
2966 1613 3324 1685 ἀναρμόστων
3367 1602 3623 1693 συνᾴδειν
3650 1626 3822 1696 ὀργά-

2233 1710 2374 1752 νων;
2406 1696 2537 1749 Τίνα
2567 1698 2870 1770 δὲτρόπον,
2924 1705 3052 1774 μιᾶς
3104 1706 3272 1780 οὐσης
3332 1713 3426 1765 καὶ
3490 1715 3590 1787 τῆς
3648 1719 3821 1791 αὐτῆς

2234 1784 2462 1839 ἁπασῶν
2492 1789 2701 1857 οὐσίας,
2760 1795 2853 1847 καὶ
2900 1796 2998 1867 τῆς
3026 1798 3197 1869 αὐτῆς
3253 1802 3534 1876 ἀφθάρτου
3576 1808 3817 1877 φύσεως,

2234 1877 2372 1948 πλὴν
2404 1879 2512 1932 τῶν
2545 1882 2815 1951 μεγέθων,
2849 1885 2925 1950 ὥς
2954 1900 3109 1957 φασι,
3137 1894 3230 1945 καὶ
3261 1893 3368 1947 τῶν
3397 1898 3714 1969 σχημάτων,
3751 1902 3819 1955 τά

2238 1969 2335 2040 μέν
2366 1972 2483 2024 ἐστι
2520 1973 2660 2035 θεῖα,
2703 1977 2796 2029 καὶ
2846 1977 3131 2050 ἀκήρατα,
3182 1985 3277 2037 καὶ
3301 1987 3510 2052 αἰώνια,
3556 1990 3632 2054 ὡς
3667 1993 3819 2048 αὐτοὶ

547 2041 606 2085 ut
636 2032 831 2098 aiunt,
871 2040 1308 2109 magnitudinum
1350 2045 1761 2122 ﬁgurarumque
1809 2058 2114 2114 discriminc

2239 2032 2250 2040 _
2651 2032 2657 2035 .
2942 2032 2971 2050 ,ι
3002 2032 3011 2034 τ
3047 2032 3094 2034 κν
3119 2032 3131 2045 ν
3184 2032 3276 2037 --ν-
3302 2032 3510 2052 --η--ηη
3558 2032 3630 2054 “'3
3667 2032 3732 2045 *υ
3750 2032 3819 2048 σν·

2231 2062 2460 2132 φήσαιεν
2485 2061 2571 2128 ἂν,
2615 2064 2860 2137 σώματα,
2898 2071 2930 2141 ἢ
2970 2075 3296 2145 μακραίωνά
3325 2096 3389 2146 γε
3423 2081 3564 2135 κατὰ
3599 2083 3693 2137 τὸν
3727 2085 3819 2137 οὖ-

542 2137 836 2194 corporum
867 2134 1081 2199 tamen,
1136 2135 1244 2191 alia
1293 2141 1580 2207 quaedam,
1638 2154 1696 2200 ut
1749 2147 1852 2217 ipsi
1895 2164 2123 2220 vocant,

542 2214 725 2273 divina
782 2230 944 2289 sunt,
981 2222 1109 2281 fatis
1140 2231 1427 2299 superiora
1454 2275 1469 2299 ,
1520 2246 1574 2290 et
1610 2242 1939 2310 sempiterna
1969 2286 1984 2309 ,
2045 2249 2125 2302 vel

541 2308 641 2363 aevi
670 2310 901 2383 saltem,
932 2326 991 2373 ut
1015 2334 1291 2377 nonnemo
1326 2325 1474 2397 loqui
1525 2331 1716 2386 maluit
1743 2376 1759 2396 ,
1811 2335 2075 2408 longioris
2107 2361 2120 2396 :

539 2415 714 2472 eaque
745 2408 945 2474 partim
1016 2412 1138 2468 visu
1209 2418 1620 2488 percipiuntur,
1678 2434 1737 2479 ut
1796 2429 1907 2493 sol,
1960 2430 2123 2496 luna,

540 2494 741 2564 stellae,
777 2506 919 2556 terra
954 2511 1009 2558 et
1045 2521 1184 2578 aqua
1219 2526 1233 2573 ;
1289 2512 1485 2580 partim
1521 2529 1744 2571 sensum
1792 2519 2037 2592 fugiunt,
2062 2494 2125 2581 ut

538 2586 654 2656 dii,
707 2590 984 2652 daemones
1024 2606 1079 2653 et
1108 2600 1321 2657 animi?
1365 2603 1490 2661 llaec
1525 2611 1669 2663 enim
1699 2626 1852 2680 esse,
1904 2628 1962 2670 ut
2004 2633 2122 2672 ma-

538 2681 684 2739 xime
721 2686 923 2753 velint,
981 2707 1180 2764 negare
1229 2712 1339 2752 non
1379 2710 1630 2768 possunt.
1669 2704 1790 2760 Alia
1850 2708 2121 2767 diuturnae

538 2773 833 2834 admodum
871 2781 1028 2852 vitae,
1057 2786 1171 2842 sive
1215 2790 1575 2849 animantium
1604 2838 1619 2863 ,
1663 2798 1778 2852 sive
1810 2800 2119 2869 plantarum

484 2870 491 2876 '
535 2881 605 2923 ex
632 2885 857 2941 genere;
892 2878 1291 2948 animantium,
1327 2896 1388 2941 ut
1429 2903 1559 2944 aves
1618 2891 1784 2957 inter,
1820 2894 1967 2964 quod
2016 2896 2119 2965 ipsi

536 2958 826 3031 dictitant,
858 2969 1085 3038 aquilae,
1120 2975 1270 3029 corvi
1328 2985 1493 3048 atque
1537 2958 1885 3049 phoenicem:
1933 3002 1963 3039 e
2012 2958 2120 3040 ter—

538 3055 807 3112 restribus
862 3062 1043 3125 cervi,
1082 3065 1398 3136 elephantes
1452 3088 1517 3127 ac
1567 3068 1868 3143 dracones,
1898 3093 1928 3132 e
1954 3079 2120 3149 pisci-

536 3141 672 3213 bus,
707 3162 830 3216 qua:
863 3160 981 3207 cete
1010 3154 1271 3212 dicuntur
1313 3178 1326 3212 :
1360 3162 1673 3229 plantarum
1704 3141 1861 3234 vero,
1886 3141 1969 3224 ιιι.
2004 3173 2118 3241 pal-

532 3248 672 3300 mae,
709 3253 946 3306 quercus
984 3253 1039 3298 et
1088 3261 1313 3316 perseze.
1344 3250 1588 3315 Quarum
1637 3257 1801 3312 etiam
1843 3263 2117 3318 nonnulla:

536 3337 854 3397 perpetuam
911 3335 1147 3392 retinent
1194 3339 1565 3411 viriditatem,
1615 3348 1925 3418 cujusmodi
1979 3370 2117 3424 qua-

535 3419 841 3477 tuordecim
872 3439 905 3480 a
932 3428 1192 3497 quopiam
1229 3448 1592 3492 numerantur
1624 3457 1637 3493 :
1674 3441 1794 3496 aliae
1837 3454 1988 3500 certo
2017 3446 2116 3501 ﬂo-

534 3521 657 3569 rent
677 3521 939 3586 tempore,
957 3531 1106 3577 certo
1128 3539 1348 3596 quoque
1372 3526 1658 3588 frondibus
1680 3546 1976 3592 exuuntur.
1996 3540 2115 3596 Alia

531 3604 802 3676 denique,
831 3626 897 3664 ac
946 3614 1120 3669 multo
1152 3631 1288 3673 sane
1340 3622 1578 3691 plurima
1602 3664 1618 3691 ,
1654 3627 1769 3683 sive
1815 3643 2115 3688 nascantur

528 3710 565 3751 ε
596 3704 737 3752 terra
757 3739 773 3763 ,
805 3701 921 3757 sive
948 3703 1272 3775 gignantur,
1327 3711 1690 3783 iniquissimis
1735 3718 1832 3775 fati
1884 3722 2115 3796 vitaeque

530 3787 868 3847 brevissimae
889 3798 1178 3867 angustiis.
1202 3801 1561 3862 includuntur
1594 3831 1605 3864 :
1635 3827 1665 3866 e
1704 3814 1908 3882 quibus
1946 3787 2111 3874 homo

527 3887 694 3943 etiam
722 3888 838 3961 ipse
856 3904 973 3960 est,
1008 3904 1068 3951 ut
1122 3899 1324 3956 alicubi
1373 3904 1554 3962 divina
1588 3909 1655 3965 de
1695 3911 1786 3967 illo
1831 3912 2110 3987 Scriptura

528 3978 813 4050 loquitur,
863 3984 991 4040 dum
1050 3988 1166 4057 ait,
1206 4010 1224 4042 ι
1277 3991 1520 4053 Mortalis
1571 4011 1788 4071 autem,
1826 3978 1988 4064 natus
2046 4013 2112 4065 de

531 4072 791 4141 muliere,
828 4075 980 4133 brevi
1008 4083 1197 4138 vivens
1232 4095 1473 4158 tempore
1513 4092 1553 4147 ί.
1599 4112 1617 4145 ι
1658 4094 1945 4166 Diversus,
1993 4105 2109 4173 opi-

529 4177 667 4229 nor,
697 4174 1006 4224 atomorum
1034 4187 1241 4241 nexus,
1271 4186 1434 4234 tantae
1463 4180 1628 4252 hujus
1661 4184 1713 4240 in
1766 4190 2109 4257 persistendo

524 4254 844 4316 differentiae
896 4277 1095 4320 causas
1144 4283 1269 4324 esse
1317 4277 1746 4343 respondebunt.
1781 4282 1903 4337 Alia
1959 4287 2104 4342 enim

526 4340 811 4413 videlicet,
870 4350 1116 4419 pressius
1168 4355 1237 4409 ab
1292 4356 1361 4412 iis
1410 4340 1727 4434 arctiusque
1775 4370 2101 4441 constringi,

521 4448 645 4503 quae
684 4435 915 4505 proinde
940 4440 1019 4496 uti
1042 4441 1319 4512 densiora,
1344 4449 1424 4505 sic
1456 4452 1524 4507 ad
1542 4454 1952 4514 dissolvendum
1982 4435 2106 4516 lovu;

522 4541 586 4596 ge
609 4526 924 4587 difﬁcillima
964 4533 1075 4590 sint
1105 4553 1119 4592 :
1148 4538 1253 4594 alia
1283 4557 1445 4609 vero,
1496 4548 1642 4615 quod
1681 4548 1873 4606 laxiori
1900 4568 1964 4608 ac
2008 4571 2101 4610 so-

519 4616 702 4673 lutiori
728 4629 1036 4679 atomorum
1071 4628 1418 4701 colligatione
1468 4634 1719 4694 devineta
1760 4641 1902 4706 sint,
1938 4651 2102 4716 atque

2228 2167 2336 2214 τως
2369 2153 2732 2225 ὀνομάσαντα,
2765 2160 3069 2232 φαινόμενά
3105 2182 3165 2218 τε
3202 2168 3295 2221 καὶ
3351 2170 3534 2242 ἀφανῆ
3556 2190 3570 2202 ·
3627 2177 3818 2244 φαινό-

2231 2261 2368 2314 μενα
2424 2247 2543 2316 μὲν,
2603 2248 2775 2319 ἥλιος,
2805 2253 2900 2305 καὶ
2933 2253 3154 2327 σελήνη,
3213 2260 3307 2311 καὶ
3345 2262 3592 2333 ἀστέρες,
3630 2264 3702 2335 γῆ
3734 2284 3814 2332 τε,

2228 2338 2320 2389 καί
2343 2336 2488 2411 ὕδωρ
2506 2356 2519 2370 ·
2544 2341 2730 2413 ἀφανῆ
2763 2342 2821 2397 δὲ
2849 2343 2961 2405 θεοί
2988 2364 3048 2400 τε
3083 2349 3177 2401 καὶ
3197 2350 3470 2423 δαίμονες,
3500 2358 3593 2409 καὶ
3622 2357 3812 2429 dulei;

2227 2430 2412 2484 Ταῦτα
2441 2433 2550 2506 γάρ
2582 2434 2704 2488 οὐδὲ
2738 2435 2985 2503 θέλοντες
3026 2442 3294 2514 ὑπάρχειν
3337 2448 3681 2518 ἀρνήσασθαι
3723 2452 3816 2505 δύ-

2226 2539 2433 2576 νανται.
2463 2524 2543 2579 Τὰ
2569 2526 2627 2579 δὲ
2660 2529 3082 2601 μακροϐιώτατα
3115 2534 3230 2599 ζῶά
3259 2554 3318 2591 τε
3349 2539 3440 2593 καὶ
3466 2542 3640 2610 φυτά·
3698 2544 3812 2609 ζῶα

2230 2608 2325 2677 μὲν
2357 2608 2412 2663 ἓν
2449 2629 2505 2664 τε
2539 2612 2768 2685 ὄρνισιν,
2811 2617 2885 2682 ὥς
2913 2636 3100 2688 φασιν,
3129 2625 3299 2690 ἀετοὶ,
3345 2628 3580 2702 κόρακές
3608 2650 3669 2686 τε
3718 2638 3813 2689 καὶ

2225 2700 2463 2768 φοίνικες
2483 2722 2495 2733 ·
2531 2704 2587 2760 ἓν
2618 2724 2677 2759 τε
2707 2711 2985 2780 χερσαίοις
3013 2714 3202 2783 ἐλαφοί
3226 2735 3305 2781 τε,
3364 2723 3455 2775 καὶ
3495 2723 3808 2793 ἐλεφάντες,

2223 2791 2318 2845 καὶ
2342 2792 2633 2864 δράκοντες
2656 2814 2670 2828 ·
2702 2801 2760 2853 ἐν
2793 2801 2849 2854 δὲ
2876 2807 2988 2868 τοῖς
3019 2806 3262 2878 ἐνύδροις
3287 2810 3356 2863 τὰ
3395 2813 3557 2886 κήτη.
3599 2791 3811 2889 Ᾰένδρα

2221 2885 2276 2937 δὲ
2302 2886 2561 2955 φοίνικες,
2592 2891 2688 2944 καὶ
2715 2891 2894 2963 δρύες,
2923 2897 3016 2950 καὶ
3049 2901 3309 2972 περσέαιο
3340 2903 3435 2956 καὶ
3460 2885 3569 2959 τῶν
3598 2925 3664 2977 γε
3688 2885 3809 2963 δέν-

2219 2976 2361 3048 δρων
2384 2978 2453 3031 τὰ
2484 2980 2582 3050 μέν
2617 2983 2765 3037 ἐστιν
2790 2986 3034 3060 ἀειθαλῆ,
3059 2989 3095 3043 ἆ
3130 2992 3224 3045 καὶ
3249 2996 3672 3069 καταριθμήσας
3721 3019 3810 3066 τις

2220 3065 2373 3122 εἶπεν
2401 3067 2539 3124 εἷναι
2557 3078 3025 3148 τεσσαρακαίδεκα
3043 3098 3057 3110 ο
3075 3081 3144 3135 τὰ
3171 3084 3227 3137 δὲ
3246 3087 3382 3158 πρὸς
3411 3090 3601 3162 καιρὸν
3630 3094 3805 3160 ἀνθεῖ,

2220 3162 2313 3213 καὶ
2350 3162 2697 3236 φυλλορροείο
2738 3170 2807 3222 τά
2832 3169 2890 3222 δὲ
2922 3171 3149 3228 πλεῖστα
3174 3176 3284 3231 τῶν
3307 3196 3365 3232 τε
3396 3184 3682 3254 φυομένων
3710 3190 3806 3242 καὶ

2217 3257 2570 3325 γεννωμένων
2588 3261 2734 3313 ἐστὶν
2755 3262 3019 3338 ὠκύμορα
3036 3268 3127 3322 καὶ
3147 3268 3473 3345 βραχυτελῆ,
3486 3268 3560 3329 ὧν
3576 3279 3693 3334 ἐστι
3711 3284 3805 3335 καὶ

2217 3347 2247 3397 ό
2279 3346 2587 3418 ἄνθρωπος,
2615 3350 2691 3416 ὡς
2739 3348 2861 3407 εἶπέ
2894 3373 2981 3421 τις
3012 3359 3143 3427 ἁγία
3198 3365 3327 3435 περὶ
3382 3367 3548 3424 αὐτοῦ
3581 3376 3799 3446 γραφή’

2227 3456 2244 3487 ι
2270 3438 2467 3511 Βροτρς
2489 3441 2546 3495 δὲ
2574 3447 2832 3520 γεννητὸς
2845 3452 3122 3519 γυναικὸς,
3153 3454 3472 3524 ὀλιγόὸιος.»
3680 3438 3804 3533 τούς

2221 3531 2548 3604 συνδέσμους
2580 3537 2806 3608 φήσουσι
2845 3540 2954 3595 τῶν
2986 3544 3204 3616 ἀτόμων
3235 3548 3683 3622 διαλλάττοντας,
3721 3531 3804 3614 αἰέ-

2215 3621 2363 3687 τίους
2388 3626 2631 3693 γίνεσθαι
2653 3629 2754 3700 τῆς
2781 3635 2908 3703 περὶ
2938 3635 3036 3707 τὴν
3056 3636 3315 3712 διαμονὴν
3340 3643 3637 3717 διαφθορᾶς
3666 3653 3799 3725 (26).

2217 3714 2297 3768 Τὰ
2330 3716 2427 3787 μὲν
2458 3718 2566 3792 γὰρ
2592 3721 2683 3774 ὐπ’
2712 3724 2893 3777 αὐτῶν
2922 3730 3313 3787 πεπυκνῶσθαι
3356 3738 3451 3790 καὶ
3496 3747 3796 3815 κατεσψίγ-

2216 3806 2339 3876 χθαι
2365 3808 2602 3879 λέγεται,
2634 3813 2710 3878 ὼς
2739 3810 2911 3872 ταῦτα
2941 3822 3220 3888 παντελῶς
3262 3826 3683 3887 δυσαπάλλακτα
3708 3852 3800 3904 γε·

2214 3900 2426 3966 γονέναι
2462 3904 2745 3978 πιλήματα
2770 3927 2786 3941 ·
2822 3910 2892 3965 τά
2944 3912 3001 3967 δὲ
3045 3919 3365 3993 μανωτέραν
3415 3925 3507 3977 καὶ
3547 3900 3798 3997 χαλῶσαν

2214 3993 2310 4064 τὴν
2342 3996 2636 4066 συνάφειαν
2663 4000 2772 4054 τῶν
2797 4003 3016 4075 ἀτόμων
3043 4009 3130 4061 ἐπ’
3150 4009 3367 4067 ἔλαττον
3389 4015 3420 4087 ἢ
3441 3993 3603 4072 πλέον
3634 4021 3797 4093 ἐσχη-

2212 4087 2384 4151 κέναι,
2413 4089 2489 4153 ὡς
2520 4091 2552 4162 ἢ
2591 4091 2781 4148 θᾶττον
2809 4096 2842 4167 ἢ
2877 4099 3015 4170 μετά
3041 4102 3175 4156 πολύ
3209 4108 3307 4177 τῆς
3332 4112 3662 4182 κοσμήσεως
3695 4115 3795 4168 αὐ-

2209 4179 2316 4231 τῶν
2345 4182 2695 4250 ἀφίστασθαι.
2724 4189 2830 4242 Καὶ
2859 4190 2926 4244 τὰ
2957 4194 3057 4263 μὲν
3081 4196 3145 4249 ἐκ
3177 4197 3399 4253 τοιῶνδε
3432 4198 3649 4259 καὶ“ὧδέ
3678 4224 3795 4270 πως

2209 4272 2340 4343 ἐσχη
2351 4277 2718 4344 ματισμένων,
2744 4280 2813 4333 τὰ
2834 4282 2891 4336 δὲ
2927 4284 2984 4351 ἐξ
3010 4287 3212 4358 ἑτέρων
3234 4292 3489 4364 έτεροίως
3517 4296 3793 4370 διακειμέ-

2207 4382 2312 4419 νων
2338 4370 2733 4441 συμμεμίχθαι.
2767 4375 2863 4440 Τίς
2889 4372 2980 4432 οὖν
3011 4382 3039 4433 ὀ
3078 4382 3404 4456 φιλοκρίνων
3453 4387 3565 4459 (27)
3588 4431 3603 4454 ,
3670 4411 3794 4447 συν-

2205 4455 2441 4528 αγείρων
2468 4476 2546 4525 τε,
2577 4465 2669 4515 καὶ
2687 4465 2951 4535 ἀναχέων,
2969 4471 3063 4524 καὶ
3083 4473 3245 4528 τάσδε
3274 4477 3372 4547 μὲν
3392 4479 3534 4534 οὔτω
3565 4486 3791 4540 συντάτ-

2204 4563 2311 4598 των
2340 4550 2420 4610 εἰς
2457 4548 2628 4619 ἥλιον,
2650 4552 2746 4616 τὰς
2775 4554 2831 4607 δὲ
2863 4555 2960 4609 ὼδλ⁸
2983 4597 2998 4622 ,
3020 4558 3106 4612 ἵνα
3138 4562 3170 4632 ή
3196 4562 3389 4636 σελήνη
3412 4566 3659 4638 γένηται,
3696 4574 3789 4627 καὶ

2203 4635 2408 4691 ’έκαστα
2437 4641 2730 4713 συμφέρων
2762 4645 2901 4698 κατὰ
2925 4646 3022 4718 τὴν
3050 4651 3358 4724 οἰκειότητα
3386 4656 3522 4724 πρὸς
3554 4661 3786 4714 ἑκάστου

519 4709 575 4765 id
606 4713 770 4768 etiam
796 4730 923 4771 cum
948 4718 1134 4790 aliquo
1161 4722 1475 4783 discrimine
1494 4770 1508 4795 ,
1542 4730 1774 4789 celerius
1806 4746 2093 4807 propterea

2218 4727 2363 4796 ρύσιν
2390 4709 2653 4800 ἁστέροςξ
2680 4732 2802 4788 οὐτε
2827 4736 2934 4808 γὰρ
2963 4709 3018 4792 αἱ
3050 4709 3285 4811 ήλιακαὶ.
3307 4746 3400 4799 καὶ
3427 4709 3662 4817 τοσαίδε,
3695 4754 3786 4806 καὶ

517 4804 602 4860 vel
630 4808 842 4865 tardius
864 4813 934 4867 ab
951 4827 1142 4869 earum
1170 4828 1369 4874 ornatu
1389 4824 1786 4896 complexuque
1802 4833 2091 4888 removeri.

516 4896 801 4957 Postremo
834 4919 903 4958 ex
932 4907 1096 4963 certis
1129 4910 1457 4979 quibusdam
1492 4918 1621 4981 alia,
1655 4930 1915 4992 certoque
1931 4927 2094 4981 modo

514 4991 797 5063 ﬁguratis,
830 4997 937 5052 alia
970 5014 1036 5054 ex
1071 5002 1196 5057 aliis
1230 5020 1293 5059 ac
1321 5020 1443 5062 sese
1467 5008 1625 5065 aliter
1652 4991 1979 5073 habentibus
2015 5034 2097 5074 es-

512 5100 574 5141 se
600 5089 916 5149 commista.
951 5091 1055 5149 Sed
1073 5136 1088 5162 ,
1118 5097 1242 5165 quis
1269 5099 1358 5154 ille
1382 5116 1547 5170 porro
1568 5103 1908 5163 diversarum
1934 5112 2092 5181 quasi

512 5178 752 5238 tribuum
767 5181 946 5254 ’judex
965 5228 982 5254 ,
1013 5186 1152 5244 alias
1176 5191 1321 5263 cogit
1341 5233 1356 5260 ,
1384 5193 1610 5264 dissipat
1636 5197 1813 5253 alias?
1836 5178 1965 5271 quis
1993 5219 2088 5259 eas

509 5271 594 5328 sic
622 5272 848 5332 interse
899 5280 1229 5347 committit,
1273 5295 1332 5339 ut
1384 5286 1510 5343 inde
1552 5289 1718 5345 modo
1764 5293 1876 5358 sol,
1928 5296 2089 5350 modo

510 5357 638 5415 luna
665 5362 1066 5437 oriatur?quis
1118 5369 1356 5441 denique
1413 5373 1752 5443 singularum
1807 5378 2086 5435 stellarum

508 5453 750 5521 naturis,
773 5458 1229 5532 quasquibusquc
1256 5464 1476 5535 propria
1504 5478 1633 5523 sunt
1656 5471 1946 5544 nativaque
1964 5489 2091 5530 con-

585 5557 600 5588 ¹
626 5556 727 5617 Job
752 5579 864 5630 xw,
897 5566 947 5620 1.

581 5672 693 5762 (35)
724 5678 803 5762 ,Ἡ
838 5680 943 5735 τὸν
962 5681 1172 5754 μέγαν.
1206 5684 1328 5742 Ηιες
1369 5705 1489 5744 cum
1537 5693 1910 5762 superioribus
1953 5712 2084 5755 con-

508 5745 615 5801 texi
653 5746 870 5805 debent.

2200 4821 2420 4885 τοιαίδε,
2457 4825 2551 4879 καὶ
2581 4818 2683 4877 ὧδέ
2718 4844 2835 4890 πως
2868 4829 3173 4897 ένωθεῖσαι,
3205 4834 3343 4906 πρὸς
3391 4837 3659 4908 ἐργασίαν
3701 4860 3787 4896 σε·

2198 4916 2366 4988 λήνης
2390 4917 2455 4971 ἂν
2481 4919 2949 4990 καταϐεϐήκεσαν,
2984 4924 3095 4978 οὐτ’
3142 4927 3208 4982 ἀν
3252 4931 3307 4983 αἱ
3362 4932 3471 4987 τῶν
3530 4936 3785 5009 σεληνια-

2200 5007 2309 5062 κῶν
2339 5009 2557 5081 ἀτόμων
2592 5012 2889 5068 πλεκτάναι
2925 5020 3221 5087 γεγόνεσάν
3260 5041 3390 5078 ποτε
3438 5027 3621 5098 ήλιος’
3666 5030 3783 5084 ἀλλ’

2195 5101 2314 5154 οὐδὲ
2357 5103 2699 5176 Ἀρκτοῦρος,
2728 5108 2777 5159 εἰ
2811 5109 2906 5162 καὶ
2942 5109 3196 5184 λαμπρός
3225 5115 3363 5180 ἐστι,
3421 5117 3518 5182 τὰς
3565 5121 3781 5192 ἑωσφό-

2199 5210 2292 5264 ρου
2349 5194 2883 5269 μεγαλοφρονήσαιτό
2924 5219 3052 5255 ποτε
3077 5203 3143 5258 ἂν
3179 5206 3416 5278 ἀτόμους
3443 5209 3610 5281 ἔχειν,
3657 5214 3783 5267 οὐδὲ

2197 5287 2294 5350 τὰς
2336 5287 2589 5360 Ὠρίωνος
2614 5293 2670 5343 αἱ
2704 5292 2979 5359 Πλειάδες.
3008 5298 3205 5363 Καλῶς
3229 5301 3337 5372 γὰρ
3368 5304 3397 5355 ό
3448 5303 3662 5370 Παῦλος
3692 5308 3775 5361 δι-

2198 5383 2454 5448 ἑστειλεν,
2480 5383 2682 5437 εἰπών’
2721 5406 2739 5437 ι
2780 5387 2946 5461 Ἀλιλη
2980 5388 3108 5456 δόξα
3144 5392 3317 5463 ἡλίου,
3361 5396 3456 5448 καὶ
3484 5396 3621 5469 ἄλλη
3652 5398 3780 5466 δόξα

2201 5474 2451 5546 σελήνης,
2480 5478 2571 5529 καὶ
2590 5475 2722 5547 άλλη
2756 5478 2884 5545 δόξα
2908 5481 3173 5553 ἀστέρων.
3228 5486 3427 5559 Ἀστὴρ
3479 5489 3588 5565 γὰρ
3618 5491 3783 5547 an?

2264 5698 2374 5771 (26)
2417 5696 2577 5771 Eorte
2615 5697 2894 5771 διαφορᾶς.

2264 5770 2375 5840 ςεϊῑ)
2418 5766 2579 5825 Forte
2620 5766 2975 5840 φυλοκρίνων.
