4090 6382
329 327 465 382 ΗΠ

1487 343 1808 400 ΡΒᾸΞΡΛΠ.
1853 345 2100 404 EVANG.
2147 350 2273 405 LIB.
2313 351 2450 409 XIV.

3445 356 3579 411 1978

331 460 422 543 ρος
443 447 710 543 ῌδιαφέρει
764 455 820 506 ἐν
852 455 1000 528 δόξῃ.
1041 478 1058 506 ι
1110 461 1218 514 Καὶ
1264 463 1312 513 εί
1363 463 1458 532 μὲν
1510 464 1905 536 ἀνεπαίσθητος

2011 468 2380 526 tribuitiNec
2434 472 2578 527 enim
2639 471 2915 543 profecto,
2967 480 3061 526 aut
3107 473 3316 528 solares
3365 473 3469 528 illae
3501 483 3581 528 tot

329 537 508 592 αὐτῶν
533 539 610 605 ὡς
641 543 863 616 ἀψύχων
893 550 926 619 ή
962 548 1238 622 σύμπηξις
1268 552 1503 620 ἐγένετο,
1545 556 1905 626 ἐπιστήμονος

327 629 520 694 αὐταῖς
551 633 657 686 ἔδει
683 636 1018 711 δημιουργοῦ
1040 661 1052 672 ·
1083 645 1131 696 εί
1159 643 1214 697 δὲ
1261 645 1621 718 ἀπροαίρετος
1653 649 1747 701 καὶ
1784 649 1904 701 κατ’

326 720 596 794 ἀνάγκην,
624 725 700 790 ὡς
730 727 974 799 ἀλόγων,
1010 735 1042 804 ὴ
1092 734 1336 807 σύνερξις
1359 775 1374 797 ,
1413 737 1572 807 σοφός
1610 756 1694 802 τις
1737 740 1908 804 αύτάς

323 813 639 889 ἀγελάρχης
675 823 1014 878 συνελαύνων
1048 829 1450 899 ὲπεστάτησενο
1484 831 1531 882 εἰ
1561 830 1618 882 δὲ
1646 831 1907 898 ἑκουσίως

324 905 719 980 ὲθελουργῆσαι
747 915 1194 984 συγκέκλεινται,
1252 921 1554 992 θαυμάσιός
1603 941 1687 986 τις
1729 923 1906 976 αὐτῶν

322 998 660 1070 ἀρχιτέκτων
689 1008 987 1078 ἐργοδοτῶν
1013 1014 1365 1084 προηγήσατο
1389 1032 1402 1045 ο
1444 1015 1477 1086 ἢ
1524 1017 1772 1088 καθάπερ
1821 1016 1906 1071 sii-

322 1106 522 1157 τακτος
557 1099 857 1169 στρατηγὸς
879 1102 940 1154 οὐ
969 1106 1470 1176 συγκεχωρημένην
1499 1107 1608 1178 (28)
1636 1108 1784 1161 εἴασε
1809 1109 1906 1179 τὴν

328 1188 607 1258 στρατιὰν,
643 1195 734 1246 καὶ
764 1196 942 1250 πάντα
974 1198 1196 1270 ἀναμὶξ,
1237 1199 1351 1253 ἀλλ’
1399 1204 1456 1254 ἐν
1493 1201 1650 1274 μέρει
1679 1203 1777 1274 μὲν
1809 1204 1908 1275 τὴν

326 1278 516 1344 ἵππον,
554 1282 660 1355 ἰδίᾳ
683 1285 740 1339 δὲ
770 1288 896 1351 τοὺς
921 1289 1173 1354 ὁπλίτας,
1206 1291 1332 1356 τούς
1363 1310 1421 1345 τε
1437 1294 1757 1358 ἀκοντιστὰς
1785 1293 1906 1347 καθ’

323 1373 572 1441 ἑαυτοὺς,
608 1379 702 1432 καὶ
725 1383 893 1452 χωρὶς
918 1385 1043 1448 τοὺς
1076 1385 1315 1450 τοξότας,
1350 1389 1444 1440 καὶ
1474 1389 1599 1451 τοὺς
1633 1389 1906 1457 σφενδονί-

321 1482 445 1531 τας,
475 1467 602 1522 ἔνθα
631 1471 799 1544 ἐχρῆν
829 1473 1129 1542 διετάξατο,
1156 1478 1243 1531 ἵνα
1267 1478 1516 1551 ἀλλήλοις
1544 1481 1591 1532 oi
1617 1481 1906 1551 ὁμόσκευοι

326 1567 682 1633 συμμαχοῖεν.
705 1566 834 1632 Εἰδὲ
847 1568 1006 1622 τοῦτο
1030 1570 1225 1641 χλεύην
1243 1572 1443 1625 οἴονται
1473 1573 1532 1626 τὸ
1557 1574 1905 1645 παράδειγμα

321 1648 410 1702 διὰ
427 1649 487 1703 τὸ
504 1653 753 1722 μεγάλων
771 1658 1034 1728 σωμάτων
1051 1677 1118 1730 με
1133 1661 1268 1730 πρὸς
1284 1661 1351 1714 τά
1365 1662 1623 1732 ἐλάχιστα
1639 1665 1906 1718 ποιεῖσθαι

326 1741 637 1815 σύγκρισιν,
671 1749 764 1801 ἐπὶ
785 1749 852 1803 τά
892 1753 1229 1824 σμικρότατα
1268 1755 1708 1826 μεταϐησόμεθα.
1735 1776 1752 1806 ι
1775 1753 1908 1810 Εἶτα

2009 573 2170 631 atque
2196 563 2328 618 tales
2346 604 2361 627 ,
2389 579 2563 634 eoque
2591 565 2899 634 conjuncta:
2923 565 3085 618 modo
3109 605 3124 627 ,
3171 566 3236 618 ad
3280 565 3424 618 luna)
3454 581 3580 635 pro-

2008 656 2340 712 creationem
2364 668 2785 721 concurrerent,
2821 667 2914 712 aut
2945 658 3218 712 lunarium
3275 670 3580 714 atomorum

2011 763 2185 802 nexus
2217 748 2385 803 solem
2413 766 2654 820 unquam
2685 750 2979 804 eﬂicerent.
3020 750 3186 820 776
3224 749 3298 804 Ita
3333 765 3433 805 nec
3479 750 3583 804 Ar-

2008 849 2201 895 cturus
2228 881 2243 906 ,
2271 841 2486 896 tametsi
2514 841 2869 910 perillustris,
2921 856 2988 895 ex
3017 854 3262 904 aurorae,
3293 856 3394 896 nec
3423 842 3580 896 Orio-

2010 931 2097 987 nis
2127 946 2194 987 ex
2228 933 2427 986 atomis
2462 933 2727 988 conﬂatos
2783 950 2841 988 se
2883 933 3129 989 Pleiades
3176 949 3420 1003 unquam
3469 933 3584 1002 glo-

2011 1024 2242 1078 rientur.
2274 1023 2540 1079 Prteclare
2568 1025 2712 1079 enim
2743 1023 2946 1080 Paulus
2980 1027 3055 1080 ita
3083 1026 3352 1091 distinxit,
3382 1043 3401 1076 ι
3441 1025 3584 1088 Alia,

2010 1116 2222 1186 inquit,
2260 1116 2482 1171 claritas
2509 1117 2675 1182 solis,
2699 1124 2752 1171 et
2779 1117 2883 1172 alia
2914 1117 3138 1172 claritas
3176 1118 3350 1178 lunae.
3389 1124 3443 1170 et
3480 1116 3585 1168 alia

2008 1205 2229 1259 claritas
2263 1205 2586 1270 stellarum;
2647 1206 2802 1260 stella
2840 1207 2984 1260 enim
3019 1222 3050 1260 a
3085 1207 3240 1261 stella
3297 1204 3478 1260 differt
3531 1204 3587 1258 in

2009 1297 2183 1365 gloria
2218 1297 2256 1348 ε.
2300 1316 2317 1348 ι
2358 1295 2638 1362 Profecto,
2664 1297 2709 1351 si
2737 1313 2923 1352 earum
2951 1309 3213 1367 tanquam
3255 1299 3582 1351 inanimata-

2010 1405 2132 1443 rum
2165 1391 2565 1460 coagmentatio
2600 1405 2762 1444 sensu
2801 1391 2946 1444 omni
2978 1392 3192 1455 caruit,
3231 1388 3500 1444 industrio
3523 1403 3590 1443 ac

2011 1484 2184 1552 perito
2212 1485 2419 1538 artilice
2447 1499 2587 1553 opus
2645 1485 2880 1539 habuere
2913 1504 2926 1539 :
2960 1485 3004 1540 si
3057 1495 3318 1554 tanquam
3363 1481 3590 1537 rationis

2010 1574 2316 1644 expertium
2340 1617 2354 1640 ,
2398 1590 2566 1630 vacua
2590 1576 2842 1639 consilii,
2879 1576 3258 1630 necessitatem
3290 1582 3372 1628 est
3403 1581 3589 1629 secuta

2011 1664 2358 1734 coniunctio,
2388 1665 2649 1734 sapientis
2678 1666 2904 1720 omnino
2944 1665 3181 1735 pastoris
3209 1679 3373 1717 manu
3406 1663 3586 1716 locum

2012 1758 2064 1809 in
2093 1772 2260 1810 unum
2278 1756 2528 1826 compelli
2553 1756 2788 1810 debuere
2817 1775 2830 1810 :
2860 1757 2904 1810 si
2931 1757 3164 1825 denique
3193 1763 3385 1824 suapte
3399 1763 3589 1822 sponte

323 1834 534 1901 τούτοις
551 1839 676 1911 έξῆς
693 1842 951 1912 ἐπιλέγει.
979 1864 997 1894 ι
1019 1846 1081 1898 Εἰ
1101 1845 1156 1898 δὲ
1175 1849 1310 1918 μήτε
1332 1848 1498 1915 λέξις,
1533 1851 1666 1921 μήτε
1686 1849 1903 1921 ἐκλογὴ,

2013 1848 2383 1902 voluntarium
2407 1849 2473 1902 ad
2497 1863 2634 1914 opus
2665 1862 2971 1904 convenere
2991 1890 3005 1912 ,
3050 1845 3388 1902 admirabilis
3432 1849 3590 1914 plane

327 1931 465 2000 μήτε
481 1930 630 1998 τάξις
646 1934 834 1996 αὐταῖς
850 1936 1105 2007 ἄρχοντος
1124 1940 1416 2004 ἐπικέοιτο,
1434 1942 1592 1994 αὐταὶ
1611 1942 1667 1994 δὲ
1684 1945 1765 2011 ἐφ’
1782 1943 1909 1994 ἐαυ-

322 2022 432 2075 τῶν
451 2024 618 2089 αὑτὰς
642 2027 704 2080 ἐκ
730 2028 827 2099 τῆς
843 2030 1042 2101 πολλῆς
1060 2032 1198 2084 κατὰ
1215 2032 1369 2103 ῥύσιν
1384 2033 1446 2086 τύ
1456 2034 1589 2105 ρ6ης
1605 2034 1908 2087 διευυύνου-

326 2133 436 2178 σαι,
471 2119 564 2172 καὶ
605 2120 695 2173 τὸν
754 2123 921 2177 πολὺν
973 2124 1081 2177 τῶν
1115 2125 1489 2193 συμπτώσεων
1539 2126 1906 2199 διεκπερῶσαι

325 2209 580 2280 κυδοιμὸν
609 2253 622 2275 ,
659 2215 712 2266 αἱ
748 2215 930 2286 ὅμοιαι
967 2219 1102 2289 πρὸς
1133 2218 1232 2282 τὰς
1279 2219 1470 2290 ὁμοίας
1507 2220 1606 2290 οὐχ
1663 2220 1766 2272 ὑπὸ
1813 2219 1904 2272 τοῦ

321 2302 480 2366 Θεοῦ,
513 2305 651 2358 κατά
681 2308 771 2362 τὸν
806 2311 1054 2383 ποιητὴν,
1088 2314 1324 2381 ἄγοιντο,
1356 2313 1700 2385 συντρέχοιεν
1720 2314 1778 2366 δὲ
1813 2315 1907 2366 καὶ

326 2402 790 2471 συναγελάζοιντο,
824 2409 1184 2477 γνωρίζουσαι
1207 2409 1306 2473 τὰς
1339 2414 1619 2478 συγγενεῖς
1645 2427 1658 2440 ·
1691 2409 1904 2480 Θαυμα-

325 2496 424 2564 στή
456 2512 518 2562 γε
545 2496 652 2547 τῶν
685 2498 904 2568 ἀτόμων
931 2503 964 2570 ἡ
1005 2501 1348 2571 δημοκρατία
1374 2544 1388 2568 ,
1439 2502 1796 2572 δεξιουμένων
1846 2521 1905 2556 τε

321 2587 556 2660 ἀλλήλας
583 2589 691 2641 τῶν
718 2591 885 2659 φίλων
920 2593 1012 2644 καὶ
1045 2594 1544 2664 περιπλεκομένων,
1581 2597 1661 2658 είς
1694 2597 1820 2665 μίαν
1845 2615 1906 2650 τε

323 2681 701 2752 κατασκηνοῦν
753 2685 1026 2737 συνοικίαν
1070 2686 1439 2756 ἐπειγομένων
1465 2705 1477 2716 ·
1524 2689 1615 2740 καὶ
1647 2689 1754 2741 τῶν
1807 2691 1904 2760 μὲν

320 2776 865 2847 ἀποτετορνευμένων
913 2779 1232 2848 αὐτομάτως
1295 2782 1374 2843 είς
1437 2780 1585 2850 ἣλιον
1643 2783 1906 2853 φωστῆρα

324 2869 520 2940 μέγαν,
546 2871 631 2923 ἵνα
666 2873 930 2942 ποιήσωσι
958 2873 1056 2943 τὴν
1083 2874 1294 2943 ἡμέραν
1321 2889 1333 2901 ο
1369 2873 1478 2925 τῶν
1504 2874 1560 2926 δὲ
1592 2876 1670 2937 είς
1706 2875 1907 2939 πολλὰς

323 2961 455 3026 ἴσως
484 2963 792 3034 πυραμίδας
828 2963 1071 3036 ἀστέρων
1105 2965 1603 3036 ἀναπεφλεγμένων
1623 3008 1637 3029 ,
1671 2967 1758 3018 ἵνα
1815 2968 1905 3019 καὶ

321 3056 444 3110 ὅλον
492 3055 882 3126 στεφανιῖλσωσι
915 3057 1004 3110 τὸν
1033 3058 1290 3128 οὐρανόν·
1333 3058 1440 3111 τῶν
1487 3059 1579 3119 δὲ,
1618 3077 1905 3130 περιτεταο

320 3150 539 3219 γμένων
563 3151 648 3202 ἵνα
681 3149 842 3203 αὑτὸν
869 3153 989 3221 είκῇ
1037 3149 1375 3220 στερεὼσωσι
1406 3152 1498 3205 καὶ
1532 3151 1904 3221 καμαρώσωσι
1936 3183 1974 3221 ρ

317 3241 411 3294 τὸν
436 3241 630 3314 αἰθέρα
658 3244 736 3304 εἰς
757 3241 851 3313 τὴν
874 3242 981 3294 τῶν
1015 3245 1316 3314 φωστήρων
1348 3243 1650 3314 ἐπιϐάθραν
1671 3285 1684 3307 ,
1722 3244 1901 3296 ἐπιλέ-

320 3335 518 3402 ξωνταί
545 3353 602 3388 τε
633 3339 852 3399 ἑαυταῖς
885 3339 939 3389 αἱ
973 3337 1345 3406 συνομολογίαι
1384 3337 1492 3391 τῶν
1518 3339 1751 3408 χυδαίων
1776 3339 1902 3390 ἀτό-

322 3446 440 3500 μων
467 3428 655 3500 μονάς,
693 3429 786 3482 καὶ
811 3418 1290 3500 διακληρώσωνται
1318 3430 1407 3482 τὸν
1444 3431 1670 3500 οὐρανὸν
1715 3433 1794 3492 εἰς
1827 3431 1903 3483 οἵ·

317 3539 450 3583 κους
481 3520 697 3584 ἑαυταῖς
726 3523 820 3574 καὶ
845 3520 1143 3590 σταθμούς.
1182 3541 1198 3571 ι
1223 3521 1354 3574 Εἶτα
1382 3523 1496 3591 μεθ’
1521 3523 1684 3593 ἔτερα
1716 3537 1900 3592 φησιν’

321 3633 344 3664 ι
389 3614 527 3668 Ἀλλ’
556 3614 676 3667 οὐδὲ
709 3615 776 3666 τὰ
807 3613 1016 3684 φανερά
1044 3613 1242 3685 ὁρῶσιν
1269 3615 1423 3666 αὐτοὶ
1463 3617 1512 3666 οἱ
1555 3615 1900 3685 ἀπρονόητοι,

319 3704 518 3758 πολλοῦ
553 3723 616 3774 γε
646 3704 823 3758 δέουσι
867 3706 1095 3776 συνορᾷν
1143 3706 1234 3756 καί
1287 3704 1356 3757 τά
1415 3705 1616 3778 ἀφανῆ.
1662 3705 1903 3758 Ἐοίκασι

319 3797 431 3868 γὰρ
461 3796 591 3868 μηδὲ
622 3797 884 3859 ἀνατολὰς
918 3795 1245 3848 ὑποπτεύειν
1279 3796 1649 3867 τεταγμένας,
1684 3796 1777 3847 καὶ
1815 3794 1904 3846 δύ-

325 3906 460 3954 σείςο
523 3890 660 3960 μήτε
711 3888 819 3944 τῶν
867 3887 1063 3949 ὅυλλων,
1106 3889 1240 3959 μήτε
1296 3887 1393 3951 τὰς
1452 3887 1904 3958 ὲκπρεπεστάτας

323 3981 475 4054 ἡλίου
500 3997 513 4010 ο
560 3979 695 4050 μηδὲ
737 3979 969 4050 χρῆσθαι
1019 3984 1136 4043 ταῖς
1170 3980 1235 4032 δι’
1273 3979 1452 4032 αὐτῶν
1501 3978 1905 4050 δεδωρημέναις

321 4071 632 4144 ἀνθρώποις
649 4073 1010 4144 ἐπικουρίαις,
1036 4073 1384 4144 ἀναπτομένῃ
1413 4073 1510 4142 μὲν
1533 4075 1613 4135 εἰς
1639 4073 1902 4144 ἐργασίαν

321 4167 526 4241 ἡμέρᾳ,
580 4166 997 4240 ἐπηλυγαζούσῃ
1055 4168 1111 4220 δὲ
1170 4169 1326 4220 νυκτὶ
1379 4167 1512 4237 πρὸς
1561 4167 1899 4222 ἀνάπαυλαν.

327 4280 347 4312 ι
396 4260 766 4328 Ἐξελεύσεται
804 4260 911 4331 γὰρ
941 4259 1245 4330 ἄνθρωπος,
1302 4263 1482 4328 φησιν,
1543 4259 1634 4312 ἐπὶ
1702 4260 1762 4311 τὸ
1816 4259 1906 4330 ἕρ-

320 4371 416 4424 γον
436 4353 732 4415 αὐτοῦ,καὶ
752 4355 844 4406 ἐπὶ
868 4353 964 4423 τὴν
982 4353 1242 4424 ἐργασίαν
1269 4351 1430 4404 αὑτοῦ
1479 4352 1583 4414 ἕως
1609 4351 1864 4422 ἑσπέρας.
1883 4372 1899 4402 ι

333 4446 472 4501 Ἀλλ’
500 4440 620 4500 οὐδὲ
647 4446 746 4517 τὴν
775 4446 965 4516 ἑτέραν
992 4444 1379 4498 ἐπισκοποῦσιν
1404 4443 1770 4515 ἀνακύκλησιν
1805 4446 1903 4497 αύ-

2009 1943 2338 1998 arcbitcctus
2366 1983 2381 2006 ,
2417 1958 2754 2012 operumque
2790 1959 3010 2011 prmses,
3052 1957 3213 1997 suum
3247 1941 3446 2010 cuique
3463 1955 3585 1992 mu-

2009 2050 2112 2088 nus
2143 2050 2481 2104 pensumque
2507 2035 2798 2104 descripsit
2833 2054 2845 2088 :
2882 2044 2976 2089 aut
3019 2034 3479 2103 quemadmodum
3508 2047 3589 2084 or-

2008 2125 2153 2178 dinis
2206 2140 2398 2180 amans
2428 2125 2756 2194 imperator,
2812 2142 2920 2179 non
2957 2125 3336 2194 perturbatum
3373 2122 3592 2191 reliquit

2008 2217 2344 2281 exercitum,
2400 2232 2507 2272 non
2546 2219 2862 2286 permisceri
2905 2219 3090 2272 omnia
3141 2232 3336 2286 passus
3388 2225 3500 2281 est,
3536 2225 3593 2269 at

2009 2312 2128 2364 loco
2157 2326 2256 2364 suo
2279 2311 2518 2380 equitem
2544 2350 2559 2375 ,
2587 2313 2934 2382 peditemque
2965 2328 3066 2367 suo
3093 2312 3399 2382 disposuit,
3439 2312 3592 2380 jacu-

2008 2403 2209 2457 latores
2241 2404 2367 2457 item
2399 2404 2651 2461 seorsim.
2675 2405 3018 2473 seorsimque
3045 2405 3390 2474 sagittarios,
3425 2413 3590 2473 atque

2010 2491 2100 2545 ubi
2131 2507 2228 2561 par
2256 2500 2373 2546 erat
2401 2491 2804 2548 fundibularios
2835 2494 3157 2557 collocavit,
3190 2501 3248 2545 ut
3274 2493 3472 2547 similis
3503 2507 3590 2544 ar-

2010 2593 2238 2638 matum
2267 2585 2468 2640 milites
2500 2585 2664 2638 simul
2695 2586 2860 2640 etiam
2892 2601 3085 2639 omnes
3116 2586 3462 2639 dimicarent.
3484 2584 3590 2651 Qui

2009 2678 2052 2731 si
2084 2677 2373 2730 ridiculum
2406 2678 2508 2730 boc
2535 2677 2768 2746 exempli
2806 2692 2978 2745 genus
3015 2692 3141 2732 esse
3173 2677 3390 2739 dicent,
3443 2677 3590 2743 quod

2011 2785 2332 2838 magnorum
2385 2784 2676 2838 corporum
2709 2784 2833 2822 cum
2891 2768 3132 2821 minimis
3186 2768 3590 2822 contentionem

2011 2864 2288 2918 instituam
2312 2903 2326 2928 ,
2359 2864 2426 2917 ad
2453 2863 2678 2916 minima
2708 2863 3010 2915 veniemus.
3043 2882 3060 2912 ›
3086 2859 3211 2914 Hinc
3236 2860 3349 2915 ille.
3379 2857 3592 2924 Quibus

2009 2957 2202 3011 deinde
2228 2971 2351 3026 qua:
2407 2961 2712 3024 sequuntur
2745 2953 2991 3022 adjungit
3024 2971 3036 3006 ι
3086 2971 3102 3000 ι
3135 2951 3290 3016 Quod
3321 2953 3367 3003 si
3399 2949 3590 3012 ducis,

2011 3050 2188 3120 inquit
2211 3091 2224 3114 ,
2250 3064 2424 3118 neque
2450 3062 2686 3110 nomen,
2721 3062 2901 3116 neque
2924 3046 3168 3098 delectus
3189 3084 3203 3105 ,
3246 3058 3423 3112 neque
3471 3043 3584 3097 col-

2012 3141 2210 3196 locatio
2237 3141 2289 3194 in
2336 3155 2526 3194 earum
2579 3155 2700 3193 sese
2764 3137 3193 3192 moderationem
3235 3134 3501 3203 ingessit:
3535 3143 3592 3186 at

2015 3235 2258 3303 ipsamiet
2304 3239 2498 3301 suapte
2527 3232 2796 3294 arbitrio,
2835 3245 2901 3284 ex
2954 3230 3124 3283 multa
3177 3243 3298 3283 sese
3343 3227 3589 3282 continui

2007 3324 2187 3377 ﬂuxus
2247 3323 2405 3376 turba
2489 3322 2806 3388 colligentes
2845 3362 2861 3386 ,
2947 3333 3253 3389 magnoque
3313 3319 3590 3372 variarum

2006 3416 2455 3470 commissionum
2489 3415 2723 3468 tumultu
2750 3413 3053 3474 declinato,
3112 3411 3320 3465 similes
3348 3425 3471 3465 cum
3512 3411 3590 3464 si-

2008 3505 2229 3558 milibus
2256 3504 2331 3558 ita
2364 3504 2723 3558 convenerint
2751 3544 2766 3567 ,
2805 3512 2864 3556 ut
2897 3514 3076 3555 tamen
3110 3516 3220 3554 non
3265 3501 3434 3555 divini
3476 3498 3594 3554 Nu-

2009 3597 2170 3651 minis
2208 3597 2471 3661 ductum,
2509 3595 2971 3664 quemadmodum
3000 3601 3158 3663 poeta
3196 3592 3379 3661 tingit,
3426 3607 3589 3646 secu-

2009 3699 2075 3744 tze
2102 3691 2212 3742 sint
2243 3705 2257 3755 ;
2294 3688 2390 3742 sed
2444 3689 2659 3756 potius,
2696 3702 2820 3740 cum
2871 3700 2991 3739 sese
3039 3684 3225 3738 aliines
3275 3692 3466 3737 mutuo
3495 3698 3589 3737 co-

2006 3789 2291 3851 gnataque
2325 3788 2580 3844 nossent,
2616 3779 2669 3832 in
2699 3793 2866 3832 unum
2898 3777 3058 3847 quasi
3118 3791 3334 3846 gregem
3383 3772 3591 3829 conﬂu-

2008 3875 2185 3928 xerint
2221 3891 2234 3926 :
2279 3887 2362 3926 nte
2396 3871 2739 3925 admirabilis
2765 3870 2879 3924 haec
2907 3882 3217 3923 atomorum
3255 3867 3591 3921 democratia

2006 3979 2122 4034 est;
2154 3968 2243 4022 ubi
2278 3966 2468 4020 amica:
2528 3968 2734 4020 amicas
2796 3964 3098 4033 excipiant,
3150 3970 3313 4031 atque
3351 3961 3590 4028 comple-

2008 4071 2251 4123 rtantur,
2291 4060 2472 4127 itaque
2505 4073 2674 4112 unum
2711 4059 2763 4109 in
2797 4057 3131 4110 domicilium
3155 4053 3442 4107 convolcnt
3465 4053 3591 4105 uni-

2009 4169 2196 4208 versae.
2233 4151 2372 4206 Tum
2396 4161 2558 4205 certae
2586 4149 2831 4218 quaedam
2863 4148 3027 4211 ultro,
3048 4146 3100 4200 in
3119 4145 3588 4213 solem,magnum

2011 4247 2141 4300 illud
2173 4246 2355 4311 sidus,
2388 4245 2626 4315 quodam
2663 4243 2821 4312 quasi
2869 4251 3029 4295 torno
3084 4239 3482 4303 rotundentur,
3530 4246 3591 4289 ut

2008 4337 2151 4390 diem
2176 4335 2411 4389 eﬂiciant
2460 4352 2473 4388 ;
2527 4333 2683 4395 aliae,
2725 4348 2834 4400 quo
2871 4331 3071 4385 cadum
3122 4329 3388 4398 integrum
3431 4342 3590 4380 coro-

2011 4435 2163 4491 nent,
2190 4428 2244 4480 in
2270 4427 2535 4496 plurimas
2563 4424 2814 4479 fortassis
2848 4421 3156 4477 ardentium
3183 4420 3460 4474 stellarum
3491 4435 3589 4488 py-

322 4539 417 4594 τοῦ
443 4582 458 4606 ,
494 4540 614 4592 καθ’
649 4540 714 4609 ἦν
747 4537 1058 4609 ὡρισμένας
1110 4537 1278 4606 ὥρας,
1328 4538 1421 4589 καὶ
1467 4537 1690 4608 καιροὺς
1722 4537 1904 4588 εὐκαί-

2012 4519 2247 4572 ramides
2281 4519 2582 4588 figurentur
2619 4533 2632 4570 :
2665 4515 2806 4578 alize,
2843 4514 2898 4568 in
2931 4515 3116 4567 orbem
3150 4511 3390 4580 digestae,
3422 4510 3590 4562 tinni-

324 4650 472 4705 ρους,
507 4633 600 4696 καὶ
634 4631 838 4702 τροπὰς
873 4630 1328 4701 ἀπαρατρέπτους
1350 4629 1621 4690 ἀποτελεῖ,
1659 4629 1765 4682 ὑπὸ
1797 4629 1906 4683 τῶν

321 4723 382 4793 ἐξ
410 4718 484 4777 ὧν
519 4726 666 4788 ἐστιν
692 4724 911 4793 ἀτόμων
935 4721 1128 4791 όδηγού
1139 4739 1296 4792 μενος
1366 4721 1524 4774 Ἀλλά
1553 4720 1654 4775 κᾶν
1711 4721 1785 4792 μὴ
1820 4721 1907 4774 θέο

320 4816 488 4874 λωσιν
521 4818 571 4870 οἱ
617 4815 862 4876 δείλαιοι,
894 4814 968 4878 ὡς
995 4815 1037 4867 δ’
1065 4810 1159 4867 οὖν
1190 4813 1535 4866 πιστεύουσιν
1588 4815 1638 4872 οἱ
1689 4814 1903 4889 δίκαιοι,

324 4908 499 4979 μέγας
523 4907 726 4982 Κύριος
759 4907 787 4958 ὁ
827 4909 1059 4978 ποιήσας
1081 4905 1264 4971 αὐτὸν,
1302 4906 1396 4959 καὶ
1427 4907 1482 4958 ἐν
1526 4906 1706 4974 λόγοις
1741 4905 1904 4959 αὑτοῦ

321 5001 660 5064 κατέσπευσε
696 5001 944 5073 πορείαν.
977 5001 1201 5070 Ἀτομοι
1225 5000 1330 5072 γὰρ
1362 5000 1489 5068 ὑμῖν
1528 4998 1772 5072 χειμῶνα
1805 4997 1904 5066 φέ-

323 5113 525 5168 ρουσιν,
553 5089 598 5148 ὦ
628 5094 835 5164 τυφλοὶ,
873 5095 963 5147 καὶ
989 5093 1197 5158 ὑετοὺς.
1231 5093 1316 5146 ἵνα
1340 5096 1372 5162 ἡ
1417 5092 1485 5163 γῆ
1529 5090 1731 5162 τροφὰς
1778 5091 1905 5160 ὑμῖν

317 5204 379 5239 τε
410 5186 505 5241 καὶ
532 5189 664 5248 πᾶσι
698 5188 809 5248 τοῖς
831 5185 915 5238 ἐπ’
945 5185 1127 5247 αὐτοῖς
1169 5182 1328 5248 ζώοις
1356 5184 1456 5253 ἀνῇ
1482 5200 1490 5208 ·
1520 5181 1676 5257 θέρος
1720 5197 1777 5233 τε
1810 5182 1906 5232 ἐπ-

319 5281 564 5348 άγουσιν,
594 5280 681 5332 ἵνα
707 5277 942 5340 καὶτοὺς
966 5277 1073 5329 ἀπὸ
1090 5276 1320 5347 δένδρων
1336 5277 1414 5339 εἰς
1431 5275 1638 5348 τρυφὴν
1657 5273 1904 5344 καρποὺς

318 5371 540 5442 λάϐητε.
577 5372 686 5425 Καὶ
717 5371 806 5423 διὰ
839 5371 889 5423 τί
918 5370 992 5441 μὴ
1019 5373 1139 5433 ταῖς
1176 5370 1401 5439 ἀτόμοις
1427 5370 1782 5440 προσκυνεῖτε
1811 5365 1904 5418 καὶ

323 5464 479 5518 Θύετε
511 5467 631 5527 ταῖς
666 5464 996 5534 ἐπικάρποις
1024 5479 1037 5526 ;
1086 5461 1395 5533 Ἀχάριστοί
1420 5477 1481 5529 γε
1504 5501 1517 5524 ,
1558 5460 1691 5530 μηδὲ
1733 5461 1906 5530 ἀτταρ⁴

323 5557 423 5630 χάς
458 5558 649 5631 αῦταῖς
676 5555 862 5624 ὀλίγας
893 5554 1003 5608 τῶν
1029 5553 1237 5608 πολλῶν
1269 5552 1514 5624 Emped»:
1549 5552 1614 5617 ἃς
1647 5553 1775 5621 παρ’
1803 5552 1902 5604 αὑ-

320 5649 428 5703 τῶν
452 5649 627 5718 ἔχετε,
664 5645 1036 5716 ἀφιεροῦντες.
1072 5666 1088 5696 ι
1130 5647 1239 5700 Καὶ
1282 5645 1418 5716 μετά
1453 5644 1658 5716 βραχέα
1700 5642 1897 5715 φησίν·

397 5741 411 5770 ‘
451 5738 466 5791 Ι
495 5737 621 5792 Cor.
655 5753 722 5792 xv
747 5778 760 5799 ,
801 5737 888 5790 41.

395 5827 506 5900 (28)
547 5827 640 5884 F01
657 5837 705 5888 te
744 5829 1170 5894 συγκεχυμένην.

2012 4611 2136 4665 tatis
2170 4609 2370 4677 aliquid
2415 4607 2603 4661 artberi
2654 4606 2924 4666 alferant,
2978 4619 3153 4674 eoque
3191 4600 3479 4656 testudinis
3536 4601 3588 4653 in

2011 4718 2215 4756 morem
2245 4709 2628 4754 concamerato
2647 4742 2660 4766 ,
2686 4698 3051 4752 subeuntibus
3083 4695 3205 4750 cmli
3253 4694 3588 4756 luminibus,

2009 4795 2275 4865 quosdam
2304 4794 2460 4862 quasi
2516 4794 2715 4863 gradus
2767 4799 3135 4860 praestruant:
3184 4788 3428 4857 adeoque
3476 4787 3589 4839 vul-

2010 4887 2219 4960 garium
2235 4893 2546 4946 atomorum
2569 4884 2832 4938 factiones
2855 4880 3137 4935 domicilia
3153 4880 3254 4934 sibi
3271 4879 3508 4950 deligant
3526 4893 3588 4930 ac

2010 4983 2208 5037 malum
2228 4982 2406 5051 ipsum
2430 4981 2678 5049 proprsz
2699 4978 2750 5030 in
2768 4977 2963 5030 domos
2977 4986 3141 5044 atque
3171 4972 3433 5027 stationes
3449 4971 3589 5024 inter

2007 5091 2128 5129 sese
2144 5074 2472 5144 partiantur.
2488 5090 2504 5122 ι
2534 5069 2767 5130 Rursus,
2785 5067 2907 5121 aliis
2923 5065 3249 5136 quibusdam
3271 5062 3588 5131 interjectis,

2010 5167 2170 5240 777
2195 5186 2212 5218 ι
2239 5164 2374 5230 imo,
2394 5163 2590 5232 inquit,
2613 5177 2680 5215 ne
2702 5159 2860 5214 obvia
2885 5157 3102 5228 quidem
3129 5155 3313 5209 vident
3344 5153 3588 5208 homines

2011 5257 2321 5329 improvidi,
2348 5264 2559 5310 tantum
2594 5253 2744 5308 abest
2766 5261 2823 5305 ut
2848 5249 3064 5304 occulta
3093 5248 3430 5318 provideant.
3471 5242 3588 5297 Uti-

2011 5369 2117 5422 que
2152 5361 2301 5406 ratos
2339 5351 2460 5405 illos
2516 5358 2679 5418 atque
2725 5351 3044 5401 constantes
3099 5351 3255 5395 crtus
3294 5339 3587 5406 obitusque

2008 5448 2272 5512 siderent,
2315 5460 2423 5499 non
2453 5451 2775 5498 cmterorum
2811 5428 3000 5500 modo,
3037 5447 3228 5489 verum
3261 5432 3423 5486 etiam
3453 5426 3586 5482 solis

2007 5539 2252 5596 omnium
2289 5534 2682 5597 nobilissimos,
2713 5544 2780 5584 ne
2807 5526 3136 5598 suspicando
3157 5524 3374 5595 quidem
3405 5521 3584 5575 viden—

2009 5642 2094 5686 tur
2126 5631 2389 5701 attingere
2426 5647 2437 5682 ι
2473 5642 2571 5682 nec
2599 5624 2668 5679 iis
2695 5622 2773 5677 uti
2799 5617 3299 5680 commoditatibus,
3327 5628 3463 5684 quas
3482 5612 3582 5665 ho-
