4090 6382
512 354 653 412 1279

1192 346 1464 404 EUSEBH
1499 343 1989 400 CASSARIENSIS
2027 340 2176 397 OPP.
2221 341 2402 396 PARS
2432 341 2496 396 11.
2538 362 2608 382 -έ
2639 339 3144 396 APOLOGETICA.

3648 346 3667 398 1
3680 345 3802 399 380

517 475 730 527 minum
754 469 940 541 generi
965 469 1331 539 suppeditant,
1360 477 1454 522 aut
1479 466 1781 522 collucente
1804 465 1870 520 ad
1895 465 2102 518 obeun-

2224 480 2237 512 ι
2279 463 2337 515 Ὀ
2357 462 2413 515 δὲ
2442 461 2741 531 πολυεϐνὴς
2766 461 2861 514 καὶ
2884 460 3194 531 πολυμιγὴς
3217 459 3389 531 δῆμος
3405 459 3513 513 τῶν
3539 462 3800 536 ἀστέρων

514 565 816 633 dum'opus
853 562 972 622 die,
1014 569 1109 616 aut
1158 567 1318 614 nocte
1367 558 1571 629 quietis
1615 556 1893 624 capienda:
1930 572 2098 609 causa

519 669 698 712 terras
746 663 1029 725 opacante.
1063 673 1082 706 ι
1120 653 1301 708 Exibit
1352 653 1496 708 enim
1551 651 1737 716 bomo,
1783 651 1977 720 inquit,
2034 649 2098 702 ad

516 767 656 821 opus
691 765 876 809 suum,
912 757 966 803 et
997 747 1373 816 operationem
1409 761 1568 800 suam
1609 761 1786 816 usque
1815 745 1883 799 ad
1907 759 2101 814 vespe-

518 860 639 896 rum
673 844 711 895 ¹.
755 862 773 893 ι
812 839 922 895 Nec
956 855 1087 895 vero
1112 840 1340 894 alteram
1371 838 1492 908 ejus
1515 838 1892 893 circuitiouem
1926 844 2100 890 atten-

519 937 676 998 dunt,
707 949 812 1004 qua
837 933 1127 988 distinctas
1152 940 1506 1002 tempestates
1523 940 1941 1002 opportunaque
1971 938 2106 984 tem-

518 1044 673 1098 pora,
707 1043 808 1082 nec
832 1041 1064 1096 usquam
1090 1025 1334 1080 detortas
1353 1024 1751 1080 conversiones
1773 1022 1988 1087 elﬁciat,
2011 1038 2106 1077 ea-

523 1135 646 1174 rum
676 1118 950 1183 videlicet,
982 1131 1050 1172 ex
1085 1117 1288 1187 quibus
1317 1117 1436 1187 ipse
1488 1115 1760 1182 consistit,
1797 1124 2104 1169 atomorum

521 1212 746 1268 ductum
779 1221 1019 1266 secutus.
1059 1210 1128 1262 At
1162 1209 1467 1273 enimvero,
1497 1209 1668 1262 velint
1717 1207 1892 1262 nolint
1927 1207 2107 1261 homi-

523 1321 622 1359 nes
651 1319 838 1374 reapse
875 1301 1378 1372 miseri,quomodo
1404 1310 1584 1355 tamen
1645 1300 1748 1355 sibi
1781 1298 2110 1370 persuadent

523 1392 822 1464 aequissimi
848 1411 860 1446 :
893 1409 1124 1462 magnus
1149 1392 1238 1446 ille
1259 1390 1545 1449 Dominus.
1573 1391 1664 1459 qui
1695 1389 1865 1445 solem
1882 1389 2106 1453 creavit,

525 1487 819 1539 verborum
876 1499 1096 1554 quoque
1129 1499 1355 1538 suorum
1389 1483 1440 1535 vi
1480 1483 1724 1549 ejusdem
1774 1497 1996 1536 cursum
2027 1483 2104 1534 in-

525 1576 734 1630 citavit.
767 1575 948 1628 Atomi
1004 1575 1224 1646 quippe,
1266 1572 1500 1626 hiemem
1543 1573 1700 1628 vobis
1726 1613 1740 1638 ,
1794 1587 1828 1627 0
1864 1572 2014 1638 caci,
2048 1586 2113 1624 ac

528 1669 741 1740 pluvias
773 1668 1032 1734 alierum,
1063 1676 1121 1722 ut
1154 1667 1416 1721 alimenta
1447 1665 1606 1721 vobis
1655 1680 1721 1720 ac
1749 1664 1963 1720 caeteris
1994 1662 2114 1717 ani-

529 1757 806 1814 mantibus
844 1768 986 1813 terra
1025 1757 1311 1826 producat.
1345 1755 1677 1811 Earumdem
1709 1761 1872 1809 aestas
1907 1752 2114 1808 beneﬁ—

528 1851 674 1906 cium
699 1859 805 1915 est,
832 1858 891 1903 ut
926 1849 1183 1903 arborum
1213 1848 1378 1902 etiam
1408 1848 1475 1901 ad
1505 1845 1729 1900 delicias
1758 1844 1968 1899 fructus
2001 1844 2116 1900 col-

529 1939 730 2010 ligatis.
767 1933 976 2004 Quidni
998 1953 1162 2008 porro
1193 1938 1393 1992 atomis
1423 1937 1638 2006 frugum
1669 1934 1993 2004 praesidibus
2023 1949 2118 1989 so~

530 2032 697 2086 lemni
728 2031 876 2086 cultu
909 2025 1066 2086 s'acra
1109 2029 1290 2084 facitis
1316 2030 1339 2082 ?
1370 2027 1626 2084 Homines
1655 2027 1874 2098 ingrati,
1923 2027 2016 2097 qui
2041 2035 2120 2081 tot

529 2124 824 2186 donorum,
847 2133 968 2193 quae
997 2123 1066 2176 ab
1092 2121 1160 2177 iis
1191 2121 1463 2191 accipitis,
1500 2135 1568 2175 ne
1604 2119 1878 2190 primitias
1899 2119 2118 2189 quidem

533 2217 796 2287 pauculas
817 2215 1172 2271 consecretis.
1190 2234 1208 2266 ι
1233 2215 1547 2282 lter-umque
1572 2221 1696 2282 post
1718 2227 1889 2281 pauca
1909 2225 1929 2264 :
1951 2230 1968 2262 ι
1983 2211 2119 2266 Mul-

534 2311 700 2378 tiplex
729 2317 935 2372 autem,
972 2308 1179 2377 inquit,
1206 2307 1297 2360 illa
1329 2305 1610 2360 stellarum
1638 2306 1811 2371 natio,
1845 2321 2010 2374 quam
2034 2319 2122 2358 er-

535 2404 721 2456 ratica:
756 2416 821 2456 ac
857 2415 1075 2470 semper
1106 2400 1214 2454 huc
1245 2399 1481 2469 illucque
1519 2396 1758 2467 disjectze
1791 2395 1959 2450 atomi
1993 2410 2124 2450 con-

535 2495 823 2558 ﬂavcrunt,
856 2495 1013 2549 sedes
1036 2494 1152 2562 ipsa
1181 2493 1306 2557 sibi,
1339 2492 1567 2547 coloniae
1591 2489 1878 2558 cujusdam
1904 2497 1999 2542 aut
2029 2501 2122 2542 so—

537 2588 780 2642 dalitatis
802 2602 972 2650 more,
994 2587 1272 2641 communi
1298 2601 1361 2639 ex
1384 2592 1563 2654 pacto,
1584 2583 1882 2646 distribuit,
1919 2581 2124 2636 nullius

539 2690 638 2734 aut
680 2678 1004 2743 conditoris,
1064 2686 1161 2733 aut
1193 2676 1413 2732 familia:
1459 2675 1708 2747 praasidis
1741 2673 2126 2729 auctoritatem

539 2784 748 2829 secuta.
790 2772 968 2842 Atque
1007 2773 1082 2826 ita
1109 2771 1392 2841 deinceps,
1429 2779 1619 2824 mutua
1674 2783 1798 2824 cum
1835 2766 2084 2821 ﬁnitimis
2109 2806 2123 2826 ,

541 2866 793 2936 religiose
827 2866 1047 2935 altaque
1099 2879 1224 2918 cum
1262 2877 1395 2933 pace
1421 2902 1435 2926 ,
1493 2875 1684 2916 omnes
1750 2859 1963 2914 viciniae
2001 2859 2123 2928 jura

540 2957 880 3023 custodiunt,
917 2970 1016 3010 nec
1067 2971 1164 3010 eos
1219 2958 1462 3024 unquam
1493 2955 1653 3017 ﬁnes,
1679 2968 1822 3023 quos
1853 2952 1922 3006 ab
1971 2951 2128 3004 initio

543 3066 829 3120 accepere,
869 3049 1206 3114 transiliunt,
1243 3063 1472 3118 prorsus
1494 3063 1559 3102 ac
1599 3048 1642 3101 si
1671 3045 1942 3116 regiarum
1992 3059 2128 3112 qua-

2202 553 2295 618 οὒς
2351 556 2406 606 αἱ
2459 552 2822 616 πολυπλανεῖς
2872 553 2966 606 καὶ
3007 553 3092 605 ἀεὶ
3129 553 3618 624 διαῤῥιπτούμεναι
3663 572 3806 607 συν-

2204 650 2438 720 έστησαν
2465 650 2676 719 ἄτομοι,
2713 645 2896 719 χώρας
2926 649 3138 712 ἑαυτοῖς
3183 648 3323 702 κατὰ
3374 647 3645 721 συνθήκας
3684 649 3805 701 ἁττ-

2205 741 2486 807 εδάσαντο,
2542 740 2734 811 ὥσπερ
2780 739 3037 794 ἀποικίαν
3075 741 3109 811 ἢ
3149 740 3422 794 συνοικίαν
3451 740 3801 812 ἀνελόμενοι,

2209 830 2436 904 μηδενὸς
2484 829 2725 884 οἰκιστοῦ
2772 829 2903 901 μηδὲ
2931 829 3312 883 οἰκοδεσπότου
3350 831 3751 902 προεστηκότος
3783 850 3799 860 ·

2208 925 2304 977 καὶ
2331 923 2433 986 τὰς
2467 925 2602 995 πρὸς
2650 924 2777 986 τοὺς
2812 920 3222 994 πλησιοχώρους
3265 923 3626 992 γειτνιάσεις,
3661 926 3806 977 ἐνω-

2212 1016 2391 1088 μότως
2423 1015 2518 1070 καὶ
2543 1018 2656 1086 μετ’
2686 1017 2910 1088 εἰρήνης
2950 1016 3311 1086 φυλάττουσιν
3337 1057 3351 1082 ,
3393 1017 3491 1087 οὐχ
3525 1016 3803 1088 ὑπερϐαί-

2209 1127 2391 1174 νοντες
2417 1109 2508 1175 οὒς
2538 1111 2634 1165 καὶ
2663 1110 2945 1182 εἰλήφασιν
2976 1108 3036 1175 ἐξ
3067 1111 3241 1181 ἀρχῆς
3262 1110 3442 1180 ὅρους,
3468 1109 3659 1181 ὥσπερ
3690 1111 3808 1162 ὑπὸ

2211 1201 2320 1255 τῶν
2375 1201 2666 1272 βασιλίδων
2718 1202 2937 1272 ἀτόμων
2980 1200 3449 1272 νομοθετούμενοι.
3521 1200 3660 1254 Ἀλλ’
3693 1204 3806 1254 ουκ

2212 1293 2470 1365 ἄρχουσιν
2518 1296 2761 1348 ἐκεῖναι·
2815 1293 2931 1358 πῶς
2983 1293 3091 1366 γὰρ
3134 1295 3188 1348 αἱ
3225 1295 3350 1367 μηδ’
3380 1292 3576 1362 οῦσαι;
3636 1297 3807 1350 Ἀλλὰ

2213 1386 2372 1439 θείων
2399 1385 2598 1455 λογίων
2626 1387 3001 1440 ὲπακούσατε·
3037 1407 3055 1438 ι
3109 1389 3196 1442 Ἐν
3242 1391 3419 1461 κρίσει
3468 1390 3672 1461 Κυρίου
3729 1390 3809 1443 τὰ.

2213 1479 2350 1550 ἔργα
2397 1478 2581 1532 αὑτοῦ.
2636 1480 2754 1532 Ἀπ’
2805 1481 2983 1559 ἀρχῇς
3025 1482 3117 1535 καὶ
3143 1483 3251 1536 ἀπὸ
3283 1484 3551 1554 ποιήσεως
3592 1483 3802 1543 αὐτῶν,

2213 1570 2470 1624 διέστειλε
2508 1571 2730 1644 μερίδας
2769 1573 2970 1638 αὐτῶν,
3025 1575 3329 1646 ἐκόσμησεν
3382 1577 3460 1640 εἰς
3509 1575 3682 1628 αἰῶνα
3732 1577 3807 1629 τὰ

2217 1662 2354 1734 ἔργα
2376 1663 2562 1729 αὑτοῦ,
2595 1664 2689 1719 καὶ
2713 1664 2812 1730 τὰς
2835 1667 3011 1738 ἀρχὰς
3036 1667 3214 1722 αὐτῶν
3233 1670 3311 1733 είς
3330 1669 3524 1737 γενεὰς
3559 1671 3760 1722 αὐτῶν.
3779 1693 3799 1721 ι

2219 1758 2496 1826 Καὶμετὰ.
2533 1756 2740 1828 βραχέα
2775 1760 2970 1830 φησίν·
3003 1779 3020 1810 ι
3067 1761 3138 1813 Ἢ
3178 1759 3261 1824 τίς
3295 1760 3468 1825 οῦτως
3523 1763 3808 1824 εὐτάκτως

2223 1848 2446 1902 πεδιάδα
2473 1851 2575 1920 γῆν
2607 1849 2858 1903 διώδευσε
2895 1850 3124 1920 φάλαγξ,
3173 1853 3233 1906 οὑ
3283 1853 3606 1925 προθέοντος
3650 1854 3804 1906 οὐδε-

2221 1940 2330 2005 νὸς,
2365 1943 2464 1996 οὐκ
2494 1944 2920 2014 ἐκτρεπομένου,
2972 1946 3072 1998 οὐκ
3115 1945 3637 2016 ἐμποδιστατοῦντος
3669 1947 3805 2016 (29‘),

2221 2035 2322 2087 οὐκ
2374 2034 2805 2106 ἀπολειπομένου
2862 2037 2972 2089 τῶν
3032 2039 3675 2110 συμπαρατεταγμένων·
3732 2041 3810 2104 ὡς

2227 2122 2513 2195 ἱσόστοιχοι
2541 2125 2632 2177 καὶ
2669 2126 3119 2190 συνασπιδοῦντες
3148 2128 3234 2180 ἀεὶ
3281 2131 3566 2201 προΐασιν,
3606 2132 3637 2184 ὁ
3684 2150 3810 2184 συντ

2224 2217 2356 2287 εχὴς
2380 2234 2440 2269 τε
2471 2219 2564 2270 καὶ
2593 2218 2934 2284 ἀδιάστατος,
2981 2221 3244 2291 ἀόχλητός
3277 2240 3336 2276 τε
3372 2223 3463 2276 καὶ
3511 2225 3808 2294 ἀνεμπόδι-

2227 2327 2352 2371 στος
2378 2309 2486 2362 τῶν
2514 2310 2728 2381 ἄστρων
2758 2312 2986 2383 στρατός
3013 2329 3027 2376 ;
3076 2313 3214 2365 Ἀλλ’
3246 2315 3525 2382 ἐγκλίσεσι
3557 2317 3652 2369 καὶ
3691 2321 3811 2379 ταῖς

2225 2404 2304 2466 εἰς
2339 2401 2565 2470 πλάγιον
2589 2404 2822 2465 νεύσεσι,
2850 2404 3086 2472 γίνονταί
3113 2423 3256 2470 τινες
3275 2406 3452 2459 αὐτῶν
3477 2408 3663 2479 ἄδηλοι
3695 2428 3815 2480 τρο-

2228 2495 2343 2547 παί.
2379 2495 2490 2547 Καὶ
2543 2495 2648 2565 μὴν
2699 2496 2783 2546 ἀεὶ
2839 2494 3305 2566 καιροφυλακοῦσι
3338 2497 3430 2550 καὶ
3466 2499 3812 2570 προορῶνται

2224 2585 2324 2647 τὰς
2367 2583 2580 2656 χώρας,
2617 2583 2740 2638 ὅθεν
2773 2585 3004 2649 ἕκαστος
3046 2587 3278 2657 ἀνίησιν,
3312 2590 3360 2640 οἱ
3393 2587 3606 2652 τούτοις
3643 2608 3814 2662 προσ-

2228 2676 2541 2747 εσχηκότες.
2564 2678 2887 2730 Είπάτωσαν
2909 2673 3002 2731 οὖν
3019 2680 3150 2749 ἡμῖν
3174 2681 3220 2732 οἱ
3237 2679 3344 2732 τῶν
3367 2680 3583 2751 ἀτόμων
3599 2685 3812 2752 τομεῖς,

2229 2771 2324 2823 καὶ
2356 2770 2464 2822 τῶν
2499 2772 2720 2843 ἀμερῶν
2758 2773 3028 2843 μερισταὶ,
3068 2772 3161 2826 καὶ
3190 2773 3298 2826 τῶν
3343 2774 3655 2829 ἀσυνθέτων
3689 2793 3818 2828 συν-

2227 2867 2486 2932 αγωγεῖς,
2522 2866 2616 2918 καὶ
2649 2865 2716 2918 τὰ
2749 2867 2951 2938 ἄπειρα
2995 2865 3369 2937 περινοοῦντες
3393 2907 3407 2929 ,
3441 2867 3605 2921 πόθεν
3643 2871 3676 2940 ἡ
3715 2887 3818 2922 κυι

2230 2954 2527 3026 κλοφορικὴ
2564 2956 2670 3007 τῶν
2722 2957 2990 3026 οὐρανίων
3047 2956 3261 3010 συνοδία
3293 2958 3385 3010 καὶ
3416 2958 3683 3031 περιοδία,
3717 2960 3820 3029 οὐχ

2232 3045 2348 3110 ἑνὸς
2401 3046 2722 3118 παραλόγως
2770 3048 2986 3119 ἀτόμων
3042 3050 3333 3120 πήγματος
3361 3049 3502 3102 οὕτω
3537 3052 3820 3121 σφενδονι-

543 3143 801 3198 rumdam
837 3152 1147 3197 atomorum
1191 3141 1400 3209 legibus
1423 3148 1757 3210 regerentur.
1788 3139 1858 3193 At
1887 3154 1993 3192 non
2023 3138 2120 3191 im-

2239 3138 2474 3202 σθέντος,
2505 3138 2639 3192 ἀλλὰ
2671 3140 2924 3194 τοσούτου
2954 3142 3214 3194 κυκλικοῦ
3235 3141 3397 3213 χοροῦ
3437 3144 3581 3196 κατὰ
3611 3145 3824 3216 ῥυθμὸν

545 3246 740 3294 nerant
769 3235 874 3289 illa:
903 3234 1169 3303 profecto.
1210 3233 1315 3299 Qui
1348 3233 1495 3286 enim
1528 3232 1817 3302 imperent,
1845 3245 1968 3300 quae
2000 3229 2126 3283 nul-

545 3330 610 3385 lae
642 3328 809 3385 sunt?
828 3328 1023 3384 Audite
1047 3341 1177 3381 vero
1201 3326 1512 3379 divinorum
1531 3323 1880 3378 oraculorum
1901 3337 2087 3376 vocem
2111 3340 2124 3376 :

551 3443 570 3473 τ
610 3422 667 3476 lu
697 3421 903 3492 judicio
935 3419 1154 3473 Domini
1191 3432 1355 3487 opera
1397 3417 1537 3486 ejus.
1595 3415 1678 3470 Ab
1732 3414 1890 3470 initio
1927 3457 1941 3480 ,
1990 3423 2046 3469 et
2097 3430 2127 3468 a

544 3517 821 3578 creatiom
845 3517 1114 3583 ipsorum,
1145 3511 1395 3566 distinxit
1423 3517 1605 3580 partes
1635 3509 1875 3576 illorum.
1902 3506 2131 3564 Ornavit

547 3607 602 3660 in
633 3615 896 3660 aeternum
926 3619 1089 3672 opera
1113 3617 1236 3664 sua,
1268 3611 1323 3656 et
1351 3601 1616 3671 principia
1643 3617 1834 3656 eorum
1876 3601 1930 3654 in
1963 3616 2128 3670 geue-
2185 3602 2187 3604 ’

549 3699 790 3753 rationes
837 3711 1030 3752 eorum
1084 3697 1125 3750 ².
1177 3715 1194 3746 ι
1236 3695 1506 3765 Additque
1549 3696 1712 3765 paulo
1761 3705 1920 3766 post:
1963 3714 1982 3746 ι
2023 3695 2131 3748 Aut

546 3806 672 3861 qua:
705 3805 944 3859 unquam
979 3790 1145 3849 acies,
1186 3787 1383 3856 inquit,
1416 3797 1526 3841 tam
1571 3787 1876 3856 composito
1916 3787 2134 3857 agmine

550 3899 804 3952 campum
857 3882 1184 3946 transmisit,
1221 3889 1592 3949 praacurrente
1633 3880 1867 3942 neruiue,
1917 3880 2134 3934 nemine

547 3975 855 4037 deerrante,
885 3971 1102 4026 nemine
1131 3983 1225 4026 aut
1257 3970 1708 4040 impedimentum
1739 3968 2001 4024 oﬁ'ereute
2031 3983 2135 4024 ca:-

548 4067 702 4132 teris,
736 4075 831 4120 aut
861 4075 1088 4119 caeteros
1113 4065 1296 4119 minus
1317 4072 1690 4133 consequente
1717 4083 1730 4116 :
1757 4079 1922 4134 quam
1951 4078 2137 4133 mqua-

549 4159 624 4214 tis
683 4173 897 4228 semper
947 4158 1255 4223 ordinibus,
1307 4165 1361 4212 et
1418 4156 1623 4227 pressis
1661 4156 1827 4210 veluti
1883 4155 2086 4226 clypeis
2117 4196 2133 4221 ,

549 4260 845 4320 perpetuus
881 4250 988 4317 ille,
1017 4265 1117 4305 nec
1137 4265 1368 4317 usquam
1397 4259 1491 4302 aut
1512 4250 1872 4318 interruptus,
1898 4255 2135 4318 autper-

2239 3231 2330 3285 ἴσα
2361 3231 2632 3302 βαίνοντος
2654 3234 2746 3285 καὶ
2799 3233 3376 3305 συμπεριδινουμένου·
3410 3236 3573 3288 πόθεν
3595 3236 3825 3292 ἀδιάτα-

2237 3339 2374 3386 κτοι,
2428 3324 2521 3376 καὶ
2553 3323 2925 3400 ἀπροαίρετοι,
2957 3326 3051 3378 καὶ
3075 3325 3316 3392 ἀγνῶτες
3348 3326 3591 3398 ἀλλήλων
3619 3329 3751 3381 συνέ
3762 3348 3826 3399 μ-

2237 3432 2392 3484 ποροι
2439 3415 2787 3486 παμπληθεῖς
2831 3416 3370 3488 συνανεστρὰςρησαν.
3431 3419 3628 3483 Καλῶς
3681 3437 3743 3473 τε
3801 3423 3830 3474 ό

2239 3509 2523 3579 προφήτης
2549 3510 2605 3560 ἐν
2636 3511 2749 3571 τοῖς
2781 3508 3064 3573 ἀδυνάτοις
3097 3511 3192 3564 καὶ
3225 3511 3582 3576 ἀνενδείκτοις
3621 3511 3786 3578 ἔταξε
3813 3553 3826 3576 ,

2238 3599 2422 3666 ξένους
2439 3599 2540 3653 κᾶν
2567 3599 2660 3653 δύο
2688 3602 3013 3672 συνδραμεῖν
3035 3619 3048 3630 ·
3105 3623 3123 3653 ι
3149 3602 3629 3674 Βία-πορεύσονται,
3665 3605 3825 3674 φησὶ,

2239 3690 2333 3744 δύο
2390 3692 2483 3744 ἐπὶ
2507 3691 2566 3744 τὸ
2617 3692 2747 3745 αὐτὸ
2772 3691 3081 3763 κατάλυμα,
3112 3694 3207 3748 ἐὰν
3235 3695 3308 3766 μὴ
3334 3695 3676 3766 γνωρίσωσιν
3699 3698 3829 3749 ἑαυ-

2241 3785 2368 3848 τούς
2395 3804 2408 3849 ;
2453 3805 2470 3837 ι
2507 3783 2672 3838 Ταῦτ’
2705 3785 2895 3845 εἰπὼν,
2930 3786 3098 3856 μυρία
3124 3804 3181 3839 τε
3210 3787 3346 3842 ἄλλα
3374 3788 3582 3852 τούτοις
3610 3789 3829 3858 ἐπαγα-

2237 3874 2370 3944 γὼν,
2405 3874 2533 3945 ἑξῆς
2562 3873 2964 3939 κατασκευάζει
3001 3875 3090 3931 διὰ
3127 3877 3387 3932 πλειόνων
3411 3880 3472 3932 τὸ
3508 3879 3826 3951 πρόΰλημα,

2238 3966 2348 4021 ἀπό
2377 3985 2437 4020 τε
2463 3967 2570 4020 τῶν
2594 3968 2736 4021 κατὰ
2763 3969 2927 4040 μέρος
2959 3970 3237 4041 στοιχείων
3265 3971 3358 4027 τοῦ
3389 3971 3608 4035 παντὸς,
3632 3972 3744 4026 ἀπό
3769 3990 3828 4025 τε

2239 4060 2345 4114 τῶν
2369 4063 2424 4114 ὲν
2449 4061 2656 4125 τούτοις
2684 4062 3042 4116 παντοδαπῶν
3067 4062 3240 4130 ζώων,
3273 4065 3366 4117 καὶ
3392 4062 3454 4136 δὴ
3485 4065 3579 4119 καὶ
3599 4064 3708 4117 ἀπὸ
3725 4063 3828 4132 τῆς

2239 4151 2561 4226 τάνθρώπου
2587 4153 2819 4223 φύσεως.
2865 4155 2954 4222 Ἐξ
2988 4150 3062 4210 ὧν
3101 4156 3180 4210 ἔτι
3216 4156 3420 4229 βραχέα
3451 4160 3565 4222 τοῖς
3604 4158 3829 4230 εἰρημέ-

2240 4263 2351 4312 νοις
2378 4245 2654 4318 προσοεὶς,
2685 4247 3022 4302 καταπαύσω
3054 4249 3144 4302 τὸν
3177 4249 3422 4322 παρόντα
3451 4250 3627 4320 λόγον.

551 4345 826 4408 turbatus,
855 4353 949 4397 aut
987 4343 1142 4398 obice
1202 4343 1312 4396 ullo
1347 4342 1658 4396 retardatus
1707 4349 1978 4395 astrorum
2019 4343 2293 4396 exercitus
2366 4338 2744 4409 prOgreditur?
2792 4339 2956 4410 778
3001 4340 3166 4410 Atqui
3217 4343 3541 4396 transversis
3606 4343 3828 4412 quibus°

546 4439 673 4494 dam
729 4440 1175 4495 inclinationibus
1219 4454 1284 4493 ac
1335 4439 1580 4505 nutibus,
1628 4438 1876 4493 obscurae
1939 4453 2333 4509 nonnunquam
2409 4452 2602 4491 eorum
2664 4437 2996 4492 mutationes
3049 4437 3206 4490 ﬁunt.
3252 4435 3404 4493 Esto.
3454 4437 3685 4508 Semper
3743 4451 3826 4494 ta-

548 4549 671 4586 men
697 4542 751 4587 et
773 4532 983 4602 justum
1013 4533 1305 4588 observant
1334 4541 1570 4601 tempus,
1595 4541 1648 4586 et
1682 4531 1796 4586 loca
1835 4531 1945 4598 illa,
1980 4534 2124 4587 unde
2163 4531 2375 4602 singula
2439 4531 2714 4598 oriuntur,
2782 4531 3141 4600 prospiciunt,
3183 4530 3274 4600 qui
3324 4531 3428 4586 boc
3455 4548 3509 4585 ιιι
3534 4533 3702 4587 studii
3731 4552 3825 4604 ge-

550 4642 680 4681 nere
702 4637 1060 4694 occupantur.
1088 4623 1286 4678 Dicant
1308 4639 1438 4694 ergo
1457 4624 1943 4679 nobisatomorum
1963 4632 2206 4680 sectores
2275 4623 2502 4694 egregii,
2537 4622 2630 4691 qui
2655 4620 2984 4676 etdividunt
3025 4622 3326 4688 individua,
3383 4633 3436 4676 et
3505 4623 3700 4679 dissita
3749 4639 3826 4678 se-

543 4735 848 4808 junctaque
883 4721 1224 4786 consociant,
1254 4728 1309 4774 et
1352 4720 1563 4773 inﬁnita
1605 4728 1784 4775 mente
1827 4719 2143 4786 deﬁniunt;
2184 4718 2329 4774 unde
2359 4718 2577 4772 tandem
2613 4715 2898 4771 circularis
2943 4716 3033 4772 ille
3095 4732 3280 4772 rerum
3341 4718 3649 4773 cmlestium
3699 4735 3827 4773 con—

541 4816 879 4884 juuetusque
901 4827 1097 4867 cursus
1126 4821 1289 4880 atque
1321 4810 1656 4866 conversio:
1712 4827 1837 4866 cum
1869 4827 1976 4865 non
2019 4827 2126 4864 una
2177 4808 2428 4880 quwdam
2470 4818 2780 4864 atomorum
2837 4819 3017 4865 strues
3078 4809 3160 4864 sic
3207 4818 3470 4881 tanquam
3542 4810 3714 4866 funda
3763 4824 3827 4877 te.

549 4924 696 4963 mere
729 4907 1181 4970 circumrotetur;
1215 4904 1306 4959 sed
1343 4905 1548 4960 chorus
1606 4905 1694 4959 ille
1729 4914 1912 4960 tantus
1955 4906 2267 4975 composito
2335 4905 2642 4976 zequalique
2682 4921 2871 4975 gressu
2928 4909 3224 4976 procedat,
3289 4918 3343 4964 et
3389 4911 3442 4962 in
3493 4909 3681 4965 orbem
3726 4927 3826 4966 una

545 5003 792 5057 volvatur
825 5019 836 5055 :
872 5011 965 5056 aut
989 5018 1098 5071 quo
1122 5010 1282 5070 pacto
1314 5000 1428 5066 ﬁat,
1455 5010 1514 5054 ut
1543 5009 1651 5054 tam
1685 5000 1842 5054 multi
1873 5001 2118 5070 ejusdem
2161 5002 2260 5055 vite
2293 5001 2453 5065 socii,
2485 5016 2516 5054 a
2548 5002 2765 5055 nemine
2814 5001 3070 5065 ordinati,
3110 5003 3261 5057 nullo
3303 5003 3513 5072 praediti
3570 5005 3820 5063 consilio.

545 5097 758 5166 sibique
786 5104 974 5148 mutuo
1001 5094 1168 5166 ignoti
1196 5110 1408 5160 omnes,
1435 5103 1584 5149 tanta
1636 5095 1798 5148 simul
1861 5096 2152 5150 concordia
2217 5103 2533 5165 susceptum
2575 5097 2681 5151 iter
2741 5095 3078 5152 conﬁciant?
3133 5096 3328 5153 Merito
3353 5098 3495 5153 enim
3522 5100 3825 5169 propheta,

548 5190 652 5244 hoc
684 5199 942 5258 tanquam
972 5203 1039 5242 ex
1073 5188 1140 5243 iis
1172 5204 1338 5242 unum
1364 5203 1484 5258 quae
1520 5202 1621 5242 nec
1677 5187 1794 5242 ﬁeri
1838 5203 1940 5244 nec
1971 5188 2185 5244 ostendi
2222 5197 2446 5259 queant,
2484 5188 2710 5258 protulit
2751 5200 2810 5244 ut
2832 5189 2942 5246 duo
2983 5192 3144 5244 simul
3170 5191 3438 5262 peregrini
3467 5205 3817 5257 concurrant,

544 5286 674 5340 dum
721 5284 818 5350 ait,
864 5303 882 5336 ι
914 5283 1322 5340 Convenientne
1353 5286 1460 5339 duo
1492 5285 1544 5339 in
1583 5285 1723 5339 idem
1769 5285 2159 5349 diversorium,
2201 5285 2248 5340 si
2316 5301 2424 5340 non
2452 5302 2510 5342 se
2547 5296 2740 5342 mutuo
2780 5287 3069 5342 noverint?
3104 5306 3124 5340 ι
3148 5285 3275 5342 Haec
3303 5288 3409 5341 ille.
3436 5286 3540 5353 Qui
3574 5299 3824 5343 sexcenta

547 5383 653 5437 alia
688 5393 1032 5451 persecutus,
1087 5390 1402 5452 susceptum
1455 5381 1712 5452 deinceps
1771 5393 2156 5451 argumentum
2197 5382 2447 5452 pluribus
2505 5384 2813 5449 conﬁrmat,
2849 5385 3046 5455 partim
3101 5399 3166 5439 ex
3193 5383 3424 5455 singulis
3462 5383 3706 5438 universi
3731 5383 3826 5437 ele—

549 5478 771 5542 mentis,
798 5479 996 5548 partim
1022 5495 1087 5532 ex
1115 5478 1296 5534 omnis
1337 5479 1552 5548 generis
1601 5479 1986 5545 animantium,
2036 5494 2161 5549 quae
2213 5479 2672 5548 complectuntur,
2731 5479 3124 5535 multitudine:
3188 5478 3385 5551 partim
3447 5493 3515 5534 ex
3546 5477 3663 5548 ipsa
3691 5493 3821 5548 quo—

547 5589 654 5642 que
694 5574 932 5627 bominis
956 5583 1145 5626 natura
1178 5573 1532 5642 depromptis.
1561 5572 1600 5627 Ε
1636 5573 1836 5643 quibus
1895 5573 1982 5627 ubi
2036 5587 2208 5643 pauca
2251 5572 2499 5642 quaedam
2535 5573 2908 5643 superioribus
2959 5572 3239 5642 addidero,
3277 5583 3388 5631 tum
3454 5573 3672 5628 demum
3709 5570 3828 5626 huic

543 5670 688 5729 libro
720 5671 880 5723 ﬁnem
904 5671 1205 5738 iu'ipoumn.

620 5767 632 5795 '
669 5764 810 5820 Psal.
847 5783 965 5830 citi,
998 5766 1087 5820 93.

641 5863 728 5935 ﬁt?)
776 5861 932 5918 Forte
979 5863 1522 5932 é;:.7:06:1'.2105v:0;.

1171 5769 1187 5796 ⁹
1227 5764 1391 5820 Ecrli.
1433 5783 1539 5828 xu,
1571 5767 1656 5821 Ξῖίὶ.
