4090 6382
250 293 380 350 ηει

750 415 1146 470 ΚΕΦΑΛΛΙΟΝ
1187 414 1332 483 Kq'.

298 503 436 556 ’Ami
479 501 586 570 τῆς
618 503 933 571 ἀνθρώπου
965 506 1231 574 φύσεως.
1268 505 1412 560 Ἀπὸ
1447 507 1555 560 τοῦ
1588 503 1797 560 αὑτοῦ.

329 614 347 645 ι
392 595 502 648 Καὶ
539 594 662 648 οὔτε
697 597 926 661 ἑαυτοὺς
950 598 1073 650 οὒτε
1106 597 1174 651 τὰ
1210 599 1340 669 περὶ
1365 599 1590 662 ἑαυτοὺς
1612 598 1832 670 ὁρῶσιν.

252 687 318 742 El
340 687 449 759 γάρ
479 705 564 752 τις
588 688 697 741 τῶν
728 690 1050 761 ἀρχηγετῶν
1072 690 1166 744 τοῦ
1203 693 1300 762 τῆς
1347 691 1600 755 ἀσεϐείας
1631 691 1838 763 ταύτης

251 779 543 850 δόγματος,
598 781 789 835 ἑαυτὸν
819 782 970 846 ὅστις
1022 783 1141 836 ἐστὶ
1171 785 1266 838 καὶ
1297 784 1441 848 ὅθεν,
1470 785 1834 852 ἀνελογίζετο,

253 871 553 942 ἐφρόνησεν
571 871 637 926 ἂν
660 871 850 946 ὥσπερ
882 875 1289 950 συνῃσθημένος
1318 878 1533 944 ἑαυτοῦ,
1566 879 1659 931 καὶ
1687 873 1840 931 εἶπεν

253 963 314 1014 οὐ
349 964 486 1033 πρὸς
536 964 635 1029 τὰς
682 966 938 1038 ἀτόμους,
977 967 1117 1022 ἀλλά
1170 969 1306 1042 πρὸς
1339 971 1430 1023 τὸν
1473 970 1694 1046 Πατέρα
1747 973 1840 1025 καὶ

257 1056 494 1126 Ποιητὴν
527 1057 754 1111 ἑαυτοῦ·
798 1077 816 1110 ι
852 1059 918 1113 Αἱ
953 1060 1134 1132 χεῖρές
1184 1079 1278 1115 σου
1328 1061 1568 1117 ἕπλασάν
1609 1080 1696 1134 με,
1747 1064 1840 1116 καὶ

255 1147 521 1218 ἐποίησάν
581 1165 670 1218 με.
714 1167 732 1199 ι
771 1148 880 1204 Kal
918 1150 1465 1226 προσεπεξεργάσατο
1514 1151 1581 1206 ἂν
1635 1154 1841 1216 ἐκεῖνος

253 1241 346 1293 τὸν
374 1239 676 1311 θαυμάσιον
708 1241 806 1312 τῆς
831 1245 1100 1314 ποιήσεως
1126 1245 1318 1299 ἑαυτοῦ
1344 1246 1543 1317 τρόπον
1567 1261 1580 1274 ⁸
1619 1241 1722 1298 «ἹΙ
1746 1246 1843 1317 οὐχ

252 1331 444 1403 ὥσπερ
484 1333 624 1401 γάλα
662 1349 728 1403 με
770 1333 1032 1405 ἥμελξας,
1084 1335 1365 1407 ἑτύρωσας
1417 1336 1474 1389 δέ
1515 1354 1581 1408 με
1614 1337 1703 1390 ἴσα
1755 1354 1844 1389 τυ-

258 1425 371 1497 ρῷ;
408 1425 594 1498 Δέρμα
651 1428 745 1480 καὶ
793 1428 960 1500 κρέας
997 1447 1063 1500 με
1119 1431 1394 1496 ὲνέδυσας,
1430 1430 1635 1495 ὀστέοις
1663 1432 1717 1484 δὲ
1751 1433 1844 1485 καὶ

256 1519 476 1590 νεύροις
511 1520 578 1590 μὲ
639 1519 876 1592 ἕνειρας.
923 1523 1077 1594 Ζωὴν
1133 1523 1189 1577 δὲ
1220 1524 1313 1576 καὶ
1359 1524 1505 1587 ἕλεος
1535 1524 1656 1577 ἔθου
1713 1525 1843 1597 παρ’

255 1610 402 1680 ἐμοὶ,
434 1611 466 1681 ἡ
493 1610 550 1662 δὲ
590 1611 864 1684 ἐπισκοπή
913 1629 1008 1666 σου
1042 1612 1276 1682 ὲφύλαξέ
1309 1631 1410 1685 μου
1446 1615 1508 1667 τὸ
1543 1614 1780 1686 πνεῦμα.
1823 1636 1839 1667 ι

257 1701 440 1765 Πόσας
468 1702 580 1773 γὰρ
608 1702 846 1774 ἀτόμους
877 1706 905 1757 ὁ
950 1704 1274 1776 Ἐπικούρου
1307 1706 1509 1778 πατὴρ,
1539 1707 1636 1761 καὶ
1678 1725 1846 1761 ποτα-

255 1793 367 1850 πάς
396 1793 455 1857 ἐξ
478 1794 670 1848 ἑαυτοῦ
699 1795 980 1868 προέχεεν,
1005 1797 1081 1850 ὅτ’
1109 1776 1554 1871 ἀπεσπέρμαι-νεν
1598 1801 1843 1854 Ἐπίκου-
1877 1776 1915 1829 Β

259 1899 351 1954 ρον
377 1900 391 1950 ;
419 1885 526 1938 Kal
550 1886 663 1949 πῶς
697 1889 778 1950 είς
807 1887 905 1958 τὴν
929 1888 1188 1960 μητρῴαν
1219 1889 1382 1943 αὑτοῦ
1429 1892 1840 1946 κατακλεισθεῖ-

258 1993 348 2028 σαι
375 1976 637 2049 γαστέρα,
671 1978 1079 2049 συνεπάγησαν,
1121 1982 1626 2054 ὲσχηματίσθησαν,
1675 1986 1844 2058 ὲμορ-

255 2067 548 2140 φώθησαν,
590 2068 952 2142 ἐκινήθησαν,
996 2071 1380 2145 ηὺξύνθησαν;
1424 2077 1536 2130 Kal
1585 2077 1783 2142 πολλὰς
1809 2081 1843 2150 ἡ

260 2161 488 2233 βραχεῖα
527 2163 678 2233 ῥανὶς
706 2161 806 2226 τὰς
846 2163 1168 2237 Ἑπικούρου
1198 2166 1432 2237 ἀτόμους
1470 2167 1846 2239 προσκαλεσα-

263 2256 421 2325 μένη,
457 2254 556 2318 τὰς
585 2255 681 2326 μὲν
715 2256 1054 2327 ὲπημφίεσεν
1089 2255 1269 2311 αὐτῶν
1315 2257 1489 2330 δέρμα
1533 2261 1626 2313 καὶ
1668 2260 1846 2333 σάρκα

259 2346 579 2418 γενομένας,
610 2352 731 2412 ταῖς
761 2348 816 2402 δὲ
845 2349 1196 2412 ὀστωθείσαις
1221 2349 1540 2422 ὴνώρθωται
1566 2393 1581 2416 ,
1624 2356 1744 2418 ταῖς
1789 2354 1845 2408 δὲ

263 2438 515 2509 συνεδέθη
542 2441 1084 2512 νευρορραφουμένη;
1113 2442 1180 2496 τά
1211 2459 1270 2495 τε
1305 2442 1438 2497 ἄλλα
1467 2445 1638 2498 πολλὰ
1685 2447 1844 2519 μέλη,

259 2529 356 2581 καὶ
386 2528 692 2601 σπλάγχνα,
723 2530 816 2583 καὶ
839 2530 1065 2598 ἔγκατα,
1097 2532 1191 2586 καὶ
1226 2531 1576 2605 αἰσθητήρια,
1628 2535 1697 2588 τὰ
1749 2537 1846 2607 μὲν

261 2619 493 2686 ἔνδοθεν,
524 2621 591 2675 τὰ
614 2621 671 2674 δὲ
692 2621 925 2693 θύραθεν
951 2623 1254 2694 ἐφήρμοσε,
1299 2623 1364 2676 δι’
1397 2618 1472 2678 ῶν
1501 2625 1844 2700 ὲζωογονήθη
1894 2610 1901 2617 ’

262 2712 324 2763 τὸ
359 2712 549 2782 σῶμα;
577 2705 652 2765 ὧν
679 2713 832 2766 οὐδὲν
868 2712 1036 2785 ἀργὸν
1084 2715 1204 2767 οὐδὲ
1244 2715 1461 2787 ἀχρεῖον
1503 2718 1804 2790 προσετέθη
1830 2737 1842 2749 ·

261 2805 387 2857 ἐπεὶ
424 2805 555 2875 μηδὲ
583 2805 652 2858 τά
682 2806 1011 2875 φαυλότατα,
1046 2809 1182 2878 μήτε
1209 2808 1412 2879 τρίχες,
1452 2811 1590 2881 μήτε
1619 2810 1810 2882 ὄνυχες
1829 2827 1843 2842 ⁶

263 2897 445 2950 πάντα
465 2897 541 2958 δὲ,
565 2895 632 2950 τὰ
663 2899 760 2968 μὲν
790 2897 924 2970 πρὸς
959 2898 1018 2951 τὸ
1041 2898 1141 2970 τῆς
1171 2900 1484 2964 συστάσεως
1515 2901 1727 2968 ὄφελος,
1778 2903 1848 2956 τὰ

259 2989 316 3041 δὲ
346 2988 480 3058 πρὸς
503 2988 562 3040 τὸ
585 2987 779 3052 κάλλος
816 2990 912 3060 τῆς
939 2988 1114 3058 ὅψεως
1147 2991 1411 3046 συντελεῖ.
1465 2993 1539 3046 Οὐ
1597 2993 1706 3066 γάρ
1749 2996 1847 3067 τῆς

260 3079 450 3151 χρείας
475 3078 663 3150 μόνης.
709 3079 844 3132 ἀλλὰ
890 3081 983 3132 καὶ
1012 3080 1110 3151 τῆς
1136 3080 1286 3152 ὥρας
1335 3080 1604 3151 ἐπιμελὴς
1637 3084 1670 3153 ἡ
1706 3083 1846 3154 Πρό-

259 3190 399 3226 νοια.
442 3173 661 3244 Ἔρυμα
696 3173 794 3244 μὲν
820 3172 927 3244 γὰρ
956 3173 1049 3226 καὶ
1077 3173 1377 3245 σκέπασμα
1407 3175 1588 3245 πάσης
1621 3176 1717 3247 τῆς
1753 3194 1844 3229 κε-

261 3264 438 3335 φαλῆς
466 3267 498 3336 ἡ
535 3264 678 3337 κόμη
697 3281 709 3294 ο
739 3265 1041 3336 εὐπρέπεια
1069 3265 1124 3318 δὲ
1159 3269 1187 3320 ὀ
1212 3265 1410 3335 πώγων
1438 3267 1516 3336 τῷ
1550 3267 1840 3339 φιλοσόφῳ.

262 3360 373 3430 Τήν
407 3375 464 3411 τε
521 3356 614 3411 τοῦ
645 3357 766 3410 ὅλου
799 3355 1050 3428 σώματος
1094 3357 1187 3411 τοῦ
1220 3357 1558 3429 ἀνθρωπείου
1587 3358 1748 3428 φύσιν
1783 3361 1847 3412 ἐκ

263 3449 370 3501 τῶν
398 3447 580 3519 μερῶν
613 3447 923 3518 ἀναγκαίων
957 3447 1173 3501 πάντων
1209 3448 1442 3519 ἥρμοσε,
1479 3450 1572 3502 κα)⁵
1604 3453 1717 3514 τοῖς
1751 3450 1846 3522 μέ-

263 3540 378 3593 λεσι
404 3543 535 3594 πᾶσι
570 3541 667 3612 τήν
699 3557 759 3592 τε
789 3539 927 3610 πρὸς
953 3539 1156 3611 ἀλλήλα
1204 3540 1490 3594 κοινωνίαν
1534 3541 1846 3613 περιέϐαλε,

262 3633 359 3685 καὶ
397 3633 497 3704 τὴν
544 3629 696 3703 παρά
727 3631 820 3684 τοῦ
865 3626 1285 3702 ὄλουχορηγίαν
1319 3631 1714 3704 ἐπεμέτρησεν.
1748 3627 1848 3688 Ὧν

260 3725 331 3776 τὰ
366 3724 463 3793 μὲν
490 3723 772 3796 ὁλοσχερῆ,
810 3723 903 3776 καὶ
935 3725 1044 3785 τοῖς
1095 3720 1328 3786 ἰδιώταις
1357 3723 1422 3776 ὲκ
1472 3723 1572 3794 τῆς
1630 3725 1846 3796 πείρας,

263 3817 331 3885 ἢν
362 3815 474 3885 ἔχει
503 3815 758 3885 δύναμιν,
797 3813 1069 3887 πρόδηλα·
1116 3814 1358 3887 κεφαλῆς
1402 3817 1666 3888 ἡγεμονία
1693 3857 1707 3881 ,
1756 3818 1850 3871 καὶ

265 3908 398 3977 περὶ
447 3906 538 3960 τὸν
590 3906 910 3976 ἐγκέφαλον,
947 3907 1138 3977 ὥσπερ
1185 3909 1421 3981 ἄρχοντα
1455 3911 1512 3962 ὲν
1561 3910 1852 3981 ἀκροπόλει

263 3999 375 4053 τῶν
425 3997 728 4070 αἰσθήσεων
782 3999 1171 4074 ἠδορυφορία·
1239 4001 1561 4074 προσιοῦσαι
1609 4004 1719 4075 (50)
1755 4004 1851 4074 μὲν

263 4093 437 4162 ὄψεις,
467 4090 890 4159 ἀναγγέλλουσαι
921 4093 978 4145 δὲ
1013 4095 1192 4158 ἀκοαὶ,
1232 4093 1397 4167 ἐδωδὴ
1449 4095 1638 4170 ὥσπερ
1689 4113 1850 4168 φορο-

263 4184 524 4254 λογοῦσα,
553 4184 820 4256 ὄσφρησις
849 4185 1102 4258 καθάπερ
1139 4185 1496 4258 ἀνιχνεύουσα
1521 4189 1616 4241 καὶ
1639 4189 1714 4242 διε
1725 4205 1851 4259 ρευ-

264 4279 506 4350 νωμένη,
535 4279 629 4332 καὶ
666 4278 777 4348 ἁφὴ
809 4279 915 4331 πᾶν
947 4278 1306 4332 ὃιατάττουσα
1338 4279 1399 4332 τὸ
1426 4281 1684 4351 ὑπήκοον.
1723 4279 1853 4351 (Κε-

265 4369 588 4441 φαλαιωδῶς
608 4369 716 4442 γὰρ
737 4368 833 4422 νῦν
856 4368 1010 4438 ὀλίγα
1030 4368 1138 4422 τῶν
1159 4369 1258 4440 τῆς
1279 4369 1558 4438 πανσόφου
1591 4368 1851 4441 Προνοίας

1453 299 1774 356 PREPAR.
1816 296 2069 353 EVANG.
2113 296 2240 352 LIB.
2284 294 2422 354 XIV.

1865 422 1913 476 Α

3392 307 3411 356 l
3423 306 3528 360 28!

2506 414 2736 472 CAPUT
2768 415 2960 471 XXVI.

2010 503 2158 558 Idem
2185 520 2248 557 ea:
2277 505 2504 559 hominis
2537 517 2733 560 natura
2764 508 3118 561 concluditur.
3149 509 3231 562 Ex
3256 510 3458 565 eodem.

2021 614 2040 648 ι
2075 597 2153 652 Ac
2187 612 2254 651 ne
2282 613 2342 652 se
2376 598 2595 668 quidem
2638 599 2807 670 ipsos,
2851 598 3052 669 inquit,
3084 615 3184 654 nec
3211 611 3526 670 quaenam-

1945 702 2018 742 ra)
2043 703 2157 741 sua:
2187 687 2406 757 propria
2437 697 2584 752 sunt,
2636 689 2724 744 isti
2755 688 2960 743 vident.
2999 687 3056 742 Si
3105 690 3228 758 quis
3259 690 3402 743 enim
3457 708 3525 744 ex

1946 780 2052 836 illis
2078 780 2258 850 impia).
2287 781 2552 837 doctrina:
2612 783 2972 853 principibus,
3027 783 3123 852 qui
3155 784 3395 845 tandem,
3432 795 3528 837 aut

1944 876 2089 930 unde
2122 875 2214 942 sit,
2243 892 2368 931 cum
2396 876 2581 930 animo
2613 883 2890 946 reputaret
2916 891 3040 941 suo,
3067 875 3113 930 is
3148 873 3388 945 profecto
3412 881 3526 927 vel-

1945 978 2005 1023 ut
2049 967 2101 1022 in
2137 969 2338 1024 suimet
2359 984 2583 1024 sensum
2603 969 2897 1031 adductus.
2924 978 3140 1039 saperet
3168 968 3334 1032 illico,
3368 977 3530 1037 atque

1945 1060 2050 1115 hac
2081 1075 2235 1127 voce,
2263 1077 2372 1115 non
2400 1062 2514 1131 jam
2566 1069 2801 1128 atomos,
2827 1063 2920 1117 sed
2962 1062 3176 1116 Patrem
3215 1062 3330 1130 ipse
3359 1060 3528 1111 Crea-

1946 1160 2228 1222 toremque
2263 1169 2423 1208 suum
2452 1155 2767 1224 appellaret,
2820 1173 2838 1204 σ
2874 1154 3066 1209 Manus
3107 1163 3209 1208 tua:
3263 1153 3531 1206 formave-

1946 1252 2074 1298 runt
2108 1260 2214 1311 me,
2251 1254 2306 1299 et
2335 1243 2585 1300 fecerunt
2622 1262 2709 1300 me
2739 1247 2779 1297 ¹.
2819 1264 2836 1296 ι
2875 1245 2940 1298 Et
2964 1243 3420 1314 quemadmodum
3453 1242 3533 1295 al-

1948 1344 2029 1390 ter
2062 1335 2172 1400 ille,
2202 1337 2579 1392 admirabilem
2609 1338 2912 1393 molitionis
2947 1354 3059 1392 suae
3109 1336 3371 1390 rationem
3406 1351 3530 1406 per—

1949 1439 2173 1496 texeret,
2203 1449 2222 1482 ι
2253 1428 2448 1484 Nonne
2500 1430 2644 1484 sicut
2695 1431 2779 1484 lae
2827 1428 3061 1483 mulsisti
3119 1444 3224 1492 me,
3279 1438 3333 1482 et
3385 1428 3532 1481 sicut

1948 1529 2170 1574 caseum
2197 1535 2286 1574 me
2319 1520 2668 1590 coagulasti?
2699 1519 2842 1574 Pelle
2870 1529 2924 1574 et
2953 1535 3119 1574 carne
3155 1518 3368 1572 vestisti
3421 1534 3528 1583 me,

1948 1614 2167 1669 ossibus
2196 1623 2250 1668 et
2285 1614 2467 1668 nervis
2492 1614 2814 1684 compegisti
2877 1628 2982 1667 me.
3025 1611 3202 1666 Vitam
3228 1621 3281 1665 et
3310 1611 3531 1664 miseri.

1949 1705 2191 1758 cordiam
2243 1704 2481 1759 tribuisti
2539 1705 2692 1768 mihi,
2727 1715 2777 1757 et
2834 1705 3075 1759 visitatio
3109 1714 3200 1758 tua
3233 1702 3532 1757 ettstudivit

1945 1796 2196 1865 spiritum
2248 1812 2430 1851 meum
2461 1797 2502 1851 '.
2569 1815 2588 1849 ›
2631 1794 2775 1862 Quot
2801 1797 2968 1860 enim,
3001 1796 3219 1860 amabo,
3271 1804 3324 1849 et
3348 1794 3534 1862 cujus-

1946 1889 2092 1943 modi
2121 1896 2336 1944 atomos
2355 1886 2570 1958 Epicuri
2593 1899 2744 1958 pater
2774 1905 2839 1942 ex
2873 1904 2931 1942 se
2956 1887 3218 1956 profudit,
3249 1902 3373 1942 cum
3404 1886 3534 1954 Epi-

1945 1989 2136 2035 curum
2178 1979 2606 2050 proseminaret?
2669 1980 2833 2051 779
2881 1979 3174 2046 Quomodo
3233 1979 3288 2033 in
3341 1980 3532 2034 matris

1945 2075 2067 2142 ejus
2089 2074 2270 2127 alvum
2306 2073 2533 2128 inclusa:
2563 2074 2909 2138 coaluerunt,
2935 2074 3166 2143 figuram
3198 2088 3263 2125 ac
3293 2071 3528 2126 formam

1947 2174 2300 2234 acceperunt,
2333 2175 2621 2220 commota:
2661 2175 2808 2231 sunt,
2840 2175 3012 2220 auctae
3039 2165 3211 2219 sunt?
3245 2163 3534 2232 Quomodo

1950 2274 2039 2313 res
2076 2258 2165 2312 ille
2202 2259 2553 2328 perexiguus,
2587 2258 2853 2327 plurimas
2897 2259 3114 2328 Epicuri
3157 2268 3370 2314 atomos
3406 2274 3532 2314 cum

1945 2351 2290 2414 advocasset,
2319 2351 2455 2404 alias
2483 2350 2536 2403 in
2562 2360 2740 2404 cutem
2774 2365 3109 2421 carnemque
3131 2359 3371 2405 mutatas
3403 2365 3532 2406 con-

1948 2440 2186 2504 vestivit,
2222 2439 2346 2494 aliis
2369 2440 2420 2492 in
2459 2454 2582 2493 ossa
2613 2439 2898 2494 conversis
2933 2439 3168 2493 erectior
3207 2455 3272 2494 ac
3305 2439 3534 2498 solidior

1949 2532 2216 2591 constitit.
2256 2531 2380 2587 aliis
2427 2546 2721 2584 nervorum
2770 2529 3059 2598 complexu
3126 2530 3367 2599 illigatus
3397 2529 3534 2585 est?

1948 2623 2069 2692 Quo
2086 2625 2320 2694 denique
2342 2624 2504 2678 modo
2527 2623 2635 2676 vim
2658 2631 2864 2677 tantam
2887 2623 3255 2675 membrorum
3274 2623 3532 2688 aliorum,

1947 2717 2244 2778 viscerum,
2275 2713 2684 2776 intestinorum,
2732 2727 2930 2768 sensus
2988 2713 3482 2766 instrumentorum
3515 2753 3532 2775 ,

1949 2809 2284 2863 intrinsecus
2331 2806 2741 2861 extrinsecusve
2786 2787 3062 2866 conflavit,
3103 2820 3227 2875 quae
3255 2806 3439 2858 vivum
3470 2820 3537 2860 ac

1949 2901 2164 2970 spirans
2186 2914 2388 2969 corpus
2416 2897 2692 2953 eﬂiceret?
2724 2894 2860 2951 Nam
2879 2912 2945 2952 ex
2968 2897 3079 2952 illis
3112 2896 3334 2967 quidem
3355 2898 3534 2952 omni-

1953 2993 2054 3048 bus
2092 2993 2330 3048 otiosum
2385 2990 2521 3045 nihil
2551 2999 2653 3056 est,
2688 2990 2822 3044 nihil
2860 2989 3069 3053 inutile,
3111 3003 3219 3042 non
3272 2989 3389 3058 pili,
3421 3004 3534 3042 non

1950 3097 2182 3152 ungues,
2212 3098 2320 3136 non
2343 3068 2683 3152 caetera‘qua:
2701 3081 3070 3152 abjectissima
3092 3080 3263 3135 videri
3289 3081 3532 3150 possint:

1951 3176 2136 3230 omnia
2169 3178 2254 3230 vel
2278 3176 2344 3229 ad
2371 3175 2810 3230 constituendam
2841 3174 2962 3243 ejus
3009 3173 3403 3244 integritatem,
3447 3173 3535 3229 vel

1949 3269 2016 3324 ad
2046 3270 2281 3340 speciem
2315 3267 2748 3340 dignitatemque
2805 3266 3147 3321 conducunt.
3218 3263 3328 3320 Nec
3386 3267 3534 3322 enim

1949 3362 2074 3416 usui
2097 3362 2363 3415 duntaxat
2387 3359 2477 3412 uni
2533 3355 2908 3422 Providentia,
2953 3357 3050 3413 sed
3084 3358 3248 3412 etiam
3290 3357 3535 3427 pulchri-

1955 3453 2128 3508 tudini
2162 3467 2226 3506 ac
2249 3452 2434 3506 forma:
2456 3449 2734 3520 prospicit.
2761 3448 2952 3518 Itaque
2974 3450 3145 3504 totius
3176 3449 3374 3519 capitis
3403 3463 3534 3519 pro-

1949 3545 2316 3616 pugnaculum
2349 3542 2627 3613 quoddam
2672 3557 2736 3595 ac
2785 3548 3160 3610 tegumentum
3217 3555 3374 3595 coma
3405 3549 3534 3596 est:

1947 3639 2115 3694 barba
2138 3637 2447 3709 philosophi
2475 3635 2643 3690 decus
2691 3643 2746 3689 et
2773 3642 3187 3689 ornamentum.
3241 3633 3334 3688 Illa
3372 3635 3536 3704 igitur

1951 3731 2144 3802 integri
2179 3730 2426 3799 corporis
2477 3727 2705 3782 humani
2761 3733 3018 3781 naturam
3062 3741 3128 3781 ex
3161 3725 3408 3795 partibus
3437 3741 3532 3782 ne-

1950 3821 2206 3877 cessariis
2230 3819 2488 3875 omnibus
2508 3817 2927 3888 coagmentavit,
2953 3817 3327 3887 membrisque
3358 3818 3538 3874 omni-

1951 3913 2055 3969 bus
2081 3928 2209 3969 cum
2247 3920 2494 3966 mutuam
2521 3910 2662 3965 inter
2687 3925 2746 3965 se
2792 3909 3240 3965 communionem
3295 3911 3534 3980 indidit,

1950 4016 2066 4064 tum
2099 4023 2166 4062 ex
2204 4005 2373 4061 totius
2397 4004 2562 4059 etiam
2589 4003 2786 4074 opibus
2808 4003 3020 4073 prolixe
3047 4002 3343 4057 admodum
3377 4019 3442 4059 ae
3471 4005 3538 4057 li-

1953 4099 2208 4154 beraliter
2230 4099 2491 4153 admensa
2513 4105 2617 4151 est.
2645 4094 2710 4150 Et
2727 4095 2972 4150 membra
2987 4094 3209 4165 quidem
3234 4095 3525 4163 potissima

1952 4207 2116 4262 quam
2143 4190 2253 4244 vim
2281 4197 2335 4244 et
2354 4186 2666 4243 facultatem
2695 4188 2952 4252 habeant,
2983 4201 3090 4241 usu
3122 4195 3178 4241 et
3203 4187 3537 4256 experientia

1953 4281 2055 4351 ipsi
2089 4282 2255 4336 etiam
2285 4279 2466 4334 idiota:
2490 4285 2694 4332 norunt
2722 4295 2735 4331 :
2763 4277 2959 4348 capitis
2984 4277 3344 4347 principatus.
3390 4277 3537 4334 circa

1954 4372 2236 4427 cerebrum
2262 4377 2524 4438 tanquam
2550 4367 2964 4437 imperatorem,
2996 4383 3256 4424 sensuum
3288 4367 3344 4422 in
3381 4382 3539 4423 acro-

264 4461 443 4532 ἔργων
473 4456 941 4530 ἐπιδραμούμεθα,
977 4459 1095 4528 μετ’
1119 4455 1296 4526 ὀλίγον
1316 4455 1723 4529 ἀκριϐέστερον,
1755 4453 1849 4507 τοῦ

1961 4465 2067 4537 poli
2102 4463 2348 4520 excubiae
2373 4471 2539 4532 atque
2569 4460 2845 4532 praesidia,
2892 4459 3304 4532 progredientes
3339 4462 3478 4515 oculi
3513 4503 3528 4526 ,

264 4551 401 4605 Θεοῦ
435 4550 686 4614 διδόντος,
718 4549 1245 4621 ἐπεξεργασόμενοι,
1291 4549 1420 4601 ὅταν
1453 4548 1590 4620 πρὸς
1622 4547 1712 4600 τὸν
1767 4548 1850 4600 δο-

266 4641 469 4699 κοῦντα
491 4641 813 4712 λογιώτερον
840 4638 1280 4712 ἀποτεινώμεθα.
1301 4639 1319 4710 )
1343 4639 1554 4712 Χειρῶν
1581 4637 1849 4698 διακονία,

265 4737 332 4791 δι’
354 4731 430 4789 ῶν
457 4736 710 4807 ἐργασίαι
736 4752 794 4787 τε
831 4735 1103 4796 παντοῖαι,
1134 4732 1229 4785 καὶ
1251 4731 1624 4803 πολυμήχανοι
1645 4728 1853 4782 τελοῦν-

264 4846 356 4882 ται
377 4828 582 4899 τέχναι,
601 4829 720 4889 ταῖς
743 4824 886 4880 κατά
911 4824 1074 4897 μέρος
1101 4823 1393 4894 δυνάμεσιν
1415 4823 1496 4885 είς
1515 4821 1643 4892 μίαν
1671 4837 1852 4890 συνερ·

267 4923 394 4992 γίαν
418 4920 861 4992 διηρθρωμένων,
891 4918 1060 4990 ὤμων
1085 4935 1142 4971 τε
1173 4915 1519 4989 ἀχθοφορίαι,
1559 4914 1652 4966 καὶ
1692 4930 1853 4966 κατοοο

268 5015 362 5086 χαὶ
390 5011 687 5074 δακτύλων,
721 5010 984 5079 ἀγκώνων
1003 5027 1061 5062 τε
1091 5009 1332 5080 καμπαὶ,
1359 5007 1497 5078 πρός
1525 5022 1585 5058 τε
1609 5004 1668 5058 τὸ
1694 5003 1854 5075 σῶμα

267 5106 400 5158 εἴσω
431 5103 818 5174 στρεφόμεναι,
847 5101 942 5155 καὶ
983 5101 1120 5173 πρὸς
1159 5099 1222 5153 τό
1267 5099 1426 5162 ἐκτὸς
1466 5096 1850 5161 ἀπονεύουσαι,

265 5201 354 5254 ἴνα
379 5196 702 5267 ἐφέλκεσθαι
733 5213 792 5248 τε
821 5196 916 5249 καὶ
961 5193 1297 5249 ἀπωθεῖσθαι
1333 5193 1594 5246 δύνωνται
1617 5207 1630 5220 ⁸
1677 5189 1856 5244 ποδῶν

267 5291 564 5364 ὑπηρεσία,
617 5290 684 5344 δι’
714 5282 790 5344 ῶν
818 5290 966 5342 πᾶσα
999 5291 1130 5361 ἡμῖν
1160 5286 1555 5340 ὑποπέπτωκεν
1607 5285 1641 5354 ἡ
1698 5282 1854 5355 περί-

266 5401 418 5454 γειος
446 5383 642 5447 κτίσις,
672 5383 903 5454 βάσιμος
938 5384 971 5453 ἡ
1004 5383 1097 5452 γῆ,
1124 5379 1309 5449 πλωτὴ
1340 5381 1372 5449 ἡ
1400 5377 1666 5439 θάλασσα,
1695 5376 1871 5446 περόι-⁴

269 5495 421 5548 σιμοι
453 5476 504 5528 oi.
538 5475 792 5545 ποταμοὶ,
827 5474 923 5528 καὶ
950 5473 1170 5526 πάντων
1195 5471 1331 5542 πρὸς
1366 5471 1545 5524 πάντα
1577 5466 1852 5537 ἐπιμιξία.

268 5568 486 5640 Γαστὴρ
531 5569 757 5639 ταμεῖον
807 5565 1023 5637 τροφῶν
1066 5566 1199 5617 πᾶσι
1244 5566 1356 5626 τοῖς
1398 5560 1856 5631 συντεταγμένοις

344 5683 359 5712 ¹
383 5680 526 5736 Psal.
557 5695 748 5746 cxvm,
777 5680 864 5733 73.
945 5680 965 5710 ³
995 5677 1096 5732 Job
1122 5694 1174 5744 κ,
1209 5675 1393 5730 lO-l‘l.

342 5793 453 5865 (ὖο)
495 5793 658 5848 Forte
700 5795 882 5864 προϊσ.

1959 4572 2122 4613 aures
2149 4555 2378 4611 nuntios
2410 4553 2765 4622 perferentes,
2804 4561 3057 4624 gustatus
3084 4552 3233 4607 velut
3261 4568 3540 4625 commea-

1959 4657 2070 4700 tum
2101 4659 2485 4714 annonamque
2501 4643 3088 4709 convehens,olfactus
3118 4643 3383 4715 indagans
3410 4660 3540 4715 quo-

1955 4731 2246 4788 dummodo
2265 4739 2427 4801 atque
2445 4731 2739 4800 vestigans,
2763 4741 2940 4787 tactus
2957 4730 3175 4785 subdita
3189 4733 3370 4786 omnia
3388 4732 3538 4803 dige-

1956 4842 2083 4884 rens
2101 4835 2157 4880 ει
2177 4820 2642 4895 ordinans.(Nunc
2668 4824 2812 4879 enim
2839 4838 2903 4879 ex
2921 4822 3340 4894 sapientissime
3354 4822 3543 4878 Provi-

1956 4917 2153 4972 dentiae
2178 4917 2434 4987 operibus
2463 4917 2776 4973 summatim
2806 4930 2973 4985 pauca
2990 4924 3200 4970 tantum
3219 4917 3396 4986 aliqua
3414 4931 3540 4987 per-

1956 5011 2252 5075 currimus,
2283 5010 2445 5064 iidem
2495 5009 2659 5081 paulo
2683 5016 2825 5078 post,
2862 5024 2987 5063 cum
3019 5009 3286 5065 adversus
3343 5010 3498 5067 illum
3524 5052 3539 5074 ,

1957 5101 2113 5172 cujus
2143 5101 2318 5172 major
2367 5112 2449 5155 est
2497 5098 2821 5155 eruditionis
2843 5097 3052 5167 opinio,
3089 5096 3493 5168 disputabimus
3526 5139 3540 5161 ,

1957 5195 2203 5260 uberius,
2231 5193 2342 5250 Deo
2362 5194 2520 5259 duce,
2556 5209 2622 5248 ac
2646 5192 2863 5262 plenius
2887 5191 3072 5245 omnia
3101 5192 3540 5260 persequemur.)

1956 5289 2216 5345 Manuum
2239 5305 2370 5362 ergo
2391 5288 2650 5358 deinceps
2682 5287 3073 5351 ministerium,
3093 5303 3214 5358 quae
3240 5285 3421 5340 omnis
3452 5302 3544 5356 go-

1957 5382 2105 5436 neris
2129 5380 2439 5434 functiones
2470 5379 2694 5439 obeunt.
2731 5387 2983 5446 artesque
3018 5376 3316 5430 moliuntur
3349 5376 3541 5445 singu-

1957 5474 2090 5528 laris
2139 5471 2360 5542 ingenii,
2413 5469 2652 5539 propriis
2700 5470 3008 5539 quibusque
3068 5466 3422 5523 facultatibus
3471 5467 3541 5522 ad

1958 5582 2121 5622 unam
2193 5564 2534 5622 functionum
2581 5563 2898 5619 societatem
2950 5563 3270 5617 instructa:
3326 5559 3541 5628 humeri
