4090 6382
532 355 672 411 Ιὲ85

1174 348 1444 406 EUSEBll
1481 347 1964 403 CESARlENSlS
2003 346 2154 402 OPP.
2197 346 2376 401 PARS
2415 345 2476 401 ll.
2515 375 2582 386 -—
2627 344 3126 402 APOLOGETICA.

3667 339 3809 395 1284

531 471 810 541 gestandis
837 470 1100 524 oneribus
1136 469 1337 535 idonei,
1366 469 1660 541 digitorum
1693 469 2112 540 prehensiones,

2230 469 2438 538 μέλεσιν
2473 466 2532 532 ἐξ
2582 469 2780 538 ἑαυτῆς
2837 469 2897 521 ἐν
2947 467 3130 539 μέτρῳ
3179 464 3239 518 τὸ
3288 463 3596 536 σιτηρέσιον
3633 461 3812 515 διανέ-

529 565 792 620 ﬂexiones
817 563 1149 629 cubitorum,
1181 578 1303 633 qua!
1333 564 1412 616 uti
1449 578 1535 618 res
1565 564 1648 618 vel
1685 564 1960 618 attrahere
1986 578 2115 633 pos-

532 655 645 706 sint
672 653 756 706 vel
799 651 1087 722 depellere,
1143 653 1474 707 intrinsecus
1520 653 1971 723 extrinsecusque
1998 669 2116 707 ver-

532 750 726 794 santur
757 759 768 795 :
808 741 1012 810 pedum
1038 741 1388 811 obsequium,
1417 757 1513 811 per
1561 759 1702 812 quos
1729 753 1911 798 creata
1967 745 2114 799 circa

536 840 735 886 terram
763 833 946 885 omnia
978 833 1138 888 nobis
1169 833 1564 899 obsecundant,
1599 836 1763 906 780
1785 836 1986 906 quibus
2009 846 2118 891 ter-

532 938 610 976 ne
631 931 1013 993 peragrantur,
1049 925 1378 994 navigantur
1409 928 1581 981 maria
1603 969 1617 993 ,
1649 929 1800 981 ﬂuvii
1829 928 2117 999 trajiciun-

534 1027 646 1078 tur,
675 1016 920 1070 omnium
966 1019 1295 1073 commercia
1357 1034 1483 1073 cum
1535 1021 1791 1076 onmibus
1834 1022 2113 1078 ineuntur.

535 1105 739 1161 Venter
785 1109 1032 1163 ciborum
1084 1111 1376 1176 agrarium,
1435 1114 1697 1168 membris
1733 1115 1990 1169 onmibus
2019 1131 2119 1171 suo

536 1200 850 1269 quibusque
883 1201 1002 1256 loco
1034 1212 1086 1256 et
1102 1201 1293 1257 ordine
1323 1205 1844 1274 collocatis,justam
1876 1222 1974 1276 per
1998 1223 2119 1262 sese

538 1306 811 1346 annonam
844 1292 1200 1359 distribuens,
1237 1303 1289 1348 et
1310 1294 1572 1365 quidquid
1603 1298 1939 1366 superﬂuum
1990 1307 2072 1372 est
2101 1337 2116 1361 ,

537 1382 784 1452 ejiciens.
811 1383 888 1438 Ac
926 1392 1140 1446 caetera,
1172 1401 1407 1453 quorum
1453 1387 1503 1439 vi
1539 1387 1792 1442 humana:
1847 1388 2118 1443 ﬁrmitatis

538 1482 592 1526 et
624 1475 1060 1527 conservationis
1109 1476 1248 1528 ratio
1278 1477 1612 1531 continetur.
1666 1478 1865 1532 llorum
1897 1495 2030 1534 usus
2067 1479 2119 1532 in

541 1566 722 1620 stultis
748 1582 902 1634 mque
935 1567 1383 1637 sapientibusque
1401 1569 1597 1623 similis
1617 1579 1719 1635 est,
1739 1571 1978 1640 cognitio
2005 1571 2120 1625 dis-

541 1659 758 1712 similis.
790 1659 894 1711 Alii
924 1659 1124 1728 quippe
1155 1675 1318 1728 quam
1364 1661 1552 1715 animo
1576 1661 1912 1716 divinitatem
1950 1660 2122 1717 infor-

541 1753 764 1819 marint,
795 1755 859 1806 ad
884 1767 1024 1814 eam,
1062 1761 1121 1805 ut
1146 1769 1267 1822 quae
1288 1770 1467 1807 rerum
1494 1743 1738 1808 omnium
1759 1755 2121 1810 scientissima

543 1845 633 1906 sit,
664 1853 829 1912 atque
868 1843 922 1897 in
949 1858 1008 1896 se
1031 1844 1180 1911 ipsos
1216 1842 1736 1904 beneticentissima,
1771 1852 1943 1897 totam
1984 1841 2123 1898 refe-

544 1946 672 1992 runt
705 1937 870 2006 hujus
893 1936 1212 1992 meonomiae
1241 1937 1527 2002 rationem,
1558 1937 1703 2006 quod
1729 1931 1847 1990 eam
1874 1938 2124 2006 superin-

543 2030 622 2084 ris
645 2029 931 2097 cujusdam
961 2044 1294 2098 prorsusque
1327 2029 1522 2082 divina:
1543 2045 1666 2082 cum
1701 2030 1980 2098 sapientize
2011 2039 2122 2083 tum

544 2122 828 2190 potestatis
861 2136 999 2189 opus
1033 2120 1385 2174 existiment:
1421 2119 1511 2172 alii
1553 2119 1993 2183 contra,insulse
2027 2120 2124 2172 ad-

547 2214 790 2276 modum,
821 2210 1049 2265 fortunze
1083 2221 1135 2264 et
1157 2213 1308 2266 casui
1343 2213 1876 2269 administrationem
1911 2229 2125 2269 summa

551 2306 934 2375 dignissimam
977 2305 1343 2359 admiratione
1394 2304 1712 2359 defendunt.
1755 2306 1822 2358 At
1850 2321 1979 2360 vero
2012 2305 2125 2359 νηὶ-ι

547 2398 817 2452 caciorem
850 2397 1030 2452 adhuc
1059 2414 1238 2451 rerum
1273 2399 1504 2451 istarum
1539 2398 2130 2461 considerationem,et

546 2491 782 2561 partium
807 2490 1128 2544 interiorum
1166 2492 1460 2556 rationem,
1492 2491 1688 2544 medici
1722 2492 1941 2561 quidem
1968 2492 2130 2546 altius

547 2584 972 2655 diligentiusque
999 2583 1204 2646 rimati,
1237 2599 1301 2637 ac
1328 2584 1707 2638 vehementius
1731 2585 2008 2648 admirati,
2037 2585 2091 2637 di
2114 2616 2128 2626 -

547 2675 828 2729 vinitatem
865 2684 1071 2728 naturae
1117 2674 1424 2728 tribuerunt
1455 2691 1468 2726 :
1519 2689 1619 2729 nos
1654 2690 1771 2729 eam
1809 2687 2017 2744 postea,
2044 2676 2128 2745 je-

543 2767 682 2836 juno
730 2766 983 2822 fortassis
1025 2778 1077 2820 et
1115 2768 1360 2834 exiliter,
1395 2777 1449 2821 at
1488 2782 1585 2836 pro
1634 2765 1894 2822 facultate
1943 2779 2129 2822 nostra

548 2873 959 2928 persequemur.
989 2856 1145 2912 Nune
1171 2868 1228 2914 ut
1258 2859 1510 2913 universe
1545 2859 1650 2914 hoc
1695 2862 2126 2930 summatimque

548 2949 819 3015 dicamus,
852 2948 1074 3018 Ecquis,
1106 2949 1354 3006 obsecro.
1397 2960 1566 3003 totum
1589 2951 1691 3005 hoc
1721 2951 2131 3006 tabernaculum

549 3039 850 3096 fabricatus
878 3053 980 3107 est,
1011 3042 1267 3104 sublime,
1324 3043 1529 3106 altum,
1568 3053 1812 3097 erectum
1841 3085 1855 3108 ,
1888 3045 2130 3114 elegans,

551 3135 618 3189 ad
651 3151 897 3200 sensum,
953 3145 1202 3202 motum,
1256 3137 1548 3197 actionem,
1602 3145 1656 3188 et
1710 3151 1871 3189 omne
1911 3136 2130 3205 quidem

2220 579 2412 632 μουσα,
2449 561 2544 614 καὶ
2591 562 2650 614 τὸ
2683 560 2999 632 περιττεῦον
3032 555 3376 629 ἐκτιθεμένη.
3428 556 3539 609 Καὶ
3569 555 3640 608 τά
3670 554 3809 610 ἄλλα

2214 653 2280 707 δι’
2313 655 2452 707 ὅσων
2477 655 2735 724 ἐμφανῶς
2762 657 2794 726 ή
2831 653 3094 724 διοίκησις
3121 653 3214 722 τῆς
3250 650 3589 723 ἀνθρωπείου
3629 665 3812 719 μεμη-

2216 747 2444 818 χάνηται
2511 746 2774 816 διανομῆς
2836 746 2980 815 (51)..
3025 739 3124 797 Ὧν
3155 744 3357 814 ὁμοίως
3408 745 3522 806 τοῖς
3574 742 3808 814 ἄφροσιν

2216 839 2432 911 ἔχοντες
2462 842 2510 892 οἱ
2543 841 2696 908 σοφοὶ
2736 839 2831 909 τὴν
2885 840 3065 910 κρίσιν
3102 839 3237 908 (5‘2),
3290 837 3390 890 οὐκ
3444 838 3656 906 ἴσχουσι
3709 833 3810 906 τὴν

2216 931 2435 1000 γνῶσιν.
2468 933 2530 984 Οἱ
2565 933 2662 1002 μὲν
2690 931 2798 1002 γὰρ
2827 933 2906 994 είς
2927 932 2993 1003 ἣν
3017 931 3082 984 ἀν
3099 931 3356 1000 οἱηθῶσιν
3381 928 3648 1000 ἀθεότητα
3667 927 3806 996 (55),

2215 1024 2316 1094 τὴν
2356 1023 2936 1094 ἐπιστημονικωτάτην
2969 1023 3096 1094 περὶ
3128 1023 3366 1085 πάντων,
3420 1020 3517 1074 καὶ
3566 1021 3668 1092 τὴν
3725 1021 3808 1082 εἰς

2219 1117 2446 1179 ἑαυτοὺς
2497 1116 2997 1187 εὐεργετικωτάτην
3051 1115 3415 1186 ἀναφέρουσιν
3469 1111 3808 1182 οἰκονομίαν,

2221 1208 2526 1280 κρείττονος
2555 1210 2648 1262 καὶ
2677 1208 2826 1272 θείας
2859 1208 3027 1272 ὅντως
3062 1206 3377 1279 φρονήσεώς
3407 1224 3462 1259 τε
3495 1207 3592 1259 καὶ
3640 1204 3808 1258 δυνά-

2224 1320 2365 1372 μεως
2393 1301 2552 1372 ἔργον
2587 1301 2755 1371 αὐτὴν
2785 1297 2922 1354 εἶναι
2959 1302 3305 1372 πιστούμενοι
3329 1316 3341 1328 °
3375 1302 3421 1352 οἱ
3449 1299 3505 1352 δὲ
3545 1296 3812 1368 συντυχίᾳ

2221 1394 2315 1445 καὶ
2351 1410 2413 1444 συ
2424 1391 2668 1462 μπτὼσει
2691 1393 2796 1444 τῶν
2823 1393 3040 1463 ἀτόμων
3064 1393 3318 1456 ἀσκόπως
3352 1392 3452 1463 τὴν
3481 1391 3810 1462 θαυμασιω-

2220 1483 2390 1554 τάτην
2422 1482 2772 1554 καλλιεργίαν
2801 1483 3133 1536 ἀνατιθέασι.
3165 1484 3275 1554 Τὴν
3322 1483 3376 1535 δὲ
3412 1482 3811 1554 ἐνεργεστέραν

2223 1574 2303 1628 ἔτι
2325 1575 2530 1628 τούτων
2559 1575 2866 1645 ἐπίσκεψιν,
2908 1577 3001 1628 καὶ
3028 1576 3125 1647 τὴν
3154 1576 3262 1629 τῶν
3310 1574 3597 1628 ἐνδοσθίων
3631 1573 3812 1627 διάθε-

2227 1685 2330 1731 σιν,
2363 1667 2536 1738 ἰατροὶ
2564 1668 2683 1737 μὲν,
2711 1663 2954 1739 ἀκριϐῶς
2983 1668 3462 1740 διερευνησάμενοι
3497 1668 3591 1720 καὶ
3641 1683 3814 1721 κατα-

2226 1758 2543 1826 πλαγέντες,
2577 1759 2888 1825 ὲξεθείασαν
2919 1758 3017 1829 τὴν
3044 1758 3233 1827 φύσινο
3259 1761 3419 1830 ήμεῖς
3451 1758 3507 1811 δὲ
3560 1758 3811 1829 ὕστερον,

2158 1848 2195 1900 Β
2225 1852 2300 1914 ὼς
2328 1850 2394 1904 ἂν
2419 1846 2599 1905 οἷοίτε
2629 1851 2915 1922 γενώμεθα
2936 1892 2948 1914 ,
2986 1852 3089 1905 κᾶν
3113 1851 3374 1923 ἐπιπολῆς
3399 1851 3531 1922 (54),
3563 1852 3813 1905 ἀναθεω-

2230 1945 2488 2015 ρήσομεν.
2529 1943 2776 1997 Καθόλου
2811 1945 2866 1997 δὲ
2920 1944 3013 1998 καὶ
3067 1944 3366 2016 συλλήϐδην
3396 1945 3515 1998 ὂλον
3553 1943 3718 1998 τοῦτο
3755 1944 3814 1998 τὺ

2231 2038 2426 2106 σκῆνος
2449 2037 2529 2099 τίς
2556 2036 2794 2091 τοιοῦτον
2823 2037 3272 2108 ἐσκηνοποίησεν,
3320 2037 3521 2108 ὑψηλὸν
3544 2079 3559 2104 ,
3607 2037 3814 2108 ὄρθιον,

2229 2126 2517 2200 εὔρυθμον,
2551 2128 2895 2198 εὐαίσθητον,
2927 2130 3228 2201 εὐκίνητον,
3259 2130 3503 2201 εὐεργὸν,
3540 2148 3815 2202 παντουρ-

2230 2220 2324 2287 γόν
2347 2236 2361 2283 ;
2398 2220 2460 2271 'H
2482 2219 2590 2272 τῶν
2617 2221 2833 2292 ἀτόμων
2857 2221 3066 2290 ἄλογος,
3085 2223 3236 2291 φασὶ,
3267 2223 3494 2294 πληθύς.
3541 2222 3684 2276 Ἀλλ’
3707 2224 3816 2276 οὐδ’

2232 2311 2297 2364 ἂν
2326 2311 2530 2374 εἰκόνα,
2552 2312 2781 2383 πηλίνην
2813 2315 3014 2366 ἐκεῖναι
3045 2312 3393 2366 συνελθοῦσαι
3417 2314 3685 2368 ’πλάσαιεν
3707 2315 3816 2369 οὐδ’

2232 2403 2520 2475 ἀνδριάντα
2554 2403 2751 2457 λίθινον
2784 2403 3016 2468 ξέσαιεν,
3048 2405 3155 2459 οὐδ’
3183 2405 3247 2459 ἂν
3295 2406 3510 2460 εἴδωλον
3540 2407 3820 2479 ἀργυροῦν

2232 2495 2264 2566 ἦ
2301 2494 2531 2566 χρυσοῦν
2559 2493 2901 2564 χωνεύσασαι
2942 2498 3360 2566 προσαγάγοιεν.
3421 2498 3581 2551 Ἀλλά
3630 2500 3821 2569 τέχναι

2235 2590 2328 2641 καὶ
2361 2589 2698 2658 χειρουργίαι
2733 2587 2934 2639 τούτων
2968 2588 3059 2639 ὑπ’
3089 2588 3390 2659 ἀνθρώπων
3421 2588 3684 2661 εὕρηνται
3711 2607 3818 2642 σωο

2238 2679 2580 2752 ματουργῶν.
2613 2674 2710 2732 Ὧν
2745 2680 2800 2733 δὲ
2830 2681 3150 2733 ἀπεικασίαι
3184 2682 3278 2733 καὶ
3310 2683 3671 2753 σκιαγραφίαι
3696 2683 3821 2753 δίχα

2235 2778 2424 2847 σοφίας
2447 2777 2545 2830 οὐκ
2570 2776 2633 2829 ἂν
2657 2776 2916 2845 γένοιντο,
2940 2775 3057 2839 πῶς
3084 2776 3151 2828 τὰ
3168 2776 3342 2846 ἀληθῆ
3364 2777 3456 2828 καὶ
3484 2776 3823 2847 πρωτότυπα

2232 2868 2436 2923 τούτων
2470 2868 2791 2938 αὐτομάτως
2821 2866 3134 2938 συμϐέϐηκε
3165 2885 3178 2933 ;
3217 2867 3378 2938 Ψυχὴ
3413 2868 3490 2933 δὲ,
3542 2867 3639 2920 καὶ
3694 2867 3826 2931 νοῦς

2235 2959 2329 3012 καὶ
2355 2957 2531 3026 λόγος,
2558 2958 2722 3010 πόθεν
2772 2957 3027 3025 ἐγγέγονε
3075 2956 3152 3027 τῷ
3203 2957 3508 3026 φιλοσόφῳ;
3562 2958 3632 3008 Ἢ
3669 2956 3831 3029 παρά

2234 3053 2342 3106 τῶν
2367 3053 2588 3122 ἀψύχων
2613 3053 2705 3104 καὶ
2730 3051 2970 3122 ἀνοήτων
2993 3051 3086 3104 καὶ
3109 3050 3406 3119 ἀλογίστων
3428 3049 3648 3120 ἀτόμων
3668 3049 3829 3104 ταῦτ’

2235 3144 2552 3216 ἡρανίσατο,
2616 3143 2885 3196 κάκείνων
2939 3143 3088 3214 αὐτῴ
3150 3161 3204 3195 τι
3240 3143 3444 3213 ἑκάστη
3495 3143 3675 3213 νόημα
3729 3143 3831 3196 καὶ

551 3228 787 3281 actionis
820 3242 994 3296 genus
1025 3236 1134 3281 tam
1165 3227 1381 3297 egregie
1406 3226 1825 3296 comparatum?
1855 3226 1961 3281 Ista
1983 3228 2126 3281 vide-

2235 3204 2410 3307 δόγμα
2443 3235 2762 3288 ἐνέπνευσεν
2788 3249 2802 3295 ;
2828 3235 2922 3286 καὶ
2946 3231 3135 3305 ὥσπερ
3171 3235 3199 3286 ὁ
3241 3233 3484 3286 Ἡσιόδου·
3528 3231 3696 3303 μῦθος
3729 3232 3833 3304 τὴν

551 3321 676 3374 licet
707 3331 1015 3374 atomorum
1052 3321 1345 3373 multitudo
1378 3321 1608 3374 rationis
1633 3336 1849 3389 expers.
1884 3320 1954 3374 At
1983 3322 2088 3376 illa:
2114 3363 2128 3384 ,

553 3425 615 3467 nt
647 3416 886 3468 maxime
905 3415 1254 3475 coriveniant,
1275 3429 1343 3466 ne
1375 3413 1572 3465 luteam
1598 3413 1820 3483 quidem
1841 3414 2130 3485 imaginem

553 3506 814 3571 formare,
849 3518 945 3560 aut
973 3505 1246 3575 lapideum
1280 3504 1636 3558 simulacrum
1680 3506 1982 3575 perpolire,
2041 3517 2135 3562 aut

553 3609 873 3666 argenteum
931 3596 1015 3650 vel
1070 3611 1296 3650 aureum
1362 3595 1567 3649 idolum
1603 3595 1844 3651 conﬂare
1879 3598 2132 3668 possint:

553 3703 787 3759 quorum
825 3689 1072 3742 omnium
1101 3689 1351 3759 proprias
1383 3705 1642 3743 manuum
1675 3699 1841 3755 artes,
1871 3692 2136 3760 ﬁngendis

554 3791 711 3851 aptas
761 3783 1105 3850 corporibus,
1167 3780 1451 3835 hominum
1477 3781 1806 3852 excogitavit
1840 3782 2132 3837 industria.

556 3873 802 3940 Quorum
843 3873 1006 3942 igitur
1041 3874 1159 3928 sine
1214 3874 1480 3943 sapientia
1517 3874 1952 3929 vel'adumbrari
2006 3891 2133 3945 spe—

553 3968 667 4022 cies
719 3965 1112 4035 informat-ique
1157 3980 1266 4020 non
1325 3967 1518 4036 possit,
1569 3967 1764 4020 horum
1833 3983 1960 4021 vera
2015 3969 2133 4037 ipsa

555 4059 912 4128 exemplaria,
950 4058 1042 4126 qui
1083 4059 1304 4113 tandem
1335 4058 1603 4112 exsistere
1632 4073 1730 4127 per
1757 4072 1878 4112 sese
1906 4068 2137 4113 temere-

2239 3327 2535 3400 Πανδώραν
2565 3328 2730 3396 φησιν
2757 3326 2863 3379 ὑπὸ
2891 3327 2998 3378 τῶν
3030 3325 3187 3390 θεῶν,
3218 3325 3390 3391 οὕτως
3421 3328 3458 3397 ἡ
3506 3326 3668 3394 σοφία
3698 3328 3837 3380 τάν.

2236 3420 2362 3492 δρὸς
2398 3420 2501 3473 ὐπὸ
2533 3419 2641 3472 τῶν
2685 3419 2904 3489 ἀτόμων
2937 3417 3326 3488 συνετελέσθη;
3369 3418 3479 3472 Καὶ
3517 3417 3739 3489 ποίησιν
3769 3418 3839 3471 δὲ

2241 3515 2442 3577 πᾶσαν,
2476 3513 2570 3564 καὶ
2604 3514 2783 3566 πᾶσαν
2824 3510 3121 3582 μουσικὴν,
3176 3511 3538 3580 ἀστρονομίαν
3590 3527 3674 3572 τε,
3734 3513 3838 3565 καὶ

2239 3603 2604 3674 γεωμετρίαν,
2630 3605 2724 3656 καὶ
2755 3603 2854 3664 τὰς
2891 3603 3057 3666 ἄλλας
3082 3604 3416 3673 ἐπιστήμας,
3465 3602 3651 3656 οὐκέτι
3689 3602 3840 3656 θεῶν

2243 3694 2532 3764 εὑρήματα
2557 3694 2651 3745 καὶ
2679 3693 3023 3765 παιδεύματα
3054 3695 3315 3764 φήσουσιν
3358 3692 3618 3762 Ἕλληνες
3652 3688 3796 3746 εἶναι
3815 3711 3835 3724 .

2247 3785 2402 3855 μόναι
2425 3785 2480 3837 δὲ
2513 3783 2796 3852 γεγόνασιν
2826 3784 3150 3856 ὲμπειρικαὶ
3188 3785 3280 3836 καὶ
3311 3784 3471 3852 σοφαὶ
3516 3784 3740 3837 πάντων
3781 3785 3839 3839 αι

2241 3877 2433 3947 ἄτομοι
2465 3875 2698 3930 Μοῦσαι.
2742 3876 2806 3928 Ἠ
2849 3873 2958 3945 γάρ
2996 3877 3060 3927 ἐκ
3103 3874 3212 3926 τῶν
3243 3875 3463 3944 ἀτόμων
3499 3873 3837 3947 Ἐπικούρου

2241 3969 2517 4038 Θεογονία,
2545 3969 2654 4022 τῶν
2679 3968 2774 4039 μὲν
2805 3968 3050 4040 ἀπείρων
3078 3968 3298 4037 κόσμων
3332 3965 3517 4037 ἔξορός
3545 3967 3719 4031 ἐστιν,
3753 3969 3838 4031 εἰς

2239 4062 2295 4114 δὲ
2329 4063 2426 4132 τὴν
2460 4061 2688 4133 ἄπειρον
2715 4061 2986 4132 ἀκοσμίαν
3021 4059 3447 4130 πεφυγάδευται.

557 4166 664 4222 que
699 4151 1032 4220 potuerunt?
1065 4149 1184 4204 Jam
1213 4155 1456 4205 animum
1504 4151 1720 4225 ipsum,
1792 4161 2054 4216 mentem,
2115 4162 2280 4224 atque
2353 4157 2618 4209 ratimrm
2687 4156 3048 4226 philosophus
3094 4155 3236 4210 unde
3301 4155 3504 4209 habet?
3561 4153 3712 4210 Eane
3766 4155 3838 4210 ab

559 4243 840 4310 inanimis,
871 4250 926 4297 et.
973 4244 1173 4297 mentis
1213 4259 1278 4297 ac
1322 4244 1551 4298 rationis
1596 4245 1914 4314 expertibus
1962 4247 2164 4302 atomis
2225 4249 2604 4310 emendicavit,
2665 4265 2786 4319 quae
2843 4250 2946 4304 sibi
2995 4250 3235 4320 aliquam
3291 4249 3518 4320 singula:
3548 4251 3833 4305 notionem

558 4340 866 4411 dogmaque
905 4339 1186 4409 proprium
1244 4337 1590 4395 infuderint?
1646 4349 1700 4395 et
1741 4343 2203 4410 quemadmodum
2247 4342 2551 4398 Pandoram
2587 4361 2616 4398 a
2648 4345 2755 4400 diis
2794 4345 3063 4400 llesiodus
3101 4345 3400 4410 fabulatur,
3426 4345 3506 4400 sic
3535 4347 3602 4400 ab
3629 4348 3832 4402 atomis

559 4437 808 4492 absoluta
846 4437 1084 4490 hominis
1133 4437 1401 4506 sapientia
1457 4435 1668 4491 fuerit?
1733 4437 1807 4490 lla
1841 4436 2030 4507 poesin
2083 4439 2342 4510 deinceps
2399 4456 2639 4505 omnem,
2689 4457 3016 4512 omnemque
3057 4442 3344 4505 musiratn,
3386 4443 3833 4506 astronomiam,

558 4532 931 4607 geometriam,
980 4543 1313 4602 caeterasque
1364 4533 1660 4596 doctrinas,
1715 4533 1942 4588 deorum
1992 4535 2211 4590 inventa
2252 4536 2875 4608 Grmriatqueinstituta
2893 4550 3089 4591 vocare
3114 4536 3396 4591 desinant:
3431 4537 3562 4590 sola:
3582 4537 3834 4591 omnium

558 4625 745 4696 peritae
783 4639 846 4679 ac
877 4623 1148 4694 sapientes
1171 4624 1338 4679 atomi
1393 4625 1553 4695 781
1605 4641 1776 4680 musae
1828 4627 2193 4684 celebrentur.
2251 4627 2386 4684 Nam
2417 4630 2506 4684 illa
2541 4630 2760 4700 quidem
2807 4646 2873 4684 ex
2919 4630 3121 4683 atomis
3148 4628 3366 4698 Epicuri
3397 4628 3712 4698 theogonia,
3767 4644 3832 4684 ex

558 4719 788 4778 infinitis
816 4721 978 4774 etiam
1009 4721 1232 4775 mundis
1272 4721 1566 4788 exsulavit,
1605 4721 1662 4775 in
1733 4721 2000 4778 inﬁnitam
2061 4727 2492 4795 perturbationis
2524 4728 2830 4780 vastitati-tn
2863 4726 3057 4794 ejecta.
3105 4745 3121 4776 ι

1108 4814 1337 4871 CAPUT
1375 4814 1588 4872 XXVII.

2754 4821 3149 4874 ΚΕΦΑΛΑΙΟΝ
3187 4821 3313 4872 ΚΖ’.

630 4930 861 5002 Operam
881 4946 1098 5002 suorum
1122 4929 1445 4984 molitionem
1490 4931 1598 5002 Deo
1631 4931 1953 4986 laboriosam
2004 4950 2068 4986 ac

2249 4938 2378 4990 Ὅτι
2409 4937 2520 4989 οὐκ
2560 4935 2856 4989 ἐπίπονον
2896 4931 2975 4997 τῷ
3003 4931 3126 4998 Θεῷ
3169 4932 3233 4985 τὸ
3264 4928 3632 5002 ἐργάζεσθαι.
3686 4930 3834 4985 Ἀπὸ

879 5001 1156 5056 molestam
1188 5018 1291 5055 non
1322 5018 1452 5055 esse.
1502 5000 1586 5055 Ea:
1613 5003 1813 5055 eodem.

2863 5005 2970 5059 τοῦ
3007 5002 3214 5058 αὑτοῦ.

633 5115 652 5148 ι
695 5095 870 5150 Moliri
919 5094 1145 5166 aliquid,
1185 5095 1591 5160 administrare,
1626 5094 1970 5164 benefacere,
2004 5111 2136 5167 pro-

556 5189 764 5254 videre,
796 5187 1012 5257 aliaque
1040 5185 1261 5251 similia,
1292 5186 1562 5241 inertibus
1592 5187 1811 5256 quidem
1843 5204 1908 5244 ac
1933 5189 2135 5253 stultis,

555 5281 828 5336 debilibus
862 5295 926 5336 ac
972 5295 1208 5350 nequam
1256 5281 1486 5335 molesta
1551 5279 1690 5336 forte
1731 5282 1862 5346 sint,
1901 5297 2135 5352 quorum

556 5390 616 5430 se
644 5388 894 5441 numero,
925 5373 1054 5428 dum
1086 5373 1214 5428 talia
1253 5374 1322 5429 de
1346 5373 1451 5429 diis
1485 5374 1669 5442 sentit,
1723 5374 1992 5444 Epicurus
2039 5377 2138 5431 ad-

620 5488 741 5558 ,(ῗῄ)
782 5487 908 5553 Ms.,
949 5486 1231 5557 διαμονῆς.

602 5548 740 5629 ,(32)
782 5548 906 5623 Ms.,
949 5548 1162 5629 χρῆσιν,

627 5631 739 5700 (53)
783 5630 943 5683 Forte
982 5630 1231 5700 θεότητα.

628 5698 739 5771 (54)
793 5698 1138 5768 Ἐπιπολῆςζ
1188 5700 1322 5753 Eum
1366 5700 1500 5756 mihi
1535 5715 1758 5756 sensum
1801 5701 2140 5771 expressisse

559 5770 768 5834 videor,
808 5772 898 5842 qui
930 5785 1002 5842 ex,
1032 5771 1349 5842 verbisillis
1380 5772 1609 5842 exprimi
1640 5770 1886 5841 poterat:
1925 5773 2019 5826 sed
2051 5780 2133 5824 ta—

561 5858 682 5896 men
714 5843 800 5896 illa
825 5837 955 5907 duo,
993 5840 1044 5895 id
1071 5852 1174 5906 est,
1206 5841 1280 5904 ὡς
1304 5841 1368 5895 ἂν
1399 5837 1502 5897 οἷοί
1534 5859 1593 5897 τε
1618 5837 1927 5914 γενώμεθα,
1951 5853 2004 5899 et
2030 5846 2141 5897 sm-

2322 5124 2340 5156 ι
2377 5102 2734 5177 Ἐργάζεσθαι
2767 5100 2823 5154 δέ
2855 5116 2940 5167 γε,
2968 5098 3064 5151 καὶ
3090 5097 3336 5160 διοικεῖν,
3371 5096 3465 5149 καὶ
3519 5096 3834 5167 εὐεργετεῖν

2246 5215 2326 5261 τε,
2350 5199 2444 5250 καὶ
2468 5193 2858 5268 προκήδεσθαι,
2883 5191 2979 5246 καὶ
2999 5189 3066 5242 τά
3085 5188 3327 5252 τοιαῦτα,
3357 5191 3470 5251 τοῖς
3493 5188 3591 5258 μὲν
3617 5189 3832 5258 ἀργοῖς,

2248 5291 2343 5344 καὶ
2355 5291 2574 5360 ἄφροσι,
2597 5286 2690 5340 καὶ
2709 5284 2978 5345 ἀσθενέσι,
2997 5285 3092 5336 καὶ
3108 5280 3438 5353 κακούργοις
3451 5279 3581 5343 ἴσως
3594 5279 3832 5352 ἐπαχθῆ,

2243 5377 2325 5446 οἷς
2355 5378 2704 5450 ἐγκατέλεξεν
2735 5378 2926 5431 ἑαυτὸν
2968 5376 3316 5448 Ἐπίκουρος,
3362 5374 3589 5428 τοιαῦτα
3629 5379 3836 5445 φρονη-

2246 5497 2434 5567 πολῆς,
2458 5496 2641 5567 minus
2665 5494 2962 5567 conjuncta
2996 5508 3118 5567 esse
3145 5507 3307 5558 posse
3331 5490 3586 5567 arbitror.
3613 5487 3832 5567 Miiller}:

2244 5558 2530 5641 igitu'ré‘rz't
2561 5558 2795 5641 πολλοῖς,
2822 5580 2980 5633 supp.
3023 5564 3263 5641 ῥήμασι,
3295 5578 3390 5641 seu
3420 5560 3615 5641 λόγοις.
3655 5558 3837 5614 Parti-

2246 5634 2367 5694 c'ula
2408 5637 2509 5692 κᾶν
2543 5637 2624 5691 vel
2670 5637 2862 5690 abesse
2895 5644 3104 5704 potest,
3160 5634 3246 5687 vel
3283 5635 3325 5688 si
3377 5634 3664 5704 retinetur,
3713 5646 3834 5684 em-

2248 5709 2658 5835 pliasiiilhabet
2701 5722 2825 5763 cum
2884 5702 3289 5762 asseveratione
3341 5702 3732 5773 conjunctam,
3775 5712 3836 5756 ut

2249 5797 2390 5835 szrne
2424 5798 2454 5835 a
2481 5795 2580 5835 tas.

2249 5797 2390 5852 saepe
2424 5795 2580 5836 anas.
