4090 6382
552 272 692 330 1287

549 396 680 451 dum
709 394 1026 450 ell'eruntur.
1061 396 1419 452 Audebuntue
1454 411 1584 451 vero
1634 396 1900 466 Epicurus
1934 409 1987 451 et
2029 395 2133 452 De-

548 488 815 543 mocritus
839 489 1038 552 dicere,
1078 489 1366 544 molestmn
1399 491 1502 546 sibi
1529 501 1693 560 atque
1736 493 1972 546 invisum
2007 508 2131 546 esse

547 579 966 649 philosophandi
1021 597 1223 636 munus
1275 584 1298 636 ?
1353 581 1467 647 lino
1518 600 1626 637 non
1681 585 1842 639 aliam
1890 585 2133 654 profecto

549 671 676 725 huic
724 674 892 726 animi
949 675 1276 742 voluptatem
1323 685 1674 746 anteponam.
1725 675 1835 731 Etsi
1862 679 2004 731 enim
2039 679 2133 732 bo-

547 776 680 814 num
713 762 1037 831 voluptatem
1069 779 1285 818 omnem
1316 780 1438 820 esse
1469 775 1738 831 statuunt,
1797 766 1904 821 hoc
1950 777 2128 822 tamen

547 853 728 907 dicere
770 853 1122 919 verebuntur,
1155 855 1522 926 philosophari
1557 858 1662 912 sibi
1703 873 1812 912 non
1858 874 1980 913 esse
2015 859 2132 913 vul-

547 946 662 1014 gari
696 947 969 1016 voluptate
997 949 1322 1017 jucundius.
1377 949 1517 1004 Deos
1567 966 1756 1020 porro,
1782 967 1922 1021 quos
1959 963 2130 1021 poclm

547 1035 771 1104 quidem
796 1056 814 1088 ι
849 1037 1118 1092 bonorum
1145 1050 1397 1094 auctores
1424 1058 1440 1090 ι
1475 1042 1792 1109 praedicant,
1818 1042 2129 1113 philosophi

545 1142 678 1181 vero
731 1129 844 1191 isti,
890 1131 1094 1184 nullius
1139 1133 1363 1184 oninino
1417 1133 1545 1186 boni
1577 1134 1660 1186 vel
1694 1143 1948 1188 auctores
1985 1150 2128 1200 esse,

546 1219 631 1274 vel
662 1221 956 1291 participes
991 1223 1213 1277 ridendo
1239 1224 1488 1292 jactant;
1523 1227 1675 1293 deos,
1705 1227 1952 1296 inquam,
1983 1228 2126 1290 illos.

545 1313 750 1382 quibus
792 1314 1009 1367 tandem
1043 1315 1348 1370 rationibus
1397 1326 1454 1370 ut
1499 1317 1632 1370 deos
1667 1332 1792 1371 esse
1819 1327 2007 1387 putent
2035 1318 2131 1372 ad-

545 1406 861 1474 ducuntur;
894 1423 1034 1477 quos
1068 1423 1167 1461 nec
1201 1418 1496 1477 praesentes
1525 1410 1764 1472 videant,
1799 1424 1899 1463 nec
1946 1426 2127 1464 rerum

547 1497 846 1566 quidquam
883 1498 1169 1552 molientes
1201 1498 1363 1568 (quos
1421 1501 1590 1552 secuti
1623 1499 1816 1553 saltem
1849 1500 2126 1566 videntur,

546 1588 641 1658 qui
671 1589 863 1654 solem,
919 1589 1102 1643 lunam
1142 1605 1207 1643 ac
1257 1590 1443 1644 stellas
1502 1592 1778 1658 admirati,
1816 1592 1983 1656 Θεοὺς
2024 1594 2128 1648 hoc

545 1690 633 1739 est
683 1683 829 1747 deos,
859 1681 947 1735 διὰ
979 1683 1041 1735 τὸ
1069 1683 1234 1748 θέειν,
1277 1684 1328 1737 id
1379 1692 1482 1749 est,
1537 1699 1566 1736 a
1607 1685 1876 1739 currendo
1907 1695 2128 1741 vocatos

1210 273 1475 331 EUSEBII
1514 275 1996 330 CASSARIENSIS
2037 273 2188 330 OPP.
2232 275 2412 329 PARS
2447 275 2509 330 ll.
2555 308 2620 316 -—
2661 275 3169 332 APOLOGETICA.

3687 278 3824 332 l288

2239 398 2378 451 ἐάων
2406 400 2516 466 (53)
2546 417 2556 427 ·
2600 419 2617 449 ›
2649 392 2792 452 οὗτοι
2820 399 2876 451 δὲ
2904 399 2952 449 οἱ
2985 396 3263 466 φιλόσοφοι
3299 396 3436 465 μετά
3474 395 3705 459 τωθείας
3735 397 3824 449 εὑ-

2244 492 2504 561 φημοῦσι,
2531 491 2642 544 θεοὶ
2667 493 2882 546 πάντων
2899 490 3118 558 ἀγαθῶν
3144 487 3414 560 ἀδώρητοι
3434 489 3543 558 (59)
3567 490 3660 540 καὶ
3683 489 3823 558 ἀμέ-

2239 601 2416 654 τοχοι·
2457 585 2550 638 καὶ
2598 583 2700 635 τίνι
2750 583 2936 654 τρόπῳ
2986 583 3410 652 τεκμηριοῦνται
3467 581 3621 644 θεοὺς
3666 576 3824 642 εἶναι,

2245 677 2382 747 μήτε
2411 676 2685 747 παρόντας
2725 676 2819 729 καὶ
2859 674 3197 745 πράττοντας
3226 691 3276 727 τι
3329 674 3563 745 ὁρῶντες
3595 712 3610 735 ,
3646 674 3722 736 ὡς
3749 674 3826 736 οἳ,

2240 769 2328 821 τὸν
2361 768 2509 838 ἥλιον
2540 768 2632 822 καὶ
2665 769 2762 838 τὴν
2791 767 3020 840 σελήνην
3044 767 3289 830 καὶτοὺς
3329 766 3564 838 ἀστέρας
3609 765 3826 836 θαυμά-

2243 877 2449 924 σαντες,
2475 861 2562 913 διὰ
2592 861 2652 912 τὸ
2684 860 2826 913 θέειν
2860 860 3064 929 ἔφασαν
3120 859 3417 930 κεκλῆσθαι
3455 858 3610 921 θεούς
3630 874 3644 888 °
3685 862 3824 929 μήτε

2239 953 2360 1005 τινὰ
2389 953 2745 1024 δημιουργίαν
2773 954 2956 1016 αὐτοῖς
2978 952 3010 1022 ἢ
3033 949 3376 1021 κατασκευὴν
3400 950 3823 1021 προσνέμοντες,

2240 1043 2306 1096 ἵν’
2340 1045 2403 1096 ἐκ
2424 1043 2516 1096 τοῦ
2550 1043 2742 1104 θεῖναι,
2777 1042 2921 1096 τοῦτ’
2963 1042 3076 1094 ἐστι
3116 1042 3377 1111 ποιῆσαι,
3425 1037 3824 1110 θεοποιὴσωσιν

2240 1134 2471 1196 αὐτούς’
2514 1133 2744 1202 (τούτου
2795 1133 2903 1204 γάρ
2935 1132 3096 1184 ’ἑνεκα
3141 1133 3276 1203 πρὸς
3321 1132 3582 1203 ἀλήθειαν
3632 1135 3660 1184 ὸ
3716 1133 3825 1182 τῶν

2237 1225 2492 1278 ἁπάντων
2526 1226 2750 1296 ποιητὴς
2787 1227 2880 1278 καὶ
2909 1223 3239 1296 δημιουργὸς
3283 1225 3441 1294 μόνος
3466 1225 3581 1276 ἐστί
3615 1225 3821 1291 Θεὸςο)

2241 1317 2375 1387 μήτε
2417 1317 2760 1387 διοίκησιν,ἢ
2795 1317 2994 1387 κρίσιν,
3050 1317 3081 1387 ἢ
3119 1316 3277 1386 χάριν
3307 1315 3484 1370 αὐτῶν
3517 1333 3641 1368 τινα
3686 1317 3823 1386 πρὶς

2239 1407 2557 1478 ἀνθρώπους
2589 1409 2945 1479 ἐκτιθέμενοι,
2983 1408 3070 1461 ἵνα
3099 1409 3260 1476 φόϐον
3354 1408 3518 1478 τιμὴν
3551 1407 3824 1478 ὀφλήσαν-

2236 1517 2327 1564 τες
2350 1503 2814 1573 προσκυνήσωμεν
2844 1502 3061 1565 αὑτοῖςς
3108 1503 3178 1554 Ἢ
3219 1501 3313 1553 τοῦ
3358 1501 3564 1570 κόσμου
3613 1500 3823 1570 προκὺ-

2235 1591 2342 1662 ψας
2389 1593 2729 1665 Ἐπίκουρος,
2767 1593 2860 1647 καὶ
2889 1593 2979 1646 τὸν
3012 1593 3262 1663 οὐράνιον
3309 1593 3551 1662 ὑπερΰάς
3602 1592 3822 1664 περίδο-

2236 1685 2348 1747 λον,
2379 1685 2412 1756 ἢ
2446 1685 2532 1739 διὰ
2555 1703 2714 1738 τινων
2768 1687 3032 1757 κρυφίων,
3089 1685 3154 1749 ἃς
3193 1686 3352 1756 μόνος
3398 1681 3554 1750 εἶδεν,
3589 1683 3822 1747 ἐξελθὼν

545 1791 669 1833 esse
722 1777 1025 1840 dixerunt),
1078 1790 1177 1828 nec
1222 1773 1333 1828 ullo
1375 1789 1597 1843 prorsus
1656 1775 1708 1827 in
1762 1790 1988 1844 operum
2039 1787 2125 1830 aut

2239 1775 2438 1836 πυλῶν,
2467 1774 2559 1837 οὒς
2591 1774 2698 1845 (40)
2736 1776 2792 1827 ὲν
2826 1773 2902 1844 τῷ
2930 1774 3072 1844 κενῷ
3103 1774 3314 1827 κατεῖδε
3371 1774 3546 1838 θεοὺς,
3579 1776 3675 1826 καὶ
3725 1773 3820 1844 τὴν

546 1866 895 1921 funetionum
937 1881 1136 1934 genere
1186 1863 1389 1918 versati
1442 1865 1687 1930 credant,
1733 1875 1792 1920 ut
1817 1880 1912 1921 eos
1940 1868 2005 1919 ὲκ
2035 1866 2129 1919 τοῦ

545 1961 739 2023 θεῖναι,
799 1961 901 2013 hoc
945 1966 1027 2011 est
1078 1958 1148 2010 ab
1196 1956 1479 2010 clliciendo
1541 1955 1953 2029 θεοποιήσωσιν,
2000 1959 2130 2014 deos

543 2052 784 2107 elliciant
835 2051 1146 2120 (prOpterea
1206 2050 1408 2118 quippe
1435 2050 1679 2102 oumium
1713 2050 1933 2111 elfeetor
1967 2059 2130 2121 atque

545 2144 764 2198 molitor
792 2157 934 2196 unus
974 2155 1100 2194 vere
1132 2139 1272 2195 Deus
1295 2143 1421 2209 est),
1453 2141 1602 2193 nullo
1630 2140 1866 2211 denique
1896 2143 1979 2197 vel
2023 2158 2128 2214 gu-

546 2232 908 2296 bernationis,
960 2232 1045 2286 vel
1089 2231 1302 2299 iudicii,
1336 2232 1418 2286 vel
1454 2233 1699 2286 beneﬁcii
1747 2233 1968 2288 vinculo
2003 2250 2128 2290 cum

549 2325 867 2382 hominibus
903 2327 1072 2380 teneri
1104 2326 1293 2391 vtlint,
1323 2335 1382 2379 ut
1409 2327 1614 2380 cultum
1660 2326 1728 2380 iis
1775 2327 2013 2397 aliquem
2047 2329 2129 2382 vel

546 2424 718 2479 metu,
752 2416 834 2470 vel
865 2415 1095 2469 honoris
1117 2429 1287 2468 causa
1311 2413 1654 2469 debeamus?
1687 2413 1830 2467 Num
1862 2413 2130 2483 Epicurus

547 2510 710 2574 forte,
767 2523 912 2563 cum.
952 2507 1092 2560 ultra
1152 2506 1418 2560 mundum
1467 2509 1610 2560 hunc
1660 2506 2018 2576 prospiciens,
2064 2521 2129 2560 ae

546 2601 825 2658 cmlcstetn
878 2599 1031 2654 illum
1093 2598 1358 2651 ambitum
1412 2609 1848 2667 prauergresws,
1898 2606 1992 2651 aut
2033 2611 2128 2665 per

543 2691 826 2745 occultum
884 2688 1157 2758 quoddam
1210 2687 1506 2756 posticum,
1559 2687 1773 2756 sibique
1803 2687 1905 2741 soli
1962 2685 2124 2756 783

547 2793 742 2838 notum
789 2796 1065 2853 egressus.
1113 2779 1246 2834 deos
1279 2780 1332 2833 in
1362 2795 1534 2833 vacuo
1587 2779 1845 2847 degentes
1875 2778 2032 2842 vidit,
2064 2793 2128 2831 ac

545 2890 821 2930 summam
845 2889 1035 2928 eorum
1083 2876 1250 2927 tantis
1280 2873 1332 2925 in
1362 2871 1572 2926 deliciis
1614 2870 1924 2925 felicitatem
1961 2871 2127 2925 admi-

547 2977 725 3030 ratus,
787 2967 1121 3037 voluptatem
1185 2965 1317 3019 inde
1358 2964 1719 3034 concupiscit,
1763 2973 1927 3032 atque
1977 2963 2122 3016 illaut

543 3075 669 3132 quae
705 3062 758 3114 in
784 3074 958 3114 vacuo
996 3059 1216 3113 ducitur
1248 3057 1412 3111 vitam
1437 3057 1748 3122 aemulatus,
1775 3071 1966 3110 omnes
1995 3070 2125 3108 con-

551 3155 708 3209 tinuo
760 3161 1026 3221 tanquam
1079 3150 1307 3204 deorum
1366 3145 1584 3200 illorum
1629 3145 1837 3201 similes
1889 3144 2123 3209 futuros,

544 3247 669 3318 ejus
699 3247 765 3299 ad
802 3243 1078 3298 felicitatis
1113 3238 1554 3295 communionem
1594 3253 1659 3291 ac
1686 3237 2006 3291 societatem
2045 3236 2128 3288 iu-

546 3344 702 3395 vitat.
733 3337 945 3404 Quibus
994 3335 1086 3388 ille
1115 3333 1481 3394 coenaeulum,
1515 3346 1623 3384 non
1655 3329 1772 3399 jam
1797 3329 1996 3383 cmlum
2035 3338 2132 3382 aut

542 3432 856 3501 Olympum,
878 3437 936 3480 ut
954 3433 1144 3494 poetzn,
1168 3425 1261 3478 sed
1290 3437 1522 3478 vacuum
1556 3421 1792 3485 instruit,
1825 3417 2128 3473 confectam

542 3541 611 3578 ex
639 3523 839 3576 atomis
874 3534 1151 3588 apponens
1183 3515 1538 3578 ambrosiam,
1584 3512 1936 3581 indidemque
1986 3513 2126 3566 hau-

555 3622 700 3669 stum
736 3621 924 3666 nectar
955 3609 1271 3678 propinans.
1307 3607 1572 3661 Caeterum
1609 3606 1676 3659 iis
1705 3604 1771 3658 de
1799 3605 1982 3670 rebus,
2009 3620 2129 3674 qua:

549 3704 686 3760 nihil
716 3703 784 3757 ad
811 3718 912 3756 nos
947 3704 1274 3771 pertineant,
1307 3699 1452 3752 mille
1478 3698 1789 3766 juramenta
1834 3711 2128 3766 sacrasque

545 3795 941 3853 obtestationes
979 3795 1096 3846 suis
1126 3791 1329 3861 passim
1368 3789 1522 3844 libris
1547 3788 1860 3852 inferciens,
1897 3805 1992 3858 per
2034 3787 2127 3841 Jo-

542 3906 662 3944 vem
694 3888 912 3944 assidue
937 3887 1017 3939 vel
1042 3892 1199 3954 negat
1225 3884 1429 3953 aliquid
1461 3883 1544 3937 vel
1579 3881 1831 3948 aﬂirmat,
1863 3882 2125 3936 lectores-

541 3999 648 4051 que
718 3995 875 4040 suos.
907 3989 960 4032 et
989 3992 1085 4032 eos
1115 3977 1443 4047 quibuscum
1469 3976 1581 4045 ipse
1609 3975 1870 4045 disputat,
1895 3975 2123 4029 deorum

541 4074 836 4144 obstringit
863 4072 1147 4142 religione,
1178 4087 1286 4125 non
1328 4071 1473 4139 quod
1529 4069 1652 4122 illos
1686 4068 1802 4136 ipse
1853 4076 2122 4136 vereatur,

542 4176 640 4221 aut
669 4166 971 4236 periurium
1007 4165 1118 4218 ullo
1165 4163 1328 4219 modo
1374 4161 1684 4216 reformidet
1715 4177 1728 4226 ;
1782 4161 1874 4216 sed
1906 4161 2122 4216 inanem

544 4262 687 4316 lianc
717 4267 880 4328 atque
915 4257 1256 4323 mendacem,
1279 4272 1590 4324 vanamque
1619 4269 1684 4308 ae
1715 4254 1850 4309 nihil
1894 4255 2122 4308 omnino

541 4357 939 4427 significantem
991 4353 1424 4424 disputationum
1481 4369 1704 4408 suarum
1767 4351 2119 4422 appendicem

2235 1866 2433 1938 πολλὴν
2457 1867 2634 1920 αὐτῶν
2665 1868 2968 1937 ἐμακάρισε
2994 1869 3238 1937 τρυφήν;
3268 1867 3521 1918 κάκεῖθεν
3548 1865 3820 1935 ἐπιθυμη-

2231 1957 2329 2028 τὴς
2354 1957 2642 2026 γενόμενος
2671 1957 2768 2027 τῆς
2792 1957 3003 2027 ἡδονῆς,
3033 1959 3127 2010 καὶ
3152 1957 3251 2026 τῆς
3277 1959 3334 2009 ὲν
3366 1955 3442 2026 τῷ
3465 1955 3608 2025 κενῷ
3647 1955 3819 2025 ζηλω-

2232 2046 2328 2117 τὴς
2358 2046 2587 2116 διαίτης,
2610 2046 2753 2100 οὕτω
2780 2048 2988 2110 πάντας
3005 2048 3096 2100 ἐπὶ
3116 2047 3210 2100 τοῦ
3246 2047 3599 2116 μακαρισμοῦ
3625 2046 3819 2099 τούτου

2236 2139 2546 2209 μετουσίαν,
2595 2137 3164 2210 ἐξομοιωθησομένους
3215 2139 3443 2201 ἐκείνοις
3493 2141 3608 2200 τοῖς
3652 2137 3816 2200 θεοῖς,

2233 2233 2570 2303 παρακαλεῖ·
2611 2233 2907 2302 συμπόσιον
2937 2232 3118 2294 αὐτοῖς
3143 2231 3432 2303 μακάριον,
3470 2233 3567 2301 οὐχ
3599 2232 3740 2302 ὅπερ
3771 2234 3818 2283 ci

2232 2326 2473 2395 ποιηταὶ,
2503 2326 2594 2377 τὸν
2624 2325 2852 2396 οὐρανὸν
2886 2325 2918 2389 ἢ
2958 2325 3048 2377 τὸν
3082 2323 3387 2394 Ὄλυμπον,
3413 2323 3549 2376 ἀλλά
3575 2323 3638 2376 τὸ
3664 2325 3818 2376 κενὸν

2233 2419 2568 2492 συγκροτῶν,
2605 2420 2667 2472 ἔκ
2699 2436 2757 2470 τε
2787 2417 2894 2470 τῶν
2923 2417 3140 2486 ἀτόμων
3165 2417 3263 2488 τὴν
3290 2415 3597 2487 ἀμϐροσίαν
3633 2415 3819 2476 αὐτοῖς

2233 2511 2548 2583 παρατιθεὶς
2570 2552 2583 2573 ,
2640 2511 2733 2563 καὶ
2773 2508 3053 2580 προπίνων
3089 2507 3272 2569 αὐτοῖς
3301 2507 3358 2572 ἐξ
3383 2506 3609 2559 ἐκείνων
3639 2505 3703 2557 τὸ
3735 2505 3818 2558 νέ-

2231 2623 2370 2676 κταρ
2403 2611 2414 2622 ⁴
2447 2605 2543 2658 καὶ
2574 2602 2638 2676 δὴ
2688 2604 2806 2656 κατ’
2835 2602 3056 2654 ἐκείνων
3103 2599 3210 2652 τῶν
3246 2599 3409 2670 μηδὲν
3461 2597 3601 2668 πρὸς
3644 2598 3819 2667 ἡμᾶς,

2229 2699 2422 2768 ὅρκους
2454 2715 2509 2749 τε
2532 2698 2624 2750 καὶ
2653 2696 2951 2767 ὁρκισμοὺς
2978 2692 3204 2764 μυρίους
3225 2693 3336 2755 τοῖς
3365 2689 3557 2743 ἑαυτοῦ
3591 2690 3819 2760 βιϐλίοις

2228 2788 2527 2861 ἐγγράφει,
2579 2788 2746 2859 όμνύς
2793 2805 2852 2840 τε
2909 2783 3149 2855 συνεχῶς
3195 2783 3271 2854 μά
3303 2783 3402 2836 Δία
3453 2782 3548 2834 κα).
3594 2781 3660 2851 νὴ
3696 2781 3820 2840 Δία,

2228 2880 2466 2952 ὲξορκῶν
2490 2897 2549 2933 τε
2576 2881 2701 2942 τοὺς
2731 2878 3157 2948 ἐντυγχάνοντας
3188 2876 3283 2929 καὶ
3317 2875 3453 2946 πρὸς
3496 2873 3590 2937 οὓς
3638 2872 3824 2926 διαλέσ

2227 2989 2394 3040 γοιτο,
2419 2971 2555 3042 πρὸς
2586 2969 2693 3022 τῶν
2713 2969 2870 3032 θεῶν,
2901 2967 2961 3021 οὗ
2996 2969 3048 3021 τί
3071 2985 3172 3020 που
3204 2964 3389 3029 δεδιὼς
3417 2965 3582 3027 αὐτὸς
3613 2963 3753 3035 (41),
3783 2964 3822 3035 ἦ

2229 3063 2592 3134 δεδιττόμενος
2628 3064 2831 3124 ἐκεῖνος
2868 3061 2968 3133 τὴν
3003 3059 3309 3131 ἐπιορκίαν,
3352 3057 3507 3111 κενὸν
3538 3056 3596 3109 δὲ
3635 3055 3826 3116 τοῦτο.

2233 3156 2327 3208 καὶ
2357 3154 2570 3222 ψευδὲς,
2601 3155 2694 3208 καὶ
2723 3153 2887 3225 ἀργὸν
2914 3192 2928 3214 ,
2965 3155 3056 3206 καὶ
3104 3153 3316 3221 ἄσημον
3353 3148 3826 3220 ἐπιφθεγγόμενος

2231 3247 2342 3307 τοῖς
2367 3243 2546 3311 λόγοις
2575 3244 2741 3297 αὐτοῦ
2768 3243 3124 3315 παράρτημα,
3154 3237 3264 3294 οῗον
3289 3241 3338 3292 εἰ
3371 3241 3462 3292 καὶ
3481 3239 3828 3311 χρέμπτοιτο

2234 3336 2328 3389 καὶ
2357 3334 2536 3399 πτύοι,
2574 3334 2635 3386 τό
2665 3351 2725 3388 τε
2754 3335 3042 3406 πρόσωπον
3073 3333 3327 3402 στρέιροι,
3377 3332 3472 3385 κα)⁵
3511 3331 3610 3402 τὴν
3662 3333 3828 3400 χεῖρα

2232 3428 2428 3500 κινοίη.
2463 3426 2699 3496 Τοιαύτη
2729 3426 2837 3496 γὰρ
2870 3426 3181 3496 ἀδιανόητος
3208 3420 3277 3494 ἦν
3307 3425 3340 3493 ἡ
3390 3425 3519 3494 παρ’
3545 3421 3700 3492 αὐτῷ
3729 3424 3828 3475 καὶ

2235 3518 2438 3590 ματαία
2465 3518 2773 3589 ὑπόκρισις,
2792 3519 2824 3585 ἡ
2844 3515 2950 3569 τῶν
2982 3516 3120 3568 θεῶν
3153 3514 3437 3584 ὀνομασία.
3469 3513 3631 3566 Ἀλλά
3658 3513 3827 3567 τοῦτο

2235 3615 2330 3684 μὲν
2364 3611 2650 3683 πρόδηλον,
2677 3611 2778 3673 ὅτι,
2811 3608 2948 3680 μετὰ
2979 3609 3073 3661 τὸν
3101 3608 3422 3679 Σωκράτους
3449 3605 3682 3659 Θάνατον
3717 3624 3824 3660 κα-

2229 3704 2514 3776 τεπτηχὼς
2552 3703 2889 3774 Ἀθηναίους,
2925 3701 3001 3764 ὼς
3035 3701 3108 3771 μὴ
3132 3700 3313 3770 δοκοίη
3349 3698 3494 3752 τοῦθ’
3539 3700 3682 3769 ὅπερ
3728 3693 3822 3770 ἦν,

2229 3795 2384 3859 ἄθεος
2417 3790 2575 3858 εἶναι,
2611 3791 2775 3855 κενὰς
2813 3791 2997 3854 αὐτοῖς
3047 3789 3430 3842 ἀνυποστάτων
3472 3786 3610 3839 θεῶν
3649 3804 3820 3858 τερα⁹

2227 3885 2558 3956 τευσάμενος
2597 3880 2956 3953 ἐζωγράφησε
2986 3881 3162 3942 σκιάς.
3206 3877 3344 3930 Οῠτε
3383 3877 3490 3948 γὰρ
3533 3880 3614 3940 είς
3646 3879 3820 3948 οὐρα-

2227 3977 2316 4031 νὸν
2355 3975 2616 4043 ἀνέϐλεψε
2643 3975 2848 4045 νοεροῖς
2883 3970 3214 4041 ὀφθαλμοῖς,
3267 3969 3354 4021 ἵνα
3396 3968 3495 4037 τῆς
3548 3968 3820 4039 ἐναργοῦς

2227 4069 2432 4124 ἄνωθεν
2465 4068 2646 4138 φωνῆς
2675 4065 2903 4136 ἀκούσῃ,
2927 4061 2995 4135 ἧς
3019 4066 3047 4117 ό
3071 4062 3428 4134 προσεκτικὺς
3457 4059 3656 4130 Θεατὴς
3681 4077 3817 4113 κατ-

2228 4163 2467 4225 ακούσας
2529 4159 2931 4231 ἐμαρτύρησεν,
2959 4159 3040 4211 ὃτι
3083 4176 3101 4207 ι
3139 4158 3200 4210 Οἱ
3238 4155 3458 4227 οὐρανοὶ
3496 4153 3817 4225 διηγοῦνται

2227 4255 2382 4320 δόξαν
2411 4253 2571 4316 Θεοῦ,
2598 4253 2815 4323 ποίησιν
2841 4251 2898 4303 δὲ
2931 4248 3130 4320 χειρῶν
3169 4247 3335 4300 αὑτοῦ
3377 4245 3704 4314 ἀναγγέλλει
3753 4245 3818 4298 τὸ

2229 4349 2516 4419 στερέωμα
2536 4363 2549 4374 ·
2596 4365 2614 4396 ι
2643 4343 2768 4398 οὔτε
2798 4347 2864 4414 τῇ
2893 4343 3102 4413 διανοίᾳ
3137 4339 3377 4395 κατεῖδεν
3413 4339 3494 4402 εἰς
3519 4337 3813 4414 τοῦδαφος.

541 4447 814 4513 εαυιὶοιιε,
870 4463 975 4501 ιιοιι
1038 4446 1197 4501 aliter
1253 4461 1315 4499 ac
1365 4447 1410 4500 si
1461 4454 1678 4500 exercet
1712 4455 1807 4498 aut
1842 4452 2118 4512 exspntat,

2232 4439 2568 4511 ,Εμαθεγάρ
2602 4438 2689 4500 ἂν,
2723 4439 2804 4490 δτι
2841 4455 2860 4485 ι
2909 4432 3015 4487 Τοῦ
3063 4433 3243 4494 ἐλέους
3278 4430 3483 4502 κυρίου
3533 4429 3751 4501 πλήρης
3779 4430 3816 4501 ἡ

544 4550 640 4597 aut
689 4549 974 4596 convertat
1022 4540 1257 4599 vultum,
1309 4548 1403 4594 aut
1469 4554 1689 4592 manum
1755 4547 2115 4590 enimnovcnt.

541 4633 826 4706 Ejusmodi
853 4634 1052 4703 quippe
1074 4633 1253 4688 omnis
1285 4633 1387 4687 ista
1418 4631 1644 4686 deorum
1680 4629 1970 4699 appellatio
2017 4639 2118 4692 est,

543 4725 816 4796 superflua
851 4725 1096 4795 quedam
1129 4725 1242 4779 haec
1267 4738 1462 4779 sensus
1490 4738 1685 4793 expers
1733 4720 2006 4790 studiique
2048 4721 2120 4774 si.

542 4820 788 4874 mulatio.
816 4819 885 4872 At
920 4817 1052 4872 illud
1094 4817 1312 4885 quidem
1355 4817 1516 4886 longe
1555 4815 1947 4878 certissimum,
1995 4829 2117 4868 cum

541 4913 901 4967 Athenienses
928 4925 957 4962 a
985 4907 1228 4964 Socratis
1267 4907 1485 4962 interitu
1525 4916 1810 4968 metueret,
1843 4921 1910 4959 ne
1937 4905 2118 4976 qualis

538 5015 658 5059 erat
685 5003 880 5058 atlieos
912 5017 1034 5057 esse
1081 5001 1375 5062 videretur,
1421 5015 1624 5055 vacuas
1667 4999 1732 5055 iis
1759 4998 2116 5054 leviculorum

537 5097 766 5149 deorum
815 5093 1035 5147 nnibras
1070 5107 1274 5148 novum
1327 5091 1710 5147 circulatorem
1765 5088 2112 5147 informasse.

535 5184 648 5242 Nec
680 5187 829 5241 enim
869 5185 1113 5255 profecto
1143 5193 1241 5240 aut
1269 5183 1608 5254 spiritalibus
1641 5199 1884 5253 unquam
1941 5184 2114 5239 oculis

615 5391 1029 5486 1282-52?sz
1048 5388 1546 5486 ἐᾴξιτςὲείξιηξξξξ
1564 5386 2110 5486 wife-3‘3"“

541 5459 838 5590 Ειθεσέιέζ
857 5459 1012 5516 δ”ὲν
1041 5462 1377 5531 προθύροις,
1407 5459 1530 5516 θεοὶ
1559 5459 1818 5527 δωτῆρες
1841 5459 2011 5512 ἑάων.

562 5555 570 5567 ν
641 5551 693 5586 v.
765 5553 834 5589 oo
862 5554 874 5587 :

545 5602 872 5727 ΕῑἙιργιεία,
906 5604 1038 5668 Διὸς
1068 5602 1178 5668 υἱὲ,
1211 5602 1500 5670 διάκτορε,
1534 5599 1722 5668 δῶτορ
1755 5598 1927 5652 ἑάων.

636 5689 664 5721 εδ
729 5691 781 5727 )l.

636 5689 664 5721 εδ
770 5718 781 5726 .

591 5675 1111 5813 Ἄδιὸῗιυιδώρητοι.
1153 5743 1208 5799 ld
1245 5753 1344 5808 est,
1375 5743 1639 5797 nullorum
1676 5749 1912 5795 auctores
1953 5739 2114 5791 dono—

2223 4533 2317 4603 γῆ,
2352 4531 2445 4586 καὶ
2475 4531 2556 4583 ὄτι
2583 4530 2675 4584 τοῦ
2701 4530 2907 4601 Κυρίου
2939 4529 2972 4597 ὴ
3004 4526 3099 4596 γῆ.
3132 4525 3228 4578 καὶ
3277 4523 3336 4577 τὸ
3389 4521 3668 4594 πλήρωμα
3719 4522 3818 4577 αὺ-

2224 4625 2344 4694 τῆς.
2389 4643 2408 4676 ι
2441 4624 2570 4687 Καὶ,
2606 4642 2622 4673 ι
2651 4621 2806 4676 Μετὰ
2827 4621 2998 4675 ταῦτα
3027 4619 3158 4690 γὰρ,
3195 4637 3212 4668 ι
3246 4615 3401 4685 φησὶ,
3431 4635 3450 4667 ι
3486 4614 3700 4687 Κύριος
3735 4617 3815 4678 είς

2224 4717 2323 4788 τὴν
2352 4716 2453 4787 γῆν
2487 4714 2772 4783 ἐπέϐλεψε,
2808 4712 2900 4767 καὶ
2932 4710 3224 4779 ἐνέπλησεν
3251 4707 3420 4778 αὐτὴν
3446 4706 3557 4758 τῶν
3589 4705 3814 4774 ἀγαθῶν

2225 4809 2410 4862 αὑτοῦ.
2436 4808 2626 4878 Ψυχὴν
2652 4806 2760 4876 (42)
2781 4805 2977 4868 παντὸς
3002 4802 3140 4867 ζώου
3162 4800 3399 4868 ἐκάλυψε
3425 4799 3487 4852 τὺ
3518 4799 3813 4869 πρόσωπον

2227 4903 2417 4972 αὐτῆς.
2458 4919 2475 4952 ι
2509 4899 2572 4952 El
2603 4899 2660 4952 δὲ
2690 4899 2763 4969 μὴ
2799 4895 3002 4968 σφόδρα
3028 4893 3432 4963 τυφλώττουσιν,
3453 4930 3468 4954 ,
3508 4891 3813 4960 ἐπισκεψα-

2229 4994 2440 5048 σθωσαν
2461 4991 2557 5063 τὴν
2582 4989 2951 5062 παμποίκιλον
2972 4987 3079 5040 τῶν
3113 4986 3266 5050 ζώων
3287 4981 3715 5054 πολυπλήθειαν,
3748 4982 3814 5035 τὰ

2225 5088 2478 5160 χερσαῖα,
2501 5086 2570 5141 τὰ
2598 5083 2800 5156 πτηνὰ,
2829 5084 2895 5136 τά
2926 5081 3142 5154 ἔνυδροι,
3175 5080 3268 5135 καὶ
3292 5077 3814 5147 κατανοησὰτωσαν,

2224 5182 2300 5244 ὡς
2331 5178 2534 5249 ἀληθὴς
2567 5177 2659 5234 ἐπὶ
2690 5179 2756 5247 τῇ
2784 5176 3000 5230 πάντων
3023 5174 3202 5245 κρίσει
3220 5171 3330 5245 (45)
3356 5169 3580 5239 γέγονεν
3604 5169 3638 5238 ἡ
3673 5184 3818 5240 μαρ-

2229 5399 2378 5442 rum;
2441 5382 2544 5434 hoc
2593 5379 2812 5448 quidem
2856 5375 3007 5440 loco,
3064 5375 3152 5428 ubi
3190 5369 3429 5440 δωτῆρες
3459 5376 3513 5422 et
3541 5367 3820 5439 dietbpvq‘rot

2227 5462 2596 5523 imponuntur.
2728 5518 2739 5532 ν

2300 5522 2410 5591 (κιο)
2451 5520 2615 5591 Forte
2650 5535 2777 5580 τους

2300 5522 2410 5591 (κιο)
2451 5522 2615 5574 Forte
2650 5522 2795 5580 τούς.

2300 5593 2409 5658 (41)
2451 5590 2612 5644 Forte
2650 5587 2868 5649 αὐτούς.

2301 5664 2413 5734 (42)
2451 5659 2615 5734 forte
2651 5659 2818 5734 ψυχῇ.

2297 5730 2407 5787 (43)
2450 5731 2610 5790 Forte
2649 5730 2842 5782 κτίσει.
