4034 6390
274 387 388 446 295

775 503 1168 560 ΚΕΦΑΔΑΙΟΝ
1207 507 1285 559 Α’.

377 595 696 666 Προοίμιον
732 597 865 665 περὶ
902 595 1144 666 ἀπάσηρ
1183 597 1292 666 τῆς
1330 595 1694 663 ὑποθέσεως.

304 687 425 759 Τήν
452 687 710 742 πολύθεον
884 690 990 745 τῶν
1023 690 1194 745 ἐθνῶν
1223 691 1477 744 ἁπάντων
1509 689 1715 760 πλάνην
1765 689 1823 741 ἐν

223 779 441 851 τῖτρχαίς
473 781 571 851 τῆς
604 767 1014 851 Εἰναγτέλικῆς
1045 781 1554 852 Προπαρασκευῆς
1593 781 1824 850 ἀπελέγ-

229 873 330 936 ζαι
362 872 470 944 πρὸ
499 872 691 926 πολλοῦ
723 872 948 943 θέμενος
995 874 1088 928 ἐπὶ
1120 875 1376 928 συστάσει
1425 875 1518 928 καὶ
1562 873 1824 944 ἀπολογία

227 963 342 1034 τῆς
371 963 432 1028 ἐξ
459 965 637 1018 αὐτῶν
667 967 1084 1038 ἀναχωρήσεως,
1114 967 1178 1038 ἦν
1208 967 1322 1037 μετ’
1345 965 1564 1034 εὐλόγου
1592 965 1823 1035 κρίσεως

229 1057 619 1128 πεποιήμεθα,
647 1058 707 1110 οὐ
744 1059 900 1129 μόνον
933 1059 1059 1122 τοὺς
1094 1044 1312 1130 μύθους,
1341 1058 1434 1121 οὓς
1465 1059 1530 1129 δὴ
1557 1057 1684 1128 περὶ
1717 1057 1823 1110 τῶν

229 1150 462 1203 οἰκείων
492 1150 629 1205 θεῶν
667 1153 850 1216 παῖδες
896 1153 1003 1206 τῶν
1052 1153 1179 1223 παρ’
1237 1153 1416 1216 αὐτοῖς
1468 1152 1731 1220 θεολόγων
1763 1167 1822 1204 τε

228 1240 338 1292 καὶ
370 1241 607 1310 ποιητῶν
635 1244 1124 1314 κεκωμῳδήκασιν,
1174 1242 1309 1296 ἀλλὰ
1338 1244 1431 1297 κα)⁸
1472 1243 1676 1296 τούτων
1727 1241 1825 1306 τάς

234 1336 652 1404 σεμνοπρεπεῖς
690 1335 754 1406 δὴ
790 1334 882 1388 καὶ
917 1337 1260 1407 ἀπορρήτους
1304 1335 1665 1404 φυσιολογίας,
1714 1334 1826 1387 ἄνω

235 1439 349 1475 που
387 1425 468 1487 εἰς
500 1425 722 1497 οὐρανὸν
750 1426 844 1478 καὶ
878 1425 947 1478 τὰ
990 1427 1193 1496 κόσμου
1237 1427 1377 1498 μέρη
1407 1427 1543 1498 πρὸς
1577 1427 1676 1496 τῆς
1701 1442 1824 1494 γεν-

241 1511 403 1576 ναίας
434 1513 746 1584 φιλοσοφίας
776 1517 1261 1588 μετενηνεγμένας,
1297 1516 1575 1590 πρώτιστα
1611 1517 1825 1571 πάντων

242 1605 302 1655 ἐν
343 1604 491 1675 τρισὶ
522 1608 633 1669 τοῖς
661 1605 898 1678 πρώτοις
924 1609 1316 1679 συγγράμμασι
1350 1608 1790 1681 διηρευνησάμην
1809 1627 1820 1639 ’

234 1695 423 1748 καίτοι
463 1696 624 1768 μηδὲν
653 1698 712 1750 τὸ
735 1698 993 1771 παράπαν
1027 1702 1084 1752 ἐν
1116 1700 1324 1766 τούτοις
1346 1704 1541 1772 χρῆναι
1571 1702 1826 1772 σεμνολο-

235 1792 363 1856 γεῖν
389 1788 496 1841 τῶν
529 1788 790 1858 θεολόγων
831 1790 1013 1843 αὐτῶν
1049 1792 1504 1863 ἀποφηναμένων.
1553 1793 1826 1866 Τηρητέον

245 1881 397 1948 γοῦν,
434 1881 508 1944 ὼς
538 1881 620 1934 ὅτι
664 1882 896 1953 μάλιστα
920 1885 968 1936 οἱ
997 1884 1359 1955 πρεσϐύτατοι
1408 1884 1516 1938 τῶν
1565 1888 1695 1956 παρ’
1730 1887 1829 1939 αὑ-

235 1977 358 2036 τοῖς
403 1972 665 2042 θεολόγων
695 1974 846 2027 οὐδέν
878 1993 931 2028 τι
982 1975 1141 2029 πλέον
1187 1980 1286 2048 τῆς
1321 1959 1562 2049 ἱστορίας
1604 1976 1824 2040 εἰδότες,

241 2067 433 2136 μόνοις
457 2067 513 2119 δὲ
543 2070 652 2130 τοῖς
684 2067 872 2139 μύθοις
896 2069 1322 2141 προσανέχοντες
1341 2071 1822 2142 ἐμαρτυρήθησαν.

241 2157 414 2212 Ὅθεν
443 2159 667 2223 εἰκότως
689 2161 745 2213 ἐν
775 2161 975 2224 πάσαις
1005 2161 1190 2214 πόλεσί
1213 2178 1272 2214 τε
1303 2162 1395 2214 καὶ
1423 2162 1657 2233 κώμαις,
1685 2163 1828 2216 κατὰ

237 2251 346 2316 τὰς
374 2251 482 2304 τῶν
517 2251 760 2305 παλαιῶν
792 2252 1072 2323 διηγήσεις
1095 2293 1110 2317 ,
1158 2253 1295 2306 θεῶν
1335 2254 1549 2307 τελεταὶ
1593 2256 1686 2309 καὶ
1725 2274 1827 2326 μυ-

241 2343 447 2414 στήρια
483 2341 745 2414 σύμφωνα
773 2345 886 2406 τοῖς
917 2342 1025 2395 τῶν
1061 2344 1340 2414 προτέρων
1367 2345 1612 2415 μυθικοῖς
1633 2345 1824 2418 διηγή-

243 2452 383 2506 μασι
415 2435 772 2506 παραδέδοται
796 2448 810 2465 ⁶
842 2434 918 2499 ὡς
947 2436 1114 2489 εἰσέτι
1137 2435 1230 2488 καὶ
1272 2435 1366 2489 νῦν
1411 2437 1516 2490 τῶν
1563 2436 1701 2490 θεῶν
1729 2439 1827 2506 γά-

244 2544 386 2598 μους
411 2527 506 2580 καὶ
535 2526 890 2591 παιδοποιίας,
926 2527 1154 2600 θρήνους
1179 2545 1238 2580 τε
1265 2529 1358 2582 καὶ
1383 2528 1572 2599 μέθας,
1594 2531 1687 2583 καὶ
1717 2529 1825 2583 τῶν

246 2620 350 2692 μὲν
377 2619 604 2684 πλάνας,
659 2619 768 2673 τῶν
796 2620 840 2674 δ’
894 2621 1123 2692 ἔρωτας,
1151 2620 1260 2674 τῶν
1293 2621 1349 2674 δὲ
1386 2620 1554 2693 ὀργὰς
1573 2664 1587 2688 ,
1636 2621 1743 2677 τῶν
1769 2623 1826 2676 δὲ

243 2712 442 2784 ἐτέρας
474 2713 734 2777 παντοίας
765 2715 1048 2787 συμφοράς
1083 2731 1140 2766 τε
1165 2716 1258 2767 καὶ
1287 2715 1650 2786 περιστάσεις,
1693 2716 1824 2768 dato--

241 2803 455 2869 λούθως
481 2807 593 2870 τοῖς
618 2805 722 2858 ὑπὸ
749 2806 856 2858 τῶν
895 2805 1268 2860 παλαιοτάτων
1315 2807 1823 2877 μνημονευομένοις,

243 2897 394 2950 κατά
425 2914 484 2950 τε
513 2897 612 2961 τὰς
640 2897 880 2962 τελετάς,
903 2898 959 2951 ἔν
988 2915 1045 2951 τε
1068 2901 1180 2963 τοῖς
1207 2898 1414 2969 ὕμνοις,
1443 2899 1537 2952 καὶ
1576 2901 1697 2962 ταῖς
1745 2900 1826 2962 είς

243 2990 377 3051 τοὺς
405 2987 560 3052 θεοὺς
598 2989 794 3051 αὐτοὺς
835 2989 1234 3060 πεποιημέναις
1259 2988 1425 3060 ᾠδαῖς
1465 2990 1826 3062 παραλαμϐά-

245 3098 384 3134 νειν.
410 3081 554 3152 Πλὴν
577 3082 725 3152 ὅμως
747 3083 811 3135 ἐκ
842 3082 1155 3154 περιουσίας
1180 3083 1273 3135 καὶ
1306 3081 1509 3136 τούτων
1532 3083 1709 3137 αὐτῶν
1727 3084 1826 3148 τὰς

246 3170 737 3240 τετραγῳδημένας
758 3172 815 3224 ἐν
849 3175 1102 3241 φυσικαῖς
1126 3171 1413 3226 άποδόσεσι
1437 3173 1698 3244 κομπίας,
1725 3175 1825 3239 τάς

247 3279 311 3316 τε
343 3261 451 3317 τῶν
475 3262 742 3332 σοφιστῶν
773 3265 862 3318 καὶ
888 3264 1192 3334 φιλοσόφων
1219 3265 1595 3336 εὑρεσιλογίας
1612 3268 1692 3330 εἰς
1722 3283 1826 3336 φα-

249 3354 406 3427 νερὸν
434 3356 656 3426 ἤγαγον.
692 3357 767 3409 Οὐ
800 3356 903 3428 μὴν
930 3357 1064 3410 ἀλλὰ
1096 3360 1189 3411 καὶ
1219 3359 1310 3412 τὸν
1333 3359 1588 3428 περὶτῶν
1615 3359 1824 3429 βοωμέ-

251 3469 358 3504 νων
383 3451 732 3524 χρηστηρίων
761 3453 952 3522 λόγων,
970 3455 1069 3525 τήν
1095 3472 1154 3507 τε
1178 3455 1326 3526 παρὰ
1347 3459 1460 3518 τοῖς
1483 3455 1694 3520 πολλοῖς
1715 3457 1828 3510 δια-

251 3543 690 3617 τεθρυλλημένην
719 3546 846 3617 περὶ
876 3547 1216 3618 εἱμαρμένης
1243 3547 1412 3618 ψευδῆ
1438 3547 1594 3614 δόξαν
1623 3551 1679 3601 ἐν
1714 3549 1828 3602 ἐτέ-

253 3653 367 3706 ροις
413 3636 560 3708 τρισὶ
603 3639 716 3698 τοῖς
759 3636 886 3707 egra;
917 3637 1053 3708 μετά
1083 3637 1150 3691 τὰ
1189 3639 1381 3710 πρῶτα
1411 3640 1824 3712 συγγράμμασι,

251 3724 466 3788 λευκοῖς
497 3729 609 3789 τοῖς
659 3727 898 3797 ἐλέγχοις
944 3728 1334 3799 ἀπεγύμνωσα,
1392 3731 1454 3783 οὐ
1506 3731 1684 3800 μόνοις
1716 3734 1826 3794 τοῖς

251 3816 461 3870 οἴκοθεν
488 3819 932 3892 ἐπιχειρήμασιν,
961 3821 1095 3874 ἀλλὰ
1123 3823 1216 3875 καὶ
1240 3826 1360 3887 ταῖς
1381 3823 1560 3876 αὐτῶν
1595 3824 1827 3894 μάλιστα.

1412 385 1730 442 ΓΒᾸΞΡΑΒ.
1771 384 2019 445 EV’ANG.
2062 387 2193 442 LIB.
2239 386 2354 442 XV.

1847 510 1894 568 Α

1860 1858 1899 1912 Β

1853 3198 1894 3255 C

253 3907 361 3961 τῶν
395 3911 521 3980 παρ’
551 3910 774 3982 Ἕλλησι
798 3911 1099 3982 φιλοσόφων
1128 3917 1328 3982 φωναῖς
1355 3918 1434 3978 είς
1459 3915 1549 3968 τὸν
1584 3917 1704 3970 κατ’
1732 3917 1828 3970 αὐ·
1869 3897 1886 3910 ’

251 3999 363 4053 τῶν
392 4000 609 4072 ἔλεγχον
645 4006 1102 4076 συγκεχρημένος.
1130 4007 1389 4069 Μεταϐὰς
1411 4009 1468 4062 δέ
1490 4009 1696 4063 ἐκεῖθεν
1734 4011 1828 4065 ἐπὶ

250 4092 338 4144 τὰ-
360 4092 625 4166 Ἑϐραίων
653 4095 829 4163 λόγια,
854 4097 964 4150 τίσι
1001 4099 1129 4151 ποτὲ
1164 4099 1443 4171 λογισμοῖς
1477 4100 1572 4173 τὴν
1605 4103 1662 4155 ἐν
1707 4103 1829 4155 τού-

251 4201 366 4248 τοις
383 4188 776 4260 περιεχομένην
800 4189 1132 4264 δογματικὴν
1161 4192 1456 4262 θεολογίαν,
1486 4197 1584 4259 τήν
1604 4213 1663 4249 τε
1689 4196 1827 4250 κατὰ

251 4278 438 4331 τούσδε
487 4281 724 4350 ἱστορίαν
763 4281 996 4348 ἃπασαν,
1034 4285 1126 4338 καὶ
1167 4285 1303 4356 πρὸς
1338 4287 1516 4339 αὐτῶν
1563 4287 1827 4359 Ἑλλήνων

256 4373 757 4446 μεμαρτυρημένην
785 4375 918 4446 (46),
955 4378 1012 4429 ἐν
1039 4377 1215 4448 ίσαρίθ
1225 4395 1345 4448 μοις
1376 4374 1442 4432 αὖ
1474 4379 1632 4432 πάλιν
1656 4380 1828 4449 λόγων

257 4465 540 4531 συντάξεσι
564 4469 1013 4540 παρεστησάμην.
1061 4465 1173 4522 Εἶθ’
1222 4471 1348 4539 ἑξῆς
1383 4470 1476 4522 τὸν
1538 4470 1828 4540 Ελληνικὸν

3358 381 3383 438 1
3396 383 3497 440 ὶ94

2412 502 2579 574 733
2611 497 2838 557 CAPUT
2874 498 2913 555 l.
3567 472 3574 484 ’

2077 596 2419 661 Prooemium,
2445 613 2547 665 quo
2577 597 2736 692 totius
2767 598 2938 664 operis
2975 602 3340 665 argumentum

2543 677 2858 732 eapftcalur.

1991 781 2126 834 Cum
2156 796 2347 850 Ingens
2369 795 2544 850 opera:
2566 780 2797 849 pretium
2823 795 2909 834 me
2925 777 3194 834 facturum
3223 788 3493 849 putarem,

1925 873 1970 928 si
2007 889 2168 942 quam
2225 876 2450 927 deorum
2495 873 2895 926 multitudinem
2941 873 3250 928 communis
3275 871 3364 926 ille
3394 887 3494 940 po-
3574 884 3579 892 '

1923 965 2174 1035 pulorum
2217 966 2458 1018 omnium
2489 980 2643 1019 error
2677 965 2978 1027 invexerat,
3015 965 3068 1018 in
3103 965 3222 1034 ipso
3257 963 3495 1034 Evange-

1923 1056 2040 1109 ltcw
2067 1054 2488 1124 Praparationis
2517 1056 2701 1109 limine
2726 1068 3075 1125 coarguerem
3101 1066 3112 1108 ε
3142 1070 3253 1124 quo
3281 1054 3494 1110 facilius

1924 1157 2110 1218 postea
2141 1148 2414 1204 discessus
2443 1148 2510 1201 ab
2543 1145 2650 1202 illis
2678 1147 2848 1201 nostri
2881 1147 3095 1216 plenum
3128 1147 3397 1218 tequitatis
3431 1161 3495 1202 ac

1925 1240 2205 1310 sapientia:
2247 1241 2534 1295 consilium
2567 1239 2908 1309 probaretur,
2936 1254 3043 1294 non
3073 1254 3166 1293 eas
3213 1238 3375 1293 modo
3415 1237 3497 1292 fa-

1925 1333 2102 1399 bulas,
2127 1348 2265 1404 quas
2290 1333 2508 1404 ipsimet
2541 1348 2731 1387 eorum
2771 1332 3004 1402 t‘heologi
3053 1347 3117 1388 ac
3151 1341 3342 1402 poette,
3381 1333 3496 1386 suis

1925 1426 1992 1479 de
2041 1426 2380 1489 numinibus,
2412 1423 2623 1479 comico
2678 1441 2900 1494 prorsus
2955 1440 3106 1480 more
3154 1425 3496 1494 docuerunt;

1926 1530 2112 1567 verum
2138 1513 2299 1568 etiam
2327 1510 2666 1569 honestiores
2710 1515 2830 1569 illas
2870 1514 3134 1585 planeque
3168 1516 3494 1582 reconditas,

1927 1619 2048 1673 quae
2075 1619 2140 1658 ex
2172 1614 2362 1658 natura
2400 1603 2691 1670 ducuntur,
2728 1605 3030 1674 explicandi
3059 1605 3298 1662 rationes
3327 1623 3500 1676 quas-

1927 1713 2033 1767 que
2082 1713 2300 1753 sursum
2353 1698 2404 1751 in
2459 1699 2679 1761 malum,
2713 1714 2777 1753 ac
2828 1707 3050 1754 czeteras
3097 1700 3282 1754 mundi
3315 1708 3498 1770 partes

1928 1790 2159 1860 egregia:
2206 1790 2565 1860 philosophia:
2612 1791 2692 1844 vis
2721 1788 3059 1860 facultasque
3092 1792 3344 1856 traducit,
3375 1804 3500 1846 ante

1930 1882 2113 1936 omnia
2137 1882 2325 1950 primis
2349 1883 2524 1935 tribus
2551 1881 2704 1935 libris
2729 1881 3015 1952 diligenter
3036 1884 3276 1938 excussi.
3315 1883 3502 1950 Quan-

1930 1990 2094 2045 quam
2126 1976 2178 2028 in
2211 1975 2279 2030 iis
2310 1974 2619 2044 speciosum
2657 1973 2758 2028 hoc
2784 1983 2956 2028 totum
2976 1976 3498 2047 philosophandige-

1929 2085 2033 2123 nus
2058 2067 2452 2137 repudiandum
2477 2082 2618 2129 esse,
2642 2066 2725 2120 vel
2757 2066 2859 2136 ipsi
2892 2083 3080 2122 eorum
3109 2069 3344 2139 theologi
3369 2084 3500 2124 con-

1929 2158 2169 2213 ﬁtentur.
2216 2158 2394 2219 Atque
2437 2157 2487 2210 id
2523 2172 2654 2210 sane
2683 2155 2966 2225 diligenter
3007 2157 3058 2211 in
3087 2158 3276 2226 primis
3313 2159 3501 2214 obser-

1928 2248 2186 2314 vandum,
2212 2263 2351 2318 quos
2380 2247 2452 2301 illi
2493 2247 2896 2303 vetustissimos
2941 2250 3184 2303 omnium
3217 2250 3502 2322 theologos

1927 2343 2365 2405 habuerunt,eos
2380 2349 2572 2410 praeter
2597 2340 2797 2394 nudam
2822 2357 3002 2396 rerum
3028 2342 3308 2396 historiam
3334 2359 3501 2414 agno-

1927 2434 2072 2489 visse
2096 2433 2253 2498 nihil,
2277 2434 2410 2488 solis
2427 2434 2710 2490 inhresisse
2734 2434 2950 2500 fabulis,
2977 2434 3226 2505 pluribus
3253 2436 3501 2492 testimo-

1930 2528 2036 2585 niis
2064 2529 2395 2586 constitisse.
2428 2530 2548 2596 Quo
2585 2529 2788 2584 factum
2822 2530 3046 2600 proinde
3081 2530 3172 2595 sit,
3203 2539 3263 2583 ut
3294 2531 3346 2583 in
3383 2544 3501 2583 om-

1928 2623 2090 2678 nibus
2121 2621 2324 2693 passim
2362 2623 2592 2677 urbibus
2635 2632 2796 2692 atque
2837 2622 3011 2691 pagis,
3051 2621 3126 2675 uti
3162 2637 3193 2676 a
3227 2621 3502 2676 veteribus

1928 2726 2190 2786 concepta
2229 2714 2446 2770 fuerant
2499 2716 2703 2782 omnia,
2730 2715 2956 2769 deorum
3001 2714 3292 2784 religiones
3339 2722 3503 2783 atque
3536 2713 3541 2720 ’

1929 2807 2208 2880 mysteria,
2235 2807 2454 2876 jactalis
2476 2803 2682 2876 pridem
2715 2804 2912 2860 fabulis
2929 2811 3293 2860 consentanea
3327 2808 3505 2860 trade-

1928 2910 2141 2957 rentur.
2174 2900 2290 2955 lmo
2319 2901 2618 2955 etiamnum
2651 2900 2875 2953 deorum
2903 2897 3064 2970 vulgo
3110 2899 3332 2968 nupti:e,
3364 2899 3501 2952 libec

1928 2993 2589 3064 rorum‘procreationes,
2641 2991 2853 3057 luctus,
2901 2992 3209 3045 temulenta:
3245 3001 3503 3062 perpota-

1928 3087 2128 3153 tiones,
2147 3086 2376 3142 aliorum
2402 3100 2636 3148 errores,
2664 3100 2880 3139 amores
2910 3084 3166 3148 aliorum,
3192 3085 3283 3138 ira:
3307 3100 3371 3139 ac
3394 3099 3502 3140 ca:-

1928 3191 2056 3236 terae
2088 3180 2270 3236 omnis
2309 3179 2522 3250 generis
2555 3177 2891 3233 calamitates
2929 3181 2981 3231 et
3027 3193 3210 3242 casus,
3237 3187 3396 3248 prout
3436 3178 3503 3232 ab

1929 3271 2330 3342 antiquissimis
2362 3271 2467 3325 illis
2502 3271 2757 3325 traditum
2788 3279 2950 3339 atque
2987 3270 3362 3339 praescriptum
3395 3281 3501 3336 est,

1929 3376 2039 3418 tam
2068 3365 2122 3418 in
2156 3363 2330 3419 sacris
2381 3377 2545 3432 quam
2586 3362 2639 3415 in
2676 3361 2915 3432 hymnis,
2962 3375 3025 3415 ac
3056 3364 3279 3416 deorum
3323 3363 3374 3417 in
3403 3363 3506 3416 bo-

1927 3471 2120 3511 norem
2163 3455 2326 3510 editis
2356 3451 2712 3519 carminibus,
2736 3453 2964 3506 solemni
3000 3453 3106 3507 ritu
3135 3455 3500 3510 celebrantur.

1932 3548 2037 3603 Sed
2067 3556 2247 3602 tamen
2289 3546 2566 3600 liberalius
2594 3559 2755 3614 agere
2796 3543 3020 3613 placuit,
3056 3557 3120 3598 ac
3149 3553 3317 3598 totam
3354 3545 3502 3598 illam

1929 3640 2260 3695 naturalium
2278 3639 2442 3694 etiam
2456 3635 3017 3693 accommodationum
3033 3651 3286 3707 pompam
3309 3653 3372 3693 ac
3389 3653 3507 3708 Spe-

1931 3731 2068 3786 ciem
2101 3739 2248 3784 tanta
2272 3730 2560 3784 verborum
2585 3727 2881 3782 ambitione
2899 3728 3161 3797 iactatam
3181 3736 3233 3782 et
3258 3728 3504 3784 inventas

1931 3839 1961 3878 a
1997 3822 2259 3891 sophistis
2288 3831 2452 3891 atque
2491 3816 2832 3891 philosOpbis
2865 3820 3241 3876 enat-rationes
3271 3821 3343 3876 ob
3374 3837 3504 3877 oce--

1931 3916 2014 3970 los
2042 3929 2261 3986 ponere.
2296 3912 2500 3968 Deinde
2533 3928 2654 3983 qua:
2684 3912 2748 3967 ad
2782 3912 3065 3968 decantata
3104 3914 3345 3983 ipsorum
3378 3929 3505 3968 ora—

1931 4009 2051 4063 cuia
2098 4007 2462 4078 pertinebant,
2495 4005 2768 4076 simulque
2821 4006 3148 4062 celebratam
3187 4023 3214 4061 a
3253 4007 3503 4077 plurimis

1930 4099 2078 4153 illam
2129 4097 2386 4166 quidem,
2431 4096 2524 4152 sed
2561 4105 2740 4150 tamen
2784 4113 2979 4151 vanam
3021 4096 3114 4152 fati
3167 4098 3502 4167 opinionem,

1929 4189 2232 4258 perspicuis
2248 4188 2479 4242 aliorum
2500 4187 2659 4241 triutn
2681 4186 2942 4241 librorum
2963 4189 3295 4258 argumentis
3314 4188 3506 4244 confu—

1931 4289 2096 4334 tatam
2113 4278 2308 4333 nudavi
2327 4277 2520 4348 :789
2534 4293 2639 4332 non
2659 4276 2977 4332 domesticis
2995 4278 3156 4333 modo
3175 4277 3503 4344 rationibus,

1931 4374 2026 4428 sed
2056 4375 2217 4428 etiam
2248 4371 2535 4442 ipsissimis
2556 4370 2868 4425 Graecorum
2897 4372 3130 4424 maxime
3154 4369 3506 4440 philosopho-

1931 4481 2051 4520 rum
2109 4463 2437 4519 testimoniis
2478 4478 2601 4516 eum
2643 4463 2696 4516 in
2743 4462 2902 4516 linem
2950 4477 3102 4516 usus.
3133 4460 3270 4514 Tum
3300 4461 3366 4515 ad
3403 4460 3502 4515 lle-

256 4555 562 4625 ἀπελέγξας
604 4558 822 4630 τρόπον,
851 4560 998 4622 ὅπως
1033 4577 1093 4611 τε
1130 4559 1307 4613 πάντα
1353 4560 1504 4631 παρὰ
1538 4561 1826 4634 βαρϐάρων

1933 4558 2201 4612 brteorum
2248 4555 2373 4610 inde
2411 4555 2620 4608 litteras
2659 4569 2723 4609 ac
2773 4553 3106 4607 monimenta
3155 4569 3502 4623 progressus,

254 4648 550 4720 ὡφὲληντο,
609 4652 699 4703 καὶ
729 4652 804 4714 ὠς
838 4651 987 4704 οὐδὲν
1031 4650 1240 4704 οἴκοθεν
1281 4652 1474 4722 σεμνὸν
1529 4654 1826 4722 ἐπάγονται

258 4736 506 4807 μάθημα,
538 4738 630 4791 καὶ
659 4741 757 4810 τήν
783 4756 845 4807 γε
871 4739 979 4792 τῶν
1005 4741 1211 4811 χρόνων
1239 4741 1678 4813 ἀντιπαράθεσιν,
1707 4744 1825 4797 καθ’

253 4825 346 4889 οὓς
391 4826 658 4898 Ἐλλήνων
686 4846 745 4882 τε
781 4831 824 4882 οἱ
853 4829 1135 4900 βοώμενοι,
1175 4830 1441 4903 Ἐϐραίων
1469 4849 1527 4885 τε
1549 4834 1597 4885 οἱ
1621 4835 1829 4905 προφῆ-

250 4936 340 4972 ται
365 4920 669 4988 γεγόνασιν,
706 4923 784 4985 εἰς
809 4922 923 4990 φῶς
955 4922 1175 4990 ἀγαγών
1201 4941 1212 4952 ’
1246 4920 1401 4987 αὖθις
1425 4923 1515 4977 διὰ
1543 4925 1652 4978 τῶν
1691 4926 1828 4997 μετὰ

252 5010 425 5064 ταῦτα
447 5012 635 5082 τριῶν,
662 5013 760 5082 τὴν
785 5013 892 5065 τῶν
916 5015 1041 5085 παρ’
1067 5014 1321 5084 Ἕλλησιν
1343 5015 1642 5086 εὐδοκίμων
1674 5017 1826 5085 φιλο-

163 5147 171 5155 .
256 5104 434 5173 σόφων
465 5105 600 5174 πρὸς
631 5105 729 5169 τὰς
766 5105 1027 5177 Ἐϐραίων
1046 5107 1204 5171 δόξας
1227 5109 1528 5180 συνδρομὴν
1557 5109 1823 5174 ἐπέδειξα,

253 5197 422 5261 αὑτὰς
450 5198 610 5251 πάλιν
642 5198 739 5263 τὰς
759 5199 963 5262 οἰκείας
982 5198 1090 5252 τῶν
1111 5201 1319 5274 ἀνδρῶν
1342 5202 1521 5271 φωνὰς
1547 5202 1827 5275 μάρτυρας

255 5289 632 5360 ποιησάμενος.
692 5291 764 5344 Οὐ
794 5291 897 5362 μὴν
929 5292 1062 5345 ἀλλὰ
1088 5293 1182 5346 καὶ
1227 5291 1353 5355 τοὺς
1388 5293 1826 5364 ἐτεροδοξοῦντας

257 5381 384 5451 ἡμῖν
415 5381 522 5434 τῶν
550 5385 679 5454 παρ’
700 5383 924 5453 Ἕλλησι
958 5385 1281 5454 φιλοσόφων,
1305 5385 1368 5437 οὐ
1401 5383 1536 5453 πρὸς
1557 5387 1706 5456 ἡμᾶς
1739 5387 1826 5456 μό-

260 5488 398 5534 νους,
435 5472 568 5526 ἀλλὰ
603 5475 694 5527 καὶ
725 5474 862 5546 πρὸς
893 5475 1020 5539 τούς
1047 5493 1195 5545 σφων
1235 5476 1465 5540 οίκείους
1511 5476 1822 5542 διεστῶτας,

329 5633 442 5704 (45)
483 5635 600 5702 Τὴν
643 5636 956 5690 πονίύθεον.
1003 5634 1100 5690 llic
1134 5633 1320 5704 incipit
1354 5631 1587 5703 Hopperi
1623 5648 1822 5696 versro,

259 5703 690 5773 Trapezuntiana
741 5707 947 5761 ﬁdelior
999 5707 1087 5760 illa
1129 5705 1383 5773 quidem;
1431 5704 1700 5773 ejusmodi
1743 5714 1826 5756 ta-

256 5789 402 5838 men,
436 5789 782 5848 postquam,
817 5778 1085 5831 neminem
1122 5775 1574 5848 futurumspero,
1606 5775 1696 5844 qui
1738 5789 1828 5848 su-

255 5845 648 5914 pervacaneum
697 5847 794 5902 abs
853 5864 938 5903 me
999 5855 1308 5912 susceptum
1384 5846 1622 5901 laborem
1680 5845 1824 5899 arbi-

1933 4664 2042 4720 quo
2075 4648 2288 4703 tandem
2326 4647 2559 4702 consilio
2605 4655 2658 4700 et
2698 4646 3147 4715 comprehensam
3206 4646 3341 4714 ipsis
3408 4646 3505 4699 do-

1931 4741 2218 4813 gmaticam
2271 4754 2458 4794 eorum
2506 4738 2861 4809 theOIOgiam,
2913 4746 2966 4790 et
3013 4753 3133 4806 quae
3189 4737 3503 4810 Qrmcorum

1930 4832 2095 4888 etiam
2159 4833 2440 4886 hominum
2497 4831 2723 4886 vocibus
2777 4831 3131 4884 confirmatur
3193 4831 3502 4885 universam

1932 4926 2106 4995 gentis
2145 4924 2450 4986 historiam,
2480 4920 2748 4992 complexi
2796 4919 3082 4986 fuerimus,
3111 4919 3332 4974 totidem
3367 4937 3508 4989 quo-

1930 5034 2037 5089 que
2061 5019 2214 5072 libris
2247 5018 2454 5088 aperui.
2482 5015 2765 5084 Deinceps,
2803 5029 2926 5068 cum
2964 5013 3244 5083 patefactis
3283 5013 3504 5068 Graeco-

1928 5127 2052 5164 rum
2102 5111 2380 5176 moribus,
2435 5124 2529 5162 eos
2572 5124 2603 5162 a
2659 5107 2908 5163 barbaris
2957 5105 3271 5160 hominibus
3322 5095 3506 5159 omnia

1929 5209 2205 5254 mutuatos
2245 5215 2386 5264 esse,
2443 5199 2760 5266 nullumque
2807 5197 2968 5250 domo
3008 5211 3255 5264 promere
3294 5196 3510 5266 gravio-

1930 5293 2004 5347 ris
2035 5292 2339 5361 disciplina:
2369 5305 2559 5362 genus,
2581 5289 2792 5344 collatis
2815 5287 2977 5342 etiam
3003 5297 3163 5356 atque
3194 5287 3506 5341 commissis

1927 5397 2139 5445 eorum,
2181 5397 2318 5451 quos
2355 5380 2591 5433 maxime
2625 5373 2796 5430 Grreci
2839 5376 3132 5446 praedicare
3171 5375 3364 5438 solent,
3397 5373 3504 5429 He-

1929 5476 2309 5544 braeorumque
2326 5472 2712 5543 prophetarum
2734 5469 3090 5540 temporibus,
3110 5467 3502 5523 ostendissem:

1930 5642 2119 5771 "Cll-ig).
2144 5701 2709 5772 Μρμαρτιιρημένην.
2749 5699 2907 5756 Deest
2936 5699 3082 5756 verb.
3109 5693 3503 5770 ἡσπασάμεθα,

1927 5775 2010 5830 vel
2040 5777 2182 5830 aliud
2215 5775 2408 5828 simile.
