4090 6382
569 387 707 446 1295

1228 382 1495 440 EUSEBII
1526 377 2003 436 CAESARIENSIS
2040 375 2191 431 OPP.
2224 374 2407 430 PARS
2447 375 2511 431 ll.
2552 406 2618 417 -—
2657 375 3158 435 APOLOGETICA.

3686 379 3833 437 1296

568 510 744 564 tribus
779 507 903 564 inde
923 507 1079 562 libris
1117 505 1491 575 sequentibus,
1530 500 1857 556 Graecanica:
1895 499 2111 569 philoso

2242 498 2345 551 ὑπό
2371 515 2429 550 τε
2458 498 2567 550 τῶν
2605 497 2895 569 γνωρίμων
2929 498 3440 569 ἀνατετραμμένους
3467 540 3481 564 ,
3516 500 3575 551 έν
3605 499 3685 569 τῷ
3708 502 3829 572 πρὸ

568 600 711 670 phiae
742 599 1044 670 principum
1075 613 1197 650 cum
1233 595 1584 651 llebrteorum
1624 591 1872 646 doctrina
1903 605 2140 645 consen-

566 690 799 755 sionem,
831 690 1060 744 testibus
1083 688 1333 743 similiter
1356 685 1634 752 gentilium
1662 698 1888 738 suorum
1915 681 2139 738 vocibus

563 781 929 850 eomprobavi.
954 779 1095 847 Quin
1114 780 1276 835 etiam
1304 785 1567 847 quotquot
1598 776 1739 847 apud
1766 774 1984 830 Graecos
2016 773 2138 843 phi-

564 876 773 945 losophi
808 875 1078 929 diversam
1126 889 1157 928 a
1207 882 1393 927 nostra
1435 872 1747 941 opinionem
1797 867 1969 923 secuti
2005 867 2135 930 sint,

559 980 654 1020 eos
676 978 805 1019 vero
828 980 936 1019 non
960 981 990 1020 a
1015 965 1171 1020 nobis
1199 972 1430 1028 tantum,
1466 962 1559 1017 sed
1583 962 1746 1015 etiam
1773 976 1803 1014 a
1840 959 1954 1014 suis
1978 956 2138 1011 dissi-

558 1056 703 1121 dere,
732 1069 795 1108 ac
830 1053 1225 1123 discipulorum
1258 1067 1477 1123 quoque
1503 1065 1728 1105 suorum
1753 1047 2137 1119 disputationi-

559 1149 658 1202 bus
681 1145 875 1212 refelli,
913 1146 1194 1215 superiore
1234 1146 1373 1199 libro
1410 1144 1709 1199 clarissime
1742 1139 2129 1196 demonstravi.

557 1237 765 1305 Quibus
789 1254 852 1292 ex
881 1238 1135 1293 omnibus
1153 1237 1348 1292 mentis
1363 1246 1565 1291 nostra:
1581 1234 1948 1290 sinceritatem
1970 1240 2133 1300 atque

555 1330 918 1401 integritatem
938 1330 1169 1385 lectores
1202 1328 1528 1400 intelligant,
1556 1343 1619 1381 ac
1646 1342 1829 1381 rerum
1862 1325 2127 1395 ipsarum,

554 1431 614 1475 ιιι
640 1422 712 1475 ita
735 1421 948 1491 loquar,
972 1421 1257 1491 perspicua
1291 1429 1547 1489 certaque
1570 1418 1674 1473 fide
1697 1425 1928 1481 constet,
1964 1431 2128 1487 quam

552 1529 662 1568 non
692 1513 1112 1577 inconsiderate,
1138 1512 1233 1568 sed
1267 1511 1517 1582 prudenti
1548 1519 1873 1578 matureque
1898 1507 2126 1577 judicio,

552 1603 903 1659 Hebraeorum
919 1605 1153 1674 priscam
1171 1604 1334 1661 simul
1349 1618 1530 1658 veram
1549 1602 1951 1673 philosophiam
1966 1608 2128 1669 atque

553 1695 804 1764 pietatem
853 1694 1183 1751 Graacaniese
1216 1695 1633 1761 praetulerimus.
1692 1691 1847 1758 Quod
1887 1691 2064 1761 ipsum
2095 1706 2125 1745 a

550 1788 709 1843 nobis
749 1803 1007 1858 expressa
1034 1787 1349 1842 Graecorum
1392 1786 1835 1843 testimoniorum
1886 1782 2126 1838 auctori-

548 1884 659 1931 tate
691 1876 996 1931 confeetum
1027 1886 1137 1933 est.
1162 1874 1337 1946 Hujus
1370 1891 1534 1945 porro
1567 1889 1877 1944 supremam
1921 1882 2124 1928 tracta-

548 1968 771 2033 tionem,
808 1968 903 2037 qui
942 1967 1187 2023 decimus
1222 1968 1447 2037 quintus
1486 1966 1725 2036 suscepti
1768 1965 1950 2035 operis
1987 1964 2125 2019 liber

546 2069 649 2123 est,
716 2060 831 2115 huc
886 2075 1059 2130 usque
1088 2058 1421 2121 distulimus,
1451 2058 1505 2111 in
1534 2072 1643 2128 quo
1676 2057 1757 2112 sic
1787 2072 1849 2111 ea
1880 2071 2001 2126 qua:
2030 2072 2124 2111 su-

542 2150 853 2221 perioribus
874 2166 941 2206 ex
967 2150 1429 2220 disputationibus
1460 2149 1667 2219 reliqua
1698 2157 1845 2210 sunt,
1876 2158 2124 2218 pertexe-

543 2259 687 2313 mus,
731 2252 788 2298 ut
822 2243 1063 2314 speciosa
1116 2244 1205 2297 illa
1249 2243 1478 2314 egregiae
1527 2242 1838 2297 Grazeorum
1881 2240 2123 2312 philoso-

542 2336 687 2405 phiae
732 2336 988 2406 mysteria
1045 2334 1100 2389 in
1159 2335 1336 2390 lucem
1398 2334 1698 2388 etiamnum
1754 2331 2119 2403 proferamus,

542 2443 817 2498 quamque
845 2427 978 2482 nihil
1018 2426 1205 2481 solidae
1234 2441 1484 2497 veraeque
1513 2425 1836 2480 eruditionis
1858 2425 2117 2487 habeant,

540 2520 783 2575 omnium
810 2519 863 2573 in
891 2519 1065 2574 oculis
1087 2516 1407 2590 deligamus.
1431 2517 1551 2585 Quo
1572 2518 1625 2572 in
1658 2532 1853 2588 genere
1880 2519 2118 2589 primum

540 2626 606 2667 ac
638 2610 969 2681 praecipuum
1005 2610 1109 2665 hoc
1142 2609 1388 2665 futurum
1428 2618 1533 2674 est,
1564 2619 1624 2664 ut
1652 2610 1832 2681 quivis
1860 2618 2122 2680 agnoscat

540 2718 647 2756 non
679 2701 786 2756 ulla
828 2716 1010 2756 rerum
1053 2715 1188 2770 quas
1220 2709 1500 2770 tantopere
1527 2700 1865 2755 demirantur
1897 2700 2120 2770 ignora-

538 2792 708 2857 tione,
737 2792 831 2846 sed
868 2791 1047 2846 inanis
1088 2806 1275 2847 earum
1324 2790 1491 2846 studii
1522 2800 1860 2862 contemptu,
1899 2805 2117 2846 omnem

536 2899 709 2955 prope
740 2900 841 2939 nes
864 2884 1077 2939 illarum
1102 2900 1291 2938 curam
1321 2883 1559 2949 exuisse,
1584 2885 1783 2939 animis
1818 2883 1887 2939 ad
1923 2884 2119 2939 melio-

537 2992 659 3030 rum
683 2991 844 3031 usum
881 2975 1437 3045 exercitationemque
1474 2977 1759 3031 traductis.
1787 2974 1926 3030 lluic
1954 2976 2119 3047 igitur

535 3067 628 3121 ubi
676 3065 787 3121 Deo
816 3067 954 3122 duce
995 3067 1321 3136 impressum
1355 3065 1520 3123 fuerit
1548 3068 1795 3123 veritatis
1849 3068 2113 3138 sigillum,

534 3168 832 3216 extremam
865 3158 1259 3229 Prwparationi
1291 3168 1492 3215 nostrae
1520 3160 1837 3214 eoronidem
1869 3159 2117 3229 impone-

533 3269 677 3308 mus.
715 3250 870 3307 Unde
926 3252 993 3307 ad
1040 3252 1339 3322 perfectius
1384 3253 1716 3323 Evangelicw
1769 3253 2113 3307 Demonstra-

533 3348 691 3403 u‘om’s
720 3353 1099 3416 argumentum
1118 3347 1415 3417 progressi,
1431 3347 1595 3416 79o
1614 3350 1931 3415 posterioris
1950 3349 2112 3416 nnjus

528 3439 920 3509 disputationis
959 3438 1197 3502 initium,
1227 3440 1371 3507 quod
1419 3438 1489 3491 ab
1530 3438 1701 3492 altero
1745 3439 2112 3493 accusationis

530 3540 730 3587 nostra:
764 3532 942 3601 capite
986 3531 1234 3595 ducetur,
1264 3546 1388 3585 cum
1442 3529 1641 3598 prioris
1676 3530 1821 3586 illius
1855 3531 1957 3586 fine
1987 3548 2113 3586 con-

527 3633 730 3676 texam.
764 3620 931 3675 Nobis
964 3631 1142 3675 autem
1171 3620 1386 3676 crimini
1414 3620 1669 3689 dabatur,
1689 3622 1834 3691 quod
1867 3638 1991 3677 cum
2014 3638 2109 3692 pa-

528 3714 648 3767 triis
681 3712 891 3783 legibus
926 3711 1279 3768 Hebrteorum
1307 3712 1525 3765 oracula
1552 3713 1968 3783 prmtulerimus,
2005 3716 2107 3767 mi-

527 3801 675 3856 nime
690 3810 869 3856 tamen
896 3799 1098 3857 Iudaeis
1128 3801 1306 3857 simile
1335 3802 1457 3856 vita:
1480 3818 1652 3872 genus
1682 3803 2105 3875 institutumque

526 3904 829 3947 teneamus.
862 3891 961 3947 Cui
994 3908 1095 3964 ego
1134 3893 1528 3960 criminationi,
1561 3893 1775 3971 favente
1820 3894 1952 3962 Deo,
1982 3906 2105 3966 post

520 3982 774 4043 eiactu’iﬁ
789 3983 1167 4042 hunc’h‘brum
1197 3987 1527 4057 respondere
1553 3972 1813 4044 conabor.
1843 3987 1934 4046 Sic
1956 3992 2100 4047 enim

522 4080 743 4135 demum
784 4078 1032 4134 futurum
1068 4079 1345 4144 existimo,
1379 4087 1439 4133 ut
1462 4082 1762 4150 posteriora
1795 4098 1918 4138 cum
1952 4085 2100 4155 prio-

521 4170 676 4225 ribus
704 4184 814 4225 uno
838 4170 999 4241 quasi
1029 4170 1309 4239 complexa
1347 4186 1508 4239 nexu,
1544 4189 1709 4227 unam
1733 4175 1988 4235 universe
2017 4185 2100 4231 to-

519 4262 631 4317 tius
659 4262 842 4333 operis
877 4261 1202 4317 sententiam
1238 4262 1493 4319 elliciant.
1533 4262 1651 4318 Jam
1689 4274 1746 4319 ut
1776 4267 1828 4320 in
1860 4282 1926 4322 eo
1950 4269 2095 4338 quod
2138 4306 2147 4313 -

518 4354 753 4424 agimus,
779 4353 1117 4416 hazreamus;
1145 4354 1584 4425 quandoquidem
1622 4358 1998 4427 superioribus
2031 4360 2097 4413 li-

517 4444 631 4500 bris
668 4446 947 4501 evidenter
997 4444 1357 4511 ostendimus,
1393 4444 1632 4503 Platonis
1669 4448 2091 4519 philosophiam,

2240 588 2427 642 τούτου
2458 590 2849 660 συγγράμματι
2877 588 3263 661 κατεφώρασα.
3286 590 3387 644 Διὰ
3414 591 3619 645 τούτων
3649 593 3832 646 ἀπάν-

2239 697 2346 733 των
2385 682 2479 751 τῆς
2519 681 2793 753 ἡμετέρας
2836 681 3061 753 γνώμης
3098 682 3160 736 τὸ
3199 685 3480 757 κριτήριον
3526 684 3832 738 ἀδέκαστον

2240 773 2541 838 ἐπιδεικνὺς
2581 777 2694 839 τοῖς
2737 776 3179 845 ἐντυγχάνουσιν,
3214 777 3398 848 ἔργοις
3434 796 3493 832 τε
3521 818 3535 841 ,
3570 778 3647 842 ὡς
3690 779 3826 842 ἔπος

2238 867 2431 930 εἰπεῖν,
2466 867 2560 919 καὶ
2589 867 2773 931 αὐτοῖς
2799 868 3085 939 πράγμασι
3130 869 3232 933 τάς
3277 870 3583 935 ἀποδείξεις
3614 870 3708 924 τοῦ
3749 872 3828 941 μὴ

2239 955 2496 1018 ἀσκόπως
2517 957 2687 1026 ἡμᾶς,
2714 957 3025 1028 κεκριμένῳ
3057 956 3114 1010 δὲ
3139 959 3233 1012 καὶ
3270 957 3508 1030 σώφρονι
3548 960 3825 1031 λογισμῷ,

2238 1046 2342 1119 πρὸ
2367 1050 2465 1118 τῆς
2512 1047 2776 1119 Ἐλλήνων
2797 1036 2897 1119 τὴν
2944 1048 3209 1121 Ἐϐραίων
3250 1050 3389 1119 ὁμοῦ
3440 1051 3680 1106 παλαιάν
3719 1052 3827 1106 καὶ

2234 1138 2408 1209 ἀληθῆ
2440 1138 2758 1208 φιλοσοφίαν
2782 1158 2843 1192 τε
2874 1141 2968 1193 καὶ
2989 1141 3269 1195 εὐσέϐειαν
3297 1143 3694 1218 ὲπανῃρῆσθαι,
3720 1162 3829 1199 πα-

2237 1231 2588 1302 ρασχόμενος.
2624 1233 2688 1284 ‘U
2718 1232 2812 1285 καὶ
2837 1233 3064 1303 συνέστη
3092 1232 3180 1287 διά
3206 1237 3305 1305 τῆς
3348 1234 3454 1287 τῶν
3490 1235 3827 1307 Ἑλληνικῶν

2234 1321 2425 1391 φωνῶν
2460 1322 2832 1395 παραθέσεως.
2863 1317 2972 1387 Ἧς
3018 1324 3185 1378 εἰσέτι
3231 1325 3391 1395 δεῦρο
3452 1326 3537 1379 τὸν
3584 1326 3822 1380 ῦστατον

2184 1410 2187 1415 ’
2231 1416 2515 1485 ἐπέχοντες
2540 1414 2715 1483 λόγον,
2749 1416 3231 1471 πεντεκαιδέκατον
3264 1418 3391 1470 ὅντα
3421 1418 3524 1488 τῆς
3569 1420 3626 1470 έν
3655 1419 3824 1491 χερσὶ⁸

2232 1506 2628 1576 πραγματείας,
2654 1506 2714 1560 τὸ
2754 1506 2937 1560 λεῖπον
2975 1510 3087 1571 τοῖς
3125 1508 3562 1581 διεξωδευμένοις
3592 1511 3817 1566 ἀποδῶ-ν

2230 1612 2414 1666 σομεν,
2444 1595 2513 1649 τὰ
2541 1595 2714 1667 σεμνά
2740 1598 2838 1666 τῆς
2869 1596 3122 1663 γενναίας
3148 1597 3255 1649 τῶν
3300 1596 3565 1669 Ἐλλήνων
3594 1597 3819 1667 φιλοσοο

2228 1685 2354 1753 φίας
2374 1683 2454 1738 έτι
2484 1685 2579 1739 καὶ
2605 1684 2700 1739 νῦν
2725 1686 2805 1749 είς
2837 1684 2952 1755 φῶς
2982 1685 3249 1751 ἕλκοντες,
3282 1687 3388 1757 πρὸ
3412 1686 3707 1758 ὀφθαλμῶν
3748 1706 3813 1741 τε

2225 1779 2337 1840 τοῖς
2366 1777 2500 1829 πᾶσι
2522 1776 2619 1849 τὴν
2639 1778 2698 1831 ὲν
2722 1778 2905 1841 αὐτοῖς
2930 1776 3403 1849 ἀχρηστομάθειαν
3427 1778 3814 1849 ἀπογυμνοῦν-

2224 1887 2334 1935 τες,
2371 1872 2465 1924 καὶ
2507 1871 2724 1925 πάντων
2750 1887 2813 1939 γε
2866 1871 3128 1943 πρότερον
3176 1870 3569 1944 παριστῶντες,
3593 1873 3677 1925 ὅτι
3730 1872 3810 1945 μὴ

2225 1960 2416 2032 ἀγνοίᾳ
2447 1961 2556 2015 τῶν
2591 1964 2719 2034 παρ’
2753 1964 2934 2025 αὐτοῖς
2974 1960 3423 2034 θαυμαζομένων,
3456 1963 3718 2036 ὀλιγωρία
3751 1964 3813 2018 δὲ

2223 2055 2321 2125 τῆς
2348 2054 2406 2107 ὲν
2430 2056 2614 2119 αὐτοῖς
2637 2055 2943 2125 ἀνωφελοῦς
2978 2056 3200 2128 σχολῆς,
3258 2057 3457 2127 ἥκιστα
3492 2057 3671 2111 αὐτῶν
3701 2074 3809 2111 πε-

2225 2147 2611 2219 φροντίκαμεν,
2632 2150 2698 2218 τῇ
2723 2148 2830 2201 τῶν
2860 2148 3182 2218 κρειττόνων
3206 2148 3434 2220 ἀσκήσει
3466 2149 3564 2213 τὰς
3593 2150 3807 2205 ζεαυτῶν

2223 2237 2512 2303 ἀναθέντες
2544 2238 2740 2310 ψυχάς.
2784 2240 2986 2293 Τούτου
3018 2240 3082 2312 δὴ
3132 2234 3223 2294 οῦν
3266 2241 3364 2294 σὺν
3401 2238 3521 2310 Θεῷ
3570 2239 3660 2294 διὰ
3703 2240 3809 2311 τῆς

2222 2330 2479 2402 ἀληθείας
2502 2333 2633 2403 ἡμῖν
2662 2332 3201 2406 ὲπισφραγισθέντος,
3228 2333 3297 2387 τὰ
3326 2333 3422 2403 μὲν
3444 2332 3546 2403 τῆς
3576 2336 3811 2401 Προπυ-

2212 2424 2530 2496 ρασκευῆς
2559 2426 2793 2481 ἐνταῦθά
2825 2443 2914 2497 μοι
2941 2426 3430 2496 περιγραφήσεται.
3465 2424 3729 2487 Μεταϐἀς
3750 2424 3808 2479 δὲ

2222 2519 2315 2572 ἐπὶ
2346 2520 2448 2592 τὴν
2506 2519 2885 2591 ἐντελεστέραν
2930 2518 3184 2572 ὑπόθεσιν
3240 2519 3339 2585 τῆς
3385 2516 3806 2587 Εὺαηοελικῆς

2234 2610 2631 2677 Ἀποδείξεως,
2658 2609 2873 2664 ἀπὸτοῦ
2899 2609 3175 2672 λείποντος
3193 2610 3294 2680 τῆς
3314 2608 3435 2663 καθ’
3467 2609 3625 2681 ἡμῶν
3664 2626 3803 2662 κατ-

2221 2705 2448 2776 ηγορίας
2490 2704 2804 2775 σκέμματος
2846 2703 2945 2774 τὴν
2984 2700 3261 2773 καταρχὴν
3279 2701 3381 2773 τῆς
3400 2701 3661 2774 δευτέρας
3691 2704 3805 2754 ἑπι-

2223 2796 2443 2865 συνάψω
2476 2796 2877 2867 πραγματείας.
2910 2790 3018 2847 Ἦν
3054 2793 3111 2847 δὲ
3144 2793 3301 2847 τοῦτο
3352 2793 3801 2865 ἐπιμεμφόμενον

2220 2890 2372 2960 ἡμῖν,
2400 2890 2481 2942 ὅτι
2508 2888 2594 2961 δὴ,
2626 2886 2697 2941 τά
2736 2886 3001 2958 Ἑϐραίων
3029 2886 3184 2956 λόγια
3197 2885 3305 2939 τῶν
3331 2885 3574 2957 πατρίων
3607 2903 3803 2957 προτι-

2223 2984 2512 3053 μήσαντες,
2537 2982 2599 3034 οὐ
2627 2981 2717 3034 τὸν
2749 2982 2933 3051 δμοιον
2958 2980 3035 3051 τῷ
3069 2978 3339 3033 Ἰουδαίων
3370 2977 3482 3048 βίον
3509 2977 3801 3049 ζηλοῦντες

2218 3071 2583 3144 προεθέμεθα.
2616 3072 2761 3141 Πρὸς
2809 3071 2837 3124 ὃ
2868 3070 3006 3141 μετά
3034 3071 3133 3141 τὴν
3175 3068 3270 3123 τοῦ
3315 3070 3584 3141 παρόντος
3635 3070 3800 3139 λόγου

2219 3163 2630 3235 συμπλήρωσιν,
2655 3162 2791 3215 Θεοῦ
2823 3161 3227 3233 συνεργοῦντος,
3258 3164 3570 3233 ἀπαντῆσαι
3602 3162 3801 3233 πειρά-

2220 3269 2400 3322 σομαι.
2431 3251 2609 3323 Ταύτῃ
2642 3250 2753 3323 γάρ
2776 3250 3015 3322 ήγοῦμαι
3038 3253 3152 3315 τοῖς
3184 3250 3420 3322 πρώτοις
3452 3251 3520 3305 τά
3543 3251 3797 3323 δεύτερα,

2214 3344 2402 3415 ὥσπερ
2430 3346 2518 3414 ὑφ’
2555 3345 2634 3398 ἑνὶ
2663 3343 2847 3415 δεσμῷ
2881 3343 3290 3414 συμπλακέντα,
3324 3344 3453 3415 μίαν
3494 3345 3593 3417 τὴν
3628 3343 3797 3398 καθόι-

2212 3435 2304 3489 λου
2357 3437 2593 3491 διάνοιαν
2626 3436 2720 3489 τοῦ
2776 3435 2978 3498 παντὸς
3022 3435 3373 3489 ἀποτελέσειν
3406 3436 3589 3504 λόγου.
3626 3437 3700 3490 Τό
3728 3453 3794 3506 γε

2216 3530 2321 3601 μὴν
2352 3530 2544 3601 παρὸν,
2569 3527 2753 3599 ἐπειδὴ
2780 3528 3019 3598 πέφηνεν
3055 3530 3111 3580 ὲν
3142 3530 3256 3591 τοῖς
3285 3527 3391 3599 πρὸ
3431 3528 3621 3581 τούτου
3659 3545 3793 3597 συγ-

2210 3623 2530 3693 γράμμασιν
2555 3623 2588 3693 ἡ
2622 3621 2763 3674 κατὰ
2783 3620 3045 3673 Πλάτωνα
3073 3620 3377 3689 φιλοσοφία,
3404 3621 3525 3674 τοτὲ
3554 3621 3653 3692 μὲν
3678 3624 3791 3686 τοῖς

2223 3714 2489 3785 Ἐϐραίων
2518 3712 2884 3785 συμφωνοῦσα
2913 3712 3111 3781 λόγοις,
3142 3712 3263 3767 τοτὲ
3310 3712 3366 3766 δὲ
3412 3713 3547 3785 πρὸς
3588 3714 3789 3778 αὐτοὺς

2207 3806 2491 3870 διεστῶσα,
2518 3808 2573 3859 ὲν
2605 3799 2686 3867 οἷς
2711 3804 3029 3876 ὲλήλεγκται
3056 3805 3150 3858 καὶ
3178 3805 3316 3877 πρὸς
3361 3804 3429 3858 τὰ
3474 3806 3609 3876 αὐτῇ
3654 3806 3783 3875 ἀρέ-

2209 3913 2405 3950 σκοντα
2431 3895 2770 3965 διαφωνοῦσα
2794 3913 2807 3929 ·
2841 3896 2910 3950 τά
2942 3895 2998 3949 δὲ
3025 3896 3164 3950 κατὰ
3184 3898 3312 3961 τοὺς
3339 3896 3531 3961 ἄλλους
3564 3899 3692 3961 τοὺς
3719 3899 3780 3969 δὴ

2206 3987 2465 4056 φυσικοὺς
2499 3985 2891 4058 ὲπικληθέντας
2908 3986 3253 4058 φιλοσόφους,
3286 3987 3387 4052 τάς
3418 4005 3475 4041 τε
3515 3988 3614 4057 τῆς
3640 3988 3781 4043 Πλά-

2202 4096 2369 4142 τωνος
2395 4078 2662 4150 διαδοχῆς,
2697 4080 2790 4133 καὶ
2820 4079 2888 4132 τὰ
2909 4080 3046 4135 κατά
3076 4080 3383 4152 Ξενοφάνην
3403 4097 3462 4133 τε
3517 4082 3611 4134 καλ⁵
3641 4082 3780 4153 Παρ-

2205 4170 2423 4240 μενίδην
2450 4210 2464 4234 ,
2520 4172 2615 4223 καὶ
2658 4171 2734 4225 ἔτι
2786 4169 3076 4244 Πύρρωνα,
3134 4173 3229 4225 καὶ
3266 4174 3391 4236 τοὺς
3428 4173 3524 4245 τὴν
3573 4174 3775 4244 ἐποχὴν

2200 4260 2693 4331 εἰσηγησαμένους,
2733 4262 2859 4327 τούς
2892 4281 2949 4316 τε
2983 4262 3173 4326 ἄλλους
3205 4262 3331 4332 ἑξῆς
3388 4263 3633 4326 ἅπαντας
3654 4304 3669 4326 ,
3702 4256 3773 4315 ὧν

2198 4354 2295 4416 τὰς
2326 4352 2482 4418 δόξας
2507 4356 2535 4407 ό
2565 4354 2850 4425 προλαϐὼν
2871 4355 3142 4429 ἀπήλεγξε
3163 4355 3337 4425 λόγος,
3360 4358 3472 4419 τοῖς
3506 4356 3769 4428 Ἐϐραίων

2197 4444 2331 4517 ὁμοῦ
2364 4447 2457 4500 καὶ
2488 4450 2600 4510 τοῖς
2628 4446 2912 4513 Πλάτωνος
2940 4448 3204 4518 δόγμασιν
3223 4487 3239 4509 ,
3266 4449 3404 4519 αὐτῇ
3457 4466 3515 4502 τε
3548 4448 3771 4519 ἀληθεία

517 4538 682 4594 modo
716 4554 839 4593 cum
873 4538 1221 4593 Hebraeorum
1261 4538 1507 4592 doctrina
1560 4541 1894 4607 consentire,
1930 4543 2092 4597 modo

2212 4536 2254 4603 εξ
2288 4536 2535 4602 ἐναντίας
2572 4538 2855 4609 ἱστάμενα,
2882 4540 2943 4592 οὐ
2972 4540 3077 4612 μὴν
3107 4538 3240 4593 ἀλλά
3285 4541 3380 4593 καὶ
3420 4541 3513 4593 τὸν
3554 4539 3769 4612 ἔλεγχον

517 4631 781 4688 dissidere
810 4630 879 4686 ab
908 4630 1128 4695 eadem;
1162 4629 1272 4683 imo
1291 4629 1561 4684 interdum
1585 4631 1746 4685 etiam
1767 4647 1863 4687 sua
1888 4633 2093 4703 ipsam-

514 4734 626 4780 met
654 4724 873 4779 decreta
904 4722 1149 4778 refellere
1174 4741 1186 4775 :
1212 4732 1533 4777 caeterorum
1558 4732 1819 4792 praterea
1850 4726 2092 4796 philoso-

512 4816 766 4885 phorum,
790 4828 930 4886 quos
955 4814 1115 4884 vulgo
1136 4811 1395 4884 Physicos
1424 4815 1730 4877 nominant,
1759 4824 1871 4871 tum
1898 4832 2088 4872 eorum

512 4906 605 4977 qui
634 4905 849 4961 Platoni
878 4919 1208 4965 successere,
1237 4912 1350 4957 tum
1382 4904 1545 4957 etiam
1563 4903 1937 4975 Xenophanis,
1959 4906 2089 4964 Par-

509 4996 767 5063 menidis,
798 4994 1120 5067 Pyrrhonis,
1146 5003 1200 5048 et
1230 5009 1421 5048 eorum
1469 4995 1561 5064 qui
1613 5011 1875 5053 assensus
1909 5008 2089 5054 reten-

509 5089 710 5144 tionem
735 5088 1007 5150 invexere,
1038 5097 1148 5141 tum
1171 5085 1401 5139 aliorum
1421 5085 1676 5157 deinceps
1696 5089 1940 5143 omnium
1964 5105 2088 5145 sen-

511 5180 708 5235 tentias
741 5179 1069 5249 praeedenti
1110 5178 1251 5233 libro
1278 5178 1536 5241 vidimus,
1572 5195 1695 5233 cum
1735 5179 2083 5236 Hebraeorum

509 5270 672 5325 simul
711 5268 1062 5339 Platonisque
1101 5268 1374 5329 doctrina.
1408 5270 1653 5339 adeoque
1688 5286 1813 5324 cum
1850 5271 1966 5340 ipsa
1993 5287 2085 5326 ve-

509 5361 672 5415 ritate
696 5359 878 5429 palam
919 5369 1175 5428 rectaque
1204 5374 1466 5427 pugnare,
1500 5374 1564 5412 ac
1592 5375 1712 5414 sese
1744 5370 1937 5414 mutuo
1967 5362 2083 5417 suis

509 5446 666 5515 quasi
695 5446 814 5500 telis
858 5445 1168 5500 confodere.
1193 5445 1336 5509 Jam,
1379 5448 1626 5517 inquam,
1652 5456 1864 5516 tempus
1891 5460 1993 5515 est,
2023 5459 2083 5504 ut

509 5539 677 5591 alium
706 5537 859 5591 illum
894 5537 1206 5592 Aristotelis
1241 5537 1662 5608 Stoicorumque
1696 5539 1895 5595 fastum
1926 5556 1956 5595 e
1985 5557 2080 5596 su-

506 5631 720 5698 periore
750 5630 894 5697 loco,
921 5629 1000 5687 sic
1035 5640 1292 5699 tanquam
1346 5645 1377 5684 e
1424 5645 1588 5686 scena
1626 5633 2077 5702 contemplemur,

514 5739 719 5794 Jnaque
734 5725 996 5794 reliquam
1015 5723 1493 5793 superciliosorum
1510 5722 1790 5779 hominum
1814 5726 2082 5796 physiolo-

505 5818 647 5889 giam
696 5815 995 5882 videamus,
1034 5830 1143 5886 quo
1167 5815 1330 5869 simul
1384 5830 1447 5868 ae
1493 5816 1658 5871 semel
1689 5831 1812 5870 eum
1843 5831 1927 5884 ea,
1957 5835 2076 5886 quze

2194 4632 2306 4693 τοῖς
2326 4630 2475 4699 σφῶν
2504 4630 2681 4685 αὐτῶν
2703 4631 2910 4702 βέλεσιν
2936 4633 3368 4706 ἀπενηνεγμένα.
3399 4634 3541 4706 Ὦρα
3562 4634 3658 4688 καὶ
3681 4635 3769 4687 τὸν

2192 4718 2350 4773 ἄλλον
2374 4719 2543 4790 τῦφον
2572 4720 2680 4774 τῶν
2704 4724 2797 4776 ἀπ’
2844 4724 3265 4793 Ἀριστοτέλους,
3295 4724 3401 4778 τῶν
3425 4741 3484 4778 τε
3517 4725 3767 4780 Στωϊκῶν

2193 4815 2518 4885 φιλοσόφων,
2548 4815 2751 4870 ἄνωθεν
2777 4816 2852 4880 ὡς
2878 4817 2987 4871 ἀπὸ
3020 4818 3223 4888 σκηνῆς
3249 4818 3644 4884 κατοπτεῦσαι,
3675 4819 3765 4873 καὶ

2191 4908 2288 4977 τὴν
2313 4907 2502 4980 λοιπὴν
2532 4908 2589 4961 δὲ
2619 4909 2799 4962 πᾶσαν
2826 4909 3170 4978 φυσιολογίαν
3196 4909 3302 4963 τῶν
3324 4910 3423 4974 τάς
3437 4911 3611 4984 ὀφρῦς
3638 4914 3765 4965 ἀνα-

2189 4997 2512 5067 τεινομένων
2549 4998 2807 5052 συνιδεῖν·
2854 4998 2930 5063 ὡς
2974 4998 3040 5053 ἂν
3083 4998 3347 5071 μάθοιμεν
3395 5002 3490 5054 καὶ
3514 5001 3585 5054 τά
3614 5002 3763 5074 παρὰ

2189 5087 2362 5139 τοῖσδε
2391 5105 2447 5140 σε
2457 5087 2712 5158 μνολογού
2722 5106 2877 5160 μενα,
2913 5091 2982 5143 τά
3011 5107 3071 5143 τε
3100 5091 3235 5163 πρὸς
3264 5092 3464 5156 αὐτοὺς
3486 5089 3554 5147 αὖ
3600 5094 3760 5147 πάλιν

2188 5178 2293 5230 ὑπὸ
2336 5176 2442 5232 τῶν
2481 5178 2694 5232 οἰκείων
2722 5179 3161 5251 ἀντιλελεγμένα.
3198 5180 3354 5235 υῦτω
3383 5181 3491 5253 γὰρ
3520 5184 3614 5237 καὶ⁸
3669 5185 3763 5256 τῆς

2185 5268 2387 5322 τούτων
2414 5270 2809 5342 ἀναχωρήσεως
2829 5272 2891 5325 τὸ
2924 5275 3050 5343 παρ’
3083 5276 3214 5345 ήμίν
3253 5276 3579 5346 κεκριμένον
3612 5279 3760 5331 εὐλό-

2186 5379 2282 5429 γου
2342 5364 2518 5433 πάσης
2569 5364 2844 5418 ἀπολύοιτ⁹
2892 5365 2961 5420 ἂν
3006 5367 3374 5439 κατηγορίας*
3435 5370 3519 5422 ὅτι
3568 5369 3635 5441 δὴ
3685 5371 3756 5442 μή

2184 5454 2375 5525 ἀγνοίᾳ
2403 5454 2510 5508 τῶν
2539 5455 2668 5528 παρ’
2701 5456 2884 5521 αὐτοῖς
2930 5458 3175 5529 σεμνῶν,
3205 5459 3550 5533 ἐξητασμένη
3571 5460 3628 5513 δὲ
3665 5461 3757 5513 καὶ

2186 5543 2616 5618 βεϐασανισμένη
2660 5548 2859 5619 κρίσει,
2903 5549 3002 5619 τὴν
3032 5550 3181 5622 παρά
3208 5555 3319 5615 τοῖς
3349 5552 3756 5622 νενομισμένοις

2184 5639 2479 5711 βαρϐάροις
2508 5640 2762 5712 ἀλήθειάν
2780 5658 2841 5695 τε
2865 5643 2955 5694 καὶ
2981 5642 3256 5697 εὐσέϐειαν
3289 5643 3396 5698 τῶν
3431 5644 3754 5716 Ἑλληνικῶν

2182 5734 2434 5786 ἁπάντων
2463 5733 3236 5805 προτετιμήκαμεν.”ᾋρξομαι
3264 5735 3321 5788 δὲ
3344 5735 3449 5789 ἀπὸ
3470 5735 3577 5788 τῶν
3610 5737 3753 5806 Ἀρι-

2183 5822 2480 5885 στοτέλους.
2519 5821 2699 5875 ’Λλλοι
2735 5822 2834 5893 μὲν
2862 5818 2955 5877 οὖν
2982 5824 3190 5877 καὶτὸν
3218 5825 3331 5896 βίον
3371 5824 3596 5898 τάνδρὸς
3636 5823 3751 5879 δια-
