4090 6382
295 346 420 396 i297

1455 346 1773 399 PRAEPAB.
1813 345 2064 400 EV’A‘AG.
2109 345 2234 398 LIB.
2278 345 2390 398 XV.

3394 339 3530 395 1298

289 456 604 527 ϐεϐλήκασι,
634 459 907 529 φιλόσοφοι
942 461 994 514 δὲ
1021 463 1112 514 καὶ
1136 463 1309 525 ἄλλως
1337 464 1439 514 οὐκ
1468 464 1691 530 ἀφανεῖς
1724 481 1865 525 τινες

1977 473 2076 517 tam
2122 464 2366 533 speciose
2411 464 2752 533 graviterque
2795 465 3022 532 jactanl,
3052 473 3164 516 tum
3209 461 3371 514 etiam
3417 461 3527 528 illa,

284 545 422 617 ἦσαν
458 551 548 602 καὶ
577 546 737 605 οὗτοι.
788 553 938 622 Ἐμοὶ
971 554 1014 606 δ’
1041 555 1100 606 ού
1140 554 1289 624 φίλον
1319 555 1486 624 ἄνδρα
1526 555 1634 607 οὐδ’
1670 557 1858 618 αύταῖς

285 642 478 704 ἀκοαῖς
501 641 786 711 ἀνέχεσθαι
814 644 998 708 κακῶς
1032 647 1164 718 πρὸς
1201 647 1308 698 τῶν
1355 647 1566 698 οἰκείων
1601 648 1860 718 ἀγορευό-

289 747 466 799 μενον.
486 733 681 804 Διόπερ
703 735 799 798 τάς
815 736 952 806 ὑπὲρ
977 738 1139 790 αὐτοῦ
1176 738 1372 807 μᾶλλον
1403 739 1702 808 ἐκθήσομαι
1725 739 1862 790 ἀπο-

285 820 472 890 λογίας
523 824 634 878 ἀπο
678 826 785 879 τῶν
828 829 1234 899 Ἀριστοκλέους
1262 830 1354 882 τοῦ
1384 830 1821 900 Περιπατητικοῦ
1843 873 1857 896 ,

284 912 344 976 ὃς
363 915 422 967 ἐν
444 915 521 985 τῷ
550 917 758 990 ἑϐδόμῳ
787 922 926 989 Περὶ
967 923 1331 990 φιλοσοφίας
1364 923 1486 975 τάδε
1529 925 1654 994 περὶ
1696 922 1859 976 αὑτοῦ

285 1006 506 1077 γράφει.

1962 558 2162 626 quibus
2180 573 2209 611 a
2228 558 2345 612 suis
2375 573 2438 611 ac
2463 557 2777 610 domesticis
2795 557 3141 622 refelluntur,
3161 557 3349 611 eadem
3366 573 3528 627 opera

1963 665 2381 720 cognoscamus.
2417 649 2506 704 Sic.
2523 651 2666 704 enim
2689 649 2928 703 futurum
2954 651 3115 704 etiam
3136 659 3238 712 est,
3260 651 3524 704 utdisces—

1964 757 2058 796 sus
2079 743 2146 796 ab
2177 742 2285 797 illis
2305 743 2475 797 nostri
2494 743 2804 803 consilium.
2825 757 3040 796 omnem
3056 743 3215 811 justae
3233 744 3532 797 accusatio-

1959 833 2047 886 nis
2063 834 2376 901 petitionem
2395 835 2616 904 eﬂ'ugiat
2643 854 2655 888 :
2682 834 2826 904 quod
2846 849 2951 887 non
2971 835 3279 903 graviorum
3301 835 3438 903 apud
3464 835 3529 887 il-

1961 924 2045 977 los
2071 925 2386 994 dogmatum
2409 925 2734 997 ignorantia,
2757 926 2846 980 sed
2869 924 3216 978 considerato
3241 923 3530 977 admodum

1958 1017 2348 1088 exploratoque
2378 1018 2606 1088 judicio,
2625 1034 2785 1088 quam
2818 1018 2959 1087 apud
2986 1032 3079 1071 eos
3098 1017 3188 1086 qui
3223 1015 3533 1069 barbaridi-

285 1113 504 1170 cuntur,
520 1107 799 1162 veritatem
823 1125 884 1164 ac
908 1110 1159 1179 pietatem
1185 1112 1841 1182 reperimus,Gr:ecanieis
1858 1113 2113 1167 omnibus
2128 1114 2388 1182 potiorem
2411 1113 2778 1168 habuerimus.
2801 1114 2973 1182 Atque
2995 1121 3050 1164 ut
3067 1112 3134 1164 ab
3149 1109 3433 1164 Aristotele
3447 1125 3536 1162 or-

286 1193 422 1260 diar,
439 1197 588 1253 fuere
603 1201 822 1267 quidem.
838 1203 1104 1268 nonnulli,
1127 1220 1224 1258 nec
1241 1205 1459 1259 obscuri
1480 1206 1720 1274 alioquin
1748 1207 2076 1276 philoSOphi,
2097 1223 2124 1259 a
2144 1206 2343 1276 quibus
2364 1206 2479 1276 ipsa
2493 1222 2709 1276 quoque
2726 1207 2964 1261 hominis
2984 1205 3088 1258 vita
3108 1203 3396 1258 calumniis
3410 1218 3537 1272 pro-

287 1290 458 1349 scissa
473 1300 571 1345 est.
591 1290 658 1345 At
675 1307 775 1360 ego
794 1309 858 1346 ne
882 1295 1160 1348 auditione
1173 1297 1389 1365 quidem
1409 1313 1634 1352 suorum
1655 1298 1708 1351 in
1725 1313 1848 1353 eum
1867 1299 2147 1353 maledicta
2170 1299 2439 1354 sustinere
2456 1301 2681 1370 possim.
2701 1299 3063 1366 Quamobrem
3078 1297 3250 1351 editas
3266 1297 3446 1366 potius
3469 1295 3536 1349 ab

288 1383 576 1438 Aristotele
587 1383 940 1450 Peripatetico
953 1385 1281 1442 defensionis
1298 1389 1416 1453 ejus
1433 1390 1670 1443 rationes
1687 1391 2211 1460 exponam791qui
2229 1391 2365 1446 libro
2382 1390 2456 1445 De
2470 1392 2799 1460 philosophia
2815 1392 3041 1461 septimo
3055 1393 3124 1446 ita
3137 1393 3202 1447 de
3221 1393 3312 1446 illo
3328 1389 3535 1446 scribit.

817 1501 1211 1553 ΚΕΦΑΛΑΙΟΝ
1252 1502 1324 1554 B'.

301 1588 436 1641 Ἀπὸ
481 1590 610 1661 ,τῶν
685 1592 1132 1658 Ἀριστοκλέους
1197 1595 1303 1646 τοῦ
1373 1595 1860 1661 Περιπατητικοῦ,

360 1660 493 1727 περὶ
534 1661 994 1728 Ἀριστοτέλους,
1030 1665 1124 1714 καὶ
1160 1663 1277 1715 τῶν
1302 1660 1656 1729 περὶίαὺτιλῦ
1699 1669 1861 1717 ἱστο-

351 1730 679 1800 ρουμένων.
715 1731 844 1784 Ἀπὸ
869 1732 973 1785 τοῦ
1007 1735 1139 1802 Περὶ
1170 1733 1486 1803 φιλοσοφίας
1519 1735 1791 1802 ἑϐδόμου.

367 1862 385 1894 ι
435 1843 557 1907 Πῶς
586 1843 692 1914 γὰρ
723 1839 832 1896 οἷον
877 1863 934 1896 τε
963 1885 976 1907 ,
1022 1846 1264 1918 καθάπερ
1319 1850 1482 1918 φησιν
1546 1849 1862 1920 Ἐπίκουρος

291 1937 349 1987 ὲν
378 1938 442 2005 τῇ
477 1937 602 2006 περὶ
632 1936 738 1988 τῶν
784 1937 1226 2008 ἐπιτηδευμάτων
1273 1939 1564 2010 ἐπιστολῇ,
1614 1939 1732 1992 νέον
1767 1940 1863 2010 μὲν

291 2027 419 2080 ὅντα
447 2032 780 2096 καταφαγεῖν
810 2029 968 2081 αὑτὸν
1000 2029 1097 2101 τὴν
1131 2029 1389 2102 πατρῴαν
1419 2032 1604 2084 οὐσίαν
1629 2072 1642 2094 ,
1676 2031 1863 2084 ἔπειτα

292 2119 346 2170 δὲ
382 2120 472 2171 ἐπὶ
504 2120 562 2171 τὸ
589 2121 974 2188 στρατεύεσθαι
1005 2122 1336 2187 συνεῶσθαι;
1363 2125 1548 2187 κακῶς
1581 2123 1636 2176 δὲ
1689 2125 1862 2195 πράτ-

293 2228 452 2263 τοντα
501 2213 556 2263 ἐν
607 2211 830 2275 τούτοις,
889 2214 981 2266 ἐπὶ
1044 2215 1104 2268 τὸ
1162 2217 1621 2286 φαρμακοπωλεῖν
1651 2217 1860 2269 ἐλθεῖνο

293 2303 480 2355 ἔπειτα
537 2304 988 2375 ἀναπεπταμένου
1045 2306 1138 2360 τοῦ
1210 2308 1493 2371 Πλάτωνος
1555 2311 1863 2378 Περιπάτου

294 2395 449 2454 πᾶσι,
483 2393 816 2464 παραλαϐεῖν
843 2395 1002 2448 αὐτόν
1031 2413 1042 2460 ;
1067 2397 1138 2448 ’Ἠ
1167 2397 1281 2460 πῶς
1321 2398 1385 2451 ἄν
1432 2416 1514 2460 τις
1545 2399 1866 2464 ἀποδέξαιτο

292 2484 525 2554 Τιμαίου
546 2484 637 2538 τοῦ
655 2486 1076 2558 Ταυρομενίτου,
1098 2489 1346 2558 λέγοντος
1369 2491 1424 2542 ἐν
1439 2493 1557 2553 ταῖς
1584 2491 1864 2558 ἱστορίαις,

295 2575 479 2640 ἀδόξου
514 2576 682 2648 θύρας
727 2579 888 2632 αὑτὸν
926 2581 1158 2648 ἰατρείου
1193 2581 1287 2633 καὶ
1318 2580 1417 2644 τὰς
1465 2581 1730 2651 τυχούσας
1771 2581 1867 2650 ὀψε

295 2669 395 2737 τῆς
427 2668 636 2738 ἡλικίας
686 2670 930 2736 ﬂant;
974 2673 1066 2735 Τίς
1114 2673 1157 2725 δ’
1213 2672 1277 2725 ἂν
1310 2674 1554 2744 πεισθείη
1611 2678 1721 2737 τοῖς
1777 2675 1867 2726 ὑπ’

308 2762 676 2831 Ἀριστοξένου
702 2762 796 2815 τοῦ
823 2764 1078 2832 μουσικοῦ
1112 2764 1420 2836 λεγομένοις
1459 2768 1516 2818 ἐν
1549 2771 1627 2838 τῷ
1653 2770 1752 2839 βίῳ
1777 2768 1868 2822 τοῦ

300 2856 620 2921 Ιιὶάτιιινοςς
667 2859 754 2912 Ἐν
784 2857 890 2931 γὰρ
911 2861 974 2931 τῇ
1007 2858 1184 2931 πλάνῃ
1217 2860 1310 2911 καὶ
1342 2863 1407 2929 τῇ
1459 2861 1736 2932 ἀποδημίᾳ
1770 2878 1870 2931 ‘P‘i'

300 2951 385 3001 σίν
412 2951 801 3004 ἐπανίστασθαι
831 2954 922 3006 καὶ
952 2953 1356 3022 ἀντοικοδομεῖν
1395 2952 1542 3024 αύτῴ
1593 2969 1743 3014 τινας
1769 2954 1871 3004 [ls-

301 3037 525 3108 ρίπατον
553 3040 733 3106 ξένους
756 3042 933 3105 ὄντας.
960 3041 1173 3094 Οἴονται
1213 3039 1304 3094 οὖν
1355 3043 1487 3096 ἔνιοι
1521 3044 1692 3096 ταῦτα
1742 3045 1870 3114 περὶ

2588 1503 2814 1557 CAPUT
2849 1503 2911 1557 11.

1967 1595 2045 1648 De
2074 1597 2372 1652 Aristotele.
2409 1615 2470 1649 ac
2501 1597 2565 1650 de
2600 1598 2664 1648 iis
2695 1614 2811 1666 qua:
2833 1599 2894 1649 de
2923 1595 3013 1648 illo
3047 1595 3254 1662 prodita
3285 1600 3425 1646 sunt.
3453 1587 3540 1643 Ea:

2042 1669 2320 1748 aristae-lis
2364 1667 2706 1735 Peripatetici
2754 1667 2888 1719 libro
2931 1666 3002 1718 De
3037 1666 3382 1734 philosophia
3423 1676 3538 1714 seu-

2041 1747 2190 1790 timo.

2039 1873 2055 1903 ι
2083 1851 2184 1916 Qui
2216 1850 2428 1905 tandem
2464 1850 2576 1902 fieri
2601 1849 2792 1918 potuit,
2823 1849 2996 1918 inquit
3017 1849 3123 1910 ille,
3159 1856 3216 1900 ut
3243 1847 3387 1916 quod
3429 1845 3539 1914 epi-

1966 1947 2104 1998 stola
2137 1944 2202 1997 de
2224 1944 2344 1996 vita:
2376 1942 2638 1996 institutis
2669 1941 2932 2010 Epicurus
2960 1941 3166 2003 scribit,
3189 1939 3546 2001 Aristoteles,

1961 2035 2176 2105 juvenis
2201 2035 2378 2089 adhuc
2419 2049 2542 2088 cum
2575 2043 2738 2097 esset,
2771 2033 3158 2102 patrimonium
3201 2030 3534 2090 exhauserit,

1968 2129 2194 2196 indeque
2216 2127 2531 2195 compulsus
2565 2127 2630 2179 ad
2657 2127 2904 2178 militiam
2937 2124 3132 2178 fuerit?
3159 2123 3247 2177 ubi
3279 2123 3421 2192 quod
3451 2137 3539 2175 res

1965 2220 2012 2273 ei
2032 2220 2212 2274 minus
2235 2219 2521 2275 commode
2551 2219 2780 2284 cederet,
2810 2218 2978 2287 egerit
3000 2217 3253 2284 deinceps
3286 2215 3540 2283 pharma-

1967 2311 2245 2380 e0polam;
2276 2309 2450 2364 donec
2488 2310 2703 2363 tandem
2745 2324 2867 2362 cum
2901 2315 3108 2378 pateret
3130 2307 3385 2361 omnibus
3418 2305 3540 2360 Pla-

1970 2403 2110 2455 tonis
2157 2401 2471 2467 ambulatio,
2513 2417 2630 2455 eam
2679 2400 2781 2453 sibi
2825 2400 2966 2454 ultro
3017 2398 3363 2468 deposceret?
3405 2397 3540 2464 Qui;

1970 2492 2232 2546 Timaeum
2269 2492 2788 2546 Tam-omenitamun
2819 2491 3025 2554 audiat,
3048 2491 3176 2544 dum
3208 2490 3322 2544 suis
3362 2489 3415 2542 in
3462 2489 3541 2541 hi-

1971 2586 2154 2637 storiis
2183 2584 2331 2636 illum
2367 2585 2460 2647 ait,
2481 2584 2668 2637 alTecta
2698 2584 2803 2650 iam
2830 2592 3005 2646 aetate,
3031 2581 3287 2652 neglectis
3321 2581 3542 2635 obscuri

1969 2675 2250 2744 cujusdam
2296 2676 2488 2729 medici
2531 2675 2754 2728 oliicina:
2795 2673 3112 2727 claudendis
3151 2672 3360 2726 foribus
3402 2683 3539 2740 pra}-

1974 2768 2172 2822 luisse?
2206 2767 2339 2833 Quis
2373 2768 2437 2821 de
2461 2768 2552 2820 illo
2581 2777 2859 2836 propterea
2891 2782 3046 2821 secus
3073 2765 3365 2827 existimet,
3394 2763 3539 2833 quod

1972 2858 2328 2911 Aristoxenus
2356 2857 2601 2910 inusicus
2642 2857 2695 2910 iu
2740 2855 2984 2910 Platonis
3015 2857 3121 2908 vita
3159 2854 3376 2920 referat,
3409 2855 3537 2908 dum

1972 2949 2442 3016 peregrinaretur,
2489 2949 2812 3017 abessetque
2857 2948 3106 3016 longius,
3149 2962 3308 3016 quem
3349 2956 3544 3000 vocant.

1974 3039 2304 3109 Peripatum,
2340 3040 2602 3095 adversus
2641 3055 2762 3092 eum
2813 3039 3128 3108 peregrinos
3177 3036 3426 3090 homines
3449 3052 3542 3089 ex-

313 3132 714 3202 Ἀριστοτέλους
736 3133 912 3202 λέγειν
947 3133 1127 3198 αὑτὸν,
1167 3133 1532 3205 Ἀριστοξένου
1563 3136 1648 3188 διά
1675 3138 1868 3200 παντὸς

1977 3135 2201 3189 ritasse?
2229 3132 2352 3187 llaec
2397 3133 2540 3187 enim
2575 3133 2734 3185 verba
2759 3131 3002 3184 nonnulli
3047 3129 3113 3182 de
3135 3129 3425 3182 Aristotele
3452 3144 3543 3182 ac-

301 3221 670 3292 εύφημοῦντος
711 3224 1102 3295 Ἀριστοτέλην.
1156 3224 1542 3294 Καταγέλαστα
1575 3227 1617 3278 δ’
1650 3227 1871 3290 εἰκότως

302 3310 439 3366 εἶναι
470 3313 600 3383 φαίη
622 3331 704 3377 τις
733 3315 795 3368 ἂν
828 3315 920 3367 καὶ
946 3315 1013 3368 τά
1040 3317 1576 3387 ἀπομνημονεύματα
1624 3318 1691 3370 τὰ
1729 3318 1872 3370 Ἀλε-

304 3404 446 3468 ξίνου
493 3405 586 3458 του
628 3405 930 3477 Ἐριστικοῦ
981 3407 1113 3477 (47).
1167 3409 1317 3460 Ποιεῖ
1363 3409 1471 3479 γὰρ
1530 3409 1872 3480 Ἀλέξανδρον

306 3499 468 3552 παῖδα
499 3499 878 3567 διαλεγόμενον
921 3499 997 3570 τῷ
1027 3502 1187 3570 πατρὶ
1219 3501 1488 3572 Φιλίππῳ,
1517 3503 1610 3555 καὶ
1651 3502 1874 3555 διαπτύ-

304 3609 432 3645 οντα
465 3593 560 3662 μὲν
584 3595 708 3654 τοὺς
732 3593 824 3645 τοῦ
871 3593 1268 3662 Ἀριστοτέλους
1299 3594 1508 3661 λόγους,
1544 3595 1873 3664 ἀποδεχόμε-

305 3705 393 3738 νον
418 3686 472 3738 δὲ
498 3684 828 3754 Νικαγόραν,
865 3685 952 3737 τὸν
987 3686 1190 3757 Ἑρμῆν
1224 3686 1601 3757 ἐπικληθέντα.
1628 3689 1734 3740 Καὶ
1768 3689 1873 3740 Εὐ-

310 3777 555 3846 ϐουλίδης
591 3769 700 3846 (48)
734 3777 790 3828 δὲ
824 3776 1104 3846 προδήλως
1135 3779 1191 3830 ὲν
1222 3777 1298 3847 τῷ
1328 3781 1447 3830 κατ’
1487 3779 1652 3831 αὐτοῦ
1687 3780 1875 3850 βιϐλίῳ

310 3870 580 3938 ψεύδεται,
611 3870 822 3941 πρῶτον
859 3869 956 3939 μὲν
988 3871 1264 3939 ποιήματα
1290 3869 1473 3941 ψυχρά
1504 3871 1878 3941 προσφερόμε-

313 3977 423 4021 νος,
460 3960 534 4021 ὡς
567 3961 915 4029 γεγραφότων
936 3961 1107 4013 ἄλλων
1135 3961 1260 4031 περὶ
1291 3961 1384 4012 τοῦ
1419 3963 1616 4031 γάμου,
1658 3963 1748 4015 καὶ
1780 3963 1876 4032 τῆς

315 4045 453 4116 πρὸς
495 4045 748 4116 Ἑρμείαν
779 4048 1102 4116 οἰκειότητος
1135 4048 1280 4118 αύτῷ
1319 4050 1600 4117 γεγονυίας
1624 4069 1636 4082 ·
1689 4052 1877 4105 ἔπειτα

315 4136 565 4208 Φιλίππῳ
597 4139 815 4208 φάσκων
839 4140 998 4192 αὑτὸν
1034 4141 1329 4211 προσκόψαι
1354 4181 1367 4204 ,
1417 4142 1508 4195 καὶ
1558 4143 1877 4197 τελευτῶντι

317 4228 563 4282 Π-λάτωνι
597 4231 669 4301 μὴ
704 4232 1123 4301 παραγενέσθαι,
1165 4235 1232 4286 τά
1260 4251 1317 4284 τε
1350 4233 1527 4303 βιϐλία
1563 4235 1724 4288 αὑτοῦ
1765 4236 1880 4289 δια-

319 4321 554 4392 φθεῖραι.
588 4322 698 4394 Τὴν
747 4323 841 4392 μὲν
869 4324 976 4394 γὰρ
1006 4325 1356 4395 Δημοχάρους
1397 4325 1502 4394 (49)
1549 4327 1879 4399 κατηγορίαν

317 4414 459 4468 κατὰ
492 4414 600 4466 τῶν
625 4414 929 4484 φιλοσόφων
950 4415 1000 4467 τί
1030 4415 1134 4486 χρὴ
1156 4415 1368 4483 λέγειν;
1400 4417 1458 4469 οὐ
1488 4417 1594 4488 γὰρ
1641 4418 1881 4488 Ἀριστο-

1973 3227 2210 3295 cipiunt,
2259 3225 2416 3292 cujus
2454 3233 2631 3277 tamen
2691 3237 2971 3290 nunquam
3024 3220 3384 3273 Aristoxenus
3435 3218 3544 3273 nisi

1973 3319 2365 3386 perhonoritice
2409 3314 2680 3368 meminit.
2726 3313 2865 3378 Quin
2901 3313 3063 3366 etiam
3126 3309 3386 3364 ridiculos
3420 3310 3546 3378 jure

1972 3407 2248 3476 putaveris
2292 3404 2506 3460 Alexini
2554 3402 2772 3458 Eristici
2821 3401 3266 3457 commentarios.
3306 3399 3544 3454 Alexan-

1973 3501 2130 3553 drum
2174 3499 2318 3553 enim
2369 3498 2599 3562 inducit,
2641 3511 2774 3567 puer
2831 3494 3011 3547 adhuc
3053 3507 3176 3545 cum
3227 3500 3392 3557 esset,
3419 3506 3542 3546 cum

1973 3593 2219 3661 Philippo
2262 3600 2411 3660 patre
2459 3590 2892 3658 colloquentem,
2939 3587 3031 3656 qui
3070 3584 3379 3638 Aristotelis
3445 3584 3544 3637 do-

1974 3688 2204 3741 ctrinam
2249 3686 2554 3754 despueret,
2582 3682 2900 3753 Nicagoram
2941 3686 3302 3750 cognomento
3337 3675 3546 3732 Mercu-

1976 3781 2116 3833 rium
2145 3778 2492 3831 vehementer
2522 3776 2794 3845 probaret.
2825 3773 3039 3827 Nudum
3086 3772 3213 3826 item
3244 3785 3307 3824 ac
3342 3769 3549 3840 perspi-

1975 3885 2137 3924 cuum
2187 3866 2465 3921 Euhulidis
2501 3867 2553 3919 in
2602 3882 2700 3921 suo
2734 3866 2994 3919 adversus
3017 3863 3366 3917 Aristotelem
3408 3861 3546 3914 libro

1977 3961 2318 4015 mendacium
2339 3967 2442 4026 est,
2463 3957 2515 4010 in
2533 3959 2745 4027 primis,
2779 3957 2907 4009 dum
2931 3955 3123 4023 frigida
3151 3955 3394 4024 quaedam
3421 3968 3549 4023 poe-

1977 4061 2120 4106 mata
2149 4051 2418 4121 producit,
2455 4067 2576 4119 quae
2617 4050 2707 4103 alii
2739 4049 2805 4103 de
2835 4048 3008 4118 ipsius
3035 4046 3288 4115 conjugio
3329 4057 3382 4098 et
3421 4061 3545 4100 cum

1981 4143 2194 4198 Hermia
2217 4143 2608 4197 consuetudine
2633 4140 2978 4211 scripserint:
3003 4139 3218 4205 deinde,
3250 4155 3372 4193 eum
3395 4154 3548 4193 eum-

1969 4249 2099 4316 ⁸οριιι
2126 4234 2200 4288 ait
2231 4234 2283 4286 in
2316 4232 2548 4302 Philippi
2580 4232 2934 4288 offensionem
2969 4232 3290 4296 incurrisse,
3322 4246 3420 4284 nec
3449 4230 3545 4283 ad-

1983 4328 2151 4382 fuisse
2191 4325 2442 4379 morienti
2472 4324 2706 4389 Platoni,
2734 4324 2962 4394 ejusque
2998 4324 3164 4378 libros
3204 4323 3546 4391 depravasse.

1984 4416 2118 4470 Nam
2142 4415 2494 4470 Democharis
2520 4414 2737 4484 quidem
2768 4414 3030 4468 adversus
3052 4411 3402 4482 philosophos
3441 4411 3549 4465 cri-

318 4507 480 4578 τέλην
529 4507 708 4577 μόνον,
745 4507 880 4560 ἀλλά
910 4508 1002 4560 καί
1035 4510 1159 4570 τοὺς
1201 4508 1391 4570 ἄλλους
1426 4509 1610 4572 κακῶς
1640 4509 1874 4582 εἴρηκεν.

1989 4507 2342 4560 minationem
2368 4504 2496 4574 quid
2523 4519 2816 4570 moremur,
2850 4504 2941 4572 qui
2977 4518 3083 4556 non
3115 4509 3322 4556 tantum
3353 4500 3407 4554 in
3434 4500 3551 4554 Ari-

327 4600 447 4651 Ἔτι
473 4615 536 4667 γε
564 4597 668 4670 μὴν
703 4599 872 4662 αὑτὰς
901 4598 998 4662 τὰς
1025 4598 1270 4661 διαϐολὰς
1315 4597 1529 4650 σκοπῶν
1563 4599 1624 4652 ἀν
1654 4615 1756 4660 τις,
1791 4599 1884 4670 λη-

396 4731 507 4801 (47)
558 4734 864 4799 Ἀλεξίνου
912 4735 1018 4786 τοῦ
1069 4733 1421 4801 Ἐριστικοῦ.
1469 4731 1641 4786 Notus
1687 4735 1773 4787 hic
1823 4751 1886 4788 ex

329 4805 560 4872 Diogene
610 4805 703 4857 lib.
751 4819 789 4857 ιι
833 4805 884 4856 in
934 4804 1170 4865 Euclide,
1222 4804 1573 4858 liristicorum
1625 4805 1884 4872 principe.

332 4869 788 4939 ΥῆςΕύϐουλίδου
830 4874 1104 4943 διαδοχῆς,
1140 4876 1333 4942 inquit,
1373 4869 1887 4940 Ἀλεξῖνοςέγένεξο,

339 4943 732 5015 Ἡλεῖοςᾼάνὴρ,
764 4943 1210 5015 φιλονεικότατος,
1235 4945 1314 4996 διὸ
1350 4945 1441 4996 καὶ
1481 4943 1739 5015 ’Δλεξῖνος
1769 4947 1891 4997 ἐπε-

552 5012 691 5084 Lege
725 5029 846 5068 cum
883 5014 1148 5084 licsychio
1185 5015 1410 5081 Milesio,
1451 5013 1744 5081 Ἐλεγξῖνος
1771 5017 1893 5067 ἐπε-

328 5097 426 5133 κλτ
465 5101 521 5133 η.

328 5097 521 5152 κληυη.

400 5152 512 5223 (48)
531 5155 919 5220 Εὐϐουλίδης.
943 5155 1225 5222 Diogenes,
1246 5154 1398 5218 ibid.,
1424 5153 1659 5223 Euelidis
1677 5168 1892 5207 succes-

332 5222 511 5276 Sorem
563 5224 773 5277 Alexini
828 5227 1142 5292 magistrum
1191 5225 1359 5278 fuisse
1407 5225 1586 5278 tradit.
1641 5222 1714 5275 De
1764 5239 1891 5292 quo,

334 5300 526 5416 praeter
557 5295 663 5357 illa,
696 5311 815 5362 qum
845 5311 1003 5362 supra
1032 5309 1151 5362 pag.
1179 5294 1281 5348 755
1303 5294 1476 5348 obiter
1498 5295 1895 5356 adnotavimus,

375 5378 451 5414 aee
481 5363 641 5416 etiam
685 5365 865 5416 habet.
905 5379 1025 5416 cum
1060 5365 1325 5416 Aristocle
1355 5365 1676 5416 cohmrentia
1708 5381 1720 5416 :
1771 5366 1825 5416 Ὀ
1851 5365 1894 5416 δ’

375 5378 451 5414 aee
481 5363 641 5417 etiam
685 5365 865 5427 habet,
905 5379 1025 5416 cum
1060 5365 1325 5417 Aristocle
1355 5365 1676 5418 cohmrentia
1708 5381 1720 5416 :
1771 5366 1825 5416 Ὀ
1851 5365 1894 5416 δ’

303 5503 306 5506 Α
333 5432 674 5506 Εὐϐουλίδης,
704 5435 900 5506 inquit,
924 5433 1172 5506 zz‘tarpo;
1207 5435 1576 5505 Ἀριστοτέλην
1603 5433 1895 5504 διεφέρετο,

336 5504 431 5556 καὶ
465 5504 631 5555 πολλὰ
658 5504 812 5556 αὑτὸν
837 5504 1176 5573 διαϐέϐληκε.

410 5573 520 5640 (49)
547 5573 943 5642 Δημοχάρους.
969 5576 1048 5626 An
1074 5575 1160 5627 ille
1187 5573 1566 5638 Demochares,
1593 5573 1901 5627 Demosthe-

339 5643 426 5695 nis
459 5658 520 5695 ex
564 5660 747 5698 sorore
798 5661 996 5712 nepos,
1028 5645 1093 5696 de
1136 5661 1243 5712 quo
1274 5644 1596 5697 Plutarchus
1631 5645 1682 5697 in
1715 5647 1900 5695 Decem

337 5712 705 5784 orationibus?
741 5714 923 5784 Ἀνὴρ,
965 5714 1172 5784 inquit,
1199 5715 1291 5767 καὶ
1324 5715 1460 5767 κατά
1495 5714 1726 5783 πόλεμον
1759 5715 1902 5784 ,ἁγα-

340 5780 453 5848 θὺς,
481 5784 571 5837 καὶ
604 5784 740 5838 κατά
775 5780 896 5847 τοὺς
922 5780 1224 5848 πολιτικοὺς
1247 5785 1432 5853 λόγους
1455 5780 1660 5846 οὐδενὸς
1684 5783 1894 5853 χείρων.

1989 4600 2256 4664 st0tclem,
2296 4598 2389 4652 sed
2418 4601 2580 4651 etiam
2617 4598 2668 4650 in
2698 4597 2835 4651 alios
2866 4612 3021 4650 suam
3053 4595 3193 4648 hanc
3226 4592 3553 4648 maledictio-

1957 4769 1960 4772 -
1989 4737 2056 4788 At
2093 4735 2164 4788 ibi
2197 4733 2329 4788 nihil
2359 4733 2426 4787 de
2469 4732 2879 4787 contumeliosis
2911 4730 3150 4784 hominis
3180 4730 3456 4798 operibus,
3485 4730 3556 4784 de

1991 4807 2116 4859 odio
2147 4805 2200 4858 iu
2227 4803 2598 4866 Aristotelem,
2632 4804 2785 4856 nihil.
2816 4801 2922 4854 Nec
2949 4800 3142 4854 Suidas
3167 4801 3461 4869 quidquam
3489 4816 3552 4854 ea

1991 4877 2056 4928 de
2090 4890 2148 4927 re
2183 4874 2439 4944 suggerit.
2471 4872 2679 4928 Tullius
2726 4875 2778 4925 in
2827 4872 3020 4944 Bruto,
3061 4871 3372 4944 historicum
3402 4885 3551 4944 cum

1994 4946 2162 4998 fuisse
2192 4939 2379 4997 seri-hit
2411 4962 2424 4997 :
2458 4944 2819 5004 Demochares,
2858 4942 3049 5010 inquit,
3083 4939 3436 4994 Demosthenis
3463 4956 3552 4992 ne-

1993 5033 2083 5084 pos
2107 5057 2118 5074 ,
2152 5016 2427 5066 historiam
2475 5030 2654 5066 earum
2708 5029 2875 5084 rerum
2899 5027 3034 5084 rqnw
3077 5022 3222 5063 erant
3260 5021 3417 5084 gesta:
3457 5027 3554 5063 sna

1995 5081 2146 5139 relate
2170 5085 2408 5147 Athenis,
2437 5101 2535 5137 non
2574 5096 2680 5136 tam
2719 5083 2966 5133 historico
3000 5097 3156 5148 quam
3187 5081 3440 5133 orationis
3470 5097 3556 5144 ge-

1997 5172 2114 5208 nere
2159 5155 2480 5222 perscripsit.
2529 5153 2669 5205 ldem
2713 5149 3169 5219 ΙΙαῤῥησιαστής
3193 5151 3260 5202 oh
3289 5166 3552 5222 φορτικω-

1995 5218 2168 5293 τάτην
2210 5218 2403 5295 lingua:
2454 5218 3424 5295 arcngprgrlav,coeptum-titodictus1
3461 5218 3555 5271 Se-

1999 5289 2128 5347 neca
2160 5295 2250 5347 lib.
2280 5289 2314 5346 ii
2349 5294 2422 5346 De
2454 5289 2706 5359 ira',‘cap.
2750 5293 2838 5353 ‘23,
2871 5291 2958 5344 ubi
3007 5292 3071 5342 de
3119 5289 3347 5357 Philippi
3378 5289 3556 5341 Maceo

1997 5367 2194 5417 donum
2224 5367 2362 5431 regis
2392 5364 2665 5430 patientia.
2695 5361 3053 5422 Demochares,
3092 5360 3284 5431 inquit,
3316 5359 3383 5411 ad
3407 5359 3557 5412 illum

2001 5429 2442 5491 (Parrhesiastes.
2471 5439 2530 5485 ob
2559 5433 2775 5484 nimiam
2816 5442 2861 5482 et
2895 5446 3161 5496 procacem
3204 5429 3438 5497 linguam
3466 5445 3560 5495 ap-

1998 5505 2245 5573 pellatus)
2289 5505 2425 5555 inter
2461 5504 2592 5555 alios
2643 5499 3032 5573 Atheniensium
3084 5500 3280 5573 legatos
3329 5509 3554 5573 venerat.

2001 5569 2196 5627 Audita
2227 5569 2437 5642 benigne
2469 5573 2723 5640 legatione
2752 5570 3044 5638 Philippus,
3087 5590 3101 5642 ι
3142 5569 3333 5642 Dicite,
3363 5570 3556 5637 inquit.

2003 5645 2128 5695 mihi
2157 5645 2326 5711 facere
2346 5639 2477 5712 quid
2510 5639 2723 5712 possunt
2753 5642 2887 5708 quod
2916 5643 2984 5712 sit
3013 5639 3408 5712 Atheniensibus
3439 5656 3560 5709 gra-

2005 5727 2110 5768 tum
2131 5710 2164 5764 ?’
2185 5734 2201 5763 I
2241 5710 2452 5780 Excepit
2499 5711 2860 5769 Demochares,
2894 5731 2910 5760 ‹
2947 5710 3032 5774 Te,
3064 5710 3256 5778 inquit,
3282 5714 3562 5777 suspende.

2006 5802 2074 5837 re.
2119 5804 2135 5834 ι
2173 5783 2353 5838 Potuit
2381 5782 2654 5837 Aristoteli
2689 5782 2801 5836 haec
2835 5781 3011 5852 lingua
3042 5795 3143 5835 non
3179 5795 3418 5850 parcere.
