4090 6382
527 322 670 382 1299

1134 322 1407 381 EUSEBll
1443 320 1928 381 CAiSARIENSlS
1966 319 2119 380 OPP.
2163 319 2347 377 PARS
2386 319 2448 377 11.
2493 352 2554 361 -
2601 316 3115 375 APOLOGETICA.

3628 314 3772 372 1⁸5θο

524 461 649 502 nem
679 444 965 503 eﬁ'uderit?
988 445 1138 514 Quas
1166 457 1353 503 tamen
1388 447 1632 503 hominis
1675 446 1979 502 calumnias
2008 446 2101 516 qui

2228 445 2327 496 »εῖν
2353 442 2513 497 αὑτὸν
2540 439 2691 510 φαίη.
2732 437 2891 506 Λέγει
2915 436 3028 507 γὰρ
3054 431 3341 497 ἐπιστολάς
3383 428 3781 503 Ἀριστοτέλους

523 540 784 606 attendet,
817 555 941 595 eum
970 538 1201 594 delirare
1233 539 1395 611 792
1427 541 1622 594 merito
1647 539 1864 594 dixerit.
1898 537 2104 593 Aristo-

528 634 651 689 telis
675 636 820 688 enim
855 634 1222 705 deprehensas
1247 649 1369 689 esse
1393 635 1656 689 adversus
1681 632 2100 688 Atheniensium

529 727 718 782 urbem
762 727 1043 797 epistolas,
1066 741 1302 797 eumque
1350 726 1564 798 Stagira
1600 742 1755 781 suam
1802 725 1976 797 ipsius
2007 741 2104 796 pa-

447 803 450 806 .
530 818 693 873 triam
718 817 1101 874 Macedonibus
1125 819 1429 888 prodidisse
1452 817 1650 874 refert:
1677 818 1914 890 itemque
1936 818 2103 890 Olyn-

529 910 627 965 tho
643 910 758 980 jam
784 925 995 978 eversa,
1020 926 1130 981 quo
1152 912 1205 965 in
1231 912 1354 967 loco
1384 910 1564 982 praeda
1592 912 1948 979 vendebatur,
1969 928 2106 983 opu-

529 1002 869 1059 lentissimos
927 1019 1175 1074 quosque
1221 1002 1604 1077 Olynthiorum
1663 1002 1914 1074 Philippo
1960 1004 2106 1059 indi-

532 1109 710 1150 casse.
766 1093 1014 1152 lnsulsus
1066 1096 1228 1151 etiam
1278 1111 1342 1151 ac
1387 1096 1559 1150 futilis
1612 1096 1977 1152 calumniator
2024 1106 2106 1152 est

531 1185 960 1258 Cephisodorus,
997 1188 1252 1245 Isocratis
1274 1189 1594 1259 discipulus,
1619 1191 1713 1261 qui
1740 1190 2104 1260 voluptarium

534 1279 712 1350 ipsum
766 1288 821 1335 et
858 1281 1191 1346 catilloncm,
1226 1281 1610 1353 similibusque
1654 1282 1972 1339 nominibus
2012 1298 2108 1355 ap-

536 1372 773 1443 pellavit.
810 1372 879 1428 At
914 1374 1029 1430 hinc
1069 1374 1251 1430 omnia
1305 1377 1464 1445 longe
1513 1375 1785 1430 dementia
1827 1384 2108 1447 superant,

534 1481 657 1536 qua?
685 1482 716 1521 α
751 1465 967 1538 Lycone
995 1467 1358 1540 Pythagoreo,
1385 1477 1444 1522 ut
1467 1484 1524 1523 se
1549 1469 1664 1538 ipse
1691 1477 1871 1535 vocat,
1899 1469 2108 1538 objecta

534 1567 685 1613 sunt.
721 1557 923 1614 Scribit
946 1561 1090 1614 enim
1119 1560 1462 1616 Aristotelem
1492 1560 1632 1615 idem
1659 1560 1916 1616 sacriﬁcii
1940 1576 2111 1632 genus

534 1651 682 1721 quod
730 1651 911 1707 Cereri
964 1653 1033 1707 ab
1076 1653 1502 1708 Atheniensibus
1557 1653 1759 1721 ﬁebat,
1812 1652 2112 1713 demortuae

540 1744 693 1798 uxori
725 1742 905 1800 facere
931 1745 1175 1812 solitum,
1210 1753 1374 1814 atque
1403 1743 1535 1798 illud
1569 1744 1746 1821 ipsum
1774 1744 1955 1799 oleum
2014 1758 2113 1814 po-

2204 535 2407 590 ἁλῶναι
2437 533 2577 588 κατὰ
2600 534 2700 602 τῆς
2721 528 2928 591 πόλεως
2959 529 3059 599 τῆς
3093 524 3410 596 Ἀθηναίων,
3448 523 3542 577 καὶ
3566 522 3784 591 Στάγει-

2208 645 2305 702 ραν
2337 626 2447 699 (50)
2485 623 2584 697 τὴν
2620 620 2855 693 πατρίδα
2913 615 3199 689 προδοῦναι
3238 612 3545 670 Μακεδόσιν
3600 611 3781 667 αὐτόν.

2210 720 2330 773 Ἔτι
2371 717 2429 771 δὲ
2460 710 2909 782 κατασκαφείσης
2949 705 3199 761 Ὀλύνθου
3221 746 3236 771 ,
3271 702 3530 778 μηνύειν,
3568 703 3661 758 ἐπὶ
3692 702 3786 757 τοῦ

2206 805 2650 882 λαφυροπωλείου
2679 844 2694 868 ,
2727 802 2979 872 Φιλίππῳ
3020 799 3147 864 τοὺς
3191 796 3629 860 πλουσιωτάτους
3677 796 3787 849 τῶν

2220 902 2525 959 Ὀλυνθίων.
2542 896 2755 953 Ἦλίθια
2777 896 2832 949 δὲ
2857 893 3213 964 διαϐέϐληκεν
3236 891 3398 946 αὐτὸν
3419 891 3513 945 καὶ
3545 888 3790 961 Κηφισό-

2208 999 2378 1070 δωρος
2406 993 2542 1066 (51),
2572 992 2601 1043 ό
2640 987 2984 1061 Ἰσοκράτους
3038 984 3285 1057 μαθητὴς
3309 1023 3324 1048 ,
3376 982 3648 1053 τρυφερὸν
3696 980 3792 1035 καὶ

2209 1088 2422 1161 τένθην,
2452 1086 2545 1140 καὶ
2571 1083 2704 1140 άλλα
2734 1078 2957 1135 τοιαῦτα
2991 1078 3163 1147 λέγων
3211 1077 3371 1130 αὑτὸν
3417 1070 3575 1131 εἶναι.
3605 1074 3793 1127 Πάντα

2208 1181 2254 1234 δ’
2283 1174 2647 1251 ὑπερπαλαίει
2675 1171 2855 1245 μωρίᾳ
2887 1170 2957 1223 τὰ
2978 1169 3084 1222 ὑπὸ
3099 1167 3353 1230 Λύκωνος
3370 1166 3479 1238 (52)
3505 1165 3790 1237 εἰρημένα,

2210 1272 2303 1326 τοῦ
2350 1270 2603 1339 λέγοντος
2637 1262 2774 1320 εἶναι
2825 1260 3200 1333 Πυθαγορικὸν
3247 1260 3458 1314 ἑαυτόν.
3512 1262 3649 1330 Φησὶ
3683 1261 3792 1332 γὰρ

2212 1363 2360 1417 θύειν
2403 1356 2781 1433 Ἀριστοτέλην
2816 1353 3008 1408 θυσίαν
3037 1351 3457 1423 τετελευτηκυίᾳ
3482 1354 3548 1422 τῇ
3575 1352 3796 1419 γυναικὶ

2210 1454 2491 1524 τοιαύτην,
2547 1450 2737 1505 ὁποίαν
2810 1447 3083 1518 Ἀθηναῖοι
3143 1445 3210 1515 τῇ
3249 1443 3541 1514 Δήμητρι,
3590 1442 3685 1496 καὶ
3737 1444 3795 1495 ὲν

2213 1546 2378 1618 ἐλαίῳ
2404 1541 2592 1616 θερμῷ
2611 1541 2920 1613 λουόμενον,
2945 1538 3103 1592 τοῦτο
3123 1537 3186 1609 δὴ
3210 1535 3560 1607 πιπράσκειν.
3604 1533 3797 1588 Ἦνίκα

2213 1642 2270 1697 δὲ
2302 1642 2380 1704 είς
2407 1636 2647 1697 Χαλκίδα
2700 1635 2886 1706 ἀπῄει,
2914 1631 3041 1697 τοὺς
3094 1627 3333 1696 τελώνας
3381 1630 3561 1703 εὑρεῖν
3613 1629 3672 1682 ὲν
3721 1627 3799 1698 τῷ

2221 1731 2387 1803 πλοίῳ
2437 1728 2666 1783 λοπάδια
2695 1725 2875 1797 χαλκᾶ
2912 1724 3074 1777 πέντε
3124 1722 3219 1777 καὶ
3256 1721 3647 1793 ἐϐδομήκοντα.
3690 1722 3801 1774 Καὶ

539 1847 655 1891 stea
673 1837 926 1902 vendere,
955 1838 1008 1892 in
1033 1853 1143 1909 quo
1161 1809 1341 1893 calido
1352 1837 1465 1907 jam
1489 1809 1615 1892 ante
1632 1835 1871 1891 lavisset.
1905 1809 2115 1906 Quippe

2228 1823 2405 1897 σχεδὸν
2436 1825 2486 1877 oi.
2531 1823 2627 1894 μὲν
2652 1819 2857 1892 πρῶτοι
2884 1816 3227 1880 διαϐαλόντες
3264 1814 3642 1890 Ἀριστοτέλην
3663 1829 3802 1909 foc-

538 1930 668 1983 dum
697 1928 1008 1984 Chalcidem
1031 1938 1255 2000 peteret,
1280 1929 1475 1985 ollulas
1510 1928 1564 1984 in
1599 1927 1723 1983 navi
1750 1942 1921 1985 (creas
1953 1927 2117 1999 quin-

540 2035 649 2090 que
699 2029 755 2075 et
804 2022 1148 2092 septuaginta
1198 2030 1443 2092 repertas
1495 2036 1525 2075 a
1559 2019 1865 2091 publicanis
1922 2018 2114 2076 fuisse.

539 2110 719 2182 Atque
768 2111 823 2165 hi
851 2110 964 2168 fere
1005 2111 1282 2182 principes
1334 2110 1646 2167 Aristotelis
1693 2111 2119 2167 calumniatores

540 2202 726 2258 fuere:
758 2217 993 2273 quorum
1032 2203 1279 2258 nonnulli
1328 2204 1450 2275 ejus
1495 2212 1653 2259 aetate
1705 2202 1980 2264 vivebant,
2020 2202 2115 2257 alii

541 2295 706 2366 paulo
732 2303 894 2365 post:
923 2296 1185 2367 sophistae
1208 2310 1421 2363 omnes,
1454 2295 1806 2361 contentiosi,
1839 2312 1902 2352 ac
1936 2296 2120 2350 rheto-

542 2402 654 2453 res,
686 2403 918 2458 quorum
956 2389 1177 2443 nomina
1214 2388 1377 2444 simul
1402 2397 1566 2459 atque
1596 2389 1719 2444 libri
1751 2390 1925 2461 magis
1953 2389 2117 2445 etiam

543 2480 754 2549 periere
771 2496 934 2551 quam
960 2496 1214 2551 corpora.
1243 2479 1377 2535 Nam
1409 2481 1503 2552 qui
1538 2492 1660 2551 post
1688 2481 1810 2537 illos
1838 2482 2118 2548 exstitere,

542 2573 746 2642 autqui
764 2572 877 2643 jam
908 2572 977 2626 ab
1001 2572 1191 2627 iisdem
1222 2573 1432 2642 objecta
1458 2572 1742 2639 refricant,
1774 2573 1811 2627 ii
1843 2588 1971 2629 vero
1996 2574 2122 2628 mit-

542 2663 691 2719 tendi
720 2680 948 2734 prorsus
977 2680 1043 2720 ac
1075 2665 1378 2737 negligendi
1414 2674 1564 2730 sunt,
1603 2666 1792 2737 illique
1816 2667 2120 2737 prasertim

543 2755 638 2825 qui
685 2771 809 2811 cum
858 2772 927 2811 ne
981 2758 1328 2828 superiorum
1360 2758 1580 2829 quidem
1621 2758 1788 2814 libros
1822 2759 2118 2829 attigerint,

542 2847 832 2903 maledicta
859 2863 954 2918 per
981 2864 1040 2904 se
1067 2849 1216 2919 ipsos
1240 2859 1550 2920 temereque
1584 2850 1879 2907 ﬁnxerunt.
1921 2851 2123 2922 Cujus-

545 2940 693 2996 modi
735 2949 883 3006 sunt,
921 2942 1016 3012 qui
1046 2943 1182 2997 ollas
1210 2942 1328 3013 ejus
1346 2950 1620 2997 trecentas
1649 2953 1970 2999 numerant:
1991 2945 2124 2999 nihil

547 3035 693 3089 enim
725 3034 865 3104 apud
894 3049 1085 3090 eorum
1117 3036 1310 3102 ullum,
1340 3036 1435 3107 qui
1468 3044 1581 3090 tum
1607 3036 1882 3103 vivebant,
1914 3036 1981 3091 de
2004 3036 2127 3107 phi-

2218 1920 2365 1974 οῦτοι
2405 1916 2714 1988 γεγόνασιν·
2762 1906 2838 1968 ὧν
2879 1913 2929 1966 oi
2962 1911 3060 1983 μὲν
3091 1912 3231 1965 κατὰ
3261 1908 3389 1972 τοὺς
3429 1907 3628 1970 αὐτοὺς
3662 1901 3803 1977 ἦσαν

2219 2012 2477 2083 χρόνους,
2511 2011 2560 2063 οἱ
2584 2007 2642 2062 δὲ
2674 2005 2868 2079 μικρὸν
2910 2003 3137 2075 ὕστερον
3166 2002 3418 2072 ἐγένοντο
3442 2018 3457 2033 ο
3502 1999 3708 2068 πάντες
3748 1998 3805 2053 δὲ

2220 2106 2491 2177 σοφισταὶ,
2524 2105 2619 2158 καὶ
2648 2100 2931 2175 ὲριστικοὶ,
2959 2100 3053 2153 καὶ
3084 2099 3332 2169 ῥήτορες,
3360 2089 3435 2148 ὧν
3465 2094 3562 2148 καὶ
3592 2092 3663 2146 τά
3690 2092 3807 2145 δνό-

2223 2217 2369 2272 ματα
2402 2198 2496 2251 καὶ
2528 2196 2599 2251 τὰ
2627 2194 2809 2272 βιϐλία
2854 2192 3084 2262 τέθνηκε
3123 2189 3234 2244 τῶν
3269 2189 3539 2260 σωμάτων
3581 2185 3803 2258 μᾶλλον.

2222 2271 2361 2358 Τοὺς
2383 2292 2481 2365 μὲν
2514 2290 2622 2363 γὰρ
2666 2271 2808 2361 μὲτά
2850 2285 3026 2341 ταῦτα
3052 2282 3367 2353 γεγονότας,
3391 2281 3425 2352 ἢ
3452 2279 3520 2333 τὰ
3542 2281 3635 2333 ὑπ’
3660 2278 3807 2331 ὲκείο

2221 2402 2330 2440 νων
2368 2388 2489 2457 είρη
2499 2384 2635 2456 μένα
2665 2382 2945 2451 λέγοντας,
2975 2378 3319 2433 παντάπασιν
3347 2376 3440 2447 ὲᾷν
3466 2375 3549 2428 δεῖ
3570 2373 3806 2444 χαίρειν,

2222 2479 2315 2533 καὶ
2355 2477 2591 2550 μάλιστα
2639 2477 2766 2540 τοὺς
2806 2474 2925 2546 μηδ’
2961 2470 3389 2545 ἐντετυχηκότας
3441 2470 3553 2532 τοῖς
3579 2465 3807 2538 βιϐλίοις

2223 2571 2423 2637 αὐτῶν,
2482 2571 2598 2625 ἀλλ’
2649 2565 3200 2639 αύτοσχεδιάζοντας’
3235 2562 3411 2618 ὁποῖοί
3457 2563 3565 2615 είσι
3612 2559 3713 2614 καὶ
3761 2558 3807 2611 ei

2222 2665 2471 2735 λέγοντες
2503 2662 2821 2737 τριακοσίας
2846 2660 2988 2732 ἔχειν
3009 2657 3246 2721 λοπάδας
3268 2655 3451 2710 αὐτόν.
3483 2652 3676 2717 Οὐδεὶς
3701 2649 3811 2721 γὰρ

2225 2757 2291 2813 ἂν
2322 2757 2572 2829 εὑρεθείη
2607 2755 2734 2829 περὶ
2763 2753 2928 2807 αὐτοῦ
2958 2750 3198 2805 τοιοῦτον
3226 2749 3382 2803 ούθὲν
3416 2744 3654 2819 εἰρηκὼς
3699 2745 3813 2798 τῶν

2224 2851 2345 2904 τότε
2373 2849 2562 2914 ὄντων,
2587 2850 2668 2902 ὅτι
2707 2848 2781 2920 μὴ
2816 2846 3010 2901 Λύκων
3030 2862 3044 2876 ο
3078 2840 3235 2907 οὗτος
3282 2842 3462 2914 μέντοι
3488 2882 3500 2894 .
3553 2838 3813 2911 καθάπερ

2225 2941 2362 3014 ἔφην
2386 2983 2401 3008 ,
2443 2942 2665 3013 εἴρηκεν
2709 2934 2974 3013 εῦρῆσθαι
3006 2937 3233 2991 λοπάδια
3260 2935 3421 2995 πέντε
3454 2936 3548 2988 καὶ
3580 2933 3819 3003 ἑϐδομή-

2226 3051 2412 3089 κοντα.
2459 3034 2534 3088 Οὐ
2564 3034 2721 3104 μόνον
2743 3032 2800 3086 δὲ
2857 3032 2952 3086 καλ⁵
2977 3032 3042 3084 ἐκ
3073 3030 3182 3083 τῶν
3207 3028 3432 3102 χρόνων,
3469 3027 3563 3081 καὶ
3604 3029 3671 3079 ὲκ
3703 3025 3817 3078 τῶν

547 3118 776 3197 losopho
799 3127 903 3182 tale
926 3128 1183 3201 reperias,
1209 3128 1257 3183 si
1280 3128 1550 3198 Lyconem
1575 3128 1728 3182 illum
1753 3128 2012 3199 excipies,
2028 3128 2123 3198 qui

2228 3126 2663 3197 διαϐεϐληκότων
2691 3123 3029 3197 τεκμήραιτό
3052 3141 3137 3187 τις
3169 3121 3256 3188 ἂν,
3299 3123 3381 3179 ὅτι
3429 3120 3599 3192 ψευδῆ
3632 3119 3818 3173 πάντα

547 3230 750 3284 tamen,
782 3228 839 3274 ut
866 3219 978 3291 jam
1013 3230 1138 3274 ante
1156 3220 1293 3286 dixi,
1326 3220 1521 3276 ollulas
1549 3231 1761 3275 tantum
1791 3220 2037 3289 quinque
2064 3235 2127 3274 ac.

548 3312 892 3381 septuaginta
931 3320 1174 3382 repertas
1200 3325 1319 3365 esse
1357 3320 1773 3375 commemorat,
1819 3308 1990 3364 Porro
2018 3325 2127 3365 non

547 3420 614 3457 ex
642 3411 947 3472 temporum
975 3402 1163 3467 modo,
1188 3413 1283 3457 aut
1309 3401 1728 3457 criminatorum
1761 3401 2004 3471 ipsorum
2040 3417 2129 3454 ra-

550 3495 718 3561 tione,
736 3492 872 3563 falsa
891 3492 982 3547 illa
999 3507 1120 3549 esse
1146 3492 1375 3547 crimina
1395 3492 1640 3561 colligas,
1658 3492 1751 3547 sed
1773 3492 1935 3547 etiam
1953 3506 2019 3545 ex
2042 3507 2128 3555 eo,

549 3586 696 3656 quod
719 3601 827 3641 non
854 3585 996 3641 idem
1021 3586 1088 3640 ab
1112 3584 1388 3651 omnibus,
1421 3584 1516 3641 sed
1539 3599 1569 3639 a
1592 3583 1823 3655 singulis
1848 3582 2127 3654 pr0prium

549 3694 617 3735 ac
663 3678 940 3750 singulare
982 3678 1185 3749 aliquid
1230 3678 1563 3750 objiciatur:
1600 3678 1909 3750 cujusmodi
1960 3679 2004 3734 sl
2050 3677 2130 3732 vel

552 3785 725 3825 unum
757 3770 977 3841 aliquod
1010 3787 1196 3827 verum
1225 3781 1390 3837 esset,
1422 3773 1617 3829 millies
1648 3788 1795 3836 eum,
1838 3787 1944 3827 non
1972 3771 2133 3826 modo

552 3863 743 3935 semel,
775 3864 845 3919 ab
870 3864 936 3918 iis
962 3864 1055 3935 qui
1084 3850 1216 3919 tunc
1247 3862 1509 3933 viverent,
1536 3862 1811 3919 sublatum
1835 3870 2130 3933 oporteret.

2233 3218 2302 3272 τὰ
2325 3220 2588 3293 εἰρημένα
2614 3217 2784 3282 ἐστὶν,
2820 3217 2955 3272 ἀλλὰ
2979 3218 3089 3270 κάκ
3123 3215 3215 3269 τοῦ
3246 3213 3320 3288 μὴ
3346 3214 3557 3279 πάντας
3585 3212 3654 3266 τά
3673 3212 3817 3267 αὐτὰ

2232 3309 2539 3385 διαϐάλλειν
2560 3354 2574 3378 ,
2601 3311 2715 3364 ἀλλ’
2742 3310 2972 3364 ἕκαστον
3007 3309 3119 3364 ἴδιά
3146 3326 3267 3362 τινα
3291 3307 3469 3377 λέγειν
3492 3320 3507 3334 ⁸
3542 3299 3733 3379 ὧνπερ
3769 3307 3819 3359 εἰ

2231 3398 2300 3475 ἦν
2333 3402 2391 3457 ἓν
2422 3403 2599 3459 ὁτιοῦν
2621 3403 2836 3474 ἀληθὲς,
2874 3404 3039 3475 ἐχρῆν
3068 3402 3239 3473 δήπου
3277 3402 3553 3473 μυριάκις,
3578 3400 3694 3459 ἀλλ’
3718 3401 3818 3471 οὐχ

2235 3495 2382 3563 ἅπαξ
2407 3496 2569 3549 αὐτὸν
2600 3495 2706 3549 ὑπὸ
2750 3495 2857 3550 τῶν
2893 3496 3013 3548 τότε
3044 3493 3400 3548 ἀπολωλέναι.
3431 3492 3667 3562 Φανερδν
3700 3487 3818 3555 οὖν,

2234 3588 2316 3640 ὃτι
2360 3587 2612 3660 καθάπερ
2646 3588 2859 3653 πολλοῖς
2888 3587 2983 3642 καὶ
3016 3587 3194 3651 ἄλλοις
3215 3627 3228 3651 ,
3255 3585 3398 3639 οὕτω
3441 3586 3535 3638 καὶ
3575 3587 3824 3655 Ἀριστον

2234 3678 2377 3731 τέλει
2409 3678 2626 3751 συνέϐη,
2660 3679 2747 3735 διά
2770 3698 2829 3734 τε
2869 3679 2967 3745 τὰς
2999 3679 3135 3752 πρὸς
3168 3679 3295 3743 τοὺς
3338 3678 3577 3750 βασιλεῖς
3610 3679 3819 3747 φιλίας,

2237 3772 2330 3824 καὶ
2362 3771 2452 3825 διὰ
2485 3772 2584 3845 τὴν
2610 3774 2669 3826 ἐν
2696 3776 2809 3837 τοῖς
2829 3774 3009 3843 λόγοις
3049 3771 3321 3843 ὑπεροχὴν
3345 3811 3360 3836 ,
3406 3770 3511 3825 ὑπὸ
3556 3772 3666 3825 τῶν
3694 3772 3817 3825 τότε

2239 3859 2508 3932 σοφιστῶν
2545 3864 2876 3934 φθονεῖσθαι.
2909 3869 3002 3919 Δεῖ
3021 3865 3076 3918 δὲ
3099 3867 3224 3928 τοὺς
3257 3860 3315 3919 εὖ
3344 3864 3699 3937 φρονοῦντας,
3748 3867 3820 3935 μὴ

554 3956 750 4027 Liquet
777 3956 965 4029 igitur,
994 3956 1140 4027 quod
1172 3957 1295 4013 aliis
1317 3956 1615 4028 plerisque,
1653 3955 1890 4026 idipsum
1922 3954 2133 4010 Aristo-

556 4048 645 4102 teli
670 4048 989 4119 contigisse,
1009 4058 1069 4103 ut
1096 4057 1318 4119 propter
1344 4064 1531 4120 regum
1568 4047 1861 4113 amicitias,
1891 4062 1956 4102 ac
1982 4062 2134 4102 sum-

2238 3956 2319 4019 είς
2346 3956 2471 4019 τοὺς
2498 3956 2880 4023 διαϐάλλοντας
2906 3957 3233 4011 ἀποϐλέπειν
3258 3958 3438 4030 μόνον,
3464 3957 3602 4012 ἀλλά
3624 3958 3721 4011 καὶ
3744 3960 3821 4020 είς

2238 4049 2364 4112 τοὺς
2402 4049 2758 4116 ἐπαινοῦντας
2812 4052 2907 4105 καὶ
2941 4050 3235 4123 ζηλοῦντας
3265 4050 3448 4105 αὐτόν.
3508 4051 3583 4103 Οὐ
3639 4048 3823 4121 μικρῷ

556 4155 701 4194 lnam
736 4138 1062 4195 eruditionis
1093 4134 1494 4207 excellentiam,
1524 4140 1819 4209 aequalium
1854 4138 2124 4208 sephista-

2240 4142 2348 4213 γὰρ
2371 4142 2587 4208 πλείους
2621 4146 2714 4198 καὶ
2747 4132 2988 4214 βελτίους
3016 4144 3289 4216 εὑρεθεῖεν
3330 4144 3395 4197 ἂν
3441 4135 3587 4196 οὗτοί
3618 4158 3706 4212 γε.
3743 4142 3824 4195 Τά

553 4247 677 4286 rum
718 4232 920 4287 invidia
964 4232 1257 4287 laboraret.
1285 4232 1355 4287 At
1396 4233 1535 4302 aequi
1577 4248 1759 4286 rerum
1789 4232 2124 4287 mstimatoris

2245 4233 2342 4303 μὲν
2369 4229 2461 4287 οὖν
2489 4234 2622 4288 ἄλλα
2672 4237 2953 4308 προδήλως
3000 4236 3341 4291 πέπλασται·
3399 4237 3492 4290 δύο
3549 4236 3606 4290 δὲ
3648 4236 3823 4290 ταῦτα

556 4325 740 4393 fuerit,
766 4342 875 4380 non
906 4327 1055 4393 solos
1078 4324 1315 4381 hominis
1345 4326 1792 4390 calumniatores,
1819 4324 1911 4380 sed
1943 4324 2124 4379 lauda-

2241 4325 2388 4378 δοκεῖ
2418 4328 2789 4395 πιστεύεσθαι,
2816 4329 2882 4384 δι’
2910 4329 2947 4384 ἃ
2976 4330 3205 4400 ψέγουσί
3228 4347 3374 4394 τινες
3399 4329 3565 4384 αὐτόν
3584 4347 3599 4359 ο
3626 4330 3685 4382 ἒν
3724 4330 3823 4401 μὲν

555 4424 704 4472 tores
717 4418 949 4473 etiamet
973 4417 1200 4472 aemulos
1227 4419 1497 4488 cogitare:
1524 4417 1619 4487 qui
1642 4432 1774 4472 sane
1802 4417 1945 4471 haud
1976 4416 2124 4487 paulc

2244 4418 2324 4471 ὃτι
2358 4419 2456 4491 τὴν
2489 4419 2742 4492 Ἑρμείου
2764 4423 2959 4495 γήμειε
2991 4422 3147 4493 φύσει
3172 4423 3271 4495 μὲν
3294 4421 3548 4494 ἀδελφὴν,
3576 4422 3741 4493 θετὴν
3769 4422 3825 4475 δὲ

556 4509 739 4579 plures
774 4525 839 4581 ac
863 4510 1119 4564 meliores
1147 4524 1270 4565 esse
1302 4510 1664 4580 reperientur.
1697 4508 1762 4563 Et
1783 4508 2003 4579 quidem
2034 4524 2124 4563 ca:-

2244 4508 2519 4582 θυγατέρα
2546 4513 2805 4581 Πυθιάδα,
2837 4515 3143 4570 κολακεύων
3169 4516 3349 4571 αὐτόν’
3376 4516 3667 4588 Θεόκριτος
3697 4515 3825 4585 γοῦν

556 4608 671 4656 tera
704 4602 996 4658 vanitatem
1023 4618 1117 4673 per
1152 4618 1272 4658 sese
1297 4606 1592 4659 ostendunt
1622 4617 1799 4658 suam.
1835 4601 1995 4672 793
2020 4600 2124 4656 Duc

2245 4604 2273 4655 ὁ
2302 4605 2429 4670 Χῖος
2451 4608 2703 4679 ἐποίησεν
2731 4610 3059 4685 ἐπίγραμμα
3089 4609 3327 4663 τοιοῦτον
3348 4627 3362 4640 ’

557 4695 723 4751 modo
749 4706 879 4753 sunt
903 4711 935 4751 α
966 4694 1247 4753 nonnullis
1272 4696 1325 4749 in
1355 4711 1422 4751 eo
1455 4695 1780 4766 reprehendi
1819 4695 2001 4762 solita,
2029 4710 2151 4766 qua:
2189 4694 2349 4752 ﬁdem
2397 4700 2635 4771 aliquam
2688 4701 2977 4775 impetrare
3016 4702 3304 4761 videantur
3341 4718 3355 4756 :
3392 4701 3651 4767 alterum,
3682 4699 3825 4772 quod

774 4876 859 4931 Al.
892 4877 1179 4950 Στάγειρα.
1262 4947 1269 4950 _
1320 4948 1327 4950 _
1688 4886 1690 4888 '

633 4947 744 5023 (5i)
769 4946 1214 5023 Κηφισόδωρορ
1245 4947 1543 5023 Athenaeus
1567 4947 1932 5023 Κηφισόδοτον
1957 4946 2143 5023 nomi-

560 5028 655 5072 nat
684 5018 776 5072 Iib.
811 5018 879 5083 tt,
913 5034 1034 5088 pag.
1076 5020 1145 5073 6i)
1176 5018 1218 5071 D
1259 5035 1271 5071 :
1304 5019 1691 5088 Κηφισόδοτος,
1726 5019 1921 5088 inquit,
1946 5019 1974 5071 ὁ
2015 5018 2145 5071 Ἰσο-

560 5088 795 5163 ξρᾲτοεθς
818 5087 1163 5163 eadem}?
1184 5091 1295 5163 τοῖς
1317 5091 1436 5144 κατ’
1465 5087 1865 5163 Ἀριςτρτέλοες
1888 5087 2146 5163 (τέτξσειιριι

561 5158 611 5211 6"
648 5159 766 5212 ἐστὶ
804 5158 975 5231 ταῦτα
1010 5158 1232 5231 βιϐλία),
1267 5162 1495 5231 ἐπιτιμᾷ
1532 5158 1615 5231 τῷ
1646 5158 1942 5231 Φιλοσόφῳ,
1970 5159 2045 5231 ὡς
2078 5158 2142 5211 ού

564 5230 854 5300 ποιήσαντι
885 5229 1044 5299 λόγον
1077 5232 1246 5298 ἄξιον,
1280 5231 1343 5285 τὸ
1384 5229 1684 5302 παροιμίας
1711 5230 1982 5302 ἀθροῖσαι.
2005 5230 2147 5302 Quae

566 5309 840 5374 postrema
870 5304 1057 5374 verba,
1089 5303 1284 5374 mirum
1313 5300 1477 5374 quam
1509 5300 2146 5371 interpres’doctissimus

568 5372 902 5443 παρακούει,
928 5372 1056 5427 dum
1099 5373 1292 5432 vertit,
1332 5372 1470 5442 quod
1504 5373 1785 5441 parmmias
1817 5387 2144 5435 coacervare,

566 5448 617 5514 et
644 5441 893 5514 mulieros
923 5459 1214 5514 congerere,
1243 5441 1413 5511 opera:
1440 5444 1668 5512 pretium
1697 5459 1807 5514 esse
1834 5458 1954 5514 non
1980 5443 2147 5494 duxe—

570 5512 663 5571 rit.
696 5509 858 5584 ‘Yertc
885 5532 895 5566 :
925 5509 1063 5582 quo}!
1116 5515 1168 5566 in
1203 5509 1558 5584 congerendis
1603 5512 1889 5583 proverbiis
1938 5512 2143 5565 inanem

571 5596 633 5641 ac
680 5582 885 5653 [utilem
935 5600 1146 5652 cperant
1192 5582 1445 5653 posuerit.
1488 5582 1750 5639 Exstabat
1800 5583 1945 5638 enim
1992 5584 2144 5646 olim,

572 5659 710 5727 teste
756 5652 1009 5727 Diogene,
1055 5652 1339 5727 syntagtna
1372 5656 1804 5727 proverbiorutn_
1828 5654 1897 5727 ab
1920 5653 2148 5727 Aristo-

576 5721 680 5796 telc
708 5721 1044 5796 nominatum
1072 5721 1126 5778 et
1156 5721 1448 5796 digestum.
1500 5726 1737 5781 Alterius
1766 5723 2146 5796 Cephisodori,

576 5792 722 5877 plani
770 5794 1007 5851 hominis
1048 5792 1241 5877 atque"
1261 5795 1500 5869 ridiculi,
1541 5796 1770 5853 ucmiuit
1815 5792 1954 5853 idem
1982 5794 2148 5860 Athe-

2248 4895 2405 4956 nzeus
2420 4882 2520 4956 lib.
2548 4900 2656 4951 xw,
2686 4900 2808 4956 pag.
2846 4884 2970 4942 613.

2321 4951 2433 5035 (52)
2463 4951 3075 5035 ,λύκῳνὸςίρὶοεοηςε-
3102 4955 3195 5035 lib.
3229 4970 3259 5035 ν
3288 4956 3342 5010 in
3374 4954 3591 5035 Lycone.
3610 4952 3830 5035 Peripa-

2252 5024 2404 5097 tetico
2434 5040 2453 5077 :
2482 5026 2742 5097 Γεγόνασι
2772 5027 2829 5081 δὲ
2867 5024 2961 5079 καὶ
2992 5024 3439 5097 άλλοιέλύκωνεςλ
3478 5024 3697 5097 πρῶτος
3724 5024 3831 5097 Πυ-

2254 5089 2576 5169 θαγορικὸς,’
2613 5096 2863 5169 δεύτερος
2911 5098 3072 5169 αὐτὸς
3120 5089 3274 5160 οὗτος
3324 5089 3611 5166 (quorsum
3644 5095 3831 5169 igitur

2253 5166 2536 5248 praemisit,
2566 5169 2661 5220 καὶ
2687 5164 2838 5248 ἄλλοι
2853 5168 2885 5248 ?_
2905 5168 3135 5248 dixisset
3168 5164 3686 5248 ροιίιιετέσσαρες),
3716 5164 3830 5248 τρί-

2251 5253 2344 5309 τος
2369 5235 2527 5309 έτιτῶνΔ
2554 5238 2799 5309 ποιητὴς,
2830 5239 3087 5309 τέταρτος
3107 5235 3825 5309 ἐπιγραμμάτωντφιητής·

2256 5304 2345 5383 De_
2376 5307 2480 5361 hoc
2501 5304 2869 5383 Pythagorico
2903 5304 3038 5383 nihil
3066 5309 3195 5364 alibi
3214 5304 3567 5383 ’r'eperio.-l)e
3602 5304 3828 5383 Peripa-

2254 5378 2435 5443 tetico,
2465 5376 2710 5448 ejusque'
2733 5379 2956 5447 profuso
2990 5381 3143 5444 luxu,
3177 5376 3352 5448 multi,
3380 5377 3549 5433 multa
3569 5414 3585 5438 ,
3623 5376 3691 5448 in»
3713 5376 3832 5448 qui-

2252 5444 2691 5522 bus‘Athenaeus
2724 5444 2818 5505 lib.
2855 5466 2961 5522 xu,
2996 5448 3294 5522 μεθ-547.
3330 5447 3521 5522 Porro,
3547 5444 3831 5522 quod__hic

2253 5518 2506 5590 ἀσεϐείας
2533 5521 2740 5575 crimen
2771 5514 3050 5576 Aristoteli
3069 5514 3109 5574 ξι
3138 5517 3352 5590 Lycone
3379 5514 3828 5590 objectb_m_dici-

2252 5601 2360 5647 tur.
2395 5589 2661 5659 Diogenes
2687 5592 2962 5660 Aristippo
2989 5584 3200 5652 tribuit,
3223 5591 3380 5659 cujus
3407 5584 3531 5643 cum
3560 5588 3631 5640 ab
3656 5584 3831 5660 Eury-

2255 5655 2766 5729 medonte'quodam
2812 5655 2938 5717 reus
2981 5660 3225 5731 agendus
3262 5655 3442 5725 esset,
3475 5673 3601 5714 eum
3637 5655 3830 5721 volun-

2255 5732 2393 5796 tario
2421 5732 2621 5795 aconiti
2656 5732 2851 5796 haustu
2878 5730 3080 5795 obiisSe
3112 5730 3294 5791 tradit.
