4090 6382
525 313 663 369 1⁸503

1125 419 1355 476 CAPUT
1385 418 1477 474 Ν.

519 517 688 572 Attici
725 512 993 567 Platonici
1040 511 1334 579 disputatio
1362 551 1377 572 ,
1434 510 1684 563 adversus
1743 508 2103 571 Aristotelem,

596 605 628 639 (ι
670 585 851 653 Moyse
888 593 936 637 et
968 581 1193 635 Platone
1227 582 1283 634 in
1316 581 1692 639 constituenda
1734 582 1859 649 ﬁnis
1901 581 2108 634 ratione

595 657 963 709 dissidentem.

598 767 617 800 ι
658 747 795 802 Cum
830 745 1303 817 philosophorum,
1338 743 1536 815 inquit,
1566 744 2104 799 omniumcommuni

526 856 713 905 sensu,
738 840 1035 893 humanam
1064 837 1461 892 beatitudinem
1492 836 1833 906 philosophia
1853 837 2110 906 pollicea-

524 944 616 987 tur
651 932 936 996 universa,
991 930 1292 1000 eademque
1325 927 1589 983 trifariam
1646 945 1746 999 pro
1797 929 1887 983 illa
1923 942 2107 984 rerum

525 1025 771 1079 omnium
809 1023 1080 1079 ell‘ectriee
1110 1022 1499 1078 distributione
1543 1021 1818 1076 dividatur
1853 1030 2108 1075 :tantum

525 1116 699 1179 abest,
728 1123 787 1168 ut
820 1115 922 1169 hoc
966 1115 1020 1167 in
1071 1129 1251 1167 rerum
1299 1126 1496 1181 genere
1525 1110 1867 1165 Platonicum
1903 1106 2109 1178 aliquid

524 1205 917 1274 Peripateticus
947 1206 1050 1259 istc
1079 1205 1290 1269 doceat,
1322 1210 1380 1257 ut
1405 1218 1471 1257 ex
1523 1202 1773 1272 pluribus
1799 1200 1893 1271 qui
1929 1215 1959 1254 a
1984 1198 2109 1254 Pla-

523 1310 649 1355 tone
678 1298 1022 1365 dissentiunt,
1056 1298 1271 1368 longius
1301 1297 1369 1351 ab
1415 1296 1606 1351 eodem
1654 1310 1816 1349 nemo
1838 1294 2108 1349 discesse-

523 1393 616 1447 rit.
650 1390 926 1461 Principio
951 1430 966 1450 .
1001 1390 1150 1459 quod
1202 1389 1449 1443 omnium
1486 1387 1563 1440 uti
1593 1383 2109 1439 communissimum

522 1491 627 1547 est,
667 1483 740 1537 ita
774 1482 1072 1537 maximum
1104 1481 1270 1545 idem,
1307 1489 1471 1549 atque
1501 1478 1777 1548 princeps,
1810 1474 1864 1529 in
1885 1489 1953 1531 eo
1982 1474 2109 1527 Pla-

524 1584 705 1631 tonem
751 1574 1009 1644 reliquit,
1067 1588 1131 1626 ac
1171 1570 1522 1625 beatitudinis
1580 1567 1717 1623 lines
1773 1566 2110 1636 modumque

523 1678 973 1738 praetergressus,
1001 1665 1133 1719 satis
1167 1664 1233 1717 ad
1264 1678 1384 1717 eam
1418 1677 1511 1730 per
1533 1674 1655 1715 sese
1679 1659 1931 1714 virtutem
1960 1655 2111 1712 futu-

523 1774 642 1813 ram
680 1756 914 1827 negavit.
972 1753 1132 1825 Fugit
1185 1768 1310 1808 eum
1368 1752 1570 1821 quippe
1619 1750 1703 1804 vis
1756 1757 2108 1819 potestasque

522 1849 763 1913 virtutis,
811 1860 1041 1917 eamque
1077 1844 1309 1900 fortunze
1358 1843 1631 1897 bonorum
1667 1856 1830 1911 opera
1864 1840 2105 1908 indigere

524 1942 592 1997 ad
634 1940 948 1996 felicitatem
987 1938 1427 2007 consequendam
1475 1934 1729 2005 putavit:
1764 1949 1871 2004 qua
1898 1948 2009 1988 una
2057 1931 2107 1987 si

523 2034 650 2105 quis
680 2041 947 2098 uteretur,
985 2030 1105 2101 ejus
1137 2042 1420 2098 nunquam
1471 2026 1683 2081 viribus
1711 2024 1777 2079 ad
1813 2024 1960 2079 illius
1985 2038 2109 2093 pos-

524 2129 825 2185 sessionem
854 2124 1137 2196 pervenire
1170 2129 1376 2192 posset.
1402 2120 1472 2175 At
1505 2118 1747 2174 hominis
1772 2117 1959 2188 Opinio
1979 2132 2105 2172 cum

524 2217 630 2273 hoc
658 2217 715 2271 in
746 2229 963 2285 genere,
999 2221 1113 2267 tum
1142 2212 1196 2265 in
1226 2210 1371 2277 aliis,
1406 2224 1571 2281 quam
1605 2209 1800 2279 ignava
1837 2206 1928 2275 sit,
1952 2222 2107 2263 erro-

522 2309 711 2379 risque
738 2308 918 2377 plena,
950 2305 1052 2360 etsi
1102 2302 1266 2371 hujus
1294 2302 1401 2357 loci
1434 2301 1813 2357 demonstrare
1836 2316 1944 2356 non
1979 2306 2104 2367 est;

524 2401 631 2455 hoc
664 2397 884 2469 quidem
920 2405 1066 2452 certe
1085 2395 1435 2467 perspicuum
1465 2394 1747 2461 existimo,
1770 2409 1893 2449 eum
1918 2393 1972 2447 in
1998 2394 2106 2447 {me

522 2502 576 2547 et
608 2490 861 2547 felicitate
890 2488 1297 2555 constituenda,
1324 2485 1567 2542 Platonis
1591 2496 1645 2542 et
1664 2486 1977 2541 Aristotelis
1998 2500 2105 2541 non

524 2599 633 2637 Ima
668 2582 743 2638 sit
775 2580 1075 2649 eademque
1105 2579 1279 2647 ratio;
1312 2577 1409 2634 sed
1439 2577 1529 2633 ille
1560 2574 1939 2631 felicissimum
1955 2589 2103 2640 eum,

524 2675 619 2746 qui
652 2673 996 2745 iustissimus
1026 2669 1214 2736 fuerit,
1247 2668 1547 2739 praedicare
1569 2666 1777 2737 passim
1831 2673 1888 2720 et
1940 2679 2106 2718 usur-

525 2783 655 2840 pare
685 2767 888 2832 soleat;
915 2766 1003 2821 hic
1051 2772 1243 2820 contra
1272 2762 1457 2817 virtuti
1486 2759 1800 2816 felicitatem
1850 2755 2107 2813 comitari

526 2877 634 2915 non
674 2860 840 2925 sinat,
872 2858 977 2914 nisi
1001 2857 1069 2913 ad
1097 2872 1219 2912 eam
1253 2854 1467 2927 generis
1500 2853 1664 2908 etiam
1694 2851 1994 2921 formaeque
2024 2850 2110 2904 di-

527 2952 748 3023 gnitas,
802 2967 867 3006 ac
916 2960 1239 3006 cazterorum
1292 2948 1546 3003 cumulus
1578 2944 1908 3002 accesserit:

1189 303 1274 361 EU
1289 302 1461 358 SEBII
1501 299 1985 357 CAESARIENSIS
2016 299 2169 355 OPP.
2209 299 2398 356 PARS
2421 300 2486 355 11.
2526 329 2595 342 -
2630 298 3131 355 AI’OLOGETICA.

3655 301 3796 361 ιδοι

2740 416 3137 471 ΚΕΦΛΛᾹΙΟΝ
3177 418 3249 469 Δ’.

2223 507 2494 564 Ἀττικοῦ
2534 507 2921 562 Πλατωνικοῦ
2966 508 3116 575 πρὸς
3165 509 3619 577 Ἀριστοτέλην,
3674 510 3792 567 διε-

2281 579 2571 649 νεχθέντα
2612 577 2841 647 Μωῡσῇ
2858 580 2955 631 καὶ
2980 578 3270 648 Πλάτωνι,
3310 580 3380 633 ἐν
3406 578 3486 646 τῷ
3517 581 3648 649 περί
3686 584 3793 639 τοῦ

2281 650 2497 716 τέλους
2532 652 2713 719 λόγῳ.

2285 762 2304 795 ι
2360 744 2473 813 Τῆς
2523 741 2632 815 γὰρ
2676 742 2971 815 συμπάσης
3018 740 3359 812 φιλοσοφίας,
3405 746 3558 815 κοινῇ
3599 745 3796 820 γνώμῃ

2208 834 2320 889 τῶν
2348 834 2834 907 φιλοσοφησάντων
2878 835 2977 907 τὴν
3036 830 3385 909 ἀνθρωπίνην
3448 837 3794 908 εὐδαιμονίαν

2212 927 2472 998 ύπισχνου
2482 926 2669 999 μένης,
2693 927 2856 999 τριχῆ
2879 927 2935 981 δὲ
2954 927 3356 1001 διαιρουμένης,
3393 930 3531 984 κατά
3563 932 3662 1001 τὴν
3685 931 3793 985 τῶν

2211 1020 2347 1074 ὅλων
2372 1021 2661 1091 ποιητικὴν
2680 1020 3021 1091 διανέμησιν,
3048 1021 3302 1075 τοσοῦτον
3325 1022 3568 1077 ἀποδέων
3590 1024 3647 1076 ὲν
3670 1023 3795 1078 τού-

2208 1130 2320 1176 τοις
2355 1111 2450 1165 τοῦ
2492 1111 2765 1166 διδάσκειν
2798 1130 2851 1165 τι
2880 1112 2989 1167 τῶν
3034 1113 3322 1178 Πλάτωνος
3355 1115 3383 1166 ὁ
3426 1115 3794 1187 Περιπατητι-

2210 1202 2305 1265 κὸς
2333 1200 2444 1272 (56)
2477 1200 2792 1273 ὀφθήσεται,
2826 1200 2989 1267 ὥστε,
3015 1202 3276 1257 πλειόνων
3306 1204 3476 1257 ὄντων
3523 1206 3572 1257 οἳ
3611 1206 3791 1275 διαφέ-

2213 1309 2399 1363 ρονται
2444 1292 2730 1357 Πλάτωνι,
2778 1293 3011 1364 μάλιστα
3053 1294 3462 1366 ἐναντιούμενος
3495 1296 3656 1361 αὐτὸς
3690 1313 3792 1365 φα-

2210 1387 2401 1438 νεῖται.
2426 1384 2539 1437 Καὶ
2567 1385 2785 1456 πρῶτόν
2823 1404 2888 1455 γε
2930 1387 3039 1440 ἀπὸ
3058 1386 3152 1441 τοῦ
3187 1387 3367 1442 κοινοῦ
3412 1389 3507 1442 καὶ
3536 1384 3793 1460 μεγίστου

2211 1475 2307 1528 καὶ
2359 1475 2697 1548 κυριωτάτου
2758 1476 2855 1548 τὴν
2928 1477 3066 1549 πρὸς
3120 1478 3384 1532 Πλάτωνα
3440 1478 3792 1551 παραλλαγὴν

2210 1566 2528 1637 ἐποιήσατο,
2565 1567 2641 1639 μὴ
2664 1570 2910 1640 τηρήσας
2939 1569 3000 1622 τὸ
3051 1568 3248 1641 μέτρον
3299 1571 3396 1641 τῆς
3429 1570 3790 1642 εὐδαιμονίας,

2214 1662 2347 1733 μηδὲ
2376 1663 2476 1734 τὴν
2502 1662 2701 1734 ἀρετὴν
2728 1662 2977 1734 αὐτάρκη
3011 1662 3148 1734 πρὸς
3186 1661 3344 1715 τοῦτο
3396 1664 3790 1735 συγχωρήσας’

2211 1754 2324 1807 ἀλλ’
2355 1753 2663 1808 ἀπολισθὼν
2692 1754 2793 1826 τῆς
2818 1754 3100 1825 δυνάμεως
3122 1754 3221 1824 τῆς
3258 1753 3399 1807 κατά
3437 1754 3533 1826 τὴν
3569 1755 3789 1826 ἀρετὴν,

2208 1845 2303 1899 καὶ
2350 1846 2699 1918 ἡγησάμενος
2740 1847 2876 1919 αὐτῇ
2912 1848 3164 1919 προσδεῖν
3194 1846 3302 1899 τῶν
3353 1848 3419 1899 ὲκ
3454 1847 3554 1917 τῆς
3602 1846 3790 1919 τύχης,

2206 1937 2295 1992 ἵνα
2333 1939 2470 2010 μετὰ
2495 1939 2700 1995 τούτων
2737 1941 2835 2015 ἕλῃ
2867 1942 2970 2012 τὴν
2998 1940 3345 2011 εὐδαιμονίαν
3364 1956 3377 1969 ·
3412 1942 3461 1993 εἰ
3488 1941 3532 1993 δ’
3564 1942 3649 2009 ἐφ’
3674 1943 3796 1994 ἑαυ-

2206 2033 2309 2105 τῆς
2335 2032 2589 2105 ληφθείη,
2626 2034 2702 2099 ὡς
2728 2034 2993 2088 ἀδύνατον
3016 2035 3111 2087 καὶ
3125 2034 3224 2087 οὐκ
3257 2033 3476 2103 ἐφικτὸν
3500 2034 3598 2103 τῆς
3621 2034 3797 2089 εὐδαι-

2213 2125 2425 2197 μονίας,
2452 2126 2827 2198 μεμψάμενος.
2850 2126 2923 2180 Τὸ
2951 2127 3048 2198 μὲν
3076 2124 3170 2179 οὖν
3192 2124 3416 2194 ἀγεννὲς
3444 2125 3539 2179 καὶ
3564 2124 3797 2197 διημαρ-

2207 2236 2274 2291 τη
2286 2218 2445 2289 μένον
2468 2220 2568 2291 τῆς
2592 2218 2820 2293 γνώμης
2856 2222 2913 2274 ὲν
2932 2220 3108 2293 τούτῳ
3131 2237 3190 2273 τε
3234 2222 3338 2275 κάν
3372 2218 3701 2283 τοῖς’ἇλλοις
3736 2220 3794 2271 οὐ

2208 2309 2303 2363 τοῦ
2329 2311 2598 2384 παρόντος
2635 2311 2909 2366 δεικνύναι
2948 2310 3140 2385 καιροῦ
3160 2329 3173 2343 ·
3212 2312 3385 2364 ὲκείνο
3406 2309 3465 2363 δὲ
3492 2304 3651 2380 οἴμαι
3676 2309 3797 2380 πρό-

2207 2401 2386 2474 δηλον,
2419 2403 2500 2455 ὃτι
2526 2403 2620 2456 τοῦ
2658 2403 2860 2457 σκοποῦ
2889 2404 2984 2458 καὶ
3015 2402 3357 2474 εὐδαιμονίας
3382 2402 3484 2455 οὐκ
3530 2402 3664 2455 ἰσων
3708 2402 3795 2453 δν-

2207 2511 2337 2557 των,
2372 2494 2493 2548 οὐδὲ
2526 2495 2635 2550 τῶν
2663 2495 2844 2551 αὐτῶν
2878 2496 3019 2550 κατά
3055 2497 3323 2551 Πλάτωνα
3349 2495 3442 2549 καὶ
3465 2493 3610 2548 κατά
3650 2495 3795 2563 Ἀρι-

2215 2584 2490 2655 στοτέλην,
2547 2586 2685 2640 ἀλλὰ
2740 2586 2835 2639 τοῦ
2888 2588 2986 2657 μὲν
3008 2628 3022 2653 ,
3076 2586 3308 2656 βοῶντος
3356 2584 3638 2649 ἑκάστοτε,
3705 2584 3797 2637 καὶ

2214 2672 2595 2746 κηρύττοντος,
2630 2677 2712 2729 ὅτι
2741 2677 3225 2748 εὐδαιμονέστατος
3250 2680 3279 2730 ὁ
3316 2677 3677 2739 δικαιότατος,
3704 2674 3795 2727 τοῦ

2212 2763 2269 2817 δὲ
2297 2766 2371 2837 μὴ
2406 2768 2764 2838 ἐκτρέποντος
2796 2769 3022 2823 ἔπεσθαι
3044 2772 3109 2840 τῇ
3133 2770 3298 2842 ἀρετῇ
3320 2770 3418 2842 τὴν
3434 2768 3794 2839 εὐδαιμονίαν,

2212 2853 2279 2907 ἂν
2317 2856 2392 2928 μὴ
2421 2860 2515 2911 καὶ
2538 2859 2693 2927 γένος
2730 2860 3027 2932 εὐτυχήσῃ,
3053 2861 3150 2914 καλ⁵
3172 2861 3387 2927 κάλλος,
3423 2862 3517 2914 καὶ
3565 2859 3727 2923 ἄλλα,

527 3069 691 3141 795
738 3066 976 3141 (Scilicet
1009 3066 1076 3120 ad
1124 3065 1316 3121 bellum
1365 3080 1473 3118 sese
1510 3064 1667 3133 quasi
1722 3063 1866 3130 uirgo
1913 3058 2109 3128 ferebat

2216 3060 2323 3113 Kal
2371 3060 2481 3131 γὰρ
2542 3064 2779 3131 χρυσὸν
2829 3064 2989 3133 ἔχων
3049 3065 3318 3132 πόλεμόν
3366 3062 3418 3115 δ’
3476 3063 3621 3141 ζειαί
3651 3062 3800 3129 vlim:

600 3144 805 3195 Aureus
822 3140 865 3209 ;)

525 3269 692 3324 quam
747 3254 1000 3309 diversus
1059 3252 1349 3319 utriusque
1404 3248 1529 3302 fluis
1587 3258 1715 3311 est,
1770 3254 1879 3298 tam
1926 3244 2110 3299 diver-

528 3362 648 3400 sum
702 3353 999 3415 utrumque
1052 3341 1402 3405 necessario,
1452 3354 1574 3408 quae
1608 3352 1769 3392 suum
1832 3336 1899 3390 ad
1946 3337 2107 3390 tinem

526 3437 831 3506 perducat,
883 3434 1247 3506 philosophiae
1292 3446 1463 3502 genus
1513 3430 1771 3499 protiteri.
1820 3425 1958 3481 Nam
2015 3426 2110 3497 qui

526 3530 673 3583 viam
711 3542 877 3581 unam
929 3525 1263 3595 quamdam,
1322 3535 1447 3592 qute
1484 3521 1550 3575 ad
1604 3519 1865 3590 pusillum
1899 3516 2107 3586 aliquid

531 3619 846 3687 humileque
897 3615 1113 3678 tendat,
1151 3625 1365 3682 semper
1408 3611 1646 3676 insistit,
1697 3611 1746 3664 is
1794 3608 1860 3662 ad
1894 3606 2109 3675 majora

531 3712 782 3785 profecto
804 3720 858 3765 et
884 3710 1076 3764 altiora
1103 3722 1385 3778 nunquam
1415 3706 1642 3776 aspiret.

611 3822 792 3881 Viden’
823 3836 880 3879 ut
910 3823 995 3879 hic
1025 3825 1133 3878 alto
1170 3823 1317 3877 collis
1352 3830 1601 3892 assurgat
1612 3821 1743 3891 jugo
1769 3822 1795 3874 ?

615 3894 948 3962 Salebrosus,
981 3910 1154 3964 asper,
1175 3894 1323 3963 cujus
1345 3895 1399 3947 in
1434 3908 1639 3945 summa
1667 3892 1850 3947 sedens

601 3969 813 4022 Pennas
841 3966 1069 4020 volucris
1098 3966 1311 4019 allevat.

528 4081 612 4136 Ad
641 4079 919 4136 excelsum
953 4079 1106 4134 illum
1143 4085 1386 4134 montem
1422 4076 1654 4133 evadere
1694 4075 1840 4131 acris
1890 4075 2005 4131 hate
2058 4086 2112 4130 et

530 4173 837 4244 versipellis
872 4171 1045 4228 bestia
1084 4172 1235 4227 nullo
1268 4171 1429 4226 modo
1448 4179 1626 4240 potest
1656 4186 1673 4224 :
1703 4178 1762 4223 ut
1787 4167 1933 4225 enim
1966 4183 2113 4224 eum-

530 4269 654 4322 dem
684 4267 744 4321 in
776 4268 957 4322 locum
1006 4266 1203 4337 aquila!
1253 4246 1384 4336 pulli
1416 4264 1719 4335 vulpesque
1746 4263 2109 4330 conveniant;

3476 3133 3497 3205 [
3516 3134 3703 3201 κούρη

2212 3244 2426 3316 ἀνάγκη
2453 3246 2595 3299 κατὰ
2617 3246 2714 3317 τὴν
2742 3247 3005 3320 διαφορὰν
3039 3245 3133 3299 τοῦ
3162 3245 3371 3309 τέλους,
3418 3244 3512 3298 καὶ
3558 3244 3659 3315 τὴν
3708 3244 3799 3296 ἐπὶ

2211 3335 2368 3388 τοῦτο
2395 3338 2633 3404 ἄγουσαν
2664 3338 2983 3406 φιλοσοφίαν
3010 3335 3267 3407 διάφορον
3313 3332 3476 3389 εἶναι.
3532 3335 3650 3404 Μιᾷ
3688 3332 3799 3405 γὰρ

2211 3426 2317 3498 ὁδῷ
2355 3427 2655 3498 βαδίζοντα,
2682 3429 2805 3499 ἥτις
2832 3430 2983 3497 ἄγειν
3017 3428 3261 3498 πέφυκεν
3299 3428 3392 3481 ἐπὶ
3433 3430 3501 3499 τῇ
3538 3426 3653 3498 (57)
3688 3427 3797 3479 τῶν

2214 3520 2428 3591 μικρῶν
2456 3522 2551 3574 καὶ
2577 3520 2869 3586 ταπεινῶν,
2898 3520 2999 3575 οὐκ
3027 3519 3173 3575 ἐστιν
3201 3520 3374 3574 ἐλθεῖν
3396 3522 3489 3574 ἐπὶ
3530 3520 3599 3575 τὰ
3626 3519 3797 3591 μείζω

2212 3613 2306 3666 καί
2332 3616 2389 3666 ἐν
2411 3612 2533 3683 ὕψει
2566 3615 2812 3686 κείμενα.

2295 3833 2474 3907 ὉρᾷςΔ
2495 3834 2571 3888 ἵν’
2603 3834 2740 3907 ἔστί
2759 3835 2991 3907 ἐκεῖνος
3028 3835 3275 3904 ὑψηλὸς
3300 3835 3511 3907 animo,

2290 3900 2517 3973 Τραχύς
2555 3922 2619 3958 τε
2649 3905 2747 3975 καὶ
2782 3900 3174 3975 παλίγκοτος,
3194 3900 3265 3959 ἐκ
3294 3900 3343 3974 ᾧ
3379 3900 3652 3975 κάθηται-

2298 3975 2352 4026 Ὀ
2370 3974 2771 4045 ἐνελαφρίζὶυν
2799 3974 3017 4030 ἑαυτὸν
3042 3976 3245 4045 omne;

2214 4088 2338 4142 Ἐπὶ
2376 4087 2564 4142 τοῦτον
2592 4089 2679 4143 τὸν
2713 4089 2915 4160 ὑψηλὸν
2951 4090 3125 4158 πάγον
3146 4089 3208 4142 τὸ
3235 4088 3397 4163 δριμὺ
3437 4089 3529 4143 καὶ
3560 4088 3797 4161 πανοῦρ-

2213 4198 2309 4251 γον
2338 4182 2512 4236 ὲκεῖνο
2542 4180 2728 4255 θηρίον
2760 4183 3004 4237 ἀνελθεῖν
3034 4184 3322 4238 ἀδύνατονο
3361 4184 3447 4238 ἵνα
3474 4184 3531 4237 δὲ
3558 4186 3638 4249 είς
3668 4186 3797 4238 ταύο

2213 4273 2304 4327 τὸν
2356 4273 2487 4345 ἔλθῃ
2544 4275 2658 4337 τοῖς
2692 4274 2850 4328 ἀετοῦ
2898 4275 3235 4346 γεννήμασιν
3282 4274 3549 4345 ἀλώπηξ,
3595 4276 3796 4348 ἢτύχῃ

532 4370 625 4416 aut
652 4361 730 4416 illi
761 4360 992 4431 disiecto
1022 4374 1086 4414 ac
1116 4356 1379 4429 dissipato
1408 4358 1555 4425 nido,
1587 4358 1639 4411 in
1664 4364 1863 4412 terram
1892 4356 2109 4413 funesta

2212 4368 2320 4421 τινὶ
2349 4366 2459 4439 (58)
2491 4366 2574 4420 δεῖ
2597 4367 2978 4439 χρησαμένους
3016 4368 3260 4431 ἐκείνους
3303 4368 3518 4439 πονηρᾷ
3558 4385 3797 4421 καταπε-

532 4452 769 4523 quadam
817 4461 966 4509 sorte
1017 4451 1271 4508 decidant
1301 4493 1316 4519 ,
1363 4465 1586 4507 necesse
1631 4460 1752 4516 est;
1796 4459 1891 4505 aut
1924 4451 2109 4521 vulpes

2217 4462 2328 4512 σεῖν
2360 4460 2438 4523 είς
2467 4458 2591 4530 γῆν,
2625 4458 2736 4513 τῶν
2769 4460 2985 4513 οἰκείων
3006 4459 3190 4522 αὐτοῖς
3213 4459 3531 4532 φθαρέντων
3554 4477 3569 4490 ⁸
3610 4458 3642 4533 ἢ
3701 4460 3797 4531 τὴν

530 4551 671 4617 ipsa,
697 4552 835 4617 quas
862 4541 1191 4616 profundere
1223 4553 1414 4614 suapte
1440 4554 1634 4599 natura
1658 4556 1767 4597 non
1797 4542 1953 4611 solet,
1971 4530 2111 4613 pra:-

530 4639 744 4710 petibus
772 4630 895 4693 sese
934 4637 1035 4691 alis
1062 4635 1274 4702 induat,
1306 4636 1507 4705 quibus
1533 4649 1596 4690 ea
1626 4635 1844 4690 demum
1901 4635 2115 4691 sublata

531 4745 810 4786 summum
857 4730 925 4784 ad
959 4729 1153 4800 jugum
1189 4729 1407 4784 evolare
1452 4728 1645 4799 possit.
1673 4728 1928 4794 Quandiu
1968 4737 2114 4784 certe

533 4837 827 4895 utrumque
871 4839 1044 4895 genus
1082 4838 1183 4878 suo
1226 4822 1282 4876 in
1344 4822 1464 4877 loco
1516 4823 1797 4893 graduque
1829 4822 2111 4889 consistet,

533 4918 743 4972 nullum
789 4916 1142 4971 terrestribus
1198 4914 1570 4969 animantibus
1628 4930 1751 4969 cum
1802 4912 2115 4969 caelestibus

532 5009 641 5065 illis
672 5008 1066 5063 commercium
1084 5020 1207 5062 esse
1230 5005 1449 5076 poterit.
1490 5024 1508 5057 ι
1536 5003 1660 5059 llaec
1686 5006 1795 5059 ille.
1824 5003 1961 5058 Tum
1992 5004 2114 5059 aliis

532 5096 864 5168 quibusdam
897 5096 1311 5168 iuterjectis.ita
1343 5097 1696 5167 prosequitur
1726 5114 1740 5150 :
1775 5114 1795 5149 ι
1824 5096 1957 5163 Quae
1986 5113 2110 5151 eum

531 5191 607 5245 ita
638 5191 766 5257 sint,
801 5205 1037 5261 eumque
1056 5187 1212 5246 Plato
1232 5191 1492 5262 juvenum
1527 5190 1742 5247 animos
1769 5190 2015 5246 divinum
2045 5191 2113 5246 ad

534 5280 747 5338 Numen
784 5285 1002 5339 trahere
1026 5291 1275 5350 conetur,
1318 5284 1501 5352 itaque
1547 5283 1711 5337 simul
1760 5282 1826 5337 ad
1856 5282 2111 5338 virtutem

534 5382 588 5427 et
619 5371 961 5428 honestatem
1001 5374 1299 5445 adiungere
1323 5413 1338 5438 ,
1377 5383 1436 5427 ut
1488 5382 1811 5429 caeterorum
1848 5374 1959 5430 illis
1994 5392 2115 5435 oni-

606 5509 715 5580 t56)
752 5512 821 5588 _'0
850 5515 1355 5588 ﬂspmarnrmdc.
1413 5519 1485 5570 Ita
1530 5533 1657 5584 ms.,
1704 5519 1866 5588 longe
1915 5522 2111 5578 melius

537 5593 708 5655 quam
736 5581 812 5655 di;
847 5581 1110 5655 Περιπατ.

606 5649 717 5718 (57)
752 5649 1041 5708 Fortes-nl
1071 5674 1143 5711 τι.

608 5720 716 5791 {58)
748 5722 813 5776 Ἢ
847 5726 996 5795 τύχῃ
1036 5728 1169 5780 τινί.
1224 5726 1346 5783 [hec
1390 5727 1547 5784 lectio
1583 5730 1805 5785 debetur
1842 5732 1931 5786 nni
1978 5749 2104 5799 ms.;

2213 4550 2464 4621 φύσασαν
2493 4552 2683 4624 αὐτὴν,
2708 4552 2743 4605 ἃ
2778 4552 2852 4624 μὴ
2881 4552 3093 4622 πέφυκε
3115 4551 3292 4622 φύειν,
3314 4551 3559 4622 λαιψηρά
3590 4552 3798 4607 κυκλῶ-

2214 4660 2302 4696 σαι
2364 4644 2539 4716 πτερά
2573 4642 2749 4717 ταύτῃ
2778 4643 2913 4715 (59),
2974 4645 3067 4696 καὶ
3095 4643 3269 4706 οὓτως
3297 4642 3557 4714 ἀρθεῖσαν
3604 4646 3669 4697 ἐκ
3700 4644 3798 4715 γῆς

2213 4735 2540 4789 ἀνίπτασθαι
2570 4736 2709 4805 πρὸς
2731 4736 2821 4789 τὸν
2851 4735 3055 4807 ὑψηλὸν
3084 4736 3279 4803 πάγον.
3306 4736 3451 4799 Ἕως
3471 4735 3515 4788 δ’
3538 4737 3797 4809 ἑκάτερον

2214 4827 2307 4879 ἐπὶ
2326 4827 2427 4898 τῆς
2454 4827 2661 4891 οἰκείας
2697 4826 2834 4900 μένῃ
2864 4827 3089 4893 τάξεως,
3130 4828 3231 4881 οὐκ
3277 4826 3356 4880 ἔνι
3388 4828 3647 4881 κοινωνία
3692 4832 3799 4892 τοῖς

2214 4920 2316 4991 γῆς
2345 4919 2481 4992 πρὸς
2512 4920 2579 4974 τά
2605 4919 2835 4993 οὐρανοῦ
2887 4920 3201 4992 θρέμματα.
3253 4941 3271 4973 ›
3319 4922 3433 4975 Καὶ
3474 4921 3595 4994 μεθ’
3639 4924 3799 4995 ἕτερα

2213 5012 2459 5081 ἐπιλέγει
2483 5027 2496 5040 ·
2528 5031 2545 5065 ι
2588 5013 2806 5067 Τούτων
2831 5014 3013 5065 τοίνυν
3035 5012 3209 5077 οὕτως
3241 5014 3475 5084 ἐχόντων
3500 5054 3515 5077 ,
3553 5016 3650 5069 καὶ
3684 5032 3799 5068 πει-

2218 5106 2461 5178 ρωμένου
2491 5106 2584 5161 τοῦ
2619 5106 2903 5170 Πλάτωνος
2927 5106 3105 5161 ἕλκειν
3138 5106 3235 5171 τὰς
3283 5106 3390 5160 τῶν
3433 5107 3571 5161 νέων
3622 5107 3797 5179 ψυχὰς

2213 5198 2327 5254 ἄνω
2356 5217 2459 5253 που
2489 5200 2626 5271 πρὸς
2658 5201 2719 5254 τὸ
2739 5201 2912 5265 Θεῖον,
2944 5201 3039 5254 καὶ
3066 5198 3253 5255 τοῦτον
3282 5200 3374 5255 τὸν
3399 5200 3605 5273 τρόπον
3632 5219 3800 5274 προσ-

2213 5291 2542 5355 οικειοῦντος
2574 5290 2672 5363 μὲν
2704 5294 2769 5363 τῇ
2795 5294 2961 5364 ἀρετῇ
2983 5291 3076 5345 καὶ
3100 5291 3180 5362 τῷ
3209 5291 3378 5363 καλῷ,
3405 5291 3514 5346 τῶν
3540 5292 3598 5346 δὲ
3626 5291 3796 5347 ἄλλων

2214 5383 2471 5437 ἁπάντων
2520 5384 2897 5449 ἀναπείθοντος
2954 5381 3351 5457 ὑπερφρονεῖν·
3383 5386 3593 5459 φράσον
3644 5389 3793 5458 ἡμῖν,

2220 5541 2344 5580 nam
2393 5525 2447 5579 in
2476 5524 2648 5592 priori
2693 5522 2931 5593 editione
2960 5522 3373 5593 corruptissime
3412 5518 3711 5593 legebatur,
3748 5524 3797 5577 εί

2223 5596 2302 5667 μὴ
2328 5594 2407 5648 τῶ
2502 5593 2638 5665 τύχῃ
2661 5594 2768 5647 τινὶ
2802 5592 2906 5665 ίδίᾳ
2938 5592 3331 5665 χρησαμένους.

2291 5649 2402 5719 (ὕθλ
2434 5595 2595 5719 porte
2628 5665 2787 5719 αὐτῆ.
3032 5634 3042 5665 ⁸

2291 5649 2402 5739 (se)
2434 5649 2603 5721 Foné‘
2614 5649 2787 5736 ἀὐτῂ
