4034 6390
255 301 406 362 θεοε

1469 303 1799 358 ΡΒΑΞΡᾹΒ.
1847 296 2101 361 ΕνΑΝο.
2141 305 2270 363 LIB.
2308 305 2431 360 XV.

3418 303 3556 358 1300

255 418 299 478 ῶ
330 424 772 496 Περιπατητικὲ,
803 423 922 488 πῶς
945 423 1244 489 ὲκδιδάξεις
1267 421 1440 477 ταῦτα
1469 439 1485 489 ;
1507 422 1631 487 Πῶς
1656 422 1855 495 ὁδηγή-

1976 425 2114 481 οἰιιη)
2150 411 2565 498 despicientiam
2595 431 2650 480 et
2679 423 3143 494 contemptionem
3181 423 3396 494 injiciat
3425 442 3438 479 :
3468 425 3558 481 dic

258 533 378 581 σεις
411 517 504 570 ἐπ’
525 516 664 571 αύτά
697 519 823 582 τοὺς
853 517 1298 587 φιλοπλάτωνας;
1327 515 1438 570 Ποῦ
1477 532 1560 569 σοι
1587 516 1688 587 τῆς
1713 517 1866 589 αἰρέ-

259 623 408 671 σεως
450 606 708 662 τοσοῦτον
744 606 878 676 ὕψος
917 607 1112 677 λόγων,
1143 607 1282 661 ὥστε
1326 604 1387 661 τὸ
1433 605 1542 660 τῶν
1584 607 1867 662 Ἀλωάδων

258 697 529 767 φρόνημα
554 697 883 769 κτήσασθαι,
909 699 1002 750 καὶ
1035 696 1134 768 τὴν
1155 699 1241 760 είς
1266 695 1493 768 οὐρανὸν
1516 693 1634 748 ὁδὸν
1659 692 1867 764 ζητεῖν;

259 790 329 860 ἣν
361 789 570 842 ὲκεῖνοι
619 788 717 860 μὲν
743 787 913 860 ᾤοντο
938 787 1083 859 ὀρῶν
1104 787 1358 841 ἀναθέσει
1409 785 1669 840 δύνασθαι
1718 784 1867 853 γίνε-

261 881 396 934 σθαι
421 899 437 911 ·
477 882 539 934 τὸ
566 881 610 934 δ’
643 880 730 952 ἄρ’
765 877 834 952 ἦν
862 881 1149 952 ἀφαιρέσει
1176 879 1285 933 τῶν
1309 879 1668 951 ἀνθρωπίνων
1699 894 1868 930 σπου-

259 977 567 1048 δασμάτων
585 978 889 1048 γινόμενον,
912 977 987 1040 ὥς
1008 995 1141 1049 φησι
1163 976 1408 1031 Πλάτων.
1435 977 1532 1040 Τίς
1553 971 1646 1030 οῦν
1670 974 1870 1047 ἡπαρά

262 1071 349 1123 σοὶ
382 1070 526 1142 πρὸς
555 1070 727 1124 ταῦτα
750 1072 863 1134 τοῖς
885 1069 1025 1134 νέοις
1049 1069 1304 1141 βοήθεια;
1333 1070 1428 1123 καὶ
1453 1068 1614 1122 πόθεν
1635 1086 1720 1132 τις
1755 1067 1868 1140 (60)

261 1162 290 1215 ὁ
309 1162 418 1233 τῆς
441 1164 645 1234 ἀρετῆς
681 1162 1087 1234 συναγωνιστὴς
1110 1163 1263 1233 λόγος
1289 1179 1304 1228 ;
1338 1165 1400 1216 ὲκ
1423 1163 1480 1217 δὲ
1503 1163 1670 1216 ποίων
1692 1177 1872 1234 γραμ-

264 1256 466 1326 μάτων
530 1256 974 1328 ’Δριστοτέλους;
1029 1256 1175 1320 τίνος
1232 1255 1341 1310 τῶν
1390 1257 1486 1312 ἀπ’
1541 1256 1742 1321 αύτοῦ;
1805 1257 1871 1308 ἐκ

263 1348 446 1401 ποίων
467 1347 696 1420 γραφῶν
718 1365 732 1414 ;
755 1349 958 1420 Δίδωμι
985 1349 1091 1421 γάρ
1122 1366 1222 1412 σοι,
1244 1349 1348 1403 κᾶν
1371 1347 1661 1420 ψεύδεσθαι
1686 1347 1868 1419 θέλῃς,

264 1441 438 1512 μόνον
461 1459 513 1495 τι
548 1441 816 1495 νεανικόν.
858 1440 1020 1494 Ἀλλά
1043 1441 1153 1514 γὰρ
1186 1441 1298 1494 οὒτ’
1337 1441 1484 1513 ἔχεις
1516 1443 1690 1496 εἰπεῖν
1711 1481 1725 1504 ,
1757 1440 1868 1494 οὒτ’

263 1532 333 1586 ἂν
372 1533 669 1605 ἐπιτρέψαι
699 1550 780 1586 σοι
801 1532 909 1586 τῶν
938 1532 1224 1604 ἡγεμόνων
1257 1532 1355 1604 τῆς
1379 1533 1646 1605 αἱρέσεως
1671 1531 1866 1595 οὐδείς.

262 1624 332 1676 Δί
360 1621 501 1692 γοῦν
545 1623 949 1694 Ἀριστοτέλους
975 1625 1104 1695 περὶ
1127 1623 1300 1678 ταῦτα
1326 1627 1723 1696 πραγματεῖαι,
1757 1625 1872 1677 Εὐ-

263 1714 508 1784 δήμειοί
535 1733 594 1768 τε
625 1717 720 1770 καὶ
747 1715 1143 1786 Νικομάχειοι,
1173 1716 1269 1770 καλ⁴
1296 1715 1588 1785 Μεγάλων
1625 1714 1872 1771 Ἠθικῶν

1969 520 2127 575 nobis
2159 520 2420 584 obsecro,
2457 518 2598 573 bone
2647 516 3040 587 Peripatetice,
3091 516 3552 587 quemadmodum

1969 613 2086 668 haec
2122 614 2242 683 ipsa
2283 614 2589 668 traditurus
2653 611 2774 675 sis,
2829 625 2994 680 quam
3048 610 3117 664 ad
3171 609 3262 664 illa
3310 607 3557 663 Platonis

1969 703 2310 758 amatoribus
2339 703 2482 758 viam
2514 700 2854 770 przeiturus?
2889 699 3129 769 Ecquam
3155 699 3421 754 doctrina:
3449 698 3556 752 vim

1969 797 2461 866 excellentiamque
2508 804 2713 849 tantam
2762 804 2914 848 secta
2956 793 3054 847 tibi
3109 801 3201 848 tua
3257 791 3555 862 repositam

1971 889 2152 955 habet,
2182 899 2243 943 ut
2265 886 2536 942 Aloadum
2571 886 2791 939 illorum
2823 900 2984 939 sensu
3019 884 3330 954 ﬁduciaque
3362 885 3558 954 plenus

1970 982 2114 1034 viam
2145 981 2212 1035 ad
2251 980 2454 1036 caelum
2503 976 2681 1030 moliri
2723 976 2976 1030 audeas?
3015 974 3167 1032 Hanc
3209 976 3286 1031 illi
3321 985 3557 1039 montes,

1971 1071 2251 1127 montibus
2282 1068 2636 1140 imponendo,
2663 1076 2972 1138 promptam
3005 1067 3107 1123 sibi
3136 1066 3251 1123 fore
3299 1075 3354 1123 et
3393 1081 3558 1136 expe-

1970 1163 2140 1219 ditam
2174 1165 2440 1234 putabant
2478 1182 2490 1217 :
2527 1172 2581 1217 at
2630 1163 2684 1216 id
2725 1161 3006 1216 enimvero
3036 1202 3049 1226 ,
3093 1163 3556 1232 quemadmodum

1971 1255 2124 1311 Plato
2154 1256 2362 1321 docuit,
2385 1255 2618 1311 sublatis
2643 1255 2862 1309 demum
2891 1254 3145 1309 humanis
3171 1253 3558 1324 cupiditatibus

1971 1347 2268 1402 obtinetur.
2300 1347 2379 1402 Ad
2435 1349 2551 1403 hmc
2599 1349 2766 1419 igitur
2825 1347 3211 1418 consequenda
3239 1389 3253 1415 ,
3299 1363 3462 1420 quam
3499 1357 3557 1402 tu

1967 1438 2283 1510 junioribus
2309 1456 2466 1510 opem
2498 1441 2744 1495 ostendis
2779 1441 2801 1493 ?
2833 1441 2974 1494 unde
2997 1441 3079 1494 vel
3116 1455 3286 1494 unum
3339 1440 3560 1509 aliquod

1971 1531 2237 1586 orationis
2275 1548 2469 1602 genus,
2521 1533 2668 1602 quod
2720 1532 2908 1587 virtuti
2945 1532 3328 1603 suffragetur?
3361 1532 3560 1600 quibus

1971 1638 2038 1676 ex
2068 1622 2383 1678 Aristotelis
2413 1625 2720 1694 operibus?
2770 1634 2864 1679 aut
2917 1624 3241 1694 cujusquam
3301 1625 3559 1688 alterius,

1973 1713 2066 1784 qui
2099 1714 2218 1784 ejus
2240 1730 2271 1770 e
2295 1714 2482 1769 schola
2515 1716 2797 1785 profectus
2833 1716 3084 1786 sit?age,
3117 1715 3319 1785 quibus
3344 1715 3559 1768 tandem

264 1809 709 1880 ἔπιγραφόμεναι
737 1851 752 1876 ,
786 1783 1082 1880 μικρόν-τι,
1109 1811 1203 1863 καὶ
1232 1783 1518 1873 ταπεινὸν,
1562 1808 1656 1861 καὶ¹
1681 1807 1869 1879 δημῶο

1976 1820 2042 1860 ex
2065 1806 2329 1872 scriptis?
2354 1805 2499 1872 Quin
2540 1815 2598 1862 tu
2634 1808 2888 1874 mentire,
2921 1809 2967 1863 si
3001 1807 3106 1874 vis,
3135 1823 3232 1877 Per
3262 1822 3349 1862 me
3391 1806 3518 1862 licet
3548 1824 3560 1859 :

263 1897 352 1961 δες
392 1902 521 1972 περὶ
548 1901 650 1971 τῆς
679 1901 880 1972 ἀρετῆς
906 1899 1184 1970 φρονοῦσι,
1223 1903 1317 1954 καὶ
1339 1899 1618 1961 τοσοῦτον,
1648 1901 1773 1952 ὅσον
1801 1899 1867 1954 ἀν

264 2005 350 2053 τις
384 1989 486 2044 καῖ
516 1990 729 2062 ἰδιώτης
757 1993 855 2045 καὶ
890 1991 1235 2055 ἀπαίδευτος,
1268 1991 1362 2043 καὶ
1407 1991 1694 2061 μειράκιον
1715 2029 1731 2054 ,
1774 1990 1870 2044 καὶ

265 2084 436 2154 γυνή.
469 2084 543 2136 Τὸ
579 2084 678 2155 μὲν
707 2083 817 2156 γὰρ
848 2083 1106 2155 διάδημα,
1137 2083 1213 2147 ὡς
1245 2084 1420 2136 εἰπεῖν
1443 2122 1458 2146 ,
1496 2082 1589 2136 καὶ
1626 2081 1686 2134 τὸ
1733 2081 1870 2151 σκῆ-

267 2192 448 2246 πτρον
473 2176 534 2228 τὸ
569 2175 848 2246 βασιλικὸν
869 2217 884 2240 ,
913 2177 942 2230 ὃ
969 2175 1123 2248 παρὰ
1166 2175 1261 2230 τοῦ
1289 2176 1412 2241 Διὸς
1461 2175 1576 2247 ἔχει
1627 2173 1866 2228 λαϐοῦσα

267 2265 638 2339 ἀναφαίρετον
667 2269 700 2338 ὴ
732 2266 923 2338 ἀρετὴ,
977 2267 1120 2331 ἐπεὶ,

1976 1906 2186 1952 tantum
2217 1899 2464 1968 generosi
2500 1915 2568 1953 ex
2607 1910 2659 1956 te
2711 1900 2915 1971 aliquid
2975 1901 3286 1955 audiamus.
3341 1899 3412 1952 At
3463 1913 3561 1953 nec

1977 1990 2206 2044 omnino
2235 1991 2534 2061 quidquam
2567 1992 2737 2048 habes
2795 1994 2911 2063 ipse
2953 1993 3100 2062 quod
3141 1992 3293 2047 dicas
3329 2009 3343 2046 :
3375 2005 3475 2045 nec
3505 1999 3560 2044 ut

1976 2080 2203 2146 habeas,
2234 2080 2526 2151 quisquam
2571 2091 2751 2138 tamen
2778 2098 2846 2137 ex
2879 2082 3044 2152 hujus
3094 2091 3258 2138 sectae
3306 2080 3561 2151 principi-

1971 2171 2075 2226 bus
2108 2172 2158 2226 id
2185 2181 2234 2227 te
2271 2172 2422 2242 loqui
2451 2173 2708 2243 patiatur.
2765 2173 2910 2230 Sane
2941 2174 3253 2230 Aristotelis
3279 2175 3384 2229 hac
3412 2173 3480 2228 de
3505 2187 3561 2227 re

1972 2262 2121 2328 libri,
2169 2277 2265 2317 seu
2298 2264 2392 2333 qui
2431 2264 2498 2316 ad
2539 2265 2841 2318 Eudemum
2865 2307 2879 2331 ,
2912 2280 3009 2320 seu
3043 2265 3137 2335 qui
3183 2266 3252 2318 ad
3309 2262 3560 2316 Nicoma-

268 2356 456 2424 chum,
487 2373 580 2412 seu
609 2356 1054 2428 quillaguorum
1091 2354 1392 2410 Moralium
1443 2354 1663 2410 nomine
1701 2352 2080 2410 inscribuntur
2146 2351 2221 2405 nil
2271 2352 2380 2407 nisi
2438 2354 2697 2423 pusillum
2737 2354 3019 2424 quiddam,
3061 2354 3375 2422 humileque
3413 2366 3562 2422 pror.

267 2463 369 2503 aus
402 2463 468 2501 ac
499 2448 717 2519 vulgare
751 2449 990 2519 sapiunt,
1016 2458 1180 2519 atque
1225 2446 1518 2518 ejusmodi,
1555 2445 1702 2516 quod
1747 2444 1996 2499 homines
2065 2441 2266 2506 idiotas,
2335 2457 2401 2497 ac
2466 2444 2671 2510 rudes,
2725 2444 2873 2514 quod
2917 2443 3306 2500 adolescentuli
3350 2456 3413 2497 ac
3452 2456 3564 2495 mu.

269 2537 518 2594 lierculm
577 2540 741 2611 796
791 2540 1032 2610 cupitare
1083 2539 1318 2609 possint.
1367 2537 1662 2592 Enimvero
1703 2535 1851 2606 quod
1891 2531 2077 2589 virtuti
2112 2531 2384 2600 diadema,
2424 2543 2484 2587 ut
2545 2533 2621 2588 ita
2689 2533 2905 2604 loquar,
2929 2537 3257 2604 regiumquc
3287 2540 3563 2604 sceptrum

271 2631 378 2685 abs
407 2629 540 2686 Jove
565 2632 826 2685 donatum
862 2639 970 2695 est,
1003 2646 1102 2686 nec
1131 2630 1335 2686 auferri
1364 2646 1396 2685 a
1427 2644 1706 2700 quoquam
1731 2635 1912 2696 potest
1949 2625 2170 2697 (quippe

534 2787 548 2800 .
602 2786 616 2800 .
645 2749 726 2801 Οὐ
751 2745 1210 2816 παλινάγρετον,
1240 2746 1364 2800 ὅττι
1391 2763 1500 2800 κεν
1526 2743 1706 2812 οὗτος

423 2787 438 2802 .
484 2787 497 2799 .
534 2787 548 2800 .
602 2786 616 2800 .
645 2749 726 2801 Οὐ
751 2745 1210 2814 παλινάγρετον,
1240 2746 1364 2800 ὅττι
1391 2763 1500 2800 κεν
1526 2743 1706 2812 οὗτος

2137 2811 2143 2814 Δ
2308 2781 2344 2795 ..
2357 2741 2555 2796 .Manel
2590 2743 2949 2810 irrevocabile,
2990 2744 3246 2814 quidquid

427 2817 509 2886 Τῇ
547 2816 784 2887 κεφαλῇ
814 2818 1108 2887 ἐπινεύσῃ
1136 2835 1150 2849 ο

2111 2811 2368 2866 Ammerit
2405 2815 2596 2885 capite)
2626 2829 2646 2866 .'

275 2951 440 3006 τοῦτο
466 2951 637 3022 αὐτὴν
668 2949 1019 3022 ἀφαιρεῖσθαι
1055 2949 1348 3021 τολμῶσιν.
1387 2949 1462 3003 Ού
1505 2947 1615 3020 γάρ
1657 2949 1871 3022 ἐπιτρέ-

1979 2960 2045 3000 eo
2098 2955 2283 3001 tamen
2333 2945 2481 3000 illam
2545 2944 2785 3016 spoliare
2840 2955 3130 3002 conantur.
3179 2946 3390 3020 Negant
3419 2951 3564 3006 enim

277 3063 477 3099 πουσιν
507 3044 677 3114 αὐτὴν
701 3045 872 3096 ποιεῖν
899 3042 1223 3114 εὐδαίμονας
1241 3059 1253 3072 ·
1285 3041 1477 3112 ὁμοίαν
1497 3042 1555 3095 δὲ
1583 3040 1753 3114 αὐτὴν
1777 3059 1871 3096 κα-

1977 3040 2236 3096 virtutem
2273 3057 2368 3110 per
2412 3056 2533 3096 sese
2561 3041 2750 3095 beatos
2797 3041 3044 3097 homines
3075 3039 3308 3110 ellicere,
3336 3058 3566 3114 eamque

276 3136 496 3188 θιστᾶσι
526 3133 758 3200 πλούτῳ,
788 3132 883 3185 καὶ
912 3131 1058 3206 δόξῃ,
1091 3133 1186 3185 καὶ
1213 3133 1382 3201 γένει,
1420 3132 1512 3184 καὶ
1537 3132 1739 3204 ὑγιείᾳ,
1777 3133 1871 3185 καὶ

1977 3129 2205 3196 divitiis,
2242 3132 2448 3200 gloriae,
2481 3131 2779 3194 nobilitati,
2815 3131 3058 3196 sanitati,
3089 3131 3281 3188 formae
3326 3149 3389 3189 ac
3418 3144 3567 3190 caete-

277 3227 489 3284 κάλλει.
524 3225 616 3278 καὶ
646 3226 747 3278 ὅσα
768 3223 902 3277 ἄλλα
931 3223 1086 3277 κοινά
1113 3223 1213 3293 τῆς
1241 3223 1460 3286 κακίας.
1509 3224 1597 3286 Ὡς
1621 3222 1732 3294 γὰρ
1760 3222 1879 3276 τού-

274 3335 388 3370 των
415 3314 594 3368 ὁτιοῦν
630 3315 803 3386 παρὸν
833 3313 1002 3384 χωρὶς
1028 3313 1251 3384 ἀρετῆς,
1284 3313 1384 3365 οὐκ
1409 3311 1683 3383 αὔταρκες
1708 3300 1878 3366 εύδαί-

282 3427 424 3480 μονα
456 3408 547 3462 τὸν
573 3405 910 3477 κεκτημένον
946 3405 1255 3476 ἀποφῆναυ
1291 3405 1386 3458 καὶ
1429 3406 1462 3475 ἠ
1514 3404 1684 3476 ἀρετὴ
1733 3403 1877 3458 κατά

277 3501 455 3557 ταύτά
495 3500 666 3572 χωρὶς
697 3497 902 3551 τούτων
935 3497 1032 3567 οὐχ
1084 3495 1243 3567 ίκανὴ
1291 3496 1514 3566 ποιῆσαι
1566 3495 1658 3548 τὸν
1706 3495 1876 3567 ἔχοντ’

277 3595 450 3667 αὐτὴν
481 3593 795 3655 εὐδαίμονα.
825 3589 950 3654 Πῶς
992 3584 1087 3643 οὖν
1128 3589 1189 3642 ού
1223 3589 1530 3662 καθῄρηται
1579 3589 1676 3642 καὶ
1709 3606 1879 3644 κατα-

281 3683 544 3754 6ἐ6ληται
574 3680 633 3734 τὸ
665 3682 763 3751 τῆς
792 3678 997 3752 ἀρετῆς
1026 3676 1279 3749 ἀξίωμα;
1307 3707 1376 3715 -
1403 3675 1510 3729 Ναί
1537 3693 1548 3706 ³
1584 3676 1720 3731 ἀλλά
1741 3677 1876 3730 πολὺ

281 3775 393 3829 τῶν
417 3773 588 3828 ἄλλων
616 3770 836 3842 ἀγαθῶν
871 3770 1166 3842 ὑπερέχειν
1191 3768 1290 3840 τὴν
1319 3767 1518 3841 ἀρετὴν
1545 3768 1778 3838 λέγουσι.
1813 3798 1879 3806 -

284 3867 352 3921 Τί
371 3866 436 3938 δὴ
464 3863 621 3919 τοῦτο
644 3883 657 3929 ;
700 3864 811 3918 Καὶ
828 3863 934 3934 γὰρ
958 3863 1057 3933 τὴν
1083 3861 1294 3930 ὑγίειαν
1315 3860 1408 3914 τοῦ
1437 3859 1670 3912 πλούτου
1691 3877 1702 3890 ·
1743 3860 1879 3914 ἀλλά

284 3958 347 4012 τό
373 3974 436 4027 γε
465 3957 636 4028 χωρὶς
686 3953 930 4024 ἀλλήλων
980 3951 1054 4023 μὴ
1106 3953 1296 4024 ἀρκεῖν
1343 3950 1480 4022 πρὸς
1531 3949 1880 4021 εὐδαιμονίαν

287 4052 422 4104 πᾶσι
451 4047 650 4102 κοινόν.
701 4045 930 4100 ὀπόταν
957 4040 1048 4097 οὖν
1073 4061 1155 4107 τις
1195 4045 1259 4096 ὲκ
1291 4040 1496 4095 τούτων
1535 4040 1643 4094 τῶν
1673 4039 1878 4111 δογμά-

288 4157 393 4193 των
427 4139 520 4192 καὶ
553 4135 756 4208 ταύτης
801 4135 902 4205 τῆς
953 4133 1219 4206 αἱρέσεως
1247 4131 1476 4196 διδάξειε
1521 4129 1614 4183 τὸν
1648 4133 1706 4184 ὲν
1735 4132 1874 4204 αὐτῇ

288 4234 352 4303 τῇ
381 4230 526 4302 ψυχῇ
556 4229 617 4282 τὺ
644 4230 752 4281 πᾶν
783 4224 1122 4298 ἀνθρώπινον
1145 4223 1350 4292 ἀγαθὸν
1379 4221 1666 4294 ζητοῦντα,
1698 4222 1878 4276 εὐδαί-

1978 3221 2054 3273 ris
2076 3234 2198 3289 qua:
2229 3235 2354 3273 cum
2388 3220 2737 3289 improbitate
2785 3231 2915 3275 sunt
2953 3223 3291 3288 communia,
3333 3226 3566 3279 similem

1978 3326 2103 3366 esse
2140 3312 2348 3366 volunt.
2400 3309 2538 3366 Nam
2597 3320 2658 3366 ut
2700 3312 2929 3368 istorum
2982 3315 3154 3380 nihil,
3192 3325 3568 3386 quamtumws

1978 3404 2143 3471 adsit,
2170 3405 2300 3458 dum
2328 3405 2503 3460 virtus
2540 3405 2712 3470 abest,
2743 3421 3120 3477 possessorem
3158 3425 3319 3463 suum
3354 3409 3566 3465 felicem

1977 3494 2209 3550 reddere
2238 3511 2336 3564 per
2367 3511 2489 3550 sese
2519 3504 2700 3565 potest
2747 3514 2761 3550 :
2815 3496 2887 3551 ita
2916 3513 2983 3552 ne
3014 3513 3175 3552 suum
3202 3500 3423 3570 quidem
3459 3502 3570 3554 vir-

1978 3597 2087 3654 tus,
2123 3589 2168 3642 si
2201 3587 2316 3643 haec
2364 3589 2547 3642 omnia
2610 3588 2880 3655 deerunt,
2935 3589 3192 3646 felicitate
3238 3593 3566 3648 cumulabit.

1975 3679 2093 3736 Hoc
2114 3697 2245 3752 ergo
2291 3681 2423 3752 quid
2454 3679 2604 3735 aliud
2636 3689 2754 3747 est,
2785 3696 2954 3751 quam
2989 3681 3212 3738 virtutis
3244 3683 3567 3753 dignitatem

1978 3771 2213 3841 abjicere
2241 3770 2509 3841 funditus,
2536 3782 2699 3843 atque
2725 3770 3116 3842 pessumdare?
3141 3773 3566 3847 —Esto,inquit.

1980 3862 2049 3917 At
2076 3863 2326 3918 virtutem
2352 3866 2515 3936 longe
2542 3864 2704 3920 bonis
2737 3865 2862 3920 aliis
2909 3865 3168 3921 omnibus
3204 3877 3567 3938 anteponunt.

1980 3953 2120 4021 Quid
2152 3966 2265 4011 tum
2295 3954 2529 4009 ?—Nam
2564 3963 2618 4009 et
2641 3956 2930 4010 sanitatem
2960 3972 3180 4026 quoque
3207 3957 3412 4014 divitiis
3433 3974 3571 4029 prm-

1983 4059 2128 4102 stare
2160 4049 2350 4102 volunt
2388 4057 2683 4102 :caeterum
2710 4088 2724 4113 ,
2761 4047 2907 4117 quod
2943 4048 3063 4102 sine
3092 4057 3282 4103 mutua
3333 4050 3571 4119 quadam

1983 4155 2144 4210 opera
2182 4142 2315 4195 satis
2343 4139 2409 4194 ad
2445 4137 2836 4193 beatitudinem
2888 4153 3012 4194 esse
3059 4156 3168 4194 non
3223 4141 3471 4210 possint,
3516 4142 3570 4196 id

1986 4247 2118 4286 vero
2145 4247 2270 4286 cum
2299 4231 2558 4286 omnibus
2593 4231 2820 4286 omnino
2868 4247 3161 4288 commune
3199 4242 3303 4288 est.
3345 4233 3422 4290 lta
3479 4237 3570 4306 qui

291 4324 428 4396 μονά
457 4338 618 4393 φασιν
649 4320 740 4373 ἐπὶ
765 4319 958 4393 τροχὸν
986 4318 1086 4371 οὐκ
1133 4315 1478 4370 ἀναὸαίνειν·
1531 4315 1653 4369 οὐδὲ
1693 4318 1721 4369 ὁ
1759 4317 1871 4378 ταῖς

1982 4319 2150 4373 semel
2186 4319 2352 4389 hujus
2407 4319 2670 4373 doctrinm
2723 4329 2994 4390 sectarque
3043 4323 3263 4392 regulas
3326 4337 3568 4392 secutus,

289 4416 623 4484 Πριαμικαῖς
646 4411 836 4482 τύχαις
862 4410 973 4478 (61)
1005 4407 1362 4478 συνεχόμενος
1384 4406 1585 4460 δύναιτ’
1605 4405 1670 4459 ἂν
1698 4406 1878 4458 εὐδαι-

291 4503 468 4576 μονῶν
505 4502 597 4556 καὶ
629 4501 895 4572 μακάριος
922 4495 1084 4552 εἶναι.
1119 4499 1221 4551 Τὸν
1257 4497 1314 4550 δὲ
1337 4497 1437 4568 τὴν
1459 4496 1658 4568 ἀρετὴν
1685 4496 1878 4566 ἔχοντα

289 4594 549 4658 τοιούτοις
595 4593 706 4646 τισὶ
740 4593 1060 4662 περιπεσεῖν
1115 4591 1214 4644 οὐκ
1257 4587 1503 4652 ἀπεικός.
1552 4587 1776 4652 Τούτοις
1818 4588 1876 4642 δὲ

291 4686 481 4740 έπεται
515 4685 576 4738 τὸ
613 4684 750 4755 μήτε
775 4681 1092 4736 ἀκολουθεῖν
1128 4683 1192 4734 ἐκ
1231 4680 1432 4744 παντὸς
1480 4678 1578 4750 τὴν
1624 4679 1876 4750 εύδαιμου

296 4779 408 4833 νίαν
438 4780 549 4840 τοῖς
578 4776 672 4848 τὴν
705 4773 906 4846 ἀρετὴν
929 4773 1131 4844 ἔχουσι,
1179 4775 1302 4844 μήτ’
1337 4774 1386 4824 εἰ
1438 4772 1652 4841 γένοιτο
1689 4788 1873 4842 παρα-

293 4870 472 4941 μένειν
508 4869 615 4921 ἀεί.

1986 4410 2275 4478 docuerit,
2308 4411 2562 4483 quisquis
2603 4409 2836 4480 ipsomet
2871 4413 2926 4467 in
2957 4415 3144 4469 animo
3177 4416 3406 4472 humani
3439 4419 3570 4474 boui

1985 4501 2397 4558 universitatem
2426 4513 2635 4574 quaerat
2663 4545 2678 4570 ,
2713 4520 2840 4561 eum
2892 4507 2959 4562 ad
2993 4507 3141 4562 illam
3173 4508 3532 4566 beatitudinis
3553 4552 3568 4577 ,

1985 4602 2044 4647 ut
2069 4595 2248 4659 aiunt,
2283 4605 2460 4650 rotam
2497 4597 2743 4667 aspirare
2781 4614 2888 4654 non
2921 4616 3082 4670 posse
3131 4619 3144 4657 :
3197 4603 3287 4658 hic
3329 4602 3570 4674 profecto

1983 4686 2112 4741 felix
2150 4703 2432 4758 nunquam
2457 4699 2513 4743 et
2535 4690 2726 4746 beatus
2769 4707 2890 4746 esse
2918 4694 3140 4762 poterit,
3175 4711 3339 4765 quem
3367 4694 3571 4750 Priami

1981 4793 2142 4833 casus
2175 4781 2472 4835 exercitum
2515 4782 2826 4839 habuerint.
2863 4787 3026 4858 Atqui
3072 4787 3208 4842 nihil
3235 4797 3400 4855 vetat,
3432 4805 3573 4860 quo-

1982 4871 2167 4925 minus
2212 4873 2288 4927 illi
2330 4875 2492 4930 etiam
2545 4879 2767 4933 virtutis
2809 4895 3158 4949 possessores
3215 4883 3475 4948 similem,
3516 4883 3573 4938 in

292 4963 656 5020 calamitatem
713 4959 972 5015 incidant.
1005 4959 1079 5013 Ex
1137 4975 1249 5031 quo
1291 4960 1451 5030 plane
1521 4960 1787 5029 sequitur,
1861 4978 1962 5018 nec
2008 4964 2075 5020 iis
2129 4967 2219 5036 qui
2271 4967 2471 5024 virtute
2521 4972 2728 5041 prmditi
2775 4972 2885 5027 sint
2942 4975 3204 5030 continuo
3262 4973 3573 5031 felicitatem

292 5055 564 5119 comitari,
603 5070 723 5119 nec,
758 5065 819 5108 ut
869 5053 1165 5108 comitetur
1207 5053 1478 5107 interdum
1506 5095 1519 5118 ,
1555 5063 1870 5123 perpetuam
1913 5055 2054 5114 hanc
2084 5059 2400 5117 societatem
2425 5079 2548 5119 esse
2580 5080 2760 5134 posse.

293 5171 501 5225 Φύλλα
536 5169 606 5224 τὰ
630 5169 749 5239 μέν
788 5169 834 5221 τ’
865 5169 1087 5239 ἄνεμος
1123 5166 1380 5238 χαμάδις
1415 5167 1582 5257 χέειῖ
1812 5167 1878 5222 δέ

635 5238 641 5239 ί
977 5238 980 5239 ’
1567 5238 1652 5309 [θ’
1694 5239 1812 5306 ὕλη

298 5309 655 5378 Τηλεθόωσα
683 5311 821 5379 φύει
843 5326 858 5340 ’

300 5383 403 5448 Ὦς
426 5381 663 5448 ἀνδρῶν
687 5379 886 5449 γενεὴ,
923 5379 959 5445 ἡ
985 5379 1103 5447 μὲν
1133 5381 1291 5448 φύει,
1312 5380 1350 5445 ἡ
1373 5380 1423 5432 δ’
1456 5380 1772 5449 ἀπολήγει.

370 5627 480 5696 (60)
512 5626 619 5680 Καὶ
647 5627 830 5696 πόθεν
868 5643 973 5691 τις.
1007 5625 1166 5679 Forte
1189 5624 1287 5696 καὶ
1313 5622 1634 5696 πόθενχκαῖ
1663 5622 1774 5696 τὶςῇ

372 5692 482 5765 (61)
517 5695 862 5765 Πριαιιικαῖς
907 5698 1135 5765 τύχαις.
1172 5695 1375 5748 Alludit
1403 5695 1468 5765 ad
1508 5693 1636 5765 illud
1670 5692 1878 5765 Aristo;

303 5769 445 5829 telis.
467 5762 614 5825 'lib.'t
647 5762 723 5820 De
750 5762 1012 5827 "toribus,
1033 5784 1151 5826 can.
1186 5766 1242 5821 Η
1271 5785 1282 5821 :
1315 5767 1374 5818 Εἰ
1405 5764 1448 5817 δ’
1479 5762 1878 5822 οὖτως.ἀολιος

1997 5171 2172 5250 fulvi:
2205 5177 2350 5231 humi
2372 5190 2553 5233 ventus
2582 5178 2822 5247 frondes,
2860 5180 3102 5250 aliasque
3137 5181 3361 5234 subinde

1989 5244 2137 5300 Silva
2157 5264 2368 5302 comatis
2395 5244 2603 5317 aperit}

1988 5317 2175 5440 ﬁlllcra
2222 5320 2296 5374 sic
2340 5319 2610 5373 hominum
2661 5323 2922 5389 exoritur,
2970 5323 3129 5377 simul
3192 5323 3383 5376 occidit
3439 5335 3572 5378 mtas

2067 5399 2200 5440 tera.

2067 5399 2200 5443 tera.

1993 5629 2092 5687 μεν
2134 5613 2391 5687 οὐδεποτε
2435 5614 2628 5682 γένοιτ’
2668 5613 2731 5666 ἂν
2755 5613 2800 5687 ,ὁ
2845 5613 3132 5687 εὐδαίμων·
3170 5613 3228 5665 ού
3263 5612 3370 5684 μὴν
3394 5614 3571 5687 μακά).

1993 5683 2100 5754 ριός
2130 5700 2216 5753 γε,
2255 5686 2302 5737 εί
2339 5685 2674 5756 Πριαμικαῖς
2706 5684 2894 5754 τύχαις
2927 5683 3216 5755 περιπέσῃ.
