4090 6382
518 321 664 374 1507

528 530 838 586 similitudo
891 539 974 585 est
994 549 1008 585 :

778 618 1079 675 Succedunt
1114 628 1349 690 tempora
1374 624 1528 677 veris.

525 711 597 765 At
616 712 911 782 plurimum
967 723 1152 767 tamen
1181 713 1353 767 eliluit
1407 715 1701 786 temporis,
1734 732 1859 772 cum
1897 718 2105 772 interea

526 802 774 857 succedit
820 803 976 857 nihil.
1027 801 1085 857 Si
1136 802 1384 874 fragilem
1426 815 1482 862 et
1541 808 1805 863 caducam
1856 809 2107 864 humana:

530 892 654 948 vita)
683 893 1057 950 conditionem
1114 898 1425 953 accuratius
1474 910 1867 969 repraesentare
1899 901 2004 968 vis,
2037 918 2106 957 ex

529 985 878 1043 Aristotelica
932 988 1117 1057 potius
1146 989 1482 1047 beatitudine
1522 993 1938 1049 similitudinem
1980 1010 2105 1048 mu-

532 1085 705 1133 tuare.
748 1078 985 1135 Facilius
1024 1095 1086 1134 ea
1128 1098 1292 1151 quam
1340 1083 1562 1140 frondes
1634 1086 1794 1151 ullae,
1861 1088 2107 1143 nascitur

528 1175 693 1235 atque
744 1167 949 1223 interit.
1000 1167 1121 1224 Non
1172 1172 1301 1225 anni
1331 1173 1742 1228 conversionem
1799 1186 2101 1246 exspectat,

529 1274 639 1313 non
680 1261 871 1316 eodem
914 1270 1123 1317 tantum
1165 1262 1245 1317 vel
1307 1279 1447 1319 anno
1474 1306 1488 1332 ,
1525 1266 1610 1321 vel
1650 1282 1837 1323 mense
1863 1308 1877 1334 ,
1919 1278 1974 1324 at
2011 1285 2104 1325 eo-

527 1350 652 1406 dem
707 1353 834 1420 die,
889 1354 1190 1425 eademque
1249 1357 1426 1423 hora,
1486 1357 1651 1414 simul
1703 1358 1877 1414 oritur
1915 1372 1970 1415 et
2008 1376 2102 1416 oc-

527 1444 689 1501 cidit.
744 1444 1038 1503 Enimvero
1097 1463 1219 1517 quaa
1282 1448 1647 1515 interimant,
1720 1468 1847 1507 cum
1920 1453 2105 1524 pluri-

528 1553 620 1593 ma
682 1546 852 1601 sunt,
909 1548 1024 1594 tum
1083 1555 1149 1595 ex
1202 1555 1333 1595 casu
1386 1544 1620 1611 pendent
1659 1543 1841 1598 omnia
1884 1562 1897 1598 :
1942 1545 2102 1615 797

529 1630 779 1699 corporis
839 1628 1029 1687 fatales
1092 1632 1315 1702 quidam
1366 1634 1591 1701 morbi,
1644 1643 1697 1689 et
1745 1635 1780 1689 ii
1832 1652 1963 1691 sane
2019 1638 2103 1691 in-

528 1722 687 1788 finiti,
737 1733 1067 1793 paupertas,
1110 1723 1370 1792 infamia,
1416 1735 1718 1797 caeteraque
1775 1727 1828 1782 id
1893 1744 2098 1799 genus,

528 1813 730 1883 quibus
753 1815 838 1869 vel
881 1815 1109 1886 singulis
1137 1832 1234 1887 par
1265 1817 1477 1872 nullum
1512 1820 1567 1873 in
1601 1818 1745 1873 bona
1783 1819 1875 1873 illa
1904 1821 2102 1878 virtute

528 1907 841 1977 praesidium
872 1918 989 1974 est;
1020 1923 1142 1978 qua:
1180 1924 1280 1964 nec
1314 1924 1500 1964 arcere
1527 1910 1826 1979 miseriam,
1858 1927 1958 1968 nec
1985 1911 2103 1968 feli-

528 1996 748 2053 citatem
783 2013 1109 2054 conservare
1147 2013 1242 2068 per
1264 2013 1385 2054 sese
1414 1998 1607 2069 possit.
1633 1998 1897 2070 Quisquis
1936 2000 2102 2070 igitur

529 2087 673 2145 hanc
718 2089 997 2145 imbiberit
1036 2090 1455 2160 prpbaveritque
1486 2089 1813 2156 doctrinam,
1848 2090 1941 2162 qui
1978 2102 2100 2147 tan-

529 2184 676 2251 dem,
709 2185 930 2253 amabo,
957 2186 1041 2241 vel
1075 2184 1142 2240 ad
1191 2193 1427 2241 mentem
1469 2184 1713 2242 Platonis
1744 2188 1982 2253 accedet,
2016 2188 2101 2243 vel

529 2273 587 2327 in
620 2273 808 2329 eadem
846 2282 906 2329 ut
936 2274 1027 2329 alii
1078 2283 1391 2330 constanter
1447 2276 1832 2346 acquiescant,
1874 2276 2102 2333 elIieiet?

530 2362 815 2433 Nunquam
866 2364 1130 2435 profecto,
1185 2382 1490 2436 nunquam,
1525 2368 1619 2437 qui
1670 2383 1700 2423 e
1761 2369 1947 2425 schola
1998 2370 2101 2426 ista

529 2457 811 2528 prodierit,
841 2458 959 2514 haec
1000 2460 1161 2529 plane
1208 2458 1473 2515 Herculea
1504 2460 1799 2532 divinaque
1844 2462 2099 2532 dogmata

528 2548 793 2618 suscipiet
826 2568 840 2604 :
884 2551 1169 2606 robustum
1200 2560 1256 2604 et
1291 2550 1552 2606 eximium
1603 2552 1735 2623 quid
1770 2567 1893 2608 esse
1930 2553 2101 2607 virtu-

530 2649 637 2697 tem
678 2661 691 2695 :
728 2642 877 2696 nullo
924 2642 992 2697 ad
1042 2642 1355 2698 felicitatem
1409 2642 1654 2712 indigere
1705 2643 1998 2699 subsidio:
2036 2659 2100 2699 ea

529 2733 755 2802 spoliari
806 2750 968 2805 posse
1016 2751 1295 2807 nunquam
1345 2755 1359 2790 :
1399 2744 1460 2789 ut
1502 2744 1816 2805 paupertas,
1854 2735 2099 2801 morbus,

531 2822 779 2891 infamia,
802 2824 914 2893 pix,
944 2839 1122 2890 crux;
1179 2833 1240 2879 ut
1268 2826 1357 2880 illa
1410 2840 1475 2880 ex
1511 2822 1789 2895 tragoediis
1829 2823 1884 2878 in
1929 2840 2098 2878 unum

535 2912 814 2970 conﬂuant
845 2915 1058 2982 omnia;
1097 2915 1305 2972 felicem
1336 2931 1510 2988 usque
1543 2927 1723 2971 tamen
1768 2931 1834 2972 ac
1882 2916 2100 2970 beatum

533 3005 810 3061 hominem
831 3007 1041 3077 justum
1088 3006 1352 3063 futurum.
1397 3008 1539 3076 Quin
1576 3018 1631 3065 et
1668 3010 1786 3081 ipsa
1832 3008 1988 3080 justi,
2022 3009 2102 3064 sic

1178 317 1448 374 EUSEBII
1482 318 1961 377 CASSARIENSIS
1998 319 2147 376 OPP.
2191 318 2372 374 PARS
2411 319 2473 375 ll.
2513 349 2585 364 -—
2619 318 3119 377 APOLOGETICA.

524 437 701 494 Exilis
736 436 918 494 adhuc
939 437 1170 493 nimium
1215 454 1279 492 ac
1310 438 1497 494 timida
1520 481 1535 506 ,
1562 441 1632 494 mi
1659 450 1840 512 poeta,
1873 451 1963 496 tua
1991 442 2101 497 lucc

2214 443 2333 495 Ἔτι
2381 459 2461 496 σοι
2515 443 2574 496 τὸ
2630 443 2976 516 παράδειγμα
3034 437 3227 512 μικρὸν
3290 440 3378 493 καὶ
3433 439 3699 513 ἄτολμον,
3739 436 3786 496 ὦ

3647 316 3783 373 1303

3746 434 3776 459 1’

2212 534 2415 605 ποιητά
2435 549 2448 563 ·

2424 627 2637 693 Ἕαρος
2657 625 2709 679 δ’
2733 625 3055 695 ἐπιγίνεται
3072 623 3217 693 ὥρη.

2207 716 2380 775 Πολὺς
2411 718 2439 768 ὁ
2474 715 2677 786 μεταξὺ
2700 716 2923 787 χρόνος,
2951 716 3045 767 καὶ
3169 715 3242 786 μὴ
3287 714 3399 785 (6‘2)
3443 716 3673 784 γίνεται.
3718 717 3783 771 Et

2206 806 2378 870 θέλεις
2408 806 2649 877 ἀκριϐῶς
2675 807 2736 859 τὸ
2769 807 3031 879 ἐπίκηρον
3062 807 3156 860 καὶ
3202 806 3399 879 σαθρὸν
3431 809 3529 879 τῆς
3567 809 3780 879 ἀνθρω-

2206 897 2365 967 πίνης
2397 900 2590 967 γενεᾶς
2614 899 2931 963 ἀπεικάσαι,
2968 898 3285 972 παράϐαλλε
3330 900 3428 971 τὴν
3485 900 3783 970 Ἀριστοτέ-

2205 989 2328 1055 λους
2356 992 2716 1063 εὐδαιμονίαν.
2759 994 2914 1064 Ῥᾷον
2946 992 3055 1046 τῶν
3095 992 3308 1062 φύλλων
3347 991 3486 1062 αὐτη
3517 993 3611 1045 καὶ
3649 994 3783 1061 φύε-

2205 1098 2294 1134 ται
2321 1082 2412 1134 καὶ
2458 1081 2761 1145 ἀπολείπει,
2790 1082 2889 1135 οὐκ
2944 1082 3284 1153 ἀναμένουσα
3336 1081 3783 1153 περιτελλόμενον

2203 1172 2295 1224 τὸν
2326 1173 2587 1239 ἐνιαυτὸν,
2613 1173 2719 1226 οὐδ’
2742 1174 3004 1237 αὐτοετεὶ,
3034 1174 3141 1227 οὐδ’
3164 1174 3448 1245 αὐτομηνὶ,
3478 1173 3589 1225 ἀλλ’
3612 1171 3781 1243 αὐτῆς

2202 1260 2436 1332 ἡμέρας,
2497 1264 2664 1334 αὐτῆς
2711 1263 2859 1334 ὥρας
2920 1265 3015 1318 καὶ
3069 1264 3277 1331 γίνεται
3333 1263 3424 1319 καὶ
3466 1262 3780 1315 ἀπόλλυται.

2204 1355 2379 1408 Πολλά
2403 1354 2472 1408 τὰ
2497 1354 2825 1421 ἀπολλύντα,
2853 1356 2947 1409 καὶ
2985 1355 3161 1408 πάντα
3198 1357 3262 1408 ὲκ
3302 1356 3400 1426 τῆς
3439 1354 3642 1427 τύχης·
3689 1357 3782 1408 καὶ

2203 1448 2309 1520 γὰρ
2339 1448 2395 1502 αί
2424 1446 2518 1501 τοῦ
2551 1446 2801 1519 σώματος
2835 1449 3021 1520 κῆρες,
3057 1448 3245 1520 μυρίαι
3264 1448 3321 1501 δὲ
3353 1448 3465 1518 (65)
3486 1444 3666 1512 αὗται,
3688 1448 3782 1501 καὶ

2206 1538 2382 1603 πενία,
2410 1539 2503 1591 καὶ
2534 1538 2747 1609 ἀτιμία,
2772 1538 2984 1591 κα“ιὸσα
3014 1537 3268 1592 τοιαῦτα·
3316 1538 3409 1591 καὶ
3456 1537 3591 1609 πρὸς
3631 1537 3782 1590 οὐδὲν

2204 1630 2467 1702 αὐταρκεῖ
2498 1629 2566 1683 τὰ
2608 1631 2706 1701 τῆς
2739 1628 2899 1701 φίλης
2946 1630 3177 1702 ἀρετῆς,
3214 1630 3350 1701 πρὸς
3394 1628 3646 1701 βοήθειαν
3682 1629 3778 1699 οὐχ

2208 1725 2399 1779 ίκανάο
2431 1722 2529 1795 τὴν
2560 1724 2659 1795 μὲν
2685 1722 2796 1796 γὰρ
2822 1723 3245 1794 κακοδαιμονίαν
3288 1722 3524 1793 εἴργειν,
3574 1722 3674 1793 τὴν
3720 1721 3779 1775 δὲ

2203 1814 2547 1887 εὐδαιμονίαν
2578 1813 2864 1878 διασώζειν
2891 1813 3141 1886 ἀσθενής.
3174 1812 3396 1878 Τούτοις
3431 1808 3525 1866 οὖν
3569 1830 3654 1877 τις
3698 1814 3782 1866 ὲν-

2201 1906 2451 1976 τραφεὶς,
2502 1905 2597 1958 καὶ
2620 1902 2829 1966 τούτοις
2859 1902 3225 1975 ἀρεσκόμενος
3266 1903 3376 1965 τοῖς
3410 1899 3588 1968 λόγοις
3612 1940 3628 1962 ,
3662 1898 3782 1953 τίνα

2202 1998 2458 2069 τρόπονῆ
2492 1996 2654 2060 αὐτὸς
2683 1996 2970 2067 σννᾲσεται
3014 1998 3128 2058 τοῖς
3180 1993 3485 2058 Πλάτωνος,
3530 1987 3783 2064 ῆ⁶ᾶλλους

2202 2090 2340 2162 πρὸς
2367 2090 2507 2144 αὐτὰ
2533 2088 2829 2163 ὲπιρῤώσει
2874 2087 3039 2154 ποτέ;
3077 2086 3151 2141 Οὐ
3197 2086 3306 2159 γάρ
3348 2087 3495 2138 ἐστιν
3526 2086 3677 2148 ὅπως
3717 2086 3782 2139 ἄν

2201 2201 2284 2247 τις
2318 2184 2382 2236 ἐκ
2410 2182 2612 2237 τούτων
2634 2180 2971 2254 ὁρμώμενος,
3001 2178 3359 2252 παραδέξαιτο
3380 2178 3449 2231 τά
3484 2177 3780 2249 Ἡράκλεια

2200 2276 2295 2328 καὶ
2325 2274 2441 2328 θεῖα
2465 2276 2648 2328 ἐκεῖνα
2677 2273 2917 2344 δόγματα
2941 2288 2955 2302 ·
2988 2271 3076 2335 Ὠς
3112 2270 3329 2342 ἰσχυρόν
3360 2287 3411 2322 τι
3443 2269 3539 2322 καὶ
3565 2269 3782 2336 πάγκα-

2201 2367 2290 2420 λον
2321 2369 2511 2437 χρῆμα
2539 2364 2728 2437 ἀρετὴ,
2763 2365 2856 2419 καὶ
2877 2363 2936 2417 οὐ
2974 2381 3104 2417 ποτε
3123 2363 3375 2416 ἐνδέουσα
3423 2359 3561 2431 πρὸς
3603 2360 3781 2412 εὐδαι-

2205 2458 2431 2529 μονίαν,
2485 2456 2605 2510 οὔτε
2639 2457 2770 2510 ποτὲ
2820 2454 2989 2526 αὐτὴν
3047 2454 3456 2526 ἀφαιρουμένηο
3507 2452 3782 2507 ἀλλάηκᾶν

2201 2548 2382 2613 πενία,
2414 2547 2515 2601 κᾶν
2532 2547 2705 2612 νόσος,
2729 2545 2830 2600 κᾶν
2856 2543 3061 2609 ἀδοξία,
3084 2544 3186 2597 κᾶν
3214 2543 3375 2596 πίττα
3400 2543 3494 2595 καί
3528 2541 3780 2612 σταυρὸς,

2200 2640 2305 2694 κᾶν
2338 2639 2404 2693 τὰ
2432 2641 2497 2693 ὲκ
2521 2639 2622 2710 τῆς
2649 2637 2956 2711 τραγῳδίας
2985 2636 3100 2708 ἃμα
3128 2636 3303 2689 πάντα
3331 2636 3587 2707 ἐπιρρυῇ,
3623 2634 3705 2686 ἔτι
3754 2634 3783 2687 ὁ

2200 2733 2403 2797 δίκαιος
2426 2732 2699 2803 εὐδαίμων
2742 2730 2836 2784 καὶ
2869 2730 3155 2801 μακάριος.
3192 2727 3613 2800 Ἑπικηρυκεύει
3655 2726 3782 2797 γοῦν

2201 2826 2349 2898 αὐτῷ
2383 2824 2493 2896 (64)
2516 2823 2594 2894 τῷ
2627 2820 3120 2894 μεγαλοφωνοτάτῳ
3143 2821 3341 2891 κήρυκι
3372 2818 3506 2891 (65),
3531 2817 3782 2890 καθάπερ

2201 2919 2437 2990 ἀθλητήν
2466 2933 2586 2970 τινα
2616 2914 2930 2985 νικηφόρον,
2969 2913 3059 2966 τὸν
3090 2910 3427 2965 δικαιότατον
3452 2949 3466 2973 ,
3500 2910 3583 2962 ὅτι
3628 2902 3781 2974 οὗτός

2202 3012 2348 3063 ἐστιν
2393 3005 2888 3077 εὐδαιμονέστατος,
2936 3004 2964 3056 ὁ
3007 3000 3065 3067 έξ
3101 3001 3273 3072 αὐτῆς
3305 3001 3403 3071 τῆς
3435 2999 3782 3072 δικαιοσύνης

532 3103 792 3165 tanquam
825 3097 1050 3152 victoris
1085 3099 1321 3164 athletw,
1355 3115 1552 3154 nomen
1585 3100 1760 3155 vocali
1796 3099 1901 3154 hoc
1932 3108 1985 3153 et
2011 3099 2097 3153 in-

2203 3106 2290 3159 τὸν
2324 3102 2534 3176 καρπὸν
2563 3101 2661 3171 τῆς
2691 3097 3035 3169 εὐδαιμονίας
3060 3096 3410 3169 δρεπόμενος.
3442 3094 3653 3166 Διαίρει
3675 3094 3770 3148 τοίο

528 3187 673 3256 genti
706 3188 978 3257 praeconio
1007 3190 1263 3244 celebrat.
1293 3188 1447 3244 Hunc
1472 3191 1688 3245 demum
1709 3205 1830 3246 esse
1852 3189 2103 3246 felicissi-

532 3294 705 3347 mum,
732 3280 824 3351 qui
860 3295 927 3336 ex
971 3281 1201 3350 ipsamet
1223 3281 1435 3350 justitia
1463 3280 1696 3337 fructum
1729 3281 1949 3352 colligat
1984 3281 2103 3336 feli-

530 3371 734 3427 citatis.
770 3372 884 3442 Age
911 3386 1061 3442 ergo,
1112 3372 1255 3426 bona
1306 3370 1589 3441 partiresis
1617 3381 1882 3442 quantum
1918 3374 2101 3441 voles,

529 3477 704 3533 eaque
728 3464 1001 3534 distingue
1032 3462 1299 3517 trifariam
1326 3505 1341 3531 ,
1381 3463 1772 3533 quadrifariam
1797 3508 1812 3533 ,
1857 3466 2100 3521 multifa-

531 3555 696 3610 riam.
740 3553 976 3609 Prorsus
1025 3553 1094 3609 ad
1149 3569 1263 3609 rem
1300 3554 1455 3608 nihil.
1492 3552 1784 3625 Nunquam
1830 3573 1895 3612 ac
1932 3567 1987 3613 tu
2014 3558 2101 3613 via

531 3663 636 3703 nos
666 3648 733 3703 ad
762 3647 1046 3703 Platonem
1074 3646 1332 3702 adduces.
1358 3644 1497 3713 Quid
1522 3647 1668 3702 enim
1689 3647 1915 3717 juverit,
1946 3664 1977 3703 ε
2005 3650 2103 3703 bo-

531 3738 644 3803 nis,
668 3736 813 3807 quod
863 3737 965 3803 ais,
1003 3735 1109 3790 alia
1160 3735 1468 3791 veneranda
1518 3751 1662 3801 esse,
1692 3745 1751 3791 ut
1801 3737 1962 3805 deos;
1998 3738 2102 3792 alia

533 3829 694 3884 laude
723 3829 906 3899 digna,
965 3837 1027 3883 ut
1078 3828 1341 3895 virtutes;
1372 3827 1476 3883 alia
1525 3837 1794 3899 potestate
1843 3829 2101 3900 quadam,

534 3928 596 3975 ut
625 3919 842 3976 divitias
883 3929 1047 3989 atque
1073 3919 1276 3985 robur;
1318 3920 1445 3985 alia,
1484 3930 1543 3974 ut
1590 3921 1924 3986 curationes,
1958 3921 2104 3975 utili-

533 4018 645 4067 tate
669 4010 977 4066 contineri?
1001 4008 1143 4076 Quid
1177 4025 1364 4079 porro,
1391 4026 1514 4065 cum
1537 4011 1817 4065 minutiori
1844 4026 1906 4066 ac
1938 4012 2104 4067 subti—

532 4103 659 4159 liori
690 4103 984 4169 divisione,
1018 4118 1048 4158 e
1078 4102 1237 4158 bonis
1274 4102 1379 4157 alia
1414 4102 1549 4158 fines
1577 4118 1697 4159 esse
1734 4103 1957 4171 dixeris,
1997 4103 2102 4158 alia

531 4196 856 4266 negaveris?
875 4195 1097 4249 Finium
1116 4210 1181 4251 ea
1212 4197 1432 4250 nomine
1458 4195 1945 4266 eomprehendens,
1975 4212 2104 4267 quo-

530 4302 655 4342 rum
693 4288 865 4359 gratia
913 4297 1040 4343 sunt
1078 4289 1214 4356 alia;
1257 4303 1366 4342 non
1419 4287 1555 4342 fines
1588 4296 1768 4343 autem
1803 4290 2100 4358 appellans,

530 4394 655 4449 qua:
692 4379 922 4433 aliorum
978 4380 1032 4432 in
1067 4379 1296 4449 gratiam
1348 4377 1731 4432 adhibeantur.
1773 4377 1915 4445 Quid
1948 4379 2099 4444 item,

2203 3213 2318 3262 νυν,
2346 3198 2393 3249 εἰ
2424 3193 2623 3266 βούλει,
2655 3193 2749 3246 καὶ
2777 3190 3017 3245 ποίκιλλε
3044 3190 3239 3261 τριχῆ,
3270 3188 3363 3242 καὶ
3390 3188 3651 3260 τετραχῆ,
3688 3188 3785 3242 καὶ

2206 3286 2446 3357 πολλαχῆ
2475 3284 2538 3339 τὰ
2563 3283 2741 3353 ἀγαθὰ
2763 3280 3220 3351 διαστελλόμενος.
3272 3278 3436 3332 Οὐδὲν
3468 3277 3575 3349 γὰρ
3613 3277 3785 3332 ταῦτα

2204 3378 2339 3449 πρὸς
2391 3377 2452 3429 τὸ
2487 3375 2863 3448 προκείμενον.
2927 3375 3000 3426 Οὐ
3046 3373 3109 3443 δή
3152 3371 3269 3424 ποθ’
3307 3372 3453 3441 ἡμᾶς
3494 3370 3561 3423 δι’
3603 3370 3783 3423 αὐτῶν

2205 3468 2495 3543 προσάξεις
2522 3468 2597 3539 τῷ
2624 3466 2891 3520 Πλάτωνι.
2915 3466 2980 3517 Τί
3009 3464 3117 3535 γὰρ
3178 3465 3226 3516 εί
3272 3463 3381 3515 τῶν
3422 3462 3641 3531 ἀγαθῶν
3662 3503 3677 3527 ,
3706 3463 3781 3525 ὡς

2204 3562 2328 3633 φὴς,
2356 3561 2422 3614 τὰ
2456 3559 2552 3631 μὲν
2584 3558 2758 3630 τίμια,
2792 3557 3042 3628 καθάπερ
3075 3557 3123 3608 οἱ
3148 3554 3280 3618 θεοὶ,
3314 3554 3382 3607 τὰ
3410 3553 3465 3607 δὲ
3496 3554 3779 3617 ἐπαινετὰ,

2201 3652 2276 3716 ὡς
2322 3652 2378 3704 αἱ
2412 3649 2624 3720 ἀρεταὶ,
2647 3647 2717 3701 τὰ
2740 3647 2794 3700 δὲ
2823 3647 3098 3717 δυνάμεις,
3124 3645 3198 3708 ὡς
3229 3643 3456 3707 πλοῦτος
3487 3644 3582 3696 κα)⁹
3605 3645 3777 3712 ἰσχὺς,

2204 3743 2269 3796 τὰ
2294 3743 2349 3796 δὲ
2379 3740 2629 3811 ὠφέλιμα
2655 3780 2669 3805 ,
2718 3738 2794 3801 ὡς
2841 3740 2894 3793 αἱ
2927 3738 3247 3809 θεραπεῖαι;
3283 3736 3350 3788 Τί
3379 3736 3423 3789 δ’
3448 3776 3463 3800 ,
3520 3737 3568 3788 εί
3610 3735 3780 3790 ταῦτα

2205 3835 2442 3888 ἐλάττονι
2476 3832 2740 3903 διαιρέσει
2772 3828 3216 3899 διαστελλόμενος
3238 3867 3251 3892 ,
3302 3827 3480 3896 λέγοις
3514 3828 3621 3881 τῶν
3646 3830 3779 3897 ἁγα-

2205 3925 2309 3979 θῶν
2334 3924 2403 3978 τὰ
2433 3925 2529 3995 μὲν
2558 3919 2699 3977 εἶναι
2728 3921 2879 3993 τέλη,
2908 3921 2976 3975 τὰ
3006 3920 3064 3973 δὲ
3095 3921 3157 3973 οὐ
3185 3920 3313 3989 τέλη
3340 3936 3355 3985 ;
3383 3918 3514 3989 τέλη
3538 3919 3637 3990 μὲν
3667 3920 3778 3974 ὀνο-

2207 4016 2412 4088 μάζων,
2438 4010 2513 4070 ὧν
2542 4015 2699 4089 χάριν
2729 4014 2797 4069 τὰ
2820 4013 2974 4077 ἄλλα,
3005 4012 3066 4065 οὐ
3110 4011 3235 4082 τέλη
3265 4010 3324 4063 δὲ
3356 4008 3424 4063 τὰ
3462 4010 3573 4063 τῶν
3603 4010 3775 4064 ἄλλων

2202 4110 2363 4163 ἕνεκα
2393 4107 2800 4180 λαμϐανόμενα.
2834 4106 2897 4157 Τί
2930 4105 2997 4168 δ’,
3028 4106 3075 4157 εί
3109 4103 3268 4175 μάθοι
3300 4121 3416 4168 τις,
3447 4103 3530 4156 ὅτι
3562 4102 3630 4156 τὰ
3681 4104 3776 4174 μὲν

2205 4202 2389 4266 ἁπλῶς
2420 4198 2620 4269 ἀγαθὰ,
2660 4199 2729 4252 τά
2757 4198 2813 4251 δὲ
2843 4199 2903 4250 οὐ
2932 4198 3125 4260 nisi»);
3158 4197 3190 4267 ἢ
3227 4197 3309 4249 ὅτι
3345 4195 3416 4249 τὰ
3466 4196 3565 4266 μὲν
3604 4195 3775 4266 ψυχῆς

2206 4291 2404 4362 ἁγαθά,
2430 4291 2498 4346 τὰ
2522 4291 2598 4354 δὲ,
2633 4289 2906 4359 σώματος,
2936 4288 3003 4340 τὰ
3022 4287 3065 4339 δ’
3100 4287 3285 4351 ἐκτός;
3318 4288 3351 4358 ἢ
3382 4287 3563 4346 πάλιν.
3595 4287 3677 4339 ὅτι
3710 4286 3775 4339 τὰ

2207 4384 2303 4455 μὲν
2326 4382 2432 4436 τῶν
2452 4381 2674 4451 ἀγαθῶν
2708 4380 2984 4451 δυνάμεις,
3010 4378 3077 4431 τὰ
3103 4378 3157 4431 δὲ
3189 4378 3454 4442 διαθέσεις
3489 4378 3583 4431 καί
3613 4375 3773 4443 ἔξεις,

533 4469 625 4523 ubi
662 4469 766 4523 alia
801 4469 1120 4539 simpliciter
1168 4470 1311 4524 bona
1344 4481 1467 4521 esse
1514 4466 1792 4531 didiceris,
1839 4467 1944 4521 alia
1992 4484 2100 4523 non

2208 4474 2342 4530 ἄλλα
2362 4474 2418 4527 δὲ
2445 4473 2737 4546 ἐνέργειαι,
2766 4472 2835 4525 τά
2867 4472 2922 4525 δὲ
2951 4471 3099 4539 τέλη,
3130 4469 3199 4522 τὰ
3223 4469 3277 4522 δὲ
3314 4469 3454 4534 ὐλαι,
3487 4470 3554 4521 τὰ
3578 4469 3635 4522 δὲ
3688 4469 3777 4540 δρ-

531 4560 825 4615 omnibus?
870 4570 965 4616 aut
1017 4562 1122 4616 alia
1158 4560 1376 4631 quidem
1432 4558 1597 4613 animi
1628 4559 1772 4614 bona
1823 4575 1965 4627 esse,
1994 4561 2100 4614 alia

530 4653 800 4723 corporis,
831 4654 935 4707 alia
969 4654 1314 4709 extrinsecus
1354 4651 1611 4709 evenire?
1654 4661 1747 4706 aut
1799 4651 1963 4706 etiam
1995 4652 2097 4706 alia

532 4744 826 4814 potentias,
855 4744 958 4799 alia
1012 4743 1400 4813 dispositiones
1444 4750 1499 4797 et
1529 4740 1767 4801 habitus.
1804 4742 1908 4796 alia
1944 4740 2100 4796 deni-

532 4846 640 4902 que
666 4839 821 4887 actus
863 4832 1021 4887 esse?
1048 4830 1332 4888 Postremo
1358 4831 1465 4887 alia
1495 4831 1652 4895 ﬁnes,
1683 4831 1788 4885 alia
1821 4832 2097 4897 materias,

531 4923 638 4978 alia
666 4921 1065 4978 instrumenta?
1095 4921 1260 4988 Quin,
1284 4930 1346 4976 ut
1398 4922 1611 4976 noverit
1657 4922 1781 4992 quis
1815 4921 1999 4977 decem
2044 4922 2098 4976 in

529 5015 834 5083 categorias
869 5014 1097 5069 denario
1124 5014 1442 5069 discrimine
1487 5013 1692 5068 bonum
1733 5013 2098 5068 distribuere:

531 5107 660 5177 quid
690 5107 907 5162 tandem
958 5108 1139 5162 omnia
1196 5108 1311 5162 haec
1351 5105 1588 5161 Platonis
1618 5106 1686 5161 ad
1736 5114 1972 5161 mentem
2005 5105 2102 5160 do-

528 5207 711 5270 gmata
761 5199 1150 5269 pertinebunt?
1192 5198 1445 5254 Profecto
1468 5237 1484 5264 ,
1518 5197 1773 5253 virtutem
1803 5205 1899 5252 aut
1928 5198 2102 5268 tequi-

508 5304 680 5373 tvoce,
710 5300 805 5345 aut
824 5291 1323 5363 quomodocunque
1366 5290 1606 5357 libuerit,
1635 5289 1840 5344 bonum
1868 5290 2103 5362 appelles

512 5380 687 5461 licet;
730 5383 971 5454 quandiu
1006 5384 1142 5440 satis
1188 5384 1240 5440 ei
1295 5399 1395 5455 per
1438 5399 1556 5441 sese
1613 5383 1807 5439 virium
1854 5383 2100 5454 negabis,

606 5665 717 5736 (62)
741 5666 896 5736 [forte
927 5668 985 5719 ὲν
1013 5661 1058 5736 ᾧ
1087 5667 1267 5736 μηδέν.

607 5734 719 5811 (65)
743 5734 901 5791 Forte
928 5736 1012 5801 δή.

2202 4582 2369 4636 γανα;
2402 4563 2504 4619 κᾶν
2530 4565 2669 4619 κατὰ
2696 4564 2795 4627 τὰς
2820 4563 2952 4617 δέκα
3000 4562 3329 4633 κατηγορίας
3378 4561 3526 4633 μάθῃ
3572 4580 3657 4627 τις
3692 4563 3775 4616 δε-

2202 4656 2343 4726 καγῆ
2370 4655 2639 4725 διανέμειν
2672 4652 2925 4722 τάγαθὸν,
2958 4651 3010 4704 τί
3039 4650 3209 4704 ταῦτα
3239 4649 3375 4721 πρὸς
3415 4649 3513 4722 τὴν
3558 4652 3777 4706 Πλάτωο

2200 4766 2289 4811 νος
2310 4746 2534 4819 γνώμην
2556 4747 2623 4800 τά
2646 4747 2981 4817 διδάγματα;
3038 4745 3181 4808 Ἐως
3224 4746 3332 4815 γὰρ
3370 4744 3435 4797 ἂν
3468 4738 3528 4798 οὗ
3565 4745 3630 4799 σὺ
3681 4745 3775 4816 μὲν

2202 4840 2311 4892 εἴτε
2338 4838 2660 4910 ὁμωνύμως,
2705 4836 2816 4890 εἴτε
2857 4837 3002 4900 ὅπως
3048 4834 3248 4906 βούλει,
3278 4834 3459 4888 καλῶν
3498 4835 3680 4905 ἀγαθὰ
3709 4836 3773 4889 τὲ

2201 4933 2302 5002 τῆς
2349 4932 2545 5006 ἀρετῆς
2574 4972 2588 4996 ,
2648 4930 2760 4985 ἀλλ’
2791 4928 2927 4983 άττα
2979 4927 3113 4999 πρὸς
3148 4926 3246 4998 τὴν
3301 4926 3649 4997 εὐδαιμονίαν
3701 4927 3773 4991 ὡς

2203 5025 2471 5092 ἀναγκαῖα
2494 5020 2946 5097 παραλαμϐάνῃς,
2979 5019 3041 5072 τὸ
3067 5018 3249 5072 ἰκανὸν
3267 5019 3364 5090 τῆς
3387 5018 3590 5090 ἀρετῆς
3615 5019 3773 5087 ἀφαι-

2207 5115 2494 5188 ρούμενος·
2527 5114 2749 5168 Πλάτων
2777 5114 2821 5166 δ’
2865 5114 2929 5165 ἐκ
2963 5110 3277 5182 περιουσίας
3303 5110 3431 5182 περὶ
3463 5109 3573 5163 τῶν
3601 5109 3770 5164 ἄλλων

2205 5207 2338 5277 ζητῇ
2366 5245 2380 5270 ,
2419 5206 2480 5260 τὸ
2518 5205 2743 5260 ἔκπλεον
2782 5206 2861 5268 είς
2908 5202 3251 5274 εὐδαιμονίαν
3302 5202 3397 5257 ἀπ’
3453 5201 3625 5273 αὐτῆς
3675 5201 3770 5268 τῆς

2204 5299 2403 5370 ἀρετῆς
2436 5297 2601 5368 ἔχων·
2634 5297 2785 5350 οὐδὲν
2818 5295 2884 5349 ἂν
2911 5296 3040 5366 ὐμίν
3077 5295 3160 5366 εἴη
3196 5293 3338 5348 κατὰ
3368 5292 3526 5346 τοῦτο
3554 5292 3729 5348 κοινόν
3750 5307 3767 5322 '

2205 5390 2342 5444 ἀλλά
2370 5406 2450 5443 σοι
2474 5389 2552 5442 δεῖ
2574 5389 2749 5457 λόγων
2771 5387 2946 5441 ἄλλων
2975 5385 3081 5440 τῶν
3102 5385 3196 5439 τοῦ
3233 5384 3538 5447 Πλάτωνος.

2278 5663 2388 5733 (64)
2412 5662 2571 5733 Forte
2595 5662 2751 5733 αὐτή,

2280 5731 2389 5800 (65)
2422 5731 2580 5790 Forte
2612 5732 2943 5798 κηρύγματι.
