4034 6390
310 365 473 426 1509
1475 362 1796 418 ΡΒίΕΡΑΡι.
1837 350 1927 413 EV'

2035 359 2097 414 (ἓ.
2145 358 2272 414 LIB.
2316 360 2436 415 XV.
3463 359 3599 415 1510

319 485 447 540 alia
489 487 764 558 quaedam,
814 484 890 539 uti
953 484 1017 538 ad
1063 481 1370 538 felicitatem
1407 482 1714 537 necessaria
1773 478 2074 550 postulabis
2108 498 2121 534 :
2153 481 2316 550 798
2368 480 2520 535 Plato
2596 487 2786 536 contra
2842 481 3061 536 nonnisi
3115 480 3253 535 dicis
3321 493 3486 534 causa
3527 481 3595 534 de

309 577 457 632 aliis
536 580 816 648 obiterque
867 592 1137 648 quaerens,
1193 575 1327 630 satis
1386 588 1656 643 superque
1699 574 1954 626 virtutem
1993 571 2096 626 sibi
2120 571 2186 625 ad
2215 570 2526 626 felicitatem
2563 588 2684 628 esse
2719 573 2916 626 ducet:
2962 587 3240 641 nunquam
3280 571 3436 626 vobis
3496 571 3600 624 hoc

311 669 569 726 quidem
633 671 689 725 in
723 685 918 740 genere
977 683 1269 723 commune
1317 667 1614 736 quidquam
1653 666 1802 718 erit:
1847 663 1952 717 alia
2010 679 2173 732 quam
2208 665 2383 736 Plato}
2412 665 2639 736 loquare
2666 665 2849 719 omnia
2890 663 3199 732 doceasque
3242 676 3464 716 necesse
3491 670 3594 716 est.

327 781 446 851 Ὦς
482 785 596 856 γὰρ
618 788 727 839 οὐκ
752 784 882 837 ’ἐστι
905 783 1012 855 (66)
1039 783 1251 837 λέουσι
1280 781 1377 836 καὶ
1418 777 1712 856 ἀνδράσιν
1757 777 1925 856 ὅρκια

2033 775 2197 830 Α”ιιιιο
2232 776 2361 846 ﬁdes
2381 777 2612 830 homines
2640 777 2776 829 inter
2803 790 3066 844 sarvosque
3098 775 3267 828 leones
3297 787 3316 825 :

321 923 505 978 Οὐδὲ
528 926 702 980 λύκοι
741 941 802 978 τε
842 921 940 977 καὶ
979 921 1158 992 ἄρνες
1195 922 1499 992 ὁμόφρονα
1528 847 1923 988 θυξλῗίῗγὲξξὲυ-

1718 1003 1841 1040 σιν.

318 1107 653 1175 Οὖτωςίούκ
678 1108 792 1162 ἔστι
821 1107 1067 1161 Πλάτωνι
1093 1105 1187 1160 καὶ
1225 1104 1583 1178 Ἀριστοτέλει
1624 1102 1773 1171 φιλία
1798 1100 1924 1172 περὶ

319 1200 430 1254 τοῦ
459 1202 893 1272 κορυφαιοτάτου
943 1203 1035 1255 κα).
1077 1199 1412 1275 κυριωτάτου
1445 1198 1544 1268 τῆς
1583 1195 1924 1266 εὐδαιμονίας

319 1291 632 1364 δόγματος.
659 1293 965 1364 Διαμπερὲς
1000 1291 1108 1363 γὰρ
1137 1294 1184 1344 εί
1221 1290 1296 1362 μὴ
1321 1289 1466 1343 κακὰ
1489 1288 1800 1360 φρονέουσιν
1829 1284 1922 1338 ἀλ-

320 1385 531 1458 λήλοις
550 1429 564 1452 ,
613 1387 682 1440 τά
726 1404 790 1455 γε
821 1386 1113 1440 ὑπεναντία
1138 1385 1265 1456 περὶ
1293 1382 1400 1436 τῶν
1429 1386 1507 1445 είς
1548 1380 1706 1435 τοῦτο
1735 1380 1921 1449 διαφε-

325 1481 553 1551 ρόντων
581 1480 858 1550 φαίνονται
891 1478 1158 1546 λέγοντες.

894 1591 1288 1644 ΚΕΦΑΛΛΙΟΝ
1318 1591 1391 1643 E'.

332 1703 461 1759 Τοῦ
489 1704 672 1758 αὐτοῦ
710 1704 858 1773 πρὸς
894 1706 1000 1758 τὸν
1035 1703 1240 1764 αὑτὸν,
1280 1700 1656 1769 διενεχθέντα
1689 1697 1924 1773 ,Μωῢονῇ

449 1775 553 1831 καὶ
590 1772 862 1830 Πλάτωνι
899 1777 968 1830 ἐν
1004 1775 1084 1841 τῷ
1123 1774 1254 1843 περὶ
1293 1773 1585 1840 Προνοίας
1621 1772 1796 1840 λόγῳ.

413 1891 587 1944 Πάλιν
617 1891 894 1954 Μωῡσέως
933 1891 1026 1944 καὶ
1062 1889 1170 1943 τῶν
1222 1890 1347 1960 παρ’
1405 1887 1676 1959 Ἑόραίοις
1718 1904 1924 1958 προφη-

329 1981 476 2048 τῶν,
515 1982 576 2034 οὐ
609 1982 714 2052 μὴν
740 1981 875 2034 ἀλλὰ
908 1983 1002 2034 καὶ
1039 1980 1325 2043 Πλάτωνος
1350 1979 1560 2042 τούτοις
1595 1977 1919 2049 συμφώνως,

331 2074 460 2127 τῶν
490 2074 618 2145 περὶ
665 2073 765 2144 τῆς
822 2073 928 2126 τῶν
975 2074 1112 2127 ὅλων
1148 2072 1414 2144 Προνοίας
1458 2072 1615 2140 λόγον
1658 2069 1922 2142 εὐκρινῶς

332 2165 778 2238 διατεθειμένων,
804 2168 832 2220 ὁ
868 2166 1263 2239 Ἀριστοτέλης,
1291 2166 1449 2236 μέχρι
1473 2163 1701 2235 σελήνης
1722 2165 1922 2232 στήσας

333 2259 404 2310 τὸ
441 2257 616 2321 Θεῖον,
646 2257 714 2310 τὰ
753 2257 913 2311 λοιπὰ
943 2256 1037 2310 τοῦ
1071 2257 1276 2328 κόσμου
1302 2257 1444 2326 μέρη
1473 2252 1804 2324 περιγράφει
1826 2251 1924 2322 τῆς

334 2346 442 2399 τοῦ
476 2347 611 2400 Θεοῦ
648 2347 984 2419 διοικήσεως.
1027 2347 1139 2416 Ἐφ’
1164 2341 1246 2409 οἷς
1274 2345 1368 2398 καὶ
1407 2344 1766 2414 ἀπελέγχεται
1791 2343 1925 2413 πρὸς

337 2439 442 2492 τοῦ
471 2439 799 2511 δηλωθέντος
826 2439 958 2511 (67),
993 2433 1096 2493 ὧδέ
1135 2456 1212 2510 πη
1250 2437 1554 2505 διεξιόντος.
1601 2455 1619 2488 σ
1662 2437 1852 2498 Ὄντος
1879 2435 1922 2487 δ’

337 2532 428 2584 ἔτι
473 2532 727 2602 μεγίστου
787 2534 882 2586 καὶ
939 2531 1283 2603 κυριωτάτου
1316 2530 1424 2584 τῶν
1467 2531 1546 2592 εἰς
1583 2526 1924 2598 εὐδαιμονίαν

293 2609 308 2620 ’
344 2623 778 2688 συντελούντων,
814 2623 908 2676 τοῦ
950 2623 1202 2696 περὶτῆς
1235 2621 1494 2693 Προνοίας
1537 2619 1855 2689 πείσματος,
1897 2617 1925 2669 ὃ

341 2719 411 2789 δὴ
442 2719 535 2772 καὶ
567 2717 800 2788 μάλιστα
827 2718 917 2771 τὸν
950 2716 1288 2788 ἀνθρώπινον
1329 2715 1437 2785 βίον
1464 2713 1632 2786 ὀρθοῖ,
1659 2710 1713 2764 εἴ
1743 2728 1806 2780 γε
1851 2710 1925 2780 μὴ

348 2807 640 2879 μέλλοιμεν
662 2808 898 2877 ἀγνοεῖν,
919 2807 1148 2878 πότερον
1169 2805 1232 2876 δὴ
1258 2804 1376 2857 κατ’
1399 2803 1542 2873 ἴχνος
1575 2800 1764 2854 ὕπτιον
1787 2797 1922 2869 (68),

344 2902 383 2974 ἦ
405 2903 641 2966 σκολιαῖς
660 2901 896 2964 ἀπάταις
918 2900 983 2954 ἂν
1009 2899 1170 2971 βαίνῃ
1187 2895 1503 2966 ἐπιχθονίων
1525 2893 1678 2962 γένος
1695 2890 1924 2964 ἀνδρῶν,

351 2993 462 3064 otii]
485 2992 709 3046 Πλάτων
734 2992 814 3054 εἰς
853 2989 984 3043 Θεὸν
1016 2989 1109 3042 καὶ
1160 2991 1223 3042 ἐκ
1279 2985 1413 3040 Θεοῦ
1447 2986 1623 3038 πάντα
1674 2983 1922 3038 ἀνάπτει.

351 3087 486 3156 Φησὶ
511 3086 617 3156 γὰρ
648 3084 808 3137 αὐτὸν
842 3084 1018 3154 ἀρχήν
1043 3099 1100 3134 τε
1127 3081 1220 3134 καὶ
1244 3080 1384 3150 μέσα
1400 3078 1532 3149 (68⁸)
1551 3077 1644 3130 καὶ
1672 3075 1927 3147 τελευτὴν

350 3178 458 3232 τῶν
483 3178 650 3232 ὄντων
685 3177 939 3230 ἁπάντων
985 3174 1195 3246 ἔχοντα,
1226 3171 1408 3242 εὐθείᾳ
1455 3171 1732 3241 περαίνειν
1772 3187 1928 3240 περι-

349 3270 740 3343 πορευόμενον.
805 3269 915 3320 Καὶ
967 3261 1032 3320 αὖ
1082 3265 1242 3319 πάλιν
1298 3265 1462 3334 φησιν
1511 3261 1674 3315 αὐτὸν
1726 3260 1928 3330 ἀγαθὸν

349 3360 519 3426 εἶναι,
555 3360 739 3431 ἁγαθῷ
766 3360 823 3412 δὲ
852 3358 1053 3429 μηδένα
1093 3355 1284 3425 φθόνον
1316 3352 1621 3422 ἐγγίνεσθαι
1662 3354 1790 3422 περὶ
1828 3370 1929 3423 μη·-

349 3454 520 3516 δενὸς.
545 3452 745 3506 Τούτου
765 3451 822 3504 δὲ
861 3449 1016 3512 ἐκτὸς
1050 3448 1178 3501 ὄντα
1202 3447 1330 3518 (69),
1355 3447 1532 3500 πάντα
1561 3447 1641 3499 ὅτι
1694 3443 1926 3516 μάλιστα
1956 3468 1998 3526 C

352 3544 534 3611 ἀγαθὰ
557 3547 748 3608 ποιεῖν,
772 3545 850 3606 είς
873 3542 1024 3608 τάξιν
1050 3540 1250 3616 ἄγοντα
1280 3541 1344 3592 ὲκ
1367 3539 1464 3609 τῆς
1505 3537 1749 3602 ἀταξίας.
1786 3536 1929 3589 Πάν-

353 3658 462 3694 των
497 3639 553 3692 δὲ
587 3635 1034 3708 ἐπιμελούμενον,
1065 3634 1160 3686 καὶ
1195 3631 1372 3684 πάντα
1409 3629 1547 3682 κατὰ
1587 3628 1814 3698 δύναμιν
1848 3645 1933 3680 κο-

357 3732 627 3804 σμοῦντα,
666 3727 1084 3800 πεφροντικέναι
1123 3725 1216 3778 καὶ
1251 3723 1359 3777 τῶν
1403 3720 1724 3794 ἀνθρώπων.
1759 3741 1776 3772 ι
1825 3722 1934 3773 Καὶ

360 3825 498 3898 μετὰ
539 3823 775 3896 βραχέα·
823 3841 841 3873 ι
882 3821 992 3875 Καὶ
1028 3822 1056 3873 ὁ
1097 3820 1193 3890 μὲν
1232 3817 1457 3870 Πλάτων
1505 3815 1708 3877 οὕτως·
1762 3815 1820 3867 '0
1855 3814 1931 3877 δὲ,

356 3920 456 3989 τὴν
509 3913 788 3987 δαιμονίαν
850 3912 1054 3983 ταύτην
1101 3911 1262 3978 φύσιν
1308 3907 1550 3962 ἐκποδὼν
1593 3906 1932 3976 ποιούμενος,

361 4010 453 4063 καὶ
475 4011 573 4080 τήν
607 4026 670 4077 γε
722 4005 965 4068 εἰσαῦθις
1016 4004 1203 4057 ἐλπίδα
1233 4002 1334 4072 τῆς
1378 4001 1554 4070 ψυχῆς
1592 3998 1933 4068 ἁποτέμνιοιν,

359 4102 458 4170 τήν
484 4117 541 4153 τε
570 4101 625 4152 ὲν
653 4099 730 4169 τῷ
779 4097 1004 4168 παρόντι
1038 4095 1173 4166 πρὸς
1203 4094 1311 4146 τῶν
1341 4093 1664 4164 κρειττόνων
1707 4090 1816 4162 (70)
1849 4092 1938 4142 εὐ-

361 4194 580 4247 λάϐειαν
615 4191 1034 4262 ἀφαιρούμενος,
1069 4189 1190 4242 τίνα
1223 4187 1358 4258 πρὸς
1389 4187 1650 4240 Πλάτωνα
1678 4184 1786 4255 ἔχει
1823 4201 1937 4236 κοι-

363 4286 594 4352 νωνίαν;
623 4287 693 4338 Ἦ
716 4284 831 4347 πῶς
865 4283 930 4336 ἂν
966 4282 1049 4351 ἐφ’
1073 4281 1107 4335 ἃ
1137 4279 1385 4351 βούλεται
1414 4278 1659 4342 Πλάτων,
1686 4293 1939 4348 παρακα-

363 4377 537 4440 λέσαι,
563 4375 657 4428 καὶ
677 4373 1008 4427 πιστώσαιτο
1023 4371 1090 4424 τὰ
1121 4370 1552 4441 εἰρημένα;Πᾶν
1581 4367 1688 4438 γάρ
1721 4369 1941 4420 τούναν-

364 4471 496 4531 τίον,
547 4466 803 4538 συνεργὸς
831 4464 896 4518 ἂν
936 4457 1088 4526 οὗτός
1123 4463 1233 4533 (71)
1278 4479 1340 4530 γε
1389 4462 1483 4513 καὶ
1538 4457 1940 4528 συναγωνιστὴς

363 4562 472 4614 τῶν
505 4559 794 4612 ἐθελόντων
827 4556 1029 4609 ἀδικεῖν
1065 4554 1279 4623 φανείη.
1315 4553 1429 4615 Πᾶς
1461 4552 1570 4622 γάρ
1590 4569 1694 4615 τις,
1729 4550 1940 4621 ἅνθρω-

366 4673 466 4720 πος
487 4653 582 4719 ὣν,
615 4654 706 4706 καὶ
727 4654 846 4714 ταῖς
881 4645 1246 4719 ἀνθρωπίναις
1270 4645 1480 4716 ὀρέξεσι
1514 4641 1938 4713 κατεσχημένος,

366 4749 432 4801 ἂν
473 4744 858 4815 καταφρονήσῃ
909 4740 1016 4793 τῶν
1051 4739 1209 4802 θεῶν,
1243 4737 1334 4791 καὶ
1389 4736 1499 4807 (7‘2)
1543 4734 1704 4805 μηδὲν
1748 4733 1940 4804 νομίσῃ

366 4836 501 4908 πρὸς
539 4836 732 4897 αὐτὸν,
771 4834 960 4904 πόρρω
1008 4830 1108 4901 μὲν
1140 4828 1320 4884 αὐτῶν
1365 4824 1747 4896 ἀπῳκισμένος
1777 4825 1833 4876 ὲν
1865 4823 1942 4893 τῷ

368 4930 486 5000 ζῇν,
516 4926 801 4981 ἀποθανὼν
834 4927 890 4979 δὲ
922 4924 1040 4976 οὐδὲ
1064 4922 1142 4976 ἔτι
1175 4921 1271 4984 ὢν,
1303 4921 1516 4989 ἕτοιμος
1536 4918 1601 4971 ἂν
1631 4916 1771 4969 ἔλθοι
1804 4915 1941 4985 πρὸς

365 5023 429 5077 τδ
453 5021 770 5096 χαρίζεσθαι
804 5023 922 5082 ταῖς
970 5015 1306 5086 ἐπιθυμίαις.
1359 5011 1552 5065 Πίστιν
1605 5009 1712 5080 γάρ
1759 5008 1942 5062 λαϐεῖν

440 5205 551 5277 (66)
594 5205 687 5270 Ὡς
711 5202 950 5277 γὰρ-οὺχ
976 5199 1125 5253 ἔστι.
1159 5195 1432 5277 ΔΠοῐιιςδι-υε
1464 5191 1630 5273 Iliad.
1661 5194 1702 5254 Ι,
1732 5206 1783 5243 v.
1811 5188 1939 5277 269.,

368 5263 570 5344 quibus
606 5263 795 5328 verbis
829 5271 1112 5324 Hectorem
1145 5267 1381 5322 Achilles
1413 5264 1632 5335 gravius
1665 5278 1797 5317 sane
1840 5263 1943 5316 du-

370 5349 592 5410 riusque
614 5345 914 5397 mordebat.

442 5403 549 5487 (67)
595 5415 705 5487 Τοῦ
749 5411 1140 5487 δηλωθέίντος.
1189 5405 1557 5487 ᾼῃλωθέντος,
1601 5403 1702 5458 viri
1748 5418 1944 5458 nomen

369 5479 490 5542 esse
524 5479 804 5556 proprium
837 5480 1167 5556 existimavit
1202 5479 1504 5556 lippperus.

442 5544 548 5628 (68)
580 5544 838 5616 Ὑπτιον,
866 5563 969 5628 etc.
1005 5552 1166 5606 Recte
1216 5544 1658 5628 hie—emendasse
1703 5545 1833 5628 mihi
1866 5544 1947 5596 vi—

369 5617 762 5692 (ἴεὸιο,’ὐπτιον,
792 5623 950 5690 cujus
983 5619 1353 5692 pronuntiatio
1381 5632 1524 5684 saepe
1559 5617 1943 5669 nonnullorum

372 5703 423 5752 in
459 5690 554 5753 ore
578 5700 867 5765 degenerat
895 5695 946 5765 in
972 5692 1146 5765 ὐζᾲιον,
1184 5691 1375 5765 Latino
1412 5703 1582 5748 more,
1611 5690 1944 5765 quod‘autea
2015 5702 2026 5712 ·

372 5755 675 5839 legebatttu:
717 5765 810 5818 Est
855 5755 1200 5839 Ιιίεὐπτιος,
1247 5760 1456 5837 planus,
1501 5768 1706 5836 iectus,
1747 5755 1943 5836 facilis,

368 5826 661 5898 caiocditus.
697 5853 805 5899 qua
837 5826 1455 5896 signiﬁcationeVolumni
1493 5827 1566 5880 τῷ
1597 5826 1790 5889 ςκολιῴ
1825 5843 1948 5885 nes-

2035 911 2322 982 Nunquam
2347 913 2469 982 agni
2495 922 2649 982 atque
2671 911 2782 979 lupi
2815 926 2966 964 sensu
3000 910 3266 964 ducuntur
3284 908 3483 962 eodem.

2034 1089 2124 1145 Sic
2157 1091 2209 1144 in
2238 1090 2477 1144 maximo
2515 1089 2619 1144 hoc
2652 1099 2706 1143 ct
2737 1088 2978 1159 principe
3010 1087 3283 1140 fclicitatis
3323 1085 3594 1155 dogmate,

2031 1181 2243 1236 Platoni
2269 1198 2391 1236 cum
2417 1182 2706 1237 Aristotele
2734 1182 3045 1234 communio
3068 1181 3212 1234 nulla
3251 1195 3370 1234 esse
3400 1177 3596 1248 potest.

2030 1272 2262 1328 Prorsus
2287 1273 2455 1339 enim,
2487 1274 2533 1329 si
2562 1273 2743 1327 minus
2777 1274 2912 1326 alter
2935 1274 2998 1327 de
3017 1273 3185 1326 altero
3223 1273 3359 1325 male
3378 1273 3594 1341 cogitet,

2031 1364 2084 1418 in
2122 1365 2187 1418 iis
2216 1365 2407 1419 saltem
2434 1380 2554 1434 quae
2576 1365 2641 1419 ad
2665 1365 2794 1418 illud
2822 1380 3164 1434 summopere
3194 1364 3462 1433 pertinent
3485 1372 3596 1417 tota

2029 1459 2208 1528 palam
2237 1457 2604 1528 disputatione
2633 1466 2894 1528 pugnant.

2647 1573 2875 1629 CAPUT
2921 1572 2981 1628 V.

2031 1689 2181 1745 Idem
2213 1689 2547 1743 Aristotelem
2568 1707 2598 1740 ιι
2626 1687 2801 1755 Moyse
2830 1685 2989 1740 simul
3011 1695 3060 1739 et
3096 1683 3317 1737 Platone
3361 1684 3413 1736 iu
3450 1698 3594 1752 qua:-

2137 1762 2304 1814 stione
2336 1761 2399 1814 de
2449 1759 2793 1812 Prosidentia
2818 1758 3157 1810 dissidentem
3185 1759 3491 1808 insectatur.

2109 1873 2320 1944 Moyses
2358 1881 2614 1942 praetcrea
2671 1869 2990 1938 Hebrteique
3044 1868 3340 1938 prophetat,
3397 1864 3596 1936 quibus

2028 1968 2190 2022 etiam
2245 1965 2397 2020 Plato
2458 1963 2818 2033 suffragatur,
2874 1961 3278 2018 Providentiam
3337 1958 3594 2022 universa

2029 2058 2310 2128 complecti
2335 2057 2588 2112 distincte
2616 2055 2867 2123 clareque
2909 2059 3228 2122 posuerunt.
3277 2047 3594 2103 Aristoteles

2027 2151 2079 2204 in
2118 2149 2290 2202 lunari
2325 2148 2458 2202 orbe
2490 2156 2687 2200 metam
2711 2142 2933 2197 Numini
2963 2143 3362 2212 terminumque
3388 2139 3594 2195 consti-

2026 2251 2205 2306 tuens,
2233 2247 2416 2308 partes
2447 2236 2633 2291 mundi
2666 2235 2902 2304 reliquas
2931 2233 3049 2302 ejus
3081 2249 3225 2287 curae
3248 2231 3592 2301 gubernatio-

2025 2331 2188 2399 nique
2227 2327 2508 2382 subduxit.
2544 2324 2715 2391 Quam
2751 2323 2822 2378 ob
2864 2337 3084 2378 causam
3145 2321 3230 2376 his
3289 2320 3356 2374 ab
3401 2321 3589 2374 eodem

2024 2423 2204 2478 Attico
2236 2419 2413 2475 verbis
2452 2416 2881 2488 reprelienditur.
2914 2435 2930 2465 ‹
2954 2414 3088 2469 Cum
3113 2413 3252 2467 inter
3285 2427 3348 2466 ca
3383 2427 3502 2481 qua:
3525 2411 3591 2463 ad

2028 2513 2336 2568 felicitatem
2372 2511 2702 2574 conducunt,
2730 2509 2926 2578 inquit.
2953 2507 3248 2560 maximum
3283 2504 3446 2558 etiam
3468 2502 3595 2555 illud

2027 2606 2098 2661 sit
2132 2615 2294 2674 atque
2317 2603 2699 2673 potissimum,
2725 2611 2783 2655 ut
2819 2609 3021 2655 certam
3060 2599 3125 2653 dc
3162 2595 3504 2652 Providentia
3540 2597 3599 2648 li-

2026 2696 2240 2752 duciam
2270 2695 2599 2759 habeamus;
2623 2693 2820 2761 quippe
2855 2690 2998 2760 quod
3027 2686 3323 2756 dirigendis
3350 2686 3599 2739 humana:

2027 2789 2150 2843 vitae
2184 2787 2487 2842 rationibus
2519 2800 2735 2840 summo
2758 2783 2827 2838 sit
2852 2781 2972 2836 usui
3000 2779 3267 2840 futurum,
3301 2776 3346 2831 si
3379 2792 3478 2829 uos
3493 2776 3599 2828 mi-

2027 2881 2174 2934 nime
2204 2879 2442 2942 latuerit,
2494 2886 2714 2932 rectoue
2748 2891 2811 2930 ac
2860 2875 3020 2943 plano
3072 2873 3343 2941 ingressu,
3388 2884 3456 2922 an
3506 2883 3601 2936 per

2029 2970 2282 3039 obliquos
2318 2982 2565 3022 errorum
2597 2966 2767 3019 flexus
2802 2963 3140 3018 terrestrium
3189 2959 3468 3014 hominum
3505 2972 3600 3025 ge-

2028 3078 2134 3118 nus
2163 3060 2376 3116 incedat
2411 3076 2424 3112 :
2466 3058 2619 3112 Plato
2676 3057 2743 3110 ad
2787 3054 2955 3110 Deum
3009 3053 3194 3107 omnia
3247 3059 3484 3112 revocat,
3534 3063 3599 3101 ex

2028 3167 2198 3221 eoque
2251 3148 2414 3205 nectit
2462 3147 2670 3212 omnia,
2701 3146 2857 3201 docet
2902 3143 3045 3200 enim
3103 3143 3253 3196 illum
3311 3142 3386 3194 ita
3416 3155 3599 3193 rerum

2029 3243 2270 3297 omnium
2299 3240 2649 3310 principium,
2680 3238 2879 3303 media,
2910 3236 3181 3304 finemque
3209 3232 3516 3301 complecti.
3542 3239 3601 3283 ut.

2029 3346 2173 3391 recta
2203 3350 2417 3404 semper
2440 3332 2658 3388 easdem
2702 3329 2952 3386 obeundo
2985 3328 3246 3398 perficiat.
3301 3325 3488 3378 Tradit
3515 3325 3601 3376 in-

2035 3441 2199 3498 super
2231 3426 2431 3479 bonum
2467 3423 2618 3477 illum
2649 3437 2791 3486 esse,
2825 3435 2925 3474 nec
2964 3419 3107 3473 bono
3134 3417 3241 3470 ulla
3274 3430 3514 3483 unquam
3552 3414 3604 3464 in

2033 3536 2091 3574 re
2125 3519 2325 3573 bonum
2366 3516 2593 3570 alterum
2630 3513 2871 3567 invidere
2908 3529 2919 3563 :
2958 3509 3183 3578 proinde
3208 3523 3329 3575 quae
3361 3513 3515 3560 extra
3549 3521 3607 3558 se

2033 3611 2159 3676 sint,
2188 3623 2349 3678 quam
2387 3605 2589 3676 optima
2616 3602 2765 3656 illum
2797 3608 2989 3655 cuncta
3017 3599 3244 3661 eliicere,
3280 3598 3334 3650 in
3363 3596 3604 3649 ordinem

2033 3716 2098 3754 ex
2131 3697 2539 3768 perturbatione
2583 3693 2830 3763 digesta:
2886 3702 3159 3762 postremo
3215 3687 3308 3756 qui
3361 3686 3604 3741 omnium

2034 3806 2222 3845 curam
2273 3798 2445 3859 gerat,
2482 3802 2655 3855 caque
2711 3801 2808 3855 pro
2866 3797 3079 3837 summa
3131 3787 3397 3850 potestate
3427 3786 3604 3836 ornet,

2037 3883 2274 3936 humano
2311 3880 2472 3934 etiam
2506 3877 2690 3948 generi
2725 3877 3051 3946 prospicere.
3081 3893 3096 3925 ι
3137 3872 3200 3925 Et
3226 3871 3412 3941 paucis
3441 3870 3608 3922 inter-

2032 3978 2224 4046 jecus:
2251 3993 2269 4028 ‹
2304 3973 2380 4027 Ac
2402 3971 2552 4025 Plato
2583 3971 2824 4040 quidem,
2853 3969 3045 4037 inquit,
3089 3966 3160 4020 ita
3195 3963 3405 4018 statuit.
3446 3959 3610 4031 799

2037 4071 2106 4124 At
2144 4084 2270 4122 vero
2299 4063 2595 4128 Aristoteli,
2633 4063 2759 4115 dum
2796 4059 3146 4114 excellentem
3171 4056 3314 4109 iliam
3344 4053 3613 4107 divinam-

2038 4179 2146 4234 que
2184 4170 2437 4216 naturam
2470 4158 2725 4226 abigens,
2771 4169 2920 4223 spem
2974 4152 3137 4206 simul
3189 4148 3356 4203 futuri
3393 4161 3609 4200 omnem

2039 4255 2222 4310 animo
2245 4258 2475 4315 resecat,
2507 4247 2671 4304 simul
2694 4246 2857 4300 etiam
2890 4245 2978 4298 hic
3014 4257 3232 4298 onmem
3276 4254 3401 4309 erga
3453 4252 3614 4305 supe-

2042 4363 2135 4401 ros
2164 4344 2568 4400 observantiam
2607 4355 2668 4394 ac
2707 4340 2956 4409 pietatem
3000 4334 3214 4394 aufert;
3247 4347 3369 4402 qua:
3398 4329 3614 4383 tandem

2041 4448 2164 4487 cum
2194 4431 2418 4485 Platone
2449 4428 2760 4484 communio
2794 4441 2917 4481 esse
2941 4421 3154 4494 possit?
3181 4419 3468 4487 Quomodo
3493 4416 3618 4470 Pla-

2044 4524 2188 4578 tonis
2211 4523 2277 4576 ad
2306 4532 2538 4576 mentem
2597 4532 2930 4586 sensumque
2960 4511 3427 4583 complectendum
3474 4509 3614 4562 idem

2045 4618 2384 4680 adhortetur,
2417 4614 2670 4682 illiusque
2714 4611 3016 4665 doctrinam
3049 4607 3156 4660 ulla
3190 4621 3255 4658 ex
3308 4611 3456 4674 parte
3486 4617 3618 4656 con-

2047 4708 2256 4763 lirmet?
2285 4705 2490 4762 Contra
2521 4719 2673 4768 sane,
2708 4700 2970 4771 improbis
3010 4698 3311 4767 adjutorem
3352 4708 3409 4748 se
3440 4692 3618 4762 palam

1975 4813 2112 4872 Dac
2165 4799 2388 4854 sceleris
2444 4796 2829 4852 administrum
2889 4791 3191 4862 proﬁtetur.
3245 4785 3419 4839 Homo
3472 4784 3618 4836 enim

2048 4895 2299 4965 quisquis
2328 4904 2430 4958 est,
2462 4902 2624 4962 atque
2657 4888 2914 4944 humanis
2965 4883 3359 4954 cupiditatibus
3410 4877 3618 4931 involu-

2049 4996 2137 5047 tus
2158 5029 2172 5052 ,
2205 4987 2249 5041 is
2279 4986 2324 5041 si
2377 4986 2510 5040 deos
2558 4981 2726 5038 semel
2757 4976 3168 5045 contempserit,
3204 4988 3304 5030 nec
3344 4985 3440 5024 eos
3464 4969 3530 5022 ad
3565 4984 3620 5026 se

2049 5194 2139 5250 sit.
2172 5194 2354 5261 Itaque
2385 5190 2544 5258 paulo
2577 5196 2719 5261 post.
2771 5201 2868 5255 pro
2915 5180 3230 5261 ᾁναϐαῐνεοι,
3271 5190 3465 5231 sensus
3512 5189 3619 5225 om-

2049 5265 2180 5319 nino
2214 5251 2451 5330 postul'ut
2481 5261 2545 5313 ἂν
2578 5251 2930 5330 Saltim-quod
2968 5251 3204 5330 rrposui.

2121 5313 2510 5404 (68⁵)-Ἇρχιὶν
2540 5313 2602 5382 τὲ
2631 5313 2934 5395 mirga-sca.
2972 5313 3215 5376 Platonis
3249 5319 3425 5371 locum
3461 5313 3621 5365 hach

2049 5403 2195 5474 sup.,
2227 5403 2567 5474 pag.75.‘)l.“
2616 5470 2626 5474 Α
2721 5468 2730 5474 _
2808 5467 2829 5474 _
2989 5462 3035 5474 __
3077 5461 3108 5474 η
3322 5456 3441 5474 ,ἠγ
3477 5452 3524 5474 Ἀ
3559 5449 3610 5474 _,

2122 5461 2479 5544 (69)'7T‘odtoo
2603 5468 2773 5544 ἐκτὸς
2797 5461 3223 5544 ᾂιιιιςιι.“Μιι11οιῐι,
3258 5461 3443 5510 τοῦτον
3471 5461 3527 5506 δὲ
3558 5461 3624 5504 τα

2051 5533 2383 5607 ἐκτὸςὸντα,
2417 5541 2484 5594 τά
2511 5540 2567 5592 δὲ
2597 5537 2759 5592 αὐτοῦ
2794 5537 2946 5597 ἐκτὸς
2973 5533 3120 5586 ὄντα.

2124 5616 2233 5686 (70)
2264 5613 2422 5686 Forte
2449 5613 2574 5686 τούς
2600 5609 2934 5686 κρείττονας.

2125 5673 2234 5755 (71)
2271 5673 2688 5755 ρῦτοςηΜιιιὶἱιι
2723 5677 2914 5740 οὓτως,
2943 5691 3066 5730 cum
3103 5673 3274 5726 altero
3308 5681 3410 5726 ιιιες

2124 5749 2236 5828 (72)
2268 5753 2428 5812 Forte
2453 5749 2755 5812 κάκείνους.
