4090 6382
512 325 645 384 1511

1175 332 1442 390 EUSEBII
1484 336 1963 394 CESABIENSS
2000 337 2150 394 OPP.
2192 336 2376 394 PARS
2412 338 2473 392 ll.
2512 368 2582 377 —
2612 336 3114 395 APOLUGETICA.

3633 335 3782 392 15l‘3

506 445 808 516 quidquam
862 451 1136 519 pertinere
1188 455 1495 521 putaverit,
1534 462 1821 526 propterea
1867 457 2008 527 quod
2037 468 2084 512 et

2193 457 2321 530 περὶ
2352 455 2446 510 τοῦ
2480 455 2661 510 λαθεῖν
2688 454 2978 510 ἀδικοῦντα
3012 458 3114 511 οὐκ
3148 457 3428 520 ἀδύνατον,
3463 455 3528 510 ἄν
3572 473 3636 525 γε
3676 457 3779 511 ἀν-

506 538 704 607 p'rocul
728 538 798 594 ab
825 540 895 595 iis
928 541 1215 613 scjunctus
1251 545 1341 599 hic
1369 545 1531 615 vivat,
1564 563 1664 603 nec
1703 557 1825 618 post
1863 559 2089 604 mortem

507 628 655 685 ullus
682 630 754 685 sit
776 628 1036 689 futurus:
1074 634 1267 705 utique
1307 637 1467 707 genio
1517 636 1748 693 ﬁdenter
1789 639 2087 711 indulgeat.

504 717 645 774 Nam
692 720 739 775 si
789 720 1044 780 homines
1071 733 1281 780 tantum
1332 725 1553 783 fallendi
1583 738 1765 795 erunt,
1814 730 1952 784 nihil
1985 731 2092 785 erit

504 811 756 879 omnino,
803 815 1160 883 quamobrem
1195 833 1312 885 eos,
1346 834 1470 874 cum
1520 819 1767 890 improbe
1797 822 1977 888 faciet,
2009 822 2089 877 la-

507 910 623 956 tere
651 918 710 957 se
742 919 907 974 posse
936 906 1188 978 desperet
1222 928 1236 964 :
1288 912 1401 966 imo
1445 927 1546 967 nec
1590 912 1857 968 latebram
1901 914 2090 970 sceleri

506 995 803 1051 admodum
835 1002 1186 1067 quaerendam
1216 1005 1448 1073 putabit,
1495 1006 1543 1061 si
1573 1021 1640 1062 ex
1668 1007 1736 1062 iis
1766 1008 1858 1078 qui
1895 1008 2088 1078 depreo

508 1085 820 1152 henderint,
841 1098 1029 1147 tenere
1057 1108 1121 1148 ac
1148 1096 1407 1151 cohibere
1435 1112 1595 1153 nemo
1623 1099 1839 1168 poterit.
1864 1100 1941 1154 lta
1957 1099 2091 1154 faci-

506 1179 576 1235 lis
609 1182 906 1238 admodum
944 1201 1009 1241 ac
1037 1188 1295 1257 proclivis
1324 1192 1389 1245 ad
1410 1189 1811 1260 improbitatem
1834 1192 1882 1246 ei
1906 1192 2090 1262 lapsus

505 1281 609 1341 est,
671 1274 765 1345 qui
824 1278 890 1332 de
933 1277 1278 1335 Providentia
1329 1298 1482 1352 spem
1544 1300 1762 1339 omnem
1809 1286 2085 1354 abjeeerit.

506 1364 745 1423 Prorsus
776 1369 921 1423 enim
955 1371 1226 1437 videlicet,
1272 1375 1355 1428 vir
1406 1375 1584 1430 bonus
1625 1375 1715 1432 ille
1768 1377 1839 1432 sit
1868 1393 2089 1434 necesse

505 1467 609 1526 est,
640 1460 732 1529 qui
762 1472 1052 1533 postquam
1087 1465 1248 1520 nobis
1303 1467 1634 1537 voluptatem
1668 1469 1796 1525 hinc
1827 1480 2087 1540 tanquam

504 1550 711 1606 bonum
781 1555 1003 1626 aliquod
1062 1560 1403 1628 porrexerit,
1469 1560 1642 1616 Deum
1695 1562 1823 1619 inde
1878 1574 2085 1620 metum

504 1660 723 1699 omnem
763 1650 1077 1717 sustulerit;
1104 1651 1428 1720 prohibendi
1476 1662 1658 1709 tamen
1691 1656 1915 1712 sceleris
1941 1660 2086 1713 viam

504 1735 609 1791 sibi
634 1738 814 1794 adhuc
838 1749 893 1795 et
923 1743 1188 1798 rationem
1216 1745 1454 1815 aliquam
1488 1756 1877 1816 repraesentare
1905 1749 2088 1804 videa-

504 1837 617 1885 tur.
649 1828 884 1886 Perinde
934 1834 1161 1890 omnino
1196 1851 1261 1891 ac
1295 1837 1342 1891 si
1380 1837 1625 1893 medicus
1658 1838 1862 1909 aliquis
1884 1883 1898 1907 ,
1932 1852 2086 1910 post-

501 1935 667 1990 quam
697 1934 902 1995 πει-οιο
934 1928 1138 1982 nullam
1172 1927 1302 1983 dum
1329 1928 1507 1985 adhuc
1536 1931 1740 1987 viveret
1755 1948 1911 2002 opem
1942 1944 2087 1989 attu-

504 2014 663 2071 lisset
694 2034 708 2070 :
736 2018 1011 2075 exstincto
1044 2021 1263 2075 demum
1295 2022 1451 2078 novis
1486 2023 1698 2080 artibus
1731 2025 1959 2081 salutem
1990 2043 2083 2097 pa-

502 2118 672 2162 raret.
700 2106 1005 2166 Persimilis
1028 2113 1218 2184 utique
1241 2112 1587 2185 Peripatetici
1610 2118 1782 2172 nostri
1814 2118 1953 2173 ratio
1979 2128 2083 2174 est.

501 2197 614 2255 Nec
636 2200 779 2256 enim
808 2210 1018 2258 tantum
1051 2222 1292 2275 unquam
1318 2222 1384 2263 ex
1417 2208 1713 2279 voluptatis
1734 2212 2085 2281 appetitione,

501 2302 768 2358 quantum
796 2308 863 2349 ex
893 2295 1089 2353 divinae
1136 2297 1499 2356 Providentiae
1545 2302 1834 2373 negatione
1872 2303 2088 2361 roboris

500 2376 834 2448 improbitati
866 2400 930 2440 ac
963 2387 1159 2443 virium
1216 2391 1529 2448 accesserit.
1578 2392 1722 2460 Quid
1754 2409 1908 2465 ergo,
1943 2396 2091 2452 dicat

503 2471 727 2543 aliquis,
759 2483 815 2531 tu
840 2479 1031 2534 eodem
1082 2481 1135 2535 in
1169 2482 1288 2539 loco
1317 2485 1693 2554 Aristotelem,
1730 2503 1841 2559 quo
1884 2488 2087 2558 Epicu-

501 2577 624 2618 rum
655 2565 946 2625 habiturus
969 2572 1075 2627 es?
1104 2572 1397 2633 Enimvero
1446 2579 1638 2633 eodem
1662 2619 1678 2643 ,
1730 2580 1836 2636 hoc
1865 2581 2085 2651 quidem

497 2655 555 2709 in
589 2670 800 2727 genere.
824 2659 961 2717 Nam
978 2666 1227 2734 obsecro,
1251 2678 1440 2726 nostra
1475 2671 1604 2741 quid
1629 2672 1875 2742 interest,
1902 2682 2085 2730 utrum

496 2759 566 2801 ex
596 2750 801 2807 mundo
848 2750 1061 2812 Numen
1115 2761 1484 2830 extermines,
1535 2764 1808 2835 nobisque
1857 2782 1983 2822 cum
2020 2782 2088 2824 eo

500 2843 908 2901 communionis
968 2848 1250 2932 relinquas
1304 2836 1441 2907 nihil
1488 2872 1501 2908 :
1556 2870 1625 2910 an
1690 2872 1832 2927 quos
1892 2859 2085 2915 eodem

499 2933 708 2991 mundo
745 2936 880 2994 deos
909 2939 1219 3008 incluseris,
1240 2959 1333 3000 eos
1360 2946 1429 3001 ab
1458 2949 1608 3003 omni
1635 2959 1903 3005 terrarum
1936 2968 2086 3008 eom-

500 3028 709 3084 mercio
733 3044 977 3102 curaque
1028 3036 1392 3094 submoveas?
1432 3038 1684 3112 [Equalis
1730 3043 1984 3101 videlicet
2018 3061 2085 3102 ex

501 3125 737 3190 utraque
765 3122 1039 3190 doctrina,
1075 3142 1201 3182 eum
1238 3128 1292 3183 in
1324 3131 1428 3188 diis
1456 3133 1746 3189 hominum
1789 3137 2082 3208 neglectio,
2112 3152 2153 3208 ο

501 3217 616 3265 tum
644 3212 814 3267 divini
848 3225 1027 3273 metus
1052 3216 1105 3272 in
1131 3219 1397 3290 improbis
1418 3224 1667 3281 vacuitas
1697 3240 2084 3299 consequetur.

501 3300 638 3357 Nam
675 3306 823 3375 quod
857 3322 922 3363 ex
954 3309 1045 3374 iis,
1095 3311 1227 3365 dum
1259 3312 1314 3367 in
1352 3314 1492 3370 cmlo
1519 3327 1843 3385 versantur,
1874 3319 2087 3379 fructus

501 3394 708 3464 aliquid
758 3413 862 3455 nos
919 3401 1084 3456 etiam
1133 3404 1419 3474 capiamus
1461 3425 1474 3462 :
1517 3409 1715 3478 primo,
1773 3420 1948 3468 totum
1982 3414 2087 3473 hoc

499 3486 659 3542 nobis
691 3503 815 3547 cum
862 3491 1030 3548 rebus
1079 3509 1190 3549 non
1226 3497 1438 3553 ratione
1494 3507 1736 3566 tantum,
1774 3504 1869 3559 sed
1919 3507 2083 3563 etiam

497 3578 609 3633 vita
638 3582 954 3638 carentibus
988 3599 1282 3643 commune
1298 3596 1415 3657 est;
1444 3590 1659 3661 deinde,
1689 3594 1923 3652 similem
1949 3615 2087 3669 quo-

497 3684 607 3738 que
637 3686 668 3724 a
692 3670 799 3727 diis
821 3686 978 3743 opem
1014 3676 1329 3735 hominibus
1348 3680 1619 3752 Epicurus
1636 3689 1892 3743 ostendit.
1920 3692 2087 3763 800

500 3759 633 3827 Quae
671 3764 815 3818 enim
851 3780 918 3820 ex
953 3768 1061 3824 illis
1112 3771 1321 3840 optima
1368 3774 1651 3842 defluunt,
1706 3780 1907 3850 quibus
1938 3759 2083 3854 ’ίρεᾷ

498 3855 850 3927 contigerint,
884 3860 1184 3932 ingentium
1221 3864 1487 3922 bonorum
1518 3883 1716 3928 causas
1745 3888 1868 3930 esse
1901 3877 2079 3934 docet.

499 3946 851 4004 Atneutrum
879 3952 1126 4021 profecto
1159 3955 1266 4011 ulla
1304 3958 1357 4012 in
1396 3958 1760 4020 Providentiae
1806 3977 1963 4037 parte
1990 3986 2081 4026 re-

498 4040 816 4110 ponendum
845 4052 945 4099 est.
986 4045 1122 4101 Nam
1156 4048 1202 4103 si
1230 4064 1297 4103 ex
1330 4048 1551 4121 Epicuri
1578 4063 1777 4124 mente,
1811 4067 1869 4114 ut
1896 4060 1951 4114 in
1984 4062 2082 4117 bo-

498 4143 697 4185 norum
730 4146 956 4188 suorum
985 4139 1405 4196 conservatione
1430 4156 1649 4198 omnem
1677 4160 1706 4201 a
1738 4146 1843 4203 diis
1872 4151 2081 4208 sollici-

496 4222 743 4277 tudinem
777 4224 1027 4281 adhiberi
1055 4228 1204 4291 velit.
1247 4229 1493 4288 funditus
1526 4242 1704 4292 tamen
1732 4235 2080 4300 Providentia

497 4313 744 4385 tollitur;
792 4317 1016 4374 tollatur
1069 4321 1257 4377 eadem
1315 4324 1632 4385 Aristotelis
1686 4346 1752 4386 ex
1808 4339 2077 4393 sententia

499 4420 723 4462 necesse
748 4416 853 4471 est,
901 4411 1116 4465 tametsi
1147 4427 1333 4467 rerum
1378 4414 1432 4468 in
1462 4417 1769 4474 caelestium
1808 4422 2080 4492 guberna—

2193 547 2446 620 θρώπους
2487 548 2582 622 δέῃ
2619 548 2931 603 λανθάνειν·
2961 550 3022 601 οὐ
3079 546 3184 620 μὴν
3224 548 3334 619 (75)
3381 549 3678 614 ἀναγκαῖον
3707 550 3781 602 ἐκ

2193 639 2398 704 παντὸς
2421 640 2605 694 λαθεῖν
2631 640 2836 712 ζητεῖν,
2867 640 3004 693 ὅπου
3035 640 3098 709 γέ
3124 658 3208 704 τις
3235 640 3345 693 τῶν
3370 639 3779 711 πεφωρακότων

2192 732 2413 800 κρατεῖν
2445 729 2669 794 δυνατός
2713 728 2825 803 (74)
2851 733 3020 784 ἐστιν.
3054 731 3217 783 Ὥστε
3248 729 3467 801 ἕτοιμόν
3497 747 3549 782 τι
3582 729 3778 801 χρῆμα

2191 824 2330 896 πρὸς
2372 823 2589 878 ἀδικίαν
2632 825 2666 895 ἡ
2698 823 2801 894 τῆς
2838 822 3103 896 Προνοίας
3147 823 3477 891 ἀπόγνωσις.
3538 821 3780 883 Ἐκεῖνος

2195 914 2293 985 μὲν
2317 915 2426 984 γάρ
2456 915 2551 969 καὶ
2579 914 2721 968 πάνυ
2745 915 2980 986 χρηστός
3000 916 3145 968 ἐστιν
3164 914 3274 986 (75)
3287 915 3433 977 ὅστις
3454 912 3555 985 τὴν
3582 913 3780 985 ἡδονὴν

2190 1007 2323 1076 ἡμῖν
2362 1005 2652 1079 προτείνας
2686 1005 2763 1070 ὡς
2791 1005 3016 1076 ἀγαθὸν,
3058 1006 3152 1060 καὶ
3182 1006 3281 1077 τὴν
3317 1007 3381 1059 ἐκ
3420 1005 3557 1059 θεῶν
3591 1005 3781 1059 ἄδειαν

2192 1095 2628 1167 παρασχόμενος,
2661 1096 2741 1149 ἔτι
2776 1096 3025 1169 μηχανὴν
3054 1096 3189 1169 πρὸς
3221 1096 3281 1150 τὸ
3331 1097 3405 1168 μὴ
3444 1096 3650 1150 ἀδικεῖν
3680 1112 3783 1149 πο-

2193 1186 2364 1259 ρίζειν
2406 1187 2611 1241 οἴεται·
2643 1187 2829 1260 ὅμοιόν
2871 1205 2925 1242 τι
2980 1189 3150 1242 ποιῶν
3186 1189 3377 1261 ίατρῷ,
3436 1188 3534 1260 τὴν
3564 1188 3666 1259 μὲν
3696 1187 3778 1241 ἔτι

2190 1279 2394 1344 ζῶντος
2429 1279 2521 1333 τοῦ
2554 1279 2855 1352 κάμνοντος
2890 1280 3140 1352 βοήθειαν
3162 1282 3411 1353 παρέντι,
3444 1280 3581 1351 μετά
3612 1277 3776 1333 θάνα-

2187 1387 2279 1424 τον
2311 1371 2368 1424 δὲ
2406 1370 2625 1424 πλέκειν
2670 1370 2823 1435 τινάς
2866 1371 2975 1443 (76)
3020 1372 3120 1443 μὲν
3167 1373 3415 1445 μηχανὰς
3449 1369 3783 1442 πειρωμένῳ

2190 1461 2327 1533 πρὸς
2353 1462 2626 1535 σωτηρίαν
2646 1463 2742 1518 τοῦ
2762 1463 3077 1529 τεθνεωτος.
3095 1464 3501 1538 Παραπλησίως
3519 1464 3578 1517 δὲ
3601 1462 3782 1533 τούτῳ

2188 1554 2284 1608 καὶ
2310 1555 2338 1607 ὁ
2364 1555 2821 1628 Περιπατητικός.
2857 1558 2932 1611 Ού
2965 1557 3075 1629 γάρ
3107 1556 3279 1620 οὓτως
3307 1558 3340 1628 ή
3376 1556 3505 1626 περὶ
3534 1553 3634 1625 τὴν
3662 1553 3784 1624 ἡδοο

2188 1646 2286 1717 νὴν
2322 1646 2547 1719 σπουδὴ,
2577 1648 2652 1713 ὡς
2708 1650 2741 1721 ἡ
2776 1649 2904 1721 περὶ
2930 1650 2992 1703 τὸ
3015 1650 3190 1714 Θεῖον,
3242 1649 3322 1702 ὅτι
3367 1647 3605 1720 κήδοιτο,
3645 1646 3780 1698 ἀπι-

2191 1738 2335 1804 στία,
2374 1739 2475 1811 τὴν
2526 1740 2741 1795 ἀδικίαν
2784 1740 3169 1813 ἐπιρρώννυσι.
3208 1741 3274 1795 Τί
3314 1736 3407 1795 οὖν
3433 1779 3447 1803 ,
3484 1740 3658 1810 φήσαι
3695 1754 3782 1799 τις

2190 1828 2276 1890 ἂν,
2318 1832 2375 1884 ἐν
2421 1830 2603 1902 ταύτῷ
2636 1832 2822 1903 θήσεις
2866 1834 3248 1906 Ἀριστοτέλην
3282 1833 3375 1888 καὶ
3414 1831 3779 1900 Ἐπίκουρονς

2192 1919 2340 1974 Πάνυ
2386 1921 2483 1991 μὲν
2516 1918 2632 1987 οὖν,
2684 1921 2760 1987 ὣς
2793 1940 2856 1993 γε
2886 1923 3022 1995 πρὸς
3047 1923 3108 1977 τὺ
3131 1923 3510 1996 προκείμενον.
3561 1920 3627 1974 Τί
3670 1919 3783 1989 γάρ

2189 2012 2432 2085 διαφέρει
2465 2014 2603 2087 πρὸς
2637 2017 2807 2087 ἡμᾶς,
2833 2015 2866 2088 ἢ
2893 2017 2983 2070 τοῦ
3030 2017 3236 2088 κόσμου
3283 2017 3343 2071 τὸ
3376 2017 3529 2070 Θεῖον
3578 2012 3785 2078 ἐξοικί-

2193 2103 2410 2169 σασθαι,
2449 2107 2543 2159 καὶ
2565 2107 2833 2179 μηδεμίαν
2863 2110 2993 2181 ἡμῖν
3016 2108 3151 2181 πρὸς
3176 2109 3306 2163 αὐτὸ
3328 2108 3616 2163 κοινωνίαν
3639 2106 3782 2159 ἀπο-

2190 2194 2388 2261 λιπεῖν,
2413 2196 2444 2268 ἤ
2475 2198 2532 2251 ἐν
2561 2198 2752 2271 κόσμῳ
2781 2201 2908 2263 τοὺς
2941 2201 3096 2265 θεοὺς
3121 2200 3503 2275 καθείρξαντα,
3537 2201 3648 2256 τῶν
3688 2198 3783 2253 ἐπὶ

2191 2292 2297 2363 γῆς
2325 2293 2666 2363 πραγμάτων
2693 2294 3035 2365 ἀποστῆσαι;
3065 2294 3201 2347 Κατ’
3231 2294 3343 2347 ἴσον
3387 2293 3498 2366 γὰρ
3532 2294 3779 2366 ἀμφοτέ-

2192 2401 2308 2455 ροις
2332 2384 2391 2438 τὸ
2416 2386 2481 2437 ἐκ
2504 2384 2642 2438 θεῶν
2673 2384 2873 2457 ἀμελὲς
2903 2388 2983 2451 είς
3010 2388 3137 2451 τοὺς
3164 2386 3486 2458 ἀνθρώπους
3506 2428 3521 2453 ,
3561 2391 3657 2443 καὶ
3690 2390 3779 2465 ῑση

2189 2478 2300 2540 τοῖς
2321 2474 2598 2530 ἀδικοῦσιν
2617 2476 2728 2531 ἀπὸ
2750 2477 2859 2531 τῶν
2884 2477 3022 2532 θεῶν
3052 2477 3225 2532 ἄδεια.
3256 2479 3328 2531 Τὸ
3358 2478 3414 2532 δέ
3440 2480 3782 2552 κινουμένων

2190 2564 2298 2619 τῶν
2317 2565 2426 2637 (77)
2444 2569 2569 2621 κατ’
2590 2568 2819 2639 ούρανδν
2845 2568 2941 2622 καλ⁸
2963 2569 3113 2639 ἡμᾶς
3127 2586 3181 2622 τι
3205 2570 3440 2641 χρηστὸν
3462 2570 3781 2625 ἀπολαύεινδ

2193 2658 2429 2729 μάλιστα
2467 2660 2569 2731 μὲν
2598 2660 2774 2714 κοινὸν
2812 2661 2907 2714 καὶ
2936 2660 3147 2726 ἀλόγων
3181 2662 3275 2715 καὶ
3302 2662 3527 2733 ἀψύχων
3545 2682 3557 2693 ·
3592 2664 3697 2735 ἥδη
3722 2664 3779 2717 δὲ

2188 2750 2362 2824 ταύτῃ
2389 2767 2473 2820 γε,
2503 2752 2598 2807 καὶ
2620 2752 2739 2807 κατ’
2775 2752 3097 2825 Ἐπίκουρον
3121 2752 3309 2825 ὄνησις
3328 2758 3440 2821 τοῖς
3466 2754 3778 2826 ἀνθρώποις

2188 2844 2297 2897 ἀπὸ
2341 2843 2478 2898 θεῶν
2527 2845 2758 2914 γίνεται.
2807 2845 2918 2909 Τάς
2953 2846 3085 2915 γοῦν
3142 2846 3418 2917 βελτίονας
3471 2849 3778 2923 ἀπορροίας

2187 2935 2366 2992 αὐτῶν
2410 2953 2543 3007 φασι
2575 2938 2685 3000 τοῖς
2720 2937 3046 3008 μετασχοῦσι
3092 2939 3342 3009 μεγάλων
3375 2940 3598 3010 ἀγαθῶν
3632 2959 3778 3015 παρ⁴⁵

2185 3028 2367 3093 αιτίας
2392 3028 2666 3097 γενέσθαι.
2711 3029 2850 3082 Ἀλλ’
2880 3028 3004 3083 οὔτε
3030 3029 3242 3097 τοῦτον,
3277 3031 3399 3086 οὔτε
3429 3034 3634 3087 ἐκεῖνον
3661 3032 3776 3105 (78)

2187 3117 2394 3176 δίκαιον
2429 3121 2487 3173 ἐν
2517 3119 2782 3189 Προνοίας
2829 3120 3178 3192 ἀριθμεῖσθαι
3225 3122 3393 3195 λόγῳ.
3444 3124 3621 3198 Εἴπερ
3663 3124 3776 3198 γὰρ

2188 3212 2284 3266 καὶ
2310 3211 2431 3265 κατ’
2469 3211 2792 3284 Ἐπίκουρον
2819 3212 2880 3266 τὸ
2904 3214 3003 3286 τῆς
3034 3215 3299 3287 Προνοίας
3329 3216 3557 3289 οἴχεται,
3595 3220 3778 3275 καίτοι

2186 3304 2294 3356 τῶν
2326 3302 2464 3358 θεῶν
2512 3305 2632 3357 κατ’
2661 3303 2823 3358 αὑτὸν
2869 3307 3051 3361 πᾶσαν
3109 3308 3440 3380 κηδεμονίαν
3490 3310 3631 3384 ὑπὲρ
3673 3312 3776 3383 τῆς

2190 3395 2463 3468 σωτηρίας
2497 3396 2603 3452 τῶν
2640 3397 2858 3451 οἰκείων
2882 3398 3107 3467 ἀγαθῶν
3130 3401 3532 3473 εἰσφερομένων
3552 3419 3566 3433 ·
3600 3402 3775 3470 οὕτως

2185 3489 2251 3544 ἂν
2285 3490 2486 3560 οῐχοιτο
2513 3491 2607 3545 καὶ
2625 3491 2745 3544 κατ’
2788 3492 3167 3566 Ἀριστοτέλην
3192 3493 3253 3547 τὸ
3284 3494 3381 3566 τῆς
3412 3496 3700 3567 Προνοίας,
3725 3498 3775 3550 εί

2186 3575 2280 3635 καὶ
2312 3581 2381 3635 τά
2405 3583 2526 3635 κατ’
2550 3583 2779 3655 οὐρανὸν
2813 3587 2871 3637 ἐν
2895 3582 3046 3650 τάξει
3079 3586 3186 3639 τινὶ
3216 3587 3308 3641 καὶ
3337 3588 3525 3660 κόσμῳ
3552 3589 3776 3644 διοικεῖ-

2184 3690 2293 3727 ται.
2327 3673 2588 3746 Πρόνοιαν
2613 3674 2722 3747 γὰρ
2747 3675 3015 3748 ζητοῦμεν
3043 3679 3177 3748 ἡμῖν
3204 3679 3594 3752 διαφέρουσαν,
3617 3678 3685 3755 ἧς
3711 3684 3772 3737 οὐ

2188 3766 2407 3837 μέτεστι
2433 3767 2512 3840 τῷ
2552 3769 2691 3840 μήτε
2718 3767 3000 3841 δαίμονας,
3032 3772 3169 3843 μήτε
3217 3773 3422 3845 ἥρωας,
3468 3776 3606 3847 μήτε
3636 3775 3772 3839 ὅλως

2184 3858 2549 3931 ἐπιδιαμένειν
2605 3860 2864 3917 δύνασθαι
2914 3862 3012 3927 τάς
3060 3864 3238 3935 ψυχὰς
3299 3869 3766 3940 συγκεχωρηκότι.

2197 3954 2402 4009 Ἐκεῖνο
2436 3954 2493 4009 δέ
2545 3973 2635 4026 μοι
2675 3960 2837 4029 κριτῇ
2878 3960 2974 4013 καὶ
3021 3962 3505 4034 αίσχυντηλότερον
3536 3965 3565 4017 ὁ
3616 3964 3767 4019 Ἐπί-

2183 4060 2377 4117 κουρος
2405 4046 2554 4101 δοκεῖ
2585 4050 2966 4120 πεποιηκέναι.
3012 4052 3222 4125 Ὥσπερ
3260 4053 3369 4127 γάρ
3389 4054 3665 4123 ἀπογνοὺς
3687 4056 3767 4111 δύο

2181 4138 2374 4193 νασθαι
2396 4139 2522 4204 τοὺς
2558 4139 2713 4207 θεοὺς
2745 4142 3083 4215 ἀποσχέσθαι
3118 4146 3217 4217 τῆς
3265 4146 3567 4220 ἀνθρώπων
3605 4151 3764 4222 κηδε-

2183 4232 2391 4302 μονίας,
2429 4233 2510 4297 είς
2538 4233 2735 4288 ταύτὸν
2763 4234 3018 4302 ἐλθόντας
3044 4239 3246 4305 αὐτοῖς,
3282 4239 3534 4314 καθάπερ
3562 4244 3642 4308 εἰς
3674 4243 3764 4297 ἀλ-

2179 4322 2418 4395 λοδαπὴν
2465 4324 2736 4397 ἀπῴκισε,
2777 4328 2871 4382 καὶ
2910 4328 3017 4395 ἔξω
3068 4349 3171 4385 που
3226 4332 3322 4386 τοῦ
3358 4334 3565 4406 κόσμου
3609 4337 3762 4392 καθί-

2178 4413 2362 4485 δρυσε,
2394 4414 2455 4469 τὸ
2502 4416 2868 4488 ἀπάνθρωπον
2900 4418 3081 4473 αὐτῶν
3116 4423 3182 4492 τῇ
3222 4422 3521 4477 ἀποστάσει
3574 4425 3669 4479 καὶ
3694 4427 3759 4498 τῇ

496 4497 648 4553 tione
695 4499 907 4557 ordinis
953 4502 1158 4573 aliquid
1192 4514 1532 4577 ornatusque
1573 4511 1838 4567 videatur.
1874 4514 1944 4569 At
1976 4532 2077 4571 nos

2186 4504 2316 4576 πρὸς
2354 4505 2499 4561 ἅπαν
2556 4507 2923 4581 ἀκοινωνησίᾳ
2951 4509 3063 4582 (79)
3106 4513 3559 4584 παραιτούμενος.
3618 4517 3677 4571 '0

496 4604 641 4658 eam,
679 4607 801 4663 qua:
832 4606 1020 4651 nostra
1054 4598 1291 4665 intersit,
1327 4598 1730 4659 Providentiam
1754 4609 2073 4677 quaerimus,

496 4700 605 4754 qua
642 4699 776 4741 sane
815 4698 1000 4745 careat
1064 4701 1308 4762 oportet,
1363 4694 1456 4765 qui
1513 4711 1613 4752 nec
1660 4696 1934 4758 daemones
1982 4712 2077 4758 aut

496 4775 712 4844 heroes,
739 4794 840 4836 nec
867 4782 1083 4838 animos
1111 4799 1339 4854 prorsus
1372 4787 1516 4846 ullos
1549 4791 1912 4860 sempiternos
1953 4811 2075 4852 esse

496 4868 778 4925 concedat.
828 4869 895 4926 Et
941 4888 1094 4938 vero,
1129 4891 1216 4932 me
1255 4877 1478 4947 judice,
1533 4884 1897 4941 verecundius
1948 4885 2076 4943 fecit

494 4956 785 5029 Epicurus,
813 4963 907 5033 qui
931 4965 1077 5035 quod
1109 4966 1225 5022 ﬁeri
1256 4983 1421 5039 posse
1447 4970 1777 5043 desperaret,
1812 4978 1889 5031 uti
1923 4994 1981 5034 se
2005 4979 2074 5035 ab

494 5053 781 5111 hominum
804 5072 959 5124 cura,
1002 5059 1049 5115 si
1082 5061 1251 5117 semel
1299 5077 1422 5118 cum
1466 5063 1535 5121 iis
1563 5080 1933 5139 versarentur,
1978 5088 2074 5128 su-

563 5279 679 5350 (73)
713 5280 873 5338 Forte
903 5284 1027 5339 add.
1054 5285 1182 5339 οὐδ’.

567 5351 680 5417 (74)
705 5351 867 5408 Forte
890 5356 1013 5409 add.
1041 5357 1160 5410 ούκ.

566 5420 681 5504 (ἶδ)
712 5424 1214 5504 Χρηστόςρᾳτιν.
1260 5430 1454 5504 Forte,
1499 5433 1763 5504 χρηστός,
1806 5434 1910 5490 hoc
1949 5436 2071 5492 loco

493 5491 937 5571 zapjegLvulgo‘,
964 5498 1218 5571 plaisont,
1250 5491 1518 5571 gracieux'.

711 5561 874 5635 Forte
894 5561 1000 5623 del.
1029 5570 1197 5635 τινάς.

567 5569 679 5702 (76)
711 5569 872 5620 Forte
894 5569 1000 5623 del.
1029 5570 1197 5635 τινάς.
1252 5569 1265 5571 “
1374 5641 1399 5654 _
1682 5645 1692 5656 _

567 5632 680 5718 777‘)
713 5634 785 5718 Τό
821 5636 889 5691 δὲ
916 5641 1465 5718 ξιιξουμένων-τωκ,
1493 5651 1599 5718 etc.
1637 5644 1696 5700 St
1739 5646 2069 5718 κινουμένων

499 5702 839 5787 placctLlege
871 5709 1049 5787 αὐτῷν
1084 5702 1380 5787 ’μισ-τῶν.
1409 5702 1513 5787 Sed
1566 5724 1805 5787 praastat,
1850 5702 2066 5787 opinor,

499 5788 624 5829 cum
650 5775 820 5833 altero
842 5794 945 5836 ms.
975 5775 1184 5853 Regfet
1206 5783 1440 5843 Montac.
1468 5775 1663 5859 legere,
1693 5786 1755 5841 τὸ
1780 5775 1824 5843 8‘
1846 5775 2068 5846 ἐκείνων

662 5280 681 5493 ξ

2179 4597 2433 4668 περιττὸς
2479 4600 2609 4670 ἡμῖν
2636 4594 2790 4665 οὗτος
2840 4600 2942 4672 τῆς
2968 4602 3186 4673 φύσεως
3231 4604 3477 4677 εὑρετὴς,
3511 4609 3607 4661 καὶ
3655 4608 3762 4662 τῶν

2178 4685 2338 4742 θείων
2364 4690 2703 4761 πραγμάτων
2754 4691 3084 4764 ἐπιγνώμων
3129 4695 3405 4767 ἀκριϐὴς,
3458 4697 3551 4751 ὑπ’
3591 4699 3759 4770 αὐτὴν

2176 4778 2275 4851 τὴν
2308 4780 2429 4851 ὄψιν
2449 4781 2560 4836 τῶν
2582 4782 2719 4838 θεῶν
2747 4784 2816 4839 τὰ
2842 4784 3159 4858 ἀνθρώπινα
3179 4787 3480 4860 πράγματα
3514 4792 3755 4857 ὑποθεὶς,

2177 4871 2360 4925 εἴασεν
2384 4871 2704 4945 ἀτημέλητα
2736 4874 2831 4929 καὶ
2863 4876 3215 4948 ἀφρόντιστα,
3252 4878 3413 4948 φύσει
3441 4881 3550 4935 τινὶ
3585 4882 3677 4936 mi
3696 4883 3755 4936 ού

2177 4963 2306 5035 θείῳ
2337 4964 2585 5037 λογισμῷ
2614 4960 2978 5038 διοικούμενα.
3003 4967 3163 5024 Ὅθεν
3193 4970 3417 5035 εἰκότως
3440 4970 3506 5025 ἂν
3537 4974 3633 5027 καὶ
3655 4974 3753 5026 αύ-

2175 5054 2266 5119 τὸς
2299 5056 2408 5110 οὐδ’
2444 5057 2619 5111 ἐκεῖνο
2649 5058 2708 5111 τὸ
2738 5056 2989 5131 ἔγκλημα
3019 5058 3270 5131 ἐκφύγοι,
3306 5061 3334 5114 ὃ
3356 5062 3475 5116 κατ’
3512 5064 3755 5118 Ἐπίκου-

2177 5302 2576 5377 μενόντωνακατ
2622 5321 2868 5377 ουρανον,
2903 5316 3008 5377 etc.

2244 5374 2356 5444 (78)
2391 5375 2541 5446 οὔτε
2578 5374 2817 5446 τοῦτον,
2870 5376 3012 5430 οὔτε
3037 5376 3289 5432 ἐκεῖνον.
3330 5376 3640 5446 Lugendum
3670 5377 3752 5433 vi-

2172 5443 2477 5519 detur'oﬁte
2503 5444 2681 5512 τοῦτο,
2716 5445 2842 5500 οὔτε
2871 5450 3066 5515 ἐκεῖνο,
3100 5448 3316 5504 tametsi
3344 5443 3558 5519 vulgata
3588 5448 3749 5505 lectio

2172 5514 2298 5569 ferri
2329 5516 2521 5572 possit.

2245 5586 2356 5657 (79)
2395 5587 2583 5641 Ἅπαν
2616 5588 3045 5657 ἀκοινωνησίᾳ.
3080 5587 3157 5643 Ita
3201 5604 3269 5643 ex
3307 5589 3482 5644 altero
3514 5604 3621 5644 ms.
3661 5605 3745 5645 res

2171 5658 2352 5741 posui.
2384 5671 2510 5741 cum
2552 5674 2841 5741 perperam
2866 5668 3005 5741 .ante
3042 5660 3346 5741 legeretur,
3379 5660 3596 5741 ἅπαντα
3636 5678 3745 5714 κοι-

2170 5727 2357 5799 νωνίᾳ,
2374 5728 2592 5855 lgruibus
2627 5744 2692 5787 ex
2733 5729 2913 5787 verbis
2956 5727 3265 5789 contrarius
3291 5730 3516 5795 omnino
3547 5745 3747 5788 sensus

2171 5800 2371 5855 exsiste
2410 5808 2483 5855 at.

2171 5800 2483 5856 exsistebat.
