4034 6390
265 407 419 463 15ιό
1472 408 1791 463 rumpam
1836 407 2090 466 EVANG.
2132 410 2259 464 LIB.
2307 412 2422 465 xv.
3422 418 3562 478 tm

261 528 365 602 ρόν
403 527 535 600 (80)
568 549 715 596 τινες
753 530 1132 602 μαντεύονται·
1169 532 1243 595 ώς
1285 531 1392 603 ἄρα
1433 531 1506 603 μὴ
1547 531 1688 585 κατά
1739 531 1849 602 γνώ

1955 535 2098 602 peri
2151 534 2508 600 abstinerent,
2561 549 2656 589 eos
2687 534 2766 589 sic
2808 544 3068 606 tanquam
3123 537 3176 593 in
3211 541 3560 612 peregrinum

264 637 409 692 μην,
452 622 615 676 ἀλλά
634 625 718 678 διὰ
741 625 803 677 τὸ
819 625 954 695 πρὸς
985 623 1287 696 ἀνθρώπων
1315 623 1431 688 δέος
1454 626 1566 687 τοῖς
1593 623 1735 687 θεοῖς
1759 641 1850 677 κατ

1985 626 2208 695 aliquod
2260 626 2437 682 solum
2477 626 2786 696 ablegatos,
2832 640 2982 682 extra
3041 632 3305 687 mundum
3358 636 3559 690 alicubi

262 712 510 781 ἔνειμεν
553 715 618 768 ὲν
647 713 722 785 τῷ
743 714 907 767 παντὶ
948 715 1154 787 χώραν,
1187 714 1378 786 ὥσπερ
1397 717 1453 767 ὲν
1487 714 1699 784 θεάτρῳ
1728 713 1850 766 θέαν

1985 717 2296 782 collocarit;
2355 733 2571 772 omnem
2604 718 2674 772 ab
2712 717 2781 773 iis
2826 718 3245 776 inhumanitatis
3290 725 3559 794 suspieio-

261 801 621 876 τεκμήριον
647 806 703 858 δὲ
724 805 1002 859 ποιοῦνται
1041 807 1141 877 τῆς
1163 806 1388 877 γνώμης
1415 804 1510 858 τοῦ
1545 805 1758 872 ἀνδρὸς,
1799 805 1850 858 ὅτ

1984 823 2134 875 nem,
2185 809 2288 863 hoc
2336 824 2527 863 eorum
2563 809 2811 876 dissidio,
2863 820 3028 882 atque
3061 814 3164 869 hac
3195 815 3265 868 ab
3299 816 3558 871 universo

260 897 465 949 αὐτῶν
507 901 703 969 ἀφεῖλε
731 901 828 972 τὴν
862 900 995 970 πρὸς
1031 902 1176 970 ἡμᾶς
1202 899 1500 971 ἐνέργειαν,
1525 898 1582 962 ἐξ
1619 893 1686 970 ἧς
1715 897 1848 967 μόνη

1983 899 2348 969 disjunctione
2379 900 2674 970 depellens.
2726 903 2795 956 At
2833 918 2964 957 vero
3010 912 3196 960 noster
3228 905 3318 960 hic
3348 914 3558 960 naturae

261 988 330 1041 τὸ
373 986 541 1045 εἶναι
569 994 694 1056 τοὺς
721 993 874 1055 Θεοὺς
906 992 1097 1062 ἔμελλε
1130 991 1228 1064 τὴν
1259 992 1475 1046 δικαίαν
1510 991 1691 1044 πίστιν
1718 989 1850 1054 ’ἐξειν

1984 1006 2235 1045 summus
2266 990 2588 1060 indagator,
2636 1007 2928 1064 rerumque
2961 993 3272 1049 divinarum
3305 997 3559 1066 explora-

263 1081 346 1134 Τὸ
377 1082 524 1157 γάρδ
547 1085 680 1138 αὐτὸ
708 1085 862 1138 τοῦτο
888 1086 980 1137 καὶ
1018 1084 1388 1157 Ἀριστοτέλης
1417 1085 1576 1136 ποιεῖ.
1619 1083 1850 1154 Ἀποστή

1984 1089 2068 1135 tor
2102 1090 2210 1135 tam
2242 1090 2532 1137 accuratus
2561 1097 2626 1137 ac
2658 1083 2910 1155 diligens,
2962 1084 3052 1138 ubi
3085 1101 3173 1140 res
3207 1086 3470 1144 humanas
3500 1089 3558 1144 in

264 1189 375 1238 σας
416 1176 551 1248 γὰρ
575 1177 708 1248 (81),
739 1178 832 1230 καὶ
876 1177 1145 1249 παραδοὺς
1195 1176 1315 1246 ὄψει
1349 1175 1483 1246 μόνῃ
1525 1175 1625 1244 τὴν
1678 1175 1850 1226 πίστιν

1983 1173 2101 1242 ipso
2144 1173 2370 1229 deorum
2419 1183 2711 1244 conspectu
2751 1177 2971 1246 posuit,
3028 1178 3245 1232 easdem
3297 1179 3366 1232 ab
3405 1182 3558 1236 omni

260 1267 593 1338 πράγματι
620 1269 824 1339 κρίνειν
857 1268 1073 1320 ἀσθενεῖ
1101 1267 1168 1320 τὰ
1199 1268 1266 1320 ὲκ
1303 1264 1556 1318 τοσούτου
1589 1264 1850 1334 διαστήμα

1981 1279 2171 1318 eorum
2222 1281 2352 1320 cura
2403 1267 2802 1336 et-provisione
2855 1268 3142 1324 destitutas
3203 1270 3445 1340 reliquit,
3490 1288 3558 1328 ac

259 1375 386 1424 τος,
417 1360 557 1430 τάχ’
585 1361 650 1414 ἂν
670 1361 809 1413 αἰδοῖ
835 1359 1017 1431 δοκοίη
1048 1359 1226 1427 λέγειν
1256 1356 1490 1410 ἐνταῦθα
1525 1351 1663 1409 εἶναι
1702 1354 1850 1418 θεούς

1983 1363 2176 1425 suapte
2229 1357 2466 1426 quadam
2527 1367 2724 1414 natura
2777 1360 2982 1430 potius,
3034 1376 3198 1430 quam
3231 1361 3414 1416 divina
3446 1363 3556 1418 ulla

259 1452 345 1503 υὺ
381 1453 512 1524 γὰρ
545 1453 826 1506 ἀπολιπὼν
853 1453 956 1520 ἔξω
984 1470 1033 1506 τι
1065 1451 1158 1504 τοῦ
1197 1451 1423 1521 κόσμου,
1469 1448 1584 1503 ἀλλ’
1611 1447 1730 1501 οὐδὲ
1769 1449 1850 1499 τοῖ

1982 1443 2191 1498 ratione
2221 1445 2561 1516 consilioque
2594 1448 2948 1518 gubernatas.
2994 1449 3175 1516 Quare
3201 1466 3268 1506 ne
3306 1453 3555 1509 criminis

262 1543 370 1593 ἐπὶ
393 1544 517 1613 γῆς
539 1544 905 1614 προσαγαγὼν
941 1545 1068 1607 τοὺς
1093 1542 1268 1607 θεοὺς,
1306 1542 1551 1612 ἀνάγκην
1576 1539 1732 1609 ἔσχεν
1763 1539 1850 1610 ἤτε

1981 1537 2202 1606 quidem
2238 1537 2384 1592 illius
2433 1539 2800 1608 suspicionem
2854 1540 3094 1612 effugiat,
3145 1543 3290 1612 quod
3325 1543 3392 1598 de
3423 1542 3547 1614 Epi-

262 1636 649 1690 παντάπασιν
683 1638 839 1701 ἄθεος
879 1634 1019 1690 εἶναι
1056 1635 1354 1708 ὁμολογεῖν,
1379 1634 1412 1705 ἢ
1439 1632 1531 1686 τοῦ
1563 1631 1736 1684 δοκεῖν
1766 1631 1850 1702 (82

1981 1645 2114 1685 curo
2141 1631 2390 1684 nonnulli
2430 1631 2770 1700 cogitarunt;
2799 1648 2923 1688 eum
2953 1649 3059 1687 non
3092 1634 3238 1703 quod
3282 1633 3354 1688 ita
3384 1637 3553 1690 senti~

265 1727 586 1780 ἀπολιπεῖν
617 1728 770 1793 θεοὺς
798 1729 952 1793 δόξαν
985 1726 1305 1792 ἀνασώζειν,
1341 1723 1574 1778 ἐνταῦθά
1613 1740 1714 1776 που
1753 1723 1846 1775 τοὺ

1980 1730 2091 1787 ret,
2121 1721 2215 1776 sed
2244 1721 2389 1791 quod
2424 1722 2707 1777 hominum
2752 1723 2819 1778 de
2870 1739 2928 1778 se
2951 1723 3158 1793 judicia
3191 1725 3550 1793 formidaret,

267 1817 447 1882 θεοὺς
483 1820 794 1884 ἀποικίσας.
827 1820 884 1873 '0
907 1819 1074 1891 δὲτὴν
1095 1819 1202 1871 τῶν
1236 1816 1557 1888 κρειττόνων
1594 1814 1850 1886 ἀκρίϐειαι

1982 1811 2085 1867 hoc
2118 1812 2173 1866 in
2210 1811 2463 1866 universo
2493 1813 2622 1876 diis,
2673 1813 2754 1868 sic
2803 1822 3062 1884 tanquam
3107 1815 3162 1870 in
3199 1817 3432 1885 theatro,
3465 1819 3546 1872 lo-

264 1913 779 1982 παραιτησάμενος
807 1915 872 1983 τῇ
898 1885 1109 1984 ἀμιξίᾳ,
1142 1885 1316 1964 ἔοικεν
1357 1885 1711 1979 εὐσχημόνως
1749 1907 1848 1960 ἀπι

1978 1916 2102 1956 cum
2130 1902 2408 1971 spectandi
2436 1901 2670 1970 aliquem
2707 1901 2984 1958 tribuisse.
3015 1903 3187 1971 Quem
3218 1907 3284 1961 ad
3314 1908 3548 1965 hominis

267 2006 436 2055 στεῖν
470 2008 585 2068 τοῖς
616 2005 774 2069 θεοῖς.
822 2025 839 2056 ι
873 2004 1105 2058 Ταῦταὸ
1153 2003 1395 2066 Ἀττικὸς
1445 2000 1583 2066 πρὸς
1633 2000 1850 2070 Ἀριστο

1972 2008 2193 2048 sensum
2225 1992 2327 2048 hac
2369 1995 2682 2061 conjectura
2715 1994 3012 2060 ducuntur,
3049 1997 3197 2066 quod
3237 2014 3454 2054 omnem
3482 2001 3548 2056 iis

266 2092 476 2164 τέλην,
508 2095 913 2167 χρεοκοποῦντα
942 2096 1032 2149 τὸν
1066 2096 1194 2167 ’περί⁸
1215 2094 1477 2165 Προνοίας
1513 2092 1693 2162 λόγον.
1739 2092 1795 2145 '0
1828 2092 1850 2144 δ

1970 2099 2098 2154 erga
2125 2098 2223 2139 nos
2256 2084 2628 2154 operationem
2663 2084 2948 2149 ademerit,
2976 2101 3042 2141 ex
3065 2103 3171 2156 qua
3201 2098 3384 2145 tamen
3413 2107 3544 2157 una,

267 2183 451 2248 αὐτὸς
474 2186 554 2239 ἔτι
589 2188 682 2240 καὶ
708 2187 879 2242 ταῦτα
896 2191 1005 2252 τοῖς
1033 2187 1342 2260 εἰρημένοις
1361 2185 1704 2257 προστίθησι,
1737 2182 1850 2254 πρὸξ

1971 2179 2100 2234 deos
2133 2194 2254 2233 esse
2303 2177 2481 2248 colligi
2528 2178 2720 2233 merito
2767 2179 3027 2249 credique
3073 2182 3371 2239 debuisset.
3425 2183 3543 2241 Hoc

267 2277 369 2330 τὸν
418 2279 590 2332 αὑτὸν
639 2281 1086 2352 ἀποτεινόμενος,
1137 2280 1210 2352 μὴ
1243 2279 1564 2349 βουλόμενον
1616 2273 1850 2348 γεννητὸε

1976 2272 2123 2326 enim
2151 2271 2292 2325 idem
2329 2269 2458 2325 facit
2483 2269 2822 2326 Aristoteles.
2853 2271 2990 2327 Nam
3022 2275 3115 2344 qui
3145 2275 3307 2331 simul
3334 2286 3388 2332 et
3416 2278 3545 2333 deos

270 2363 428 2423 εἶναι
462 2371 556 2424 τὸν
582 2373 803 2443 κόσμον.

1974 2361 2166 2433 procul
2191 2361 2320 2415 hinc
2351 2361 2581 2431 ableget,
2607 2371 2660 2417 et
2700 2362 2796 2416 uni
2833 2371 3013 2418 tamen
3044 2366 3331 2420 oculorum
3357 2369 3544 2423 sensui

269 2460 454 2516 fidem
489 2463 778 2534 relinquat,
808 2463 902 2534 qui
933 2478 1127 2518 sensus
1153 2464 1220 2517 de
1247 2463 1412 2517 rebus
1439 2471 1549 2516 tam
1569 2455 1856 2529 disjunctis
1893 2467 1958 2508 ac
1997 2450 2207 2508 dissitis
2264 2449 2546 2519 judicandi
2573 2450 2684 2506 vim
2725 2451 2888 2507 habet
2915 2467 3048 2509 sane
3067 2471 3230 2524 quam
3256 2456 3542 2526 exiguam:

269 2554 346 2620 is,
390 2557 614 2627 Opinor,
650 2556 860 2627 pudore
887 2556 1152 2612 adductus
1204 2571 1331 2622 uno,
1368 2556 1499 2611 deos
1538 2553 1660 2609 istic
1694 2551 1964 2606 collocare
2016 2545 2190 2600 videri
2248 2543 2439 2613 possit.
2473 2542 2685 2615 Quippe
2718 2559 2845 2600 cum
2912 2561 3012 2600 nec
3075 2557 3229 2603 extra
3275 2549 3542 2604 mundum

270 2651 592 2721 quidquam
614 2667 736 2707 esse
763 2651 910 2716 velit,
937 2659 992 2706 et
1019 2653 1087 2706 ab
1117 2651 1268 2706 omni
1299 2659 1566 2706 terrarum
1647 2641 1975 2701 commercio
2034 2639 2164 2694 deos
2213 2638 2565 2704 submoveat,
2622 2653 2846 2693 necesse
2911 2639 3133 2694 omnino
3163 2639 3284 2706 fuit,
3323 2651 3401 2694 utt
3449 2648 3543 2695 aut

270 2754 337 2795 se
389 2741 575 2810 palam
610 2741 830 2797 atheum
862 2740 1158 2805 fateretur,
1191 2753 1286 2795 aut
1360 2740 1668 2810 agniturum
1708 2735 1804 2790 abs
1843 2748 1901 2789 se
1937 2731 2163 2786 deorum
2233 2728 2564 2800 opinionem,
2620 2743 2715 2784 eos
2763 2731 2904 2784 istuc
2948 2730 3311 2798 amandando,
3341 2741 3540 2788 utcun-

270 2845 394 2900 que
453 2831 728 2886 retineret.
783 2832 853 2886 At
882 2847 1011 2888 vero
1059 2832 1196 2886 alter
1236 2832 1345 2897 ille,
1386 2830 1482 2902 qui
1542 2841 1773 2898 superos
1803 2824 1873 2880 ob
1911 2837 2072 2879 suum
2099 2819 2232 2875 illud
2267 2835 2297 2875 a
2343 2819 2505 2875 rebus
2535 2821 2737 2875 nostris
2773 2819 3081 2888 dissidium,
3149 2831 3256 2877 tam
3299 2825 3541 2894 diligenti

270 2943 421 2983 cura
470 2928 748 2995 liberavit;
797 2945 962 2999 quam
1015 2929 1146 2984 deos
1179 2944 1317 2996 _esse
1369 2928 1549 2984 nullos
1594 2932 1766 2997 putet,
1835 2921 2030 2977 decore
2087 2918 2281 2975 saltem
2360 2917 2692 2990 honesteque
2746 2917 3076 2975 dissimulat.
3138 2938 3156 2972 ι
3201 2920 3361 2990 801
3414 2920 3539 2976 Haec

273 3021 501 3077 Atticus
543 3021 808 3076 adversus
852 3021 1199 3076 Aristotelem
1275 3021 1472 3077 divinas
1529 3015 1894 3076 Providentiae
1965 3012 2076 3070 vim
2131 3011 2518 3068 succidentem.
2581 3011 2791 3078 Quibus
2850 3012 2907 3067 in
2947 3011 3199 3067 eumdem
3255 3017 3537 3083 sequentia

269 3114 482 3170 deinde
503 3113 799 3184 subjungit,
838 3113 983 3184 quod
1014 3114 1274 3168 mundum
1300 3113 1480 3170 ortum
1508 3128 1632 3170 esse
1674 3109 1859 3166 nollet.

809 3229 1205 3283 ΚΕΦΑΑΑΙΟΝ
1244 3232 1333 3297 εῖν.

2567 3216 2795 3273 CAPUT
2835 3216 2922 3274 Vl.

279 3342 404 3397 Τοῦ
437 3341 623 3400 αὐτοῦ
657 3341 805 3410 πρὸς
834 3340 942 3394 τὸν
963 3339 1171 3410 αὐτόν,
1221 3340 1598 3410 διενεχθέντα
1617 3334 1861 3391 Μωυσεῖ

356 3412 460 3466 καὶ
485 3409 779 3480 Ιῌάτωνι,
814 3411 911 3463 καὶ
935 3411 1003 3463 ἐν
1027 3409 1108 3476 τῷ
1137 3411 1222 3480 μὴ
1264 3409 1600 3480 συγχωρεῖν
1643 3423 1853 3478 γεννη-

356 3483 468 3537 τὸν
497 3479 649 3563 εἶναι
688 3481 796 3536 τὸν
831 3483 1083 3550 κόσμον.

357 3596 528 3650 Πάλιν
560 3595 838 3658 Μωῦσέως
871 3594 1124 3666 γεννητὸν
1149 3589 1286 3647 εἶναι
1311 3593 1400 3646 τὸν
1438 3593 1639 3662 κόσμον
1684 3592 1860 3661 όρισα·

280 3689 474 3760 μένου,
507 3687 732 3758 ποιητήν
752 3703 811 3740 τε
841 3687 934 3740 καὶ
957 3685 1282 3758 δημιουργὸν
1313 3687 1424 3747 τοῖς
1449 3684 1589 3745 ὅλοις
1619 3680 1707 3734 τὸν
1727 3680 1856 3732 Θεὸν

278 3782 693 3852 ἐπιστήσαντος,
724 3779 818 3832 τοῦ
859 3797 916 3832 τε
945 3779 1228 3842 Πλάτωνος
1260 3777 1330 3831 τὰ
1365 3776 1454 3830 ἴσα
1493 3777 1714 3829 Μωῢσεῖ
1767 3792 1855 3842 φι-

280 3872 669 3942 λοσοφοῦντος·
719 3873 817 3942 τὴν
867 3872 1112 3926 ἐναντίαν
1156 3873 1256 3925 κάν
1298 3869 1504 3932 τούτοις
1537 3871 1564 3922 ὁ
1617 3867 1855 3939 Ἀριστο-

280 3965 444 4036 τέλης
497 3964 717 4027 ὁδεύσας
776 3963 1132 4036 ἀπελέγχεται
1195 3962 1327 4035 πρὸς
1382 3959 1476 4014 τοῦ
1527 3959 1855 4031 δηλωθέντος

285 4055 681 4126 συγγραφέως,
716 4047 817 4107 ὧδε
868 4053 1003 4124 πρὸς
1061 4053 1208 4124 ῥῆμα
1257 4052 1577 4124 γράφοντος.
1635 4067 1653 4100 ι
1702 4049 1855 4121 Πρῶ-

292 4163 376 4198 τον
416 4146 479 4216 δὴ
527 4145 636 4214 (8'5)
663 4143 790 4217 περὶ
835 4144 1100 4212 γενέσεως
1152 4143 1357 4214 κόσμου
1390 4140 1607 4194 σκοπῶν
1633 4179 1646 4204 ,
1678 4139 1854 4193 καὶτὸ

292 4237 382 4306 τῆς
412 4236 674 4308 Προνοίας
711 4235 772 4288 τὸ
807 4233 948 4304 μέγα
987 4233 1142 4286 τοῦτο
1172 4234 1265 4286 καὶ
1293 4231 1631 4300 πολυωφελὲς
1678 4231 1855 4301 δόγμα

288 4329 463 4382 πάντα
495 4327 674 4398 ζητεῖν
707 4328 999 4395 ἀναγκαῖον
1039 4324 1339 4396 ἡγούμενος
1363 4342 1377 4355 ο
1424 4324 1519 4378 καὶ
1563 4323 1854 4393 λογισάμε-

287 4437 394 4485 νος,
442 4421 520 4473 ὅτι
545 4418 621 4490 τῷ
658 4419 731 4490 μὴ
776 4417 1069 4488 γενομένῳ,
1113 4415 1234 4469 οὔτε
1287 4416 1429 4480 τινος
1460 4413 1849 4487 ποιητοῦ,οὓτε

293 4512 427 4573 τινος
458 4512 750 4583 κηδεμόνος
788 4509 921 4581 πρὸς
943 4507 1003 4560 τὸ
1029 4507 1279 4575 γενέσθαι
1309 4508 1488 4570 καλῶς
1535 4507 1690 4578 χρεία
1710 4549 1724 4572 ,
1766 4508 1851 4559 ἵνα

287 4604 362 4676 μὴ
385 4605 728 4677 ἀποστερήσῃ
749 4603 840 4656 τὸν
870 4603 1072 4674 κόσμον
1099 4603 1199 4672 τῆς
1227 4599 1492 4672 Προνοίας
1515 4640 1529 4663 ,
1563 4601 1749 4669 ἀφεῖλε
1789 4599 1848 4652 τὸ

283 4698 575 4768 ἀγέννητον
606 4697 790 4753 αὐτοῦ.
827 4697 1246 4771 Παραιτούμεθα
1276 4695 1332 4749 δὲ
1363 4693 1458 4747 νῦν
1492 4693 1565 4764 μὴ
1602 4691 1852 4763 ἐμποδὼν

285 4792 416 4860 ἡμῖν
438 4792 561 4854 τοὺς
588 4789 696 4844 ἀπὸ
715 4790 811 4860 τῆς
840 4791 1006 4860 αὐτῆς
1050 4789 1232 4852 ἑστίας
1278 4783 1434 4850 εἶναι,
1492 4780 1574 4848 οἷς
1630 4785 1853 4856 ἀρέσκει

285 4883 380 4934 καὶ
410 4882 548 4935 κατά
581 4881 845 4934 Πλάτωνα
875 4879 965 4934 τὸν
995 4881 1197 4951 κόσμον
1229 4878 1522 4948 ἀγέννητον
1570 4873 1728 4929 εἶναι.
1764 4876 1852 4928 Δί-

284 4991 428 5026 καιοι
457 4973 564 5046 γάρ
585 4976 719 5028 είσιν
751 4975 879 5045 ἡμῖν
909 4972 1234 5044 συγγνώμην
1267 4971 1472 5042 νέμειν,
1509 4972 1556 5023 εί
1591 4970 1718 5040 περὶ
1744 4967 1851 5022 τῶν

355 5152 464 5224 (80)
505 5158 628 5224 Κατ
683 5154 1057 5224 Ἐπίκουρον.
1091 5151 1342 5208 Libenter
1377 5167 1706 5224 reponcrgm‘
1730 5150 1848 5204 κατ’

293 5220 635 5296 Ἐπικούρου.
667 5220 936 5296 Caeterum
976 5224 1064 5296 hic
1093 5225 1477 5296 nonnullprum
1506 5223 1572 5276 de
1616 5220 1850 5296 Epicuro

283 5309 499 5355 sensus,
523 5293 554 5347 ἐι
584 5293 759 5347 Tullio
779 5295 1108 5361 agnoscitur,
1135 5293 1225 5346 lib.
1256 5309 1271 5346 l
1299 5293 1376 5346 De
1399 5304 1588 5345 natura
1611 5293 1846 5356 deorum,

284 5373 416 5416 seet.
449 5363 516 5416 86
545 5379 557 5414 :
594 5364 926 5431 Quanquam,
952 5364 1146 5432 inquit,
1178 5363 1343 5426 video,
1371 5361 1634 5416 nonnullis
1664 5363 1847 5426 videri,

284 5433 593 5500 Epicurum,
630 5449 691 5486 ne
731 5435 784 5486 in
815 5433 1150 5500 oﬂ'ensionem
1186 5433 1579 5486 Atheniensium
1619 5433 1844 5495 caderet,

286 5501 445 5556 verbis
496 5502 764 5572 reliquisse
793 5502 947 5565 deos,
996 5519 1050 5558 re
1077 5504 1372 5557 sustulisse.
1420 5502 1608 5572 Itaque
1640 5503 1694 5555 in
1738 5501 1847 5554 illis

280 5573 482 5644 selectis
530 5573 642 5644 ejus
685 5574 1018 5642 brevibusque
1066 5575 1357 5636 sententiis,
1401 5591 1532 5644 quas
1567 5572 1845 5642 appellatis

281 5643 494 5712 Κυρίας
528 5643 704 5708 δόξας,
743 5646 882 5706 Iure,
909 5654 964 5696 ut
1013 5644 1218 5713 opinor,
1267 5643 1420 5713 prior
1445 5644 1701 5696 sententia
1727 5651 1843 5696 est:

281 5713 433 5776 Quod
481 5713 690 5765 beatum
738 5724 786 5766 et
820 5714 1117 5766 immortale
1163 5723 1260 5773 est,
1307 5715 1361 5766 id
1416 5731 1504 5767 nec
1548 5715 1718 5776 habet,
1754 5728 1846 5765 nec

279 5783 482 5836 exhibet
518 5783 760 5853 cuiquam
799 5786 1078 5852 negotium.
1127 5781 1194 5836 In
1232 5785 1328 5836 hac
1358 5786 1433 5837 itu
1460 5785 1697 5854 exposita
1728 5800 1845 5854 sen-

282 5854 466 5918 tentia,
500 5864 619 5907 suut
664 5856 753 5917 qui
794 5855 1110 5920 existinwnt,
1157 5855 1294 5923 quod
1327 5855 1536 5908 inscitia
1570 5853 1724 5922 plane
1761 5853 1840 5906 lo-

1958 3337 2208 3408 Ejusdem
2246 3332 2885 3408 adversusuAristotelem,
2927 3348 3046 3408 cum
3086 3331 3264 3401 Moyse
3298 3347 3360 3384 ac
3406 3330 3534 3384 Pla-

2029 3417 2179 3470 tone,
2222 3411 2285 3459 de
2339 3405 2524 3460 mundi
2577 3419 2728 3474 quem
2785 3403 3005 3474 negabat
3060 3413 3180 3456 ortu
3214 3411 3528 3472 pugnantem

2027 3477 2337 3547 disputatio.

2025 3610 2285 3666 Mundum
2327 3610 2550 3680 insuper
2577 3607 2792 3681 Moyses
2817 3623 2941 3664 cum
2983 3607 3168 3678 aliquo
3211 3617 3526 3680 generatum

1957 3713 2077 3757 ortu
2109 3686 2308 3772 posuit,
2339 3710 2451 3756 tum
2482 3709 2758 3770 parentem
2786 3699 2906 3769 ejus
2932 3699 3345 3769 molitoremque
3359 3700 3526 3755 Deum

1958 3794 2085 3849 huic
2133 3807 2315 3848 rerum
2365 3790 2706 3845 universitati
2757 3788 2998 3860 praefecit
3043 3807 3056 3844 :
3097 3805 3206 3860 quo
3238 3791 3290 3844 in
3330 3805 3528 3859 genere

1957 3884 2128 3956 Moysi
2156 3897 2372 3953 quoque
2405 3881 2582 3935 aliinia
2615 3878 2769 3934 Plato
2821 3879 3253 3949 philosophatur.
3300 3880 3530 3951 Contra-

1958 3977 2091 4030 riam
2142 3974 2358 4042 utrique
2404 3970 2722 4024 Aristoteles
2772 3971 2873 4025 hac
2911 3969 3073 4024 etiam
3115 3971 3171 4024 in
3223 3973 3527 4040 quaestione

1955 4067 2096 4122 viam
2127 4066 2402 4129 insistens,
2423 4063 2490 4116 ab
2519 4062 2708 4116 eodem
2727 4059 2903 4115 Attico
2934 4061 3011 4116 sic
3047 4061 3114 4114 ad
3142 4061 3364 4115 verbum
3390 4063 3527 4116 scri-

1956 4159 2115 4214 bente
2140 4155 2456 4210 revincitur.
2514 4171 2532 4203 ι
2568 4150 2877 4221 Principio,
2917 4153 3094 4221 inquit
3138 4151 3259 4216 ille,
3310 4167 3432 4206 cum
3469 4153 3524 4206 in

1955 4251 2057 4305 hac
2097 4249 2164 4303 de
2204 4245 2391 4302 mundi
2434 4252 2556 4298 ortu
2611 4242 2939 4313 cogitatione
2985 4241 3137 4296 Plato
3189 4251 3526 4306 versaretur,

1957 4343 2204 4411 idemque
2240 4353 2492 4410 magnum
2543 4337 2672 4390 illud
2712 4343 2920 4390 etcum
2964 4333 3157 4404 primis
3183 4333 3523 4388 fructuosum

1953 4436 2311 4492 Providentia:
2353 4434 2550 4501 dogma
2593 4426 2946 4484 scrutandum
2989 4424 3162 4479 cuivis
3213 4422 3524 4491 diligentius

1954 4536 2200 4600 putaret;
2235 4541 2299 4580 ac
2343 4523 2508 4579 simul
2551 4521 2629 4576 ita
2678 4518 3189 4590 philosopharetur,
3236 4514 3330 4585 qui
3369 4523 3524 4569 ortus

1955 4615 2246 4686 aliquando
2277 4630 2381 4668 non
2407 4613 2506 4678 sit,
2547 4609 2721 4665 eidem
2763 4618 2822 4663 ut
2846 4607 3101 4676 praeclare
3127 4605 3229 4668 sit,
3266 4604 3414 4658 nullo
3439 4603 3523 4658 vel

1951 4709 2222 4770 elfcctore,
2252 4703 2334 4759 vel
2356 4710 2607 4758 curatore
2627 4715 2767 4770 opus
2791 4713 2943 4753 esse:
2974 4695 3254 4758 continuo,
3275 4709 3344 4748 ne
3366 4709 3525 4747 mun-

1951 4798 2080 4854 dum
2110 4794 2453 4850 Providentia
2483 4790 2762 4860 spoliaret,
2784 4786 2999 4857 negavit
3031 4793 3211 4839 ortum
3233 4797 3353 4838 esse
3381 4797 3524 4836 nun-

1949 4903 2132 4959 quam.
2171 4885 2270 4939 llic
2306 4898 2437 4939 vero
2476 4880 2768 4936 admodum
2815 4887 3070 4931 exoratos
3099 4875 3294 4936 velim,
3343 4874 3423 4928 uti
3456 4889 3522 4930 ne

1950 4979 2252 5034 molestiam
2289 4975 2445 5030 nobis
2483 4973 2648 5027 ullam
2681 4971 2984 5035 facessant,
3033 4967 3127 5038 qui
3179 4966 3422 5037 ejusdem
3458 4980 3521 5020 ac

1948 5155 2135 5227 quendi
2182 5153 2381 5227 fecerit,
2428 5152 2607 5227 fecisse
2644 5148 2904 5227 c_onsulto.
2942 5147 3013 5200 De
3055 5147 3262 5227 homine
3306 5145 3520 5227 minime

1948 5215 2096 5294 bafro
2131 5215 2266 5277 male
2290 5215 2618 5294 existimant.
2650 5221 2878 5294 Dubium
2915 5231 2990 5294 est
3019 5218 3179 5280 enim,
3208 5226 3385 5294 utrum
3411 5215 3518 5294 ,ιιίξτ

1984 5283 2074 5349 uid
2107 5296 2248 5347 dicat
2279 5295 2376 5347 iste
2407 5293 2615 5346 beatum
2644 5301 2690 5344 et
2718 5288 3049 5352 immortale;
3080 5303 3171 5350 an,
3206 5287 3250 5338 si
3284 5285 3421 5354 quod
3449 5283 3520 5337 sit

1982 5376 2178 5426 catum,
2206 5365 2260 5418 id
2282 5379 2391 5418 esse
2426 5361 2745 5416 immortale.

2020 5433 2131 5506 (8l)
2169 5423 2547 5506 ⁷Ἀπίων-ζήσας
2578 5429 2884 5506 γάρ-.-Ωυίἀ
2931 5427 3148 5506 tandem
3169 5425 3192 5506 ξ’
3215 5425 3365 5506 deos,
3403 5423 3521 5506 opi-

1951 5495 2064 5559 nor.
2095 5495 2278 5574 Itaque
2312 5495 2620 5557 addendum
2651 5495 2882 5563 videtur,
2914 5500 3039 5562 τοὺς
3064 5495 3236 5561 θεούς,
3267 5504 3327 5549 ut
3355 5495 3518 5564 paulo

1947 5577 2100 5641 θεοὺς
2133 5575 2442 5636 ἀποικίσας.

2019 5646 2126 5716 (8'3)
2155 5645 2312 5716 Forte
2337 5642 2668 5716 del._6_oxei’v.

2018 5701 2126 5787 (85')
2157 5713 2394 5783 Πρῶτον
2431 5711 2529 5779 δή,
2557 5722 2660 5768 etc.
2695 5710 2827 5766 Vide
2863 5725 3026 5780 supra
3060 5708 3155 5763 lib.
3188 5723 3264 5773 ιι,
3293 5721 3411 5776 cap.
3445 5701 3515 5758 29

1945 5803 1997 5842 et
2023 5796 2265 5856 sequent.
