4090 6382
547 363 688 420 ιδιά

1187 363 1465 442 ΕῌΞΙΞΕΠ
1505 365 1987 423 (ΖᾹΞΞΑΒΙΕΝΞΙΞ
2023 365 2134 420 ΟΡῙ

2238 367 2400 424 δΑΒΒ
2438 367 2502 425 ll.
2545 401 2612 410 —-
2649 367 3155 426 APOLOGETICA.

3666 367 3806 424 ιδιο

545 499 646 539 nos
685 481 904 538 familiae
933 499 1055 538 cum
1089 483 1219 548 sint,
1274 487 1539 542 mundum
1573 497 1752 543 tamen
1782 503 1846 542 ex
1879 485 2124 543 Platonis

2238 489 2523 544 δοκούντων
2545 490 2791 544 Πλάτωνι
2823 489 3148 559 πιστεύομεν
3175 481 3256 551 οἷς
3309 485 3471 550 αὐτὸς
3529 487 3697 555 Ελλην
3728 485 3808 540 ὣν

546 591 764 646 quoque
807 577 1074 630 sententia
1131 587 1446 645 generatum
1500 594 1620 634 esse
1675 588 1892 648 negant.
1927 577 2122 633 Verum

545 671 692 725 enim
725 669 966 739 profecto
996 679 1076 723 est
1109 669 1249 723 hanc
1290 685 1385 724 eos
1420 670 1577 724 nobis
1633 671 1846 724 veniam
1880 669 2044 735 dare,
2081 669 2124 724 si

545 762 790 817 Platonis
829 761 1138 816 doctrinam
1186 772 1534 832 mentemque
1577 761 1724 832 quod
1771 761 2000 827 attinet,
2060 761 2127 815 iis

544 855 679 925 ipsis
720 855 876 908 ﬁdem
924 854 1253 918 habeamus,
1287 871 1409 923 qua}
1451 855 1598 908 clara
1644 855 1958 924 disertaque
1995 869 2128 908 voce

545 947 686 1015 apud
719 961 817 1000 nos
838 987 854 1010 ,
892 945 996 998 hoc
1026 956 1109 998 est
1138 944 1356 998 Graecos
1389 945 1636 999 homines
1657 985 1669 1007 ,
1714 944 1937 999 Grmcus
1965 946 2142 998 homo-

545 1037 860 1105 disputavit.
892 1035 1036 1090 Deus
1067 1037 1210 1089 enim
1233 1079 1246 1101 ,
1285 1035 1462 1104 inquit
1486 1036 1574 1088 ille
1596 1077 1610 1100 ,
1657 1035 1921 1105 quidquid
1955 1035 2128 1089 videri

547 1136 758 1198 poterat
786 1129 1102 1182 universum
1129 1129 1472 1198 complexus,
1498 1143 1621 1182 cum
1657 1128 1706 1180 id
1740 1143 1846 1181 nou
1878 1127 2129 1196 quiesce-

549 1226 649 1278 ret,
690 1217 782 1271 sed
813 1217 1010 1270 vitioso
1034 1227 1087 1271 et
1128 1218 1410 1272 incondito
1455 1227 1603 1272 motu
1636 1228 1921 1288 ageretur,
1962 1218 2012 1271 iu
2040 1233 2128 1271 or-

548 1308 729 1362 dinem
766 1325 831 1363 ex
879 1309 966 1362 illa
996 1310 1404 1378 perturbatione
1437 1309 1698 1380 digessit,
1744 1318 1944 1364 statum
1983 1309 2128 1364 hunc

549 1410 704 1454 ratus
731 1403 879 1454 otnui
915 1417 979 1454 ex
1024 1409 1175 1470 parte
1203 1401 1372 1453 altero
1406 1401 1498 1454 illo
1548 1401 1824 1454 meliorem
1859 1398 2126 1453 futurum.

550 1495 722 1564 Quem
754 1495 842 1548 ille
879 1495 1070 1548 mundi
1122 1505 1326 1561 ortum,
1371 1510 1534 1563 quam
1567 1510 1674 1548 non
1708 1502 1802 1547 aut
1825 1493 2128 1563 mnigmatis

553 1587 837 1658 cujusdam
879 1585 1082 1656 specie,
1137 1599 1229 1640 aut
1256 1584 1587 1641 illustranda:
1617 1592 1826 1637 tantum
1854 1583 1930 1638 rei
1959 1582 2127 1653 gratia

552 1682 883 1751 probaverit,
915 1696 980 1734 ex
1011 1681 1192 1736 verbis
1223 1681 1330 1736 illis
1375 1681 1535 1749 longe
1573 1679 1750 1734 adhuc
1780 1679 1982 1734 clarius
2011 1694 2130 1734 cer-

555 1777 771 1844 tiusque
812 1784 1062 1838 constat,
1093 1774 1292 1842 quibus
1324 1789 1504 1826 rerum
1531 1811 1546 1836 ,
1574 1781 1632 1824 ut
1657 1779 1846 1834 vocat,
1883 1770 2127 1824 omnium

556 1875 867 1938 parentem,
907 1867 1048 1921 hanc
1087 1867 1259 1935 ipsam
1307 1865 1360 1918 iu
1398 1879 1511 1918 rem
1555 1873 1678 1933 post
1708 1863 1944 1917 universi
1979 1861 2134 1915 moli-

554 1961 758 2014 tionem
805 1975 962 2014 usum
1021 1974 1144 2012 esse
1186 1957 1374 2012 scribit
1423 1975 1436 2011 :
1488 1955 1790 2021 Quoniam,
1826 1955 2130 2024 inquiebat,

555 2055 661 2108 orti
692 2055 824 2108 estis
866 2052 1030 2122 (deos
1070 2061 1250 2105 autem
1294 2049 1740 2120 alloquebatur),
1797 2047 2133 2102 immortales

556 2162 654 2202 vos
672 2145 892 2216 quidem
909 2158 1030 2198 esse
1061 2151 1114 2196 et
1144 2142 1549 2197 indissolubiles
1579 2157 1684 2194 non
1715 2141 1974 2210 potestis;
2002 2155 2136 2193 ncu-

557 2241 762 2309 t’quam
797 2246 978 2291 tamen
1032 2234 1402 2290 dissolvemini
1458 2234 1602 2303 quod
1651 2233 1945 2287 voluntatis
2001 2247 2136 2286 meae

556 2328 774 2382 vinculo
808 2325 1043 2396 colligati
1085 2325 1226 2380 sitis.
1273 2323 1443 2394 802
1473 2323 1671 2377 Verum
1695 2363 1708 2388 ,
1746 2323 1821 2376 uti
1854 2323 1964 2391 jam
1997 2321 2132 2385 dixi,

558 2436 680 2475 cum
727 2419 825 2482 iis,
865 2419 956 2486 qui
1003 2433 1104 2472 nos
1142 2417 1290 2471 intus
1328 2416 1586 2484 domique
1617 2424 1817 2468 nostra:
1847 2414 2136 2484 alloquun-

559 2523 681 2578 tur,
723 2521 910 2580 utpote
950 2526 1075 2564 cum
1119 2493 1352 2571 amicis;
1383 2509 1557 2560 amice
1587 2520 1804 2576 quoque
1834 2521 1898 2559 ac
1927 2503 2136 2574 placide

557 2603 985 2659 controversiam
1038 2601 1178 2655 hanc
1227 2599 1538 2654 mitioribus
1584 2597 1919 2666 argumentis
1969 2595 2138 2649 disce-

559 2709 711 2766 ptare
738 2696 916 2750 liceat.
975 2693 1109 2747 Nam
1134 2693 1234 2747 hos
1261 2693 1424 2746 etiam
1457 2689 1777 2744 Aristoteles
1805 2703 1899 2742 eas
1930 2687 1982 2740 in
2013 2702 2136 2756 par-

561 2797 642 2842 tes
669 2786 977 2840 traduxisse
1004 2784 1177 2838 videri
1209 2782 1333 2852 jure
1370 2782 1577 2852 possit,
1603 2781 1696 2851 qui
1737 2795 1838 2834 nec
1867 2776 2136 2847 dogmatis

563 2879 728 2950 hujus
751 2876 1090 2932 accusationi
1122 2888 1424 2946 repugnare
1458 2882 1701 2943 possent,
1733 2887 1834 2926 nec
1863 2870 2028 2924 ullam
2057 2879 2137 2924 ta-

562 2986 709 3034 men,
748 2985 912 3040 quam
939 2969 1059 3024 falsi
1084 2967 1407 3022 damnarent
1428 2965 1764 3036 opinionem,
1789 2963 2002 3017 Platoni
2037 2961 2136 3016 tri-

562 3063 748 3117 buisse
776 3060 1024 3116 convinci
1056 3059 1276 3114 vellent.
1308 3056 1466 3112 Nunc
1497 3071 1626 3112 vero
1646 3096 1661 3122 ,
1690 3071 1814 3111 cum
1841 3054 1992 3109 Plato
2012 3097 2026 3122 ,
2058 3053 2136 3108 uti

561 3156 762 3212 nostris
779 3156 995 3225 ipsimet
1019 3153 1242 3208 auribus
1261 3151 1543 3207 docentem
1567 3149 1895 3214 audivimus,
1922 3160 2134 3202 etmun-

561 3249 690 3304 dum
737 3247 878 3300 idem
925 3259 1150 3314 operum
1193 3241 1436 3296 omnium
1486 3239 2036 3310 przestantissimum,
2068 3237 2136 3292 ab

561 3340 832 3394 artilicum
860 3335 1312 3406 praestantissimo
1343 3331 1544 3385 {actum
1573 3345 1696 3385 esse
1729 3331 1884 3394 velit;
1921 3337 1974 3383 et
2014 3345 2135 3384 eam

562 3430 938 3487 universitatis
989 3426 1231 3480 molitori
1260 3425 1368 3477 vim
1405 3439 1469 3477 ac
1490 3431 1816 3492 potestatem
1850 3421 2134 3487 attribuat,

561 3533 668 3587 qua
709 3526 764 3571 et
791 3531 916 3570 cum
943 3515 1035 3584 qui
1073 3524 1197 3567 ante
1234 3513 1416 3567 nullus
1443 3521 1560 3566 erat
1595 3511 1855 3564 mundum
1880 3511 2136 3579 ell‘ecerit,

561 3624 611 3664 Cl
641 3609 754 3679 jam
788 3608 884 3662 abs
913 3623 970 3661 se
1005 3606 1239 3670 factum,
1283 3615 1548 3674 perpetuo
1576 3603 1621 3658 si
1660 3604 1819 3667 velit,
1848 3604 2060 3658 salvum
2086 3612 2141 3658 et

562 3702 890 3754 incolumem
921 3697 1267 3754 conservabit
1300 3715 1312 3750 :
1343 3706 1506 3768 atque
1536 3697 1610 3751 ita
1653 3697 1890 3752 mundus
1911 3739 1926 3762 ,
1960 3696 2140 3752 Plato-

564 3792 648 3847 uis
675 3808 736 3846 ex
772 3799 972 3857 mente,
1009 3799 1063 3844 et
1091 3799 1246 3845 orlus
1281 3789 1422 3844 idem
1463 3789 1570 3855 sit,
1605 3800 1659 3844 et
1689 3798 1868 3844 tamen
1899 3791 1966 3844 ab
1994 3791 2137 3846 intc-

563 3887 670 3940 ritu
701 3885 995 3950 liberatus;
1022 3883 1145 3953 quis
1173 3882 1389 3936 tandem
1412 3898 1478 3938 cx
1505 3881 1880 3952 Peripateticis
1912 3899 2012 3938 suo
2043 3897 2140 3938 no-

565 3977 648 4032 bis
688 3977 789 4032 ista
825 3975 1039 4031 calculo
1079 3974 1445 4045 sulfragioque
1486 3975 1806 4030 conﬁrmet?
1849 3974 2140 4030 Enimvero

562 4066 995 4122 commonendus
1036 4065 1210 4118 amice
1249 4064 1405 4119 nobis
1444 4074 1527 4119 est
1560 4065 1874 4135 dogmatum
1908 4065 2136 4120 istorum

561 4157 818 4214 defensor
840 4197 854 4221 ,
889 4172 1063 4227 neque
1105 4165 1285 4211 ortum
1325 4157 1369 4210 si
1405 4157 1535 4226 quid
1571 4158 1710 4224 erit,
1746 4158 1798 4212 id
1829 4158 2140 4213 necessario

563 4251 905 4321 corruptioni
942 4250 1239 4304 obnoxium
1285 4264 1405 4305 esse
1445 4249 1677 4315 debere,
1719 4266 1892 4319 neque
1925 4250 1972 4305 si
2009 4251 2139 4321 quid

562 4344 803 4398 vicissim
832 4352 1213 4412 corrumpetur
1239 4357 1516 4412 nunquam
1540 4381 1554 4406 ,
1581 4341 1632 4395 id
1659 4353 1838 4396 ortum
1880 4344 2138 4399 continuo

562 4435 771 4488 nullum
795 4434 1070 4487 habuisse.
1114 4430 1377 4487 Necenim
1405 4433 1659 4502 autquod
1681 4434 1900 4487 interitu
1935 4443 2136 4502 careat,

2230 582 2364 653 πρὸς
2401 581 2667 653 ’Έλληνας
2692 585 2837 654 ἡμᾶς
2873 584 3034 650 σαφεῖ
3056 597 3112 634 τε
3136 581 3231 633 καὶ
3260 596 3439 650 τρανῳ
3470 578 3544 649 τῷ
3581 591 3808 653 στόματι

2228 673 2536 726 διείλεκται.
2575 673 2911 745 Παραλαϐὼν
2941 673 3068 744 γάρ,
3100 673 3282 744 φησιν,
3315 674 3343 724 ὁ
3364 671 3497 734 Θεὸς
3533 689 3640 726 παν
3684 672 3808 725 ὅσον

2227 759 2294 834 ἡν
2322 764 2536 833 ὁρατὸν,
2596 767 2694 835 οὐχ
2725 767 2956 837 ἡσυχίαν
3003 765 3167 832 ἄγον,
3221 762 3556 833 πλημμελῶς
3610 767 3667 816 δὲ
3715 763 3811 816 καὶ

2229 857 2478 920 ἀτάκτως
2511 858 2845 928 κινούμενον,
2883 860 2962 921 εἰς
2988 857 3140 921 τάξιν
3183 857 3390 927 ἡγαγεν
3438 857 3501 908 ἐκ
3537 854 3638 925 τῆς
3679 855 3811 908 ἀτα-

2231 947 2366 1012 ξίας,
2393 948 2739 1019 ἡγησάμενος
2769 949 2926 1002 τοῦτο
2947 948 3154 1001 ἐκείνου
3183 948 3399 1008 πάντως
3421 946 3663 1014 ἄμεινον.
3691 946 3809 997 Ἔτι

2228 1038 2285 1091 δὲ
2322 1041 2416 1092 καὶ
2463 1040 2660 1110 μᾶλλον
2691 1042 2772 1093 ὅτι
2815 1041 2887 1110 μὴ
2928 1040 2994 1092 δι’
3027 1037 3397 1108 αἰνιγμάτων,
3434 1036 3555 1106 μηδ’
3592 1039 3683 1088 επὶ
3716 1035 3811 1088 τοῦ

2231 1129 2434 1198 σαφοῦς
2468 1131 2626 1202 χρείᾳ
2647 1130 2741 1201 τὴν
2767 1131 2982 1200 γένεσιν
3012 1129 3366 1202 παρεδέξατο,
3401 1129 3552 1198 δηλοῖ
3569 1129 3646 1195 ,δι’
3673 1120 3749 1181 ὧν
3784 1129 3812 1181 ὁ

2230 1215 2418 1288 Πατὴρ
2445 1217 2592 1287 αὐτῷ
2618 1218 2724 1270 τῶν
2749 1219 2966 1271 πάντων
2986 1218 3273 1271 διείλεκται
3301 1218 3428 1288 περί⁸
3457 1218 3644 1270 τούτου
3677 1217 3815 1288 μετὰ

2230 1306 2328 1375 τὴν
2368 1306 2474 1358 τῶν
2497 1307 2632 1360 ὅλων
2661 1307 3039 1379 δημιουργίαν.
3089 1309 3304 1379 Ἐπειδὴ
3344 1307 3486 1379 γὰρ,
3523 1310 3686 1380 φησι,
3730 1326 3814 1376 γε·

2230 1397 2459 1468 γένησθε
2509 1399 2685 1470 (λέγει
2721 1401 2777 1454 δὲ
2820 1401 2957 1472 πρὸς
2990 1401 3114 1464 τοὺς
3155 1400 3366 1465 θεοὺς),
3404 1401 3662 1454 ἀθάνατοι
3716 1403 3812 1470 μὲν

2229 1489 2329 1542 οῦκ
2363 1493 2507 1553 ἐστε,
2543 1491 2651 1542 οὐδ’
2682 1491 2864 1545 ἀλυτοι
2889 1493 2950 1544 τὸ
2991 1493 3218 1562 πάμπαν
3239 1508 3252 1520 '
3279 1491 3393 1544 οὖτι
3416 1509 3479 1560 γε
3515 1493 3621 1564 μὴν
3651 1492 3815 1562 λυθή-

2234 1582 2410 1648 σεσθε,
2463 1583 2561 1652 τῆς
2611 1584 2752 1654 ἐμῆς
2797 1584 3102 1656 βουλήσεως
3151 1585 3425 1656 τυχόντες.
3486 1584 3625 1635 Ἀλλ’
3678 1585 3813 1656 ὅπερ

2232 1672 2388 1746 ἔφην,
2430 1675 2566 1746 πρὸς
2600 1676 2696 1746 μὲν
2725 1678 2850 1740 τοὺς
2882 1676 3026 1729 ἔνδον
3074 1679 3205 1748 ἡμῖν
3236 1675 3641 1746 φθεγγομένους
3661 1719 3677 1740 ,
3723 1675 3813 1728 ac:

2234 1769 2418 1838 φίλους
2465 1769 2654 1833 ὄντας,
2688 1770 2876 1838 φιλίως
2928 1788 2986 1822 τε
3019 1771 3114 1823 καὶ
3148 1771 3266 1840 μεθ’
3307 1770 3538 1841 ἡσυχίας
3586 1768 3817 1838 πραέσιν

2237 1864 2477 1933 ἐλέγχοις
2521 1863 2931 1935 διακριθείημεν
2977 1865 3059 1918 ἄν.
3110 1865 3292 1916 Ἔοικε
3323 1863 3431 1933 γὰρ
3472 1863 3564 1915 καὶ
3595 1861 3817 1924 τούτους

2249 1956 2624 2028 Ἀριστοτέλης
2661 1956 2990 2026 μεταθεῖναι,
3026 1958 3089 2026 τῇ
3140 1956 3236 2026 μὲν
3267 1955 3570 2024 κατηγορίᾳ
3599 1954 3693 2006 τοῦ
3739 1954 3817 2005 δό-

2235 2063 2441 2117 γματος
2473 2047 2740 2117 ἀντισχεῖν
2774 2047 3230 2116 ἀδυνατὴσαντας,
3265 2045 3326 2098 τὸ
3362 2044 3418 2096 δὲ
3443 2042 3816 2107 ἀλῶναιδόξαν

2235 2140 2308 2204 ὡς
2330 2139 2520 2210 ψεῦδος
2558 2141 2618 2192 οὐ
2664 2139 3022 2210 βουληθέντας
3055 2138 3329 2192 ἀναθεῖναι
3359 2136 3628 2189 Πλάτωνι.
3666 2136 3818 2190 Κατὰ

2235 2232 2291 2286 δὲ
2323 2231 2419 2303 τὴν
2443 2232 2714 2303 ἡμετέραν
2733 2231 2922 2302 ἀκοὴν,
2956 2230 3235 2295 ἀξιοῦντος
3263 2229 3551 2291 Πλάτωνος
3605 2229 3699 2281 τὸν
3733 2228 3817 2280 κό-

2238 2343 2374 2397 σμον
2423 2325 2705 2394 γεγονέναι
2749 2323 3032 2378 κάλλιστον
3065 2322 3241 2394 ἔργων
3271 2321 3375 2375 ὑπὸ
3408 2320 3501 2376 τοῦ
3530 2320 3816 2374 καλλίστου

2235 2418 2342 2471 τῶν
2395 2416 2738 2488 δημιουργῶν
2766 2456 2780 2480 ,
2833 2415 2928 2468 καὶ
2987 2415 3303 2485 περιθέντος
3349 2415 3426 2486 τῷ
3466 2415 3561 2469 τοῦ
3621 2418 3819 2479 παντὸς

2239 2512 2438 2580 ποιητῇ
2489 2507 2736 2577 δύναμιν,
2800 2507 2868 2559 δι’
2895 2502 2962 2578 ἧς
2989 2507 3089 2559 οὐκ
3118 2507 3243 2560 ὄντα
3293 2507 3557 2578 πρότερον
3595 2509 3817 2578 ἐποίησε

2237 2603 2326 2656 τὸν
2358 2603 2578 2673 κόσμον,
2609 2603 2702 2654 καὶ
2731 2603 2982 2673 ποιήσας,
3013 2601 3186 2654 εἰσαεὶ
3221 2600 3547 2671 βουλόμενός
3588 2619 3652 2670 γε
3687 2602 3818 2654 σῶον

2236 2691 2553 2764 διαφυλάξει
2593 2695 2686 2746 καὶ
2716 2693 2887 2765 ταύτῃ
2909 2692 2972 2763 δὴ
2989 2691 3249 2764 γεννητοῦ
3276 2695 3371 2746 καί
3392 2693 3673 2764 ἀφθάρτου
3704 2693 3816 2746 κατ’

2238 2787 2400 2840 αὐτὸν
2431 2786 2792 2856 ὑποκειμένου
2821 2783 2916 2838 τοῦ
2951 2783 3179 2854 κόσμου,
3213 2785 3295 2848 τίς
3334 2788 3466 2856 ἡμῖν
3504 2784 3612 2838 τῶν
3661 2785 3819 2858 Περι·

2239 2877 2552 2949 πατητικῶν
2583 2877 2749 2930 ταῦτα
2780 2877 2986 2948 βεϐαιοῖ
3011 2877 3119 2948 (84)
3145 2893 3159 2941 ;
3198 2880 3290 2930 Δεῖ
3329 2877 3385 2929 δὲ
3417 2876 3821 2948 παραμυθήσα-

2241 2967 2364 3021 σθαι
2391 2968 2482 3020 τὸν
2512 2968 2922 3039 συναγωνιστὴν
2949 2967 3173 3031 τούτων,
3203 2967 3284 3019 ὅτι
3314 2967 3374 3018 οὐ
3405 2966 3645 3029 πάντως.
3689 2970 3744 3020 εί
3772 2984 3821 3019 τι

2237 3059 2479 3129 γέγονεν,
2507 3059 2718 3130 ἀνάγκη
2753 3058 2911 3112 τοῦτο
2937 3058 3238 3130 φθαρῆναι·
3272 3058 3432 3112 πάλιν
3467 3058 3511 3112 δ’
3536 3059 3644 3111 οὐδ’
3684 3061 3738 3111 εἴ
3773 3076 3821 3112 τι

2243 3153 2317 3224 μὴ
2370 3151 2730 3223 φθαρήσεται,
2771 3151 2929 3204 τοῦτο
2985 3152 3278 3220 ἀναγκαῖον
3325 3151 3616 3221 ἀγέννητον
3658 3147 3818 3204 εἶναι.

2240 3241 2375 3295 Οὔτε
2413 3243 2520 3313 γὰρ
2556 3241 2682 3312 μίαν
2716 3242 2893 3295 αἰτίαν
2920 3241 2998 3312 τῷ
3029 3243 3290 3313 ἀφθάρτῳ
3318 3243 3415 3313 τὴν
3441 3245 3504 3296 ἐκ
3533 3242 3626 3296 τοῦ
3668 3244 3824 3311 ἀγεν-

2241 3335 2401 3404 νὴτου
2435 3335 2834 3406 συγχωρητέον,
2869 3333 2991 3386 οὔτε
3020 3333 3098 3404 τῷ
3134 3334 3411 3406 γενομένῳ
3454 3335 3552 3406 τὴν
3589 3337 3672 3400 εἰς
3707 3337 3823 3389 ϐλε-

2241 3424 2368 3496 θρον
2388 3425 2690 3497 μεταϐολὴν
2720 3425 3018 3497 ἀϐοήθητον
3059 3427 3468 3484 καταλειπτέον.
3516 3429 3692 3482 Πόθεν
3736 3428 3824 3484 οὖν

2241 3518 2306 3572 ὲκ
2356 3517 2464 3571 τῶν
2521 3518 2924 3590 Ἀριστοτέλους
2981 3518 3240 3590 λάϐοιμεν
3293 3521 3359 3575 ἂν
3428 3523 3682 3592 βοήθειαν
3750 3528 3825 3588 εἰς

2241 3611 2431 3675 ταῦτα,
2461 3611 2654 3682 ἀνδρὸς
2691 3612 2752 3665 οὐ
2780 3611 3077 3683 τηνάλλως,
3107 3612 3226 3665 οὐδὲ
3261 3614 3380 3666 καθ’
3415 3614 3581 3668 αὑτοῦ
3629 3618 3822 3687 περαί-

2242 3719 2421 3766 νοντος
2453 3701 2544 3754 τὸν
2588 3703 2715 3773 περὶ
2747 3698 2950 3756 τούτων
2981 3702 3138 3772 λόγον
3159 3743 3172 3768 ,
3205 3704 3319 3758 ἀλλ’
3355 3704 3414 3768 ἐξ
3469 3706 3630 3777 ὀρθοῦ
3693 3709 3824 3778 πρὶς

2242 3793 2505 3846 Πλάτωνα
2550 3793 2999 3864 ἐναντιουμένου,
3055 3795 3150 3846 καὶ
3208 3795 3266 3848 τό
3305 3813 3364 3847 τε
3417 3797 3714 3868 γενόμενον
3755 3802 3824 3861 εἰς

2241 3883 2486 3954 ἀνάγκην
2517 3881 2610 3935 τοῦ
2634 3880 2930 3936 ἀπολέσθαι
2960 3884 3361 3956 περιιστάντος,
3390 3886 3450 3938 τό
3479 3903 3539 3939 τε
3567 3889 3641 3958 μὴ
3662 3890 3823 3942 ἀπολ-

2241 3975 2301 4028 λύ
2311 3992 2468 4046 μενον
2501 3975 2692 4045 (85)ἐκ
2722 3975 2884 4046 μόνου
2908 3975 3000 4028 τοῦ
3035 3976 3109 4049 μὴ
3143 3977 3395 4044 γενέσθαι
3415 3977 3666 4046 λέγοντος
3690 3999 3822 4054 κρα-

2241 4069 2494 4122 τύνεσθαι
2519 4067 2578 4121 τὸ
2609 4067 2720 4139 (86)
2751 4067 3047 4140 ἄφθαρτον,
3077 4069 3138 4121 οὐ
3173 4071 3280 4141 μὴν
3314 4070 3389 4134 ὡς
3425 4070 3657 4143 δύναμιν
3695 4075 3822 4128 ἀπο·

2241 4162 2520 4224 λείποντος
2543 4161 2706 4215 αὑτοῦ
2738 4163 2865 4234 περί
2894 4163 2983 4215 τὸν
3005 4163 3136 4216 Θεὸν
3161 4204 3175 4227 ,
3295 4163 3578 4244 χρώμενος
3623 4169 3822 4234 ἀγαθὸν

2241 4255 2304 4309 ἄν
2328 4274 2379 4308 τι
2419 4257 2639 4325 ποιήσαι
2665 4274 2678 4322 ;
2706 4258 2770 4310 Ὃ
2801 4257 2908 4328 γὰρ
2938 4255 3089 4309 οὔπω
3120 4258 3387 4329 πρότερον
3413 4261 3626 4329 γέγονε,
3646 4263 3820 4322 τοῦτο,

2241 4347 2424 4416 φησὶν,
2450 4347 2556 4399 οὐδ’
2603 4348 2669 4400 ἂν
2695 4347 2924 4416 γένοιτο.
2973 4348 3238 4402 Τοσοῦτόν
3280 4367 3335 4402 τε
3374 4351 3564 4404 ἀποδεῖ
3600 4354 3697 4406 τοῦ
3742 4355 3821 4406 διὰ

2241 4439 2444 4493 τούτων
2476 4439 2690 4511 βοηθεῖν
2729 4441 2806 4512 τῷ
2853 4441 3137 4506 Πλάτωνος
3171 4441 3329 4513 λόγῳ,
3366 4442 3508 4496 ὥστε
3539 4444 3638 4516 ἤδη
3678 4447 3820 4509 τινὰς

565 4526 616 4580 id
647 4527 808 4580 aliam
838 4527 1062 4588 nullam,
1087 4541 1248 4594 quam
1264 4525 1407 4594 quod
1431 4526 1594 4580 etiam
1633 4537 1755 4580 ortu
1792 4537 1991 4594 careat,
2011 4544 2134 4598 per-

2243 4534 2337 4587 καί
2370 4533 2474 4586 τῶν
2515 4534 2642 4605 περὶ
2685 4534 2947 4588 Πλάτωνα
2993 4535 3402 4589 ἐσπουδακότων
3436 4539 3712 4609 φοϐήσας,
3749 4534 3821 4602 οἷς

563 4620 841 4688 petuitalis
891 4635 1003 4673 sua:
1049 4634 1270 4672 causam
1327 4619 1523 4673 habere
1559 4620 1968 4675 concedendum
2018 4633 2131 4688 est;

563 4714 659 4758 aut
693 4705 835 4775 quod
872 4704 1040 4759 semel
1064 4716 1244 4757 ortum
1275 4704 1544 4772 habuerit,
1570 4705 1744 4760 eidem
1786 4707 2138 4762 inexorabilis

563 4798 808 4867 quaedam
835 4797 1138 4851 iutcreuudi
1173 4797 1472 4850 necessitas
1501 4797 1845 4866 imponenda.
1881 4798 1977 4854 llis
2010 4815 2138 4870 ergo

565 4887 903 4942 stabiliendis
955 4887 1085 4956 quid
1139 4887 1356 4940 tandem
1421 4903 1486 4942 ex
1534 4888 1844 4945 Aristotelis
1888 4891 2135 4946 doctrina

563 4981 802 5049 praesidii
833 4981 1183 5033 mutuemur?
1212 4981 1351 5050 ejus,
1373 4980 1616 5050 inquam,
1635 4981 1890 5049 hominis,
1911 4988 2000 5054 qui
2029 4999 2136 5040 non

561 5074 670 5143 jam
698 5074 836 5128 dicis
861 5088 1047 5137 causa,
1083 5073 1191 5126 imo
1216 5089 1314 5128 nec
1341 5089 1432 5143 per
1461 5090 1579 5129 sese
1608 5076 1709 5129 hoc
1734 5077 1787 5129 iu
1837 5094 2008 5148 genus
2027 5079 2139 5134 dis-

565 5167 857 5238 putationis
891 5167 1184 5233 incumbat,
1239 5168 1329 5222 sed
1356 5176 1500 5221 recta
1525 5168 1730 5222 feratur
1753 5173 1808 5224 in
1834 5170 2135 5237 Platonem,

561 5261 722 5331 eique
745 5259 889 5330 quod
907 5270 1085 5313 ortum
1110 5269 1192 5315 est
1215 5260 1472 5329 pereundi
1507 5262 1884 5317 necessitatem
1915 5265 2136 5331 alferat;

637 5419 747 5488 (84)
798 5419 986 5473 Ταῦτα
1023 5418 1271 5482 βεϐαιοῖ.
1327 5420 1465 5474 Ante
1527 5421 1805 5490 legebatur
1852 5425 1912 5476 οὐ
1965 5425 2137 5479 ταῦτα

567 5490 792 5565 βεϐαιοῖ,
823 5491 914 5544 scd
955 5499 1315 5565 u_terq_ue_ms.
1367 5502 1507 5546 recte
1556 5495 1897 5561 negationem
1931 5511 2138 5565 expun-

563 5559 660 5684 ξιτ
696 5559 864 5641 Negat
907 5561 1049 5614 enim
1093 5563 1326 5623 Atticus,
1371 5573 1425 5616 ct
1465 5577 1606 5643 vere,
1633 5559 1751 5618 ihoc
1789 5565 1843 5618 in
1885 5559 2137 5634 dogmate

615 5633 838 5684 ristotch
863 5647 984 5683 cum
1012 5629 1236 5684 Platone
1257 5647 1564 5684 convenire.
1594 5633 1660 5684 Et
1687 5651 1806 5684 omn
1835 5648 2137 5684 sonunntnr

615 5631 838 5705 ristotcli
863 5647 984 5705 eum
1012 5629 1236 5705 [il-alone
1257 5635 1564 5705 convenire.
1594 5633 1660 5686 Et
1687 5651 1806 5704 quas
1835 5629 2139 5705 sequuntur

565 5714 684 5768 cap.
719 5702 769 5762 Ξ,
807 5700 969 5754 πόθεν
997 5697 1110 5765 οῦν,
1137 5713 1265 5766 ete.,
1295 5704 1421 5757 huic
1439 5697 1802 5762 emendationi
1837 5697 2139 5764 clarissime

564 5773 948 5839 Sullragautur.

635 5840 746 5907 (85)
782 5842 851 5892 Tc'
889 5859 946 5892 τε
964 5843 1050 5910 μὴ
1083 5844 1526 5914 ἀπολλύμενον.
1566 5848 1953 5919 chouendutu
1988 5851 2139 5907 vide-

2244 4621 2418 4689 εἶπεν,
2455 4625 2727 4695 ἀπέστησε
2755 4627 2848 4680 τοῦ
2887 4628 3189 4698 δόγματος·
3219 4629 3277 4681 οὐ
3328 4629 3659 4701 δυνηθέντας
3703 4652 3820 4687 συν-

2247 4720 2390 4784 ιδεῖν,
2413 4721 2495 4772 ὅτι
2520 4720 2660 4773 κατά
2693 4722 2789 4791 μὲν
2818 4722 2916 4791 τὴν
2937 4723 3116 4777 αὐτῶν
3138 4723 3296 4792 φύσιν
3318 4726 3425 4777 τῶν
3458 4730 3819 4800 πραγμάτιον,

2242 4811 2308 4880 ἢν
2341 4812 2404 4864 ἄν
2433 4830 2515 4876 τις
2555 4814 2682 4868 ἄνευ
2709 4813 2843 4866 Θεοῦ
2894 4814 3200 4887 βουλήσεως
3241 4817 3334 4870 καί
3371 4819 3656 4890 δυνάμεως
3707 4827 3820 4878 ἐπι-

2242 4905 2453 4973 νοήσαι,
2502 4904 2624 4958 οὔτε
2666 4907 2725 4959 τὸ
2775 4907 3065 4978 γενόμενον
3118 4908 3414 4980 ἄφθαρτον,
3476 4911 3599 4966 οὔτε
3633 4915 3695 4968 τὸ
3751 4918 3820 4987 μὴ

2244 4995 2653 5068 φθαρησόμενον
2685 4999 2795 5068 (87)
2826 5002 3114 5072 γεννητόν”
3143 5003 3271 5056 ὅταν
3291 5002 3344 5054 δὲ
3367 5003 3462 5074 τὴν
3490 5006 3723 5078 ἀρίστην
3743 5027 3819 5071 τις

2243 5089 2419 5141 αἰτίαν
2463 5093 2732 5165 ἐπιστήσῃ
2778 5093 2876 5164 τὴν
2912 5097 2975 5146 ἐκ
3018 5093 3175 5157 Θεοῦ,
3208 5095 3307 5158 δεῖ,
3345 5095 3549 5166 ταύτην
3580 5099 3819 5168 ἡγεμόνα

2242 5180 2350 5234 τῶν
2379 5184 2596 5236 πάντων
2625 5185 2883 5250 λαϐόντα,
2919 5188 3082 5258 μηδὲν
3113 5188 3283 5258 αὐτὴν
3307 5189 3415 5241 τῶν
3437 5189 3614 5243 ἄλλων
3647 5192 3819 5244 αἰτίαν

2243 5276 2564 5343 ἀποφαίνειν
2597 5279 2838 5350 χείρονα.
2874 5281 2912 5332 Γ
2916 5279 3086 5333 ελοῖον
3135 5281 3277 5352 γὰρ,
3316 5281 3447 5335 διότι
3491 5283 3591 5352 μὲν
3633 5281 3818 5352 γέγονέ

2244 5438 2332 5506 tur
2361 5429 2454 5484 τοῦ
2497 5449 2555 5506 τε
2597 5432 2668 5504 μὴ
2696 5434 3113 5506 ἀπολλυμένου,
3145 5435 3228 5506 vel
3269 5433 3344 5504 τῷ
3382 5452 3439 5488 τε
3476 5434 3549 5506 μὴ
3593 5434 3820 5487 ἀπολλυ-

2246 5501 2413 5572 μένῳ,
2450 5503 2533 5555 vel
2587 5501 2630 5574 si
2658 5501 3052 5574 ἀπολλύμενον
3103 5501 3670 5574 τειίιιεινίιιιτ,’ρίιιιῑο
3702 5515 3817 5574 post

2242 5553 2520 5646 neutrum.
2547 5573 2626 5638 τό,
2657 5589 2780 5629 ante
2805 5553 3097 5645 ἄφθαρτον,
3129 5578 3330 5630 rectius
3355 5553 3711 5646 expuitqgetur.l

2315 5643 2425 5710 (86)
2455 5642 2615 5698 Forte
2648 5647 2752 5699 del.
2789 5642 2868 5698 τόζ

2316 5712 2427 5782 (87)
2477 5717 2957 5784 Φθαρησόμενσν,
3003 5719 3080 5772 ita
3134 5718 3471 5773 correximus
3523 5733 3587 5770 ex
3650 5719 3815 5769 altero

2246 5799 2373 5861 tusc,
2422 5784 2673 5839 vitiosum
2704 5789 2848 5842 enim
2898 5799 3013 5844 erat
3061 5792 3450 5861 γενησόμενον,
3503 5787 3647 5857 quod
3693 5801 3814 5840 ante

2243 5855 2536 5915 legebatur.
2572 5867 2627 5910 ιιι
2656 5867 2818 5908 natet.
