  <div class='ocr_page' id='page_1' title='image "/cluster/home/n/w/nwhite01/storage/ocr_20150623/21/hvd.32044073501165/674.png"; bbox 0 0 4034 6390; ppageno 0'>
   <div class='ocr_carea' id='block_1_1' title="bbox 341 381 476 440">
    <p class='ocr_par' dir='ltr' id='par_1_1' title="bbox 341 381 476 440">
     <span class='ocr_line' id='line_1_1' title="bbox 341 381 476 440; baseline 0 -2"><span class='ocrx_word' id='word_1_1' title='bbox 341 381 476 440; x_wconf 76' lang='grc'><strong>1517</strong></span> 
     </span>
    </p>
   </div>
   <div class='ocr_carea' id='block_1_2' title="bbox 1469 387 2424 461">
    <p class='ocr_par' dir='ltr' id='par_1_2' title="bbox 1469 387 2424 461">
     <span class='ocr_line' id='line_1_2' title="bbox 1469 387 2424 461; baseline 0.017 -16"><span class='ocrx_word' id='word_1_2' title='bbox 1469 389 1789 450; x_wconf 68' lang='grc' dir='ltr'><strong>ΡΒᾹΞΡΑΒ.</strong></span> <span class='ocrx_word' id='word_1_3' title='bbox 1830 387 2092 455; x_wconf 73' lang='lat' dir='ltr'><strong>EVANG.</strong></span> <span class='ocrx_word' id='word_1_4' title='bbox 2139 401 2264 458; x_wconf 88' lang='lat' dir='ltr'><strong>LIB.</strong></span> <span class='ocrx_word' id='word_1_5' title='bbox 2307 404 2424 461; x_wconf 80' lang='lat' dir='ltr'><strong>XV.</strong></span> 
     </span>
    </p>
   </div>
   <div class='ocr_carea' id='block_1_3' title="bbox 3458 419 3603 480">
    <p class='ocr_par' dir='ltr' id='par_1_3' title="bbox 3458 419 3603 480">
     <span class='ocr_line' id='line_1_3' title="bbox 3458 419 3603 480; baseline 0.028 -4"><span class='ocrx_word' id='word_1_6' title='bbox 3458 419 3603 480; x_wconf 74' lang='grc'><strong>1518</strong></span> 
     </span>
    </p>
   </div>
   <div class='ocr_carea' id='block_1_4' title="bbox 331 495 1897 606">
    <p class='ocr_par' dir='ltr' id='par_1_4' title="bbox 331 503 1897 587">
     <span class='ocr_line' id='line_1_4' title="bbox 331 503 1897 587; baseline 0.008 -31"><span class='ocrx_word' id='word_1_7' title='bbox 331 519 412 563; x_wconf 81' lang='grc' dir='ltr'>τι.</span> <span class='ocrx_word' id='word_1_8' title='bbox 441 503 530 558; x_wconf 74' lang='grc' dir='ltr'><strong>διὰ</strong></span> <span class='ocrx_word' id='word_1_9' title='bbox 572 503 730 558; x_wconf 86' lang='grc' dir='ltr'>τοῦτο</span> <span class='ocrx_word' id='word_1_10' title='bbox 776 505 1077 579; x_wconf 73' lang='grc' dir='ltr'>φθαρῆναιο</span> <span class='ocrx_word' id='word_1_11' title='bbox 1112 509 1160 562; x_wconf 80' lang='grc' dir='ltr'><strong>εί</strong></span> <span class='ocrx_word' id='word_1_12' title='bbox 1216 509 1272 562; x_wconf 78' lang='grc' dir='ltr'><strong>δὲ</strong></span> <span class='ocrx_word' id='word_1_13' title='bbox 1313 511 1341 562; x_wconf 79' lang='grc' dir='ltr'><strong>ο</strong></span> <span class='ocrx_word' id='word_1_14' title='bbox 1367 511 1498 576; x_wconf 79' lang='grc' dir='ltr'>Θεὸς</span> <span class='ocrx_word' id='word_1_15' title='bbox 1533 512 1799 583; x_wconf 78' lang='grc' dir='ltr'>βούλεται,</span> <span class='ocrx_word' id='word_1_16' title='bbox 1843 512 1897 587; x_wconf 67' lang='grc' dir='ltr'>μὶ</span> 
     </span>
    </p>
   </div>
   <div class='ocr_carea' id='block_1_5' title="bbox 1998 495 3604 606">
    <p class='ocr_par' dir='ltr' id='par_1_5' title="bbox 2020 521 3604 606">
     <span class='ocr_line' id='line_1_5' title="bbox 2020 521 3604 606; baseline 0.015 -34"><span class='ocrx_word' id='word_1_17' title='bbox 2020 521 2167 590; x_wconf 88' lang='lat' dir='ltr'><strong>quod</strong></span> <span class='ocrx_word' id='word_1_18' title='bbox 2197 538 2327 579; x_wconf 89' lang='lat' dir='ltr'><strong>vero</strong></span> <span class='ocrx_word' id='word_1_19' title='bbox 2357 539 2466 580; x_wconf 92' lang='lat' dir='ltr'><strong>non</strong></span> <span class='ocrx_word' id='word_1_20' title='bbox 2490 535 2696 595; x_wconf 82' lang='lat' dir='ltr'><strong>pereat,</strong></span> <span class='ocrx_word' id='word_1_21' title='bbox 2725 527 2779 584; x_wconf 89' lang='lat' dir='ltr'><strong>id</strong></span> <span class='ocrx_word' id='word_1_22' title='bbox 2808 544 2872 584; x_wconf 93' lang='lat' dir='ltr'><strong>ea</strong></span> <span class='ocrx_word' id='word_1_23' title='bbox 2905 531 3082 586; x_wconf 87' lang='lat' dir='ltr'><strong>solum</strong></span> <span class='ocrx_word' id='word_1_24' title='bbox 3112 547 3299 600; x_wconf 89' lang='lat' dir='ltr'><strong>causa,</strong></span> <span class='ocrx_word' id='word_1_25' title='bbox 3331 537 3476 606; x_wconf 89' lang='lat' dir='ltr'><strong>quod</strong></span> <span class='ocrx_word' id='word_1_26' title='bbox 3509 553 3604 594; x_wconf 88' lang='lat' dir='ltr'><strong>or-</strong></span> 
     </span>
    </p>
   </div>
   <div class='ocr_carea' id='block_1_6' title="bbox 335 596 1919 678">
    <p class='ocr_par' dir='ltr' id='par_1_6' title="bbox 335 596 1919 678">
     <span class='ocr_line' id='line_1_6' title="bbox 335 596 1919 678; baseline 0.007 -29"><span class='ocrx_word' id='word_1_27' title='bbox 335 596 643 668; x_wconf 63' lang='grc' dir='ltr'>φθαρῆναιι</span> <span class='ocrx_word' id='word_1_28' title='bbox 690 599 784 651; x_wconf 88' lang='lat' dir='ltr'><strong>xui.</strong></span> <span class='ocrx_word' id='word_1_29' title='bbox 815 598 946 652; x_wconf 85' lang='grc' dir='ltr'><strong>διότι</strong></span> <span class='ocrx_word' id='word_1_30' title='bbox 980 600 1078 670; x_wconf 88' lang='grc' dir='ltr'><strong>μέν</strong></span> <span class='ocrx_word' id='word_1_31' title='bbox 1123 618 1174 653; x_wconf 87' lang='grc' dir='ltr'><strong>τι</strong></span> <span class='ocrx_word' id='word_1_32' title='bbox 1209 601 1506 673; x_wconf 87' lang='grc' dir='ltr'>ἁγέννητόν</span> <span class='ocrx_word' id='word_1_33' title='bbox 1547 607 1730 673; x_wconf 81' lang='grc' dir='ltr'>ἐστιν,</span> <span class='ocrx_word' id='word_1_34' title='bbox 1775 606 1919 678; x_wconf 81' lang='grc' dir='ltr'>ἔχειν</span> 
     </span>
    </p>
   </div>
   <div class='ocr_carea' id='block_1_7' title="bbox 340 688 1919 772">
    <p class='ocr_par' dir='ltr' id='par_1_7' title="bbox 340 688 1919 772">
     <span class='ocr_line' id='line_1_7' title="bbox 340 688 1919 772; baseline 0.009 -32"><span class='ocrx_word' id='word_1_35' title='bbox 340 689 495 759; x_wconf 72' lang='grc' dir='ltr'>ἰσχὺν</span> <span class='ocrx_word' id='word_1_36' title='bbox 520 688 614 742; x_wconf 91' lang='grc' dir='ltr'><strong>τοῦ</strong></span> <span class='ocrx_word' id='word_1_37' title='bbox 640 689 713 761; x_wconf 82' lang='grc' dir='ltr'>μὴ</span> <span class='ocrx_word' id='word_1_38' title='bbox 748 691 1044 763; x_wconf 76' lang='grc' dir='ltr'>φθαρῆναι·</span> <span class='ocrx_word' id='word_1_39' title='bbox 1072 693 1168 765; x_wconf 83' lang='grc' dir='ltr'>τὴν</span> <span class='ocrx_word' id='word_1_40' title='bbox 1192 695 1248 747; x_wconf 80' lang='grc' dir='ltr'><strong>δὲ</strong></span> <span class='ocrx_word' id='word_1_41' title='bbox 1295 695 1442 768; x_wconf 82' lang='grc' dir='ltr'><strong>παρά</strong></span> <span class='ocrx_word' id='word_1_42' title='bbox 1480 697 1615 751; x_wconf 98' lang='grc' dir='ltr'>Θεοῦ</span> <span class='ocrx_word' id='word_1_43' title='bbox 1666 698 1919 772; x_wconf 86' lang='grc' dir='ltr'>βούλησιν</span> 
     </span>
    </p>
   </div>
   <div class='ocr_carea' id='block_1_8' title="bbox 336 780 1915 862">
    <p class='ocr_par' dir='ltr' id='par_1_8' title="bbox 336 780 1915 862">
     <span class='ocr_line' id='line_1_8' title="bbox 336 780 1915 862; baseline 0.009 -30"><span class='ocrx_word' id='word_1_44' title='bbox 336 780 527 845; x_wconf 77' lang='grc' dir='ltr'><strong>ἐνδεῖν,</strong></span> <span class='ocrx_word' id='word_1_45' title='bbox 562 781 696 852; x_wconf 74' lang='grc' dir='ltr'>πρὸς</span> <span class='ocrx_word' id='word_1_46' title='bbox 727 783 789 836; x_wconf 88' lang='grc' dir='ltr'><strong>τὸ</strong></span> <span class='ocrx_word' id='word_1_47' title='bbox 807 783 1081 854; x_wconf 70' lang='grc' dir='ltr'>ἄφθαρτον</span> <span class='ocrx_word' id='word_1_48' title='bbox 1112 786 1349 856; x_wconf 78' lang='grc' dir='ltr'>τηρῆσαί</span> <span class='ocrx_word' id='word_1_49' title='bbox 1375 805 1427 840; x_wconf 87' lang='grc' dir='ltr'><strong>τι</strong></span> <span class='ocrx_word' id='word_1_50' title='bbox 1458 789 1565 842; x_wconf 79' lang='grc' dir='ltr'><strong>τῶν</strong></span> <span class='ocrx_word' id='word_1_51' title='bbox 1589 791 1915 862; x_wconf 82' lang='grc' dir='ltr'><strong>γενομένων.</strong></span> 
     </span>
    </p>
   </div>
   <div class='ocr_carea' id='block_1_9' title="bbox 336 872 1919 946">
    <p class='ocr_par' dir='ltr' id='par_1_9' title="bbox 336 872 1919 946">
     <span class='ocr_line' id='line_1_9' title="bbox 336 872 1919 946; baseline 0.007 -20"><span class='ocrx_word' id='word_1_52' title='bbox 336 872 448 926; x_wconf 67' lang='grc' dir='ltr'>Καὶ</span> <span class='ocrx_word' id='word_1_53' title='bbox 475 873 504 925; x_wconf 98' lang='lat'><strong>6</strong></span> <span class='ocrx_word' id='word_1_54' title='bbox 535 875 632 944; x_wconf 75' lang='grc' dir='ltr'><strong>μὲν</strong></span> <span class='ocrx_word' id='word_1_55' title='bbox 667 875 947 946; x_wconf 78' lang='grc' dir='ltr'>οἰκοδόμος</span> <span class='ocrx_word' id='word_1_56' title='bbox 975 877 1160 941; x_wconf 81' lang='grc' dir='ltr'>ἱκανὸς</span> <span class='ocrx_word' id='word_1_57' title='bbox 1191 881 1290 932; x_wconf 75' lang='grc' dir='ltr'><strong>οὐκ</strong></span> <span class='ocrx_word' id='word_1_58' title='bbox 1319 876 1482 933; x_wconf 79' lang='grc' dir='ltr'>οὖσαν</span> <span class='ocrx_word' id='word_1_59' title='bbox 1525 882 1704 934; x_wconf 80' lang='grc' dir='ltr'>οἰκίαν</span> <span class='ocrx_word' id='word_1_60' title='bbox 1747 901 1919 938; x_wconf 88' lang='grc' dir='ltr'>κατα-</span> 
     </span>
    </p>
   </div>
   <div class='ocr_carea' id='block_1_10' title="bbox 336 965 1918 1046">
    <p class='ocr_par' dir='ltr' id='par_1_10' title="bbox 336 965 1918 1046">
     <span class='ocr_line' id='line_1_10' title="bbox 336 965 1918 1046; baseline 0.008 -29"><span class='ocrx_word' id='word_1_61' title='bbox 336 965 742 1020; x_wconf 78' lang='grc' dir='ltr'>σκευάσασθαιο</span> <span class='ocrx_word' id='word_1_62' title='bbox 782 969 964 1031; x_wconf 84' lang='grc' dir='ltr'>ἱκανὸς</span> <span class='ocrx_word' id='word_1_63' title='bbox 989 969 1046 1022; x_wconf 87' lang='grc' dir='ltr'><strong>δέ</strong></span> <span class='ocrx_word' id='word_1_64' title='bbox 1077 987 1164 1033; x_wconf 91' lang='grc' dir='ltr'><strong>τις</strong></span> <span class='ocrx_word' id='word_1_65' title='bbox 1191 973 1283 1024; x_wconf 74' lang='grc' dir='ltr'><strong>καὶ</strong></span> <span class='ocrx_word' id='word_1_66' title='bbox 1328 972 1620 1044; x_wconf 80' lang='grc' dir='ltr'>ἀνδριάντα</span> <span class='ocrx_word' id='word_1_67' title='bbox 1666 973 1739 1046; x_wconf 84' lang='grc' dir='ltr'><strong>μὴ</strong></span> <span class='ocrx_word' id='word_1_68' title='bbox 1789 975 1918 1028; x_wconf 76' lang='grc' dir='ltr'>ὄντα</span> 
     </span>
    </p>
   </div>
   <div class='ocr_carea' id='block_1_11' title="bbox 334 1058 1918 1140">
    <p class='ocr_par' dir='ltr' id='par_1_11' title="bbox 334 1058 1918 1140">
     <span class='ocr_line' id='line_1_11' title="bbox 334 1058 1918 1140; baseline 0.008 -31"><span class='ocrx_word' id='word_1_69' title='bbox 334 1058 599 1130; x_wconf 81' lang='grc' dir='ltr'>πρότερον</span> <span class='ocrx_word' id='word_1_70' title='bbox 632 1061 758 1114; x_wconf 77' lang='grc' dir='ltr'>ὂντα</span> <span class='ocrx_word' id='word_1_71' title='bbox 785 1063 1042 1133; x_wconf 77' lang='grc' dir='ltr'>ποιῆσαι·</span> <span class='ocrx_word' id='word_1_72' title='bbox 1072 1065 1166 1117; x_wconf 82' lang='lat' dir='ltr'><strong>xui.</strong></span> <span class='ocrx_word' id='word_1_73' title='bbox 1195 1065 1328 1118; x_wconf 87' lang='grc' dir='ltr'>ναῦν</span> <span class='ocrx_word' id='word_1_74' title='bbox 1358 1067 1516 1131; x_wconf 83' lang='grc' dir='ltr'>ἄλλος</span> <span class='ocrx_word' id='word_1_75' title='bbox 1540 1067 1599 1134; x_wconf 75' lang='grc' dir='ltr'>ἐξ</span> <span class='ocrx_word' id='word_1_76' title='bbox 1649 1069 1780 1138; x_wconf 77' lang='grc' dir='ltr'>ὕλης</span> <span class='ocrx_word' id='word_1_77' title='bbox 1819 1068 1918 1140; x_wconf 84' lang='grc' dir='ltr'>ἀρ-</span> 
     </span>
    </p>
   </div>
   <div class='ocr_carea' id='block_1_12' title="bbox 330 1149 1916 1230">
    <p class='ocr_par' dir='ltr' id='par_1_12' title="bbox 330 1149 1916 1230">
     <span class='ocr_line' id='line_1_12' title="bbox 330 1149 1916 1230; baseline 0.008 -29"><span class='ocrx_word' id='word_1_78' title='bbox 330 1149 430 1214; x_wconf 88' lang='grc' dir='ltr'><strong>γοῦ</strong></span> <span class='ocrx_word' id='word_1_79' title='bbox 466 1155 866 1225; x_wconf 75' lang='grc' dir='ltr'>τεκτηνάμενος</span> <span class='ocrx_word' id='word_1_80' title='bbox 898 1155 1139 1227; x_wconf 81' lang='grc' dir='ltr'>παρέσχε</span> <span class='ocrx_word' id='word_1_81' title='bbox 1171 1161 1281 1220; x_wconf 86' lang='grc' dir='ltr'>τοῖς</span> <span class='ocrx_word' id='word_1_82' title='bbox 1309 1158 1585 1230; x_wconf 80' lang='grc' dir='ltr'>δεομένοις</span> <span class='ocrx_word' id='word_1_83' title='bbox 1610 1175 1624 1189; x_wconf 88' lang='grc'>·</span> <span class='ocrx_word' id='word_1_84' title='bbox 1659 1161 1753 1213; x_wconf 87' lang='lat' dir='ltr'><strong>xui.</strong></span> <span class='ocrx_word' id='word_1_85' title='bbox 1807 1161 1916 1214; x_wconf 80' lang='grc' dir='ltr'>τῶν</span> 
     </span>
    </p>
   </div>
   <div class='ocr_carea' id='block_1_13' title="bbox 328 1243 1914 1324">
    <p class='ocr_par' dir='ltr' id='par_1_13' title="bbox 328 1243 1914 1324">
     <span class='ocr_line' id='line_1_13' title="bbox 328 1243 1914 1324; baseline 0.006 -28"><span class='ocrx_word' id='word_1_86' title='bbox 328 1243 506 1297; x_wconf 81' lang='grc' dir='ltr'>ἄλλων</span> <span class='ocrx_word' id='word_1_87' title='bbox 533 1246 788 1316; x_wconf 82' lang='grc' dir='ltr'>τεχνιτῶν</span> <span class='ocrx_word' id='word_1_88' title='bbox 816 1248 1062 1312; x_wconf 74' lang='grc' dir='ltr'>ἕκαστος,</span> <span class='ocrx_word' id='word_1_89' title='bbox 1101 1251 1215 1302; x_wconf 79' lang='grc' dir='ltr'>ὅσοι</span> <span class='ocrx_word' id='word_1_90' title='bbox 1238 1268 1300 1319; x_wconf 92' lang='grc' dir='ltr'><strong>γε</strong></span> <span class='ocrx_word' id='word_1_91' title='bbox 1331 1250 1428 1314; x_wconf 80' lang='grc' dir='ltr'>τὰς</span> <span class='ocrx_word' id='word_1_92' title='bbox 1463 1251 1752 1323; x_wconf 81' lang='grc' dir='ltr'>ποιητικὰς</span> <span class='ocrx_word' id='word_1_93' title='bbox 1783 1269 1914 1324; x_wconf 90' lang='grc' dir='ltr'>μετ-</span> 
     </span>
    </p>
   </div>
   <div class='ocr_carea' id='block_1_14' title="bbox 331 1334 1914 1413">
    <p class='ocr_par' dir='ltr' id='par_1_14' title="bbox 331 1334 1914 1413">
     <span class='ocr_line' id='line_1_14' title="bbox 331 1334 1914 1413; baseline 0.008 -28"><span class='ocrx_word' id='word_1_94' title='bbox 331 1334 442 1386; x_wconf 86' lang='grc' dir='ltr'>ίασι</span> <span class='ocrx_word' id='word_1_95' title='bbox 477 1337 690 1407; x_wconf 79' lang='grc' dir='ltr'>τέχνας,</span> <span class='ocrx_word' id='word_1_96' title='bbox 720 1339 948 1409; x_wconf 76' lang='grc' dir='ltr'>δύναμιν</span> <span class='ocrx_word' id='word_1_97' title='bbox 996 1340 1198 1411; x_wconf 72' lang='grc' dir='ltr'>ταύτην</span> <span class='ocrx_word' id='word_1_98' title='bbox 1232 1342 1466 1413; x_wconf 76' lang='grc' dir='ltr'>ἔχουσιν,</span> <span class='ocrx_word' id='word_1_99' title='bbox 1499 1343 1575 1406; x_wconf 83' lang='grc' dir='ltr'>ὣς</span> <span class='ocrx_word' id='word_1_100' title='bbox 1605 1361 1656 1396; x_wconf 89' lang='grc' dir='ltr'><strong>τι</strong></span> <span class='ocrx_word' id='word_1_101' title='bbox 1685 1344 1793 1396; x_wconf 82' lang='grc' dir='ltr'>τῶν</span> <span class='ocrx_word' id='word_1_102' title='bbox 1814 1344 1914 1396; x_wconf 81' lang='grc' dir='ltr'><strong>οὐκ</strong></span> 
     </span>
    </p>
   </div>
   <div class='ocr_carea' id='block_1_15' title="bbox 326 1426 1914 1507">
    <p class='ocr_par' dir='ltr' id='par_1_15' title="bbox 326 1426 1914 1507">
     <span class='ocr_line' id='line_1_15' title="bbox 326 1426 1914 1507; baseline 0.006 -29"><span class='ocrx_word' id='word_1_103' title='bbox 326 1426 500 1480; x_wconf 74' lang='grc' dir='ltr'>ὅντων</span> <span class='ocrx_word' id='word_1_104' title='bbox 533 1430 685 1497; x_wconf 82' lang='grc' dir='ltr'>ἄγειν</span> <span class='ocrx_word' id='word_1_105' title='bbox 720 1432 800 1494; x_wconf 86' lang='grc' dir='ltr'>εἰς</span> <span class='ocrx_word' id='word_1_106' title='bbox 833 1433 1059 1485; x_wconf 77' lang='grc' dir='ltr'>οὐσίαν·</span> <span class='ocrx_word' id='word_1_107' title='bbox 1095 1435 1124 1486; x_wconf 81' lang='grc' dir='ltr'><strong>ὁ</strong></span> <span class='ocrx_word' id='word_1_108' title='bbox 1155 1433 1210 1486; x_wconf 84' lang='grc' dir='ltr'>δὲ</span> <span class='ocrx_word' id='word_1_109' title='bbox 1243 1435 1621 1505; x_wconf 76' lang='grc' dir='ltr'>παμϐασιλεὺς</span> <span class='ocrx_word' id='word_1_110' title='bbox 1657 1437 1751 1489; x_wconf 86' lang='lat' dir='ltr'><strong>xui.</strong></span> <span class='ocrx_word' id='word_1_111' title='bbox 1793 1436 1914 1507; x_wconf 84' lang='grc' dir='ltr'>ἀρι-</span> 
     </span>
    </p>
   </div>
   <div class='ocr_carea' id='block_1_16' title="bbox 329 1519 1912 1599">
    <p class='ocr_par' dir='ltr' id='par_1_16' title="bbox 329 1519 1912 1599">
     <span class='ocr_line' id='line_1_16' title="bbox 329 1519 1912 1599; baseline 0.008 -30"><span class='ocrx_word' id='word_1_112' title='bbox 329 1519 642 1591; x_wconf 84' lang='grc' dir='ltr'>στοτέχνης,</span> <span class='ocrx_word' id='word_1_113' title='bbox 680 1522 786 1574; x_wconf 74' lang='grc' dir='ltr'>οὐδ’</span> <span class='ocrx_word' id='word_1_114' title='bbox 811 1525 934 1577; x_wconf 84' lang='grc' dir='ltr'>ὅσον</span> <span class='ocrx_word' id='word_1_115' title='bbox 964 1525 1306 1596; x_wconf 77' lang='grc' dir='ltr'>ἀνθρωπίνου</span> <span class='ocrx_word' id='word_1_116' title='bbox 1341 1528 1583 1598; x_wconf 82' lang='grc' dir='ltr'>τεχνίτου</span> <span class='ocrx_word' id='word_1_117' title='bbox 1631 1528 1912 1599; x_wconf 88' lang='grc' dir='ltr'>δυνάμεως</span> 
     </span>
    </p>
   </div>
   <div class='ocr_carea' id='block_1_17' title="bbox 329 1612 1908 1690">
    <p class='ocr_par' dir='ltr' id='par_1_17' title="bbox 329 1612 1908 1690">
     <span class='ocr_line' id='line_1_17' title="bbox 329 1612 1908 1690; baseline 0.007 -28"><span class='ocrx_word' id='word_1_118' title='bbox 329 1612 568 1680; x_wconf 80' lang='grc' dir='ltr'>μεθέξει,</span> <span class='ocrx_word' id='word_1_119' title='bbox 601 1617 826 1686; x_wconf 82' lang='grc' dir='ltr'>ἄμοιρος</span> <span class='ocrx_word' id='word_1_120' title='bbox 847 1617 889 1669; x_wconf 80' lang='grc' dir='ltr'>δ’</span> <span class='ocrx_word' id='word_1_121' title='bbox 909 1619 1038 1688; x_wconf 78' lang='grc' dir='ltr'>ἡμῖν</span> <span class='ocrx_word' id='word_1_122' title='bbox 1064 1619 1242 1690; x_wconf 88' lang='grc' dir='ltr'>πάσης</span> <span class='ocrx_word' id='word_1_123' title='bbox 1267 1619 1418 1672; x_wconf 79' lang='grc' dir='ltr'>ἔσται</span> <span class='ocrx_word' id='word_1_124' title='bbox 1445 1621 1742 1687; x_wconf 89' lang='grc' dir='ltr'>γενέσεως;</span> <span class='ocrx_word' id='word_1_125' title='bbox 1773 1618 1908 1684; x_wconf 78' lang='grc' dir='ltr'>Οὔκ,</span> 
     </span>
    </p>
   </div>
   <div class='ocr_carea' id='block_1_18' title="bbox 324 1703 1908 1784">
    <p class='ocr_par' dir='ltr' id='par_1_18' title="bbox 324 1703 1908 1784">
     <span class='ocr_line' id='line_1_18' title="bbox 324 1703 1908 1784; baseline 0.008 -31"><span class='ocrx_word' id='word_1_126' title='bbox 324 1703 420 1755; x_wconf 83' lang='grc' dir='ltr'>ἐάν</span> <span class='ocrx_word' id='word_1_127' title='bbox 459 1721 522 1772; x_wconf 87' lang='grc' dir='ltr'><strong>γε</strong></span> <span class='ocrx_word' id='word_1_128' title='bbox 573 1707 712 1761; x_wconf 85' lang='grc' dir='ltr'><strong>κατά</strong></span> <span class='ocrx_word' id='word_1_129' title='bbox 775 1708 949 1780; x_wconf 80' lang='grc' dir='ltr'>βραχὺ</span> <span class='ocrx_word' id='word_1_130' title='bbox 1012 1709 1122 1781; x_wconf 88' lang='grc'>(88)</span> <span class='ocrx_word' id='word_1_131' title='bbox 1167 1711 1315 1774; x_wconf 86' lang='grc' dir='ltr'>θείας</span> <span class='ocrx_word' id='word_1_132' title='bbox 1337 1712 1515 1776; x_wconf 74' lang='grc' dir='ltr'>αἰτίας</span> <span class='ocrx_word' id='word_1_133' title='bbox 1558 1713 1908 1784; x_wconf 77' lang='grc' dir='ltr'>ἐπιλογισμὸν</span> 
     </span>
    </p>
   </div>
   <div class='ocr_carea' id='block_1_19' title="bbox 322 1789 1908 1874">
    <p class='ocr_par' dir='ltr' id='par_1_19' title="bbox 322 1789 1908 1874">
     <span class='ocr_line' id='line_1_19' title="bbox 322 1789 1908 1874; baseline 0.006 -28"><span class='ocrx_word' id='word_1_134' title='bbox 322 1789 426 1847; x_wconf 76' lang='grc' dir='ltr'>οἷοί</span> <span class='ocrx_word' id='word_1_135' title='bbox 457 1814 516 1849; x_wconf 88' lang='grc' dir='ltr'><strong>τε</strong></span> <span class='ocrx_word' id='word_1_136' title='bbox 545 1791 695 1869; x_wconf 84' lang='grc' dir='ltr'>ὦμεν</span> <span class='ocrx_word' id='word_1_137' title='bbox 730 1799 934 1854; x_wconf 74' lang='grc' dir='ltr'>λαϐεῖν.</span> <span class='ocrx_word' id='word_1_138' title='bbox 989 1802 1142 1856; x_wconf 78' lang='grc' dir='ltr'>Ἀλλά</span> <span class='ocrx_word' id='word_1_139' title='bbox 1187 1803 1407 1874; x_wconf 78' lang='grc' dir='ltr'>ποιῆσαι</span> <span class='ocrx_word' id='word_1_140' title='bbox 1445 1805 1542 1874; x_wconf 84' lang='grc' dir='ltr'><strong>μὲν</strong></span> <span class='ocrx_word' id='word_1_141' title='bbox 1584 1804 1766 1868; x_wconf 87' lang='grc' dir='ltr'>ἱκανὸς</span> <span class='ocrx_word' id='word_1_142' title='bbox 1815 1803 1908 1858; x_wconf 79' lang='grc' dir='ltr'><strong>καὶ</strong></span> 
     </span>
    </p>
   </div>
   <div class='ocr_carea' id='block_1_20' title="bbox 2024 616 3602 690">
    <p class='ocr_par' dir='ltr' id='par_1_20' title="bbox 2024 616 3602 690">
     <span class='ocr_line' id='line_1_20' title="bbox 2024 616 3602 690; baseline 0.015 -26"><span class='ocrx_word' id='word_1_143' title='bbox 2024 619 2137 665; x_wconf 92' lang='lat' dir='ltr'><strong>tum</strong></span> <span class='ocrx_word' id='word_1_144' title='bbox 2166 629 2447 684; x_wconf 84' lang='lat' dir='ltr'><strong>nunquam</strong></span> <span class='ocrx_word' id='word_1_145' title='bbox 2480 616 2660 682; x_wconf 90' lang='lat' dir='ltr'><strong>fuerit,</strong></span> <span class='ocrx_word' id='word_1_146' title='bbox 2694 629 3018 690; x_wconf 91' lang='lat' dir='ltr'><strong>perpetuum</strong></span> <span class='ocrx_word' id='word_1_147' title='bbox 3048 639 3270 680; x_wconf 89' lang='lat' dir='ltr'><strong>manere</strong></span> <span class='ocrx_word' id='word_1_148' title='bbox 3299 627 3552 686; x_wconf 73' lang='lat' dir='ltr'><strong>defendat</strong></span> <span class='ocrx_word' id='word_1_149' title='bbox 3584 649 3602 686; x_wconf 91' lang='lat'><strong>:</strong></span> 
     </span>
    </p>
   </div>
   <div class='ocr_carea' id='block_1_21' title="bbox 2021 705 3602 789">
    <p class='ocr_par' dir='ltr' id='par_1_21' title="bbox 2021 705 3602 789">
     <span class='ocr_line' id='line_1_21' title="bbox 2021 705 3602 789; baseline 0.014 -35"><span class='ocrx_word' id='word_1_150' title='bbox 2021 710 2298 770; x_wconf 89' lang='lat' dir='ltr'><strong>postremo</strong></span> <span class='ocrx_word' id='word_1_151' title='bbox 2327 721 2396 760; x_wconf 91' lang='lat' dir='ltr'><strong>ne</strong></span> <span class='ocrx_word' id='word_1_152' title='bbox 2431 705 2542 761; x_wconf 92' lang='lat' dir='ltr'><strong>Deo</strong></span> <span class='ocrx_word' id='word_1_153' title='bbox 2568 709 2788 778; x_wconf 86' lang='lat' dir='ltr'><strong>quidem</strong></span> <span class='ocrx_word' id='word_1_154' title='bbox 2831 711 2934 782; x_wconf 85' lang='lat' dir='ltr'><strong>ipsi</strong></span> <span class='ocrx_word' id='word_1_155' title='bbox 2973 713 3105 767; x_wconf 91' lang='lat' dir='ltr'><strong>boni</strong></span> <span class='ocrx_word' id='word_1_156' title='bbox 3136 715 3332 782; x_wconf 91' lang='lat' dir='ltr'><strong>ullius,</strong></span> <span class='ocrx_word' id='word_1_157' title='bbox 3374 719 3419 773; x_wconf 88' lang='lat' dir='ltr'><strong>si</strong></span> <span class='ocrx_word' id='word_1_158' title='bbox 3454 721 3602 789; x_wconf 90' lang='lat' dir='ltr'><strong>velit,</strong></span> 
     </span>
    </p>
   </div>
   <div class='ocr_carea' id='block_1_22' title="bbox 2021 791 3602 879">
    <p class='ocr_par' dir='ltr' id='par_1_22' title="bbox 2021 791 3602 879">
     <span class='ocr_line' id='line_1_22' title="bbox 2021 791 3602 879; baseline 0.013 -34"><span class='ocrx_word' id='word_1_159' title='bbox 2021 791 2287 848; x_wconf 74' lang='lat' dir='ltr'><strong>efﬁciendi</strong></span> <span class='ocrx_word' id='word_1_160' title='bbox 2315 796 2420 850; x_wconf 91' lang='lat' dir='ltr'><strong>vim</strong></span> <span class='ocrx_word' id='word_1_161' title='bbox 2461 813 2527 853; x_wconf 92' lang='lat' dir='ltr'><strong>ac</strong></span> <span class='ocrx_word' id='word_1_162' title='bbox 2559 810 2881 869; x_wconf 89' lang='lat' dir='ltr'><strong>potestatem</strong></span> <span class='ocrx_word' id='word_1_163' title='bbox 2920 803 3231 874; x_wconf 88' lang='lat' dir='ltr'><strong>relinquat?</strong></span> <span class='ocrx_word' id='word_1_164' title='bbox 3285 807 3420 862; x_wconf 83' lang='lat' dir='ltr'><strong>Nam</strong></span> <span class='ocrx_word' id='word_1_165' title='bbox 3456 812 3602 879; x_wconf 88' lang='lat' dir='ltr'><strong>quod</strong></span> 
     </span>
    </p>
   </div>
   <div class='ocr_carea' id='block_1_23' title="bbox 2020 884 3604 967">
    <p class='ocr_par' dir='ltr' id='par_1_23' title="bbox 2020 884 3604 967">
     <span class='ocr_line' id='line_1_23' title="bbox 2020 884 3604 967; baseline 0.012 -30"><span class='ocrx_word' id='word_1_166' title='bbox 2020 884 2172 953; x_wconf 91' lang='lat' dir='ltr'><strong>prius</strong></span> <span class='ocrx_word' id='word_1_167' title='bbox 2196 888 2404 943; x_wconf 89' lang='lat' dir='ltr'><strong>nullum</strong></span> <span class='ocrx_word' id='word_1_168' title='bbox 2431 901 2569 958; x_wconf 88' lang='lat' dir='ltr'><strong>erat,</strong></span> <span class='ocrx_word' id='word_1_169' title='bbox 2601 893 2799 961; x_wconf 88' lang='lat' dir='ltr'><strong>inquit,</strong></span> <span class='ocrx_word' id='word_1_170' title='bbox 2827 895 2880 950; x_wconf 90' lang='lat' dir='ltr'><strong>id</strong></span> <span class='ocrx_word' id='word_1_171' title='bbox 2905 911 3026 952; x_wconf 88' lang='lat' dir='ltr'><strong>esse</strong></span> <span class='ocrx_word' id='word_1_172' title='bbox 3046 908 3235 967; x_wconf 89' lang='lat' dir='ltr'><strong>postea</strong></span> <span class='ocrx_word' id='word_1_173' title='bbox 3262 901 3410 956; x_wconf 91' lang='lat' dir='ltr'><strong>nullo</strong></span> <span class='ocrx_word' id='word_1_174' title='bbox 3442 905 3604 958; x_wconf 89' lang='lat' dir='ltr'><strong>modo</strong></span> 
     </span>
    </p>
   </div>
   <div class='ocr_carea' id='block_1_24' title="bbox 2020 982 3599 1059">
    <p class='ocr_par' dir='ltr' id='par_1_24' title="bbox 2020 982 3599 1059">
     <span class='ocr_line' id='line_1_24' title="bbox 2020 982 3599 1059; baseline 0.013 -30"><span class='ocrx_word' id='word_1_175' title='bbox 2020 985 2214 1042; x_wconf 88' lang='lat' dir='ltr'><strong>potest.</strong></span> <span class='ocrx_word' id='word_1_176' title='bbox 2271 982 2447 1051; x_wconf 87' lang='lat' dir='ltr'><strong>Atque</strong></span> <span class='ocrx_word' id='word_1_177' title='bbox 2483 983 2587 1038; x_wconf 92' lang='lat' dir='ltr'><strong>hoc</strong></span> <span class='ocrx_word' id='word_1_178' title='bbox 2631 986 2894 1042; x_wconf 83' lang='lat' dir='ltr'><strong>orationis</strong></span> <span class='ocrx_word' id='word_1_179' title='bbox 2946 1003 3144 1059; x_wconf 83' lang='lat' dir='ltr'><strong>genere</strong></span> <span class='ocrx_word' id='word_1_180' title='bbox 3195 1007 3226 1046; x_wconf 89' lang='lat' dir='ltr'><strong>a</strong></span> <span class='ocrx_word' id='word_1_181' title='bbox 3277 993 3599 1049; x_wconf 81' lang='lat' dir='ltr'><strong>stabilienda</strong></span> 
     </span>
    </p>
   </div>
   <div class='ocr_carea' id='block_1_25' title="bbox 2018 1065 3603 1152">
    <p class='ocr_par' dir='ltr' id='par_1_25' title="bbox 2018 1065 3603 1152">
     <span class='ocr_line' id='line_1_25' title="bbox 2018 1065 3603 1152; baseline 0.013 -33"><span class='ocrx_word' id='word_1_182' title='bbox 2018 1065 2263 1123; x_wconf 88' lang='lat' dir='ltr'><strong>Platonis</strong></span> <span class='ocrx_word' id='word_1_183' title='bbox 2285 1070 2532 1127; x_wconf 83' lang='lat' dir='ltr'><strong>doctrina</strong></span> <span class='ocrx_word' id='word_1_184' title='bbox 2565 1083 2773 1130; x_wconf 91' lang='lat' dir='ltr'><strong>tantum</strong></span> <span class='ocrx_word' id='word_1_185' title='bbox 2802 1078 2976 1143; x_wconf 84' lang='lat' dir='ltr'><strong>abest,</strong></span> <span class='ocrx_word' id='word_1_186' title='bbox 2998 1088 3057 1133; x_wconf 93' lang='lat' dir='ltr'><strong>ut</strong></span> <span class='ocrx_word' id='word_1_187' title='bbox 3086 1095 3154 1136; x_wconf 88' lang='lat' dir='ltr'><strong>eo</strong></span> <span class='ocrx_word' id='word_1_188' title='bbox 3184 1083 3368 1152; x_wconf 89' lang='lat' dir='ltr'><strong>potius</strong></span> <span class='ocrx_word' id='word_1_189' title='bbox 3397 1084 3603 1139; x_wconf 85' lang='lat' dir='ltr'><strong>abster-</strong></span> 
     </span>
    </p>
   </div>
   <div class='ocr_carea' id='block_1_26' title="bbox 2016 1157 3599 1237">
    <p class='ocr_par' dir='ltr' id='par_1_26' title="bbox 2016 1157 3599 1237">
     <span class='ocr_line' id='line_1_26' title="bbox 2016 1157 3599 1237; baseline 0.013 -26"><span class='ocrx_word' id='word_1_190' title='bbox 2016 1157 2154 1214; x_wconf 89' lang='lat' dir='ltr'><strong>ritos</strong></span> <span class='ocrx_word' id='word_1_191' title='bbox 2188 1176 2251 1214; x_wconf 83' lang='lat' dir='ltr'><strong>ex</strong></span> <span class='ocrx_word' id='word_1_192' title='bbox 2286 1161 2354 1218; x_wconf 84' lang='lat' dir='ltr'><strong>iis</strong></span> <span class='ocrx_word' id='word_1_193' title='bbox 2391 1166 2723 1231; x_wconf 87' lang='lat' dir='ltr'><strong>nonnullos&#39;,</strong></span> <span class='ocrx_word' id='word_1_194' title='bbox 2759 1169 2853 1237; x_wconf 93' lang='lat' dir='ltr'><strong>qui</strong></span> <span class='ocrx_word' id='word_1_195' title='bbox 2906 1170 3150 1227; x_wconf 87' lang='lat' dir='ltr'><strong>studiose</strong></span> <span class='ocrx_word' id='word_1_196' title='bbox 3196 1173 3476 1230; x_wconf 83' lang='lat' dir='ltr'><strong>Platonem</strong></span> <span class='ocrx_word' id='word_1_197' title='bbox 3508 1191 3599 1232; x_wconf 88' lang='lat' dir='ltr'><strong>se-</strong></span> 
     </span>
    </p>
   </div>
   <div class='ocr_carea' id='block_1_27' title="bbox 2016 1253 3600 1326">
    <p class='ocr_par' dir='ltr' id='par_1_27' title="bbox 2016 1253 3600 1326">
     <span class='ocr_line' id='line_1_27' title="bbox 2016 1253 3600 1326; baseline 0.013 -20"><span class='ocrx_word' id='word_1_198' title='bbox 2016 1253 2346 1324; x_wconf 87' lang='lat' dir='ltr'><strong>quebantur,</strong></span> <span class='ocrx_word' id='word_1_199' title='bbox 2373 1258 2442 1312; x_wconf 83' lang='lat' dir='ltr'><strong>ab</strong></span> <span class='ocrx_word' id='word_1_200' title='bbox 2475 1261 2663 1315; x_wconf 90' lang='lat' dir='ltr'><strong>eadem</strong></span> <span class='ocrx_word' id='word_1_201' title='bbox 2698 1264 2969 1318; x_wconf 87' lang='lat' dir='ltr'><strong>sententia</strong></span> <span class='ocrx_word' id='word_1_202' title='bbox 2997 1265 3311 1324; x_wconf 90' lang='lat' dir='ltr'><strong>dimoverit.</strong></span> <span class='ocrx_word' id='word_1_203' title='bbox 3337 1269 3404 1324; x_wconf 86' lang='lat' dir='ltr'><strong>At</strong></span> <span class='ocrx_word' id='word_1_204' title='bbox 3426 1270 3462 1324; x_wconf 93' lang='lat' dir='ltr'><strong>ii</strong></span> <span class='ocrx_word' id='word_1_205' title='bbox 3491 1272 3600 1326; x_wconf 84' lang='lat' dir='ltr'><strong>sci-</strong></span> 
     </span>
    </p>
   </div>
   <div class='ocr_carea' id='block_1_28' title="bbox 2015 1344 3598 1433">
    <p class='ocr_par' dir='ltr' id='par_1_28' title="bbox 2015 1344 3598 1433">
     <span class='ocr_line' id='line_1_28' title="bbox 2015 1344 3598 1433; baseline 0.013 -35"><span class='ocrx_word' id='word_1_206' title='bbox 2015 1344 2142 1400; x_wconf 89' lang='lat' dir='ltr'><strong>licet</strong></span> <span class='ocrx_word' id='word_1_207' title='bbox 2174 1346 2359 1402; x_wconf 90' lang='lat' dir='ltr'><strong>videre</strong></span> <span class='ocrx_word' id='word_1_208' title='bbox 2387 1365 2493 1405; x_wconf 90' lang='lat' dir='ltr'><strong>non</strong></span> <span class='ocrx_word' id='word_1_209' title='bbox 2533 1364 2859 1421; x_wconf 83' lang='lat' dir='ltr'><strong>potuerunt:</strong></span> <span class='ocrx_word' id='word_1_210' title='bbox 2903 1357 2947 1412; x_wconf 92' lang='lat' dir='ltr'><strong>si</strong></span> <span class='ocrx_word' id='word_1_211' title='bbox 2979 1359 3198 1428; x_wconf 88' lang='lat' dir='ltr'><strong>quidem</strong></span> <span class='ocrx_word' id='word_1_212' title='bbox 3228 1378 3409 1416; x_wconf 90' lang='lat' dir='ltr'><strong>rerum</strong></span> <span class='ocrx_word' id='word_1_213' title='bbox 3448 1363 3598 1433; x_wconf 84' lang='lat' dir='ltr'><strong>ipsa-</strong></span> 
     </span>
    </p>
   </div>
   <div class='ocr_carea' id='block_1_29' title="bbox 2016 1446 3599 1522">
    <p class='ocr_par' dir='ltr' id='par_1_29' title="bbox 2016 1446 3599 1522">
     <span class='ocr_line' id='line_1_29' title="bbox 2016 1446 3599 1522; baseline 0.013 -34"><span class='ocrx_word' id='word_1_214' title='bbox 2016 1450 2136 1489; x_wconf 85' lang='lat' dir='ltr'><strong>rum</strong></span> <span class='ocrx_word' id='word_1_215' title='bbox 2172 1446 2366 1493; x_wconf 89' lang='lat' dir='ltr'><strong>natura</strong></span> <span class='ocrx_word' id='word_1_216' title='bbox 2400 1455 2496 1510; x_wconf 88' lang='lat' dir='ltr'><strong>per</strong></span> <span class='ocrx_word' id='word_1_217' title='bbox 2522 1457 2663 1509; x_wconf 87' lang='lat' dir='ltr'><strong>sese,</strong></span> <span class='ocrx_word' id='word_1_218' title='bbox 2710 1452 2874 1515; x_wconf 88' lang='lat' dir='ltr'><strong>atque</strong></span> <span class='ocrx_word' id='word_1_219' title='bbox 2899 1463 2930 1502; x_wconf 88' lang='lat' dir='ltr'><strong>a</strong></span> <span class='ocrx_word' id='word_1_220' title='bbox 2961 1448 3054 1504; x_wconf 88' lang='lat' dir='ltr'><strong>Dei</strong></span> <span class='ocrx_word' id='word_1_221' title='bbox 3083 1451 3362 1508; x_wconf 88' lang='lat' dir='ltr'><strong>voluntate</strong></span> <span class='ocrx_word' id='word_1_222' title='bbox 3393 1469 3456 1509; x_wconf 88' lang='lat' dir='ltr'><strong>ac</strong></span> <span class='ocrx_word' id='word_1_223' title='bbox 3489 1470 3599 1522; x_wconf 85' lang='lat' dir='ltr'><strong>nu-_</strong></span> 
     </span>
    </p>
   </div>
   <div class='ocr_carea' id='block_1_30' title="bbox 2013 1525 3598 1610">
    <p class='ocr_par' dir='ltr' id='par_1_30' title="bbox 2013 1525 3598 1610">
     <span class='ocr_line' id='line_1_30' title="bbox 2013 1525 3598 1610; baseline 0.015 -32"><span class='ocrx_word' id='word_1_224' title='bbox 2013 1525 2161 1581; x_wconf 91' lang='lat' dir='ltr'><strong>mine</strong></span> <span class='ocrx_word' id='word_1_225' title='bbox 2191 1527 2437 1596; x_wconf 87' lang='lat' dir='ltr'><strong>sejuncta</strong></span> <span class='ocrx_word' id='word_1_226' title='bbox 2466 1542 2769 1601; x_wconf 86' lang='lat' dir='ltr'><strong>spectetur,</strong></span> <span class='ocrx_word' id='word_1_227' title='bbox 2807 1552 2980 1607; x_wconf 89' lang='lat' dir='ltr'><strong>neque</strong></span> <span class='ocrx_word' id='word_1_228' title='bbox 3037 1541 3180 1610; x_wconf 90' lang='lat' dir='ltr'><strong>quod</strong></span> <span class='ocrx_word' id='word_1_229' title='bbox 3215 1553 3394 1597; x_wconf 91' lang='lat' dir='ltr'><strong>ortum</strong></span> <span class='ocrx_word' id='word_1_230' title='bbox 3427 1545 3598 1601; x_wconf 89' lang='lat' dir='ltr'><strong>semel</strong></span> 
     </span>
    </p>
   </div>
   <div class='ocr_carea' id='block_1_31' title="bbox 2012 1617 3595 1704">
    <p class='ocr_par' dir='ltr' id='par_1_31' title="bbox 2012 1617 3595 1704">
     <span class='ocr_line' id='line_1_31' title="bbox 2012 1617 3595 1704; baseline 0.013 -34"><span class='ocrx_word' id='word_1_231' title='bbox 2012 1625 2116 1683; x_wconf 89' lang='lat' dir='ltr'><strong>est,</strong></span> <span class='ocrx_word' id='word_1_232' title='bbox 2155 1617 2209 1672; x_wconf 90' lang='lat' dir='ltr'><strong>id</strong></span> <span class='ocrx_word' id='word_1_233' title='bbox 2238 1621 2305 1674; x_wconf 90' lang='lat' dir='ltr'><strong>ab</strong></span> <span class='ocrx_word' id='word_1_234' title='bbox 2333 1620 2554 1676; x_wconf 89' lang='lat' dir='ltr'><strong>interitu</strong></span> <span class='ocrx_word' id='word_1_235' title='bbox 2583 1624 2811 1679; x_wconf 89' lang='lat' dir='ltr'><strong>liberum</strong></span> <span class='ocrx_word' id='word_1_236' title='bbox 2838 1627 3106 1693; x_wconf 87' lang='lat' dir='ltr'><strong>futurum,</strong></span> <span class='ocrx_word' id='word_1_237' title='bbox 3145 1648 3321 1704; x_wconf 90' lang='lat' dir='ltr'><strong>neque</strong></span> <span class='ocrx_word' id='word_1_238' title='bbox 3350 1634 3595 1691; x_wconf 81' lang='lat' dir='ltr'><strong>vicissim</strong></span> 
     </span>
    </p>
   </div>
   <div class='ocr_carea' id='block_1_32' title="bbox 2011 1711 3594 1796">
    <p class='ocr_par' dir='ltr' id='par_1_32' title="bbox 2011 1711 3594 1796">
     <span class='ocr_line' id='line_1_32' title="bbox 2011 1711 3594 1796; baseline 0.011 -32"><span class='ocrx_word' id='word_1_239' title='bbox 2011 1711 2154 1780; x_wconf 90' lang='lat' dir='ltr'><strong>quod</strong></span> <span class='ocrx_word' id='word_1_240' title='bbox 2207 1711 2450 1768; x_wconf 86' lang='lat' dir='ltr'><strong>interibit</strong></span> <span class='ocrx_word' id='word_1_241' title='bbox 2497 1730 2816 1786; x_wconf 84' lang='lat' dir='ltr'><strong>nunquam,</strong></span> <span class='ocrx_word' id='word_1_242' title='bbox 2873 1720 3015 1774; x_wconf 87' lang='lat' dir='ltr'><strong>idem</strong></span> <span class='ocrx_word' id='word_1_243' title='bbox 3062 1733 3241 1777; x_wconf 89' lang='lat' dir='ltr'><strong>ortum</strong></span> <span class='ocrx_word' id='word_1_244' title='bbox 3300 1726 3594 1796; x_wconf 83' lang='lat' dir='ltr'><strong>aliquando</strong></span> 
     </span>
    </p>
   </div>
   <div class='ocr_carea' id='block_1_33' title="bbox 2012 1801 3594 1876">
    <p class='ocr_par' dir='ltr' id='par_1_33' title="bbox 2012 1801 3594 1876">
     <span class='ocr_line' id='line_1_33' title="bbox 2012 1801 3594 1876; baseline 0.012 -22"><span class='ocrx_word' id='word_1_245' title='bbox 2012 1815 2133 1855; x_wconf 89' lang='lat' dir='ltr'><strong>esse</strong></span> <span class='ocrx_word' id='word_1_246' title='bbox 2153 1819 2166 1855; x_wconf 91' lang='lat'>:</span> <span class='ocrx_word' id='word_1_247' title='bbox 2187 1801 2271 1856; x_wconf 90' lang='lat' dir='ltr'><strong>sin</strong></span> <span class='ocrx_word' id='word_1_248' title='bbox 2291 1813 2472 1858; x_wconf 89' lang='lat' dir='ltr'><strong>autem</strong></span> <span class='ocrx_word' id='word_1_249' title='bbox 2491 1807 2764 1876; x_wconf 80' lang='lat' dir='ltr'><strong>praecipua</strong></span> <span class='ocrx_word' id='word_1_250' title='bbox 2794 1810 2992 1866; x_wconf 72' lang='lat' dir='ltr'><strong>divinae</strong></span> <span class='ocrx_word' id='word_1_251' title='bbox 3018 1828 3198 1867; x_wconf 67' lang='lat' dir='ltr'><strong>causae</strong></span> <span class='ocrx_word' id='word_1_252' title='bbox 3226 1816 3366 1870; x_wconf 87' lang='lat' dir='ltr'><strong>ratio</strong></span> <span class='ocrx_word' id='word_1_253' title='bbox 3396 1817 3594 1873; x_wconf 86' lang='lat' dir='ltr'><strong>habea-</strong></span> 
     </span>
    </p>
   </div>
   <div class='ocr_carea' id='block_1_34' title="bbox 323 1870 1897 1968">
    <p class='ocr_par' dir='ltr' id='par_1_34' title="bbox 323 1870 1897 1968">
     <span class='ocr_line' id='line_1_34' title="bbox 323 1870 1897 1968; baseline 0.007 -29"><span class='ocrx_word' id='word_1_254' title='bbox 323 1885 651 1960; x_wconf 74' lang='grc' dir='ltr'>βουληθῆναι</span> <span class='ocrx_word' id='word_1_255' title='bbox 678 1893 745 1946; x_wconf 74' lang='grc' dir='ltr'>τὰ</span> <span class='ocrx_word' id='word_1_256' title='bbox 770 1893 938 1947; x_wconf 87' lang='grc' dir='ltr'>καλά·</span> <span class='ocrx_word' id='word_1_257' title='bbox 972 1895 989 1963; x_wconf 88' lang='grc'>(</span> <span class='ocrx_word' id='word_1_258' title='bbox 1013 1894 1218 1963; x_wconf 85' lang='grc' dir='ltr'>ἀγαθὸς</span> <span class='ocrx_word' id='word_1_259' title='bbox 1249 1870 1377 1968; x_wconf 70' lang='grc' dir='ltr'>γάρ,</span> <span class='ocrx_word' id='word_1_260' title='bbox 1423 1870 1614 1967; x_wconf 82' lang='grc' dir='ltr'>ἀγαθῷ</span> <span class='ocrx_word' id='word_1_261' title='bbox 1643 1897 1700 1949; x_wconf 81' lang='grc' dir='ltr'>δὲ</span> <span class='ocrx_word' id='word_1_262' title='bbox 1729 1897 1897 1961; x_wconf 74' lang='grc' dir='ltr'>οὐδεὶς</span> 
     </span>
    </p>
   </div>
   <div class='ocr_carea' id='block_1_35' title="bbox 1998 1870 3591 1968">
    <p class='ocr_par' dir='ltr' id='par_1_35' title="bbox 2009 1896 3591 1966">
     <span class='ocr_line' id='line_1_35' title="bbox 2009 1896 3591 1966; baseline 0.013 -24"><span class='ocrx_word' id='word_1_263' title='bbox 2009 1897 2128 1956; x_wconf 91' lang='lat' dir='ltr'><strong>tur,</strong></span> <span class='ocrx_word' id='word_1_264' title='bbox 2162 1907 2351 1946; x_wconf 90' lang='lat' dir='ltr'><strong>verum</strong></span> <span class='ocrx_word' id='word_1_265' title='bbox 2378 1909 2499 1949; x_wconf 85' lang='lat' dir='ltr'><strong>esse</strong></span> <span class='ocrx_word' id='word_1_266' title='bbox 2530 1896 2807 1966; x_wconf 88' lang='lat' dir='ltr'><strong>profecto,</strong></span> <span class='ocrx_word' id='word_1_267' title='bbox 2840 1910 2898 1953; x_wconf 91' lang='lat' dir='ltr'><strong>ut</strong></span> <span class='ocrx_word' id='word_1_268' title='bbox 2928 1918 2990 1955; x_wconf 90' lang='lat' dir='ltr'><strong>ea</strong></span> <span class='ocrx_word' id='word_1_269' title='bbox 3014 1904 3181 1957; x_wconf 85' lang='lat' dir='ltr'><strong>semel</strong></span> <span class='ocrx_word' id='word_1_270' title='bbox 3208 1907 3452 1961; x_wconf 91' lang='lat' dir='ltr'><strong>omnium</strong></span> <span class='ocrx_word' id='word_1_271' title='bbox 3478 1909 3591 1962; x_wconf 76' lang='lat' dir='ltr'><strong>dux</strong></span> 
     </span>
    </p>
   </div>
   <div class='ocr_carea' id='block_1_36' title="bbox 321 1979 1901 2059">
    <p class='ocr_par' dir='ltr' id='par_1_36' title="bbox 321 1979 1901 2059">
     <span class='ocr_line' id='line_1_36' title="bbox 321 1979 1901 2059; baseline 0.008 -27"><span class='ocrx_word' id='word_1_272' title='bbox 321 1979 516 2047; x_wconf 75' lang='grc' dir='ltr'>φθόνος</span> <span class='ocrx_word' id='word_1_273' title='bbox 550 1984 676 2056; x_wconf 76' lang='grc' dir='ltr'>περὶ</span> <span class='ocrx_word' id='word_1_274' title='bbox 701 1986 913 2050; x_wconf 72' lang='grc' dir='ltr'>οὐδενός</span> <span class='ocrx_word' id='word_1_275' title='bbox 933 2003 947 2018; x_wconf 81' lang='grc'><em>’</em></span> <span class='ocrx_word' id='word_1_276' title='bbox 969 1987 988 2058; x_wconf 88' lang='grc'>)</span> <span class='ocrx_word' id='word_1_277' title='bbox 1007 1989 1242 2059; x_wconf 79' lang='grc' dir='ltr'>τηρῆσαι</span> <span class='ocrx_word' id='word_1_278' title='bbox 1278 1989 1333 2042; x_wconf 78' lang='grc' dir='ltr'>δὲ</span> <span class='ocrx_word' id='word_1_279' title='bbox 1363 1991 1457 2043; x_wconf 80' lang='grc' dir='ltr'><strong>καὶ</strong></span> <span class='ocrx_word' id='word_1_280' title='bbox 1477 1990 1802 2059; x_wconf 71' lang='grc' dir='ltr'>διαφυλάξαι</span> <span class='ocrx_word' id='word_1_281' title='bbox 1833 1991 1901 2044; x_wconf 82' lang='grc' dir='ltr'>τὰ</span> 
     </span>
    </p>
   </div>
   <div class='ocr_carea' id='block_1_37' title="bbox 319 2073 1902 2154">
    <p class='ocr_par' dir='ltr' id='par_1_37' title="bbox 319 2073 1902 2154">
     <span class='ocr_line' id='line_1_37' title="bbox 319 2073 1902 2154; baseline 0.009 -31"><span class='ocrx_word' id='word_1_282' title='bbox 319 2073 586 2143; x_wconf 89' lang='grc' dir='ltr'>γενόμενα</span> <span class='ocrx_word' id='word_1_283' title='bbox 607 2077 667 2128; x_wconf 79' lang='grc' dir='ltr'><strong>οὐ</strong></span> <span class='ocrx_word' id='word_1_284' title='bbox 699 2077 919 2143; x_wconf 87' lang='grc' dir='ltr'>δυνατός</span> <span class='ocrx_word' id='word_1_285' title='bbox 943 2093 957 2143; x_wconf 88' lang='grc'><strong>;</strong></span> <span class='ocrx_word' id='word_1_286' title='bbox 981 2081 1089 2132; x_wconf 75' lang='grc' dir='ltr'>Καὶ</span> <span class='ocrx_word' id='word_1_287' title='bbox 1121 2081 1228 2152; x_wconf 78' lang='grc' dir='ltr'>μὴν</span> <span class='ocrx_word' id='word_1_288' title='bbox 1259 2083 1351 2135; x_wconf 83' lang='lat' dir='ltr'><strong>xui.</strong></span> <span class='ocrx_word' id='word_1_289' title='bbox 1388 2085 1434 2135; x_wconf 82' lang='lat' dir='ltr'><strong>oi</strong></span> <span class='ocrx_word' id='word_1_290' title='bbox 1468 2083 1644 2136; x_wconf 72' lang='grc' dir='ltr'>λοιποὶ</span> <span class='ocrx_word' id='word_1_291' title='bbox 1663 2088 1902 2154; x_wconf 88' lang='grc' dir='ltr'>τεχνῖται</span> 
     </span>
    </p>
   </div>
   <div class='ocr_carea' id='block_1_38' title="bbox 319 2165 1903 2252">
    <p class='ocr_par' dir='ltr' id='par_1_38' title="bbox 319 2165 1903 2252">
     <span class='ocr_line' id='line_1_38' title="bbox 319 2165 1903 2252; baseline 0.01 -36"><span class='ocrx_word' id='word_1_292' title='bbox 319 2165 457 2236; x_wconf 81' lang='grc' dir='ltr'>πρὸς</span> <span class='ocrx_word' id='word_1_293' title='bbox 477 2168 642 2238; x_wconf 71' lang='grc' dir='ltr'>ἄμφω</span> <span class='ocrx_word' id='word_1_294' title='bbox 669 2171 863 2224; x_wconf 85' lang='grc' dir='ltr'>ἱκανοί.</span> <span class='ocrx_word' id='word_1_295' title='bbox 900 2173 956 2225; x_wconf 91' lang='lat'><strong>&#39;0</strong></span> <span class='ocrx_word' id='word_1_296' title='bbox 1000 2174 1130 2242; x_wconf 84' lang='grc' dir='ltr'>γοῦν</span> <span class='ocrx_word' id='word_1_297' title='bbox 1158 2176 1437 2247; x_wconf 77' lang='grc' dir='ltr'>οἰκοδόμος</span> <span class='ocrx_word' id='word_1_298' title='bbox 1483 2179 1576 2232; x_wconf 96' lang='lat' dir='ltr'><strong>xui.</strong></span> <span class='ocrx_word' id='word_1_299' title='bbox 1616 2180 1644 2231; x_wconf 89' lang='lat'><strong>6</strong></span> <span class='ocrx_word' id='word_1_300' title='bbox 1695 2195 1903 2252; x_wconf 88' lang='grc' dir='ltr'>ναυπη-</span> 
     </span>
    </p>
   </div>
   <div class='ocr_carea' id='block_1_39' title="bbox 319 2258 1896 2336">
    <p class='ocr_par' dir='ltr' id='par_1_39' title="bbox 319 2258 1896 2336">
     <span class='ocr_line' id='line_1_39' title="bbox 319 2258 1896 2336; baseline 0.01 -28"><span class='ocrx_word' id='word_1_301' title='bbox 319 2258 412 2324; x_wconf 73' lang='grc' dir='ltr'>γὸς</span> <span class='ocrx_word' id='word_1_302' title='bbox 433 2260 493 2311; x_wconf 80' lang='grc' dir='ltr'>οὺ</span> <span class='ocrx_word' id='word_1_303' title='bbox 521 2261 676 2330; x_wconf 90' lang='grc' dir='ltr'>μόνον</span> <span class='ocrx_word' id='word_1_304' title='bbox 703 2264 892 2328; x_wconf 76' lang='grc' dir='ltr'>καινὰς</span> <span class='ocrx_word' id='word_1_305' title='bbox 910 2266 1408 2330; x_wconf 80' lang='grc' dir='ltr'>κατασκευάζονται</span> <span class='ocrx_word' id='word_1_306' title='bbox 1433 2269 1570 2332; x_wconf 88' lang='grc' dir='ltr'>ναῦς</span> <span class='ocrx_word' id='word_1_307' title='bbox 1594 2271 1685 2324; x_wconf 88' lang='lat' dir='ltr'><strong>xui.</strong></span> <span class='ocrx_word' id='word_1_308' title='bbox 1701 2271 1896 2336; x_wconf 87' lang='grc' dir='ltr'>οἰκίας,</span> 
     </span>
    </p>
   </div>
   <div class='ocr_carea' id='block_1_40' title="bbox 315 2347 1900 2432">
    <p class='ocr_par' dir='ltr' id='par_1_40' title="bbox 315 2347 1900 2432">
     <span class='ocr_line' id='line_1_40' title="bbox 315 2347 1900 2432; baseline 0.012 -33"><span class='ocrx_word' id='word_1_309' title='bbox 315 2347 449 2402; x_wconf 76' lang='grc' dir='ltr'>ἀλλὰ</span> <span class='ocrx_word' id='word_1_310' title='bbox 505 2352 599 2404; x_wconf 78' lang='grc' dir='ltr'><strong>καὶ</strong></span> <span class='ocrx_word' id='word_1_311' title='bbox 647 2357 768 2418; x_wconf 84' lang='grc' dir='ltr'>ταῖς</span> <span class='ocrx_word' id='word_1_312' title='bbox 807 2356 910 2408; x_wconf 79' lang='grc' dir='ltr'><strong>ὑπὸ</strong></span> <span class='ocrx_word' id='word_1_313' title='bbox 948 2357 1143 2428; x_wconf 88' lang='grc' dir='ltr'>χρόνου</span> <span class='ocrx_word' id='word_1_314' title='bbox 1191 2359 1669 2432; x_wconf 74' lang='grc' dir='ltr'>διαφθειρομέναις</span> <span class='ocrx_word' id='word_1_315' title='bbox 1727 2365 1900 2418; x_wconf 78' lang='grc' dir='ltr'>ἱκανοὶ</span> 
     </span>
    </p>
   </div>
   <div class='ocr_carea' id='block_1_41' title="bbox 316 2439 1896 2524">
    <p class='ocr_par' dir='ltr' id='par_1_41' title="bbox 316 2439 1896 2524">
     <span class='ocr_line' id='line_1_41' title="bbox 316 2439 1896 2524; baseline 0.011 -31"><span class='ocrx_word' id='word_1_316' title='bbox 316 2439 562 2512; x_wconf 82' lang='grc' dir='ltr'>βοηθεῖν,</span> <span class='ocrx_word' id='word_1_317' title='bbox 599 2446 759 2519; x_wconf 82' lang='grc' dir='ltr'>ἓτερα</span> <span class='ocrx_word' id='word_1_318' title='bbox 808 2449 917 2502; x_wconf 87' lang='grc' dir='ltr'><strong>τῶν</strong></span> <span class='ocrx_word' id='word_1_319' title='bbox 965 2453 1356 2524; x_wconf 81' lang='grc' dir='ltr'>πεπονημένων</span> <span class='ocrx_word' id='word_1_320' title='bbox 1416 2455 1896 2520; x_wconf 78' lang='grc' dir='ltr'>ἀντικαθιστάντες</span> 
     </span>
    </p>
   </div>
   <div class='ocr_carea' id='block_1_42' title="bbox 313 2537 1893 2618">
    <p class='ocr_par' dir='ltr' id='par_1_42' title="bbox 313 2537 1893 2618">
     <span class='ocr_line' id='line_1_42' title="bbox 313 2537 1893 2618; baseline 0.012 -30"><span class='ocrx_word' id='word_1_321' title='bbox 313 2537 525 2601; x_wconf 81' lang='grc' dir='ltr'>αὐταῖς.</span> <span class='ocrx_word' id='word_1_322' title='bbox 557 2541 715 2595; x_wconf 85' lang='grc' dir='ltr'>Ὥστε</span> <span class='ocrx_word' id='word_1_323' title='bbox 745 2545 838 2598; x_wconf 78' lang='lat' dir='ltr'><strong>xui</strong></span> <span class='ocrx_word' id='word_1_324' title='bbox 876 2545 954 2615; x_wconf 83' lang='grc' dir='ltr'><strong>τῷ</strong></span> <span class='ocrx_word' id='word_1_325' title='bbox 1009 2547 1126 2618; x_wconf 80' lang='grc' dir='ltr'><strong>Θεῷ</strong></span> <span class='ocrx_word' id='word_1_326' title='bbox 1159 2548 1378 2613; x_wconf 86' lang='grc' dir='ltr'>πάντως</span> <span class='ocrx_word' id='word_1_327' title='bbox 1424 2550 1486 2603; x_wconf 86' lang='grc' dir='ltr'><strong>τό</strong></span> <span class='ocrx_word' id='word_1_328' title='bbox 1533 2568 1597 2618; x_wconf 92' lang='grc' dir='ltr'><strong>γε</strong></span> <span class='ocrx_word' id='word_1_329' title='bbox 1641 2552 1893 2607; x_wconf 91' lang='grc' dir='ltr'>τοσοῦτον</span> 
     </span>
    </p>
   </div>
   <div class='ocr_carea' id='block_1_43' title="bbox 314 2633 1891 2713">
    <p class='ocr_par' dir='ltr' id='par_1_43' title="bbox 314 2633 1891 2713">
     <span class='ocr_line' id='line_1_43' title="bbox 314 2633 1891 2713; baseline 0.015 -35"><span class='ocrx_word' id='word_1_330' title='bbox 314 2633 714 2702; x_wconf 86' lang='grc' dir='ltr'>συγχωρητέον.</span> <span class='ocrx_word' id='word_1_331' title='bbox 759 2638 822 2690; x_wconf 82' lang='grc' dir='ltr'><strong>’Ὀ</strong></span> <span class='ocrx_word' id='word_1_332' title='bbox 849 2639 956 2710; x_wconf 83' lang='grc' dir='ltr'><strong>γάρ</strong></span> <span class='ocrx_word' id='word_1_333' title='bbox 987 2639 1096 2710; x_wconf 84' lang='grc'>(89)</span> <span class='ocrx_word' id='word_1_334' title='bbox 1130 2659 1214 2704; x_wconf 88' lang='grc' dir='ltr'><strong>τις</strong></span> <span class='ocrx_word' id='word_1_335' title='bbox 1239 2643 1359 2696; x_wconf 84' lang='grc' dir='ltr'>ὅλον</span> <span class='ocrx_word' id='word_1_336' title='bbox 1383 2643 1607 2713; x_wconf 81' lang='grc' dir='ltr'>ποιῆσαι</span> <span class='ocrx_word' id='word_1_337' title='bbox 1648 2645 1891 2711; x_wconf 77' lang='grc' dir='ltr'>δυνατὸς,</span> 
     </span>
    </p>
   </div>
   <div class='ocr_carea' id='block_1_44' title="bbox 309 2719 1895 2807">
    <p class='ocr_par' dir='ltr' id='par_1_44' title="bbox 309 2719 1895 2807">
     <span class='ocr_line' id='line_1_44' title="bbox 309 2719 1895 2807; baseline 0.015 -37"><span class='ocrx_word' id='word_1_338' title='bbox 309 2719 468 2773; x_wconf 84' lang='grc' dir='ltr'>τοῦτο</span> <span class='ocrx_word' id='word_1_339' title='bbox 501 2723 617 2788; x_wconf 75' lang='grc' dir='ltr'>πῶς</span> <span class='ocrx_word' id='word_1_340' title='bbox 646 2725 711 2780; x_wconf 85' lang='grc' dir='ltr'>ἂν</span> <span class='ocrx_word' id='word_1_341' title='bbox 757 2729 820 2781; x_wconf 84' lang='grc' dir='ltr'>ὲκ</span> <span class='ocrx_word' id='word_1_342' title='bbox 871 2731 1073 2802; x_wconf 79' lang='grc' dir='ltr'>μέρους</span> <span class='ocrx_word' id='word_1_343' title='bbox 1117 2733 1376 2799; x_wconf 75' lang='grc' dir='ltr'>ἀδύνατος</span> <span class='ocrx_word' id='word_1_344' title='bbox 1425 2738 1510 2807; x_wconf 77' lang='grc' dir='ltr'>εἴη</span> <span class='ocrx_word' id='word_1_345' title='bbox 1538 2741 1740 2806; x_wconf 87' lang='grc' dir='ltr'>ποιεῖν;</span> <span class='ocrx_word' id='word_1_346' title='bbox 1787 2741 1895 2794; x_wconf 77' lang='grc' dir='ltr'>Καὶ</span> 
     </span>
    </p>
   </div>
   <div class='ocr_carea' id='block_1_45' title="bbox 310 2812 1892 2902">
    <p class='ocr_par' dir='ltr' id='par_1_45' title="bbox 310 2812 1892 2902">
     <span class='ocr_line' id='line_1_45' title="bbox 310 2812 1892 2902; baseline 0.014 -39"><span class='ocrx_word' id='word_1_347' title='bbox 310 2812 563 2879; x_wconf 83' lang='grc' dir='ltr'>γενέσθαι</span> <span class='ocrx_word' id='word_1_348' title='bbox 579 2817 758 2872; x_wconf 85' lang='grc' dir='ltr'>τοίνυν</span> <span class='ocrx_word' id='word_1_349' title='bbox 779 2838 831 2872; x_wconf 90' lang='grc' dir='ltr'><strong>τι</strong></span> <span class='ocrx_word' id='word_1_350' title='bbox 849 2821 930 2874; x_wconf 87' lang='grc' dir='ltr'><strong>δεῖ</strong></span> <span class='ocrx_word' id='word_1_351' title='bbox 950 2825 1158 2889; x_wconf 74' lang='grc' dir='ltr'>καινὸν,</span> <span class='ocrx_word' id='word_1_352' title='bbox 1181 2828 1310 2895; x_wconf 72' lang='grc' dir='ltr'>εἴγε</span> <span class='ocrx_word' id='word_1_353' title='bbox 1331 2827 1513 2898; x_wconf 86' lang='grc' dir='ltr'>μέλλοι</span> <span class='ocrx_word' id='word_1_354' title='bbox 1531 2847 1612 2893; x_wconf 89' lang='grc' dir='ltr'><strong>τις</strong></span> <span class='ocrx_word' id='word_1_355' title='bbox 1635 2831 1892 2902; x_wconf 83' lang='grc' dir='ltr'><strong>ὅλως(90)</strong></span> 
     </span>
    </p>
   </div>
   <div class='ocr_carea' id='block_1_46' title="bbox 310 2905 1889 2990">
    <p class='ocr_par' dir='ltr' id='par_1_46' title="bbox 310 2905 1889 2990">
     <span class='ocr_line' id='line_1_46' title="bbox 310 2905 1889 2990; baseline 0.013 -35"><span class='ocrx_word' id='word_1_356' title='bbox 310 2905 560 2977; x_wconf 78' lang='grc' dir='ltr'>ποιητὴς,</span> <span class='ocrx_word' id='word_1_357' title='bbox 590 2911 682 2964; x_wconf 82' lang='lat' dir='ltr'><strong>xui.</strong></span> <span class='ocrx_word' id='word_1_358' title='bbox 708 2911 769 2964; x_wconf 81' lang='grc' dir='ltr'>τὸ</span> <span class='ocrx_word' id='word_1_359' title='bbox 799 2912 964 2967; x_wconf 77' lang='grc' dir='ltr'>καλὸν</span> <span class='ocrx_word' id='word_1_360' title='bbox 987 2914 1149 2987; x_wconf 78' lang='grc' dir='ltr'>ἔργον</span> <span class='ocrx_word' id='word_1_361' title='bbox 1175 2919 1311 2990; x_wconf 84' lang='grc' dir='ltr'>πρὸς</span> <span class='ocrx_word' id='word_1_362' title='bbox 1333 2920 1478 2973; x_wconf 83' lang='grc' dir='ltr'>ἆπαν</span> <span class='ocrx_word' id='word_1_363' title='bbox 1509 2919 1889 2986; x_wconf 82' lang='grc' dir='ltr'>διασώζεσθαι.</span> 
     </span>
    </p>
   </div>
   <div class='ocr_carea' id='block_1_47' title="bbox 309 2993 1891 3078">
    <p class='ocr_par' dir='ltr' id='par_1_47' title="bbox 309 2993 1891 3078">
     <span class='ocr_line' id='line_1_47' title="bbox 309 2993 1891 3078; baseline 0.013 -31"><span class='ocrx_word' id='word_1_364' title='bbox 309 2993 383 3047; x_wconf 84' lang='grc' dir='ltr'><strong>Τὸ</strong></span> <span class='ocrx_word' id='word_1_365' title='bbox 409 2997 517 3068; x_wconf 76' lang='grc' dir='ltr'><strong>γὰρ</strong></span> <span class='ocrx_word' id='word_1_366' title='bbox 534 2994 593 3053; x_wconf 81' lang='grc' dir='ltr'>εὖ</span> <span class='ocrx_word' id='word_1_367' title='bbox 619 3002 906 3074; x_wconf 90' lang='grc' dir='ltr'>γενόμενον</span> <span class='ocrx_word' id='word_1_368' title='bbox 929 3005 1131 3062; x_wconf 79' lang='grc' dir='ltr'>ἐθέλειν</span> <span class='ocrx_word' id='word_1_369' title='bbox 1164 3009 1332 3076; x_wconf 80' lang='grc' dir='ltr'>λύειν,</span> <span class='ocrx_word' id='word_1_370' title='bbox 1367 3011 1568 3066; x_wconf 88' lang='grc' dir='ltr'>κακοῦ.</span> <span class='ocrx_word' id='word_1_371' title='bbox 1587 3013 1805 3078; x_wconf 77' lang='grc' dir='ltr'>Μείζων</span> <span class='ocrx_word' id='word_1_372' title='bbox 1834 3015 1891 3068; x_wconf 85' lang='grc' dir='ltr'>δὲ</span> 
     </span>
    </p>
   </div>
   <div class='ocr_carea' id='block_1_48' title="bbox 308 3087 1890 3177">
    <p class='ocr_par' dir='ltr' id='par_1_48' title="bbox 308 3087 1890 3177">
     <span class='ocr_line' id='line_1_48' title="bbox 308 3087 1890 3177; baseline 0.013 -37"><span class='ocrx_word' id='word_1_373' title='bbox 308 3087 465 3153; x_wconf 66' lang='grc' dir='ltr'>ἄλλος</span> <span class='ocrx_word' id='word_1_374' title='bbox 495 3094 573 3156; x_wconf 84' lang='grc' dir='ltr'>εἰς</span> <span class='ocrx_word' id='word_1_375' title='bbox 607 3097 876 3166; x_wconf 84' lang='grc' dir='ltr'>σωτηρίαν</span> <span class='ocrx_word' id='word_1_376' title='bbox 910 3100 1019 3154; x_wconf 86' lang='grc' dir='ltr'><strong>τῶν</strong></span> <span class='ocrx_word' id='word_1_377' title='bbox 1057 3103 1364 3174; x_wconf 89' lang='grc' dir='ltr'>γενομένων</span> <span class='ocrx_word' id='word_1_378' title='bbox 1407 3105 1607 3177; x_wconf 67' lang='grc' dir='ltr'>δεσμὸς</span> <span class='ocrx_word' id='word_1_379' title='bbox 1644 3106 1743 3160; x_wconf 72' lang='grc' dir='ltr'><strong>οὐκ</strong></span> <span class='ocrx_word' id='word_1_380' title='bbox 1777 3107 1890 3160; x_wconf 82' lang='grc' dir='ltr'>ἔστι</span> 
     </span>
    </p>
   </div>
   <div class='ocr_carea' id='block_1_49' title="bbox 305 3178 1963 3279">
    <p class='ocr_par' dir='ltr' id='par_1_49' title="bbox 305 3178 1963 3279">
     <span class='ocr_line' id='line_1_49' title="bbox 305 3178 1963 3279; baseline 0.014 -50"><span class='ocrx_word' id='word_1_381' title='bbox 305 3178 406 3248; x_wconf 82' lang='grc' dir='ltr'><strong>τῆς</strong></span> <span class='ocrx_word' id='word_1_382' title='bbox 427 3180 521 3233; x_wconf 91' lang='grc' dir='ltr'><strong>τοῦ</strong></span> <span class='ocrx_word' id='word_1_383' title='bbox 548 3182 682 3236; x_wconf 84' lang='grc' dir='ltr'>Θεοῦ</span> <span class='ocrx_word' id='word_1_384' title='bbox 715 3185 1035 3260; x_wconf 79' lang='grc' dir='ltr'>βουλήσεως.</span> <span class='ocrx_word' id='word_1_385' title='bbox 1063 3194 1133 3245; x_wconf 87' lang='grc' dir='ltr'><em>Ἢ</em></span> <span class='ocrx_word' id='word_1_386' title='bbox 1155 3194 1501 3266; x_wconf 84' lang='grc' dir='ltr'>ἀνθρωπίνης</span> <span class='ocrx_word' id='word_1_387' title='bbox 1530 3197 1626 3266; x_wconf 74' lang='grc' dir='ltr'><strong>μὲν</strong></span> <span class='ocrx_word' id='word_1_388' title='bbox 1654 3197 1892 3267; x_wconf 82' lang='grc' dir='ltr'>σπουδῆς</span> <span class='ocrx_word' id='word_1_389' title='bbox 1921 3218 1963 3279; x_wconf 77' lang='lat' dir='ltr'><strong>C</strong></span> 
     </span>
    </p>
   </div>
   <div class='ocr_carea' id='block_1_50' title="bbox 307 3271 1886 3359">
    <p class='ocr_par' dir='ltr' id='par_1_50' title="bbox 307 3271 1886 3359">
     <span class='ocr_line' id='line_1_50' title="bbox 307 3271 1886 3359; baseline 0.013 -37"><span class='ocrx_word' id='word_1_390' title='bbox 307 3271 401 3324; x_wconf 76' lang='lat' dir='ltr'><strong>xui</strong></span> <span class='ocrx_word' id='word_1_391' title='bbox 435 3271 738 3346; x_wconf 79' lang='grc' dir='ltr'>βουλήσεως</span> <span class='ocrx_word' id='word_1_392' title='bbox 786 3281 1154 3349; x_wconf 79' lang='grc' dir='ltr'>μεταλαϐόντα</span> <span class='ocrx_word' id='word_1_393' title='bbox 1186 3286 1377 3351; x_wconf 78' lang='grc' dir='ltr'>πολλὰ,</span> <span class='ocrx_word' id='word_1_394' title='bbox 1437 3288 1531 3341; x_wconf 86' lang='lat' dir='ltr'><strong>xui.</strong></span> <span class='ocrx_word' id='word_1_395' title='bbox 1590 3288 1712 3359; x_wconf 78' lang='grc' dir='ltr'>ἔθνη</span> <span class='ocrx_word' id='word_1_396' title='bbox 1741 3329 1756 3353; x_wconf 91' lang='grc'><strong>,</strong></span> <span class='ocrx_word' id='word_1_397' title='bbox 1793 3291 1886 3343; x_wconf 78' lang='lat' dir='ltr'><strong>xui.</strong></span> 
     </span>
    </p>
   </div>
   <div class='ocr_carea' id='block_1_51' title="bbox 306 3361 1888 3449">
    <p class='ocr_par' dir='ltr' id='par_1_51' title="bbox 306 3361 1888 3449">
     <span class='ocr_line' id='line_1_51' title="bbox 306 3361 1888 3449; baseline 0.013 -35"><span class='ocrx_word' id='word_1_398' title='bbox 306 3361 508 3427; x_wconf 85' lang='grc' dir='ltr'>πόλεις,</span> <span class='ocrx_word' id='word_1_399' title='bbox 545 3371 638 3422; x_wconf 76' lang='grc' dir='ltr'>καὶ</span> <span class='ocrx_word' id='word_1_400' title='bbox 661 3368 817 3439; x_wconf 77' lang='grc' dir='ltr'>ἔργα,</span> <span class='ocrx_word' id='word_1_401' title='bbox 857 3373 1006 3443; x_wconf 88' lang='grc' dir='ltr'>μένει</span> <span class='ocrx_word' id='word_1_402' title='bbox 1045 3377 1235 3448; x_wconf 84' lang='grc' dir='ltr'>χρόνον</span> <span class='ocrx_word' id='word_1_403' title='bbox 1257 3379 1540 3449; x_wconf 87' lang='grc' dir='ltr'>ἀμήχανον</span> <span class='ocrx_word' id='word_1_404' title='bbox 1573 3381 1695 3433; x_wconf 85' lang='grc' dir='ltr'>ὅσον</span> <span class='ocrx_word' id='word_1_405' title='bbox 1735 3383 1888 3449; x_wconf 81' lang='grc' dir='ltr'>γενό-</span> 
     </span>
    </p>
   </div>
   <div class='ocr_carea' id='block_1_52' title="bbox 307 3462 1887 3544">
    <p class='ocr_par' dir='ltr' id='par_1_52' title="bbox 307 3462 1887 3544">
     <span class='ocr_line' id='line_1_52' title="bbox 307 3462 1887 3544; baseline 0.014 -37"><span class='ocrx_word' id='word_1_406' title='bbox 307 3473 462 3526; x_wconf 71' lang='grc' dir='ltr'>μενα,</span> <span class='ocrx_word' id='word_1_407' title='bbox 491 3462 681 3531; x_wconf 82' lang='grc' dir='ltr'>μηκέτ’</span> <span class='ocrx_word' id='word_1_408' title='bbox 713 3463 864 3530; x_wconf 82' lang='grc' dir='ltr'>ὄντος</span> <span class='ocrx_word' id='word_1_409' title='bbox 891 3468 986 3521; x_wconf 88' lang='grc' dir='ltr'><strong>τοῦ</strong></span> <span class='ocrx_word' id='word_1_410' title='bbox 1032 3469 1390 3541; x_wconf 78' lang='grc' dir='ltr'>θελήσαντοςο</span> <span class='ocrx_word' id='word_1_411' title='bbox 1429 3473 1497 3525; x_wconf 85' lang='grc' dir='ltr'><strong>τά</strong></span> <span class='ocrx_word' id='word_1_412' title='bbox 1545 3473 1602 3526; x_wconf 86' lang='grc' dir='ltr'>δὲ</span> <span class='ocrx_word' id='word_1_413' title='bbox 1655 3475 1754 3544; x_wconf 84' lang='grc' dir='ltr'><strong>τῆς</strong></span> <span class='ocrx_word' id='word_1_414' title='bbox 1794 3480 1887 3529; x_wconf 85' lang='grc' dir='ltr'><strong>τοῦ</strong></span> 
     </span>
    </p>
   </div>
   <div class='ocr_carea' id='block_1_53' title="bbox 303 3547 1889 3631">
    <p class='ocr_par' dir='ltr' id='par_1_53' title="bbox 303 3547 1889 3631">
     <span class='ocr_line' id='line_1_53' title="bbox 303 3547 1889 3631; baseline 0.013 -32"><span class='ocrx_word' id='word_1_415' title='bbox 303 3547 438 3601; x_wconf 85' lang='grc' dir='ltr'>Θεοῦ</span> <span class='ocrx_word' id='word_1_416' title='bbox 465 3555 801 3624; x_wconf 83' lang='grc' dir='ltr'>μετασχόντα</span> <span class='ocrx_word' id='word_1_417' title='bbox 834 3559 1079 3631; x_wconf 86' lang='grc' dir='ltr'>γνώμης,</span> <span class='ocrx_word' id='word_1_418' title='bbox 1114 3563 1209 3615; x_wconf 85' lang='lat' dir='ltr'><strong>xui.</strong></span> <span class='ocrx_word' id='word_1_419' title='bbox 1242 3563 1308 3615; x_wconf 87' lang='grc' dir='ltr'>δι’</span> <span class='ocrx_word' id='word_1_420' title='bbox 1330 3563 1495 3616; x_wconf 77' lang='grc' dir='ltr'>αὑτὸν</span> <span class='ocrx_word' id='word_1_421' title='bbox 1532 3565 1625 3617; x_wconf 84' lang='lat' dir='ltr'><strong>xui.</strong></span> <span class='ocrx_word' id='word_1_422' title='bbox 1665 3565 1757 3618; x_wconf 80' lang='grc' dir='ltr'>ὑπ’</span> <span class='ocrx_word' id='word_1_423' title='bbox 1790 3567 1889 3619; x_wconf 61' lang='grc' dir='ltr'><strong>αὖα</strong></span> 
     </span>
    </p>
   </div>
   <div class='ocr_carea' id='block_1_54' title="bbox 302 3640 1886 3729">
    <p class='ocr_par' dir='ltr' id='par_1_54' title="bbox 302 3640 1886 3729">
     <span class='ocr_line' id='line_1_54' title="bbox 302 3640 1886 3729; baseline 0.012 -37"><span class='ocrx_word' id='word_1_424' title='bbox 302 3640 396 3694; x_wconf 87' lang='grc' dir='ltr'><strong>τοῦ</strong></span> <span class='ocrx_word' id='word_1_425' title='bbox 428 3645 714 3715; x_wconf 78' lang='grc' dir='ltr'>γενόμενα,</span> <span class='ocrx_word' id='word_1_426' title='bbox 745 3649 914 3704; x_wconf 86' lang='grc' dir='ltr'>ταῦτα</span> <span class='ocrx_word' id='word_1_427' title='bbox 947 3652 1009 3724; x_wconf 82' lang='grc' dir='ltr'>δὴ</span> <span class='ocrx_word' id='word_1_428' title='bbox 1045 3655 1154 3725; x_wconf 79' lang='grc' dir='ltr'>ἄρα</span> <span class='ocrx_word' id='word_1_429' title='bbox 1188 3655 1454 3726; x_wconf 79' lang='grc' dir='ltr'>παρόντος</span> <span class='ocrx_word' id='word_1_430' title='bbox 1495 3655 1586 3708; x_wconf 92' lang='grc' dir='ltr'><strong>τοῦ</strong></span> <span class='ocrx_word' id='word_1_431' title='bbox 1625 3659 1886 3729; x_wconf 78' lang='grc' dir='ltr'>ποιήσαν-</span> 
     </span>
    </p>
   </div>
   <div class='ocr_carea' id='block_1_55' title="bbox 301 3735 1888 3820">
    <p class='ocr_par' dir='ltr' id='par_1_55' title="bbox 301 3735 1888 3820">
     <span class='ocr_line' id='line_1_55' title="bbox 301 3735 1888 3820; baseline 0.014 -39"><span class='ocrx_word' id='word_1_432' title='bbox 301 3747 391 3795; x_wconf 88' lang='grc' dir='ltr'><strong>τος</strong></span> <span class='ocrx_word' id='word_1_433' title='bbox 415 3735 693 3806; x_wconf 79' lang='grc' dir='ltr'>οίχήσεται</span> <span class='ocrx_word' id='word_1_434' title='bbox 725 3741 819 3794; x_wconf 82' lang='lat' dir='ltr'><strong>xui.</strong></span> <span class='ocrx_word' id='word_1_435' title='bbox 846 3743 906 3794; x_wconf 82' lang='grc' dir='ltr'><strong>οὐ</strong></span> <span class='ocrx_word' id='word_1_436' title='bbox 939 3749 1281 3816; x_wconf 85' lang='grc' dir='ltr'>παραμενεῖ;</span> <span class='ocrx_word' id='word_1_437' title='bbox 1335 3745 1492 3810; x_wconf 89' lang='grc' dir='ltr'>Τίνος</span> <span class='ocrx_word' id='word_1_438' title='bbox 1542 3749 1721 3812; x_wconf 85' lang='grc' dir='ltr'>αίτίας</span> <span class='ocrx_word' id='word_1_439' title='bbox 1771 3751 1888 3820; x_wconf 88' lang='grc' dir='ltr'>βια-</span> 
     </span>
    </p>
   </div>
   <div class='ocr_carea' id='block_1_56' title="bbox 305 3824 1887 3912">
    <p class='ocr_par' dir='ltr' id='par_1_56' title="bbox 305 3824 1887 3912">
     <span class='ocr_line' id='line_1_56' title="bbox 305 3824 1887 3912; baseline 0.015 -39"><span class='ocrx_word' id='word_1_440' title='bbox 305 3824 544 3895; x_wconf 87' lang='grc' dir='ltr'>σαμένης</span> <span class='ocrx_word' id='word_1_441' title='bbox 569 3829 666 3900; x_wconf 85' lang='grc' dir='ltr'>τὴν</span> <span class='ocrx_word' id='word_1_442' title='bbox 687 3831 777 3884; x_wconf 89' lang='grc' dir='ltr'><strong>τοῦ</strong></span> <span class='ocrx_word' id='word_1_443' title='bbox 802 3833 937 3887; x_wconf 85' lang='grc' dir='ltr'>Θεοῦ</span> <span class='ocrx_word' id='word_1_444' title='bbox 969 3837 1194 3910; x_wconf 78' lang='grc' dir='ltr'>γνώμην</span> <span class='ocrx_word' id='word_1_445' title='bbox 1218 3856 1231 3903; x_wconf 90' lang='grc'><strong>;</strong></span> <span class='ocrx_word' id='word_1_446' title='bbox 1258 3839 1484 3911; x_wconf 81' lang='grc' dir='ltr'>πότερον</span> <span class='ocrx_word' id='word_1_447' title='bbox 1505 3841 1603 3912; x_wconf 81' lang='grc' dir='ltr'>τῆς</span> <span class='ocrx_word' id='word_1_448' title='bbox 1629 3840 1687 3906; x_wconf 75' lang='grc' dir='ltr'>ἐξ</span> <span class='ocrx_word' id='word_1_449' title='bbox 1708 3843 1887 3897; x_wconf 80' lang='grc' dir='ltr'>αὐτῶν</span> 
     </span>
    </p>
   </div>
   <div class='ocr_carea' id='block_1_57' title="bbox 302 3913 1887 4005">
    <p class='ocr_par' dir='ltr' id='par_1_57' title="bbox 302 3913 1887 4005">
     <span class='ocr_line' id='line_1_57' title="bbox 302 3913 1887 4005; baseline 0.015 -41"><span class='ocrx_word' id='word_1_450' title='bbox 302 3913 410 3966; x_wconf 75' lang='grc' dir='ltr'>τῶν</span> <span class='ocrx_word' id='word_1_451' title='bbox 435 3920 737 3989; x_wconf 88' lang='grc' dir='ltr'>γενομένων</span> <span class='ocrx_word' id='word_1_452' title='bbox 767 3925 1046 3998; x_wconf 83' lang='grc' dir='ltr'>ἀνάγκης;</span> <span class='ocrx_word' id='word_1_453' title='bbox 1109 3930 1247 3982; x_wconf 83' lang='grc' dir='ltr'>Ἀλλ’</span> <span class='ocrx_word' id='word_1_454' title='bbox 1301 3933 1436 4003; x_wconf 78' lang='grc' dir='ltr'>αὐτή</span> <span class='ocrx_word' id='word_1_455' title='bbox 1479 3949 1563 4001; x_wconf 89' lang='grc' dir='ltr'><strong>γε,</strong></span> <span class='ocrx_word' id='word_1_456' title='bbox 1598 3933 1676 4004; x_wconf 86' lang='grc' dir='ltr'>τῷ</span> <span class='ocrx_word' id='word_1_457' title='bbox 1719 3953 1887 4005; x_wconf 68' lang='grc' dir='ltr'>προσι-</span> 
     </span>
    </p>
   </div>
   <div class='ocr_carea' id='block_1_58' title="bbox 300 4003 1887 4098">
    <p class='ocr_par' dir='ltr' id='par_1_58' title="bbox 300 4003 1887 4098">
     <span class='ocr_line' id='line_1_58' title="bbox 300 4003 1887 4098; baseline 0.014 -42"><span class='ocrx_word' id='word_1_458' title='bbox 300 4003 457 4060; x_wconf 87' lang='grc' dir='ltr'>έσθαι</span> <span class='ocrx_word' id='word_1_459' title='bbox 486 4008 545 4061; x_wconf 77' lang='grc' dir='ltr'>τὸ</span> <span class='ocrx_word' id='word_1_460' title='bbox 572 4006 934 4086; x_wconf 69' lang='grc' dir='ltr'>κοσμηθῆναί,</span> <span class='ocrx_word' id='word_1_461' title='bbox 965 4019 1064 4091; x_wconf 78' lang='grc' dir='ltr'>τὴν</span> <span class='ocrx_word' id='word_1_462' title='bbox 1097 4021 1160 4073; x_wconf 84' lang='grc' dir='ltr'><strong>ἐκ</strong></span> <span class='ocrx_word' id='word_1_463' title='bbox 1178 4020 1270 4074; x_wconf 90' lang='grc' dir='ltr'><strong>τοῦ</strong></span> <span class='ocrx_word' id='word_1_464' title='bbox 1300 4021 1434 4074; x_wconf 87' lang='grc' dir='ltr'>Θεοῦ</span> <span class='ocrx_word' id='word_1_465' title='bbox 1466 4003 1887 4098; x_wconf 79' lang='grc' dir='ltr'>προσωμολόγη-</span> 
     </span>
    </p>
   </div>
   <div class='ocr_carea' id='block_1_59' title="bbox 301 4095 1886 4188">
    <p class='ocr_par' dir='ltr' id='par_1_59' title="bbox 301 4095 1886 4188">
     <span class='ocr_line' id='line_1_59' title="bbox 301 4095 1886 4188; baseline 0.015 -40"><span class='ocrx_word' id='word_1_466' title='bbox 301 4113 393 4150; x_wconf 86' lang='grc' dir='ltr'><strong>σεν</strong></span> <span class='ocrx_word' id='word_1_467' title='bbox 424 4095 608 4171; x_wconf 72' lang='grc' dir='ltr'>ἧτταν.</span> <span class='ocrx_word' id='word_1_468' title='bbox 657 4106 796 4160; x_wconf 81' lang='grc' dir='ltr'>Ἀλλ’</span> <span class='ocrx_word' id='word_1_469' title='bbox 828 4109 1025 4174; x_wconf 79' lang='grc' dir='ltr'>ἔξωθέν</span> <span class='ocrx_word' id='word_1_470' title='bbox 1051 4129 1196 4176; x_wconf 86' lang='grc' dir='ltr'>τινος</span> <span class='ocrx_word' id='word_1_471' title='bbox 1239 4115 1418 4178; x_wconf 90' lang='grc' dir='ltr'>αίτίας</span> <span class='ocrx_word' id='word_1_472' title='bbox 1450 4116 1886 4188; x_wconf 74' lang='grc' dir='ltr'>ἀνταγωνιζομέο</span> 
     </span>
    </p>
   </div>
   <div class='ocr_carea' id='block_1_60' title="bbox 295 4193 1886 4283">
    <p class='ocr_par' dir='ltr' id='par_1_60' title="bbox 295 4193 1886 4283">
     <span class='ocr_line' id='line_1_60' title="bbox 295 4193 1886 4283; baseline 0.015 -42"><span class='ocrx_word' id='word_1_473' title='bbox 295 4206 397 4259; x_wconf 87' lang='grc' dir='ltr'><strong>νης</strong></span> <span class='ocrx_word' id='word_1_474' title='bbox 426 4193 501 4264; x_wconf 81' lang='grc' dir='ltr'>τῷ</span> <span class='ocrx_word' id='word_1_475' title='bbox 526 4193 642 4268; x_wconf 84' lang='grc' dir='ltr'>Θεῴ</span> <span class='ocrx_word' id='word_1_476' title='bbox 668 4215 680 4262; x_wconf 94' lang='grc'><strong>;</strong></span> <span class='ocrx_word' id='word_1_477' title='bbox 714 4199 828 4253; x_wconf 86' lang='grc' dir='ltr'>ἀλλ’</span> <span class='ocrx_word' id='word_1_478' title='bbox 856 4202 968 4256; x_wconf 78' lang='grc' dir='ltr'>οὒτ’</span> <span class='ocrx_word' id='word_1_479' title='bbox 996 4207 1161 4271; x_wconf 77' lang='grc' dir='ltr'>ἐστὶν,</span> <span class='ocrx_word' id='word_1_480' title='bbox 1192 4206 1312 4260; x_wconf 69' lang='grc' dir='ltr'>οὔτε</span> <span class='ocrx_word' id='word_1_481' title='bbox 1342 4209 1399 4262; x_wconf 83' lang='grc' dir='ltr'>ὲν</span> <span class='ocrx_word' id='word_1_482' title='bbox 1421 4203 1501 4272; x_wconf 70' lang='grc' dir='ltr'>οἷς</span> <span class='ocrx_word' id='word_1_483' title='bbox 1523 4209 1660 4281; x_wconf 74' lang='grc' dir='ltr'>ἔφθη</span> <span class='ocrx_word' id='word_1_484' title='bbox 1683 4213 1886 4283; x_wconf 84' lang='grc' dir='ltr'>κρατή·-</span> 
     </span>
    </p>
   </div>
   <div class='ocr_carea' id='block_1_61' title="bbox 299 4287 1884 4367">
    <p class='ocr_par' dir='ltr' id='par_1_61' title="bbox 299 4287 1884 4367">
     <span class='ocr_line' id='line_1_61' title="bbox 299 4287 1884 4367; baseline 0.016 -33"><span class='ocrx_word' id='word_1_485' title='bbox 299 4297 400 4345; x_wconf 88' lang='grc' dir='ltr'><strong>σας</strong></span> <span class='ocrx_word' id='word_1_486' title='bbox 440 4287 530 4338; x_wconf 79' lang='grc' dir='ltr'><strong>καὶ</strong></span> <span class='ocrx_word' id='word_1_487' title='bbox 564 4292 844 4362; x_wconf 86' lang='grc' dir='ltr'>κοσμήσας</span> <span class='ocrx_word' id='word_1_488' title='bbox 879 4297 907 4348; x_wconf 89' lang='lat'><strong>6</strong></span> <span class='ocrx_word' id='word_1_489' title='bbox 934 4295 1086 4361; x_wconf 82' lang='grc' dir='ltr'>Θεὸς,</span> <span class='ocrx_word' id='word_1_490' title='bbox 1121 4298 1200 4352; x_wconf 75' lang='grc' dir='ltr'>ἔτι</span> <span class='ocrx_word' id='word_1_491' title='bbox 1231 4299 1379 4364; x_wconf 82' lang='grc' dir='ltr'>ἄξιον</span> <span class='ocrx_word' id='word_1_492' title='bbox 1402 4305 1458 4355; x_wconf 80' lang='grc' dir='ltr'><strong>ἐν</strong></span> <span class='ocrx_word' id='word_1_493' title='bbox 1488 4303 1694 4367; x_wconf 79' lang='grc' dir='ltr'>τούτοις</span> <span class='ocrx_word' id='word_1_494' title='bbox 1727 4305 1884 4358; x_wconf 77' lang='grc' dir='ltr'>αὐτὸν</span> 
     </span>
    </p>
   </div>
   <div class='ocr_carea' id='block_1_62' title="bbox 301 4371 1884 4468">
    <p class='ocr_par' dir='ltr' id='par_1_62' title="bbox 301 4371 1884 4468">
     <span class='ocr_line' id='line_1_62' title="bbox 301 4371 1884 4468; baseline 0.019 -46"><span class='ocrx_word' id='word_1_495' title='bbox 301 4371 556 4430; x_wconf 75' lang='grc' dir='ltr'>ἐλαττοῦν</span> <span class='ocrx_word' id='word_1_496' title='bbox 585 4397 745 4446; x_wconf 79' lang='grc' dir='ltr'>τινος,</span> <span class='ocrx_word' id='word_1_497' title='bbox 778 4385 831 4436; x_wconf 79' lang='grc' dir='ltr'>εἴ</span> <span class='ocrx_word' id='word_1_498' title='bbox 855 4403 917 4453; x_wconf 92' lang='grc' dir='ltr'><strong>γε</strong></span> <span class='ocrx_word' id='word_1_499' title='bbox 950 4387 1023 4459; x_wconf 79' lang='grc' dir='ltr'>μὴ</span> <span class='ocrx_word' id='word_1_500' title='bbox 1049 4391 1359 4445; x_wconf 84' lang='grc' dir='ltr'>παντάπασι</span> <span class='ocrx_word' id='word_1_501' title='bbox 1388 4393 1718 4466; x_wconf 88' lang='grc' dir='ltr'>λανθάνομεν</span> <span class='ocrx_word' id='word_1_502' title='bbox 1739 4399 1884 4468; x_wconf 80' lang='grc' dir='ltr'>ἡμᾶς</span> 
     </span>
    </p>
   </div>
   <div class='ocr_carea' id='block_1_63' title="bbox 297 4464 1882 4560">
    <p class='ocr_par' dir='ltr' id='par_1_63' title="bbox 297 4464 1882 4560">
     <span class='ocr_line' id='line_1_63' title="bbox 297 4464 1882 4560; baseline 0.018 -45"><span class='ocrx_word' id='word_1_503' title='bbox 297 4464 495 4530; x_wconf 75' lang='grc' dir='ltr'>αὐτοὺς</span> <span class='ocrx_word' id='word_1_504' title='bbox 527 4472 781 4544; x_wconf 78' lang='grc' dir='ltr'>περὶτῆς</span> <span class='ocrx_word' id='word_1_505' title='bbox 829 4479 1090 4550; x_wconf 86' lang='grc' dir='ltr'>μεγίστης</span> <span class='ocrx_word' id='word_1_506' title='bbox 1133 4483 1224 4535; x_wconf 79' lang='grc' dir='ltr'><strong>καὶ</strong></span> <span class='ocrx_word' id='word_1_507' title='bbox 1272 4483 1553 4557; x_wconf 87' lang='grc' dir='ltr'>θειοτάτης</span> <span class='ocrx_word' id='word_1_508' title='bbox 1600 4489 1882 4560; x_wconf 84' lang='grc' dir='ltr'>δυνάμεως</span> 
     </span>
    </p>
   </div>
   <div class='ocr_carea' id='block_1_64' title="bbox 2005 1982 3592 2059">
    <p class='ocr_par' dir='ltr' id='par_1_64' title="bbox 2005 1982 3592 2059">
     <span class='ocr_line' id='line_1_64' title="bbox 2005 1982 3592 2059; baseline 0.013 -24"><span class='ocrx_word' id='word_1_509' title='bbox 2005 1982 2366 2054; x_wconf 86' lang='lat' dir='ltr'><strong>princepsque</strong></span> <span class='ocrx_word' id='word_1_510' title='bbox 2439 1990 2766 2059; x_wconf 89' lang='lat' dir='ltr'><strong>constituta,</strong></span> <span class='ocrx_word' id='word_1_511' title='bbox 2827 1993 2997 2048; x_wconf 88' lang='lat' dir='ltr'><strong>nihilo</strong></span> <span class='ocrx_word' id='word_1_512' title='bbox 3057 1998 3247 2051; x_wconf 87' lang='lat' dir='ltr'><strong>saltem</strong></span> <span class='ocrx_word' id='word_1_513' title='bbox 3322 1999 3592 2056; x_wconf 80' lang='lat' dir='ltr'><strong>inﬁrmior</strong></span> 
     </span>
    </p>
   </div>
   <div class='ocr_carea' id='block_1_65' title="bbox 2004 2080 3586 2155">
    <p class='ocr_par' dir='ltr' id='par_1_65' title="bbox 2004 2080 3586 2155">
     <span class='ocr_line' id='line_1_65' title="bbox 2004 2080 3586 2155; baseline 0.013 -28"><span class='ocrx_word' id='word_1_514' title='bbox 2004 2091 2168 2144; x_wconf 92' lang='lat' dir='ltr'><strong>quam</strong></span> <span class='ocrx_word' id='word_1_515' title='bbox 2204 2087 2414 2133; x_wconf 57' lang='lat' dir='ltr'><strong>caetera:</strong></span> <span class='ocrx_word' id='word_1_516' title='bbox 2443 2080 2606 2152; x_wconf 78' lang='lat'><strong>803</strong></span> <span class='ocrx_word' id='word_1_517' title='bbox 2642 2082 2987 2155; x_wconf 89' lang='lat' dir='ltr'><strong>deteriorque</strong></span> <span class='ocrx_word' id='word_1_518' title='bbox 3013 2098 3321 2144; x_wconf 90' lang='lat' dir='ltr'><strong>censeatur.</strong></span> <span class='ocrx_word' id='word_1_519' title='bbox 3372 2091 3586 2147; x_wconf 84' lang='lat' dir='ltr'><strong>Etenim</strong></span> 
     </span>
    </p>
   </div>
   <div class='ocr_carea' id='block_1_66' title="bbox 2002 2167 3584 2252">
    <p class='ocr_par' dir='ltr' id='par_1_66' title="bbox 2002 2167 3584 2252">
     <span class='ocr_line' id='line_1_66' title="bbox 2002 2167 3584 2252; baseline 0.011 -32"><span class='ocrx_word' id='word_1_520' title='bbox 2002 2167 2293 2222; x_wconf 90' lang='lat' dir='ltr'><strong>ridiculum</strong></span> <span class='ocrx_word' id='word_1_521' title='bbox 2343 2170 2532 2240; x_wconf 88' lang='lat' dir='ltr'><strong>utique</strong></span> <span class='ocrx_word' id='word_1_522' title='bbox 2580 2173 2775 2236; x_wconf 83' lang='lat' dir='ltr'><strong>fuerit,</strong></span> <span class='ocrx_word' id='word_1_523' title='bbox 2821 2177 2968 2245; x_wconf 91' lang='lat' dir='ltr'><strong>quod</strong></span> <span class='ocrx_word' id='word_1_524' title='bbox 3016 2187 3196 2233; x_wconf 89' lang='lat' dir='ltr'><strong>ortum</strong></span> <span class='ocrx_word' id='word_1_525' title='bbox 3249 2183 3454 2252; x_wconf 86' lang='lat' dir='ltr'><strong>aliquid</strong></span> <span class='ocrx_word' id='word_1_526' title='bbox 3493 2183 3584 2247; x_wconf 90' lang='lat' dir='ltr'><strong>sit,</strong></span> 
     </span>
    </p>
   </div>
   <div class='ocr_carea' id='block_1_67' title="bbox 2003 2261 3590 2342">
    <p class='ocr_par' dir='ltr' id='par_1_67' title="bbox 2003 2261 3590 2342">
     <span class='ocr_line' id='line_1_67' title="bbox 2003 2261 3590 2342; baseline 0.012 -30"><span class='ocrx_word' id='word_1_527' title='bbox 2003 2267 2285 2329; x_wconf 89' lang='lat' dir='ltr'><strong>propterea</strong></span> <span class='ocrx_word' id='word_1_528' title='bbox 2319 2261 2370 2315; x_wconf 91' lang='lat' dir='ltr'><strong>id</strong></span> <span class='ocrx_word' id='word_1_529' title='bbox 2404 2266 2718 2334; x_wconf 87' lang='lat' dir='ltr'><strong>corrumpi;</strong></span> <span class='ocrx_word' id='word_1_530' title='bbox 2764 2266 2906 2322; x_wconf 90' lang='lat' dir='ltr'><strong>idem</strong></span> <span class='ocrx_word' id='word_1_531' title='bbox 2935 2269 2981 2324; x_wconf 91' lang='lat' dir='ltr'><strong>si</strong></span> <span class='ocrx_word' id='word_1_532' title='bbox 3013 2273 3288 2342; x_wconf 89' lang='lat' dir='ltr'><strong>corrumpi</strong></span> <span class='ocrx_word' id='word_1_533' title='bbox 3316 2273 3459 2331; x_wconf 89' lang='lat' dir='ltr'><strong>Deus</strong></span> <span class='ocrx_word' id='word_1_534' title='bbox 3494 2290 3590 2330; x_wconf 89' lang='lat' dir='ltr'><strong>vo-</strong></span> 
     </span>
    </p>
   </div>
   <div class='ocr_carea' id='block_1_68' title="bbox 2000 2349 3587 2436">
    <p class='ocr_par' dir='ltr' id='par_1_68' title="bbox 2000 2349 3587 2436">
     <span class='ocr_line' id='line_1_68' title="bbox 2000 2349 3587 2436; baseline 0.014 -34"><span class='ocrx_word' id='word_1_535' title='bbox 2000 2349 2182 2418; x_wconf 85' lang='lat' dir='ltr'><strong>luerit,</strong></span> <span class='ocrx_word' id='word_1_536' title='bbox 2215 2368 2321 2405; x_wconf 87' lang='lat' dir='ltr'><strong>non</strong></span> <span class='ocrx_word' id='word_1_537' title='bbox 2349 2357 2624 2425; x_wconf 87' lang='lat' dir='ltr'><strong>corrumpi</strong></span> <span class='ocrx_word' id='word_1_538' title='bbox 2669 2375 2681 2410; x_wconf 92' lang='lat'><strong>:</strong></span> <span class='ocrx_word' id='word_1_539' title='bbox 2719 2357 3003 2427; x_wconf 86' lang='lat' dir='ltr'><strong>similiter,</strong></span> <span class='ocrx_word' id='word_1_540' title='bbox 3037 2364 3182 2432; x_wconf 90' lang='lat' dir='ltr'><strong>quod</strong></span> <span class='ocrx_word' id='word_1_541' title='bbox 3227 2365 3428 2436; x_wconf 83' lang='lat' dir='ltr'><strong>aliquid</strong></span> <span class='ocrx_word' id='word_1_542' title='bbox 3461 2377 3587 2424; x_wconf 87' lang='lat' dir='ltr'><strong>Ortu</strong></span> 
     </span>
    </p>
   </div>
   <div class='ocr_carea' id='block_1_69' title="bbox 1999 2447 3584 2524">
    <p class='ocr_par' dir='ltr' id='par_1_69' title="bbox 1999 2447 3584 2524">
     <span class='ocr_line' id='line_1_69' title="bbox 1999 2447 3584 2524; baseline 0.011 -28"><span class='ocrx_word' id='word_1_543' title='bbox 1999 2450 2212 2505; x_wconf 88' lang='lat' dir='ltr'><strong>careat,</strong></span> <span class='ocrx_word' id='word_1_544' title='bbox 2259 2453 2542 2512; x_wconf 78' lang='lat' dir='ltr'><strong>prapterea</strong></span> <span class='ocrx_word' id='word_1_545' title='bbox 2585 2447 2838 2504; x_wconf 89' lang='lat' dir='ltr'><strong>interitus</strong></span> <span class='ocrx_word' id='word_1_546' title='bbox 2877 2450 2976 2506; x_wconf 90' lang='lat' dir='ltr'><strong>abs</strong></span> <span class='ocrx_word' id='word_1_547' title='bbox 3003 2468 3060 2506; x_wconf 91' lang='lat' dir='ltr'><strong>se</strong></span> <span class='ocrx_word' id='word_1_548' title='bbox 3096 2456 3449 2524; x_wconf 85' lang='lat' dir='ltr'><strong>propulsandi</strong></span> <span class='ocrx_word' id='word_1_549' title='bbox 3475 2458 3584 2512; x_wconf 90' lang='lat' dir='ltr'><strong>vim</strong></span> 
     </span>
    </p>
   </div>
   <div class='ocr_carea' id='block_1_70' title="bbox 1999 2533 3586 2606">
    <p class='ocr_par' dir='ltr' id='par_1_70' title="bbox 1999 2533 3586 2606">
     <span class='ocr_line' id='line_1_70' title="bbox 1999 2533 3586 2606; baseline 0.013 -20"><span class='ocrx_word' id='word_1_550' title='bbox 1999 2533 2229 2600; x_wconf 85' lang='lat' dir='ltr'><strong>habere;</strong></span> <span class='ocrx_word' id='word_1_551' title='bbox 2267 2533 2506 2591; x_wconf 86' lang='lat' dir='ltr'><strong>divinam</strong></span> <span class='ocrx_word' id='word_1_552' title='bbox 2545 2549 2733 2594; x_wconf 85' lang='lat' dir='ltr'><strong>contra</strong></span> <span class='ocrx_word' id='word_1_553' title='bbox 2779 2543 3113 2598; x_wconf 82' lang='lat' dir='ltr'><strong>voluntatem</strong></span> <span class='ocrx_word' id='word_1_554' title='bbox 3170 2548 3352 2603; x_wconf 90' lang='lat' dir='ltr'><strong>minus</strong></span> <span class='ocrx_word' id='word_1_555' title='bbox 3381 2549 3586 2606; x_wconf 83' lang='lat' dir='ltr'><strong>habere</strong></span> 
     </span>
    </p>
   </div>
   <div class='ocr_carea' id='block_1_71' title="bbox 1999 2625 3581 2711">
    <p class='ocr_par' dir='ltr' id='par_1_71' title="bbox 1999 2625 3581 2711">
     <span class='ocr_line' id='line_1_71' title="bbox 1999 2625 3581 2711; baseline 0.013 -33"><span class='ocrx_word' id='word_1_556' title='bbox 1999 2625 2230 2691; x_wconf 87' lang='lat' dir='ltr'><strong>virium,</strong></span> <span class='ocrx_word' id='word_1_557' title='bbox 2262 2644 2424 2698; x_wconf 87' lang='lat' dir='ltr'><strong>quam</strong></span> <span class='ocrx_word' id='word_1_558' title='bbox 2470 2638 2530 2684; x_wconf 91' lang='lat' dir='ltr'><strong>ut</strong></span> <span class='ocrx_word' id='word_1_559' title='bbox 2569 2633 2867 2702; x_wconf 83' lang='lat' dir='ltr'><strong>quidquam</strong></span> <span class='ocrx_word' id='word_1_560' title='bbox 2897 2651 3118 2702; x_wconf 72' lang='lat' dir='ltr'><strong>eorum,</strong></span> <span class='ocrx_word' id='word_1_561' title='bbox 3153 2655 3276 2709; x_wconf 76' lang='lat' dir='ltr'><strong>qua:</strong></span> <span class='ocrx_word' id='word_1_562' title='bbox 3327 2654 3581 2711; x_wconf 79' lang='lat' dir='ltr'><strong>generata</strong></span> 
     </span>
    </p>
   </div>
   <div class='ocr_carea' id='block_1_72' title="bbox 1998 2719 3580 2799">
    <p class='ocr_par' dir='ltr' id='par_1_72' title="bbox 1998 2719 3580 2799">
     <span class='ocr_line' id='line_1_72' title="bbox 1998 2719 3580 2799; baseline 0.011 -27"><span class='ocrx_word' id='word_1_563' title='bbox 1998 2727 2155 2784; x_wconf 89' lang='lat' dir='ltr'><strong>sunt,</strong></span> <span class='ocrx_word' id='word_1_564' title='bbox 2201 2719 2268 2774; x_wconf 88' lang='lat' dir='ltr'><strong>ab</strong></span> <span class='ocrx_word' id='word_1_565' title='bbox 2295 2719 2518 2775; x_wconf 90' lang='lat' dir='ltr'><strong>interitu</strong></span> <span class='ocrx_word' id='word_1_566' title='bbox 2563 2722 2794 2779; x_wconf 75' lang='lat' dir='ltr'><strong>liberare</strong></span> <span class='ocrx_word' id='word_1_567' title='bbox 2824 2728 3016 2795; x_wconf 89' lang='lat' dir='ltr'><strong>possit.</strong></span> <span class='ocrx_word' id='word_1_568' title='bbox 3060 2729 3141 2784; x_wconf 87' lang='lat' dir='ltr'><strong>An</strong></span> <span class='ocrx_word' id='word_1_569' title='bbox 3175 2747 3304 2786; x_wconf 85' lang='lat' dir='ltr'><strong>vero</strong></span> <span class='ocrx_word' id='word_1_570' title='bbox 3333 2734 3580 2799; x_wconf 89' lang='lat' dir='ltr'><strong>domum,</strong></span> 
     </span>
    </p>
   </div>
   <div class='ocr_carea' id='block_1_73' title="bbox 1996 2811 3579 2898">
    <p class='ocr_par' dir='ltr' id='par_1_73' title="bbox 1996 2811 3579 2898">
     <span class='ocr_line' id='line_1_73' title="bbox 1996 2811 3579 2898; baseline 0.013 -36"><span class='ocrx_word' id='word_1_571' title='bbox 1996 2825 2117 2878; x_wconf 65' lang='lat' dir='ltr'><strong>quae</strong></span> <span class='ocrx_word' id='word_1_572' title='bbox 2150 2811 2297 2864; x_wconf 80' lang='lat' dir='ltr'><strong>nulla</strong></span> <span class='ocrx_word' id='word_1_573' title='bbox 2319 2822 2436 2866; x_wconf 91' lang='lat' dir='ltr'><strong>erat</strong></span> <span class='ocrx_word' id='word_1_574' title='bbox 2465 2815 2796 2873; x_wconf 87' lang='lat' dir='ltr'><strong>architectus</strong></span> <span class='ocrx_word' id='word_1_575' title='bbox 2824 2828 3106 2876; x_wconf 80' lang='lat' dir='ltr'><strong>exstruere</strong></span> <span class='ocrx_word' id='word_1_576' title='bbox 3133 2825 3346 2891; x_wconf 90' lang='lat' dir='ltr'><strong>poterit,</strong></span> <span class='ocrx_word' id='word_1_577' title='bbox 3362 2826 3579 2898; x_wconf 83' lang='lat' dir='ltr'><strong>signum</strong></span> 
     </span>
    </p>
   </div>
   <div class='ocr_carea' id='block_1_74' title="bbox 1995 2900 3582 2980">
    <p class='ocr_par' dir='ltr' id='par_1_74' title="bbox 1995 2900 3582 2980">
     <span class='ocr_line' id='line_1_74' title="bbox 1995 2900 3582 2980; baseline 0.013 -27"><span class='ocrx_word' id='word_1_578' title='bbox 1995 2900 2134 2956; x_wconf 91' lang='lat' dir='ltr'><strong>alius</strong></span> <span class='ocrx_word' id='word_1_579' title='bbox 2173 2902 2403 2971; x_wconf 71' lang='lat' dir='ltr'><strong>edicere,</strong></span> <span class='ocrx_word' id='word_1_580' title='bbox 2423 2906 2568 2975; x_wconf 93' lang='lat' dir='ltr'><strong>quod</strong></span> <span class='ocrx_word' id='word_1_581' title='bbox 2596 2917 2721 2962; x_wconf 88' lang='lat' dir='ltr'><strong>ante</strong></span> <span class='ocrx_word' id='word_1_582' title='bbox 2743 2924 2850 2963; x_wconf 88' lang='lat' dir='ltr'><strong>non</strong></span> <span class='ocrx_word' id='word_1_583' title='bbox 2877 2923 3040 2980; x_wconf 89' lang='lat' dir='ltr'><strong>esset,</strong></span> <span class='ocrx_word' id='word_1_584' title='bbox 3059 2914 3200 2970; x_wconf 88' lang='lat' dir='ltr'><strong>alius</strong></span> <span class='ocrx_word' id='word_1_585' title='bbox 3222 2931 3287 2971; x_wconf 82' lang='lat' dir='ltr'><strong>ex</strong></span> <span class='ocrx_word' id='word_1_586' title='bbox 3316 2919 3440 2972; x_wconf 89' lang='lat' dir='ltr'><strong>rudi</strong></span> <span class='ocrx_word' id='word_1_587' title='bbox 3462 2935 3582 2973; x_wconf 89' lang='lat' dir='ltr'><strong>ma-</strong></span> 
     </span>
    </p>
   </div>
   <div class='ocr_carea' id='block_1_75' title="bbox 1995 2992 3577 3080">
    <p class='ocr_par' dir='ltr' id='par_1_75' title="bbox 1995 2992 3577 3080">
     <span class='ocr_line' id='line_1_75' title="bbox 1995 2992 3577 3080; baseline 0.012 -35"><span class='ocrx_word' id='word_1_588' title='bbox 1995 2992 2127 3046; x_wconf 86' lang='lat' dir='ltr'><strong>teria</strong></span> <span class='ocrx_word' id='word_1_589' title='bbox 2159 2994 2339 3048; x_wconf 89' lang='lat' dir='ltr'><strong>navim</strong></span> <span class='ocrx_word' id='word_1_590' title='bbox 2371 2995 2438 3051; x_wconf 91' lang='lat' dir='ltr'><strong>iis</strong></span> <span class='ocrx_word' id='word_1_591' title='bbox 2472 2997 2674 3067; x_wconf 88' lang='lat' dir='ltr'><strong>quibus</strong></span> <span class='ocrx_word' id='word_1_592' title='bbox 2709 3014 2847 3070; x_wconf 90' lang='lat' dir='ltr'><strong>opus</strong></span> <span class='ocrx_word' id='word_1_593' title='bbox 2875 3003 2965 3065; x_wconf 90' lang='lat' dir='ltr'><strong>illa</strong></span> <span class='ocrx_word' id='word_1_594' title='bbox 2999 3003 3090 3071; x_wconf 91' lang='lat' dir='ltr'><strong>sit,</strong></span> <span class='ocrx_word' id='word_1_595' title='bbox 3128 3006 3398 3063; x_wconf 68' lang='lat' dir='ltr'><strong>mdificare</strong></span> <span class='ocrx_word' id='word_1_596' title='bbox 3431 3027 3444 3062; x_wconf 93' lang='lat'><strong>:</strong></span> <span class='ocrx_word' id='word_1_597' title='bbox 3475 3025 3577 3080; x_wconf 85' lang='lat' dir='ltr'><strong>po-</strong></span> 
     </span>
    </p>
   </div>
   <div class='ocr_carea' id='block_1_76' title="bbox 1995 3088 3578 3159">
    <p class='ocr_par' dir='ltr' id='par_1_76' title="bbox 1995 3088 3578 3159">
     <span class='ocr_line' id='line_1_76' title="bbox 1995 3088 3578 3159; baseline 0.013 -22"><span class='ocrx_word' id='word_1_598' title='bbox 1995 3092 2200 3139; x_wconf 90' lang='lat' dir='ltr'><strong>stremo</strong></span> <span class='ocrx_word' id='word_1_599' title='bbox 2217 3088 2535 3159; x_wconf 80' lang='lat' dir='ltr'><strong>quicunque</strong></span> <span class='ocrx_word' id='word_1_600' title='bbox 2559 3089 2613 3143; x_wconf 91' lang='lat' dir='ltr'><strong>in</strong></span> <span class='ocrx_word' id='word_1_601' title='bbox 2636 3089 2991 3149; x_wconf 77' lang='lat' dir='ltr'><strong>eﬂ‘ectricium</strong></span> <span class='ocrx_word' id='word_1_602' title='bbox 3025 3097 3224 3153; x_wconf 91' lang='lat' dir='ltr'><strong>artium</strong></span> <span class='ocrx_word' id='word_1_603' title='bbox 3255 3102 3578 3159; x_wconf 88' lang='lat' dir='ltr'><strong>tractatione</strong></span> 
     </span>
    </p>
   </div>
   <div class='ocr_carea' id='block_1_77' title="bbox 1995 3179 3578 3260">
    <p class='ocr_par' dir='ltr' id='par_1_77' title="bbox 1995 3179 3578 3260">
     <span class='ocr_line' id='line_1_77' title="bbox 1995 3179 3578 3260; baseline 0.014 -32"><span class='ocrx_word' id='word_1_604' title='bbox 1995 3186 2305 3244; x_wconf 88' lang='lat' dir='ltr'><strong>versantur,</strong></span> <span class='ocrx_word' id='word_1_605' title='bbox 2343 3179 2547 3249; x_wconf 90' lang='lat' dir='ltr'><strong>aliquid</strong></span> <span class='ocrx_word' id='word_1_606' title='bbox 2590 3190 2648 3236; x_wconf 91' lang='lat' dir='ltr'><strong>ut</strong></span> <span class='ocrx_word' id='word_1_607' title='bbox 2679 3183 2769 3250; x_wconf 90' lang='lat' dir='ltr'><strong>sit,</strong></span> <span class='ocrx_word' id='word_1_608' title='bbox 2795 3188 2938 3255; x_wconf 92' lang='lat' dir='ltr'><strong>quod</strong></span> <span class='ocrx_word' id='word_1_609' title='bbox 2971 3189 3124 3258; x_wconf 89' lang='lat' dir='ltr'><strong>prius</strong></span> <span class='ocrx_word' id='word_1_610' title='bbox 3155 3206 3263 3245; x_wconf 92' lang='lat' dir='ltr'><strong>non</strong></span> <span class='ocrx_word' id='word_1_611' title='bbox 3298 3201 3435 3260; x_wconf 88' lang='lat' dir='ltr'><strong>erat,</strong></span> <span class='ocrx_word' id='word_1_612' title='bbox 3467 3195 3578 3250; x_wconf 83' lang='lat' dir='ltr'><strong>elli-</strong></span> 
     </span>
    </p>
   </div>
   <div class='ocr_carea' id='block_1_78' title="bbox 1997 3267 3579 3351">
    <p class='ocr_par' dir='ltr' id='par_1_78' title="bbox 1997 3267 3579 3351">
     <span class='ocr_line' id='line_1_78' title="bbox 1997 3267 3579 3351; baseline 0.013 -30"><span class='ocrx_word' id='word_1_613' title='bbox 1997 3267 2174 3322; x_wconf 90' lang='lat' dir='ltr'><strong>ciendi</strong></span> <span class='ocrx_word' id='word_1_614' title='bbox 2206 3271 2313 3323; x_wconf 89' lang='lat' dir='ltr'><strong>vim</strong></span> <span class='ocrx_word' id='word_1_615' title='bbox 2347 3271 2625 3327; x_wconf 87' lang='lat' dir='ltr'><strong>habebunt</strong></span> <span class='ocrx_word' id='word_1_616' title='bbox 2653 3294 2664 3327; x_wconf 92' lang='lat'><strong>:</strong></span> <span class='ocrx_word' id='word_1_617' title='bbox 2708 3292 2890 3347; x_wconf 81' lang='lat' dir='ltr'><strong>regem</strong></span> <span class='ocrx_word' id='word_1_618' title='bbox 2923 3280 3077 3335; x_wconf 90' lang='lat' dir='ltr'><strong>illum</strong></span> <span class='ocrx_word' id='word_1_619' title='bbox 3126 3283 3388 3351; x_wconf 88' lang='lat' dir='ltr'><strong>universi,</strong></span> <span class='ocrx_word' id='word_1_620' title='bbox 3446 3287 3579 3341; x_wconf 83' lang='lat' dir='ltr'><strong>arti-</strong></span> 
     </span>
    </p>
   </div>
   <div class='ocr_carea' id='block_1_79' title="bbox 1991 3359 3640 3442">
    <p class='ocr_par' dir='ltr' id='par_1_79' title="bbox 1991 3359 3640 3442">
     <span class='ocr_line' id='line_1_79' title="bbox 1991 3359 3640 3442; baseline 0.015 -30"><span class='ocrx_word' id='word_1_621' title='bbox 1991 3359 2257 3431; x_wconf 80' lang='lat' dir='ltr'><strong>ﬁcemque</strong></span> <span class='ocrx_word' id='word_1_622' title='bbox 2303 3368 2852 3437; x_wconf 66' lang='lat' dir='ltr'><strong>praestantissimum,</strong></span> <span class='ocrx_word' id='word_1_623' title='bbox 2907 3376 3193 3442; x_wconf 89' lang='lat' dir='ltr'><strong>potestatis</strong></span> <span class='ocrx_word' id='word_1_624' title='bbox 3250 3392 3318 3432; x_wconf 89' lang='lat' dir='ltr'><strong>ne</strong></span> <span class='ocrx_word' id='word_1_625' title='bbox 3361 3387 3574 3435; x_wconf 91' lang='lat' dir='ltr'><strong>tantum</strong></span> <span class='ocrx_word' id='word_1_626' title='bbox 3635 3431 3640 3436; x_wconf 93' lang='lat'><strong>.</strong></span> 
     </span>
    </p>
   </div>
   <div class='ocr_carea' id='block_1_80' title="bbox 1989 3453 3576 3534">
    <p class='ocr_par' dir='ltr' id='par_1_80' title="bbox 1989 3453 3576 3534">
     <span class='ocr_line' id='line_1_80' title="bbox 1989 3453 3576 3534; baseline 0.015 -31"><span class='ocrx_word' id='word_1_627' title='bbox 1989 3453 2232 3522; x_wconf 79' lang='lat' dir='ltr'><strong>quidem,</strong></span> <span class='ocrx_word' id='word_1_628' title='bbox 2286 3466 2552 3524; x_wconf 89' lang='lat' dir='ltr'><strong>quantum</strong></span> <span class='ocrx_word' id='word_1_629' title='bbox 2590 3462 2876 3516; x_wconf 89' lang='lat' dir='ltr'><strong>mortalem</strong></span> <span class='ocrx_word' id='word_1_630' title='bbox 2929 3465 3176 3534; x_wconf 77' lang='lat' dir='ltr'><strong>Opificem</strong></span> <span class='ocrx_word' id='word_1_631' title='bbox 3208 3468 3407 3525; x_wconf 88' lang='lat' dir='ltr'><strong>habere</strong></span> <span class='ocrx_word' id='word_1_632' title='bbox 3441 3487 3576 3526; x_wconf 90' lang='lat' dir='ltr'><strong>con-</strong></span> 
     </span>
    </p>
   </div>
   <div class='ocr_carea' id='block_1_81' title="bbox 1989 3544 3574 3634">
    <p class='ocr_par' dir='ltr' id='par_1_81' title="bbox 1989 3544 3574 3634">
     <span class='ocr_line' id='line_1_81' title="bbox 1989 3544 3574 3634; baseline 0.016 -37"><span class='ocrx_word' id='word_1_633' title='bbox 1989 3544 2264 3613; x_wconf 86' lang='lat' dir='ltr'><strong>cedemus,</strong></span> <span class='ocrx_word' id='word_1_634' title='bbox 2293 3549 2551 3622; x_wconf 89' lang='lat' dir='ltr'><strong>omnique</strong></span> <span class='ocrx_word' id='word_1_635' title='bbox 2577 3567 2701 3606; x_wconf 91' lang='lat' dir='ltr'><strong>eum</strong></span> <span class='ocrx_word' id='word_1_636' title='bbox 2731 3559 3025 3619; x_wconf 75' lang='lat' dir='ltr'><strong>generandi</strong></span> <span class='ocrx_word' id='word_1_637' title='bbox 3056 3559 3313 3616; x_wconf 82' lang='lat' dir='ltr'><strong>facultate</strong></span> <span class='ocrx_word' id='word_1_638' title='bbox 3335 3566 3574 3634; x_wconf 81' lang='lat' dir='ltr'><strong>privabi-</strong></span> 
     </span>
    </p>
   </div>
   <div class='ocr_carea' id='block_1_82' title="bbox 1988 3633 3574 3712">
    <p class='ocr_par' dir='ltr' id='par_1_82' title="bbox 1988 3633 3574 3712">
     <span class='ocr_line' id='line_1_82' title="bbox 1988 3633 3574 3712; baseline 0.016 -26"><span class='ocrx_word' id='word_1_639' title='bbox 1988 3635 2150 3689; x_wconf 88' lang='lat' dir='ltr'><strong>mus?</strong></span> <span class='ocrx_word' id='word_1_640' title='bbox 2181 3633 2471 3707; x_wconf 88' lang='lat' dir='ltr'><strong>Nunquam</strong></span> <span class='ocrx_word' id='word_1_641' title='bbox 2504 3641 2767 3709; x_wconf 87' lang='lat' dir='ltr'><strong>profecto,</strong></span> <span class='ocrx_word' id='word_1_642' title='bbox 2795 3645 2840 3700; x_wconf 91' lang='lat' dir='ltr'><strong>si</strong></span> <span class='ocrx_word' id='word_1_643' title='bbox 2870 3647 2937 3702; x_wconf 92' lang='lat' dir='ltr'><strong>de</strong></span> <span class='ocrx_word' id='word_1_644' title='bbox 2971 3663 3135 3704; x_wconf 77' lang='lat' dir='ltr'><strong>causa</strong></span> <span class='ocrx_word' id='word_1_645' title='bbox 3163 3652 3254 3706; x_wconf 89' lang='lat' dir='ltr'><strong>illa</strong></span> <span class='ocrx_word' id='word_1_646' title='bbox 3275 3633 3457 3711; x_wconf 78' lang='lat' dir='ltr'><strong>divina</strong></span> <span class='ocrx_word' id='word_1_647' title='bbox 3491 3657 3574 3712; x_wconf 87' lang='lat' dir='ltr'><strong>vel</strong></span> 
     </span>
    </p>
   </div>
   <div class='ocr_carea' id='block_1_83' title="bbox 1988 3727 3572 3814">
    <p class='ocr_par' dir='ltr' id='par_1_83' title="bbox 1988 3727 3572 3814">
     <span class='ocr_line' id='line_1_83' title="bbox 1988 3727 3572 3814; baseline 0.016 -36"><span class='ocrx_word' id='word_1_648' title='bbox 1988 3727 2275 3782; x_wconf 89' lang='lat' dir='ltr'><strong>minimum</strong></span> <span class='ocrx_word' id='word_1_649' title='bbox 2323 3731 2452 3800; x_wconf 91' lang='lat' dir='ltr'><strong>quid</strong></span> <span class='ocrx_word' id='word_1_650' title='bbox 2491 3734 2675 3789; x_wconf 89' lang='lat' dir='ltr'><strong>animo</strong></span> <span class='ocrx_word' id='word_1_651' title='bbox 2717 3736 3016 3795; x_wconf 81' lang='lat' dir='ltr'><strong>informare</strong></span> <span class='ocrx_word' id='word_1_652' title='bbox 3062 3745 3386 3811; x_wconf 91' lang='lat' dir='ltr'><strong>poterimus.</strong></span> <span class='ocrx_word' id='word_1_653' title='bbox 3429 3747 3572 3814; x_wconf 82' lang='lat' dir='ltr'><strong>Quid</strong></span> 
     </span>
    </p>
   </div>
   <div class='ocr_carea' id='block_1_84' title="bbox 1985 3817 3570 3904">
    <p class='ocr_par' dir='ltr' id='par_1_84' title="bbox 1985 3817 3570 3904">
     <span class='ocr_line' id='line_1_84' title="bbox 1985 3817 3570 3904; baseline 0.017 -34"><span class='ocrx_word' id='word_1_654' title='bbox 1985 3817 2192 3888; x_wconf 79' lang='lat' dir='ltr'><strong>igitur?</strong></span> <span class='ocrx_word' id='word_1_655' title='bbox 2240 3821 2322 3876; x_wconf 82' lang='lat' dir='ltr'><strong>An</strong></span> <span class='ocrx_word' id='word_1_656' title='bbox 2356 3822 2493 3878; x_wconf 85' lang='lat' dir='ltr'><strong>forte</strong></span> <span class='ocrx_word' id='word_1_657' title='bbox 2528 3828 2810 3896; x_wconf 89' lang='lat' dir='ltr'><strong>(quoniam</strong></span> <span class='ocrx_word' id='word_1_658' title='bbox 2839 3833 2955 3900; x_wconf 90' lang='lat' dir='ltr'><strong>ipse</strong></span> <span class='ocrx_word' id='word_1_659' title='bbox 2983 3833 3160 3890; x_wconf 86' lang='lat' dir='ltr'><strong>bonus</strong></span> <span class='ocrx_word' id='word_1_660' title='bbox 3202 3846 3318 3904; x_wconf 91' lang='lat' dir='ltr'><strong>est,</strong></span> <span class='ocrx_word' id='word_1_661' title='bbox 3367 3841 3570 3897; x_wconf 90' lang='lat' dir='ltr'><strong>bonum</strong></span> 
     </span>
    </p>
   </div>
   <div class='ocr_carea' id='block_1_85' title="bbox 1987 3912 3569 3992">
    <p class='ocr_par' dir='ltr' id='par_1_85' title="bbox 1987 3912 3569 3992">
     <span class='ocr_line' id='line_1_85' title="bbox 1987 3912 3569 3992; baseline 0.016 -30"><span class='ocrx_word' id='word_1_662' title='bbox 1987 3919 2166 3964; x_wconf 87' lang='lat' dir='ltr'><strong>autem</strong></span> <span class='ocrx_word' id='word_1_663' title='bbox 2195 3912 2399 3968; x_wconf 90' lang='lat' dir='ltr'><strong>nullius</strong></span> <span class='ocrx_word' id='word_1_664' title='bbox 2435 3915 2512 3968; x_wconf 89' lang='lat' dir='ltr'><strong>rei</strong></span> <span class='ocrx_word' id='word_1_665' title='bbox 2547 3918 2761 3985; x_wconf 88' lang='lat' dir='ltr'><strong>copiam</strong></span> <span class='ocrx_word' id='word_1_666' title='bbox 2797 3919 3022 3992; x_wconf 87' lang='lat' dir='ltr'><strong>invidet)</strong></span> <span class='ocrx_word' id='word_1_667' title='bbox 3049 3925 3187 3979; x_wconf 90' lang='lat' dir='ltr'><strong>bona</strong></span> <span class='ocrx_word' id='word_1_668' title='bbox 3210 3927 3420 3985; x_wconf 85' lang='lat' dir='ltr'><strong>ellicere</strong></span> <span class='ocrx_word' id='word_1_669' title='bbox 3445 3947 3569 3986; x_wconf 91' lang='lat' dir='ltr'><strong>cum</strong></span> 
     </span>
    </p>
   </div>
   <div class='ocr_carea' id='block_1_86' title="bbox 1986 4001 3564 4089">
    <p class='ocr_par' dir='ltr' id='par_1_86' title="bbox 1986 4001 3564 4089">
     <span class='ocr_line' id='line_1_86' title="bbox 1986 4001 3564 4089; baseline 0.015 -35"><span class='ocrx_word' id='word_1_670' title='bbox 1986 4001 2192 4070; x_wconf 86' lang='lat' dir='ltr'><strong>possit,</strong></span> <span class='ocrx_word' id='word_1_671' title='bbox 2235 4011 2347 4058; x_wconf 93' lang='lat' dir='ltr'><strong>tum</strong></span> <span class='ocrx_word' id='word_1_672' title='bbox 2394 4007 2558 4061; x_wconf 89' lang='lat' dir='ltr'><strong>etiam</strong></span> <span class='ocrx_word' id='word_1_673' title='bbox 2605 4011 2770 4077; x_wconf 87' lang='lat' dir='ltr'><strong>velit;</strong></span> <span class='ocrx_word' id='word_1_674' title='bbox 2811 4027 2933 4082; x_wconf 73' lang='lat' dir='ltr'><strong>qum.</strong></span> <span class='ocrx_word' id='word_1_675' title='bbox 2981 4024 3162 4071; x_wconf 87' lang='lat' dir='ltr'><strong>tamen</strong></span> <span class='ocrx_word' id='word_1_676' title='bbox 3211 4019 3398 4076; x_wconf 80' lang='lat' dir='ltr'><strong>cil‘ecta</strong></span> <span class='ocrx_word' id='word_1_677' title='bbox 3435 4025 3564 4089; x_wconf 89' lang='lat' dir='ltr'><strong>sint,</strong></span> 
     </span>
    </p>
   </div>
   <div class='ocr_carea' id='block_1_87' title="bbox 1985 4099 3565 4176">
    <p class='ocr_par' dir='ltr' id='par_1_87' title="bbox 1985 4099 3565 4176">
     <span class='ocr_line' id='line_1_87' title="bbox 1985 4099 3565 4176; baseline 0.013 -27"><span class='ocrx_word' id='word_1_678' title='bbox 1985 4110 2307 4153; x_wconf 85' lang='lat' dir='ltr'><strong>conservare</strong></span> <span class='ocrx_word' id='word_1_679' title='bbox 2336 4099 2476 4154; x_wconf 89' lang='lat' dir='ltr'><strong>idem</strong></span> <span class='ocrx_word' id='word_1_680' title='bbox 2501 4103 2752 4172; x_wconf 88' lang='lat' dir='ltr'><strong>tuerique</strong></span> <span class='ocrx_word' id='word_1_681' title='bbox 2785 4122 2895 4159; x_wconf 86' lang='lat' dir='ltr'><strong>non</strong></span> <span class='ocrx_word' id='word_1_682' title='bbox 2922 4109 3134 4176; x_wconf 89' lang='lat' dir='ltr'><strong>possit?</strong></span> <span class='ocrx_word' id='word_1_683' title='bbox 3177 4111 3246 4165; x_wconf 85' lang='lat' dir='ltr'><strong>At</strong></span> <span class='ocrx_word' id='word_1_684' title='bbox 3266 4114 3443 4167; x_wconf 71' lang='lat' dir='ltr'><strong>caueri</strong></span> <span class='ocrx_word' id='word_1_685' title='bbox 3472 4131 3565 4168; x_wconf 90' lang='lat' dir='ltr'><strong>ar-</strong></span> 
     </span>
    </p>
   </div>
   <div class='ocr_carea' id='block_1_88' title="bbox 1985 4187 3546 4270">
    <p class='ocr_par' dir='ltr' id='par_1_88' title="bbox 1985 4187 3546 4270">
     <span class='ocr_line' id='line_1_88' title="bbox 1985 4187 3546 4270; baseline 0.013 -31"><span class='ocrx_word' id='word_1_686' title='bbox 1985 4187 2158 4241; x_wconf 73' lang='lat' dir='ltr'><strong>tifices</strong></span> <span class='ocrx_word' id='word_1_687' title='bbox 2188 4198 2482 4260; x_wconf 89' lang='lat' dir='ltr'><strong>utrumque</strong></span> <span class='ocrx_word' id='word_1_688' title='bbox 2509 4204 2760 4261; x_wconf 90' lang='lat' dir='ltr'><strong>possunt.</strong></span> <span class='ocrx_word' id='word_1_689' title='bbox 2798 4197 3095 4252; x_wconf 84' lang='lat' dir='ltr'><strong>Architecti</strong></span> <span class='ocrx_word' id='word_1_690' title='bbox 3127 4201 3346 4270; x_wconf 87' lang='lat' dir='ltr'><strong>quidem</strong></span> <span class='ocrx_word' id='word_1_691' title='bbox 3383 4212 3438 4258; x_wconf 89' lang='lat' dir='ltr'><strong>et</strong></span> <span class='ocrx_word' id='word_1_692' title='bbox 3475 4221 3546 4260; x_wconf 89' lang='lat' dir='ltr'><strong>na</strong></span> 
     </span>
    </p>
   </div>
   <div class='ocr_carea' id='block_1_89' title="bbox 1986 4279 3541 4350">
    <p class='ocr_par' dir='ltr' id='par_1_89' title="bbox 1986 4279 3541 4350">
     <span class='ocr_line' id='line_1_89' title="bbox 1986 4279 3541 4350; baseline 0.012 -19"><span class='ocrx_word' id='word_1_693' title='bbox 1986 4279 2132 4332; x_wconf 90' lang='lat' dir='ltr'><strong>vium</strong></span> <span class='ocrx_word' id='word_1_694' title='bbox 2163 4279 2518 4338; x_wconf 62' lang='lat' dir='ltr'><strong>aedificatores</strong></span> <span class='ocrx_word' id='word_1_695' title='bbox 2541 4324 2555 4348; x_wconf 96' lang='lat'><strong>,</strong></span> <span class='ocrx_word' id='word_1_696' title='bbox 2606 4300 2714 4340; x_wconf 87' lang='lat' dir='ltr'><strong>non</strong></span> <span class='ocrx_word' id='word_1_697' title='bbox 2764 4296 2974 4342; x_wconf 90' lang='lat' dir='ltr'><strong>tantum</strong></span> <span class='ocrx_word' id='word_1_698' title='bbox 3011 4306 3180 4346; x_wconf 82' lang='lat' dir='ltr'><strong>novas</strong></span> <span class='ocrx_word' id='word_1_699' title='bbox 3219 4308 3314 4346; x_wconf 92' lang='lat' dir='ltr'><strong>seu</strong></span> <span class='ocrx_word' id='word_1_700' title='bbox 3345 4294 3541 4350; x_wconf 88' lang='lat' dir='ltr'><strong>domos</strong></span> 
     </span>
    </p>
   </div>
   <div class='ocr_carea' id='block_1_90' title="bbox 1987 4373 3563 4452">
    <p class='ocr_par' dir='ltr' id='par_1_90' title="bbox 1987 4373 3563 4452">
     <span class='ocr_line' id='line_1_90' title="bbox 1987 4373 3563 4452; baseline 0.012 -30"><span class='ocrx_word' id='word_1_701' title='bbox 1987 4384 2082 4424; x_wconf 91' lang='lat' dir='ltr'><strong>seu</strong></span> <span class='ocrx_word' id='word_1_702' title='bbox 2127 4385 2292 4425; x_wconf 88' lang='lat' dir='ltr'><strong>naves</strong></span> <span class='ocrx_word' id='word_1_703' title='bbox 2342 4373 2674 4441; x_wconf 87' lang='lat' dir='ltr'><strong>moliuntur,</strong></span> <span class='ocrx_word' id='word_1_704' title='bbox 2713 4380 2808 4432; x_wconf 91' lang='lat' dir='ltr'><strong>scd</strong></span> <span class='ocrx_word' id='word_1_705' title='bbox 2837 4379 2902 4434; x_wconf 91' lang='lat' dir='ltr'><strong>iis</strong></span> <span class='ocrx_word' id='word_1_706' title='bbox 2931 4380 3098 4434; x_wconf 85' lang='lat' dir='ltr'><strong>etiam</strong></span> <span class='ocrx_word' id='word_1_707' title='bbox 3129 4391 3370 4452; x_wconf 89' lang='lat' dir='ltr'><strong>tempore</strong></span> <span class='ocrx_word' id='word_1_708' title='bbox 3403 4385 3563 4440; x_wconf 85' lang='lat' dir='ltr'><strong>vitia-</strong></span> 
     </span>
    </p>
   </div>
   <div class='ocr_carea' id='block_1_91' title="bbox 1987 4464 3562 4545">
    <p class='ocr_par' dir='ltr' id='par_1_91' title="bbox 1987 4464 3562 4545">
     <span class='ocr_line' id='line_1_91' title="bbox 1987 4464 3562 4545; baseline 0.009 -27"><span class='ocrx_word' id='word_1_709' title='bbox 1987 4464 2076 4527; x_wconf 86' lang='lat' dir='ltr'><strong>tis,</strong></span> <span class='ocrx_word' id='word_1_710' title='bbox 2110 4473 2291 4533; x_wconf 85' lang='lat' dir='ltr'><strong>partes</strong></span> <span class='ocrx_word' id='word_1_711' title='bbox 2328 4465 2464 4520; x_wconf 90' lang='lat' dir='ltr'><strong>alias</strong></span> <span class='ocrx_word' id='word_1_712' title='bbox 2506 4479 2886 4539; x_wconf 90' lang='lat' dir='ltr'><strong>corruptarum</strong></span> <span class='ocrx_word' id='word_1_713' title='bbox 2922 4473 2976 4526; x_wconf 91' lang='lat' dir='ltr'><strong>in</strong></span> <span class='ocrx_word' id='word_1_714' title='bbox 3015 4473 3199 4528; x_wconf 90' lang='lat' dir='ltr'><strong>locum</strong></span> <span class='ocrx_word' id='word_1_715' title='bbox 3223 4474 3562 4545; x_wconf 73' lang='lat' dir='ltr'><strong>sufﬁciendo,</strong></span> 
     </span>
    </p>
   </div>
   <div class='ocr_carea' id='block_1_92' title="bbox 295 4556 1897 4652">
    <p class='ocr_par' dir='ltr' id='par_1_92' title="bbox 295 4556 1878 4652">
     <span class='ocr_line' id='line_1_92' title="bbox 295 4556 1878 4652; baseline 0.017 -43"><span class='ocrx_word' id='word_1_716' title='bbox 295 4556 683 4632; x_wconf 86' lang='grc' dir='ltr'>διαλεγόμενοι.</span> <span class='ocrx_word' id='word_1_717' title='bbox 748 4568 903 4623; x_wconf 83' lang='grc' dir='ltr'>Ἀλλά</span> <span class='ocrx_word' id='word_1_718' title='bbox 936 4571 1045 4643; x_wconf 88' lang='grc' dir='ltr'><strong>γάρ</strong></span> <span class='ocrx_word' id='word_1_719' title='bbox 1077 4577 1156 4638; x_wconf 82' lang='grc' dir='ltr'><strong>είς</strong></span> <span class='ocrx_word' id='word_1_720' title='bbox 1191 4575 1281 4629; x_wconf 76' lang='grc' dir='ltr'><strong>τὸν</strong></span> <span class='ocrx_word' id='word_1_721' title='bbox 1318 4579 1444 4649; x_wconf 77' lang='grc' dir='ltr'>περὶ</span> <span class='ocrx_word' id='word_1_722' title='bbox 1485 4556 1581 4649; x_wconf 80' lang='grc' dir='ltr'>τῆς</span> <span class='ocrx_word' id='word_1_723' title='bbox 1624 4556 1878 4652; x_wconf 81' lang='grc' dir='ltr'>ἀληθείας</span> 
     </span>
    </p>
   </div>
   <div class='ocr_carea' id='block_1_93' title="bbox 1998 4556 3562 4652">
    <p class='ocr_par' dir='ltr' id='par_1_93' title="bbox 1998 4557 3562 4626">
     <span class='ocr_line' id='line_1_93' title="bbox 1998 4557 3562 4626; baseline 0.01 -17"><span class='ocrx_word' id='word_1_724' title='bbox 1998 4557 2186 4610; x_wconf 84' lang='lat' dir='ltr'><strong>ncderi</strong></span> <span class='ocrx_word' id='word_1_725' title='bbox 2218 4566 2466 4626; x_wconf 88' lang='lat' dir='ltr'><strong>possunt.</strong></span> <span class='ocrx_word' id='word_1_726' title='bbox 2517 4558 2697 4624; x_wconf 89' lang='lat' dir='ltr'><strong>Quare</strong></span> <span class='ocrx_word' id='word_1_727' title='bbox 2729 4565 3066 4620; x_wconf 87' lang='lat' dir='ltr'><strong>tantumdem</strong></span> <span class='ocrx_word' id='word_1_728' title='bbox 3115 4568 3341 4621; x_wconf 89' lang='lat' dir='ltr'><strong>omnino</strong></span> <span class='ocrx_word' id='word_1_729' title='bbox 3371 4570 3562 4624; x_wconf 86' lang='lat' dir='ltr'><strong>saltem</strong></span> 
     </span>
    </p>
   </div>
   <div class='ocr_carea' id='block_1_94' title="bbox 297 4647 1877 4745">
    <p class='ocr_par' dir='ltr' id='par_1_94' title="bbox 297 4647 1877 4745">
     <span class='ocr_line' id='line_1_94' title="bbox 297 4647 1877 4745; baseline 0.018 -45"><span class='ocrx_word' id='word_1_730' title='bbox 297 4647 450 4718; x_wconf 75' lang='grc' dir='ltr'>λόγον</span> <span class='ocrx_word' id='word_1_731' title='bbox 482 4655 734 4726; x_wconf 79' lang='grc' dir='ltr'>ἐοίκαμεν</span> <span class='ocrx_word' id='word_1_732' title='bbox 757 4660 858 4713; x_wconf 80' lang='grc' dir='ltr'><strong>ὑπὸ</strong></span> <span class='ocrx_word' id='word_1_733' title='bbox 888 4663 1190 4736; x_wconf 80' lang='grc' dir='ltr'>προθυμίας</span> <span class='ocrx_word' id='word_1_734' title='bbox 1215 4669 1560 4740; x_wconf 69' lang='grc' dir='ltr'>ἐκφέρεσθαι.</span> <span class='ocrx_word' id='word_1_735' title='bbox 1587 4673 1753 4743; x_wconf 78' lang='grc' dir='ltr'>Δῆλον</span> <span class='ocrx_word' id='word_1_736' title='bbox 1779 4676 1877 4745; x_wconf 83' lang='grc' dir='ltr'><strong>μὲν</strong></span> 
     </span>
    </p>
   </div>
   <div class='ocr_carea' id='block_1_95' title="bbox 297 4742 1874 4837">
    <p class='ocr_par' dir='ltr' id='par_1_95' title="bbox 297 4742 1874 4837">
     <span class='ocr_line' id='line_1_95' title="bbox 297 4742 1874 4837; baseline 0.018 -46"><span class='ocrx_word' id='word_1_737' title='bbox 297 4742 391 4793; x_wconf 72' lang='lat' dir='ltr'><strong>xui.</strong></span> <span class='ocrx_word' id='word_1_738' title='bbox 420 4743 447 4794; x_wconf 87' lang='grc' dir='ltr'>ὃ</span> <span class='ocrx_word' id='word_1_739' title='bbox 479 4747 824 4819; x_wconf 78' lang='grc' dir='ltr'>προύθέμεθα</span> <span class='ocrx_word' id='word_1_740' title='bbox 848 4794 860 4816; x_wconf 94' lang='grc'><strong>,</strong></span> <span class='ocrx_word' id='word_1_741' title='bbox 892 4753 968 4818; x_wconf 85' lang='grc' dir='ltr'>ὡς</span> <span class='ocrx_word' id='word_1_742' title='bbox 1000 4757 1098 4808; x_wconf 77' lang='grc' dir='ltr'><strong>οὐκ</strong></span> <span class='ocrx_word' id='word_1_743' title='bbox 1140 4758 1204 4810; x_wconf 81' lang='grc' dir='ltr'>ἂν</span> <span class='ocrx_word' id='word_1_744' title='bbox 1228 4755 1336 4814; x_wconf 84' lang='grc' dir='ltr'>εἷεν</span> <span class='ocrx_word' id='word_1_745' title='bbox 1392 4761 1700 4816; x_wconf 77' lang='grc' dir='ltr'>διδάσκαλοι</span> <span class='ocrx_word' id='word_1_746' title='bbox 1748 4768 1874 4837; x_wconf 75' lang='grc' dir='ltr'>περὶ</span> 
     </span>
    </p>
   </div>
   <div class='ocr_carea' id='block_1_96' title="bbox 296 4833 1875 4922">
    <p class='ocr_par' dir='ltr' id='par_1_96' title="bbox 296 4833 1875 4922">
     <span class='ocr_line' id='line_1_96' title="bbox 296 4833 1875 4922; baseline 0.016 -39"><span class='ocrx_word' id='word_1_747' title='bbox 296 4833 500 4903; x_wconf 81' lang='grc' dir='ltr'>κόσμου</span> <span class='ocrx_word' id='word_1_748' title='bbox 541 4840 805 4905; x_wconf 83' lang='grc' dir='ltr'>γενέσεως</span> <span class='ocrx_word' id='word_1_749' title='bbox 832 4847 880 4898; x_wconf 83' lang='grc' dir='ltr'>οἱ</span> <span class='ocrx_word' id='word_1_750' title='bbox 913 4847 1045 4917; x_wconf 81' lang='grc' dir='ltr'>μηδὲ</span> <span class='ocrx_word' id='word_1_751' title='bbox 1083 4848 1180 4918; x_wconf 84' lang='grc' dir='ltr'>τὴν</span> <span class='ocrx_word' id='word_1_752' title='bbox 1224 4850 1396 4922; x_wconf 75' lang='grc' dir='ltr'>ἀρχὴν</span> <span class='ocrx_word' id='word_1_753' title='bbox 1443 4852 1654 4920; x_wconf 84' lang='grc' dir='ltr'>γένεσιν</span> <span class='ocrx_word' id='word_1_754' title='bbox 1689 4856 1875 4910; x_wconf 84' lang='grc' dir='ltr'>ἀπολι-</span> 
     </span>
    </p>
   </div>
   <div class='ocr_carea' id='block_1_97' title="bbox 295 4923 1874 5016">
    <p class='ocr_par' dir='ltr' id='par_1_97' title="bbox 295 4923 1874 5016">
     <span class='ocr_line' id='line_1_97' title="bbox 295 4923 1874 5016; baseline 0.017 -42"><span class='ocrx_word' id='word_1_755' title='bbox 295 4923 488 4990; x_wconf 82' lang='grc' dir='ltr'>πόντες</span> <span class='ocrx_word' id='word_1_756' title='bbox 518 4930 683 5002; x_wconf 78' lang='grc' dir='ltr'>αὐτῷ.</span> <span class='ocrx_word' id='word_1_757' title='bbox 714 4935 821 4988; x_wconf 82' lang='grc' dir='ltr'>Καὶ</span> <span class='ocrx_word' id='word_1_758' title='bbox 855 4937 960 5008; x_wconf 82' lang='grc' dir='ltr'>μὴν</span> <span class='ocrx_word' id='word_1_759' title='bbox 1011 4941 1104 4993; x_wconf 86' lang='lat' dir='ltr'><strong>xui.</strong></span> <span class='ocrx_word' id='word_1_760' title='bbox 1146 4943 1274 5013; x_wconf 77' lang='grc' dir='ltr'>περὶ</span> <span class='ocrx_word' id='word_1_761' title='bbox 1313 4944 1412 5014; x_wconf 85' lang='grc' dir='ltr'><strong>τῆς</strong></span> <span class='ocrx_word' id='word_1_762' title='bbox 1445 4944 1552 4997; x_wconf 78' lang='grc' dir='ltr'><strong>τῶν</strong></span> <span class='ocrx_word' id='word_1_763' title='bbox 1603 4947 1874 5016; x_wconf 87' lang='grc' dir='ltr'>σωμάτων</span> 
     </span>
    </p>
   </div>
   <div class='ocr_carea' id='block_1_98' title="bbox 294 5015 1872 5109">
    <p class='ocr_par' dir='ltr' id='par_1_98' title="bbox 294 5015 1872 5109">
     <span class='ocr_line' id='line_1_98' title="bbox 294 5015 1872 5109; baseline 0.018 -43"><span class='ocrx_word' id='word_1_764' title='bbox 294 5015 549 5090; x_wconf 84' lang='grc' dir='ltr'>πέμπτης</span> <span class='ocrx_word' id='word_1_765' title='bbox 578 5023 784 5090; x_wconf 75' lang='grc' dir='ltr'>οὐσίας,</span> <span class='ocrx_word' id='word_1_766' title='bbox 817 5030 881 5098; x_wconf 78' lang='grc' dir='ltr'>ἣν</span> <span class='ocrx_word' id='word_1_767' title='bbox 906 5033 1236 5104; x_wconf 81' lang='grc' dir='ltr'>εἰσηγήσατο</span> <span class='ocrx_word' id='word_1_768' title='bbox 1283 5037 1677 5109; x_wconf 84' lang='grc' dir='ltr'>Ἀριστοτέλης,</span> <span class='ocrx_word' id='word_1_769' title='bbox 1701 5040 1872 5095; x_wconf 83' lang='grc' dir='ltr'>ταῦτα</span> 
     </span>
    </p>
   </div>
   <div class='ocr_carea' id='block_1_99' title="bbox 293 5111 645 5181">
    <p class='ocr_par' dir='ltr' id='par_1_99' title="bbox 293 5111 645 5181">
     <span class='ocr_line' id='line_1_99' title="bbox 293 5111 645 5181; baseline 0.02 -21"><span class='ocrx_word' id='word_1_770' title='bbox 293 5125 371 5161; x_wconf 83' lang='grc' dir='ltr'><strong>πα</strong></span> <span class='ocrx_word' id='word_1_771' title='bbox 379 5111 645 5181; x_wconf 83' lang='grc' dir='ltr'>ραθετέον.</span> 
     </span>
    </p>
   </div>
   <div class='ocr_carea' id='block_1_100' title="bbox 1986 4647 3565 4721">
    <p class='ocr_par' dir='ltr' id='par_1_100' title="bbox 1986 4647 3565 4721">
     <span class='ocr_line' id='line_1_100' title="bbox 1986 4647 3565 4721; baseline 0.009 -21"><span class='ocrx_word' id='word_1_772' title='bbox 1986 4647 2096 4702; x_wconf 89' lang='lat' dir='ltr'><strong>Deo</strong></span> <span class='ocrx_word' id='word_1_773' title='bbox 2146 4649 2551 4704; x_wconf 87' lang='lat' dir='ltr'><strong>concedendum</strong></span> <span class='ocrx_word' id='word_1_774' title='bbox 2584 4663 2686 4707; x_wconf 90' lang='lat' dir='ltr'><strong>est.</strong></span> <span class='ocrx_word' id='word_1_775' title='bbox 2742 4654 2896 4721; x_wconf 84' lang='lat' dir='ltr'><strong>Quod</strong></span> <span class='ocrx_word' id='word_1_776' title='bbox 2929 4657 3075 4710; x_wconf 88' lang='lat' dir='ltr'><strong>enim</strong></span> <span class='ocrx_word' id='word_1_777' title='bbox 3130 4665 3300 4712; x_wconf 90' lang='lat' dir='ltr'><strong>totum</strong></span> <span class='ocrx_word' id='word_1_778' title='bbox 3353 4659 3565 4715; x_wconf 83' lang='lat' dir='ltr'><strong>cilicere</strong></span> 
     </span>
    </p>
   </div>
   <div class='ocr_carea' id='block_1_101' title="bbox 1984 4743 3558 4822">
    <p class='ocr_par' dir='ltr' id='par_1_101' title="bbox 1984 4743 3558 4822">
     <span class='ocr_line' id='line_1_101' title="bbox 1984 4743 3558 4822; baseline 0.01 -29"><span class='ocrx_word' id='word_1_779' title='bbox 1984 4743 2109 4812; x_wconf 90' lang='lat' dir='ltr'><strong>quis</strong></span> <span class='ocrx_word' id='word_1_780' title='bbox 2149 4743 2417 4812; x_wconf 89' lang='lat' dir='ltr'><strong>potuerit,</strong></span> <span class='ocrx_word' id='word_1_781' title='bbox 2446 4748 2722 4814; x_wconf 87' lang='lat' dir='ltr'><strong>quomodo</strong></span> <span class='ocrx_word' id='word_1_782' title='bbox 2764 4764 2829 4802; x_wconf 70' lang='lat' dir='ltr'><strong>ev</strong></span> <span class='ocrx_word' id='word_1_783' title='bbox 2861 4760 3012 4819; x_wconf 87' lang='lat' dir='ltr'><strong>parte</strong></span> <span class='ocrx_word' id='word_1_784' title='bbox 3047 4750 3100 4804; x_wconf 90' lang='lat' dir='ltr'><strong>id</strong></span> <span class='ocrx_word' id='word_1_785' title='bbox 3136 4751 3312 4822; x_wconf 87' lang='lat' dir='ltr'><strong>ipsum</strong></span> <span class='ocrx_word' id='word_1_786' title='bbox 3349 4753 3558 4808; x_wconf 78' lang='lat' dir='ltr'><strong>efﬁcere</strong></span> 
     </span>
    </p>
   </div>
   <div class='ocr_carea' id='block_1_102' title="bbox 1982 4833 3560 4914">
    <p class='ocr_par' dir='ltr' id='par_1_102' title="bbox 1982 4833 3560 4914">
     <span class='ocr_line' id='line_1_102' title="bbox 1982 4833 3560 4914; baseline 0.006 -25"><span class='ocrx_word' id='word_1_787' title='bbox 1982 4849 2090 4889; x_wconf 91' lang='lat' dir='ltr'><strong>non</strong></span> <span class='ocrx_word' id='word_1_788' title='bbox 2119 4833 2322 4904; x_wconf 87' lang='lat' dir='ltr'><strong>possit?</strong></span> <span class='ocrx_word' id='word_1_789' title='bbox 2353 4833 2559 4906; x_wconf 87' lang='lat' dir='ltr'><strong>Itaque,</strong></span> <span class='ocrx_word' id='word_1_790' title='bbox 2610 4838 2654 4892; x_wconf 92' lang='lat' dir='ltr'><strong>si</strong></span> <span class='ocrx_word' id='word_1_791' title='bbox 2687 4839 2812 4909; x_wconf 90' lang='lat' dir='ltr'><strong>quis</strong></span> <span class='ocrx_word' id='word_1_792' title='bbox 2843 4857 2966 4896; x_wconf 86' lang='lat' dir='ltr'><strong>vere</strong></span> <span class='ocrx_word' id='word_1_793' title='bbox 2999 4858 3063 4897; x_wconf 91' lang='lat' dir='ltr'><strong>ac</strong></span> <span class='ocrx_word' id='word_1_794' title='bbox 3092 4845 3309 4914; x_wconf 90' lang='lat' dir='ltr'><strong>pr0prie</strong></span> <span class='ocrx_word' id='word_1_795' title='bbox 3339 4845 3560 4900; x_wconf 75' lang='lat' dir='ltr'><strong>etl‘cctor</strong></span> 
     </span>
    </p>
   </div>
   <div class='ocr_carea' id='block_1_103' title="bbox 1978 4927 3562 5005">
    <p class='ocr_par' dir='ltr' id='par_1_103' title="bbox 1978 4927 3562 5005">
     <span class='ocr_line' id='line_1_103' title="bbox 1978 4927 3562 5005; baseline 0.005 -22"><span class='ocrx_word' id='word_1_796' title='bbox 1978 4928 2243 4994; x_wconf 90' lang='lat' dir='ltr'><strong>erit,cum</strong></span> <span class='ocrx_word' id='word_1_797' title='bbox 2268 4927 2386 4997; x_wconf 83' lang='lat' dir='ltr'><strong>ejus</strong></span> <span class='ocrx_word' id='word_1_798' title='bbox 2417 4944 2618 4984; x_wconf 88' lang='lat' dir='ltr'><strong>novum</strong></span> <span class='ocrx_word' id='word_1_799' title='bbox 2645 4932 2862 5002; x_wconf 90' lang='lat' dir='ltr'><strong>aliquod</strong></span> <span class='ocrx_word' id='word_1_800' title='bbox 2890 4948 3027 5005; x_wconf 75' lang='lat' dir='ltr'><strong>opus</strong></span> <span class='ocrx_word' id='word_1_801' title='bbox 3045 4945 3406 5002; x_wconf 81' lang='lat' dir='ltr'><strong>exstare,tum</strong></span> <span class='ocrx_word' id='word_1_802' title='bbox 3432 4938 3562 4991; x_wconf 90' lang='lat' dir='ltr'><strong>illud</strong></span> 
     </span>
    </p>
   </div>
   <div class='ocr_carea' id='block_1_104' title="bbox 1979 5019 3561 5099">
    <p class='ocr_par' dir='ltr' id='par_1_104' title="bbox 1979 5019 3561 5099">
     <span class='ocr_line' id='line_1_104' title="bbox 1979 5019 3561 5099; baseline 0.005 -26"><span class='ocrx_word' id='word_1_803' title='bbox 1979 5021 2026 5074; x_wconf 90' lang='lat' dir='ltr'><strong>si</strong></span> <span class='ocrx_word' id='word_1_804' title='bbox 2055 5020 2258 5073; x_wconf 87' lang='lat' dir='ltr'><strong>bonum</strong></span> <span class='ocrx_word' id='word_1_805' title='bbox 2293 5019 2475 5087; x_wconf 87' lang='lat' dir='ltr'><strong>fuerit,</strong></span> <span class='ocrx_word' id='word_1_806' title='bbox 2523 5021 2592 5076; x_wconf 85' lang='lat' dir='ltr'><strong>ab</strong></span> <span class='ocrx_word' id='word_1_807' title='bbox 2624 5025 2813 5079; x_wconf 87' lang='lat' dir='ltr'><strong>eodem</strong></span> <span class='ocrx_word' id='word_1_808' title='bbox 2869 5028 3130 5083; x_wconf 85' lang='lat' dir='ltr'><strong>adversus</strong></span> <span class='ocrx_word' id='word_1_809' title='bbox 3163 5045 3382 5083; x_wconf 87' lang='lat' dir='ltr'><strong>onmem</strong></span> <span class='ocrx_word' id='word_1_810' title='bbox 3419 5030 3561 5099; x_wconf 88' lang='lat' dir='ltr'><strong>inju-</strong></span> 
     </span>
    </p>
   </div>
   <div class='ocr_carea' id='block_1_105' title="bbox 1982 5111 3562 5192">
    <p class='ocr_par' dir='ltr' id='par_1_105' title="bbox 1982 5111 3562 5192">
     <span class='ocr_line' id='line_1_105' title="bbox 1982 5111 3562 5192; baseline 0.008 -27"><span class='ocrx_word' id='word_1_811' title='bbox 1982 5111 2117 5165; x_wconf 89' lang='lat' dir='ltr'><strong>riam</strong></span> <span class='ocrx_word' id='word_1_812' title='bbox 2166 5113 2479 5166; x_wconf 83' lang='lat' dir='ltr'><strong>conservari</strong></span> <span class='ocrx_word' id='word_1_813' title='bbox 2527 5117 2814 5184; x_wconf 86' lang='lat' dir='ltr'><strong>oportebit.</strong></span> <span class='ocrx_word' id='word_1_814' title='bbox 2863 5118 3071 5174; x_wconf 87' lang='lat' dir='ltr'><strong>Bonum</strong></span> <span class='ocrx_word' id='word_1_815' title='bbox 3101 5122 3244 5174; x_wconf 79' lang='lat' dir='ltr'><strong>enim</strong></span> <span class='ocrx_word' id='word_1_816' title='bbox 3287 5122 3400 5192; x_wconf 85' lang='lat' dir='ltr'><strong>jam</strong></span> <span class='ocrx_word' id='word_1_817' title='bbox 3433 5122 3562 5176; x_wconf 71' lang='lat' dir='ltr'><strong>cil&quot;~</strong></span> 
     </span>
    </p>
   </div>
   <div class='ocr_carea' id='block_1_106' title="bbox 294 5207 3559 5297">
    <p class='ocr_par' dir='ltr' id='par_1_106' title="bbox 294 5207 3559 5297">
     <span class='ocr_line' id='line_1_106' title="bbox 294 5207 3559 5297; baseline 0.01 -43"><span class='ocrx_word' id='word_1_818' title='bbox 294 5211 441 5256; x_wconf 91' lang='lat' dir='ltr'><strong>ctum</strong></span> <span class='ocrx_word' id='word_1_819' title='bbox 473 5207 608 5260; x_wconf 89' lang='lat' dir='ltr'><strong>velle</strong></span> <span class='ocrx_word' id='word_1_820' title='bbox 631 5209 948 5279; x_wconf 85' lang='lat' dir='ltr'><strong>dissolvere,</strong></span> <span class='ocrx_word' id='word_1_821' title='bbox 983 5220 1108 5272; x_wconf 91' lang='lat' dir='ltr'><strong>mali</strong></span> <span class='ocrx_word' id='word_1_822' title='bbox 1140 5221 1330 5292; x_wconf 87' lang='lat' dir='ltr'><strong>utique</strong></span> <span class='ocrx_word' id='word_1_823' title='bbox 1360 5223 1542 5278; x_wconf 86' lang='lat' dir='ltr'><strong>fuerit.</strong></span> <span class='ocrx_word' id='word_1_824' title='bbox 1604 5224 1771 5280; x_wconf 87' lang='lat' dir='ltr'><strong>Porro</strong></span> <span class='ocrx_word' id='word_1_825' title='bbox 1800 5228 1866 5281; x_wconf 89' lang='lat' dir='ltr'><strong>ad</strong></span> <span class='ocrx_word' id='word_1_826' title='bbox 1905 5243 1968 5283; x_wconf 88' lang='lat' dir='ltr'><strong>ea</strong></span> <span class='ocrx_word' id='word_1_827' title='bbox 2038 5242 2162 5296; x_wconf 65' lang='lat' dir='ltr'><strong>quae</strong></span> <span class='ocrx_word' id='word_1_828' title='bbox 2192 5226 2333 5281; x_wconf 86' lang='lat' dir='ltr'><strong>facta</strong></span> <span class='ocrx_word' id='word_1_829' title='bbox 2405 5236 2534 5282; x_wconf 90' lang='lat' dir='ltr'><strong>sunt</strong></span> <span class='ocrx_word' id='word_1_830' title='bbox 2576 5232 2946 5285; x_wconf 80' lang='lat' dir='ltr'><strong>conservanda</strong></span> <span class='ocrx_word' id='word_1_831' title='bbox 2971 5273 2984 5297; x_wconf 92' lang='lat'><strong>,</strong></span> <span class='ocrx_word' id='word_1_832' title='bbox 3033 5247 3140 5286; x_wconf 90' lang='lat' dir='ltr'><strong>non</strong></span> <span class='ocrx_word' id='word_1_833' title='bbox 3189 5233 3334 5286; x_wconf 90' lang='lat' dir='ltr'><strong>aliud</strong></span> <span class='ocrx_word' id='word_1_834' title='bbox 3378 5233 3559 5287; x_wconf 83' lang='lat' dir='ltr'><strong>divina</strong></span> 
     </span>
    </p>
   </div>
   <div class='ocr_carea' id='block_1_107' title="bbox 292 5293 3557 5412">
    <p class='ocr_par' dir='ltr' id='par_1_107' title="bbox 292 5293 3557 5412">
     <span class='ocr_line' id='line_1_107' title="bbox 292 5293 3557 5412; baseline 0.011 -68"><span class='ocrx_word' id='word_1_835' title='bbox 292 5293 571 5351; x_wconf 87' lang='lat' dir='ltr'><strong>voluntate</strong></span> <span class='ocrx_word' id='word_1_836' title='bbox 600 5298 793 5358; x_wconf 86' lang='lat' dir='ltr'><strong>fortius</strong></span> <span class='ocrx_word' id='word_1_837' title='bbox 821 5306 1097 5364; x_wconf 80' lang='lat' dir='ltr'><strong>vinculum</strong></span> <span class='ocrx_word' id='word_1_838' title='bbox 1129 5328 1249 5367; x_wconf 90' lang='lat' dir='ltr'><strong>esse</strong></span> <span class='ocrx_word' id='word_1_839' title='bbox 1277 5316 1466 5383; x_wconf 89' lang='lat' dir='ltr'><strong>possit.</strong></span> <span class='ocrx_word' id='word_1_840' title='bbox 1497 5315 1640 5382; x_wconf 85' lang='lat' dir='ltr'><strong>Quid</strong></span> <span class='ocrx_word' id='word_1_841' title='bbox 1670 5317 1815 5371; x_wconf 85' lang='lat' dir='ltr'><strong>enim</strong></span> <span class='ocrx_word' id='word_1_842' title='bbox 1841 5320 1863 5372; x_wconf 90' lang='lat'><strong>?</strong></span> <span class='ocrx_word' id='word_1_843' title='bbox 1900 5335 1967 5374; x_wconf 90' lang='lat' dir='ltr'><strong>an</strong></span> <span class='ocrx_word' id='word_1_844' title='bbox 2001 5319 2203 5388; x_wconf 89' lang='lat' dir='ltr'><strong>populi,</strong></span> <span class='ocrx_word' id='word_1_845' title='bbox 2242 5320 2426 5384; x_wconf 87' lang='lat' dir='ltr'><strong>urbes,</strong></span> <span class='ocrx_word' id='word_1_846' title='bbox 2460 5335 2735 5390; x_wconf 89' lang='lat' dir='ltr'><strong>operaque</strong></span> <span class='ocrx_word' id='word_1_847' title='bbox 2798 5339 2960 5391; x_wconf 90' lang='lat' dir='ltr'><strong>quam</strong></span> <span class='ocrx_word' id='word_1_848' title='bbox 3021 5325 3255 5394; x_wconf 84' lang='lat' dir='ltr'><strong>plurima</strong></span> <span class='ocrx_word' id='word_1_849' title='bbox 3279 5370 3292 5391; x_wconf 92' lang='lat'><strong>,</strong></span> <span class='ocrx_word' id='word_1_850' title='bbox 3327 5341 3449 5412; x_wconf 80' lang='lat' dir='ltr'><strong>eum</strong></span> <span class='ocrx_word' id='word_1_851' title='bbox 3477 5338 3557 5380; x_wconf 81' lang='lat' dir='ltr'><strong>se-</strong></span> 
     </span>
     <span class='ocr_line' id='line_1_108' title="bbox 293 5385 2708 5412; baseline 0 0"><span class='ocrx_word' id='word_1_852' title='bbox 293 5385 398 5412; x_wconf 68' lang='lat' dir='ltr'><strong>mn‘</strong></span> <span class='ocrx_word' id='word_1_853' title='bbox 433 5385 712 5412; x_wconf 57' lang='grc' dir='ltr'><strong>ιεη.--ε..---..</strong></span> <span class='ocrx_word' id='word_1_854' title='bbox 784 5396 919 5412; x_wconf 43' lang='grc' dir='ltr'><strong>-.ην</strong></span> <span class='ocrx_word' id='word_1_855' title='bbox 1226 5402 1238 5412; x_wconf 84' lang='lat'><em>.</em></span> <span class='ocrx_word' id='word_1_856' title='bbox 1725 5411 1731 5412; x_wconf 60' lang='lat'><strong><em>,</em></strong></span> <span class='ocrx_word' id='word_1_857' title='bbox 1853 5409 1862 5412; x_wconf 73' lang='lat'><strong><em>_</em></strong></span> <span class='ocrx_word' id='word_1_858' title='bbox 1921 5409 1936 5412; x_wconf 87' lang='lat'>_</span> <span class='ocrx_word' id='word_1_859' title='bbox 1991 5409 2001 5412; x_wconf 87' lang='lat'>_</span> <span class='ocrx_word' id='word_1_860' title='bbox 2231 5409 2243 5412; x_wconf 97' lang='lat'>_</span> <span class='ocrx_word' id='word_1_861' title='bbox 2704 5410 2708 5412; x_wconf 70' lang='grc'>.</span> 
     </span>
    </p>
   </div>
   <div class='ocr_carea' id='block_1_108' title="bbox 293 5385 3554 5486">
    <p class='ocr_par' dir='ltr' id='par_1_108' title="bbox 293 5385 3554 5486">
     <span class='ocr_line' id='line_1_109' title="bbox 293 5385 3554 5486; baseline 0.01 -51"><span class='ocrx_word' id='word_1_862' title='bbox 293 5385 400 5437; x_wconf 87' lang='lat' dir='ltr'><strong>mel</strong></span> <span class='ocrx_word' id='word_1_863' title='bbox 418 5385 717 5450; x_wconf 62' lang='lat' dir='ltr'><strong>,hominum</strong></span> <span class='ocrx_word' id='word_1_864' title='bbox 778 5396 1018 5451; x_wconf 90' lang='lat' dir='ltr'><strong>studium</strong></span> <span class='ocrx_word' id='word_1_865' title='bbox 1059 5415 1123 5454; x_wconf 90' lang='lat' dir='ltr'><strong>ac</strong></span> <span class='ocrx_word' id='word_1_866' title='bbox 1154 5402 1406 5458; x_wconf 88' lang='lat' dir='ltr'><strong>voluntas</strong></span> <span class='ocrx_word' id='word_1_867' title='bbox 1467 5411 1780 5473; x_wconf 89' lang='lat' dir='ltr'><strong>accesserit,</strong></span> <span class='ocrx_word' id='word_1_868' title='bbox 1850 5409 2066 5463; x_wconf 82' lang='lat' dir='ltr'><strong>infinito</strong></span> <span class='ocrx_word' id='word_1_869' title='bbox 2099 5409 2337 5478; x_wconf 88' lang='lat' dir='ltr'><strong>quodam</strong></span> <span class='ocrx_word' id='word_1_870' title='bbox 2409 5419 2648 5480; x_wconf 89' lang='lat' dir='ltr'><strong>tempore</strong></span> <span class='ocrx_word' id='word_1_871' title='bbox 2692 5410 2774 5481; x_wconf 91' lang='lat' dir='ltr'><strong>(ut</strong></span> <span class='ocrx_word' id='word_1_872' title='bbox 2811 5413 3017 5480; x_wconf 85' lang='lat' dir='ltr'><strong>pridem</strong></span> <span class='ocrx_word' id='word_1_873' title='bbox 3049 5429 3170 5470; x_wconf 88' lang='lat' dir='ltr'><strong>esse</strong></span> <span class='ocrx_word' id='word_1_874' title='bbox 3197 5403 3554 5486; x_wconf 72' lang='lat' dir='ltr'><strong>desierit,qui</strong></span> 
     </span>
    </p>
   </div>
   <div class='ocr_carea' id='block_1_109' title="bbox 293 5477 3556 5580">
    <p class='ocr_par' dir='ltr' id='par_1_109' title="bbox 293 5477 3556 5580">
     <span class='ocr_line' id='line_1_110' title="bbox 293 5477 3556 5580; baseline 0.011 -51"><span class='ocrx_word' id='word_1_875' title='bbox 293 5477 530 5547; x_wconf 83' lang='lat' dir='ltr'><strong>primum</strong></span> <span class='ocrx_word' id='word_1_876' title='bbox 561 5482 633 5536; x_wconf 86' lang='lat' dir='ltr'><strong>ita</strong></span> <span class='ocrx_word' id='word_1_877' title='bbox 668 5487 954 5559; x_wconf 88' lang='lat' dir='ltr'><strong>voluerat),</strong></span> <span class='ocrx_word' id='word_1_878' title='bbox 989 5494 1282 5549; x_wconf 87' lang='lat' dir='ltr'><strong>constituta</strong></span> <span class='ocrx_word' id='word_1_879' title='bbox 1317 5508 1536 5552; x_wconf 89' lang='lat' dir='ltr'><strong>manent</strong></span> <span class='ocrx_word' id='word_1_880' title='bbox 1562 5517 1574 5553; x_wconf 87' lang='lat'><strong>:</strong></span> <span class='ocrx_word' id='word_1_881' title='bbox 1597 5515 1717 5569; x_wconf 76' lang='lat' dir='ltr'><strong>qua:</strong></span> <span class='ocrx_word' id='word_1_882' title='bbox 1739 5516 1868 5556; x_wconf 86' lang='lat' dir='ltr'><strong>vero</strong></span> <span class='ocrx_word' id='word_1_883' title='bbox 1907 5501 2002 5556; x_wconf 91' lang='lat' dir='ltr'><strong>Dei</strong></span> <span class='ocrx_word' id='word_1_884' title='bbox 2034 5510 2152 5556; x_wconf 90' lang='lat' dir='ltr'><strong>orta</strong></span> <span class='ocrx_word' id='word_1_885' title='bbox 2183 5501 2434 5566; x_wconf 87' lang='lat' dir='ltr'><strong>consilio,</strong></span> <span class='ocrx_word' id='word_1_886' title='bbox 2470 5520 2592 5574; x_wconf 76' lang='lat' dir='ltr'><strong>qua:</strong></span> <span class='ocrx_word' id='word_1_887' title='bbox 2618 5516 2838 5574; x_wconf 83' lang='lat' dir='ltr'><strong>propter</strong></span> <span class='ocrx_word' id='word_1_888' title='bbox 2868 5507 3068 5574; x_wconf 88' lang='lat' dir='ltr'><strong>ipsum,</strong></span> <span class='ocrx_word' id='word_1_889' title='bbox 3124 5517 3288 5579; x_wconf 87' lang='lat' dir='ltr'><strong>atque</strong></span> <span class='ocrx_word' id='word_1_890' title='bbox 3317 5511 3385 5566; x_wconf 90' lang='lat' dir='ltr'><strong>ab</strong></span> <span class='ocrx_word' id='word_1_891' title='bbox 3440 5512 3556 5580; x_wconf 91' lang='lat' dir='ltr'><strong>ipso</strong></span> 
     </span>
    </p>
   </div>
   <div class='ocr_carea' id='block_1_110' title="bbox 291 5572 3554 5664">
    <p class='ocr_par' dir='ltr' id='par_1_110' title="bbox 291 5572 3554 5664">
     <span class='ocr_line' id='line_1_111' title="bbox 291 5572 3554 5664; baseline 0.01 -38"><span class='ocrx_word' id='word_1_892' title='bbox 291 5572 530 5641; x_wconf 83' lang='lat' dir='ltr'><strong>perfecta</strong></span> <span class='ocrx_word' id='word_1_893' title='bbox 573 5576 717 5643; x_wconf 87' lang='lat' dir='ltr'><strong>sint,</strong></span> <span class='ocrx_word' id='word_1_894' title='bbox 747 5596 808 5634; x_wconf 89' lang='lat' dir='ltr'><strong>ea</strong></span> <span class='ocrx_word' id='word_1_895' title='bbox 849 5595 1110 5650; x_wconf 75' lang='lat' dir='ltr'><strong>praesente</strong></span> <span class='ocrx_word' id='word_1_896' title='bbox 1160 5587 1284 5642; x_wconf 89' lang='lat' dir='ltr'><strong>licet</strong></span> <span class='ocrx_word' id='word_1_897' title='bbox 1329 5589 1606 5659; x_wconf 71' lang='lat' dir='ltr'><strong>effectore,</strong></span> <span class='ocrx_word' id='word_1_898' title='bbox 1675 5593 1884 5664; x_wconf 85' lang='lat' dir='ltr'><strong>dilapsa</strong></span> <span class='ocrx_word' id='word_1_899' title='bbox 1942 5595 2282 5651; x_wconf 80' lang='lat' dir='ltr'><strong>interibunt?</strong></span> <span class='ocrx_word' id='word_1_900' title='bbox 2324 5599 2457 5662; x_wconf 67' lang='lat' dir='ltr'><strong>Quae</strong></span> <span class='ocrx_word' id='word_1_901' title='bbox 2501 5613 2666 5652; x_wconf 88' lang='lat' dir='ltr'><strong>causa</strong></span> <span class='ocrx_word' id='word_1_902' title='bbox 2711 5607 2913 5653; x_wconf 89' lang='lat' dir='ltr'><strong>tantam</strong></span> <span class='ocrx_word' id='word_1_903' title='bbox 2959 5601 3062 5653; x_wconf 83' lang='lat' dir='ltr'><strong>vim</strong></span> <span class='ocrx_word' id='word_1_904' title='bbox 3113 5603 3299 5658; x_wconf 75' lang='lat' dir='ltr'><strong>aﬂ‘erct</strong></span> <span class='ocrx_word' id='word_1_905' title='bbox 3359 5605 3554 5660; x_wconf 69' lang='lat' dir='ltr'><strong>divina:</strong></span> 
     </span>
    </p>
   </div>
   <div class='ocr_carea' id='block_1_111' title="bbox 365 5775 1864 5860">
    <p class='ocr_par' dir='ltr' id='par_1_111' title="bbox 365 5775 1864 5860">
     <span class='ocr_line' id='line_1_112' title="bbox 365 5775 1864 5860; baseline 0.015 -33"><span class='ocrx_word' id='word_1_906' title='bbox 365 5775 476 5860; x_wconf 58' lang='grc' dir='ltr'><strong>ςΒξ)</strong></span> <span class='ocrx_word' id='word_1_907' title='bbox 510 5779 670 5860; x_wconf 67' lang='grc' dir='ltr'>Κατὰ</span> <span class='ocrx_word' id='word_1_908' title='bbox 713 5783 936 5860; x_wconf 65' lang='grc' dir='ltr'>βραχύ.</span> <span class='ocrx_word' id='word_1_909' title='bbox 987 5787 1134 5841; x_wconf 84' lang='lat' dir='ltr'><strong>Ferri</strong></span> <span class='ocrx_word' id='word_1_910' title='bbox 1185 5801 1378 5860; x_wconf 79' lang='lat' dir='ltr'><strong>potest.</strong></span> <span class='ocrx_word' id='word_1_911' title='bbox 1429 5793 1638 5855; x_wconf 72' lang='lat' dir='ltr'><strong>li‘lailem</strong></span> <span class='ocrx_word' id='word_1_912' title='bbox 1688 5805 1864 5853; x_wconf 79' lang='lat' dir='ltr'><strong>tamen</strong></span> 
     </span>
    </p>
   </div>
   <div class='ocr_carea' id='block_1_112' title="bbox 2051 5798 3414 5886">
    <p class='ocr_par' dir='ltr' id='par_1_112' title="bbox 2051 5798 3414 5886">
     <span class='ocr_line' id='line_1_113' title="bbox 2051 5798 3414 5886; baseline 0.017 -38"><span class='ocrx_word' id='word_1_913' title='bbox 2185 5802 2254 5886; x_wconf 48' lang='grc' dir='ltr'><strong>ἔρ</strong></span> <span class='ocrx_word' id='word_1_914' title='bbox 2294 5799 2430 5886; x_wconf 61' lang='grc' dir='ltr'><strong>γάρ.¹</strong></span> <span class='ocrx_word' id='word_1_915' title='bbox 2455 5801 2704 5886; x_wconf 45' lang='lat' dir='ltr'><strong>llec&#39;tius,</strong></span> <span class='ocrx_word' id='word_1_916' title='bbox 2734 5817 2793 5862; x_wconf 92' lang='lat' dir='ltr'><strong>ut</strong></span> <span class='ocrx_word' id='word_1_917' title='bbox 2821 5807 3049 5877; x_wconf 80' lang='lat' dir='ltr'><strong>videtur,</strong></span> <span class='ocrx_word' id='word_1_918' title='bbox 3089 5826 3190 5866; x_wconf 82' lang='lat' dir='ltr'><strong>ms.</strong></span> <span class='ocrx_word' id='word_1_919' title='bbox 3229 5813 3258 5864; x_wconf 85' lang='grc' dir='ltr'>ὁ</span> <span class='ocrx_word' id='word_1_920' title='bbox 3284 5813 3414 5886; x_wconf 87' lang='grc' dir='ltr'>γάρ.</span> 
     </span>
    </p>
   </div>
   <div class='ocr_carea' id='block_1_113' title="bbox 292 5846 1109 5924">
    <p class='ocr_par' dir='ltr' id='par_1_113' title="bbox 292 5846 1109 5924">
     <span class='ocr_line' id='line_1_114' title="bbox 292 5846 1109 5924; baseline 0.026 -29"><span class='ocrx_word' id='word_1_921' title='bbox 292 5846 385 5900; x_wconf 77' lang='grc' dir='ltr'><strong>καὶ</strong></span> <span class='ocrx_word' id='word_1_922' title='bbox 420 5847 622 5918; x_wconf 74' lang='grc' dir='ltr'>βραχύν</span> <span class='ocrx_word' id='word_1_923' title='bbox 651 5846 767 5904; x_wconf 80' lang='grc' dir='ltr'>τινα</span> <span class='ocrx_word' id='word_1_924' title='bbox 801 5846 969 5924; x_wconf 58' lang='grc' dir='ltr'>θείας,</span> <span class='ocrx_word' id='word_1_925' title='bbox 1007 5868 1109 5919; x_wconf 73' lang='lat' dir='ltr'><strong>etc,</strong></span> 
     </span>
    </p>
   </div>
   <div class='ocr_carea' id='block_1_114' title="bbox 2049 5867 2685 5937">
    <p class='ocr_par' dir='ltr' id='par_1_114' title="bbox 2049 5867 2685 5937">
     <span class='ocr_line' id='line_1_115' title="bbox 2049 5867 2685 5937; baseline 0.016 -17"><span class='ocrx_word' id='word_1_926' title='bbox 2049 5869 2157 5937; x_wconf 76' lang='lat'><strong>(90)</strong></span> <span class='ocrx_word' id='word_1_927' title='bbox 2184 5867 2342 5926; x_wconf 86' lang='lat' dir='ltr'><strong>Forte</strong></span> <span class='ocrx_word' id='word_1_928' title='bbox 2366 5873 2488 5928; x_wconf 80' lang='lat' dir='ltr'><strong>add.</strong></span> <span class='ocrx_word' id='word_1_929' title='bbox 2529 5871 2685 5930; x_wconf 78' lang='grc' dir='ltr'>εἶναι.</span> 
     </span>
    </p>
   </div>
  </div>
