4090 6382
544 312 682 369 1319
1200 311 1477 369 EUSEBII
1528 310 2010 369 CASSARIENSlS
2050 310 2202 366 OPP.
2244 310 2429 369 PARS
2463 312 2529 369 ll.
2569 343 2639 358 -—
2676 312 3193 370 APOLOGETICA.
3696 324 3825 383 1520

540 432 849 487 voluntati?
906 432 988 486 An
1021 447 1088 487 ex
1122 432 1289 487 rebus
1325 433 1478 503 ipsis,
1518 448 1641 503 qua:
1672 431 1829 488 fac-tae
1866 433 1998 501 sint,
2034 431 2276 504 profecta
2320 434 2657 493 necessitas?
2686 435 2757 491 At
2784 435 2875 491 illa
2930 436 3014 491 vel
3062 437 3170 492 hoc
3209 436 3350 507 ipso,
3399 438 3546 510 quod
3577 439 3706 513 ﬁngi
3738 457 3825 497 eas

537 524 868 599 disponique
907 528 1175 596 permisit,
1214 530 1415 584 victam
1472 544 1532 584 se
1568 544 1602 582 a
1640 527 1754 584 Deo
1789 544 1854 585 ac
1881 540 2194 600 superatam
2236 529 2491 586 confessa
2518 541 2627 587 est.
2687 531 2771 586 An
2816 531 2928 586 Deo
2974 546 3140 586 causa
3196 532 3447 602 quaedam
3493 534 3826 594 extrinsecus

538 619 1074 691 adversatur?30&.
1099 623 1296 676 Attice
1328 621 1435 675 ulla
1460 622 1583 675 talis
1609 632 1721 688 est;
1753 637 1855 677 nec
1884 622 1935 677 si
1960 631 2127 689 esset,
2164 638 2352 679 verum
2387 634 2572 680 tamen
2646 624 2807 690 foret,
2856 626 3052 693 Deum,
3088 627 3293 698 quibus
3338 625 3394 681 in
3433 626 3600 683 rebus
3665 629 3821 683 etiam

538 713 857 767 ordinandis
891 715 1142 783 superior
1187 715 1297 784 jam
1340 714 1524 779 fuerit,
1562 716 1618 770 in
1648 716 1736 771 his
1803 716 1937 785 ipsis
1972 716 2157 785 aliqua
2195 717 2414 773 demum
2450 718 2764 775 inferiorem
2798 717 2997 775 ducere
3030 739 3042 775 :
3071 721 3178 775 nisi
3216 719 3357 775 forte
3413 718 3575 775 nobis
3617 718 3687 775 de
3716 735 3824 773 ma-

541 804 687 857 ximo
734 806 1081 876 maximeque
1128 807 1314 862 divino
1362 805 1595 860 Numine
1632 822 1945 861 sermonem
2000 821 2127 861 esse
2171 807 2389 876 penitus
2460 808 2797 877 ignoremus.
2865 807 2972 864 Sed
3036 810 3178 863 enim
3216 809 3269 862 in
3307 808 3450 861 hanc
3481 824 3578 878 pro
3605 807 3823 862 veritate

539 898 963 966 disputationem
1005 899 1411 953 vehementiore
1448 901 1691 969 quodam
1746 898 1928 954 studio
1969 897 2218 953 videmur
2271 913 2393 954 esse
2414 899 2597 955 delati.
2630 898 2860 954 Planum
2913 900 3135 971 quidem
3177 900 3311 955 illud
3366 898 3621 964 fecimus.
3676 903 3821 971 quod

535 992 878 1059 prepositum
925 991 1082 1045 nobis
1108 1000 1245 1054 erat,
1287 992 1355 1046 de
1384 993 1573 1046 mundi
1615 992 1835 1048 conditu
1863 991 2116 1047 doctores
2157 990 2280 1045 illos
2345 1007 2629 1062 nunquam
2679 993 2918 1056 futuros,
2961 994 3056 1064 qui
3126 1009 3196 1048 ne
3222 992 3458 1063 primum
3493 993 3712 1062 quidem
3743 995 3821 1047 ul‘

538 1081 650 1136 lum
702 1082 805 1153 ipsi
850 1096 1033 1138 ortum
1077 1084 1409 1154 relinquant.
1446 1103 1469 1137 ,ι
1507 1084 1778 1142 Caeterum
1816 1086 1888 1142 de
1918 1087 2117 1156 quinta
2155 1085 2323 1141 etiam
2350 1100 2649 1155 corporum
2720 1086 2981 1153 essentia,
3018 1102 3182 1158 quam
3210 1085 3430 1141 induxit
3481 1085 3817 1144 Aristoteles.

540 1191 664 1247 quae
694 1187 997 1248 sequuntur
1028 1178 1276 1233 addenda
1303 1188 1450 1233 sunt.

1150 1289 1378 1347 CAPUT
1422 1291 1533 1347 VII.

534 1406 793 1479 Ejusdem
813 1409 1063 1463 adversus
1093 1410 1355 1474 eunulem,
1378 1410 1618 1478 quintam
1641 1426 1918 1477 corporum
1945 1425 2119 1463 esseu-

605 1482 736 1563 tiant
771 1480 1122 1545 inducentem,
1141 1497 1297 1551 quam
1334 1497 1496 1551 neque
1516 1479 1743 1549 Moyses,
1769 1496 1929 1549 neque
1967 1479 2121 1533 Plato

610 1562 775 1604 novit.
1188 1584 1203 1591 κ

610 1683 628 1715 ι
662 1663 794 1731 Qua:
823 1665 984 1734 vulgo
1018 1664 1277 1719 dicuntur
1305 1656 1607 1731 elementa,
1661 1664 1865 1735 quibus
1897 1678 1961 1716 ex
2005 1661 2119 1731 pri-

534 1757 640 1811 mis
667 1770 895 1825 corpora
930 1756 1162 1811 conﬂata
1188 1766 1336 1822 sunt,
1354 1772 1416 1811 ea
1434 1756 1587 1811 Plato
1610 1764 1949 1826 perspectam
1978 1754 2123 1824 ipso—

534 1865 654 1902 rum
685 1849 1042 1912 evidentiam,
1080 1858 1134 1903 et
1162 1849 1504 1917 superiorum
1538 1849 1989 1918 philosophorum
2021 1864 2121 1902 au-

535 1940 841 1995 ctoritatem
874 1950 1369 2011 secutus,quatuor
1401 1941 1713 2010 posuit,illa
1736 1941 1851 2010 ipsa
1874 1941 2118 1995 omnium

532 2033 878 2089 confessione
940 2034 1203 2103 probata,
1256 2034 1471 2103 ignem,
1506 2022 1765 2099 'terram,
1821 2048 2002 2087 aerem
2066 2042 2119 2088 et

532 2141 754 2196 aquam,
786 2142 853 2181 ea
876 2127 1077 2196 quibus
1103 2126 1244 2180 inter
1286 2140 1408 2181 sese
1456 2126 1769 2194 temperatis
1802 2133 1966 2194 atque
1999 2141 2119 2179 mu-

533 2218 684 2284 tatis,
713 2227 908 2272 czetera
935 2218 1118 2272 omnia
1148 2227 1497 2287 generentur.
1526 2218 1595 2270 At
1620 2232 1750 2271 vero
1773 2218 2116 2285 Aristoteles,

530 2321 658 2361 cum
691 2307 1131 2372 excellentioris,
1184 2316 1242 2362 ut
1287 2308 1523 2373 videtur,
1574 2308 1854 2378 sapientiae
1901 2308 2117 2364 laudem

530 2409 796 2469 speraret,
831 2400 878 2455 si
904 2416 1105 2455 novum
1158 2400 1380 2471 aliquod
1408 2401 1632 2471 insuper
1659 2416 1862 2471 corpus
1897 2401 2117 2457 invehe-

530 2502 635 2560 ret,
673 2494 819 2548 notis
850 2492 958 2547 illis
984 2502 1222 2562 quatuor
1243 2492 1493 2562 quintam
1520 2492 1770 2561 adjunxit
1794 2494 2111 2548 essentiam.

528 2583 587 2639 In
618 2601 729 2656 quo
753 2585 1034 2655 splendide
1058 2599 1286 2654 prorsus
1315 2600 1379 2639 ac
1413 2585 1700 2654 magnilice
1732 2598 1982 2640 naturam
2021 2587 2116 2641 lia-

527 2677 650 2732 buit
676 2677 767 2731 ille
806 2677 1026 2747 quidem
1063 2676 1197 2730 :sed
1227 2675 1479 2731 videlicet
1518 2691 1628 2730 non
1674 2677 1960 2744 intellexit,
1996 2680 2115 2749 ejus

529 2786 635 2824 non
669 2784 791 2825 esse
818 2768 911 2838 qui
952 2783 1010 2822 se
1044 2767 1423 2838 pbysiologum
1461 2767 1768 2837 proﬁtetur,
1805 2768 1950 2838 leges
1979 2784 2114 2824 con-

529 2864 678 2930 dere,
708 2861 802 2917 sed
836 2869 1049 2916 tantum
1080 2876 1203 2931 qua:
1234 2866 1445 2914 natura
1476 2861 1695 2931 propria
1730 2871 1858 2916 sunt
1880 2862 2114 2933 diligen-

529 2966 608 3010 ter
643 2954 939 3029 explicare.
992 2952 1173 3020 Quare
1216 2954 1284 3008 ad
1317 2953 1438 3024 ejus
1467 2952 1951 3009 demonstrationis
1979 2955 2112 3019 vim,

527 3063 649 3119 qua:
679 3048 886 3118 primas
911 3056 1152 3117 quatuor
1184 3061 1307 3101 esse
1329 3060 1620 3116 corporum
1648 3054 1876 3101 naturas
1893 3045 2112 3114 etiiciat,

526 3156 632 3211 qua
658 3155 790 3195 sane
814 3138 1081 3193 Platonici
1128 3153 1267 3209 Opus
1304 3138 1527 3202 habent,
1553 3154 1663 3193 non
1694 3139 1856 3193 modo
1886 3137 2116 3208 Peripa-

527 3233 723 3289 teticus
765 3231 921 3286 affert
954 3230 1124 3297 nihil,
1166 3230 1260 3284 sed
1293 3230 1457 3284 etiam
1493 3229 1625 3283 huic
1670 3244 1808 3298 pene
1837 3229 1989 3284 solus
2018 3230 2115 3284 ad-

527 3330 796 3379 versatur.
824 3322 959 3377 Cum
994 3322 1140 3377 enim
1172 3336 1375 3391 corpus
1409 3336 1592 3386 omne,
1621 3321 1860 3375 calidum
1897 3328 1992 3375 aut
2026 3320 2116 3376 fri-

525 3417 742 3488 gidum,
778 3415 1066 3470 humidum
1111 3421 1204 3467 aut
1245 3414 1490 3480 siccum,
1538 3414 1700 3468 molle
1746 3422 1842 3467 aut
1888 3413 2111 3480 durum,

525 3510 642 3565 leve
684 3516 780 3563 aut
828 3523 1028 3578 grave,
1074 3522 1263 3561 rarum
1297 3515 1393 3560 aut
1421 3506 1651 3561 densum
1677 3521 1799 3562 esse
1821 3506 2066 3562 dicamus
2095 3525 2111 3573 ;

526 3602 912 3671 videamusque
952 3599 1097 3654 aliud
1127 3600 1335 3654 nullum
1362 3608 1559 3670 praeter
1594 3600 1684 3654 illa
1723 3609 1959 3671 quatuor
1991 3615 2113 3656 esse

525 3708 706 3764 posse,
738 3693 881 3763 quod
914 3693 998 3747 bis
1027 3707 1057 3746 e
1113 3691 1522 3747 conditionibus
1554 3692 1793 3763 aliquam
1850 3692 2112 3747 sortiatur

526 3786 673 3857 (nam
694 3785 736 3839 si
756 3785 991 3839 calidum
1007 3784 1206 3850 sit,’aut
1224 3783 1365 3854 ignis
1377 3788 1498 3847 erit,
1523 3790 1615 3837 aut
1635 3797 1747 3847 aer;
1764 3783 1809 3839 si
1828 3782 2108 3853 frigidum,

524 3876 609 3933 vel
628 3892 790 3945 aqua,
805 3876 887 3932 vel
906 3884 1046 3929 terra
1065 3893 1076 3928 :
1097 3874 1180 3929 sin
1201 3883 1379 3928 autem
1404 3874 1611 3927 siccum
1633 3871 1816 3939 fuerit,
1832 3881 1927 3927 aut
1947 3872 2108 3942 ignis,

2775 1282 3173 1337 ΚΕΦΑΛΑΙΟΝ
3211 1285 3284 1336 Ζ’.

2231 1398 2341 1453 Τοῦ
2375 1395 2565 1468 αὐτοῦ
2593 1395 2744 1464 πρὸς
2786 1396 3153 1468 τὸν-αὺτὸν,
3206 1395 3485 1465 πέμπτην
3526 1398 3817 1468 σωμάτων

2296 1467 2730 1539 ὑποτιθέμενον
2781 1466 3022 1531 οὐσίαν,
3079 1466 3161 1535 ἢν
3198 1468 3338 1522 οὔτε
3374 1466 3645 1539 Μωῦσῆζ·
3681 1474 3815 1527 οὒτε

2303 1539 2560 1595 Πλάτων
2586 1537 2885 1608 γινώσκει.

2295 1672 2313 1706 ι
2341 1654 2477 1725 Περὶ
2514 1651 2646 1722 γοῦν
2707 1651 2817 1706 τῶν
2882 1652 3235 1725 καλουμένων
3297 1656 3608 1726 στοιχείων,
3658 1655 3718 1722 ἐξ
3743 1654 3813 1712 ὧν

2222 1746 2457 1818 πρώτων
2480 1744 2712 1816 σώματα
2742 1745 3059 1815 συνέστηκε,
3076 1747 3301 1802 Πλάτων
3332 1749 3430 1819 μὲν
3458 1751 3729 1823 ἑπόμενος
3748 1757 3809 1825 τῇ

2222 1840 2348 1913 περὶ
2371 1838 2511 1892 αὑτὰ
2536 1838 2817 1910 ἐναργείᾳ,
2852 1840 3105 1911 καθάπερ
3123 1840 3216 1894 καὶ
3247 1844 3295 1895 οἱ
3333 1844 3437 1915 πρὸ
3462 1845 3651 1907 αὑτοῦ,
3695 1846 3813 1900 τέσ-

2223 1930 2367 1999 σαρά
2389 1947 2449 1982 τε
2482 1929 2683 2001 ἔφησεν
2719 1924 2863 1982 εἶναι
2884 1930 3055 1984 ταῦτα
3087 1931 3515 2003 ὁμολογούμενα,
3541 1936 3674 2007 πῦρ,
3718 1939 3810 1991 καὶ

2220 2024 2345 2095 γῆν,
2376 2023 2473 2077 καὶ
2511 2022 2670 2094 ἀέρα,
2704 2024 2797 2075 καὶ
2834 2021 3012 2094 ὕδωρ,
3043 2024 3137 2077 καὶ
3181 2027 3245 2078 ὲκ
3282 2026 3488 2081 τούτων
3519 2046 3806 2100 συγκρινο-

2224 2116 2400 2186 μὲνων
2435 2116 2531 2169 καὶ
2562 2116 2915 2187 τρεπομένων
2956 2117 3025 2169 τὰ
3058 2115 3221 2170 λοιπὰ
3248 2118 3425 2172 πάντα
3478 2123 3803 2189 γεννᾶσθαι·

2233 2207 2607 2281 Ἀριστοτέλης
2649 2208 2707 2261 δὲ
2730 2249 2745 2273 ,
2777 2209 2852 2272 ὡς
2898 2207 3073 2263 ἔοικεν
3097 2250 3112 2274 ,
3147 2210 3385 2276 ,ἐλπίσας
3432 2216 3809 2289 περιττότερος

2220 2299 2501 2371 φανεῖσθαι
2530 2299 2608 2371 τῷ
2636 2303 2873 2372 φρονεῖν,
2904 2300 2960 2353 εἴ
2979 2319 3033 2353 τι
3064 2301 3225 2373 σῶμα
3251 2304 3315 2357 ὲκ
3351 2306 3609 2377 περιττοῦ
3645 2325 3809 2379 προτί

2220 2393 2361 2465 θείη,
2412 2390 2937 2462 προσκατηρίθμησε
2999 2395 3109 2456 τοῖς
3166 2394 3512 2464 φαινομένοις
3550 2397 3807 2471 τέτταρσι

2220 2484 2436 2556 σώμασι
2466 2483 2562 2555 τὴν
2586 2483 2845 2554 πέμπτην
2871 2485 3056 2538 οὐσίαν
3082 2502 3095 2515 ·
3131 2487 3270 2539 πάνυ
3303 2487 3402 2556 μὲν
3424 2487 3695 2561 λαμπρῶς
3716 2496 3808 2547 καὶ

2218 2578 2527 2652 φιλοδὼρως
2572 2584 2639 2652 τῇ
2707 2581 2866 2650 φύσει
2904 2583 3286 2655 χρησάμενος,
3351 2589 3425 2659 μὴ
3466 2590 3696 2644 συνιδὼν
3723 2593 3801 2653 δὲ,

2148 2650 2188 2704 Β
2215 2670 2298 2723 ὅτι
2332 2672 2393 2725 οὐ
2421 2650 2742 2743 νομοθετεῖν
2767 2672 2847 2726 δεῖ
2891 2650 3436 2744 (ρυσιολογοῦνταίτα
3466 2681 3521 2734 δὲ
3552 2683 3654 2752 τῆς
3702 2650 3805 2752 φῦὲ

2217 2781 2355 2828 σεως
2380 2764 2550 2835 αὐτῆς
2568 2763 2893 2837 ὲξιστορεῖν.
2918 2768 3013 2830 Εἰς
3052 2769 3231 2824 τοίνυν
3260 2772 3361 2844 τὴν
3392 2774 3669 2841 ἀπόδειξιν
3709 2778 3802 2830 τοῦ

2216 2855 2483 2927 τέτταρας
2521 2851 2660 2910 εἶναι
2703 2857 2802 2921 τὰς
2841 2858 3073 2931 πρώτας
3109 2862 3216 2915 τῶν
3256 2866 3525 2935 σωμάτων
3578 2868 3799 2936 φύσεις,

2213 2941 2282 3019 ἧς
2308 2946 2371 3017 δὴ
2398 2947 2557 3019 χρεία
2594 2950 2708 3011 τοῖς
2728 2947 3119 3016 Πλατωνικοῖς,
3154 2954 3215 3006 οὐ
3252 2955 3410 3025 μόνον
3449 2957 3550 3010 οὐκ
3587 2959 3653 3011 ἂν
3689 2977 3805 3011 συνο

2214 3037 2393 3109 τελοίη
2429 3055 2483 3091 τι
2505 3038 2533 3089 6
2563 3038 3001 3110 Περιπατητικδς
3022 3082 3038 3105 ,
3099 3042 3236 3097 ἀλλὰ
3267 3044 3455 3115 σχεδὸν
3500 3047 3595 3100 καὶ
3648 3050 3801 3119 μόνος

2214 3130 2494 3182 ὲναντιοῖτ’
2522 3128 2607 3182 ἄν.
2638 3128 2924 3197 Λεγόντων
2959 3131 3091 3199 γοῦν
3123 3133 3279 3205 ἡμῶν
3303 3174 3319 3198 ,
3372 3137 3454 3189 ὅτι
3494 3139 3603 3191 πᾶν
3643 3140 3802 3211 σῶμα

2214 3222 2247 3293 ἢ
2293 3220 2492 3292 θερμὸν
2522 3219 2554 3291 ἢ
2582 3220 2823 3291 ψυχρὸν»
2860 3220 2893 3291 ἢ
2933 3222 3099 3293 ὖγρδν
3129 3223 3162 3294 ἢ
3190 3224 3398 3297 ξηρὸν,
3430 3227 3462 3298 ἢ
3497 3229 3734 3298 μαλακὸν
3766 3232 3798 3303 ἢ

2218 3311 2475 3383 σκληρὸν,
2501 3312 2533 3382 ἢ
2577 3310 2778 3380 κοῦφον
2803 3312 2837 3382 ἦ
2870 3311 3028 3385 βαρὺ,
3061 3313 3093 3385 ἢ
3124 3315 3317 3386 ἀραιὸν
3349 3318 3383 3390 ἢ
3415 3321 3651 3374 πυκνόνο
3708 3326 3800 3377 καὶ

2214 3404 2577 3475 εὑρισκόντων
2604 3444 2619 3469 ,
2675 3405 2757 3457 ὃτι
2790 3406 2888 3458 οὐκ
2917 3405 2982 3459 ἂν
3011 3406 3197 3479 ἕτερον
3220 3408 3306 3480 εἴη
3356 3427 3408 3464 τι
3455 3412 3516 3465 τὸ
3575 3414 3797 3483 μεθέξον

2211 3496 2418 3549 τούτων
2441 3496 2585 3560 τινὸς
2611 3495 2763 3568 παρὰ
2784 3496 2854 3549 τὰ
2884 3497 3122 3570 τέσσαρα
3141 3516 3154 3528 ’
3183 3498 3201 3570 (
3224 3502 3273 3553 εἰ
3302 3501 3399 3571 μὲν
3422 3502 3532 3575 γὰρ
3573 3504 3796 3578 θερμὸν,

2212 3588 2246 3659 ἢ
2277 3587 2409 3660 πῦρ,
2444 3587 2477 3658 ἢ
2515 3588 2624 3659 ἀήρ
2647 3603 2659 3618 ·
2693 3589 2741 3640 εἰ
2765 3588 2821 3642 δὲ
2851 3588 3079 3659 ψυχρὸν,
3110 3589 3274 3663 ὕδωρ,
3306 3593 3339 3662 ἢ
3365 3593 3437 3664 γῆ
3458 3610 3470 3622 ·
3506 3597 3601 3649 καὶ
3626 3600 3675 3649 εἰ
3702 3599 3797 3668 μὲν

2213 3679 2398 3751 ξηρὸν,
2433 3679 2566 3750 πῦρ,
2597 3679 2629 3751 ἢ
2668 3683 2762 3751 γῆ·
2791 3682 2839 3733 εἰ
2874 3679 2931 3733 δὲ
2960 3681 3146 3752 ὑγρὸν,
3173 3681 3350 3754 ὕδωρ,
3387 3684 3419 3755 ἢ
3448 3686 3591 3757 ἀήρι
3623 3689 3719 3741 καὶ
3749 3691 3796 3741 εξ

2215 3772 2314 3843 μὲν
2353 3770 2612 3843 μαλακὸν,
2653 3772 2782 3842 ἀὴρ.
2810 3772 2842 3843 ἢ
2872 3771 3015 3844 πῦρ·
3060 3774 3109 3825 εἰ
3144 3774 3201 3827 δὲ
3231 3775 3466 3847 σκληρὸν
3498 3817 3512 3840 ,
3558 3778 3723 3851 ὕδωρ,
3761 3780 3793 3852 ἦ

2211 3861 2314 3933 γῆ·
2350 3865 2445 3917 καὶ
2472 3863 2672 3933 κοῦφον
2709 3864 2810 3934 μὲν
2834 3864 2928 3917 καὶ
2960 3865 3170 3936 ἀραιὸν,
3195 3861 3325 3933 οἷον,
3364 3868 3475 3941 πῦρ
3509 3871 3603 3923 καὶ
3648 3874 3787 3943 ἀήρ·

524 3979 621 4023 aut
647 3978 822 4035 terra;
860 3967 905 4023 si
931 3967 1241 4031 humidum,
1294 3967 1379 4020 vel
1418 3981 1583 4035 aqua,
1614 3965 1698 4019 vel
1730 3979 1822 4019 aer
1854 3983 1867 4017 :
1903 3964 1948 4018 si
1974 3979 2106 4019 vero

2214 3955 2350 4026 βαρὺ
2383 3955 2439 4009 δὲ
2465 3957 2557 4009 καὶ
2580 3956 2801 4019 πυκνὸν,
2828 3955 2972 4028 ὕδωρ
2998 3958 3189 4028 καὶ¹γῆ
3210 3976 3223 3990 ·
3244 3968 3260 4028 )
3289 3961 3383 4013 καὶ
3404 3962 3469 4014 ὲκ
3489 3961 3597 4014 τῶν
3621 3962 3794 4018 ἄλλων

524 4061 687 4115 molle
717 4061 821 4125 sit,
853 4068 948 4114 aut
974 4074 1100 4124 aer,
1138 4071 1232 4113 aut
1258 4059 1433 4130 ignis;
1480 4059 1526 4113 si
1564 4058 1795 4123 durum,
1828 4057 1914 4111 vel
1941 4071 2103 4126 aqua,

523 4153 608 4207 vel
643 4160 785 4207 terra
818 4171 830 4207 :
865 4151 1029 4223 805
1070 4150 1308 4221 denique
1353 4152 1399 4206 si
1445 4151 1563 4205 leve
1593 4151 1661 4205 sit
1695 4159 1858 4219 atque
1894 4165 2102 4214 rarum,

524 4252 618 4297 aut
668 4244 810 4313 ignis
854 4244 993 4307 erit,
1038 4251 1133 4297 aut
1178 4258 1310 4299 aer:
1346 4242 1392 4297 si
1437 4256 1600 4312 grave
1644 4254 1806 4311 atque
1853 4240 2103 4306 densum,

524 4350 667 4405 aqua
699 4335 785 4389 vel
817 4334 980 4405 terra)
1004 4353 1016 4387 :
1039 4334 1245 4387 nullum
1282 4334 1407 4388 item
1434 4333 1580 4387 aliud
1608 4348 1674 4387 ex
1698 4334 1905 4387 caeteris
1929 4334 2108 4387 omni—

522 4428 626 4482 bus
662 4426 1003 4496 simplicibus
1052 4425 1441 4489 facultatibus,
1479 4435 1673 4496 praeter
1725 4424 1816 4479 illa
1845 4436 2102 4495 quatuor,

522 4519 759 4573 existere
813 4532 974 4587 posse
998 4518 1302 4571 sentiamus
1352 4536 1367 4572 ι
1414 4525 1679 4587 repugnat
1714 4532 1856 4571 unus
1892 4518 1979 4571 ille
2003 4532 2104 4571 no-

522 4610 629 4676 bis,
663 4624 860 4678 corpus
905 4608 1127 4677 aliquod
1175 4607 1261 4661 his
1292 4607 1546 4662 omnibus
1589 4623 1822 4661 vacuum
1854 4622 1978 4661 esse
2008 4608 2104 4661 de-

524 4699 753 4754 fendens
777 4718 791 4755 ;
818 4714 1049 4768 corpus,
1079 4698 1302 4767 inquam
1323 4740 1337 4763 ,
1377 4714 1483 4753 non
1514 4713 1676 4769 grave
1708 4708 1800 4753 aut
1828 4700 1965 4765 leve,
1996 4715 2104 4753 non

526 4792 688 4847 molle
723 4801 817 4845 aut
840 4790 1061 4857 durum,
1094 4805 1201 4844 non
1238 4790 1520 4844 humidum
1551 4801 1647 4843 aut
1672 4790 1877 4845 siccum
1901 4810 1914 4857 ;
1942 4792 2105 4846 adeo-

526 4898 634 4953 que
665 4891 873 4936 tantum
903 4897 1012 4935 non
1043 4881 1253 4945 dicens,
1287 4897 1484 4952 corpus
1533 4883 1674 4937 idem
1706 4883 1958 4953 idemque
1994 4899 2103 4938 non

524 4990 727 5045 corpus
766 4993 779 5029 ε
821 4990 946 5028 nam
973 4974 1219 5043 corporis
1248 4973 1297 5028 ei
1324 4989 1521 5028 nomen
1546 4975 1783 5043 reliquit,
1817 4974 2101 5031 facultates

523 5083 591 5122 ex
624 5066 826 5137 quibus
869 5077 1059 5136 suapte
1101 5074 1295 5119 natura
1338 5065 1607 5119 conflatur
1636 5083 1865 5137 corpus,
1904 5069 2105 5123 ademit

522 5163 835 5215 universas.
903 5161 1011 5215 Aut
1060 5159 1259 5231 igitur,
1293 5175 1414 5228 qua;
1455 5160 1647 5227 docet,
1678 5162 1836 5217 nobis
1881 5178 2104 5227 persua-

522 5255 740 5320 dendo,
777 5253 939 5308 simul
988 5268 1088 5308 nos
1124 5269 1154 5308 a
1198 5252 1442 5308 Platonis
1487 5254 1757 5309 sententia
1805 5257 2098 5323 revocabit,

2207 4048 2265 4101 δὲ
2292 4048 2520 4102 ἁπασῶν
2551 4047 2659 4101 τῶν
2692 4049 2879 4102 ἁπλῶν
2905 4050 3186 4120 δυνάμεων
3225 4053 3631 4109 κατανοοῦντων
3651 4095 3666 4119 ,
3721 4057 3793 4119 ὡς

2208 4140 2309 4193 οὐκ
2336 4140 2401 4193 ἂν
2425 4142 2507 4211 εἴη
2538 4158 2590 4193 τι
2618 4141 2769 4213 παρὰ
2804 4140 2980 4197 ταῦτα
3027 4143 3187 4214 σῶμα
3222 4144 3443 4217 ἕτερον·
3471 4140 3629 4212 οὗτος
3662 4150 3789 4204 ἀνθ·

2212 4232 2422 4289 ἵσταται
2459 4233 2635 4303 μόνος,
2685 4233 2908 4303 φάσκων
2940 4233 3197 4289 δύνασθαι
3239 4237 3398 4308 σῶμα
3423 4234 3564 4293 εἶναι
3589 4239 3791 4295 τούτων

2210 4327 2467 4397 ἄμοιρον
2506 4326 2664 4397 σῶμα
2696 4327 2753 4380 δὲ
2777 4329 2913 4399 μήτε
2952 4328 3087 4400 βαρὺ
3112 4369 3126 4393 ,
3162 4332 3299 4402 μήτε
3356 4330 3558 4401 κοῦφον
3586 4374 3602 4397 ,
3656 4337 3788 4406 μήτε

2213 4419 2475 4491 μαλακὸν,
2508 4419 2644 4491 μήτε
2673 4420 2927 4491 σκληρὸν,
2957 4422 3094 4492 μήτε
3125 4422 3289 4493 ὑγρὸν
3308 4463 3323 4487 ,
3357 4422 3492 4476 ἀλλὰ
3524 4425 3664 4495 μήτε
3696 4426 3788 4495 Er..-

2211 4512 2334 4582 ρόν·
2365 4512 2643 4582 μονονουχὶ
2680 4510 2854 4580 λέγων
2883 4512 3042 4583 σῶμα
3073 4513 3133 4566 οὐ
3172 4513 3349 4583 σῶμα.
3399 4514 3473 4567 Τὸ
3527 4517 3627 4587 μὲν
3682 4517 3789 4588 γὰρ

2208 4608 2378 4677 ὄνομα
2405 4606 2787 4660 καταλέλοιπεν
2828 4605 2996 4675 αὐτῷ,
3031 4603 3127 4668 τὰς
3171 4604 3225 4658 δὲ
3270 4606 3528 4676 δυνάμεις
3552 4648 3567 4672 ,
3616 4609 3686 4661 δι’
3716 4604 3788 4663 ὧν

2212 4700 2369 4770 σῶμα
2390 4699 2599 4767 πέφυκε
2629 4697 2895 4767 γίνεσθαι,
2931 4698 3111 4761 πάσας
3152 4698 3459 4769 ἀφῄρηκεν.
3495 4702 3567 4752 ’Ἡ
3608 4704 3787 4756 τοίνυν

2206 4794 2353 4865 ἡμᾶς
2370 4793 2513 4863 ἆπερ
2533 4793 2693 4854 αὐτὸς
2722 4791 2868 4859 λέγει
2896 4790 3119 4854 πείθων,
3143 4792 3510 4861 ἀφαιρήσεται
3539 4794 3637 4864 τῆς
3655 4796 3788 4849 Πλά-

2204 4905 2373 4951 τωνος
2399 4885 2655 4957 γνώμης·
2690 4886 2721 4955 ἢ
2773 4883 2842 4936 τὰ
2888 4884 3175 4946 Πλάτωνος
3232 4884 3638 4956 βεϐαιούμενος,
3681 4887 3788 4939 τῶν

2206 4980 2357 5051 αὐτῷ
2391 4980 2689 5034 δοκούντων
2720 4980 3110 5050 ἀποστήσεται.
3143 4978 3308 5031 ’Ὢστε
3353 4978 3564 5051 οὐδαμῆ
3599 4982 3788 5053 χρήσι-

2211 5090 2309 5143 μος
2344 5073 2479 5142 πρὸς
2497 5072 2565 5125 τὰ
2592 5070 2683 5123 τοῦ
2710 5070 3015 5133 Πλάτωνος.
3039 5072 3158 5123 Ἔτι
3185 5073 3212 5124 6
3236 5071 3333 5142 μὲν
3357 5071 3582 5126 Πλάτων
3608 5074 3789 5129 πάντα

2205 5166 2275 5218 τὰ
2301 5164 2550 5236 σώματα,
2582 5164 2677 5217 ἆτε
2711 5164 2805 5217 ἐπὶ
2836 5164 2965 5233 μιᾶς
3010 5164 3203 5234 ὁμοίας
3241 5163 3371 5235 ὕλης
3410 5164 3785 5236 θεωρούμενα,

2210 5256 2454 5327 βούλεται
2482 5253 2780 5325 τρέπεσθαι
2804 5256 2896 5309 καὶ
2928 5256 3284 5325 μεταϐάλλειν
3308 5258 3388 5322 εἰς
3408 5256 3617 5329 ἄλληλα
3634 5277 3649 5290 ·
3681 5263 3709 5313 6
3731 5260 3787 5313 δὲ

523 5356 619 5402 aut
643 5346 689 5401 si
713 5345 956 5401 Platonis
982 5346 1289 5401 doctrinam
1322 5345 1579 5409 stabilict,
1614 5361 1643 5399 a
1677 5346 1908 5403 decretis
1946 5364 2102 5403 aver-

2212 5348 2299 5400 ἐπὶ
2335 5348 2433 5418 μὲν
2461 5347 2570 5401 τῶν
2593 5347 2767 5402 ἄλλων
2804 5347 2993 5403 οὐσίαν
3022 5350 3208 5421 ἁπαθῆ
3235 5368 3318 5413 τε,
3350 5353 3444 5405 καὶ
3482 5354 3785 5425 ἄφθαρτον,

524 5448 603 5493 tet
632 5440 769 5495 suis.
800 5440 877 5492 Ita
907 5437 1151 5493 Platonis
1183 5439 1249 5493 ad
1284 5448 1517 5493 mentem
1551 5438 1927 5508 explicandam
1963 5442 2100 5495 nihil

526 5530 753 5584 omnino
779 5527 1029 5584 conferre
1052 5537 1251 5600 potest.
1284 5527 1572 5596 Praeterea,
1597 5530 1742 5600 quod
1769 5546 1931 5584 unam
1949 5545 2102 5584 eam-

526 5620 759 5690 demque
814 5636 1101 5689 corporum
1148 5618 1393 5674 omnium
1441 5621 1722 5675 materiam
1769 5636 1891 5675 esse
1921 5622 2103 5675 videa-

528 5726 685 5772 mus,
719 5726 782 5766 ea
822 5709 974 5764 Plato
1020 5712 1073 5764 in
1118 5726 1237 5766 sese
1286 5722 1477 5765 mutuo
1510 5714 1752 5767 converti
1793 5713 2103 5782 mutarique

526 5803 697 5859 voluit
730 5822 742 5858 :
777 5803 1094 5859 Aristoteles
1126 5819 1256 5859 vero
1286 5804 1508 5859 omnino
1533 5807 1672 5862 inter
1700 5816 1894 5864 caetera
1931 5818 2104 5865 mate-

2208 5442 2301 5494 καὶ
2326 5441 2595 5512 ἄτρεπτον
2630 5442 2846 5505 πάντως
2879 5441 3038 5507 ἀξιοῖ,
3086 5444 3173 5498 ἵνα
3209 5443 3271 5514 δὴ
3315 5448 3388 5514 μὴ
3438 5445 3785 5518 εὐκαταφρο-

2207 5533 2369 5603 νήτου
2394 5534 2537 5595 τινος
2563 5534 2888 5605 πράγματος
2913 5538 3179 5607 γεννητὴς
3219 5532 3357 5590 εἶναι
3394 5538 3524 5608 δοκῇ
3548 5556 3561 5568 ο
3595 5556 3788 5611 περιτ-

2206 5626 2297 5678 τὸν
2327 5625 2423 5697 μὲν
2456 5627 2549 5679 καὶ
2583 5627 2712 5680 ἴδιον
2741 5628 3056 5682 παντάπασι
3090 5629 3261 5698 λέγων
3287 5631 3436 5683 οὐδὲν
3456 5669 3471 5693 ,
3495 5631 3563 5685 τὰ
3591 5631 3649 5684 δὲ
3683 5632 3788 5685 ὑπὸ

2210 5719 2494 5782 Πλάτωνος
2545 5721 2631 5772 ἐπ’
2683 5720 2854 5775 ἄλλων
2894 5722 3177 5793 ἑωραμένα
3215 5722 3415 5788 καλῶς,
3463 5724 3787 5793 μεταφέρων

2212 5810 2301 5862 ἐπὶ
2329 5809 2394 5864 τὰ
2432 5811 2505 5881 μὴ
2532 5813 2894 5883 προσήκοντα.
2930 5814 3195 5886 Καθάπερ
3221 5816 3365 5879 τινὲς
3404 5816 3511 5869 τῶν
3560 5815 3785 5888 ὕστερον
