4090 6382
323 323 455 379 1321

1475 325 1795 380 Ριιίιίινιιιι.
1847 325 2094 379 EVANG.
2139 324 2264 378 LIB.
2313 323 2425 379 XV.

3425 335 3442 380 ἰ
3452 327 3559 383 5‘32

319 447 623 517 γενομένων
644 447 1114 519 ἀνδριαντοποιῶν.
1154 448 1383 501 Ἐκεῖνοι
1401 447 1507 520 γὰρ
1547 447 1864 518 ἀπομιμησά

1995 448 2129 502 riatn
2179 446 2398 501 censuit
2439 443 2830 514 impatibilem,
2881 445 3345 516 incorruptibilcm
3390 456 3446 500 et
3476 449 3560 501 in-

322 556 473 611 μενοι
492 538 643 592 τοῦδε
670 539 761 591 τοῦ
795 539 986 611 ἀνδρὸς
1020 540 1260 610 κεφαλὴν
1286 581 1301 605 ,
1330 540 1500 594 ω..
1512 540 1595 592 ὁδε
1638 540 1698 592 τὸ
1733 539 1889 610 στέρ-

316 649 427 695 νον,
459 632 644 703 ἐτέρου
670 630 725 684 δὲ
755 630 852 702 τὴν
882 629 1174 701 ξώνην,εὶς
1196 628 1389 695 tam
1414 632 1695 694 συνθέντες
1717 630 1887 686 ἐνίοτε

319 718 393 796 μὴ
424 726 771 796 προσήκοντα
801 726 1101 796 πράγματα
1132 725 1398 796 ἀλλήλοις,
1430 725 1652 779 ἔπεισαν
1688 724 1887 785 αὐτοὺς

314 817 393 880 ὣς
412 834 464 870 τι
499 818 855 887 πεποιηκότες
882 817 1009 870 ἴδιον
1029 834 1043 848 ·
1064 818 1156 871 καὶ
1175 818 1344 881 ὄντως
1371 817 1433 870 τὸ
1460 816 1558 887 μὲν
1583 815 1703 869 ὅλον
1726 856 1739 880 ,
1763 814 1790 867 ὃ
1819 814 1881 884 δή

312 929 396 973 τις
414 909 481 962 ἂν
506 910 872 980 ἀσυμμέτρως
894 909 1040 978 ἔχειν
1068 910 1391 973 αἰτιάσαιτο,
1421 910 1566 961 ἐστὶν
1588 906 1788 970 αὐτῶν,
1817 906 1886 959 τὰ

311 1002 357 1053 δ’
373 1002 432 1053 ἐν
453 999 602 1070 αὐτῷ
632 1000 1066 1072 συνηρανισμένα
1105 1000 1198 1053 καί
1239 1017 1290 1052 τι
1335 998 1499 1052 καλὸν
1546 998 1736 1069 ἔχοντα
1784 998 1883 1050 οὐκ

310 1091 505 1145 αὐτῶν.
550 1090 818 1155 Ὡσαύτως
846 1093 1018 1146 δὲκαὶ
1066 1092 1463 1163 Ἀριστοτέλης,
1500 1091 1713 1145 ἀκούων
1743 1090 1884 1142 Πλά-

308 1201 497 1247 τωνος,
519 1184 599 1236 ὅτι
624 1184 739 1236 ἐστι
775 1201 859 1247 τις
884 1183 1039 1237 οὐσία
1072 1182 1235 1254 νοητὴ
1270 1182 1390 1236 καθ’
1416 1183 1585 1254 αὐτὴν
1608 1223 1621 1247 ,
1659 1180 1883 1251 ἀσώμα-

305 1277 399 1341 τὸς
423 1293 504 1340 τε,
530 1276 624 1329 καὶ
654 1273 998 1347 ἁχρώματος,
1031 1276 1126 1328 καὶ
1150 1274 1362 1345 ἀναφὴς
1386 1314 1399 1337 ,
1439 1272 1563 1327 οὔτε
1600 1271 1878 1343 γινομένη,

305 1368 431 1422 οὔτε
462 1366 810 1439 φθειρομένη,
850 1365 972 1420 οὔτε
1008 1366 1349 1438 τρεπομένη,
1382 1364 1505 1418 οὔτε
1549 1364 1881 1435 μεταϐαλλο-

264 1450 265 1453 )
310 1461 471 1532 μένη,
512 1460 598 1512 ἀεὶ
634 1460 691 1512 δὲ
713 1459 853 1512 κατὰ
881 1459 950 1513 τὰ
992 1458 1129 1512 αὐτὰ
1180 1458 1276 1512 καὶ
1319 1457 1579 1520 ὡσαύτως
1643 1456 1875 1526 ἔχουσαο

307 1552 470 1607 πάλιν
527 1552 568 1604 δ’
618 1548 686 1605 αὖ
742 1552 869 1622 περ).
922 1550 1030 1604 τῶν
1070 1550 1191 1604 κατ’
1241 1549 1469 1621 οὐρανὸν
1519 1546 1753 1609 ἁκούων,
1803 1547 1879 1605 ὡς

302 1644 432 1697 ὄντα
462 1644 570 1715 (91)
597 1645 715 1697 Θεῖα
740 1645 831 1697 καὶ
851 1643 1103 1715 ἄφθαρτα
1128 1643 1221 1695 καὶ
1252 1641 1437 1710 ἀπαθῆ
1470 1642 1583 1693 ἐστι
1629 1638 1875 1709 σώματα,

304 1735 588 1805 συνέθηκε,
611 1738 704 1789 καὶ
733 1735 1117 1805 συνεκόλλησεν
1156 1733 1214 1798 es,
1246 1735 1445 1804 ἀμφοῖν
1478 1733 1776 1804 πράγματα
1803 1732 1876 1803 μὴ

303 1828 611 1898 συνᾴδοντα.
644 1828 779 1898 Παρ’
814 1821 889 1880 ὧν
914 1828 1011 1897 μὲν
1038 1826 1145 1899 γὰρ
1175 1826 1235 1879 τὸ
1262 1824 1397 1879 εἶναι
1421 1824 1600 1895 σῶμα,
1630 1826 1759 1896 παρ’
1797 1818 1870 1877 ὧν

296 1919 355 1970 δὲ
390 1920 448 1972 τὸ
477 1918 682 1982 ἀπαθὲς
715 1917 851 1973 εἷναι
874 1918 1075 1983 λαϐὼν,
1099 1919 1257 1989 σῶμα
1284 1916 1492 1980 ἀπαθὲς
1524 1918 1867 1987 ἐτεκτήνατο.

308 2008 435 2062 Ἐπὶ
475 2011 571 2080 μὲν
598 2007 691 2063 οὖν
730 2010 838 2063 τῶν
879 2010 1238 2083 ἀνδριάντων,
1274 2013 1325 2063 εἱ
1372 2009 1465 2062 καὶ
1502 2008 1574 2079 μὴ
1613 2008 1775 2061 καλὸν
1811 2009 1874 2062 τὸ

297 2100 363 2152 ἐκ
395 2100 503 2153 τῶν
527 2101 908 2172 διαφερόντων,
935 2100 1051 2155 οὔτι
1078 2120 1141 2171 γε
1175 2102 1431 2156 ἀδύνατον
1470 2101 1745 2169 γενέσθαι.
1784 2103 1873 2155 Δι-

294 2191 489 2246 eam:
518 2188 610 2248 οὗν
635 2195 702 2248 τὰ
723 2194 944 2248 τοιαῦτα
968 2196 1062 2249 καὶ
1098 2197 1341 2266 Ὄμηρος
1360 2211 1376 2226 ο

1989 538 2430 595 commutabilem
2457 576 2473 600 ,
2510 536 2797 603 videlicet,
2831 552 2901 590 ne
2930 540 3310 594 contemnendi
3342 538 3563 607 dogma-

1988 632 2059 686 tis
2086 633 2334 687 inventor
2354 629 2665 685 haberetur.
2708 628 2767 684 In
2808 646 2919 700 quo
2960 639 3139 685 tamen
3183 633 3441 688 eximium
3474 632 3558 688 af-

1986 723 2183 779 [δειλία
2213 722 2490 791 singulare
2520 722 2693 789 nihil,
2724 738 2787 776 ea
2815 724 2977 778 modo
3007 739 3129 793 qua:
3152 726 3405 794 pra-clare
3434 726 3557 782 aliis

1986 811 2043 865 in
2069 812 2233 866 rebus
2254 810 2408 865 Plato
2442 811 2921 877 animadverterat,
2956 813 3211 869 transfert
3236 814 3302 868 ad
3328 816 3554 871 alienas.

1986 902 2042 957 ld
2066 905 2213 973 quod
2246 904 2524 958 nonnullis
2549 919 2580 959 e
2606 904 3002 960 recentioribus
3031 906 3313 961 statuariis
3341 923 3441 961 usu
3466 924 3559 963 ve-

1986 996 2084 1049 nit.
2118 995 2201 1051 llli
2232 996 2379 1052 enim
2416 997 2655 1054 hominis
2684 998 2848 1054 unius
2876 1008 3059 1069 caput,
3097 1001 3323 1055 alterius
3346 1011 3554 1069 pectus,

1984 1088 2207 1143 alterius
2243 1087 2522 1157 cingulum
2550 1088 2770 1154 imitati,
2805 1099 3103 1167 partesque
3124 1091 3261 1145 alias
3284 1106 3407 1146 cum
3432 1092 3557 1147 aliis

1984 1179 2166 1234 minus
2208 1194 2354 1249 smpe
2395 1180 2726 1237 cohaerentes
2776 1182 2917 1237 inter
2957 1198 3076 1237 sese
3114 1182 3415 1251 complexi,
3452 1183 3557 1238 hoc

1982 1273 2084 1328 sibi
2118 1282 2374 1342 tanquam
2422 1274 2702 1343 proprium
2754 1275 2974 1343 aliquod
3024 1276 3366 1345 gratulantur
3392 1290 3552 1344 opus.

1982 1366 2048 1421 Et
2071 1382 2200 1421 vero
2224 1375 2396 1421 totum
2437 1367 2567 1421 illud
2589 1408 2604 1431 ,
2632 1368 2779 1438 quod
2820 1369 2943 1438 jure
2974 1370 3117 1424 velut
3164 1370 3553 1426 inconcinnum

1980 1472 2034 1516 et
2064 1461 2401 1517 inconditum
2429 1464 2878 1533 reprehenditur,
2928 1464 3168 1534 ipsorum
3195 1471 3309 1531 est;
3354 1465 3555 1535 quibus

1980 1570 2045 1608 ex
2074 1554 2322 1623 partibus
2352 1564 2470 1621 est,
2506 1556 2703 1611 collata
2729 1557 2886 1626 quasi
2929 1557 3067 1626 stipe
3094 1556 3384 1610 conflatum
3403 1597 3417 1621 ,
3454 1571 3550 1620 eae,

1980 1659 2103 1697 cum
2137 1644 2410 1714 elegantes
2436 1659 2531 1715 per
2554 1660 2673 1699 sese
2701 1661 2765 1700 ac
2787 1646 2968 1715 polita:
2990 1647 3133 1709 sint,
3165 1647 3231 1700 ad
3266 1646 3387 1701 illos
3419 1646 3553 1700 nihil

1979 1735 2268 1805 pertinent.
2308 1734 2399 1790 Sic
2422 1736 2743 1794 Aristoteles
2766 1780 2781 1804 ,
2810 1754 2936 1792 cum
2975 1755 3043 1792 ex
3078 1737 3301 1793 Platone
3340 1738 3555 1791 audiret

1978 1828 2269 1883 essentiam
2304 1828 2541 1899 aliquam
2566 1846 2706 1898 esse,
2741 1846 2862 1901 quae
2888 1840 3077 1901 suapte
3110 1840 3305 1885 natura
3333 1829 3553 1899 spirita-

1980 1920 2066 1985 lis,
2106 1922 2449 1992 incorporca,
2479 1926 2680 1980 coloris
2702 1939 2897 1994 expers
2917 1965 2935 1991 ,
2970 1934 3284 1995 tactumque
3314 1923 3550 1994 fugiens,

1979 2027 2080 2066 nec
2106 2012 2335 2080 oriatur,
2366 2030 2469 2070 nec
2493 2014 2724 2070 intereat
2749 2030 3011 2085 unquam,
3040 2025 3135 2069 aut
3168 2024 3427 2078 mutetur,
3453 2013 3549 2067 sed

1976 2102 2167 2158 eodem
2208 2119 2423 2174 semper
2460 2106 2513 2159 in
2559 2116 2702 2161 statu
2728 2118 3040 2176 permaneat
3081 2124 3093 2159 :
3135 2105 3406 2175 simulque
3440 2119 3551 2158 cce-

1977 2192 2206 2249 lestibus
2238 2193 2305 2249 de
2331 2196 2494 2250 rebus
2516 2196 2761 2260 audiret,
2800 2196 2981 2250 divina
3007 2195 3256 2266 quaedam
3285 2211 3405 2251 csse
3429 2195 3549 2249 ani-

298 2288 525 2354 mantia,
556 2304 676 2359 quaz
700 2305 800 2344 nec
828 2290 983 2359 plane
1029 2290 1329 2358 corrumpi,
1390 2304 1490 2344 nec
1524 2289 1706 2344 infesti
1734 2289 2028 2358 quidquam
2096 2288 2283 2343 subire
2340 2299 2600 2358 possent;
2636 2302 2867 2360 utroque
2903 2305 2970 2344 ex
3000 2304 3196 2360 genere
3258 2288 3549 2357 conjunxit

294 2387 345 2432 et
378 2380 770 2450 conglutinavit
825 2396 924 2445 ea,
973 2396 1095 2448 qum
1121 2381 1262 2434 inter
1314 2395 1372 2434 se
1435 2380 1661 2435 minime
1731 2379 2108 2434 convenirent.
2152 2377 2288 2433 Cum
2331 2379 2477 2434 enim
2521 2380 2591 2434 ab
2627 2380 2748 2435 aliis
2780 2395 2978 2450 corpus
3014 2395 3137 2435 esse
3170 2379 3422 2450 aliquod,
3482 2381 3552 2434 ab

295 2471 420 2526 aliis
453 2486 562 2525 non
622 2472 844 2541 patibile
883 2472 1010 2542 quid
1048 2487 1169 2526 esse
1215 2483 1482 2535 sumeret,
1534 2486 1733 2541 corpus
1774 2471 1889 2541 ipse
1960 2486 2067 2526 non
2122 2472 2344 2542 patibile
2378 2472 2675 2528 fabricatus
2712 2482 2815 2529 est.
2870 2474 2939 2528 Et
2977 2475 3030 2529 in
3079 2477 3273 2531 statuis
3306 2478 3547 2547 quidem,

300 2577 356 2621 ut
378 2568 668 2638 pulchrum
726 2567 781 2623 id
848 2568 1177 2638 elegansque
1245 2584 1352 2621 non
1406 2568 1496 2635 sit,
1531 2567 1893 2623 dissimilibus
1918 2577 2101 2623 tamen
2134 2582 2199 2622 ex
2222 2567 2468 2637 partibus
2498 2567 2616 2623 fieri
2645 2567 2849 2638 aliquid
2875 2579 3073 2639 potest,
3099 2582 3158 2628 ut
3184 2576 3413 2645 ipsemet,
3439 2576 3548 2632 Ηο-

299 2675 484 2715 merus
507 2660 736 2715 cecinit:

295 2772 559 2843 Ὄμματα
588 2772 717 2844 γὰρ,
758 2774 912 2844 φησι,
942 2773 1040 2826 καὶ
1071 2773 1364 2844 κεφαλὴν,
1408 2775 1608 2841 ἴκελος
1628 2776 1707 2829 Διὶ
1741 2793 1864 2843 τερ-

1354 2843 1724 2915 [πικεριιύνῳ
1742 2885 1757 2909 ,

297 2917 455 2984 Ἀρεῖ
484 2913 551 2967 δὲ
591 2912 796 2989 {dir-nr,
836 2912 1093 2981 στέρνον
1128 2913 1196 2965 δὲ
1234 2912 1617 2968 Ποσειδάωνι.

292 3029 365 3083 Τὸ
384 3029 443 3083 δὲ
469 3028 626 3098 σῶμα
651 3028 860 3092 ἀπαθὲς
884 3030 984 3082 οὐκ
1009 3030 1073 3083 ἄν
1098 3045 1225 3082 ποτε
1252 3028 1479 3098 γένοιτο.
1515 3029 1739 3100 Παθητῇ
1757 3029 1868 3100 γὰρ

292 3120 388 3174 καὶ
419 3122 625 3192 τρεπτῇ
658 3120 1035 3189 συνδεδεμένον
1062 3119 1221 3189 φύσει
1241 3122 1486 3192 ἀνάγκην
1514 3121 1625 3191 ἔχει
1653 3138 1868 3191 συμπα-

1967 2773 2134 2845 806
2187 2770 2289 2825 Ille
2320 2769 2599 2841 oculosque
2643 2780 2899 2842 caputque
2950 2771 3129 2839 lovis,
3187 2781 3277 2845 qui
3328 2779 3549 2847 fulmine

1970 2913 2197 2984 Cingula
2227 2910 2508 2978 Mavortis,
2545 2911 2783 2982 Neptuni
2814 2922 3023 2984 pectora
3055 2916 3235 2983 gessit.
3307 2847 3541 2918 [gaudet

1969 3030 2038 3083 At
2084 3042 2284 3097 corpus
2317 3041 2429 3082 non
2459 3026 2682 3097 patibile
2722 3027 2931 3082 nullum
2965 3043 3086 3083 esse
3131 3038 3327 3099 potest.
3388 3030 3544 3098 Quod

1970 3120 2114 3175 enim
2148 3135 2273 3174 cum
2306 3118 2518 3189 patibili
2552 3118 2913 3188 mutabilique
2941 3128 3134 3174 natura
3166 3124 3541 3180 consociatum

292 3213 425 3277 θεῖν,
455 3206 499 3283 ᾧ
524 3212 890 3276 συνέζευκται.
917 3213 979 3265 Ei
1002 3212 1058 3268 δέ
1086 3213 1361 3278 memet;
1392 3215 1499 3285 εἴη,
1529 3214 1688 3267 τοῦτο
1714 3216 1864 3284 ἀφει-

1970 3222 2085 3279 est,
2116 3211 2169 3266 id
2198 3226 2323 3265 cum
2365 3224 2466 3265 suo
2505 3210 2596 3265 illo
2625 3219 2880 3265 consorte
2910 3212 3148 3280 patiatur
3179 3227 3402 3269 necesse
3438 3226 3542 3272 est.

293 3307 453 3377 μένον
482 3306 575 3359 καὶ
604 3304 886 3376 ἐλεύθερον
920 3305 1028 3357 ἀπὸ
1056 3304 1147 3358 τοῦ
1203 3306 1502 3377 πάσχοντος
1563 3301 1701 3359 εἶναι
1756 3306 1862 3359 δεῖο

289 3397 430 3449 ὥστε
463 3397 631 3467 χωρὶς
652 3397 717 3449 ἂν
740 3397 824 3467 εἴη
848 3398 946 3467 τῆς
972 3396 1124 3469 ὕλης,
1146 3394 1214 3471 ἧς
1241 3400 1644 3471 κεχωρισμένον
1665 3442 1679 3461 ,
1725 3398 1865 3451 ἀσώ-

291 3506 457 3559 ματον
496 3488 806 3557 ἀνατκαὶως
855 3489 1153 3559 ὁμολογοῖτ’
1208 3491 1291 3544 ἄν.
1351 3492 1470 3543 Ἔτι
1513 3493 1608 3544 καὶ
1654 3490 1864 3555 τούτοις

288 3579 614 3651 προσχωμεν
637 3579 727 3633 τὸν
756 3581 899 3645 νοῦν,
924 3583 981 3633 ἐν
1023 3583 1167 3646 ὅσοις
1194 3584 1371 3647 ἄλλοις
1397 3582 1749 3656 διαφέρεσθαι
1787 3582 1864 3654 τῷ

287 3671 533 3726 Πλάτωνι
561 3674 652 3729 τὸν
704 3673 1081 3746 Ἀριστοτέλην
1110 3676 1454 3747 παρίστησιν.

810 3873 1205 3927 ΚΕΦΑΛΛΙΟΝ
1238 3874 1321 3927 II'.

293 3962 406 4017 Τοῦ
445 3963 628 4018 αὐτου
667 3962 814 4031 πρὸς
852 3964 958 4017 τὸν
989 3964 1194 4029 αὑτὸν,
1220 3966 1318 4017 καὶ
1346 3965 1414 4018 ἐν
1454 3965 1578 4031 τοῖς
1614 3968 1859 4019 κατόὺ-

352 4032 547 4100 ραν-ὸν
596 4034 929 4103 θεωρήμασι
991 4034 1367 4103 διενεχθέντα
1416 4035 1497 4100 τῷ
1554 4037 1855 4103 Πλάτωνι,

370 4103 543 4159 ἅτινα
573 4102 834 4171 Μωῢσῆς
859 4107 929 4157 οὐ
968 4106 1471 4174 πολυπραγμονεῖ.

364 4216 385 4249 ι
432 4196 660 4249 Ἔπειτα
685 4194 894 4259 τούτοις
920 4196 1158 4267 ἑπόμενα
1180 4197 1368 4260 πολλὰ,
1396 4201 1453 4251 ὲν
1480 4192 1560 4261 οἷς
1586 4198 1859 4269 διαφέρον-

284 4305 394 4343 ται.
438 4288 497 4342 Ὀ
522 4288 619 4359 μὲν
656 4290 768 4361 γὰρ
796 4307 925 4360 φησι
962 4289 1029 4342 τὰ
1062 4292 1179 4343 κατ’
1215 4280 1439 4362 οὐρανὸν
1464 4291 1563 4361 τὴν
1605 4291 1859 4361 πλείστην

287 4380 429 4434 ἰδέαν
459 4384 521 4434 ὲκ
548 4380 715 4453 mpii;
740 4380 883 4451 ἔχειν
906 4381 1015 4453 (92)
1038 4399 1051 4413 °
1084 4386 1112 4435 ὁ
1130 4382 1186 4435 δὲ
1228 4384 1448 4454 μηδαμῆ
1475 4383 1584 4454 (95)
1618 4385 1858 4454 μετεῖναι

283 4475 400 4536 τοῖς
428 4474 699 4544 οὐρανίοις
750 4475 938 4545 πυρός.
991 4475 1100 4528 Καὶ
1129 4477 1157 4528 ὁ
1192 4475 1289 4545 μέν
1318 4492 1481 4545 φησιν
1514 4475 1715 4543 ἀνάψαι
1766 4474 1856 4526 τὸν

1968 3300 2125 3368 Quod
2158 3316 2291 3356 vero
2318 3299 2541 3371 patibile
2573 3314 2681 3354 non
2711 3302 2805 3367 sit,
2842 3300 2893 3354 id
2932 3316 2961 3353 α
3000 3301 3208 3368 patibili
3237 3303 3541 3373 sejunctum

1966 3406 2030 3445 ac
2060 3390 2292 3444 liberum
2325 3396 2541 3459 oportet
2580 3404 2702 3443 esse
2723 3429 2738 3452 ,
2770 3397 3165 3459 proptereaque
3205 3402 3478 3449 secretum
3508 3412 3537 3449 a

1967 3483 2191 3538 materia
2212 3525 2227 3549 ,
2262 3483 2421 3553 cujus
2442 3498 2639 3553 expers
2673 3483 2719 3538 si
2758 3483 2955 3549 fuerit,
2989 3486 3238 3555 corporis
3273 3487 3414 3543 idem
3444 3503 3541 3543 ex-

1965 3590 2088 3644 pers
2128 3575 2441 3629 necessario
2484 3573 2668 3628 fuerit.
2706 3594 2724 3626 ι
2782 3573 3055 3631 Hactenus
3100 3576 3209 3633 ille.
3280 3576 3388 3634 Sed
3433 3581 3541 3637 alia

1964 3679 2128 3735 porro
2162 3664 2469 3730 videamus,
2500 3665 2554 3719 in
2586 3665 2786 3735 quibus
2818 3666 2960 3722 idem
2990 3667 3107 3736 ipse
3127 3667 3473 3728 Aristotelem
3511 3689 3543 3729 a

1963 3757 2188 3813 Platone
2217 3757 2507 3813 dissentire
2540 3757 2898 3812 demonsrrat.

2536 3865 2765 3922 CAPUT
2822 3867 2955 3925 Vlll.

1964 3961 2216 4030 Ejusdem
2241 3960 2490 4013 adversus
2516 3960 2755 4014 euntdem
2774 4001 2789 4022 ,
2826 3978 2857 4013 a
2892 3960 3114 4016 Platone
3157 3980 3327 4017 rerum
3359 3966 3412 4018 in
3437 3983 3537 4019 cm-

2038 4033 2249 4085 lestium
2307 4032 2624 4103 tractatione
2655 4031 3030 4097 dissidentem;
3061 4050 3175 4103 quw
3202 4050 3391 4103 parum
3436 4039 3533 4090 ad-

2034 4103 2245 4155 modum
2260 4103 2465 4155 curavit
2496 4101 2722 4169 Moyses.

2037 4212 2057 4244 ι
2094 4192 2430 4262 Sequuntur,
2459 4192 2657 4262 inquit,
2689 4193 2794 4246 alia
2823 4184 3037 4259 deinde,
3058 4194 3108 4248 in
3143 4196 3344 4265 quibus
3371 4198 3533 4252 ambo

1960 4286 2257 4349 dissident,
2320 4300 2452 4339 sane
2495 4285 2917 4355 quamplurima.
2979 4286 3295 4342 leestium
3329 4290 3531 4360 quippe

1962 4396 2145 4436 rerum
2190 4377 2427 4448 speciem
2473 4379 2712 4433 maxime
2743 4376 2896 4433 Plato
2929 4377 3060 4434 facit
3099 4394 3167 4434 ex
3212 4381 3365 4451 igne;
3409 4383 3531 4437 Ario

1961 4472 2183 4527 stoteles
2203 4471 2370 4525 ullum
2393 4484 2617 4539 prorsus
2643 4470 2749 4525 illis
2771 4486 2892 4525 esse
2906 4480 3067 4542 negat
3090 4488 3215 4528 cum
3235 4474 3357 4543 igne
3382 4490 3532 4529 com-

283 4563 415 4617 Θεὸν
450 4564 565 4633 φῶς
597 4567 655 4618 ὲν
680 4568 745 4636 τῇ
768 4566 992 4637 δευτέρᾳ
1025 4566 1134 4638 (94)
1174 4567 1310 4637 πρὸς
1330 4569 1432 4639 γῆν
1478 4568 1710 4639 περιόδῳ
1730 4610 1745 4633 ,
1787 4566 1854 4620 ἵν’

1970 4566 2243 4621 mercium.
2279 4563 2370 4619 Ille
2397 4563 2567 4619 Deum
2600 4564 2675 4618 ait
2699 4564 2766 4619 ad
2797 4566 3097 4620 secundum
3121 4582 3287 4635 supra
3316 4574 3517 4621 terram

356 4696 466 4763 (9|)
495 4695 655 4751 Forte
676 4696 752 4760 ὡς
778 4692 869 4750 οὖν
898 4697 984 4752 τά.

357 4766 467 4837 (92)
505 4768 599 4820 Ἐκ
639 4767 828 4834 πυρὸς
852 4767 1032 4835 ἔχειν.
1066 4766 1221 4821 Plato
1250 4766 1303 4819 in
1344 4765 1539 4820 Timwo
1561 4806 1574 4830 ,
1601 4780 1723 4834 pag.
1749 4766 1854 4819 530

284 4835 617 4905 C,'quatuor
660 4839 1018 4891 animantium
1051 4838 1198 4892 ideas
1234 4838 1515 4891 constituit
1550 4852 1563 4887 :
1600 4837 1850 4904 primam,

283 4906 706 4979 obpdwov‘tisibu
728 4908 883 4979 γένος
903 4923 916 4936 ·
945 4908 1235 4979 secundam
1268 4907 1468 4979 πτηνὸν
1484 4907 1593 4979 *καὶ
1628 4906 1855 4979 ἀεροπό-

286 4974 397 5049 ρον·
433 4976 644 5049 tei'_tiam
682 4974 899 5049 ἔνυδρον
931 4974 1087 5042 εἶδος·
1118 4974 1374 5049 quartam
1406 4976 1567 5049 πεζὸν
1596 4974 1854 5049 καὶίχερ-

285 5043 471 5119 σατον.
490 5045 627 5100 Tum
662 5049 728 5119 de
751 5043 923 5119 prima
950 5049 1044 5101 τοῦ
1073 5043 1171 5119 μὲν
1200 5043 1290 5101 οὖν
1314 5048 1459 5119 θείου
1478 5048 1576 5119 τὴν
1596 5043 1853 5119 πλείστην

283 5115 431 5205 ξξέαν
458 5118 522 5170 ὲκ
553 5118 725 5205 πυρὸς
751 5115 1139 5205 ἆπειργάςεςὲρ,
1170 5119 1318 5205 δππως
1350 5121 1430 5205 ὅτι
1450 5115 1849 5205 λαμπρότατον,

285 5186 416 5259 ἰδεῖν
442 5204 500 5239 τε
532 5186 817 5243 κάλλιστον
854 5186 959 5259 εἴη’.
988 5190 1206 5243 Addunt
1234 5187 1459 5244 Proclus
1493 5186 1547 5243 et
1570 5186 1848 5259 Alcinous.

283 5254 562 5311 Platonem
599 5260 797 5313 sentire
822 5298 836 5323 ,
871 5254 937 5312 ex'
979 5260 1369 5312 elementorum
1400 5259 1549 5321 llore,
1590 5273 1654 5312 ac
1685 5258 1849 5310 veluti

284 5326 527 5396 deliciis,
553 5329 1065 5384 excellentissimum
1098 5330 1228 5383 illud
1267 5344 1465 5396 corpus
1490 5344 1610 5382 esse
1651 5326 1853 5382 conﬂa-

284 5394 433 5467 tum;
467 5398 545 5452 sic
588 5408 766 5453 tamen
817 5408 876 5453 ut
908 5400 1010 5454 hac
1040 5401 1092 5452 in
1127 5394 1514 5467 temperatione
1553 5398 1848 5467 principem

281 5466 426 5538 ignis
471 5468 646 5522 locum
690 5470 973 5525 obtineret.
1018 5468 1152 5524 Vide
1194 5466 1333 5523 infra
1358 5509 1373 5532 ,
1404 5483 1527 5538 pag.
1555 5466 1696 5532 7858,
1724 5467 1845 5521 859.

280 5535 535 5607 Plerique
582 5538 681 5593 SS.
716 5539 936 5593 Patrum
958 5581 973 5604 ,
1006 5554 1115 5593 non
1149 5535 1459 5594 Graecorum
1480 5535 1667 5593 'modo
1690 5578 1705 5601 ,
1754 5538 1848 5592 sed

281 5608 453 5679 etiam,
481 5607 820 5673 Latinorum,
850 5611 903 5664 in
938 5610 1124 5664 eadem
1156 5609 1410 5679 opinione
1440 5609 1637 5663 versati
1671 5617 1797 5663 sunt
1832 5626 1843 5661 :

284 5677 341 5730 in
378 5678 566 5747 primis
591 5679 824 5734 Basilius
856 5680 1040 5733 homil.
1069 5680 1107 5733 5.
1134 5677 1528 5733 ἱηἨεσαριηεν.
1552 5695 1570 5743 ;
1597 5679 1846 5733 Theodo-

286 5758 386 5801 ret.
420 5760 609 5818 quaest.
642 5766 692 5803 ιιι
725 5751 779 5802 in
810 5748 1067 5815 Genesin;
1100 5749 1421 5803 Ambrosius
1453 5750 1545 5803 lib.
1576 5765 1612 5802 ιι
1647 5750 1700 5801 in
1740 5747 1847 5818 Hc-

284 5816 540 5888 xaeziier.,
575 5836 694 5888 cap.
726 5821 794 5887 5;
821 5822 1154 5890 Augustinus
1204 5820 1437 5888 passim,
1472 5829 1532 5876 ut
1574 5820 1667 5876 lib.
1704 5833 1740 5873 ιι
1768 5816 1845 5873 De

604 5914 873 5973 ΡΑτιιοι..
916 5914 1032 5973 Gn.
1075 5911 1251 5972 ΧΧΙ.

1958 4697 2145 4752 Genesi
2174 4698 2243 4750 ad
2281 4695 2465 4760 litter.,
2500 4712 2618 4765 cap.
2645 4698 2699 4762 '5,
2728 4697 2819 4751 ubi
2872 4713 2938 4751 ex
2984 4698 3260 4752 communi
3290 4698 3525 4767 quadam

1958 4769 2243 4830 sententia,
2274 4782 2436 4833 quam
2487 4768 2540 4820 in
2574 4769 2799 4821 dubium
2846 4769 2995 4822 nullo
3038 4770 3199 4822 modo
3229 4779 3404 4832 vocat,
3447 4770 3527 4822 sic

1958 4839 2197 4907 loquitur
2226 4856 2239 4891 :
2275 4837 2463 4907 Itaque
2502 4855 2657 4906 super
2697 4854 2867 4890 aerem
2893 4854 3057 4904 purus
3093 4839 3228 4908 ignis
3258 4855 3366 4892 esse
3400 4840 3530 4901 dici-

1957 4921 2045 4961 tur
2076 4908 2282 4971 caelum,
2313 4908 2449 4961 unde
2472 4910 2631 4960 etiam
2659 4908 2854 4969 sidera,
2883 4917 3037 4976 atque
3065 4907 3357 4962 luminaria
3379 4910 3524 4977 facta

1956 4979 2267 5047 conjectant,
2303 4977 2449 5030 illius
2483 4978 2718 5031 videlicet
2748 4979 2912 5046 ignea:
2934 4979 3068 5032 lucis
3101 4980 3156 5031 in
3182 4996 3270 5032 eas
3299 4979 3521 5047 formas,

1953 5066 2084 5118 quas
2121 5051 2177 5102 in
2214 5047 2340 5102 caelo
2381 5049 2641 5103 cernimus
2662 5086 2677 5111 ,
2706 5047 3015 5117 conglobata
3050 5049 3406 5119 dispositaque
3435 5066 3525 5102 na-

1955 5134 2133 5257 lulgét)
2174 5188 2236 5240 '0
2262 5185 2330 5240 δὲ
2349 5186 2612 5257 μηδαμῆ.
2637 5185 2753 5241 Non
2779 5195 2988 5240 tantum
3016 5188 3070 5240 in
3100 5187 3241 5241 libro
3270 5187 3346 5240 De
3372 5187 3519 5250 caelo,
3574 5169 3585 5177 ﬂ

1956 5258 2044 5312 ubi
2086 5259 2332 5328 pluribus
2366 5259 2561 5312 cmlum
2607 5258 2864 5321 ostendit,
2907 5258 3063 5326 longe
3102 5258 3206 5311 alia
3256 5272 3417 5326 quam
3452 5260 3519 5309 τὰ

1953 5330 2058 5382 ὑπὸ
2091 5328 2563 5400 σελήνηνηιιιιιυιλ
2590 5337 2842 5400 constare
2867 5346 2880 5381 :
2906 5328 3450 5400 norninatirmiuelib.
3481 5345 3517 5387 l,

1952 5414 2069 5468 cap.
2097 5400 2152 5463 2,
2188 5396 2309 5453 sub.
2339 5398 2457 5462 ﬁn.,
2486 5407 2541 5453 et
2562 5398 2651 5454 lib.
2689 5414 2748 5463 ιι,
2773 5413 2895 5467 cap.
2918 5398 2983 5463 7;
3007 5396 3103 5468 (sed
3137 5399 3297 5451 etiam
3329 5396 3425 5468 lib.
3461 5413 3518 5449 ιιι

1952 5466 2193 5529 Meteon,
2238 5484 2358 5538 cap.
2398 5469 2451 5522 5.
2489 5469 2741 5523 Pererius
2776 5466 2959 5522 noster
3005 5466 3095 5538 lib.
3138 5484 3175 5521 ιι
3210 5469 3265 5520 in
3313 5466 3520 5532 Genes.,

1990 5552 2142 5596 mest.
2172 5540 2259 5606 10,
2293 5537 2433 5594 hanc
2477 5537 2785 5595 Aristotelis
2824 5537 3148 5594 sententiam
3179 5538 3389 5593 erudite
3424 5538 3521 5592 de-

1971 5611 2245 5807 ?(édlgg’ir
2265 5680 2340 5752 τῇ
2366 5679 2631 5749 δευτέρᾳ.
2663 5679 2815 5737 Plato
2846 5680 2902 5735 in
2937 5678 3057 5738 eod.
3088 5672 3304 5748 Tinueo,
3336 5694 3390 5750 p.
3417 5670 3519 5733 529

1971 5771 1976 5806 ξ
2069 5770 2099 5807 0
2213 5792 2229 5807 .

1948 5761 2001 5808 et
2033 5761 2136 5807 550
2163 5761 2229 5807 A.

3109 5906 3188 5989 te
