4034 6390
215 414 235 467 i
245 412 347 467 3'25

1378 407 1696 464 PRA‘ZPAR.
1740 400 1992 457 EVANG.
2037 401 2165 456 LIB.
2212 400 2323 455 XV.

3326 397 3461 453 152.3

210 532 409 587 ἔνδοθεν
442 533 533 586 καὶ
585 531 645 596 ἐξ
690 532 909 596 ἑαυτοῦ,
958 532 1254 603 ἐμψυχον)·
1332 530 1644 603 κινούμενον
1698 527 1776 591 δὲ,

1891 525 2174 596 animoque
2218 523 2382 579 simul
2420 532 2475 578 et
2515 536 2747 593 corpore
2777 521 3021 592 pra-dita,
3079 535 3181 573 suo
3223 521 3462 589 quodam

210 625 299 678 ᾰτε
342 622 481 675 θεῖον
509 621 671 684 ὄντα,
714 621 814 693 τὴν
866 622 1161 693 καλλίστην
1214 621 1477 676 κινεῖσθαι
1528 621 1776 689 κίνησιν·

211 711 496 779 καλλίστης
532 710 574 762 δ’
605 709 771 780 οὔσης
815 711 916 781 τῆς
942 714 1000 764 ἓν
1051 712 1234 783 κύκλῳ
1268 713 1569 782 κινήσεως,
1610 709 1782 781 ταύτῃ

206 807 363 860 αὐτὸν
397 804 685 856 κινεῖσθαι.
724 803 787 855 Ἡ
812 803 869 855 δὲ
893 803 1145 875 αἴσθησις
1171 804 1239 856 τὰ
1263 804 1359 875 μὲν
1396 806 1463 856 ὲκ
1496 801 1590 855 τοῦ
1620 801 1779 868 λόγου

210 898 533 969 μαρτυροίτο
560 894 623 947 ἂν
656 894 732 958 ὡς
760 895 1119 966 ἀληθεύουσα,
1154 897 1215 949 οὐ
1244 895 1347 966 μὴν
1373 894 1513 965 αὕτη
1538 895 1782 966 παρέσχε

206 992 300 1059 τὴν
320 989 501 1042 πίστιν
528 988 628 1059 τῆς
660 969 1114 1060 κινήσεωςδΠερί
1134 988 1190 1040 δὲ
1211 989 1312 1057 τῆς
1347 987 1441 1040 τοῦ
1476 987 1677 1049 παντὸς
1707 1003 1786 1039 κι-

207 1082 430 1150 νήσεως,
470 1079 545 1143 ὡς
577 1078 674 1149 μὲν
708 1078 807 1131 οὐκ
839 1080 896 1132 ὲν
927 1078 1111 1149 κύκλῳ
1142 1079 1248 1131 τινὶ
1279 1078 1519 1147 γίνεται,
1545 1076 1783 1147 νικώμε-

206 1190 290 1235 νος
310 1172 416 1223 ὑπὸ
441 1171 540 1240 τῆς
571 1171 879 1241 ἐναργείας,
914 1171 1013 1223 οὐκ
1033 1172 1192 1239 ἔσχεν
1217 1170 1489 1221 ἀντειπεῖν
1514 1167 1779 1221 Πλάτωνιο

206 1265 423 1335 παρεῖχε
447 1262 502 1315 δὲ
531 1262 809 1317 κάνταῦθα
842 1260 1109 1332 διαφορὰν
1138 1260 1286 1330 αὐτῷ
1313 1261 1373 1313 τὸ
1412 1260 1577 1313 καλὸν
1623 1260 1784 1312 τοῦτο

204 1354 420 1426 εὐρημα
452 1354 546 1406 τοῦ
576 1352 844 1424 σώματος.
893 1354 951 1408 '0
986 1355 1084 1425 μὲν
1111 1353 1220 1425 γὰρ
1269 1353 1492 1406 Πλάτων
1523 1352 1631 1422 (2),
1687 1352 1784 1406 ἆτε

204 1448 371 1500 ὄντων
401 1446 680 1517 τεσσάρων
704 1446 995 1516 σωμάτων,
1020 1445 1115 1498 καὶ
1145 1449 1364 1499 πάντων
1394 1444 1553 1513 φύσει
1601 1461 1782 1497 κινου-

208 1539 384 1609 μένων
408 1539 582 1609 ἁπλῆν
608 1538 704 1590 καὶ
730 1537 942 1590 εὐθεῖαν
970 1536 1203 1609 κίνησιν,
1231 1537 1401 1608 πυρὸς
1449 1537 1546 1607 μὲν
1587 1538 1678 1590 ἐπὶ
1729 1538 1785 1590 τὸ

205 1628 382 1692 ἐκτὸς,
413 1628 516 1698 γῆς
542 1630 586 1681 δ’
616 1628 709 1681 ἐπὶ
734 1628 795 1680 τὸ
831 1627 1016 1698 μέσον,
1042 1627 1152 1679 τῶν
1180 1627 1239 1680 δὲ
1270 1626 1443 1681 ἄλλων
1469 1627 1561 1679 ἐπὶ
1585 1627 1653 1679 τὰ
1686 1645 1779 1697 με·

201 1720 356 1785 ταξὺ,
390 1721 487 1790 τὴν
514 1721 571 1772 ὲν
599 1719 783 1789 κύκλῳ
810 1718 1023 1788 κίνησιν
1058 1719 1310 1771 ἀπέδωκε
1335 1721 1401 1789 τῇ
1433 1718 1609 1790 ψυχῇ’
1652 1722 1680 1783 ὀ
1717 1719 1783 1782 δ’,

200 1808 345 1884 ᾗπερ
402 1813 545 1881 ἄλλῳ
579 1813 653 1883 (5)
710 1811 922 1882 σώματι
960 1810 1148 1882 ἄλλην,
1180 1810 1323 1863 οὕτω
1348 1812 1404 1864 δὲ
1459 1812 1553 1865 καὶ
1587 1811 1686 1884 τὴν
1727 1815 1785 1864 ὲν

1884 626 2035 671 motu
2066 616 2295 687 proinde
2319 616 2842 684 moveatur(eorpus
2866 613 3011 668 enim
3030 613 3082 667 id
3110 627 3294 676 omne,
3318 612 3463 681 quod

1884 714 2133 762 movetur
2161 706 2522 770 extrinsecus,
2555 705 2862 758 inanimum
2888 712 3006 768 est;
3045 702 3193 772 quod
3223 717 3353 756 vero
3379 703 3464 755 in-

1884 798 2155 852 trinsecus
2177 814 2245 853 ac
2273 798 2456 867 seipso
2481 838 2495 860 ,
2541 798 2887 865 animatum).
2942 794 3143 850 Eadem
3184 811 3382 866 porro,
3417 795 3463 851 si

1885 898 2156 955 movetur,
2201 889 2385 943 divina
2416 904 2541 943 eum
2571 890 2664 954 sit,
2710 888 3055 943 nobilissimo
3090 903 3309 959 quoque
3355 888 3465 943 cie-

1885 990 2009 1034 atur
2026 993 2199 1047 motu,
2223 981 2317 1050 qui
2348 998 2472 1036 eum
2499 982 2640 1036 alius
2666 997 2773 1034 non
2792 981 2884 1045 sit,
2902 996 3066 1050 quam
3086 981 3175 1035 hic
3200 981 3251 1033 in
3278 980 3465 1035 orbem

1886 1073 2162 1139 volubilis,
2200 1075 2346 1129 bune
2372 1074 2537 1129 etiam
2570 1074 2794 1128 omnino
2824 1075 3106 1129 sortiatur.
3148 1074 3354 1129 Sensus
3369 1091 3469 1129 au-

1886 1176 2018 1233 tem,
2070 1183 2259 1222 verum
2296 1168 2399 1223 hae
2428 1168 2482 1221 in
2527 1178 2680 1237 parte
2724 1168 3083 1231 renuntians,
3115 1177 3175 1222 ut
3199 1169 3345 1222 illam
3379 1184 3469 1222 ra-

1885 1258 2050 1313 tionis
2098 1273 2288 1313 vocem
2336 1259 2652 1314 testimonio
2693 1259 2981 1314 conﬁrmet
3023 1275 3158 1324 suo;
3208 1259 3468 1313 motionis

1885 1359 2068 1405 tamen
2109 1351 2255 1405 illius
2290 1352 2449 1407 ﬁdem
2485 1368 2582 1422 per
2612 1367 2733 1408 sese
2769 1368 2877 1407 non
2917 1352 3065 1407 facit.
3123 1352 3191 1406 At
3226 1351 3469 1405 universi

1887 1450 2095 1494 motum
2148 1442 2293 1510 quod
2336 1443 2561 1510 attinet,
2622 1443 2894 1498 evidentia
2937 1444 3011 1497 rei
3040 1443 3325 1498 convictus
3346 1444 3471 1496 Ari-

1887 1533 2131 1598 stoteles,
2186 1549 2311 1589 eum
2361 1537 2625 1592 adversus
2674 1536 2955 1593 Platonem
3006 1538 3059 1592 in
3110 1539 3295 1593 orbem
3340 1553 3469 1593 eum

1889 1626 2005 1681 ﬁeri
2055 1642 2257 1697 negare
2305 1644 2413 1682 non
2464 1638 2684 1698 posset,
2724 1646 2790 1686 ex
2836 1632 3099 1701 praeclaro
3132 1642 3310 1687 tamen
3342 1634 3469 1687 novi

1888 1718 2135 1787 corporis
2166 1718 2391 1773 invento
2421 1719 2635 1775 dissidii
2662 1722 3008 1777 occasionem
3041 1723 3291 1792 arripuit.
3314 1722 3470 1777 Plato

1888 1808 2169 1879 enim,qui
2188 1824 2424 1879 corpora
2462 1820 2673 1867 tantum
2703 1822 2945 1883 quatuor
2977 1824 3317 1884 agnosceret,
3347 1831 3471 1886 quae

202 1904 407 1975 κύκλῳ,
435 1906 683 1976 καθάπερ
716 1904 1035 1974 σωματικήν
1069 1919 1214 1966 τινα,
1249 1901 1326 1971 τῷ
1346 1903 1582 1973 πέμπτῳ
1614 1918 1784 1975 προσ-

1891 1910 2079 1970 suapte
2110 1911 2307 1957 natura
2345 1902 2579 1973 simplici
2610 1913 2866 1973 rectoque
2899 1916 3049 1960 motu
3080 1907 3371 1971 cierentur,
3394 1910 3472 1965 ita

202 2000 383 2069 ένειμε
432 1997 663 2068 σώματι,
699 1997 856 2050 πάντ’
908 1995 1144 2059 εὐκόλως
1205 1995 1366 2048 αὐτὸν
1411 1994 1780 2066 ἐξαπατήσας.

203 2090 323 2153 Τοῖς
357 2090 457 2161 μὲν
495 2088 604 2161 γὰρ
649 2090 734 2141 ἐπ’
759 2088 972 2150 εὐθείας
1000 2086 1338 2157 κινουμένοις
1378 2088 1436 2139 αί
1484 2086 1784 2159 βαρύτητες

201 2181 293 2234 καὶ
323 2181 660 2252 κουφότητες
692 2181 791 2250 τὴν
818 2180 994 2251 ἀρχὴν
1023 2180 1123 2249 τῆς
1141 2180 1410 2249 κινήσεως
1437 2179 1780 2250 παρείχοντοο

201 2274 258 2326 τὸ
288 2273 345 2326 δὲ
402 2274 647 2344 πέμπτον
688 2272 867 2342 σῶμα,
908 2272 1044 2342 μήτε
1092 2270 1289 2341 βάρους
1324 2270 1548 2340 μετέχον
1573 2310 1589 2333 ,
1647 2271 1783 2339 μήτε

203 2364 538 2435 κουφότητος
561 2404 576 2427 ,
622 2364 910 2435 ἀκινησίας
945 2362 1147 2432 μᾶλλον
1184 2362 1283 2431 (4),
1317 2361 1453 2415 ἀλλὰ
1492 2363 1553 2415 οὐ
1577 2362 1652 2429 (5)
1685 2362 1785 2432 τῆς

201 2456 257 2509 ἐν
282 2456 471 2528 κύκλῳ
502 2458 770 2527 κινήσεως
796 2454 973 2508 αἰτίαν
1000 2454 1131 2525 ἔχει.
1182 2455 1244 2507 Εἰ
1267 2453 1375 2525 γὰρ
1422 2457 1531 2517 τοῖς
1570 2454 1655 2506 ἐπ’
1698 2455 1786 2506 εὐ-

204 2546 356 2611 θείας
385 2548 462 2618 (6)
493 2547 831 2619 κινουμένοις
853 2548 913 2600 οὐ
938 2546 998 2600 τὸ
1020 2547 1206 2617 σχῆμα
1226 2548 1325 2615 τὴν
1351 2547 1528 2600 αἰτίαν
1553 2546 1663 2617 ἔχει
1687 2547 1786 2616 τῆς

200 2643 493 2714 κινήσεως,
533 2640 647 2693 ἀλλ’
676 2642 709 2713 ἡ
746 2641 885 2711 ῥοπή
906 2656 921 2669 ’
955 2638 1113 2709 σῶμα
1145 2640 1329 2709 ὅμοιον
1364 2640 1422 2692 ὲν
1460 2638 1609 2709 μέσῳ
1632 2638 1787 2692 τεθὲν

199 2735 390 2806 ὁμοίου
417 2734 579 2797 τινος,
602 2733 698 2803 οὐχ
726 2732 837 2798 ἕξει
869 2733 964 2802 τῆς
994 2732 1089 2785 ἐπί
1108 2749 1161 2784 τι
1196 2732 1427 2795 κλίσεως
1455 2731 1656 2794 αἰτίαν,
1688 2731 1785 2783 εἴτ’

200 2826 293 2880 ἐπὶ
334 2825 485 2891 δεξιὰ
516 2826 658 2887 ῐωσι,
687 2824 821 2898 πρὸς
847 2825 929 2893 ἠῶ
962 2826 1009 2877 τ’
1032 2825 1213 2894 ἠέλιόν
1252 2842 1310 2877 τε
1330 2866 1344 2887 ,
1394 2826 1501 2878 εἴτε
1553 2825 1639 2877 ἐπ’
1669 2825 1789 2895 ἀρι-

202 2918 395 2990 στερὰ,
433 2918 543 2971 εἴτε
578 2916 786 2989 πρόσω,
823 2918 923 2970 εἴτ’
956 2918 1153 2970 ὀπίσω.
1194 2919 1313 2970 Ἔτι
1344 2920 1455 2980 τοῖς
1484 2917 1580 2987 μὲν
1609 2916 1787 2980 ἄλλοις

201 3008 476 3079 σώμασιν,
511 3007 795 3074 ὲξωσθείσι
816 3008 927 3060 τῶν
953 3009 1169 3063 οἰκείων
1195 3009 1376 3063 τόπων
1399 3050 1414 3075 ,
1450 3009 1677 3080 παρέχει
1728 3008 1789 3062 τὸ

200 3100 472 3155 κινεῖσθαι
500 3100 659 3155 πάλιν
688 3102 780 3170 ἀφ’
807 3101 987 3155 αὐτῶν
1015 3105 1047 3174 ἡ
1074 3104 1212 3175 πρὸς
1236 3101 1459 3165 τούτους
1499 3100 1750 3173 ἀναφορά
1770 3118 1783 3131 ·

200 3192 275 3262 τῷ
298 3192 538 3263 πέμπτῳ
567 3192 623 3244 δὲ
649 3192 841 3262 ἐκείνῳ
862 3191 961 3264 (7),
1010 3194 1283 3265 μηδέποτε
1326 3194 1627 3247 ἐκϐαίνοντι
1680 3193 1788 3246 τῶν

200 3285 371 3340 αὐτοῦ
401 3287 604 3349 τόπων,
640 3285 822 3355 μένειν
846 3285 912 3339 ἂν
938 3288 1355 3359 προσήκοι.Καί⁴
1390 3287 1519 3359 περὶ
1555 3286 1662 3339 τῶν
1698 3285 1791 3340 ἄλ-

199 3378 311 3432 λων
337 3378 395 3431 δὲ
433 3378 721 3447 σωμάτων,
757 3377 1224 3449 ὑπεξαιρουμένου
1244 3377 1338 3431 τοῦ
1362 3377 1632 3447 πέμπτου,
1664 3376 1791 3445 φαί-

203 3488 363 3524 νεται
405 3469 722 3539 φιλονεικῶν
782 3469 1192 3541 Ἀριστοτέλης,
1235 3470 1309 3539 μὴ
1330 3468 1400 3522 τὰ
1444 3467 1583 3520 αὐτὰ
1611 3467 1791 3534 λέγειν

202 3562 479 3616 Πλάτωνι.
547 3562 891 3631 Ζητήσαντος
946 3562 1053 3633 γὰρ
1107 3562 1391 3624 Πλάτωνος
1440 3561 1514 3630 (8)
1577 3561 1624 3613 εί
1677 3560 1792 3612 ἔστι

202 3653 368 3724 φύσει
426 3653 565 3725 βαρὺ
619 3654 818 3724 σῶμα,
874 3652 908 3723 ἢ
962 3653 1195 3721 κοῦφον
1242 3653 1337 3707 καὶ
1395 3651 1581 3722 ἐπειδὴ
1617 3650 1791 3703 ταῦτα

200 3745 352 3801 κατὰ
388 3746 488 3816 τὴν
529 3745 666 3816 πρὸς
704 3745 765 3798 τὸ
802 3745 916 3799 ἄνω
958 3746 1050 3797 καὶ
1102 3744 1251 3797 κάτω
1308 3743 1491 3813 σχέσιν
1543 3742 1794 3811 ἐφαίνετο

200 3838 483 3906 λέγεσθαι,
525 3837 869 3907 σκεψαμένου
909 3837 1020 3890 εἴτε
1061 3838 1181 3891 ὲστί
1220 3854 1271 3889 τι
1310 3836 1459 3889 κάτω
1501 3835 1661 3904 φύσει
1699 3834 1795 3887 καὶ

202 3932 341 3997 ἄνω,
384 3932 492 3985 εἶτε
536 3933 646 4004 μήθ
691 3933 780 3985 καὶ
821 3931 1199 3998 ἀποδείξαντος
1227 3928 1491 4000 ἁκριὸὦς,
1533 3928 1614 3980 ὅτι
1654 3927 1794 3979 κατὰ

208 4026 313 4095 μὲν
351 4024 449 4087 τὰς
488 4024 595 4077 τῶν
635 4025 904 4095 σωμάτων
945 4024 1081 4094 πρὸς
1121 4024 1247 4087 τοὺς
1286 4023 1485 4083 τόπους
1524 4019 1795 4088 οἰκειότης

281 4152 362 4222 (2)
399 4154 595 4222 'O-pér
615 4153 725 4223 γὰρ
747 4154 1013 4209 Πλάτων.
1049 4154 1239 4210 Cicero
1270 4154 1481 4209 Tuscul.
1514 4170 1551 4218 ι,
1580 4164 1712 4210 seet.
1737 4154 1792 4216 4,

204 4234 456 4295 exparte
491 4226 665 4295 loeu_m
699 4227 843 4279 hunc
875 4226 1149 4295 eleganter
1184 4226 1438 4281 illustrat.

282 4290 460 4366 (3)_'0
496 4293 550 4346 δ’
592 4290 746 4366 ᾗπερ
795 4290 986 4360 uagi.
1019 4296 1336 4351 Aristoteles
1367 4297 1459 4349 lib.
1490 4312 1506 4349 ι
1539 4294 1611 4348 De
1642 4295 1791 4357 calo,

206 4380 336 4431 cap.
366 4364 715 4429 2,toto,‘u‘bi
754 4380 820 4417 ex
868 4368 1085 4434 propria
1140 4366 1425 4420 eireularis
1474 4376 1656 4421 motus
1708 4383 1795 4418 ia-

210 4436 381 4497 tione,
416 4434 592 4502 quinti
620 4435 892 4503 corporis,
924 4436 1011 4490 cui
1053 4438 1320 4491 naturalis
1360 4445 1539 4490 motus
1572 4437 1660 4491 ille
1695 4438 1789 4497 sit.

208 4504 589 4559 necessitatem
616 4506 869 4559 ostendit.

1890 2002 1949 2048 ut
1992 1995 2134 2065 ignis
2179 2003 2369 2062 extra,
2406 1997 2459 2050 in
2498 1998 2737 2051 medium
2792 2007 2935 2052 terra
2971 1998 3222 2066 ferretur,
3273 2010 3470 2056 caetera

1888 2084 2027 2139 inter
2057 2096 2353 2156 utrumque
2376 2094 2562 2143 motus
2592 2104 2723 2144 suos
2745 2090 3090 2145 continerent
3119 2110 3131 2146 :
3169 2092 3353 2146 animo
3373 2108 3471 2146 vo-

1888 2176 2211 2231 lubilitatem
2241 2178 2588 2236 attribuerat.
2616 2180 2942 2237 Aristoteles
2976 2199 3129 2251 vero,
3158 2185 3236 2240 uti
3259 2197 3468 2241 motum

1884 2265 2011 2322 aliis
2036 2268 2358 2337 corporibus
2398 2270 2564 2324 alium
2587 2313 2603 2339 ,
2636 2271 2713 2326 ita
2755 2274 2951 2343 quinto
2983 2275 3205 2344 corpori
3251 2277 3468 2330 volubi-

1888 2360 2019 2424 lem,
2049 2360 2208 2429 quasi
2236 2376 2563 2431 corporeum
2612 2364 2847 2433 aliquem
2896 2367 3214 2437 assignavit.
3272 2368 3328 2422 In
3359 2385 3470 2439 quo

1888 2450 2167 2519 pueriliter
2195 2453 2422 2506 omnino
2453 2454 2823 2511 hallucinatus
2852 2466 2956 2511 est.
3002 2457 3138 2512 Nam
3168 2475 3290 2530 qua
3320 2470 3471 2515 recto

1888 2542 2101 2596 cientur
2134 2556 2304 2610 motu,
2344 2560 2407 2599 ea
2452 2547 2711 2602 motionis
2741 2564 2855 2603 sua:
2878 2549 3206 2621 principium
3237 2553 3471 2623 gravita-

1890 2644 1997 2689 tem
2030 2651 2262 2705 quaeque
2316 2652 2473 2691 suam
2505 2648 2604 2694 aut
2630 2640 2907 2696 levitatem
2942 2642 3181 2709 habent;
3218 2656 3274 2697 at
3300 2646 3469 2713 quin-

1892 2736 2006 2781 tum
2036 2728 2167 2782 illud
2202 2743 2421 2799 corpus,
2454 2745 2580 2785 cum
2625 2740 2681 2786 et
2726 2733 3010 2803 gravitatis
3040 2735 3111 2790 sit
3153 2744 3207 2790 et
3236 2736 3471 2791 levitatis

1892 2834 2109 2889 expers,
2150 2822 2351 2891 quietis
2380 2822 2547 2877 habet
2594 2823 2648 2877 in
2680 2839 2739 2878 se
2773 2825 2979 2893 potius,
3016 2842 3180 2895 quam
3211 2836 3393 2882 motus
3416 2829 3471 2881 in

1891 2916 2076 2971 orbem
2130 2916 2338 2971 incitati
2390 2916 2740 2986 principium.
2799 2916 2854 2971 Si
2881 2918 3025 2972 euim
3052 2934 3174 2988 qua:
3205 2927 3355 2973 recto
3391 2918 3471 2973 le—

1891 3016 2089 3063 runtur
2132 3020 2317 3075 metu,
2350 3008 2405 3062 in
2433 3008 2501 3064 iis
2535 3025 2645 3063 non
2676 3010 2790 3078 jam
2823 3009 2994 3080 ﬁgura
3017 3049 3031 3073 ,
3059 3010 3153 3065 sed
3189 3012 3473 3080 proprium

1892 3096 2158 3167 cujusque
2188 3106 2553 3165 momentum,
2596 3113 2769 3168 genus
2814 3099 2945 3153 illud
2976 3098 3138 3154 elﬁeit
3166 3100 3427 3158 motionis
3456 3120 3471 3154 :

1893 3187 2136 3257 profecto
2166 3204 2366 3259 corpus
2392 3192 2479 3244 sui
2516 3190 2716 3250 simile.
2740 3189 2936 3245 similis
2966 3191 3191 3246 alterius
3214 3192 3270 3247 in
3294 3194 3475 3247 medio

1895 3278 2242 3345 collocatum,
2291 3288 2504 3349 partem
2536 3281 2588 3334 in
2633 3282 2799 3336 ullam
2850 3282 3221 3339 inclinationis
3249 3300 3474 3341 causam

1894 3382 2004 3421 non
2035 3369 2282 3433 habebit,
2334 3371 2507 3441 808
2558 3388 2667 3442 qua
2699 3373 2781 3428 vel
2816 3374 2868 3427 in
2899 3374 3180 3441 dextram,
3215 3391 3473 3431 auroram

1892 3477 2084 3518 versus
2118 3473 2282 3533 atque
2325 3466 2495 3519 solem
2518 3505 2532 3528 ,
2571 3465 2656 3519 vel
2692 3465 2744 3519 in
2775 3466 3093 3531 sinistram,
3128 3468 3213 3523 vel
3258 3480 3476 3525 antror-

1895 3567 2040 3617 sum,
2071 3552 2154 3606 vel
2186 3562 2487 3609 retrorsum
2516 3555 2781 3610 ferantur.
2810 3555 3081 3612 Prii-terea
3114 3560 3328 3615 ceteris
3354 3562 3477 3630 qui-

1894 3642 2017 3698 dem
2046 3645 2389 3713 corporibus,
2420 3661 2544 3716 quae
2567 3648 2684 3702 suis
2706 3649 2931 3718 expulsa
2965 3649 3101 3705 locis
3127 3649 3350 3718 fuerint,
3390 3669 3478 3708 re-

1894 3735 2043 3790 ditus
2083 3736 2138 3790 in
2182 3737 2371 3791 eadem
2394 3738 2599 3807 justam
2635 3739 2858 3796 alterius
2887 3756 2984 3812 per
3014 3757 3134 3798 sese
3164 3755 3345 3799 motus
3378 3761 3475 3801 oe-

1896 3830 2174 3883 easionem
2201 3830 2458 3899 prebeat.
2499 3830 2703 3896 Quinto
2748 3841 2931 3888 autem
2976 3834 3073 3898 illi,
3120 3837 3267 3905 quod
3302 3852 3332 3891 e
3361 3838 3476 3893 suis

1898 3936 2177 3991 nunquam
2213 3924 2528 3993 regionibus
2563 3934 2739 3987 exeat.
2765 3927 2940 3983 satius
2974 3929 3164 3998 utique
3183 3930 3323 3985 foret
3344 3948 3477 3986 con-

1897 4012 2196 4081 quiescere.
2236 4014 2408 4070 Porro
2427 4016 2494 4071 de
2516 4018 2725 4072 caeteris
2740 4019 2904 4073 etiam
2928 4022 3477 4092 corporibus,quinto

1898 4149 2054 4226 cujus
2084 4151 2335 4226 lectionis
2362 4152 2550 4226 vilium
2581 4168 2831 4226 persese
2843 4163 3025 4226 patet.
3054 4155 3206 4209 Alter
3233 4163 3390 4226 post,
3418 4160 3477 4211 ἐν

1898 4220 2081 4294 κύκλῳ
2122 4223 2521 4294 κινήσεωςνὶιίι
2553 4220 2750 4293 pergit:
2790 4220 2903 4294 Τῆς
2934 4227 3020 4278 ἐπ’
3052 4220 3265 4290 εὐθείας
3296 4245 3479 4281 κινου·

1902 4291 2069 4388 μέγῦέ
2087 4292 2155 4388 ξδ
2176 4291 2685 4388 Ἣμαέθὶν-Ξιίῖίαὲ
2708 4295 2829 4377 έκρν
2845 4291 2896 4388 ές
2922 4313 3136 4388 suum
3152 4314 3215 4388 ελ,
3233 4297 3477 4388 deus“

1902 4362 2059 4431 μόνον
2086 4364 2142 4438 έν
2175 4362 2325 4438 μέσῳ
2354 4380 2405 4438 τ.
2432 4362 2480 4419 ο.
2504 4380 2567 4438 _‘=._
2584 4381 2630 4438 ο.
2657 4381 2704 4438 ε.
2839 4366 3020 4438 κλιθῇ,
3050 4362 3166 4419 ἀλλς
3196 4371 3255 4421 ὲν
3287 4362 3475 4438 κ’ύκλῳ

1902 4385 2059 4431 μονον
2086 4385 2142 4414 εν
2175 4385 2325 4433 μεσῳ
2354 4385 2405 4417 τ.
2432 4385 2480 4419 ο.
2504 4385 2555 4416 τ.
2584 4385 2630 4415 ο.
2657 4385 2704 4418 ε.
2731 4385 2772 4418 π
2839 4385 3020 4438 κΛιῠῃ,
3050 4385 3162 4419 αλλ’
3196 4385 3255 4421 εν
3287 4385 3475 4440 κυκλῳ

1900 4433 2197 4509 περιτεθὲν,
2216 4503 2226 4509 _
2248 4434 2437 4509 ὁποίαν
2472 4434 2569 4486 εἴτ’
2600 4436 2701 4509 ἐπὶ.
2724 4385 2891 4502 δεῖὲιά,
2926 4450 3053 4509 etc.,
3082 4439 3171 4492 ubi
3202 4440 3287 4493 vix
3315 4441 3477 4509 (ιυίιί-

1897 4518 2059 4580 quam
2107 4503 2278 4580 ὑγιές.
2315 4503 2622 4580 ΔΜοηιῆιιιιι.
2672 4506 2910 4580 denique
2954 4507 3067 4580 hoc
3105 4509 3268 4580 modo
3310 4503 3473 4580 legit:

284 4572 362 4661 (ξ)
398 4574 731 4661 ᾈκιγυησιάς
760 4572 1020 4661 μῶμον.
1050 4574 1185 4661 imo.
1214 4576 1359 4644 quod
1404 4575 1684 4661 gravitatis.
1712 4577 1785 4630 sit

1891 4574 2290 4657 κινήσεωςκτοῖς
2311 4574 2397 4661 ἐπ’
2427 4574 2647 4661 ειύθείας.
2663 4572 3003 4661 κινουμένοις
3023 4578 3084 4631 τὸ
3110 4579 3316 4651 σχῆμα,
3341 4572 3475 4661 910.,

206 4658 278 4699 ac
326 4644 556 4698 levitatis
602 4660 832 4715 expers,
878 4645 1002 4700 inde
1051 4656 1258 4699 tantum
1306 4645 1573 4715 sequitur,
1610 4647 1686 4700 uti
1717 4663 1783 4699 ex

209 4728 334 4768 sese
366 4728 467 4767 nec
498 4730 716 4769 sursum
744 4712 976 4780 feratur,
1000 4731 1102 4770 nec
1127 4712 1405 4771 deorsum'.
1438 4714 1628 4778 Porro,
1659 4732 1783 4770 eum

209 4784 356 4837 idem
389 4785 583 4855 caelum
616 4794 670 4839 et
698 4785 919 4855 globosa
950 4786 1120 4855 figura
1150 4788 1241 4847 sit,
1270 4796 1322 4839 et
1353 4794 1531 4839 tamen
1559 4801 1668 4839 non
1694 4801 1789 4855 per

209 4869 353 4919 sese,
384 4863 439 4907 at
482 4854 586 4925 ὐπὸ
630 4853 725 4907 τοῦ
778 4853 1184 4925 παρισταμένου
1226 4856 1431 4918 εἴδους,
1473 4853 1785 4921 moveatur,

210 4924 439 4976 omnino
483 4924 760 4978 fatendum
795 4924 899 4986 est,
930 4934 986 4980 et
1026 4924 1349 4980 eircularem
1380 4928 1429 4979 ei
1467 4936 1696 4986 motum.
1734 4937 1789 4979 et

212 4994 453 5065 quietem
498 4995 695 5061 ipsam,
730 5010 797 5048 ex
844 4998 1080 5064 propriis
1110 5006 1315 5049 natura:
1347 4996 1625 5065 principiis
1651 5011 1752 5049 con
1773 5025 1789 5037 -

212 5063 403 5118 venire
439 5063 961 5137 :mo_tus_eunveuit,
998 5068 1141 5135 quod
1172 5082 1297 5120 eum
1335 5063 1445 5118 τῶν
1485 5063 1591 5120 ὑπὸ
1631 5066 1790 5137 σελή-

212 5149 313 5205 νην
346 5135 622 5203 generatio
650 5135 919 5190 desideret
946 5153 958 5186 :
990 5139 1242 5190 convenit
1267 5136 1429 5189 etiam
1461 5138 1636 5205 quies,
1664 5135 1787 5190 eum

216 5204 309 5275 illa
357 5206 637 5274 generatio
674 5214 935 5275 perpetua
980 5221 1100 5260 esse
1146 5222 1254 5259 non
1305 5204 1518 5261 debeat.
1560 5208 1678 5261 Alia
1706 5216 1790 5261 est

214 5274 525 5346 Aristotelis
569 5274 930 5340 ratidcinatio,
966 5277 1061 5331 sed
1105 5292 1227 5346 qua:
1270 5277 1453 5332 minus
1501 5292 1626 5331 cum
1668 5278 1787 5331 ﬁdei

214 5344 505 5435 ντῑιιςίρὶίξ
527 5346 831 5435 soluere“-

312 5414 566 5488 5)_'A.Ll'
587 5417 680 5488 οὐ.
706 5415 812 5470 Pro
836 5416 892 5488 ἦ,
919 5417 1013 5487 qui
1051 5417 1271 5487 quidem
1302 5418 1614 5473 idiotismus
1641 5416 1791 5471 Thu-

214 5485 445 5558 eydidis.
469 5486 609 5558 inter
634 5487 795 5558 alios,
827 5485 1349 5558 maiime'proprius
1381 5498 1483 5543 est.

287 5555 364 5623 (6)
384 5556 601 5627 Ειίτάρ
629 5556 752 5621 τοῖς
773 5556 867 5609 ἐπ’
893 5559 1046 5622 εὐθ..
1075 5555 1180 5613 etc.
1200 5555 1387 5614 Locus
1421 5559 1511 5614 hie
1536 5573 1788 5627 magnam

216 5627 422 5693 patitur
466 5626 760 5697 lectionum
809 5628 1144 5682 varietatem.
1181 5630 1331 5683 Alter
1371 5645 1401 5683 e
1442 5644 1545 5683 ms.
1583 5626 1787 5697 Regiis,

214 5705 340 5763 post
364 5695 543 5769 alrluv
562 5695 705 5769 ⁸ἔχει,
732 5699 991 5769 expungit
1013 5699 1063 5750 εἰ
1096 5700 1224 5769 γάρ,
1252 5711 1366 5753 tum
1398 5701 1469 5753 ita
1498 5695 1754 5769 prosequi
1772 5729 1788 5739 -

216 5775 325 5826 tur,
359 5767 457 5835 τῆς
488 5766 574 5818 ἐπ’
606 5766 818 5829 εὐθείας
857 5766 1186 5840 κινουμένης
1216 5769 1277 5821 τὸ
1310 5766 1789 5840 σχῆμαΧείηοίού)

213 5853 265 5888 τ.
295 5853 348 5889 α.
376 5852 423 5890 ε.
452 5853 502 5889 τ.
540 5854 595 5893 κ.
628 5852 681 5891 α.
720 5854 776 5908 η.
815 5854 867 5908 ρ.
901 5837 1058 5909 σῶμα
1081 5837 1145 5892 οὐ
1179 5837 1433 5910 μόνονὶῆ
1466 5840 1634 5910 μέσῳ.
1658 5848 1787 5906 ete.,

1891 4654 2005 4720 tu_m
2035 4644 2343 4720 proditore}:
2364 4646 2538 4720 _habe_t
2569 4647 2743 4720 etiam
2785 4644 2846 4699 οὐ
2886 4648 3074 4720 μόνον·
3102 4644 3315 4720 οἵρὀι
3341 4651 3475 4716 ἕξει,

1892 4666 2005 4696 tum
2073 4666 2132 4698 ru
2160 4666 2343 4714 ομοιον
2377 4666 2538 4699 navet
2580 4666 2743 4700 etiam
2785 4666 2846 4699 ου
2935 4666 3074 4701 ονον⁹
3102 4666 3157 4703 el.
3190 4666 3315 4720 post
3342 4666 3475 4716 εςει,

1890 4714 1965 4801 πῇ
2003 4666 2184 4801 κλιθῇζ
2216 4715 2331 4800 ἀλλ’
2361 4715 2646 4801 ὲχκύκληῳ
2687 4666 2971 4801 περιτεθὲν
3004 4720 3172 4801 ὁποίῳ
3214 4722 3343 4785 τινὶ,
3380 4724 3479 4792 οὐχ

1889 4783 2001 4858 ἕξει
2034 4783 2261 4855 τῆςὲπί
2305 4802 2358 4838 τι
2396 4785 2539 4839 κλισ.
2574 4783 2687 4855 Ego
2725 4783 2998 4858 vulgatam
3037 4783 3479 4846 lectionemoni:

1893 4856 2054 4932 nibus
2104 4866 2416 4932 antepono:
2450 4865 2659 4932 tantum
2707 4856 2906 4932 moneo
2958 4860 3131 4932 illud,
3180 4862 3366 4932 ὅμοιον
3417 4864 3477 4916 ὲν

1895 4924 2052 5003 μέσῳ-
2075 4924 2448 4997 τεθὲνὸμοίου
2490 4926 2670 5003 τινός.-
2689 4928 2893 5003 dictum
2928 4931 3097 5003 videri
3118 4924 3123 4926 ⁷
3143 4924 3226 5003 ὁδ’
3248 4934 3476 5003 globosa

1893 4995 2085 5068 sideris
2117 4995 2368 5068 corpore,
2400 4998 2542 5066 quod
2566 4998 2791 5068 globosa
2814 5000 2941 5054 item
2975 5000 3113 5056 caelo
3144 4995 3473 5058 includitur:

1894 5065 1999 5144 nisi
2031 5066 2340 5144 _ma|is_pro
2384 5065 2589 5144 ομοίοιί
2612 5070 2806 5144 τινόςη
2825 5085 3089 5144 reponere
3138 5074 3307 5144 ὁμοίῳ
3346 5072 3474 5127 τινί.

1892 5133 2047 5199 Quod
2071 5133 2340 5206 sequitur,
2365 5133 2464 5190 εἴτ’
2487 5138 2579 5190 ὲπί
2605 5133 2924 5204 δεξιὰίωσι,
2949 5142 3155 5197 castius
3172 5133 3473 5207 videretur,

1893 5209 1938 5259 si
1970 5207 2185 5282 abesset
2225 5207 2379 5282 ζωσι,
2408 5210 2523 5282 nisi
2547 5209 2613 5262 ad
2642 5212 2795 5264 sidus
2828 5219 2884 5282 et
2906 5212 3103 5266 caelum
3140 5213 3327 5267 referri
3360 5214 3479 5282 pla-

1892 5285 1997 5350 eet.
2027 5274 2385 5350 Porro‘faeile
2418 5279 2599 5333 Attico
2644 5281 2999 5350 respondeas,
3028 5283 3081 5335 in
3116 5292 3265 5337 motu
3295 5274 3477 5338 cii-eu-

1893 5345 2016 5417 lari,
2038 5345 2145 5417 cipe
2170 5346 2345 5401 κλίσιν
2374 5350 2592 5417 proprie
2623 5345 2802 5405 locum
2830 5366 2938 5405 non
2973 5345 3191 5407 habere.

1965 5416 2043 5484 (7)
2057 5415 2153 5491 ΔΤῷ
2168 5415 2414 5486 πέμπτῳ
2429 5415 2498 5471 δὲ
2512 5420 2738 5487 ἐκείνῳ.
2758 5420 2829 5473 At
2844 5421 2970 5475 licet
2987 5423 3266 5491 proprium
3285 5438 3476 5491 quem-

1892 5487 2015 5540 dam
2057 5486 2237 5541 locum
2272 5504 2379 5543 non
2406 5501 2617 5558 quierat
2646 5486 2869 5553 etelum,
2904 5486 3033 5546 duin
3072 5486 3343 5557 movetur,
3377 5494 3480 5561 φύ-

1894 5574 1976 5609 σει
2003 5566 2205 5632 tamen,
2239 5574 2345 5632 non
2378 5560 2429 5632 vi
2456 5561 2564 5615 ulla
2593 5571 2865 5625 movetur,
2885 5564 3030 5632 quod
3052 5578 3176 5617 eum
3205 5564 3326 5619 caeli
3347 5560 3476 5618 nio-

1892 5636 2030 5704 turn
2050 5629 2285 5704 universi
2321 5630 2463 5682 ratio
2494 5641 2548 5684 et
2576 5629 2922 5704 incolumitas
2952 5633 3155 5704 exigat.

1963 5698 2487 5772 (8)“ZAnz-rie’m-toq
2552 5701 2661 5771 γὰρ
2716 5698 3072 5772 Πλάτωνοςῖ
3107 5704 3164 5759 1η
3238 5701 3475 5772 Τὶυιαό,

1892 5783 2013 5839 pag.
2046 5770 2150 5822 550
2181 5773 2223 5821 Α
2251 5769 2441 5824 Fieim.
