4090 6382
320 350 344 403 1
356 348 463 405 5‘29

318 471 417 541 τῆς
454 469 633 539 ψυχῆς
671 467 810 520 θεῖον
840 464 1011 518 σῶσαι
1050 463 1369 533 δυνηθείσης
1394 479 1408 493 ο

320 577 456 624 σεως
496 559 795 629 πράγματα
832 556 1029 617 πάντα,
1070 555 1213 609 κατά
1250 554 1347 625 τὴν
1371 554 1469 625 τῆς
1494 556 1673 626 ψυχῆς
1711 556 1907 627 διοίκη-

322 670 427 713 σιν,
474 651 599 721 ἔσχε
650 648 711 702 τὸ
730 647 911 711 καλῶς
934 648 1255 702 διοικεῖσθαι
1292 647 1574 704 δύνασθαι.
1603 650 1765 721 Ψυχὴ
1796 650 1906 722 γάρ

321 744 489 806 πᾶσα,
520 740 674 811 φησὶ,
714 740 915 803 παντὸς
936 741 1279 809 ἐπιμελεῖται
1314 740 1407 793 τοῦ
1449 742 1691 813 ἀψύχου⁹
1730 744 1907 798 πάντα

316 833 372 887 δὲ
399 832 627 904 οὐρανὸν
679 834 963 907 περιπολεῖ
1007 834 1185 887 ἄλλοτ’
1222 837 1281 887 ἐν
1328 834 1509 898 ἄλλοις
1553 836 1716 889 εἴδεσι
1755 854 1900 906 γινο-

321 927 477 997 μένη.
526 926 686 979 Ἀλλὰ
741 926 846 997 μὴν
899 928 993 981 καὶ
1031 926 1099 979 τὰ
1128 927 1226 997 τῆς
1265 927 1611 999 ἐπιστήμης,
1657 934 1753 982 καὶ
1808 932 1905 1002 τῆς

319 1018 531 1086 σοφίας.
578 1020 673 1074 καὶ
710 1023 790 1082 είς
830 1020 928 1089 τὴν
972 1020 1273 1073 ἀθανασίαν
1301 1021 1399 1092 τῆς
1432 1019 1612 1091 ψυχῆς
1667 1023 1904 1093 ἀνῆπται

315 1112 393 1182 τῷ
434 1112 699 1167 Πλάτωνι.
720 1114 900 1166 Πᾶσαι
921 1112 1028 1184 γὰρ
1058 1115 1113 1166 αἱ
1139 1114 1403 1186 μαθήσεις
1420 1116 1901 1186 ἀναμνήσεις(15)·

317 1204 410 1257 καὶ
433 1204 533 1257 οὐκ
573 1204 747 1268 ἄλλως
783 1205 956 1259 οἴεται
994 1204 1253 1259 δύνασθαι
1295 1204 1567 1272 σώζεσθαι
1606 1209 1702 1263 καὶ
1737 1210 1906 1281 ζήτη-

319 1313 403 1348 σιν
434 1298 525 1350 καὶ
550 1295 805 1368 μάθησιν,
848 1294 909 1362 ἐξ
947 1291 1022 1351 ὧν
1054 1299 1331 1371 ἐπιστήμη
1374 1300 1601 1369 γίνεται.
1644 1304 1705 1356 Εἰ
1742 1303 1798 1356 δὲ
1831 1307 1903 1377 μή

316 1391 526 1461 ἐστινὴ
576 1388 721 1461 ψυχὴ
762 1389 1049 1454 ἀθάνατος,
1093 1392 1211 1445 οὐδὲ
1251 1393 1595 1463 ἀνάμνησιςο
1641 1397 1688 1448 εί
1727 1396 1783 1450 δὲ
1830 1398 1904 1469 μὴ

313 1480 474 1534 τοῦτο
500 1522 515 1544 ,
558 1481 678 1535 οὐδὲ
740 1481 997 1553 μάθησις.
1053 1484 1279 1538 Πάντων
1336 1482 1427 1539 οὖν
1474 1487 1565 1540 τοῦ
1620 1487 1905 1552 Πλάτωνος

312 1574 599 1645 δογμάτων
628 1575 869 1646 ἀτεχνῶς
900 1574 1308 1649 ἐξηρτημένων,
1345 1579 1439 1631 καὶ
1466 1580 1896 1651 ὲγκρεμαμένων

312 1666 415 1736 τῆς
447 1668 589 1721 κατὰ
627 1668 725 1740 τὴν
763 1668 940 1740 ψυχὴν
964 1669 1237 1741 θειότητος
1263 1688 1322 1724 τε
1350 1672 1444 1725 καὶ
1496 1672 1799 1738 ἀθανασίας
1826 1716 1839 1737 ,
1874 1676 1903 1728 6

316 1760 391 1831 μὴ
426 1762 726 1834 συγχωρῶν
769 1762 950 1826 τοῦτο,
993 1762 1090 1835 τὴν
1123 1765 1304 1817 πᾶσαν
1351 1765 1648 1837 ἀνατρέπει
1688 1767 1903 1835 φιλοσο-

314 1854 443 1923 φίαν
467 1854 775 1919 Πλάτωνος.
818 1856 913 1920 Τίς
951 1852 1044 1910 οὖν
1077 1858 1223 1909 ἐστιν
1260 1858 1288 1910 6
1320 1858 1535 1932 πρῶτος
1574 1859 1903 1933 ἐγχειρήσας

311 1946 703 2011 ἀντιτάξασθαι
736 1948 1066 2014 ἀποδείξεσι,
1098 1950 1191 2003 καὶ
1228 1951 1329 2021 τὴν
1374 1950 1552 2024 ψυχὴν
1607 1954 1903 2023 ἀφελέσθαι

311 2039 413 2107 τῆς
443 2039 743 2105 ἀθανασίας
766 2043 860 2096 καὶ
889 2042 990 2113 τῆς
1014 2042 1179 2113 ἄλλης
1215 2042 1398 2115 πάσης
1434 2044 1715 2115 δυνάμεως
1744 2062 1758 2111 ;
1807 2047 1903 2110 Τίς

312 2131 357 2185 δ’
381 2133 568 2205 ἕτερος
596 2132 628 2203 ῆ
658 2134 687 2184 6
726 2133 1143 2205 Ἀριστοτέλης;
1192 2133 1314 2189 Τῶν
1348 2134 1447 2205 μὲν
1480 2134 1589 2207 γάρ
1641 2136 1816 2190 ἄλλων
1853 2139 1903 2189 οἱ

315 2224 414 2295 μὲν
436 2224 804 2296 ἐπιδιαμένειν
832 2225 1239 2298 συνεχώρησαν·
1263 2227 1313 2280 οἱ
1345 2227 1412 2291 δ’,
1436 2230 1484 2281 εί
1511 2228 1585 2303 μὴ
1608 2230 1702 2283 καί
1722 2229 1902 2295 τοῦτο,

309 2317 537 2389 δύναμίν
564 2335 627 2385 γε
665 2320 723 2372 ὲν
745 2318 822 2390 τῷ
850 2317 1061 2389 σώματι
1091 2319 1185 2371 καὶ
1213 2318 1426 2390 κίνησίν
1456 2338 1581 2375 τινα
1600 2361 1616 2385 ,
1652 2323 1746 2375 καὶ
1767 2320 1905 2394 ἔργα

312 2413 406 2464 καὶ
432 2410 659 2482 πράξεις
685 2412 984 2483 ἀπένειμαν
1010 2414 1076 2484 τῇ
1096 2412 1262 2483 ψυχῇ·
1289 2414 1318 2465 6
1337 2412 1414 2477 δὲ,
1443 2414 1662 2486 ὅσῳπερ
1679 2415 1905 2470 Πλάτων

308 2504 646 2575 άπεσέμνυνε
683 2504 744 2557 τὸ
777 2505 875 2575 τῆς
913 2504 1091 2575 ψυχῆς
1118 2506 1371 2575 πρᾶγμα,
1403 2505 1580 2577 ἀρχὴν
1616 2506 1903 2575 γενέσεως,

309 2600 403 2652 καὶ
426 2596 560 2651 Θεοῦ
591 2598 885 2669 παίδευμα,
910 2600 1005 2652 καλ⁸
1036 2597 1145 2651 τῶν
1167 2598 1422 2651 ἁπάντων
1449 2600 1742 2669 προστάτιν
1770 2600 1906 2654 ἀπο-

310 2693 636 2761 φηνάμενος,
656 2690 717 2744 τὸ
739 2692 897 2761 σῶμα
921 2690 979 2744 δὲ
1003 2689 1115 2761 (14)
1135 2688 1508 2760 ἐφιλονείκησε
1532 2690 1780 2744 καθελεῖν
1809 2691 1905 2744 καὶ

310 2783 575 2855 ἀτιμάσαι
598 2784 691 2837 xa‘t
720 2784 916 2855 μικροῦ
942 2784 1050 2837 δεῖν
1076 2783 1239 2855 μηδὲν
1268 2784 1543 2853 ἀποφῆναι
1570 2782 1668 2855 τὴν
1700 2782 1901 2854 ψυχήν.

312 2874 449 2929 Οὔτε
466 2876 574 2949 γάρ
596 2876 958 2948 πνεῦμαῌῦ),
978 2875 1100 2929 οὔτε
1127 2875 1259 2947 πῦρ,
1278 2874 1400 2928 οὔτε
1422 2875 1558 2937 ὅλως
1583 2874 1760 2945 σῶμα,
1787 2875 1903 2928 ἀλλ’

308 2970 428 3023 οὐδὲ
451 2969 760 3041 ἀσώματον,
786 2968 896 3023 οἷον
924 2964 1064 3022 εἶναί
1084 2986 1144 3023 τε
1168 2969 1252 3038 ἐφ’
1284 2967 1476 3021 ἑαυτοῦ
1499 2969 1593 3021 καὶ
1614 2967 1901 3022 κινεῖσθαιο

310 3062 425 3115 ἀλλ’
448 3062 555 3115 οὐδ’
579 3064 703 3115 ὅσον
728 3064 819 3114 ἐπὶ
840 3060 935 3114 τοῦ
966 3060 1220 3132 σώματος
1240 3077 1253 3090 °
1291 3060 1571 3131 ἀκίνητον,
1596 3063 1692 3114 καὶ
1720 3060 1795 3124 ὡς
1827 3062 1907 3114 εί-

315 3157 459 3219 πεῖν,
493 3154 724 3225 ἄψυχον.
759 3148 884 3207 Οἷον
923 3154 1031 3224 γὰρ
1058 3153 1176 3207 τόδε
1204 3153 1535 3225 ἐτόλμησεν,
1572 3153 1606 3225 ἢ
1653 3154 1749 3208 καὶ
1788 3156 1899 3209 ἀπ·
1929 3186 1974 3249 c

313 3246 651 3317 ηναγκάσθη,
687 3246 764 3309 ὡς
808 3246 900 3300 καὶ
958 3248 1055 3310 τὰς
1100 3246 1488 3317 πρωτουργοὺς
1516 3247 1758 3319 κινήσεις
1785 3248 1898 3318 (i6)

313 3338 606 3407 ἀφελέσθαι
629 3338 728 3409 τῆς
756 3338 953 3410 ψυχῆς,
981 3339 1041 3392 τὸ
1070 3338 1484 3408 βουλεύσασθαι,
1523 3339 1583 3392 τὸ
1612 3338 1900 3411 διανοηθῆ-

312 3428 496 3491 ναι,τὸ
524 3428 910 3501 προσδοκῆσαι,
935 3431 996 3483 τὸ
1025 3430 1419 3502 μνημονεῦσαι,
1450 3431 1509 3483 τὸ
1546 3430 1898 3499 λογίσασθαιί

311 3521 384 3572 Οὐ
404 3521 511 3592 γὰρ
531 3520 712 3593 ψυχῆς
738 3522 911 3577 ταῦτά
941 3524 1058 3575 ἐστι
1079 3514 1163 3575 τά
1183 3523 1480 3594 κινήματα,
1512 3524 1540 3575 6
1560 3522 1657 3593 τῆς
1687 3522 1902 3592 φύσεώς

311 3628 444 3682 φησι
469 3613 849 3683 γραμματεύς.
880 3614 1030 3669 Πάνυ
1061 3615 1193 3683 γοῦν
1221 3608 1378 3678 οὗτός
1408 3616 1525 3668 ἐστι
1561 3616 1779 3681 πιστὸς,
1825 3616 1901 3679 ὼς

310 3704 514 3773 συνῆκέ
542 3723 594 3758 τι
617 3706 746 3777 περὶ
776 3707 885 3760 τῶν
917 3708 1095 3773 ἐκτὸς,
1118 3711 1147 3761 6
1178 3708 1278 3779 τῆς
1313 3707 1479 3762 αὑτοῦ
1500 3709 1677 3781 ψυχῆς
1713 3710 1901 3764 τοσοῦ-

310 3810 402 3845 τον
427 3794 837 3868 διημαρτηκὼς,
867 3800 943 3863 ὡς
972 3801 1094 3872 μηδ’
1124 3801 1206 3854 ὅτι
1239 3801 1532 3854 διανοεῖται
1560 3802 1901 3872 παρακολου-

314 3885 448 3939 θεῖν.
480 3889 553 3940 Οὐ
586 3888 693 3960 γὰρ
720 3893 752 3961 ἠ
778 3891 947 3963 ψυχὴ,
978 3894 1162 3965 φησιν,
1206 3893 1320 3946 ἀλλ’
1343 3896 1371 3948 6
1417 3894 1706 3964 ἄνθρωπός
1752 3897 1900 3949 ἐστιν

312 3979 342 4029 6
393 3978 598 4032 τούτων
648 3983 877 4037 ’ἑκαστον
928 3986 1203 4057 ἐνεργῶν·
1250 3989 1283 4058 ὴ
1333 3986 1479 4057 ψυχὴ
1520 3986 1578 4039 δὲ
1622 3986 1897 4058 ἀκίνητος.

315 4068 503 4141 Τούτῳ
530 4074 815 4143 τοιγαροῦν
843 4077 1105 4149 ἑπόμενος
1126 4078 1449 4150 Δικαίαρχος
1482 4079 1617 4149 (l7),
1652 4080 1745 4134 καὶ
1778 4082 1901 4133 κατ’

388 4273 500 4350 (l3)
542 4278 846 4346 Μαθήσεις
894 4280 1284 4350 ἀναμνήσεις.
1335 4280 1469 4336 Vide
1516 4280 1797 4336 Platonem
1844 4283 1897 4336 in

319 4342 602 4422 Placitone,
637 4342 758 4418 pag.
792 4342 897 4404 382
946 4342 1022 4405 et'
1043 4342 1158 4422 seq.
1188 4393 1202 4417 ,
1240 4342 1344 4421 pro
1377 4352 1542 4421 hujus
1574 4354 1777 4408 erroris
1804 4351 1898 4407 de-

312 4414 562 4538 :znsione
588 4414 805 4489 longius
833 4438 997 4492 quam
1032 4414 1134 4493 par
1162 4414 1309 4479 esset
1332 4414 1622 4493 acriusque
1654 4439 1897 4494 pugnan-

369 4501 440 4538 m.

369 4501 440 4539 m.

384 4538 497 4630 (ιβ)
542 4558 615 4611 Τὸ
654 4560 827 4630 σῶμα
876 4561 963 4615 δέ.
1022 4561 1147 4618 llzee
1191 4565 1237 4619 si
1283 4564 1521 4627 retines,
1567 4564 1893 4620 sententiam
1928 4538 1973 4594 D

313 4625 560 4683 funditus
606 4625 824 4686 omnem
859 4634 1091 4698 evertis,
1125 4643 1185 4689 ut
1215 4625 1561 4691 mediocritér
1596 4636 1895 4691 attendenti

313 4706 477 4781 patet.
508 4699 579 4781 At
610 4701 871 4781 τοσούτῳ,
907 4704 990 4758 vel
1020 4706 1164 4781 τόσῳ
1216 4704 1304 4775 δή,
1335 4714 1390 4759 et
1407 4721 1647 4781 _sensum
1686 4706 1893 4777 implet,

313 4775 367 4821 et
395 4771 671 4846 superiori
703 4771 919 4846 ὅσῳπερ
950 4771 1151 4845 optime
1186 4771 1500 4846 respondet.

340 4828 690 4923 “(l5-)h0ﬁt8-
729 4828 838 4913 γάρ
875 4828 1147 4923 evaganti,
1188 4828 1893 4923 ἐίιὲῗίιλᾴέέιιινιειοιειειη,

316 4907 812 4993 ιίὺτυιέὶυςναηίηιαξ
830 4932 951 4993 cap.
979 4907 1101 4972 Q'et
1127 4907 1247 4993 seq.
1281 4907 1772 4993 ad__libri_ealcem.

353 4978 518 5063 ηαδ)¹
543 4978 966 5063 Πρωτρυργοῷς
996 4978 1318 5063 uertices-ac.
1340 4987 1494 5063 Plato
1525 4988 1617 5063 lib.
1648 5005 1695 5063 x_
1715 4988 1787 5043 De
1817 4991 1895 5063 le-

314 5049 446 5129 gi},
466 5049 623 5129 Ἀγει
644 5125 653 5129 _
664 5055 767 5129 μὲν
779 5049 852 5127 ⁷δὴ
880 5049 1023 5129 ψυχὴ
1055 5049 1232 5112 πάντα
1253 5049 1335 5113 ⁷τά
1366 5062 1485 5112 κατ’
1513 5058 1761 5129 οὐρανὸν,
1803 5062 1897 5113 καὶ

312 5122 421 5201 γῇν
434 5163 449 5185 ,
474 5124 567 5176 καὶ
582 5122 905 5201 θάλατταν,⁷
921 5122 1040 5193 ταῖς
1083 5131 1251 5201 αὐτῆς
1274 5122 1673 5201 κινήσεσιν,ἀῖς
1698 5122 1897 5201 ὀνόμα-

312 5193 542 5277 τάνὲστι,
577 5194 858 5277 βοῦλεσθαι
881 5238 895 5262 ,
927 5193 1282 5277 σκοπεῖσθαι,
1318 5193 1693 5277 ἐπιμελεῖσθαι
1714 5243 1728 5267 ,
1772 5193 1866 5271 βου

312 5261 599 5343 λεύεσθαι,
642 5267 885 5343 δοξάζειν
904 5270 1123 5343 ,ὲγόρθὼς
1145 5312 1159 5336 ,
1198 5261 1511 5343 ἐψευμένως
1534 5313 1549 5338 ,
1574 5261 1894 5343 χαίρουσαν,

314 5332 663 5425 λυπουμένην
684 5380 698 5400 ,
720 5332 729 5333 ί
749 5332 1055 5425 θαρροῦσαν
1075 5332 1124 5425 ,ζ
1146 5332 1547 5425 φοϐουμένην,
1575 5332 1896 5414 ’μισοῦσαν

316 5405 676 5487 στέργουσανο
704 5405 1032 5487 καὶξπάσαις
1053 5405 1219 5487 ,ξόσαι
1256 5405 1465 5466 τούτων’
1502 5405 1782 5487 ξυγγενεῖς
1805 5454 1821 5478 ,

314 5478 661 5556 πρωτουργοὶ
696 5482 938 5556 κινήσεις
961 5523 978 5545 ,
1026 5484 1123 5548 τὰς
1153 5478 1590 5556 δειιτερουργοῗις⁷
1611 5478 1678 5539 αὖ
1717 5478 1899 5556 παραέ

314 5546 685 5638 λαμὸάνουσαι
736 5546 1323 5638 κινήσειςρξυμάτωνξ
1353 5546 1568 5638 ἄγουσι
1593 5556 1770 5610 πάντα
1802 5546 1897 5622 ἐίς

314 5616 573 5700 αὔξησιν,-
590 5621 685 5673 καὶ
705 5616 1015 5700 φθίσιν-,καὶ
1035 5616 1328 5700 διάκρισιν,
1347 5616 1440 5680 καὶ
1459 5616 1892 5700 σύγκρισιν,-θιεί

316 5689 642 5769 Aristoteles
669 5703 850 5769 autem
884 5693 975 5769 lib.
1010 5711 1024 5748 ι
1058 5694 1129 5769 D_e
1158 5689 1360 5760 anima,
1396 5714 1515 5766 cap.
1540 5689 1616 5760 Β(
1636 5700 1719 5753 vel
1750 5689 1807 5761 Li,
1837 5708 1898 5755 ut

317 5760 384 5840 in.
410 5760 531 5840 aliis
561 5762 891 5840 editionibus
926 5764 1231 5840 iunctiones
1264 5769 1396 5840 istas
1442 5760 1536 5822 toti
1574 5770 1756 5838 potius
1794 5760 1897 5840 lto-

316 5834 487 5898 mini,
516 5848 678 5901 quam
712 5835 894 5890 animo
923 5838 1015 5890 uni
1043 5836 1353 5894 tribuendas
1384 5834 1685 5905 existimat,
1722 5842 1794 5894 Τὸ
1830 5839 1889 5894 δὲ

1542 342 1870 397 ΡΒᾸΞΡΑΠ.
1907 339 2157 397 Ενικα.
2205 341 2330 396 LIB.
2386 343 2502 397 XV.

1448 470 1517 518 τά
1552 482 1610 517 τε
1657 465 1756 535 τῆς
1797 463 1895 533 φύ-

2002 478 2154 532 seges
2185 463 2273 517 illa
2318 462 2733 531 complexinque
2781 462 3067 517 muralium
3121 464 3585 534 pneceptionum,

3454 342 3591 399 1550

2009 555 2177 609 animi
2196 554 2763 609 estimmortalitatem
2798 564 3006 619 secuta,
3030 558 3175 625 quod
3204 557 3584 612 excellentiam

2007 645 2440 715 dignitatemque
2482 661 2663 709 suam,
2695 644 2942 714 adeoque
2963 661 3284 715 generosum
3314 648 3465 701 illum
3496 662 3591 702 ar-

2008 738 2197 794 dorem
2233 738 2607 809 impetumque
2635 752 2794 791 suum
2831 736 2968 792 tueri
3012 752 3077 792 ac
3108 738 3341 792 retinere
3380 740 3587 807 virtus,

2006 840 2230 903 propter
2258 832 2402 886 hanc
2447 830 2614 885 animi
2650 830 2992 884 divinitatem
3030 839 3214 899 posset
3258 838 3350 885 :et
3383 841 3590 887 natura:

2007 941 2096 979 res
2127 940 2319 979 omnes
2355 938 2452 993 pro
2479 924 2791 977 animorum
2822 922 3299 977 administratione
3328 925 3590 993 prmclare

2008 1017 2352 1071 ordinantur.
2390 1016 2623 1071 Animus
2649 1016 2791 1069 enim
2824 1017 3026 1081 omnis,
3060 1014 3260 1084 inquit,
3289 1015 3469 1070 omnis
3504 1014 3580 1068 in-

2008 1110 2233 1164 animati
2264 1125 2451 1164 curam
2490 1109 2754 1179 suscipit:
2790 1108 3042 1177 idemque
3065 1108 3263 1163 cmlum
3295 1124 3456 1162 omne
3477 1123 3595 1162 ver-

2007 1213 2090 1259 sat
2119 1220 2181 1258 ae
2208 1202 2365 1271 regit,
2402 1202 2637 1273 speciem
2669 1201 2722 1255 in
2757 1200 2879 1255 aliis
2910 1201 3071 1254 aliam
3098 1210 3261 1270 atque
3297 1200 3459 1253 aliam
3501 1200 3589 1253 in-

2006 1298 2202 1353 ducns.
2250 1296 2391 1363 Quin
2423 1295 2587 1350 etiam
2625 1295 2888 1365 quidquid
2923 1295 3165 1349 scientia:
3204 1310 3269 1350 ac
3314 1295 3593 1364 sapientiae

2007 1394 2288 1463 proprium
2348 1401 2453 1458 est,
2482 1390 2534 1446 id
2573 1400 2745 1447 totum
2797 1407 2918 1445 eum
2970 1391 3139 1445 animi
3183 1390 3593 1445 immortalitate

2006 1486 2162 1542 Plato
2214 1485 2533 1541 connesuit.
2573 1484 2763 1540 Omnis
2810 1484 2955 1539 enim
3007 1484 3273 1538 doctrinae
3319 1485 3592 1553 perceptio

2006 1578 2314 1634 recordatio
2347 1577 2597 1647 quaedam
2629 1586 2712 1632 est
2741 1598 2753 1631 :
2793 1593 2893 1633 nec
2922 1578 3077 1631 aliter
3117 1576 3490 1647 inquisitionis
3527 1592 3592 1632 ac

2006 1672 2328 1741 disciplinae,
2361 1687 2464 1740 qua
2494 1686 2558 1723 ex
2587 1680 2819 1739 utraque
2846 1669 3073 1724 scientia
3110 1669 3380 1743 nascitur,
3414 1669 3588 1723 ratio-

2006 1772 2129 1811 nem
2165 1755 2379 1810 delendi
2406 1770 2566 1825 posse
2600 1754 2916 1809 arbitratur.
2946 1753 3109 1823 Atqui
3143 1753 3188 1807 si
3221 1768 3330 1807 non
3360 1762 3443 1807 est
3469 1752 3590 1806 ani-

1935 1842 1979 1896 B
2008 1858 2131 1902 mus
2156 1845 2505 1911 immortalis,
2541 1844 2847 1900 recordatio
2864 1859 3082 1914 quoque
3108 1844 3257 1898 nulla
3275 1852 3396 1909 est;
3422 1859 3586 1913 quam

2008 1938 2054 1993 si
2087 1936 2397 2001 sustuleris,
2426 1936 2772 2005 disciplinam
2805 1934 3034 2005 proinde
3063 1934 3268 1988 nullam
3296 1933 3586 2002 relinquis.

2007 2030 2145 2086 Cum
2176 2029 2342 2101 igitur
2365 2029 2614 2100 dogmata
2646 2029 2890 2083 Platonis
2920 2028 3189 2101 universa
3214 2042 3279 2082 ex
3307 2027 3473 2082 animi
3500 2028 3582 2081 di-

2006 2123 2233 2178 vinitate
2255 2130 2309 2177 et
2334 2121 2749 2177 immortalitate
2774 2129 2900 2190 apta
2923 2135 3049 2174 vere
3083 2136 3147 2174 ac
3166 2100 3431 2189 suspensa
3455 2118 3587 2183 sint,

2007 2214 2101 2284 qui
2134 2213 2274 2268 hanc
2298 2221 2588 2281 utramque
2613 2211 2883 2282 repudiet,
2930 2211 2977 2266 is
3014 2209 3413 2280 philosophiam
3454 2208 3587 2262 Pla-

2006 2305 2151 2360 tonis
2203 2320 2423 2359 omnem
2481 2302 2729 2357 funditus
2783 2310 2991 2356 evertat
3046 2316 3268 2356 necesse
3304 2309 3406 2355 est.
3449 2298 3587 2366 Quis

2006 2412 2137 2470 ergo
2167 2398 2377 2465 primus
2415 2396 2664 2451 omnium
2696 2394 2994 2450 Platonicis
3018 2393 3589 2449 demonstrationibus

2007 2503 2312 2558 repugnare
2348 2502 2637 2558 aggressus
2671 2494 2776 2549 est.
2826 2494 2989 2555 atque
3020 2488 3264 2539 animum
3302 2484 3590 2540 immorta-

2006 2582 2160 2636 litate
2189 2580 2355 2635 simul
2382 2595 2447 2633 ac
2470 2578 2727 2633 facultate
2749 2578 2898 2632 omni
2933 2578 3211 2647 spoliare?
3242 2578 3377 2645 Quis
3402 2586 3588 2633 autem

2006 2672 2148 2728 alius
2193 2680 2391 2743 praeter
2432 2654 2826 2725 Aristotelem?
2874 2669 3009 2723 Nam
3049 2686 3113 2724 ex
3165 2670 3288 2724 aliis
3324 2670 3542 2739 quidem
3568 2710 3587 2736 ,

2006 2765 2205 2836 partim
2234 2780 2357 2820 eum
2386 2763 2702 2833 aliquandiu
2736 2778 3055 2834 permanere
3090 2761 3424 2828 concedunt,
3460 2779 3589 2833 par-

2006 2858 2128 2923 tim,
2173 2858 2217 2914 si
2266 2858 2449 2913 minus
2492 2856 2598 2911 hoc
2644 2857 2897 2926 probant,
2926 2854 3035 2910 vim
3080 2866 3227 2910 certe
3257 2854 3497 2924 aliquam
3533 2865 3591 2911 et

2006 2949 2301 3005 motionem
2336 2948 2389 3002 in
2421 2963 2649 3018 corpore
2683 2963 2806 3003 cum
2840 2946 3074 3017 prepriis
3107 2946 3434 3016 quibusdam
3460 2946 3586 3001 fun-

2006 3044 2283 3121 ctionibus
2310 3043 2495 3098 animo
2530 3042 2869 3112 relinquunt.
2908 3041 3233 3096 Aristotcles
3255 3050 3587 3110 autem,quo

2006 3136 2445 3209 magniticentius
2474 3135 2719 3190 animum
2761 3134 2914 3189 Plato
2944 3134 3335 3197 celebraverat,
3366 3149 3491 3188 eum
3522 3134 3587 3187 il-

2004 3228 2115 3282 lum
2145 3236 2198 3283 et
2222 3236 2374 3282 ortus
2404 3227 2764 3297 principium,
2818 3225 3023 3296 Deique
3061 3225 3458 3281 institutionem
3487 3242 3587 3297 ap-

2001 3320 2258 3390 pellaret,
2301 3320 2405 3373 hoc
2434 3319 2545 3388 egit
2587 3327 2780 3373 contra
2816 3318 3215 3383 vehementius,
3242 3327 3301 3372 ut
3334 3317 3588 3374 eumdem

2004 3412 2266 3484 abjieeret
2310 3428 2374 3468 ac
2408 3410 2778 3476 dedecoraret,
2810 3410 2922 3465 imo
2952 3425 3080 3465 vero
3126 3410 3261 3465 nihil
3295 3424 3589 3481 propemo-

2002 3505 2133 3561 dum
2174 3520 2295 3561 esse
2320 3504 2652 3560 ostenderet.
2702 3501 2996 3557 Enimvero
3025 3517 3203 3572 neque
3234 3501 3486 3573 spiritum
3520 3501 3587 3556 il-

2002 3599 2116 3654 lum
2151 3614 2293 3664 esse,
2322 3612 2500 3667 neque
2528 3596 2735 3666 ignem,
2771 3610 2948 3665 neque
2976 3595 3201 3649 omnino
3228 3604 3447 3664 corpus,
3474 3593 3589 3649 imo

2002 3708 2105 3748 nec
2134 3692 2298 3747 etiam
2354 3690 2766 3760 incorporeum,
2816 3688 2895 3742 sic
2925 3686 3145 3758 quidem
3178 3696 3238 3742 ut
3279 3686 3393 3756 ipse
3422 3686 3494 3742 sit
3521 3702 3587 3741 ac

2003 3792 2287 3839 moveatur
2315 3799 2382 3839 ex
2416 3798 2574 3839 sese:
2608 3782 2752 3853 quod
2786 3783 2963 3851 ipsum
2999 3796 3099 3836 nec
3128 3781 3177 3839 ei
3213 3782 3494 3846 concedit,
3528 3790 3589 3837 ut

2001 3886 2086 3933 est
2112 3877 2164 3931 in
2197 3890 2425 3945 corpore
2456 3895 2469 3929 :
2506 3890 2737 3945 prorsus
2775 3883 2835 3928 ut
2865 3873 3160 3928 innnobilis
3188 3872 3277 3928 ille
3307 3874 3398 3938 sit,
3422 3881 3590 3943 atque

2002 3979 2064 4023 ut
2090 3968 2162 4023 ita
2189 3969 2391 4033 dicam,
2429 3967 2728 4022 inanimus.
2760 3964 3083 4036 Cujusmodi
3114 3964 3259 4019 enim
3307 3964 3441 4019 illud
3468 3975 3592 4031 est,

2002 4069 2063 4117 ut
2092 4059 2384 4130 primarios
2413 4058 2576 4114 etiam
2622 4058 2680 4113 in
2715 4058 2925 4128 agendo
2956 4066 3139 4112 motus
3172 4055 3359 4110 animo
3384 4055 3467 4111 vel
3490 4071 3589 4111 au-

2001 4283 2201 4350 λέγειν.
2234 4280 2793 4353 ἱιιᾳιιίι,λόργίζεσθαᾲι
2820 4280 2916 4351 τὴν
2954 4279 3150 4353 ψυχὴν,
3187 4279 3502 4353 ὃμοιονῖκάν
3544 4283 3590 4333 εί

2001 4371 2084 4417 τις
2116 4353 2283 4420 λέγοι,
2309 4353 2407 4424 τὴν
2648 4351 2913 4424 ὑφαίνειν,
2950 4353 2977 4422 ἢ
3005 4351 3338 4424 οἰκοδομεῖν.
3373 4352 3591 4424 Βέλτιον

2001 4425 2109 4494 γὰρ
2144 4424 2293 4487 ἴσως,
2315 4493 2320 4494 ν
2340 4422 2413 4493 μὴ
2442 4422 2618 4494 λέγειν
2647 4424 2751 4494 τὴν
2774 4422 2948 4494 ψυχὴν
2975 4422 3166 4486 ἐλεεῖν,
3200 4424 3234 4494 ἢ
3273 4422 3587 4494 μανθάνειν,

2001 4495 2034 4567 ἢ
2070 4492 2415 4575 διανοεῖσθαι,
2448 4493 2584 4547 ἀλλὰ
2608 4492 3100 4575 τὸνάνθρωποντῇ
3126 4492 3293 4575 ψυχῇζ
3331 4493 3462 4560 Quae
3491 4493 3589 4575 do-

2003 4564 2176 4621 ctrina
2208 4580 2335 4619 vcra
2369 4574 2474 4629 est,
2511 4579 2631 4627 nec.
2660 4564 2876 4633 Opinor,
2916 4580 2944 4617 a
2968 4564 3197 4619 Platone
3225 4564 3344 4633 ipso
3369 4572 3585 4633 negata,

2001 4634 2464 4706 quemadmodum
2500 4634 2637 4689 alias
2669 4634 2809 4689 idem
2839 4634 3159 4691 Aristoteles
3184 4650 3313 4690 vere
3339 4635 3594 4706 animum.

2001 4704 2099 4763 seu
2142 4715 2379 4760 mentem
2426 4705 2727 4774 intelligere
2762 4706 3114 4775 pronuntiat,
3161 4714 3222 4760 ut
3258 4706 3353 4760 lib.
3413 4721 3471 4759 ιιι
3500 4704 3589 4775 De

1999 4778 2179 4831 anima
2200 4818 2215 4839 ,
2247 4791 2369 4843 cap.
2401 4775 2554 4847 5,_'0
2582 4777 2691 4847 ἄρα
2724 4775 3185 4847 καλούμενοςτῆς
3218 4776 3397 4847 ψυχῆς
3428 4774 3585 4847 νοῦς’

1999 4794 2179 4831 anima
2200 4818 2215 4839 ,
2247 4793 2369 4843 cap.
2401 4793 2455 4838 ε),
2499 4793 2554 4827 ‘U
2582 4793 2691 4847 αρα
2724 4793 3056 4845 καλουμενος
3086 4794 3185 4845 της
3235 4793 3397 4846 νυχης
3428 4793 3583 4839 νους·

1999 4847 2143 4917 λέγω
2171 4849 2228 4901 δὲ
2262 4847 2408 4911 νοῦν,
2446 4842 2491 4917 ᾧ
2517 4847 2805 4917 διανοεῖται
2840 4847 2932 4899 καὶ
2965 4793 3337 4917 ὑπολαμσῖνει
3361 4849 3393 4917 ἡ
3415 4845 3583 4917 ψυχή.

2073 4865 2143 4917 {to
2171 4849 2228 4901 δὲ
2262 4849 2408 4911 νοῦν,
2446 4849 2491 4917 ᾧ
2517 4849 2805 4901 διανοεῖται
2840 4849 2932 4899 καὶ
2965 4849 3337 4929 ὑπολαμσάνει
3361 4849 3393 4971 7
3415 4849 3583 4969 ψυγὸή.

2073 4919 2191 4988 (l7)
2231 4919 2604 4987 Δικαίαρχος.
2657 4916 2947 4986 llopperus
2983 4917 3326 4973 Aristotelem
3394 4934 3460 4973 nc
3543 4936 3587 4970 ι-

2000 4989 2300 5062 καίαρχον,
2343 4990 2576 5062 justitice
2601 4990 2933 5062 principem,
2969 4989 3073 5043 dici
3127 4989 3426 5062 arbitratus
3462 4997 3584 5062 est.

2002 5058 2351 5116 Dicaearchus
2384 5060 2488 5115 iste
2519 5058 2880 5129 phi|050phns
2906 5070 3023 5112 erat
3048 5075 3111 5111 ex
3146 5058 3393 5113 Messana
3442 5059 3587 5112 Sici—

2000 5132 2087 5203 liae
2115 5132 2267 5194 urbe,
2299 5131 2707 5203 Ἀριστοτέλους
2726 5131 2998 5203 ἀκουστὴς
3012 5139 3119 5203 ._ut
3147 5130 3336 5203 scribit
3362 5129 3582 5203 Suidas.

1876 5231 1899 5244 ο
2000 5201 2077 5256 De
2111 5203 2215 5257 hoc
2244 5199 2413 5256 multa
2440 5202 2644 5271 passim
2666 5200 2897 5262 Tullius,
2920 5211 2979 5254 ut
3011 5199 3224 5254 Tuscul.
3261 5216 3299 5265 ι,
3320 5201 3537 5255 sect.2|
3568 5219 3583 5253 :

2000 5272 2342 5327 Dicaearchus
2375 5284 2573 5334 autem,
2609 5272 2807 5336 inquit.
2835 5272 2889 5324 in
2918 5288 2977 5325 eo
3007 5288 3265 5333 sermone,
3293 5287 3444 5339 quem
3483 5271 3586 5324 Co-

2002 5343 2167 5397 rinthi
2196 5344 2435 5397 habitum
2460 5344 2627 5396 tribus
2651 5342 2803 5395 librls
2834 5343 3070 5412 exponit,
3094 5343 3265 5410 primo
3293 5342 3429 5395 libro
3455 5341 3587 5395 mul-

2003 5424 2083 5485 tos
2116 5414 2383 5485 loquentes
2418 5416 2545 5485 facit
2591 5430 2609 5468 :
2655 5413 2861 5467 duobus
2890 5413 3264 5469 Pherecratem
3305 5413 3586 5483 quemdam

2000 5484 2270 5540 Pthiotum
2300 5484 2493 5550 senem,
2540 5502 2688 5555 quem
2726 5486 2800 5539 ait
2830 5485 3150 5542 Deucalione
3188 5497 3385 5551 ortum,
3416 5487 3586 5541 disse-

2002 5566 2201 5612 rentem
2244 5558 2486 5619 inducit;
2539 5557 2671 5609 nihil
2711 5573 2821 5609 esse
2854 5559 3066 5611 omnino
3100 5561 3334 5613 animum
3356 5600 3371 5617 ,
3402 5570 3449 5613 et
3489 5560 3585 5610 hoc

2000 5643 2111 5683 esse
2147 5638 2313 5683 totum
2344 5645 2533 5681 nomen
2560 5630 2735 5690 inane,
2766 5628 3067 5699 frustraque
3100 5630 3362 5683 animalia
3389 5644 3434 5683 et
3466 5630 3584 5681 ani-

2001 5710 2204 5755 mantes
2234 5699 2514 5769 appellari.
2544 5699 2607 5752 Et
2634 5708 2768 5769 seet.
2804 5700 2869 5751 ’Π
2903 5717 2914 5750 :
2953 5701 3221 5754 Acerrime
3256 5713 3466 5763 autem,
3503 5700 3587 5752 in-

2000 5772 2120 5840 quit
2141 5811 2154 5834 ,
2206 5768 2412 5825 deliciae
2446 5787 2571 5823 mcm
2614 5768 2954 5840 Dictearc/ms
2982 5782 3168 5823 rontra
3195 5772 3329 5823 hanc
3362 5772 3584 5822 immor-

2002 5839 2265 5897 talitatem
2295 5840 2570 5897 disseruit:
2619 5839 2674 5894 Is
2710 5844 2845 5896 enim
2882 5853 2982 5897 (res
3016 5842 3177 5896 libros
3217 5842 3461 5911 scripsit,
3498 5840 3587 5910 qui
