4090 6382
570 398 707 455 1351

566 611 798 673 tionem,
832 605 1226 675 opinationem,
1264 598 1722 658 recordationem,
1767 591 2138 648 ratiocinatio!

567 714 692 755 nem
718 699 733 752 !
764 696 931 767 810
960 693 1143 748 Animi
1171 691 1372 762 quippe
1406 699 1590 743 motus
1627 686 1717 740 isti
1744 700 1854 739 non
1881 690 2032 748 sunt,
2063 683 2144 734 in-

568 789 690 859 quit
723 797 910 840 noster
965 785 1055 838 hic
1098 790 1309 836 natura.
1361 779 1563 835 scriba.
1605 775 1811 846 Dignus
1849 772 2100 827 videlicet
2125 812 2140 831 ,

567 895 730 948 quem
763 875 1003 932 externis
1051 874 1119 928 de
1157 873 1323 926 rebus
1365 868 1570 939 aliquid
1616 865 1924 937 percepisse
1955 863 2139 918 creda-

569 985 710 1034 mus,
743 969 836 1040 qui
869 975 1079 1021 tantum
1111 964 1180 1019 ab
1207 964 1393 1017 animo
1411 961 1526 1031 ipse
1551 975 1652 1014 suo
1677 956 1969 1021 aberravit,
1995 964 2054 1010 ut
2077 969 2146 1008 ne

566 1059 848 1130 pr0priam
891 1057 1113 1126 quidem
1156 1053 1277 1122 ejus
1324 1067 1446 1108 esse
1489 1049 1876 1120 cogitationem
1925 1045 2143 1116 assequi

567 1153 824 1227 potuerit.
851 1149 962 1204 Nec
992 1149 1136 1203 enim
1160 1148 1400 1209 animus,
1434 1144 1632 1214 inquit,
1657 1141 1752 1198 sed
1781 1143 1943 1196 homo
1964 1141 2146 1210 potius

566 1247 729 1302 efﬁcit
767 1244 882 1298 haec
904 1241 1089 1296 omnia
1128 1259 1143 1294 :
1187 1238 1404 1293 animus
1432 1251 1562 1291 vero
1596 1241 1782 1290 manet
1825 1232 2144 1287 immobilis.

569 1340 756 1408 Itaque
781 1336 928 1388 hunc
953 1341 1176 1388 secutus
1210 1338 1397 1399 postea
1423 1327 1787 1388 Dicaearchus,
1818 1324 1872 1378 id
1906 1324 2053 1395 quod
2079 1339 2147 1378 ex

568 1446 632 1483 ea
683 1425 936 1482 doctrina
982 1435 1324 1491 consequens
1359 1427 1477 1472 erat
1509 1418 1713 1489 optime
1743 1431 1867 1471 cum
1903 1416 2148 1479 videret,

570 1532 741 1576 totam
770 1518 940 1573 animi
985 1527 1239 1570 naturam
1279 1511 1528 1566 funditus
1565 1510 1806 1565 sustulit.
1847 1507 1982 1562 Nam
2013 1522 2147 1560 con-

569 1625 678 1670 stat
702 1614 834 1668 illud
861 1610 1102 1681 quidem.
1128 1623 1250 1662 esse
1288 1604 1495 1674 aliquid
1526 1603 1796 1664 animum,
1830 1601 1976 1671 quod
2001 1598 2150 1655 cerni

568 1725 666 1778 per
696 1722 816 1763 sese
838 1721 945 1759 non
969 1703 1144 1774 possit
1170 1720 1182 1755 :
1214 1715 1323 1771 quo
1354 1699 1434 1766 ﬁt,
1472 1709 1533 1752 ut
1561 1698 1753 1753 saltem
1789 1705 2011 1766 propter
2031 1694 2152 1748 nul—

569 1804 679 1856 lam
705 1815 966 1855 sensuum
1008 1796 1408 1866 operationem,
1443 1793 1691 1848 animum
1724 1805 1847 1846 esse
1902 1789 2032 1844 dare
2058 1788 2152 1843 de—

570 1895 820 1947 beamus.
851 1892 922 1944 At
954 1904 1082 1944 vero
1109 1887 1479 1942 delitescentis
1525 1883 1693 1938 animi
1736 1881 2042 1944 motiones,
2082 1894 2150 1932 eo

570 1983 897 2054 compellere
923 1996 1025 2036 nos
1053 1980 1336 2045 videntur,
1375 1978 1451 2032 uti
1483 1974 1690 2033 aliquid
1722 1973 1900 2043 ipsum
1923 1987 2045 2027 esse
2073 1970 2152 2025 fa-

571 2091 806 2134 teamur.
839 2076 1012 2132 Nemo
1033 2075 1177 2131 enim
1210 2075 1324 2130 fere
1355 2082 1440 2130 est
1465 2073 1560 2144 qui
1594 2081 1710 2127 haec
1733 2071 1901 2126 animi
1931 2069 2152 2140 propria

569 2189 680 2228 non
708 2187 829 2226 esse
861 2170 1148 2240 intelligat.
1180 2167 1502 2231 deliberare,
1530 2164 1907 2228 considerare,
1939 2170 1994 2218 et
2016 2175 2154 2232 quo-

571 2272 787 2328 cunque
819 2256 982 2310 modo
1005 2253 1266 2325 cogitare.
1298 2251 1434 2306 Nam
1460 2251 1590 2306 dum
1622 2260 1676 2306 et
1702 2265 1925 2320 corpus,
1949 2258 2004 2303 et
2033 2262 2158 2302 eor-

570 2349 722 2419 poris
756 2346 1042 2402 facultates
1068 2345 1336 2410 videmus,
1369 2343 1644 2413 simulque
1678 2357 1850 2412 genus
1873 2340 2005 2395 illud
2033 2337 2156 2393 fun-

570 2433 816 2488 etionum
848 2430 1093 2500 corporis
1114 2444 1235 2484 esse
1253 2443 1360 2482 non
1385 2442 1547 2497 posse
1567 2425 1980 2484 concludimus;
2007 2421 2154 2475 aliud

571 2517 835 2572 continuo
870 2513 1173 2585 quidpiam,
1205 2510 1349 2582 quod
1378 2525 1474 2580 per
1503 2525 1624 2564 sese
1649 2508 1928 2572 deliberet,
1958 2506 2012 2560 in
2057 2519 2156 2559 no-

570 2608 661 2662 bis
692 2622 833 2671 esse,
880 2614 1046 2675 atque
1087 2603 1218 2658 illud
1245 2603 1422 2672 ipsum
1460 2600 1706 2656 animum
1743 2614 1866 2654 esse
1904 2596 2156 2652 concedi-

571 2715 719 2754 mus.
757 2696 912 2753 Unde
940 2697 1109 2762 enim,
1149 2695 1195 2750 si
1248 2709 1354 2748 non
1391 2692 1539 2756 inde,
1576 2691 1782 2761 aliquid
1812 2705 2054 2760 unquam
2089 2688 2156 2742 de

573 2791 761 2846 animo
777 2787 1148 2845 credidimus?
1177 2784 1232 2841 Si
1263 2787 1388 2856 quis
1417 2785 1584 2856 igitur
1606 2785 1731 2848 ista,
1758 2782 1958 2853 quibus
1982 2780 2157 2834 maxi-

572 2897 664 2936 me
707 2879 955 2950 proditur
1000 2878 1240 2937 animus.
1273 2875 1448 2931 eidem
1498 2872 1768 2941 eripiens.
1803 2869 1895 2924 alii
1938 2868 2154 2923 cuidam

573 2973 654 3027 rei
687 2972 960 3037 tribuerit,
994 2972 1040 3025 is
1083 2968 1352 3039 profecto.
1389 2981 1489 3020 nee
1531 2965 1700 3018 ullum
1723 3003 1737 3026 ,
1765 2961 1909 3015 unde
1939 2959 2156 3013 animus

576 3079 702 3120 esse
727 3061 1191 3134 deprehendatur,
1224 3059 1538 3131 vestigium,
1573 3072 1676 3111 nec
1706 3055 1798 3109 ubi
1831 3068 1964 3108 usus
1985 3049 2154 3106 animi

1218 384 1491 444 EUSEBII
1529 378 2010 440 CESAIUENSIS
2048 377 2198 433 OPP.
2245 371 2425 428 PARS
2464 370 2524 423 ll.
2578 398 2636 407 --
2677 353 3180 418 APOLUGETICA.

566 517 715 579 deat,
742 513 826 570 vel
853 519 1079 583 cogatur
1119 508 1382 571 adimere,
1423 501 1900 564 deliberationem,
1935 497 2134 564 cogita-
2173 499 2216 556 Α
2246 488 2378 543 ἁκόλ

3666 346 3784 403 1352

2379 484 2535 539 ουθον
2564 479 2744 542 ἱκανὸς
2769 477 2843 529 ὢν
2861 474 3104 543 θεωρεῖν,
3133 468 3373 540 ἀνῄρηκε
3405 464 3500 537 τὴν
3535 464 3654 536 ὅλην
3678 467 3790 520 ὑπό-

2249 596 2435 633 στασιν
2464 575 2560 647 τῆς
2583 571 2779 643 ψυχῆς.
2804 569 2926 620 Ὅτι
2963 564 3058 636 μὲν
3089 561 3195 632 γὰρ
3224 557 3454 631 ἀόρατόν
3475 574 3526 608 τι
3563 557 3649 610 καὶ
3671 559 3791 626 ἀφα-

2245 670 2333 733 νές
2364 671 2509 721 ἐστιν
2537 668 2572 736 ἡ
2618 662 2764 733 ψυχὴ
2789 699 2804 724 ,
2833 657 2989 727 δῆλον
3013 672 3026 685 ·
3077 653 3217 706 ὥστε
3260 651 3360 704 οῦκ
3403 649 3469 704 ἂν
3500 648 3586 702 διά
3628 665 3684 718 γε
3708 649 3791 721 τὴν

2245 760 2352 813 ἀπὸ
2385 758 2493 812 τῶν
2527 755 2832 822 αἰσθήσεων
2866 747 3144 817 ἐνέργειαν
3170 743 3390 813 δοίημεν
3436 736 3572 794 εἶναι
3607 740 3789 810 ψυχήνο

2245 853 2302 903 αἱ
2350 849 2407 901 δὲ
2455 849 2702 917 κινήσεις
2731 841 2902 909 αὐτῆς
2941 836 3177 907 ἀφανοῦς
3233 832 3440 904 οὔσης,
3498 833 3792 900 ἀναγκάζειν

2245 943 2392 1013 ἡμᾶς
2422 939 2668 994 δοκοῦσιν
2702 932 2838 988 εἷναί
2875 950 2926 984 τι
2959 933 3056 1001 τὴν
3088 927 3267 998 ψυχὴν
3311 925 3608 997 ὁμολογεῖν.
3636 922 3794 976 Ταῦτα

2245 1036 2354 1108 γάρ
2381 1035 2524 1097 ἄπας
2551 1049 2635 1094 τις
2660 1029 2898 1083 συνιέναι
2924 1026 3071 1079 δοκεῖ
3107 1023 3204 1093 τῆς
3239 1020 3422 1092 ψυχῆς
3449 1021 3593 1080 ὄντα,
3622 1018 3677 1070 τὺ
3701 1018 3796 1087 βου-

2245 1127 2518 1191 λεύεσθαι,
2541 1124 2636 1178 καὶ
2670 1119 3008 1180 σκοπεῖσθαι,
3038 1117 3130 1169 καὶ
3163 1112 3282 1167 καθ’
3315 1112 3376 1166 ὃν
3406 1111 3600 1183 δήποτε
3627 1109 3797 1180 τρόπον

2245 1218 2591 1274 διανοεῖσθαι.
2639 1216 2808 1267 Ὅταν
2856 1210 2961 1283 γὰρ
3005 1209 3201 1278 ἴδωμεν
3238 1203 3298 1258 τὸ
3340 1203 3498 1273 σῶμα
3523 1241 3538 1264 ,
3571 1199 3659 1253 καὶ
3715 1198 3797 1261 τάς

2245 1310 2436 1364 τούτου
2466 1308 2746 1376 δυνάμεις,
2800 1303 2895 1357 καὶ
2933 1297 3328 1370 ἐνθυμηθῶμεν
3361 1295 3417 1348 δὲ
3441 1293 3540 1356 τὰς
3575 1289 3797 1354 τοιαύτας

2251 1401 2550 1475 ἐνεργείας,
2586 1399 2660 1461 ὡς
2685 1397 2744 1450 οὐ
2783 1393 3032 1465 σώματος
3063 1390 3246 1452 οῦσας,
3274 1386 3488 1457 δίδομεν
3516 1381 3646 1438 εἷναί
3671 1399 3719 1434 τι
3751 1382 3797 1434 ὲν

2250 1473 2382 1564 ἡμίν
2417 1493 2504 1552 ἓτε
2515 1508 2604 1562 ρον
2634 1488 2693 1541 τὸ
2721 1485 3106 1559 βουλευόμενον
3125 1501 3137 1513 ο
3170 1479 3328 1533 τοῦτο
3361 1478 3418 1531 δὲ
3447 1473 3584 1530 εἶναι
3611 1475 3698 1546 τὴν
3716 1473 3799 1544 ψυ-

2251 1585 2372 1656 χήν.
2421 1583 2575 1638 Ἐπεὶ
2605 1580 2766 1634 πόθεν
2790 1577 3085 1648 ἀλλαχόθεν
3131 1570 3534 1642 ἐπιστεύσαμεν
3563 1568 3692 1638 ὑπὲρ
3723 1567 3800 1634 ψυ-

2251 1677 2390 1748 χῆςς
2423 1676 2521 1728 Ἂν
2577 1669 2670 1726 οὖν
2723 1689 2810 1735 τις
2862 1669 2922 1735 ἐξ
2964 1661 3038 1722 ὧν
3090 1666 3326 1737 μάλιστα
3371 1661 3516 1732 ψυχὴ
3563 1659 3796 1730 φαίνεται,

2252 1768 2424 1823 ταῦτα
2480 1765 2818 1836 ἀφελόμενος
2851 1761 3023 1833 ἑτέρῳ
3074 1758 3180 1812 τι.νὶ
3226 1753 3484 1828 προσάψῃ
3527 1750 3797 1823 πράγματι.

2180 1845 2223 1901 Β
2251 1861 2375 1915 οὔτε
2412 1859 2534 1912 ὅθεν
2573 1853 2706 1910 οὖσα
2745 1853 3072 1926 ἐμφαίνεται
3107 1849 3535 1907 καταλέλοιπεν,
3574 1842 3686 1896 οῦτε
3707 1843 3732 1894 6
3757 1858 3800 1894 τι

2253 1953 2522 2025 χρήσιμος
2556 1949 2621 2003 ἂν
2658 1943 2797 2001 εἶναι
2818 1945 3020 2014 δοκοίη.
3059 1943 3158 2006 Τίς
3193 1935 3287 1994 οῦν
3314 1941 3348 2009 ή
3391 1935 3607 2008 βοήθεια
3631 1933 3701 2003 τῷ
3722 1932 3802 2000 τὴν

2252 2024 2430 2115 ψυχὴν
2483 2040 2748 2094 ἀθάνατον
2781 2035 2919 2091 εἶναι
2968 2035 3172 2088 θέλοντι
3223 2031 3376 2103 παρὰ
3413 2028 3512 2081 τοῦ
3539 2026 3632 2098 τὴν
3654 2024 3803 2094 ψυχὴν

2253 2133 2705 2195 ἀποκτιννοῦντος
2735 2148 2748 2196 ;
2786 2130 2881 2192 Τίς
2909 2129 2966 2182 δὲ
2990 2131 3022 2198 ἡ
3059 2123 3377 2180 διδασκαλία
3393 2119 3488 2175 τοῦ
3509 2119 3696 2191 τρόπου
3723 2116 3802 2184 τῆς

2254 2228 2518 2298 κινήσεως
2543 2266 2558 2290 ,
2602 2223 2724 2277 καθ’
2751 2223 2814 2275 ὃν
2844 2219 3200 2288 αὐτοκίνητον
3240 2216 3414 2286 αὐτήν
3449 2228 3642 2283 φαμεν,
3679 2205 3802 2276 παρὰ

2253 2318 2364 2372 τῶν
2394 2318 2528 2389 μηδὲ
2565 2316 2625 2370 τὸ
2648 2313 2914 2386 παράπαν
2952 2312 3088 2381 αὐτῇ
3118 2309 3336 2378 κίνησιν
3368 2305 3664 2375 νεμόντων;
3695 2298 3799 2352 Nai’

2253 2410 2387 2464 ἀλλὰ
2413 2409 2554 2464 κατά
2579 2425 2642 2476 γε
2677 2405 2776 2478 τὴν
2813 2402 3112 2459 ἀθανασίαν
3159 2399 3253 2453 τοῦ
3304 2397 3400 2452 νοῦ
3450 2397 3612 2467 φήσαι
3649 2408 3724 2454 τις
3749 2389 3802 2442 ἃν

2254 2504 2416 2557 αὐτὸν
2445 2503 2721 2556 κοινωνεῖν
2749 2499 3018 2552 Πλάτωνι.
3052 2494 3162 2548 Kal
3185 2491 3295 2564 γὰρ
3330 2492 3380 2544 εί
3413 2489 3488 2562 μὴ
3521 2489 3689 2541 πᾶσαν
3713 2481 3803 2553 βού-

2253 2596 2402 2649 λεται
2434 2595 2534 2664 τὴν
2559 2592 2736 2663 ψυχὴν
2765 2589 3038 2644 ἀθάνατον
3066 2581 3226 2649 εἶναι,
3275 2583 3371 2636 τόν
3396 2598 3460 2650 γε
3499 2572 3803 2664 νοῦνῂὸμολο-

2255 2690 2344 2757 γεῖ
2375 2663 2516 2740 θεῖόν
2547 2703 2606 2738 τε
2640 2685 2736 2737 καί
2786 2680 3063 2751 ἄφθαρτον
3095 2673 3254 2730 εἶναι.
3292 2674 3394 2736 Τίς
3450 2673 3544 2743 μὲν
3595 2663 3678 2722 οὖν
3720 2663 3804 2757 τὴν

2254 2755 2442 2835 οὐσίαν
2495 2779 2590 2832 καὶ
2646 2776 2746 2848 τὴν
2780 2774 2940 2844 φύσιν
2993 2773 3022 2824 6
3059 2769 3203 2834 νοῦς,
3239 2767 3367 2822 ὅθεν
3399 2765 3495 2829 ὢν,
3539 2763 3629 2817 καὶ
3671 2755 3804 2848 πόθεν

2255 2845 2730 2943 ἑπεισκρινόμενος
2750 2871 2861 2931 τοῖς
2882 2862 3207 2936 ἀνθρώποις,
3235 2859 3332 2912 καὶ
3353 2856 3459 2912 ποῦ
3480 2854 3633 2908 πάλιν
3659 2845 3804 2943 ἀπαλ-

2254 2930 2600 3035 λαττόρίενος,
2643 2930 2806 3022 αὐτὸς
2845 2930 2932 3011 νᾶν
2962 2930 3160 3025 εἰδείη·
3193 2952 3245 3005 εί
3294 2951 3360 3019 γέ
3391 2967 3445 3002 τι
3493 2945 3716 3015 συνίησιν
3745 2930 3804 2988 ὧν

2257 3055 2405 3124 λέγει
2435 3055 2564 3128 περὶ
2618 3054 2712 3108 τοῦ
2756 3051 2873 3119 νοῦ,
2910 3051 3004 3105 καὶ
3031 3049 3106 3121 μὴ
3133 3046 3196 3100 τὸ
3225 3047 3432 3114 ἄπορον
3462 3042 3554 3096 τοῦ
3589 3039 3806 3128 πράγμα-

578 3157 778 3227 aliquis
811 3172 933 3212 esse
973 3155 1168 3226 possit,
1227 3152 1454 3210 omnino
1503 3151 1802 3220 quidquam
1856 3146 2150 3215 relinquet.

2257 3123 2349 3209 τοξ
2381 3144 2458 3216 τῷ
2487 3123 2693 3215 ἀσαφεῖ
2719 3144 2813 3198 τοῦ
2836 3143 2998 3212 λόγου
3033 3138 3423 3211 περιστέλλων,
3451 3134 3709 3202 ἐξίσταται
3733 3123 3806 3176 τὸν

578 3245 720 3314 Quid
755 3246 922 3317 igitur
947 3245 1086 3316 opis,
1121 3244 1214 3314 qui
1251 3243 1494 3297 animum
1522 3239 1885 3293 immortalem
1917 3251 2041 3292 esse
2061 3236 2155 3290 de-

578 3336 786 3401 fendet,
817 3337 886 3391 ab
910 3351 978 3390 eo
1009 3335 1102 3405 qui
1136 3333 1380 3387 animum
1416 3330 1596 3401 ipsum
1631 3328 1932 3389 interimat,
1963 3339 2156 3394 exspe-

579 3437 731 3484 ctare
756 3425 970 3497 possit?
1002 3432 1097 3478 aut
1127 3422 1220 3492 qui
1252 3421 1397 3476 modi
1423 3420 1562 3490 ejus,
1596 3431 1706 3486 quo
1736 3431 1830 3485 per
1856 3429 1976 3470 sese
2006 3413 2157 3468 illum

580 3519 792 3575 moveri
837 3516 1094 3580 dicimus,
1126 3513 1194 3567 ab
1226 3512 1294 3566 iis
1324 3509 1574 3565 doctrina
1607 3507 1715 3562 ulla
1751 3514 2030 3576 speretur,
2066 3503 2160 3574 qui

581 3612 798 3667 nullum
845 3622 1076 3678 prorsus
1108 3605 1160 3661 ei
1195 3613 1406 3658 motum
1448 3599 1786 3656 concedant?
1829 3596 1979 3663 Esto,
2021 3595 2166 3650 dicat

584 3702 786 3774 aliquis
813 3719 828 3756 :
857 3708 914 3755 at
947 3708 1096 3755 certe
1133 3697 1333 3752 mentis
1365 3692 1828 3748 immortalitatem
1860 3689 2006 3759 quod
2038 3689 2163 3744 atti-

585 3805 700 3861 net,
726 3792 1048 3849 Aristotcles
1068 3806 1193 3845 cum
1220 3787 1448 3842 Platone
1483 3783 1775 3839 consentit.
1809 3781 1860 3837 ls
1891 3781 2034 3835 enim
2055 3821 2070 3845 ,
2102 3789 2164 3833 ut

585 3901 694 3940 non
725 3897 945 3939 omnem
990 3881 1232 3934 animum
1273 3875 1636 3932 immortalem
1667 3887 1790 3929 esse
1821 3871 1969 3934 velit,
2011 3885 2166 3924 men-

582 3988 692 4032 tem
723 3975 941 4046 quidem
968 3983 1024 4029 et
1045 3972 1286 4028 divinam
1317 3985 1460 4032 esse,
1491 3977 1548 4024 et
1575 3964 1948 4036 corruptionis
1975 3979 2166 4034 exper-

585 4082 695 4126 tem
738 4068 961 4124 fatetur.
1005 4065 1172 4137 Ergo,
1204 4080 1326 4134 qua:
1353 4061 1554 4116 mentis
1591 4057 1751 4126 hujus
1775 4056 2013 4112 essentia
2053 4056 2166 4119 sit,

586 4179 710 4235 qua:
737 4170 954 4226 natura,
989 4159 1134 4214 unde
1170 4157 1254 4210 vel
1283 4156 1449 4209 ducat
1480 4152 1773 4223 originem,
1807 4151 1890 4204 vel
1929 4148 2162 4203 homini-

587 4258 691 4312 bus
718 4255 1014 4317 inseratur,
1047 4265 1156 4320 quo
1180 4247 1416 4316 denique
1444 4259 1636 4300 rursus
1663 4242 1860 4306 avolet,
1893 4239 2165 4308 idemjipse

2256 3236 2496 3307 ἔλεγχον,
2539 3235 2730 3310 ὥσπερ
2758 3237 2814 3290 αἱ
2843 3234 3036 3306 σηπίαι
3052 3231 3112 3285 τὸ
3129 3229 3296 3301 δυσθή
3308 3245 3500 3300 ρευτον
3529 3228 3590 3278 ὲκ
3602 3220 3686 3275 τοῦ
3713 3231 3809 3310 σκν-

2255 3305 2434 3380 τεινοῦ
2466 3305 2842 3399 ποριζόμενος.
2859 3305 3085 3388 Πάντως
3123 3323 3179 3376 δὲ
3211 3322 3306 3375 καὶ
3334 3321 3394 3374 ὲν
3424 3317 3627 3378 τούτοις
3649 3305 3806 3376 διαφέ-

2261 3435 2413 3493 ρεται
2445 3419 2713 3474 Πλάτωνι.
2752 3421 2812 3474 Ὀ
2865 3420 2964 3491 μὲν
3013 3416 3123 3487 γάρ
3149 3431 3282 3487 φησι
3339 3413 3467 3468 νοῦν
3502 3412 3622 3466 ἄνευ
3661 3400 3806 3475 ψυχῆς

2261 3509 2520 3564 ἀδύνατον
2548 3506 2688 3563 εἶναι
2713 3509 3066 3564 συνίστασθαι
3089 3527 3102 3538 ·
3127 3511 3156 3561 6
3180 3507 3237 3560 δὲ
3264 3506 3492 3577 χωρίζει
3530 3502 3623 3572 τῆς
3663 3493 3809 3566 ψυχῆς

2266 3603 2356 3655 τὸν
2383 3598 2529 3654 νοῦν.
2562 3602 2668 3654 Kal
2687 3602 2749 3655 τὸ
2780 3603 2878 3674 τῆς
2905 3600 3201 3662 ἀθανασίας
3231 3601 3258 3652 6
3298 3599 3398 3669 μὲν
3451 3595 3582 3668 μετά
3616 3592 3702 3660 τῆς
3725 3586 3806 3654 ψυ-

2271 3692 2370 3763 χῆς
2415 3692 2564 3763 αὐτῷ
2608 3693 2844 3758 δίδωσιν,
2879 3694 2954 3757 ὼς
2977 3693 3153 3756 ἄλλως
3175 3691 3276 3744 οὐκ
3307 3691 3679 3758 ἐνδεχόμενονο
3706 3680 3730 3730 6
3764 3674 3807 3728 δέ

2271 3801 2435 3855 φησιν
2457 3784 2604 3856 αὖτῷ
2639 3786 2786 3858 μόνῳ
2818 3784 3174 3858 χωριζομένῳ
3211 3783 3314 3852 τῆς
3353 3779 3530 3851 ψυχῆς
3566 3774 3708 3829 τοῦτο
3740 3782 3809 3818 πε·

2275 3871 2598 3947 ριγίνεσθαι.
2649 3879 2762 3932 Kal
2807 3881 2908 3949 τὴν
2945 3879 3042 3951 μὲν
3079 3877 3259 3948 ψυχὴν
3309 3875 3402 3928 τοῦ
3460 3871 3694 3942 σώματος
3732 3861 3810 3915 οὐκ

2271 3965 2504 4036 ⁴ιγξίωσεν
2525 3967 2818 4032 ἐκϐαίνειν,
2849 3970 2930 4024 ὅτι
2952 3969 3198 4023 Πλάτωνι
3229 3967 3392 4022 τοῦτο
3430 3968 3619 4038 ἧρεσεο
3659 3959 3737 4012 τὸν
3765 3953 3808 4007 δὲ

2275 4060 2399 4114 νοῦν
2427 4061 2878 4134 ἀπορρήγνυσθαι
2899 4063 3001 4134 τῆς
3030 4061 3212 4132 ψυχῆς
3231 4060 3570 4131 ἠνάγκασεν,
3612 4055 3687 4107 ὅτι
3711 4046 3810 4102 ἀδύ-

2273 4171 2432 4206 νατον
2463 4153 2606 4222 ἔγνω
2634 4155 2862 4209 Πλάτων
2895 4156 2957 4210 τὸ
2984 4156 3216 4211 τοιοῦτο.
3251 4174 3270 4208 ι
3313 4154 3497 4208 Ταῦτα
3531 4152 3622 4223 μὲν
3645 4150 3671 4201 6
3716 4145 3808 4196 Ἀτ-

2271 4245 2440 4308 τικός.
2461 4246 2687 4317 Συνάψω
2706 4248 2762 4302 δὲ
2786 4250 2971 4314 αὐτοῖς
2997 4252 3089 4304 καὶ
3111 4247 3180 4302 τὰ
3209 4247 3483 4301 Πλωτίνου
3506 4242 3634 4297 τόνδ’
3654 4240 3807 4309 ἔχοντα

589 4347 806 4406 noverit
847 4363 862 4401 :
911 4345 959 4401 si
1005 4353 1190 4398 tamen
1233 4353 1427 4395 eorum
1473 4337 1700 4392 omnino
1729 4350 1852 4406 qua:
1882 4334 1950 4389 de
1989 4340 2158 4390 mente

2275 4337 2366 4389 τὸν
2397 4338 2619 4408 τρόπον.

589 4443 861 4513 disputat,
889 4438 1191 4510 quidquam
1231 4433 1504 4502 intelligit,
1540 4447 1602 4486 ac
1628 4447 1736 4485 non
1784 4429 1967 4500 potius
2033 4428 2301 4484 orationis
2359 4432 2694 4490 obscuritate
2759 4451 2916 4492 suam
2959 4438 3063 4492 hac
3090 4437 3146 4491 in
3182 4451 3240 4490 re
3269 4433 3649 4489 dubitationem
3679 4417 3809 4478 dissi-

589 4537 830 4599 mulans,
867 4547 1056 4588 ansam
1101 4527 1542 4599 reprehensionis
1587 4524 1779 4589 evitat,
1809 4537 1874 4578 ac
1937 4520 2211 4591 sepiarum
2256 4539 2426 4592 more,
2457 4526 2697 4582 tenebris
2743 4542 2885 4596 sese,
2949 4544 3060 4598 quo
3097 4526 3366 4583 difficilius
3392 4525 3645 4594 capiatur,
3672 4511 3810 4570 invol.

589 4639 690 4684 vit.
726 4629 1052 4697 Quanquam
1085 4624 1178 4678 hic
1205 4627 1370 4677 etiam
1401 4619 1619 4690 penitus
1655 4633 1686 4672 a
1717 4615 1944 4671 Platone
2004 4613 2276 4670 dissentit.
2342 4616 2391 4672 Is
2423 4619 2570 4674 enim
2631 4630 2870 4676 mentem
2918 4630 3082 4692 negat
3103 4635 3350 4676 seorsum
3380 4618 3447 4673 ab
3483 4615 3656 4670 animo
3681 4609 3809 4677 ροεεθ

592 4733 926 4788 consistere;
975 4718 1294 4775 Aristoteles
1343 4725 1530 4772 contra
1584 4721 1822 4801 ment.qu
1867 4711 1937 4766 ab
1983 4710 2167 4765 animo
2207 4712 2446 4783 sejungit
2517 4730 2581 4770 ac
2651 4725 2891 4786 separat.
2935 4716 3096 4786 811
3143 4713 3368 4779 Deinde,
3396 4704 3807 4766 immortalitatem

592 4823 772 4886 Plato,
805 4817 951 4890 quod
980 4817 1137 4872 aliter
1195 4815 1308 4869 fieri
1375 4828 1482 4867 non
1508 4825 1673 4882 posse
1699 4794 1904 4874 videat,
1941 4807 2246 4877 conjunctae
2288 4825 2411 4863 cum
2441 4811 2630 4865 animo
2655 4811 2824 4866 menti
2852 4810 3121 4875 attribuit,
3151 4823 3258 4880 qua
3287 4808 3460 4863 solam
3490 4805 3621 4858 hanc
3645 4794 3810 4851 Aristo-

591 4916 729 4971 teles
769 4913 834 4967 ah
884 4910 1178 4980 animoque
1219 4909 1548 4977 disjunctam
1603 4903 1709 4959 frui
1764 4903 2085 4958 arbitratur.
2111 4900 2434 4969 Postremo,
2488 4905 2724 4976 migrare
2792 4904 3036 4960 animum
3072 4915 3142 4958 ex
3201 4914 3449 4970 corpore,
3473 4892 3612 4966 quod
3639 4883 3810 4943 itaPlav

593 5006 708 5062 toni
732 5019 909 5060 vrsum
935 5009 1099 5067 esset,
1128 5013 1356 5070 probare
1377 5013 1485 5054 non
1510 4997 1686 5068 potuit
1718 5015 1731 5049 :
1770 5003 2004 5050 mentem
2042 4994 2183 5049 idem
2224 4995 2293 5048 ab
2351 4975 2847 5069 animo,iquoniam
2882 4996 2938 5051 id
2973 4995 3126 5050 Plato
3188 4994 3301 5048 ﬁeri
3332 5007 3436 5047 non
3471 5001 3621 5060 posse
3648 4975 3810 5035 sentic-

594 5103 708 5164 bat,
744 5099 828 5155 vel
857 5097 1083 5152 invitam
1128 5067 1415 5150 abstraxit.
1453 5111 1472 5145 ι
1512 5067 1639 5146 llaec
1674 5089 1909 5145 Atticus.
1951 5085 2162 5153 Quibus
2202 5087 2430 5144 libenter
2476 5067 2620 5160 quae
2666 5098 2972 5160 sequuntur
3013 5087 3236 5142 totidem
3295 5084 3472 5139 verbis
3518 5093 3597 5151 ‘ex
3635 5067 3810 5126 Ploliﬂo

597 5195 948 5267 subjungam.

1209 5257 1441 5315 CAPUT
1470 5257 1538 5314 Χ.

598 5349 684 5407 Ea:
714 5349 939 5404 serundo
972 5344 1176 5400 Plotini
1212 5344 1287 5399 De
1320 5345 1626 5398 animorum
1673 5341 2080 5396 immortalitate
2105 5342 2176 5396 li-

669 5420 784 5481 bro,
819 5420 1068 5473 adversus
1091 5414 1449 5480 Aristotelem,
1473 5414 1562 5483 qui
1582 5415 1812 5467 animum
1838 5411 2177 5466 entelechiam

671 5507 785 5545 esse
814 5491 1070 5560 defendit.

681 5597 699 5632 ι
741 5577 1077 5645 Entelechia,
1132 5577 1330 5648 inquit,
1385 5575 1454 5631 de
1503 5574 1686 5630 animo
1719 5573 2176 5646 quemadmodum
2251 5589 2258 5597 ο

2823 5268 3220 5323 ΚΕΦΑΛΑΙΟΝ
3242 5263 3299 5320 1³.
3659 5343 3676 5350 _
3778 5333 3788 5350 '

2285 5363 2622 5428 Πλωτίνου,
2651 5362 2721 5416 ἐκ
2759 5363 2866 5418 τοῦ
2907 5363 3046 5428 Περὶ
3089 5358 3386 5428 ἀθανασίας
3441 5348 3608 5422 ψυχῆς

2526 5411 3146 5502 ἓτλοέδξῖΑρὶᾷτῖτὶῖληὲἔ
3167 5411 3548 5496 ferratile“;
3569 5411 3579 5419 ’
3598 5414 3696 5482 τὴν
3717 5411 3810 5476 τάπ’·

2357 5503 2479 5574 χὴν
2511 5501 2795 5572 φήσαντα
2821 5501 2995 5558 εἶναι.
3631 5579 3635 5580 γ
3773 5565 3783 5580 ⁹

2362 5615 2380 5647 ι
2414 5596 2487 5648 Τὸ
2518 5594 2576 5648 δὲ
2607 5595 2705 5665 τῆς
2738 5594 3070 5665 ἐντελεχείας
3103 5592 3213 5660 (18)
3269 5583 3354 5644 ὧδ’
3402 5587 3465 5640 ἄν
3520 5597 3598 5643 τις
3625 5579 3808 5629 ἐπισκε-

2291 5697 2498 5826 mimo
2520 5757 2588 5812 Τὸ
2613 5756 2680 5810 δὲ
2703 5756 2814 5823 τῆς
2836 5755 3227 5823 ἐντελεχείας.
3259 5750 3459 5826 Locum
3490 5745 3622 5798 hunc

2292 5798 2508 5886 exgtai'c
2537 5843 2642 5886 non
2670 5798 2821 5896 pulli.
2855 5826 2982 5882 Mihi
3005 5798 3222 5892 quidem
3257 5822 3376 5879 libri
3403 5827 3594 5872 tantum
3621 5798 3806 5863 secundi

601 5692 846 5748 Lesbiaci
880 5703 1150 5754 rocmtmr,
1181 5691 1319 5760 quod
1361 5689 1630 5759 Mitylenis
1661 5704 1829 5744 sermo
1859 5673 2105 5760 habetur,
2128 5689 2185 5740 in

602 5763 792 5832 Quibus
852 5765 955 5815 unt!
1008 5757 1202 5830 efﬁcere
1249 5757 1477 5813 animos
1514 5779 1624 5814 esse
1685 5760 1958 5814 mortales.
2009 5757 2186 5828 Hujus

607 5831 771 5889 omni
791 5837 930 5904 apud
961 5832 1333 5901 Plutarchum,
1358 5833 1768 5900 Athenaeum,et
1803 5832 1960 5897 alios,
1997 5831 2184 5887 crebra
