  <div class='ocr_page' id='page_1' title='image "/cluster/home/n/w/nwhite01/storage/ocr_20150623/21/hvd.32044073501165/682.png"; bbox 0 0 4090 6382; ppageno 0'>
   <div class='ocr_carea' id='block_1_1' title="bbox 352 364 495 420">
    <p class='ocr_par' dir='ltr' id='par_1_1' title="bbox 352 364 495 420">
     <span class='ocr_line' id='line_1_1' title="bbox 352 364 495 420; baseline 0.028 -4"><span class='ocrx_word' id='word_1_1' title='bbox 352 364 495 420; x_wconf 71' lang='grc'><strong>1553</strong></span> 
     </span>
    </p>
   </div>
   <div class='ocr_carea' id='block_1_2' title="bbox 1475 342 2402 406">
    <p class='ocr_par' dir='ltr' id='par_1_2' title="bbox 1475 342 2402 406">
     <span class='ocr_line' id='line_1_2' title="bbox 1475 342 2402 406; baseline -0.011 0"><span class='ocrx_word' id='word_1_2' title='bbox 1475 348 1797 406; x_wconf 64' lang='lat' dir='ltr'><strong>PREPAR.</strong></span> <span class='ocrx_word' id='word_1_3' title='bbox 1839 344 2089 402; x_wconf 68' lang='lat' dir='ltr'><strong>EVANG.</strong></span> <span class='ocrx_word' id='word_1_4' title='bbox 2133 342 2257 398; x_wconf 84' lang='lat' dir='ltr'><strong>LIB.</strong></span> <span class='ocrx_word' id='word_1_5' title='bbox 2286 342 2402 397; x_wconf 63' lang='lat' dir='ltr'><strong>XV.</strong></span> 
     </span>
    </p>
   </div>
   <div class='ocr_carea' id='block_1_3' title="bbox 3464 336 3597 391">
    <p class='ocr_par' dir='ltr' id='par_1_3' title="bbox 3464 336 3597 391">
     <span class='ocr_line' id='line_1_3' title="bbox 3464 336 3597 391; baseline -0.008 -1"><span class='ocrx_word' id='word_1_6' title='bbox 3464 336 3597 391; x_wconf 63' lang='lat'><strong>£555</strong></span> 
     </span>
    </p>
   </div>
   <div class='ocr_carea' id='block_1_4' title="bbox 347 457 1906 551">
    <p class='ocr_par' dir='ltr' id='par_1_4' title="bbox 347 472 1906 551">
     <span class='ocr_line' id='line_1_4' title="bbox 347 472 1906 551; baseline -0.01 -15"><span class='ocrx_word' id='word_1_7' title='bbox 347 482 532 551; x_wconf 75' lang='grc' dir='ltr'>ψαιτο,</span> <span class='ocrx_word' id='word_1_8' title='bbox 563 480 678 544; x_wconf 78' lang='grc' dir='ltr'><strong>πῶς</strong></span> <span class='ocrx_word' id='word_1_9' title='bbox 709 480 835 551; x_wconf 74' lang='grc' dir='ltr'>περὶ</span> <span class='ocrx_word' id='word_1_10' title='bbox 864 478 1043 548; x_wconf 69' lang='grc' dir='ltr'>ψυχῆς</span> <span class='ocrx_word' id='word_1_11' title='bbox 1096 476 1332 543; x_wconf 82' lang='grc' dir='ltr'>λέγεται.</span> <span class='ocrx_word' id='word_1_12' title='bbox 1388 474 1501 545; x_wconf 77' lang='grc' dir='ltr'><strong>Τὴν</strong></span> <span class='ocrx_word' id='word_1_13' title='bbox 1543 472 1723 542; x_wconf 70' lang='grc' dir='ltr'>ψυχήν</span> <span class='ocrx_word' id='word_1_14' title='bbox 1767 486 1906 539; x_wconf 67' lang='grc' dir='ltr'>φασιε</span> 
     </span>
    </p>
   </div>
   <div class='ocr_carea' id='block_1_5' title="bbox 2007 457 3597 551">
    <p class='ocr_par' dir='ltr' id='par_1_5' title="bbox 2032 457 3597 534">
     <span class='ocr_line' id='line_1_5' title="bbox 2032 457 3597 534; baseline -0.007 -16"><span class='ocrx_word' id='word_1_15' title='bbox 2032 473 2351 534; x_wconf 80' lang='lat' dir='ltr'><strong>usurpetur,</strong></span> <span class='ocrx_word' id='word_1_16' title='bbox 2374 463 2453 516; x_wconf 85' lang='lat' dir='ltr'><strong>sic</strong></span> <span class='ocrx_word' id='word_1_17' title='bbox 2479 461 2693 515; x_wconf 86' lang='lat' dir='ltr'><strong>habeto.</strong></span> <span class='ocrx_word' id='word_1_18' title='bbox 2722 460 2975 514; x_wconf 75' lang='lat' dir='ltr'><strong>Animum</strong></span> <span class='ocrx_word' id='word_1_19' title='bbox 3003 462 3174 523; x_wconf 88' lang='lat' dir='ltr'><strong>aiunt,</strong></span> <span class='ocrx_word' id='word_1_20' title='bbox 3201 472 3325 511; x_wconf 81' lang='lat' dir='ltr'><strong>cum</strong></span> <span class='ocrx_word' id='word_1_21' title='bbox 3356 457 3597 509; x_wconf 85' lang='lat' dir='ltr'><strong>animato</strong></span> 
     </span>
    </p>
   </div>
   <div class='ocr_carea' id='block_1_6' title="bbox 351 560 1923 643">
    <p class='ocr_par' dir='ltr' id='par_1_6' title="bbox 351 560 1923 643">
     <span class='ocr_line' id='line_1_6' title="bbox 351 560 1923 643; baseline -0.011 -16"><span class='ocrx_word' id='word_1_22' title='bbox 351 578 410 627; x_wconf 75' lang='grc' dir='ltr'><strong>ἐν</strong></span> <span class='ocrx_word' id='word_1_23' title='bbox 442 572 520 643; x_wconf 85' lang='grc' dir='ltr'>τῷ</span> <span class='ocrx_word' id='word_1_24' title='bbox 553 571 791 640; x_wconf 79' lang='grc' dir='ltr'>συνθέτῳ</span> <span class='ocrx_word' id='word_1_25' title='bbox 819 570 992 631; x_wconf 75' lang='grc' dir='ltr'>εἴδους</span> <span class='ocrx_word' id='word_1_26' title='bbox 1019 567 1173 631; x_wconf 79' lang='grc' dir='ltr'>τάξιν</span> <span class='ocrx_word' id='word_1_27' title='bbox 1203 566 1277 629; x_wconf 84' lang='grc' dir='ltr'><strong>ὡς</strong></span> <span class='ocrx_word' id='word_1_28' title='bbox 1324 564 1459 635; x_wconf 81' lang='grc' dir='ltr'>πρὸς</span> <span class='ocrx_word' id='word_1_29' title='bbox 1509 562 1638 631; x_wconf 83' lang='grc' dir='ltr'>ὓλην</span> <span class='ocrx_word' id='word_1_30' title='bbox 1672 561 1733 613; x_wconf 85' lang='grc' dir='ltr'>τὸ</span> <span class='ocrx_word' id='word_1_31' title='bbox 1765 560 1923 626; x_wconf 79' lang='grc' dir='ltr'>σῶμα</span> 
     </span>
    </p>
   </div>
   <div class='ocr_carea' id='block_1_7' title="bbox 348 643 1922 735">
    <p class='ocr_par' dir='ltr' id='par_1_7' title="bbox 348 643 1922 735">
     <span class='ocr_line' id='line_1_7' title="bbox 348 643 1922 735; baseline -0.009 -18"><span class='ocrx_word' id='word_1_32' title='bbox 348 665 595 735; x_wconf 70' lang='grc' dir='ltr'>ἔμψυχον</span> <span class='ocrx_word' id='word_1_33' title='bbox 619 662 782 733; x_wconf 77' lang='grc' dir='ltr'>ἔχειν,</span> <span class='ocrx_word' id='word_1_34' title='bbox 812 659 1059 731; x_wconf 83' lang='grc' dir='ltr'>σώματος</span> <span class='ocrx_word' id='word_1_35' title='bbox 1087 660 1143 712; x_wconf 82' lang='grc' dir='ltr'>δὲ</span> <span class='ocrx_word' id='word_1_36' title='bbox 1169 659 1228 711; x_wconf 82' lang='grc' dir='ltr'><strong>οὑ</strong></span> <span class='ocrx_word' id='word_1_37' title='bbox 1266 655 1465 719; x_wconf 75' lang='grc' dir='ltr'>παντὸς</span> <span class='ocrx_word' id='word_1_38' title='bbox 1515 651 1674 717; x_wconf 81' lang='grc' dir='ltr'>εἶδος,</span> <span class='ocrx_word' id='word_1_39' title='bbox 1710 651 1831 727; x_wconf 68' lang='grc' dir='ltr'>οὐδὲ</span> 
     </span>
    </p>
   </div>
   <div class='ocr_carea' id='block_1_8' title="bbox 353 744 1921 827">
    <p class='ocr_par' dir='ltr' id='par_1_8' title="bbox 353 744 1921 827">
     <span class='ocr_line' id='line_1_8' title="bbox 353 744 1921 827; baseline -0.01 -17"><span class='ocrx_word' id='word_1_40' title='bbox 353 757 532 827; x_wconf 86' lang='grc' dir='ltr'>σῶμα,</span> <span class='ocrx_word' id='word_1_41' title='bbox 562 754 698 808; x_wconf 86' lang='grc' dir='ltr'><strong>ἀλλά</strong></span> <span class='ocrx_word' id='word_1_42' title='bbox 725 752 974 823; x_wconf 81' lang='grc' dir='ltr'>φυσικοῦ,</span> <span class='ocrx_word' id='word_1_43' title='bbox 1005 749 1317 823; x_wconf 74' lang='grc' dir='ltr'><strong>ὀργανικοῦ,</strong></span> <span class='ocrx_word' id='word_1_44' title='bbox 1344 748 1568 817; x_wconf 80' lang='grc' dir='ltr'><strong>δυνάμει</strong></span> <span class='ocrx_word' id='word_1_45' title='bbox 1602 744 1746 815; x_wconf 78' lang='grc' dir='ltr'><strong>ζωὴν</strong></span> <span class='ocrx_word' id='word_1_46' title='bbox 1774 744 1921 814; x_wconf 80' lang='grc' dir='ltr'>ἕχον-</span> 
     </span>
    </p>
   </div>
   <div class='ocr_carea' id='block_1_9' title="bbox 348 834 1921 915">
    <p class='ocr_par' dir='ltr' id='par_1_9' title="bbox 348 834 1921 915">
     <span class='ocr_line' id='line_1_9' title="bbox 348 834 1921 915; baseline -0.01 -16"><span class='ocrx_word' id='word_1_47' title='bbox 348 863 456 909; x_wconf 85' lang='grc' dir='ltr'>τος.</span> <span class='ocrx_word' id='word_1_48' title='bbox 492 846 555 898; x_wconf 84' lang='lat' dir='ltr'><strong>El</strong></span> <span class='ocrx_word' id='word_1_49' title='bbox 590 845 687 914; x_wconf 83' lang='grc' dir='ltr'><strong>μὲν</strong></span> <span class='ocrx_word' id='word_1_50' title='bbox 711 840 802 897; x_wconf 80' lang='grc' dir='ltr'><strong>οῦν</strong></span> <span class='ocrx_word' id='word_1_51' title='bbox 908 839 1338 913; x_wconf 78' lang='grc' dir='ltr'>παραϐέϐληται,</span> <span class='ocrx_word' id='word_1_52' title='bbox 1370 837 1667 907; x_wconf 81' lang='grc' dir='ltr'>ὡμοίωται,</span> <span class='ocrx_word' id='word_1_53' title='bbox 1692 834 1767 897; x_wconf 84' lang='grc' dir='ltr'>ὼς</span> <span class='ocrx_word' id='word_1_54' title='bbox 1791 850 1921 904; x_wconf 83' lang='grc' dir='ltr'>μορ-</span> 
     </span>
    </p>
   </div>
   <div class='ocr_carea' id='block_1_10' title="bbox 350 927 1918 1009">
    <p class='ocr_par' dir='ltr' id='par_1_10' title="bbox 350 927 1918 1009">
     <span class='ocr_line' id='line_1_10' title="bbox 350 927 1918 1009; baseline -0.009 -17"><span class='ocrx_word' id='word_1_55' title='bbox 350 938 425 1009; x_wconf 82' lang='grc' dir='ltr'><strong>φὴ</strong></span> <span class='ocrx_word' id='word_1_56' title='bbox 453 936 767 1008; x_wconf 81' lang='grc' dir='ltr'><strong>ἀνδριάντος</strong></span> <span class='ocrx_word' id='word_1_57' title='bbox 814 934 949 1005; x_wconf 76' lang='grc' dir='ltr'>πρὸς</span> <span class='ocrx_word' id='word_1_58' title='bbox 990 934 1209 1003; x_wconf 65' lang='grc' dir='ltr'>χαλκόν*</span> <span class='ocrx_word' id='word_1_59' title='bbox 1259 932 1351 983; x_wconf 70' lang='grc' dir='ltr'>καὶ</span> <span class='ocrx_word' id='word_1_60' title='bbox 1400 928 1773 1000; x_wconf 79' lang='grc' dir='ltr'><strong>διαιρουμένου</strong></span> <span class='ocrx_word' id='word_1_61' title='bbox 1825 927 1918 979; x_wconf 89' lang='grc' dir='ltr'><strong>τοῦ</strong></span> 
     </span>
    </p>
   </div>
   <div class='ocr_carea' id='block_1_11' title="bbox 350 1022 1919 1100">
    <p class='ocr_par' dir='ltr' id='par_1_11' title="bbox 350 1022 1919 1100">
     <span class='ocr_line' id='line_1_11' title="bbox 350 1022 1919 1100; baseline -0.008 -16"><span class='ocrx_word' id='word_1_62' title='bbox 350 1029 599 1100; x_wconf 81' lang='grc' dir='ltr'>σώματος</span> <span class='ocrx_word' id='word_1_63' title='bbox 630 1024 1057 1099; x_wconf 76' lang='grc' dir='ltr'>συμμερίζεσθαι</span> <span class='ocrx_word' id='word_1_64' title='bbox 1081 1025 1187 1093; x_wconf 77' lang='grc'><strong>(19)</strong></span> <span class='ocrx_word' id='word_1_65' title='bbox 1234 1025 1332 1092; x_wconf 77' lang='grc' dir='ltr'><strong>τὴν</strong></span> <span class='ocrx_word' id='word_1_66' title='bbox 1362 1022 1558 1093; x_wconf 67' lang='grc' dir='ltr'>ψυχὴν,</span> <span class='ocrx_word' id='word_1_67' title='bbox 1589 1022 1681 1074; x_wconf 76' lang='grc' dir='ltr'>καὶ</span> <span class='ocrx_word' id='word_1_68' title='bbox 1724 1022 1919 1073; x_wconf 86' lang='grc' dir='ltr'>ἀποκο-</span> 
     </span>
    </p>
   </div>
   <div class='ocr_carea' id='block_1_12' title="bbox 347 1114 1918 1193">
    <p class='ocr_par' dir='ltr' id='par_1_12' title="bbox 347 1114 1918 1193">
     <span class='ocr_line' id='line_1_12' title="bbox 347 1114 1918 1193; baseline -0.004 -18"><span class='ocrx_word' id='word_1_69' title='bbox 347 1121 616 1193; x_wconf 83' lang='grc' dir='ltr'>πτομένου</span> <span class='ocrx_word' id='word_1_70' title='bbox 641 1121 786 1184; x_wconf 81' lang='grc' dir='ltr'>τινὸς</span> <span class='ocrx_word' id='word_1_71' title='bbox 817 1120 1032 1191; x_wconf 79' lang='grc' dir='ltr'><strong>μέρους,</strong></span> <span class='ocrx_word' id='word_1_72' title='bbox 1064 1118 1198 1188; x_wconf 83' lang='grc' dir='ltr'>μετὰ</span> <span class='ocrx_word' id='word_1_73' title='bbox 1226 1117 1318 1170; x_wconf 85' lang='grc' dir='ltr'><strong>τοῦ</strong></span> <span class='ocrx_word' id='word_1_74' title='bbox 1353 1116 1721 1179; x_wconf 83' lang='grc' dir='ltr'>ἀποκοπέντος</span> <span class='ocrx_word' id='word_1_75' title='bbox 1743 1114 1918 1185; x_wconf 76' lang='grc' dir='ltr'>ψυχῆς</span> 
     </span>
    </p>
   </div>
   <div class='ocr_carea' id='block_1_13' title="bbox 347 1206 1917 1285">
    <p class='ocr_par' dir='ltr' id='par_1_13' title="bbox 347 1206 1917 1285">
     <span class='ocr_line' id='line_1_13' title="bbox 347 1206 1917 1285; baseline -0.003 -21"><span class='ocrx_word' id='word_1_76' title='bbox 347 1214 535 1285; x_wconf 83' lang='grc' dir='ltr'>μόριον</span> <span class='ocrx_word' id='word_1_77' title='bbox 568 1208 727 1275; x_wconf 77' lang='grc' dir='ltr'>εἶναι,</span> <span class='ocrx_word' id='word_1_78' title='bbox 756 1214 855 1282; x_wconf 80' lang='grc' dir='ltr'>τήν</span> <span class='ocrx_word' id='word_1_79' title='bbox 884 1229 943 1264; x_wconf 89' lang='grc' dir='ltr'><strong>τε</strong></span> <span class='ocrx_word' id='word_1_80' title='bbox 969 1212 1027 1264; x_wconf 85' lang='grc' dir='ltr'><strong>ἐν</strong></span> <span class='ocrx_word' id='word_1_81' title='bbox 1052 1214 1163 1274; x_wconf 85' lang='grc' dir='ltr'>τοῖς</span> <span class='ocrx_word' id='word_1_82' title='bbox 1209 1209 1393 1273; x_wconf 74' lang='grc' dir='ltr'>ὕπνοις</span> <span class='ocrx_word' id='word_1_83' title='bbox 1441 1206 1785 1280; x_wconf 83' lang='grc' dir='ltr'><strong>ἀναχώρησιν</strong></span> <span class='ocrx_word' id='word_1_84' title='bbox 1845 1206 1917 1278; x_wconf 76' lang='grc' dir='ltr'>μὴ</span> 
     </span>
    </p>
   </div>
   <div class='ocr_carea' id='block_1_14' title="bbox 342 1294 1913 1374">
    <p class='ocr_par' dir='ltr' id='par_1_14' title="bbox 342 1294 1913 1374">
     <span class='ocr_line' id='line_1_14' title="bbox 342 1294 1913 1374; baseline -0.004 -18"><span class='ocrx_word' id='word_1_85' title='bbox 342 1302 607 1372; x_wconf 79' lang='grc' dir='ltr'>γίνεσθαι,</span> <span class='ocrx_word' id='word_1_86' title='bbox 622 1304 779 1374; x_wconf 76' lang='grc' dir='ltr'>εἴπερ</span> <span class='ocrx_word' id='word_1_87' title='bbox 800 1304 878 1356; x_wconf 87' lang='grc' dir='ltr'>δεῖ</span> <span class='ocrx_word' id='word_1_88' title='bbox 906 1306 1158 1373; x_wconf 82' lang='grc' dir='ltr'>προσφυᾶ</span> <span class='ocrx_word' id='word_1_89' title='bbox 1173 1300 1268 1372; x_wconf 78' lang='grc' dir='ltr'><strong>τὴν</strong></span> <span class='ocrx_word' id='word_1_90' title='bbox 1289 1300 1641 1371; x_wconf 77' lang='grc' dir='ltr'>ἐντελέχειαν,</span> <span class='ocrx_word' id='word_1_91' title='bbox 1661 1294 1719 1353; x_wconf 78' lang='grc' dir='ltr'>οὗ</span> <span class='ocrx_word' id='word_1_92' title='bbox 1749 1301 1913 1363; x_wconf 84' lang='grc' dir='ltr'>ἐστιν,</span> 
     </span>
    </p>
   </div>
   <div class='ocr_carea' id='block_1_15' title="bbox 342 1391 1917 1469">
    <p class='ocr_par' dir='ltr' id='par_1_15' title="bbox 342 1391 1917 1469">
     <span class='ocr_line' id='line_1_15' title="bbox 342 1391 1917 1469; baseline -0.002 -21"><span class='ocrx_word' id='word_1_93' title='bbox 342 1391 506 1452; x_wconf 78' lang='grc' dir='ltr'>εἶναι’</span> <span class='ocrx_word' id='word_1_94' title='bbox 537 1399 598 1451; x_wconf 85' lang='grc' dir='ltr'>τὸ</span> <span class='ocrx_word' id='word_1_95' title='bbox 623 1398 667 1451; x_wconf 76' lang='grc' dir='ltr'>δ’</span> <span class='ocrx_word' id='word_1_96' title='bbox 712 1397 929 1469; x_wconf 79' lang='grc' dir='ltr'>ἀληθὲς,</span> <span class='ocrx_word' id='word_1_97' title='bbox 966 1398 1099 1467; x_wconf 80' lang='grc' dir='ltr'><strong>μηδέ</strong></span> <span class='ocrx_word' id='word_1_98' title='bbox 1152 1395 1318 1448; x_wconf 77' lang='grc' dir='ltr'>ὕπνον</span> <span class='ocrx_word' id='word_1_99' title='bbox 1369 1394 1629 1465; x_wconf 86' lang='grc' dir='ltr'>γίνεσθαι.</span> <span class='ocrx_word' id='word_1_100' title='bbox 1669 1394 1776 1445; x_wconf 77' lang='grc' dir='ltr'>Καὶ</span> <span class='ocrx_word' id='word_1_101' title='bbox 1811 1393 1917 1463; x_wconf 82' lang='grc' dir='ltr'><strong>μὴν</strong></span> 
     </span>
    </p>
   </div>
   <div class='ocr_carea' id='block_1_16' title="bbox 341 1487 1915 1562">
    <p class='ocr_par' dir='ltr' id='par_1_16' title="bbox 341 1487 1915 1562">
     <span class='ocr_line' id='line_1_16' title="bbox 341 1487 1915 1562; baseline -0.004 -19"><span class='ocrx_word' id='word_1_102' title='bbox 341 1491 676 1562; x_wconf 82' lang='grc' dir='ltr'>ἐντελεχείας</span> <span class='ocrx_word' id='word_1_103' title='bbox 699 1491 884 1562; x_wconf 74' lang='grc' dir='ltr'>οὔσης,</span> <span class='ocrx_word' id='word_1_104' title='bbox 918 1491 1037 1544; x_wconf 79' lang='grc' dir='ltr'>οὐδὲ</span> <span class='ocrx_word' id='word_1_105' title='bbox 1094 1489 1405 1542; x_wconf 82' lang='grc' dir='ltr'>ἐναντίωσιν</span> <span class='ocrx_word' id='word_1_106' title='bbox 1456 1487 1615 1555; x_wconf 82' lang='grc' dir='ltr'>λόγου</span> <span class='ocrx_word' id='word_1_107' title='bbox 1638 1488 1773 1557; x_wconf 80' lang='grc' dir='ltr'>πρὸς</span> <span class='ocrx_word' id='word_1_108' title='bbox 1794 1488 1915 1538; x_wconf 84' lang='grc' dir='ltr'>ἐπι-</span> 
     </span>
    </p>
   </div>
   <div class='ocr_carea' id='block_1_17' title="bbox 341 1577 1912 1652">
    <p class='ocr_par' dir='ltr' id='par_1_17' title="bbox 341 1577 1912 1652">
     <span class='ocr_line' id='line_1_17' title="bbox 341 1577 1912 1652; baseline -0.004 -19"><span class='ocrx_word' id='word_1_109' title='bbox 341 1579 559 1652; x_wconf 71' lang='grc' dir='ltr'>θυμίαςο</span> <span class='ocrx_word' id='word_1_110' title='bbox 582 1580 638 1633; x_wconf 84' lang='grc' dir='ltr'>ἓν</span> <span class='ocrx_word' id='word_1_111' title='bbox 665 1582 721 1635; x_wconf 78' lang='grc' dir='ltr'>δὲ</span> <span class='ocrx_word' id='word_1_112' title='bbox 754 1582 847 1634; x_wconf 72' lang='grc' dir='ltr'><strong>καὶ</strong></span> <span class='ocrx_word' id='word_1_113' title='bbox 872 1581 1065 1634; x_wconf 71' lang='grc' dir='ltr'>ταύτὸν</span> <span class='ocrx_word' id='word_1_114' title='bbox 1091 1580 1155 1632; x_wconf 83' lang='grc' dir='ltr'>δι’</span> <span class='ocrx_word' id='word_1_115' title='bbox 1190 1580 1310 1632; x_wconf 83' lang='grc' dir='ltr'>ὅλου</span> <span class='ocrx_word' id='word_1_116' title='bbox 1344 1577 1665 1631; x_wconf 83' lang='grc' dir='ltr'>πεπονθέναι</span> <span class='ocrx_word' id='word_1_117' title='bbox 1696 1577 1754 1628; x_wconf 75' lang='grc' dir='ltr'>τὸ</span> <span class='ocrx_word' id='word_1_118' title='bbox 1786 1577 1912 1641; x_wconf 80' lang='grc' dir='ltr'>πᾶν,</span> 
     </span>
    </p>
   </div>
   <div class='ocr_carea' id='block_1_18' title="bbox 339 1658 1915 1743">
    <p class='ocr_par' dir='ltr' id='par_1_18' title="bbox 339 1658 1915 1743">
     <span class='ocr_line' id='line_1_18' title="bbox 339 1658 1915 1743; baseline -0.002 -18"><span class='ocrx_word' id='word_1_119' title='bbox 339 1672 400 1725; x_wconf 81' lang='grc' dir='ltr'><strong>οὐ</strong></span> <span class='ocrx_word' id='word_1_120' title='bbox 428 1672 727 1742; x_wconf 72' lang='grc' dir='ltr'>διαφωνοῦν</span> <span class='ocrx_word' id='word_1_121' title='bbox 773 1673 968 1743; x_wconf 79' lang='grc' dir='ltr'>ἐαυτῷ.</span> <span class='ocrx_word' id='word_1_122' title='bbox 1030 1671 1316 1743; x_wconf 78' lang='grc' dir='ltr'>Αἰσθήσεις</span> <span class='ocrx_word' id='word_1_123' title='bbox 1370 1671 1428 1724; x_wconf 79' lang='grc' dir='ltr'>δὲ</span> <span class='ocrx_word' id='word_1_124' title='bbox 1487 1671 1647 1741; x_wconf 90' lang='grc' dir='ltr'>μόνον</span> <span class='ocrx_word' id='word_1_125' title='bbox 1690 1658 1915 1725; x_wconf 84' lang='grc' dir='ltr'>δυνατὸν</span> 
     </span>
    </p>
   </div>
   <div class='ocr_carea' id='block_1_19' title="bbox 340 1763 1911 1833">
    <p class='ocr_par' dir='ltr' id='par_1_19' title="bbox 340 1763 1911 1833">
     <span class='ocr_line' id='line_1_19' title="bbox 340 1763 1911 1833; baseline -0.002 -16"><span class='ocrx_word' id='word_1_126' title='bbox 340 1766 470 1827; x_wconf 74' lang='grc' dir='ltr'>ἴσως</span> <span class='ocrx_word' id='word_1_127' title='bbox 498 1764 760 1832; x_wconf 79' lang='grc' dir='ltr'>γίνεσθαι,</span> <span class='ocrx_word' id='word_1_128' title='bbox 809 1764 905 1828; x_wconf 78' lang='grc' dir='ltr'>τὰς</span> <span class='ocrx_word' id='word_1_129' title='bbox 930 1765 985 1817; x_wconf 80' lang='grc' dir='ltr'>δὲ</span> <span class='ocrx_word' id='word_1_130' title='bbox 1022 1765 1233 1833; x_wconf 79' lang='grc' dir='ltr'>νοήσεις</span> <span class='ocrx_word' id='word_1_131' title='bbox 1267 1764 1543 1817; x_wconf 78' lang='grc' dir='ltr'>ἀδύνατον.</span> <span class='ocrx_word' id='word_1_132' title='bbox 1574 1763 1664 1815; x_wconf 72' lang='grc' dir='ltr'><strong>Διὸ</strong></span> <span class='ocrx_word' id='word_1_133' title='bbox 1686 1763 1780 1816; x_wconf 71' lang='grc' dir='ltr'>καὶ</span> <span class='ocrx_word' id='word_1_134' title='bbox 1813 1764 1911 1817; x_wconf 75' lang='grc' dir='ltr'>αὑ-</span> 
     </span>
    </p>
   </div>
   <div class='ocr_carea' id='block_1_20' title="bbox 336 1856 1911 1929">
    <p class='ocr_par' dir='ltr' id='par_1_20' title="bbox 336 1856 1911 1929">
     <span class='ocr_line' id='line_1_20' title="bbox 336 1856 1911 1929; baseline -0.001 -21"><span class='ocrx_word' id='word_1_135' title='bbox 336 1859 420 1909; x_wconf 79' lang='grc' dir='ltr'>τοὶ</span> <span class='ocrx_word' id='word_1_136' title='bbox 446 1857 610 1929; x_wconf 75' lang='grc' dir='ltr'>ἀλλην</span> <span class='ocrx_word' id='word_1_137' title='bbox 642 1856 818 1928; x_wconf 75' lang='grc' dir='ltr'>ψυχὴν</span> <span class='ocrx_word' id='word_1_138' title='bbox 871 1857 960 1909; x_wconf 83' lang='grc' dir='ltr'><strong>τὸν</strong></span> <span class='ocrx_word' id='word_1_139' title='bbox 991 1857 1113 1909; x_wconf 88' lang='grc' dir='ltr'>νοῦν</span> <span class='ocrx_word' id='word_1_140' title='bbox 1164 1858 1493 1925; x_wconf 81' lang='grc' dir='ltr'>εἰσάγουσιν,</span> <span class='ocrx_word' id='word_1_141' title='bbox 1527 1858 1585 1909; x_wconf 79' lang='grc' dir='ltr'>ὃν</span> <span class='ocrx_word' id='word_1_142' title='bbox 1644 1856 1911 1909; x_wconf 84' lang='grc' dir='ltr'>ἀθάνατον</span> 
     </span>
    </p>
   </div>
   <div class='ocr_carea' id='block_1_21' title="bbox 336 1945 1912 2019">
    <p class='ocr_par' dir='ltr' id='par_1_21' title="bbox 336 1945 1912 2019">
     <span class='ocr_line' id='line_1_21' title="bbox 336 1945 1912 2019; baseline -0.003 -18"><span class='ocrx_word' id='word_1_143' title='bbox 336 1948 595 2007; x_wconf 72' lang='grc' dir='ltr'>τίθενται.</span> <span class='ocrx_word' id='word_1_144' title='bbox 634 1948 741 2018; x_wconf 80' lang='grc' dir='ltr'>Τὴν</span> <span class='ocrx_word' id='word_1_145' title='bbox 765 1945 857 2001; x_wconf 75' lang='grc' dir='ltr'><strong>οὖν</strong></span> <span class='ocrx_word' id='word_1_146' title='bbox 901 1946 1253 2019; x_wconf 77' lang='grc' dir='ltr'>λογιζομένην</span> <span class='ocrx_word' id='word_1_147' title='bbox 1304 1948 1481 2019; x_wconf 74' lang='grc' dir='ltr'>ψυχὴν</span> <span class='ocrx_word' id='word_1_148' title='bbox 1510 1946 1683 2009; x_wconf 81' lang='grc' dir='ltr'>ἄλλως</span> <span class='ocrx_word' id='word_1_149' title='bbox 1706 1945 1912 1998; x_wconf 82' lang='grc' dir='ltr'>ἐντελέ-</span> 
     </span>
    </p>
   </div>
   <div class='ocr_carea' id='block_1_22' title="bbox 335 2036 1911 2111">
    <p class='ocr_par' dir='ltr' id='par_1_22' title="bbox 335 2036 1911 2111">
     <span class='ocr_line' id='line_1_22' title="bbox 335 2036 1911 2111; baseline -0.001 -20"><span class='ocrx_word' id='word_1_150' title='bbox 335 2056 487 2109; x_wconf 87' lang='grc' dir='ltr'>χειαν</span> <span class='ocrx_word' id='word_1_151' title='bbox 516 2039 756 2109; x_wconf 80' lang='grc' dir='ltr'>ἢτοῦτον</span> <span class='ocrx_word' id='word_1_152' title='bbox 784 2039 874 2093; x_wconf 83' lang='grc' dir='ltr'><strong>τὸν</strong></span> <span class='ocrx_word' id='word_1_153' title='bbox 920 2040 1117 2111; x_wconf 84' lang='grc' dir='ltr'>τρόπον</span> <span class='ocrx_word' id='word_1_154' title='bbox 1158 2041 1371 2109; x_wconf 80' lang='grc' dir='ltr'>ἀνάγκη</span> <span class='ocrx_word' id='word_1_155' title='bbox 1436 2036 1595 2103; x_wconf 78' lang='grc' dir='ltr'>εἶναι,</span> <span class='ocrx_word' id='word_1_156' title='bbox 1632 2041 1679 2091; x_wconf 89' lang='grc' dir='ltr'>εἰ</span> <span class='ocrx_word' id='word_1_157' title='bbox 1711 2038 1791 2091; x_wconf 83' lang='grc' dir='ltr'><strong>δεῖ</strong></span> <span class='ocrx_word' id='word_1_158' title='bbox 1833 2036 1911 2107; x_wconf 83' lang='grc' dir='ltr'>τῷ</span> 
     </span>
    </p>
   </div>
   <div class='ocr_carea' id='block_1_23' title="bbox 333 2131 1910 2204">
    <p class='ocr_par' dir='ltr' id='par_1_23' title="bbox 333 2131 1910 2204">
     <span class='ocr_line' id='line_1_23' title="bbox 333 2131 1910 2204; baseline -0.002 -19"><span class='ocrx_word' id='word_1_159' title='bbox 333 2133 557 2203; x_wconf 75' lang='grc' dir='ltr'>ὀνόματι</span> <span class='ocrx_word' id='word_1_160' title='bbox 584 2132 758 2203; x_wconf 77' lang='grc' dir='ltr'>τούτῳ</span> <span class='ocrx_word' id='word_1_161' title='bbox 785 2132 1042 2203; x_wconf 78' lang='grc' dir='ltr'>χρῆσθαι.</span> <span class='ocrx_word' id='word_1_162' title='bbox 1065 2132 1186 2185; x_wconf 78' lang='grc' dir='ltr'>Οὐδ’</span> <span class='ocrx_word' id='word_1_163' title='bbox 1212 2135 1244 2203; x_wconf 80' lang='grc' dir='ltr'>ἡ</span> <span class='ocrx_word' id='word_1_164' title='bbox 1269 2132 1580 2204; x_wconf 69' lang='grc' dir='ltr'>αἰσθητικὴ,</span> <span class='ocrx_word' id='word_1_165' title='bbox 1626 2133 1784 2203; x_wconf 85' lang='grc' dir='ltr'>εἴπερ</span> <span class='ocrx_word' id='word_1_166' title='bbox 1818 2131 1910 2184; x_wconf 66' lang='grc' dir='ltr'><strong>καὶ¹</strong></span> 
     </span>
    </p>
   </div>
   <div class='ocr_carea' id='block_1_24' title="bbox 334 2223 1909 2297">
    <p class='ocr_par' dir='ltr' id='par_1_24' title="bbox 334 2223 1909 2297">
     <span class='ocr_line' id='line_1_24' title="bbox 334 2223 1909 2297; baseline -0.004 -15"><span class='ocrx_word' id='word_1_167' title='bbox 334 2226 472 2294; x_wconf 76' lang='grc' dir='ltr'>αὕτη</span> <span class='ocrx_word' id='word_1_168' title='bbox 504 2224 612 2277; x_wconf 82' lang='grc' dir='ltr'>τῶν</span> <span class='ocrx_word' id='word_1_169' title='bbox 641 2225 910 2297; x_wconf 78' lang='grc' dir='ltr'>αἰσθητῶν</span> <span class='ocrx_word' id='word_1_170' title='bbox 929 2227 1171 2279; x_wconf 74' lang='grc' dir='ltr'>ἀπόντων</span> <span class='ocrx_word' id='word_1_171' title='bbox 1201 2226 1326 2287; x_wconf 76' lang='grc' dir='ltr'>τοὺς</span> <span class='ocrx_word' id='word_1_172' title='bbox 1339 2223 1543 2286; x_wconf 85' lang='grc' dir='ltr'>τύπους</span> <span class='ocrx_word' id='word_1_173' title='bbox 1567 2224 1909 2294; x_wconf 73' lang='grc' dir='ltr'>ἔχει,αὐτοὺς</span> 
     </span>
    </p>
   </div>
   <div class='ocr_carea' id='block_1_25' title="bbox 332 2316 1908 2390">
    <p class='ocr_par' dir='ltr' id='par_1_25' title="bbox 332 2316 1908 2390">
     <span class='ocr_line' id='line_1_25' title="bbox 332 2316 1908 2390; baseline -0.004 -17"><span class='ocrx_word' id='word_1_174' title='bbox 332 2321 393 2373; x_wconf 74' lang='grc' dir='ltr'>οὐ</span> <span class='ocrx_word' id='word_1_175' title='bbox 414 2318 551 2389; x_wconf 87' lang='grc' dir='ltr'><strong>μετά</strong></span> <span class='ocrx_word' id='word_1_176' title='bbox 574 2319 665 2372; x_wconf 85' lang='grc' dir='ltr'><strong>τοῦ</strong></span> <span class='ocrx_word' id='word_1_177' title='bbox 698 2318 947 2390; x_wconf 81' lang='grc' dir='ltr'>σώματος</span> <span class='ocrx_word' id='word_1_178' title='bbox 972 2319 1078 2389; x_wconf 83' lang='grc' dir='ltr'>ἄρα</span> <span class='ocrx_word' id='word_1_179' title='bbox 1099 2319 1229 2384; x_wconf 71' lang='grc' dir='ltr'>’ἐξεισ</span> <span class='ocrx_word' id='word_1_180' title='bbox 1256 2318 1374 2371; x_wconf 80' lang='grc' dir='ltr'>εἰδὲ</span> <span class='ocrx_word' id='word_1_181' title='bbox 1395 2319 1490 2388; x_wconf 82' lang='grc' dir='ltr'><strong>μὴ,</strong></span> <span class='ocrx_word' id='word_1_182' title='bbox 1514 2317 1685 2380; x_wconf 71' lang='grc' dir='ltr'>οὕτως</span> <span class='ocrx_word' id='word_1_183' title='bbox 1701 2316 1908 2369; x_wconf 86' lang='grc' dir='ltr'>ἐνέσον-</span> 
     </span>
    </p>
   </div>
   <div class='ocr_carea' id='block_1_26' title="bbox 332 2409 1906 2481">
    <p class='ocr_par' dir='ltr' id='par_1_26' title="bbox 332 2409 1906 2481">
     <span class='ocr_line' id='line_1_26' title="bbox 332 2409 1906 2481; baseline 0.001 -20"><span class='ocrx_word' id='word_1_184' title='bbox 332 2426 421 2463; x_wconf 87' lang='grc' dir='ltr'><strong>ται</strong></span> <span class='ocrx_word' id='word_1_185' title='bbox 450 2410 525 2473; x_wconf 80' lang='grc' dir='ltr'>ὡς</span> <span class='ocrx_word' id='word_1_186' title='bbox 560 2411 765 2481; x_wconf 69' lang='grc' dir='ltr'>μορφαὶ</span> <span class='ocrx_word' id='word_1_187' title='bbox 788 2410 880 2463; x_wconf 71' lang='grc' dir='ltr'>καὶ</span> <span class='ocrx_word' id='word_1_188' title='bbox 928 2410 1152 2473; x_wconf 80' lang='grc' dir='ltr'>εἰκόνες·</span> <span class='ocrx_word' id='word_1_189' title='bbox 1188 2410 1301 2463; x_wconf 78' lang='grc' dir='ltr'>ἀλλ’</span> <span class='ocrx_word' id='word_1_190' title='bbox 1328 2410 1586 2464; x_wconf 78' lang='grc' dir='ltr'>ἀδύνατον</span> <span class='ocrx_word' id='word_1_191' title='bbox 1616 2409 1788 2472; x_wconf 82' lang='grc' dir='ltr'>ἄλλως</span> <span class='ocrx_word' id='word_1_192' title='bbox 1820 2410 1906 2462; x_wconf 83' lang='grc' dir='ltr'>δέ·</span> 
     </span>
    </p>
   </div>
   <div class='ocr_carea' id='block_1_27' title="bbox 332 2500 1907 2576">
    <p class='ocr_par' dir='ltr' id='par_1_27' title="bbox 332 2500 1907 2576">
     <span class='ocr_line' id='line_1_27' title="bbox 332 2500 1907 2576; baseline 0.001 -20"><span class='ocrx_word' id='word_1_193' title='bbox 332 2504 543 2573; x_wconf 79' lang='grc' dir='ltr'>χεσοαι,</span> <span class='ocrx_word' id='word_1_194' title='bbox 578 2505 625 2555; x_wconf 83' lang='grc' dir='ltr'><strong>εί</strong></span> <span class='ocrx_word' id='word_1_195' title='bbox 650 2502 821 2567; x_wconf 81' lang='grc' dir='ltr'>οὕτως</span> <span class='ocrx_word' id='word_1_196' title='bbox 851 2505 1036 2557; x_wconf 84' lang='grc' dir='ltr'>ἐνείεν.</span> <span class='ocrx_word' id='word_1_197' title='bbox 1070 2505 1181 2557; x_wconf 77' lang='grc' dir='ltr'><strong>Οὐκ</strong></span> <span class='ocrx_word' id='word_1_198' title='bbox 1216 2506 1323 2576; x_wconf 83' lang='grc' dir='ltr'>ἄρα</span> <span class='ocrx_word' id='word_1_199' title='bbox 1351 2500 1464 2558; x_wconf 79' lang='grc' dir='ltr'>οῦσ’</span> <span class='ocrx_word' id='word_1_200' title='bbox 1498 2503 1796 2575; x_wconf 84' lang='grc' dir='ltr'>ἀχώριστος</span> <span class='ocrx_word' id='word_1_201' title='bbox 1823 2506 1907 2558; x_wconf 88' lang='grc' dir='ltr'>ἐν-</span> 
     </span>
    </p>
   </div>
   <div class='ocr_carea' id='block_1_28' title="bbox 330 2597 1902 2669">
    <p class='ocr_par' dir='ltr' id='par_1_28' title="bbox 330 2597 1902 2669">
     <span class='ocr_line' id='line_1_28' title="bbox 330 2597 1902 2669; baseline -0.001 -17"><span class='ocrx_word' id='word_1_202' title='bbox 330 2597 593 2668; x_wconf 88' lang='grc' dir='ltr'>τελέχεια.</span> <span class='ocrx_word' id='word_1_203' title='bbox 623 2600 734 2651; x_wconf 72' lang='grc' dir='ltr'>Καὶ</span> <span class='ocrx_word' id='word_1_204' title='bbox 787 2597 892 2669; x_wconf 87' lang='grc' dir='ltr'>μὴν</span> <span class='ocrx_word' id='word_1_205' title='bbox 925 2598 1045 2651; x_wconf 68' lang='grc' dir='ltr'>οὐδὲ</span> <span class='ocrx_word' id='word_1_206' title='bbox 1091 2598 1152 2651; x_wconf 80' lang='grc' dir='ltr'>τὸ</span> <span class='ocrx_word' id='word_1_207' title='bbox 1216 2598 1538 2669; x_wconf 78' lang='grc' dir='ltr'>ἐπιθυμοῦν,</span> <span class='ocrx_word' id='word_1_208' title='bbox 1590 2598 1664 2669; x_wconf 79' lang='grc' dir='ltr'>μὴ</span> <span class='ocrx_word' id='word_1_209' title='bbox 1698 2599 1902 2661; x_wconf 82' lang='grc' dir='ltr'>σιτίων,</span> 
     </span>
    </p>
   </div>
   <div class='ocr_carea' id='block_1_29' title="bbox 334 2688 1903 2763">
    <p class='ocr_par' dir='ltr' id='par_1_29' title="bbox 334 2688 1903 2763">
     <span class='ocr_line' id='line_1_29' title="bbox 334 2688 1903 2763; baseline -0.001 -19"><span class='ocrx_word' id='word_1_210' title='bbox 334 2692 465 2762; x_wconf 81' lang='grc' dir='ltr'>μηδὲ</span> <span class='ocrx_word' id='word_1_211' title='bbox 498 2689 695 2752; x_wconf 79' lang='grc' dir='ltr'>ποτῶν,</span> <span class='ocrx_word' id='word_1_212' title='bbox 726 2689 841 2743; x_wconf 78' lang='grc' dir='ltr'>ἀλλ’</span> <span class='ocrx_word' id='word_1_213' title='bbox 872 2690 1045 2745; x_wconf 81' lang='grc' dir='ltr'>ἄλλων</span> <span class='ocrx_word' id='word_1_214' title='bbox 1068 2690 1218 2763; x_wconf 74' lang='grc' dir='ltr'>παρὰ</span> <span class='ocrx_word' id='word_1_215' title='bbox 1243 2691 1309 2743; x_wconf 76' lang='grc' dir='ltr'>τὰ</span> <span class='ocrx_word' id='word_1_216' title='bbox 1334 2690 1428 2744; x_wconf 87' lang='grc' dir='ltr'><strong>τοῦ</strong></span> <span class='ocrx_word' id='word_1_217' title='bbox 1483 2688 1753 2762; x_wconf 83' lang='grc' dir='ltr'>σώματος,</span> <span class='ocrx_word' id='word_1_218' title='bbox 1784 2691 1903 2744; x_wconf 81' lang='grc' dir='ltr'>οὐδὲ</span> 
     </span>
    </p>
   </div>
   <div class='ocr_carea' id='block_1_30' title="bbox 330 2782 1903 2854">
    <p class='ocr_par' dir='ltr' id='par_1_30' title="bbox 330 2782 1903 2854">
     <span class='ocr_line' id='line_1_30' title="bbox 330 2782 1903 2854; baseline -0.001 -18"><span class='ocrx_word' id='word_1_219' title='bbox 330 2784 463 2841; x_wconf 74' lang='grc' dir='ltr'>αὐτὸ</span> <span class='ocrx_word' id='word_1_220' title='bbox 490 2782 788 2854; x_wconf 82' lang='grc' dir='ltr'>ἀχώριστος</span> <span class='ocrx_word' id='word_1_221' title='bbox 820 2783 1144 2854; x_wconf 82' lang='grc' dir='ltr'>ἐντελέχεια.</span> <span class='ocrx_word' id='word_1_222' title='bbox 1179 2783 1376 2837; x_wconf 81' lang='grc' dir='ltr'>Λοιπὸν</span> <span class='ocrx_word' id='word_1_223' title='bbox 1407 2782 1463 2835; x_wconf 84' lang='grc' dir='ltr'>δὲ</span> <span class='ocrx_word' id='word_1_224' title='bbox 1494 2783 1554 2835; x_wconf 79' lang='grc' dir='ltr'><strong>τὸ</strong></span> <span class='ocrx_word' id='word_1_225' title='bbox 1588 2783 1807 2851; x_wconf 77' lang='grc' dir='ltr'>φυτικὸν</span> <span class='ocrx_word' id='word_1_226' title='bbox 1837 2782 1903 2835; x_wconf 84' lang='grc' dir='ltr'><strong>ἂν</strong></span> 
     </span>
    </p>
   </div>
   <div class='ocr_carea' id='block_1_31' title="bbox 330 2874 1903 2949">
    <p class='ocr_par' dir='ltr' id='par_1_31' title="bbox 330 2874 1903 2949">
     <span class='ocr_line' id='line_1_31' title="bbox 330 2874 1903 2949; baseline 0 -20"><span class='ocrx_word' id='word_1_227' title='bbox 330 2880 436 2947; x_wconf 73' lang='grc' dir='ltr'>ειη.</span> <span class='ocrx_word' id='word_1_228' title='bbox 467 2877 495 2930; x_wconf 85' lang='grc' dir='ltr'><strong>ὃ</strong></span> <span class='ocrx_word' id='word_1_229' title='bbox 525 2878 934 2949; x_wconf 74' lang='grc' dir='ltr'>ἀμφισϐήτησιν</span> <span class='ocrx_word' id='word_1_230' title='bbox 956 2878 1031 2931; x_wconf 87' lang='grc' dir='ltr'><strong>ἂν.</strong></span> <span class='ocrx_word' id='word_1_231' title='bbox 1054 2878 1253 2943; x_wconf 80' lang='grc' dir='ltr'>δόξειεν</span> <span class='ocrx_word' id='word_1_232' title='bbox 1280 2877 1447 2947; x_wconf 74' lang='grc' dir='ltr'>ἔχειν,</span> <span class='ocrx_word' id='word_1_233' title='bbox 1483 2878 1690 2947; x_wconf 86' lang='grc' dir='ltr'>μήποτε</span> <span class='ocrx_word' id='word_1_234' title='bbox 1716 2874 1903 2929; x_wconf 91' lang='grc' dir='ltr'>τοῦτον</span> 
     </span>
    </p>
   </div>
   <div class='ocr_carea' id='block_1_32' title="bbox 327 2965 1902 3041">
    <p class='ocr_par' dir='ltr' id='par_1_32' title="bbox 327 2965 1902 3041">
     <span class='ocr_line' id='line_1_32' title="bbox 327 2965 1902 3041; baseline 0 -22"><span class='ocrx_word' id='word_1_235' title='bbox 327 2968 418 3021; x_wconf 72' lang='grc' dir='ltr'><strong>τὸν</strong></span> <span class='ocrx_word' id='word_1_236' title='bbox 451 2969 647 3039; x_wconf 84' lang='grc' dir='ltr'>τρόπον</span> <span class='ocrx_word' id='word_1_237' title='bbox 668 2969 971 3039; x_wconf 78' lang='grc' dir='ltr'>ἐντελέχεια</span> <span class='ocrx_word' id='word_1_238' title='bbox 998 2968 1299 3040; x_wconf 82' lang='grc' dir='ltr'>ἀχώριστος</span> <span class='ocrx_word' id='word_1_239' title='bbox 1433 2967 1568 3020; x_wconf 84' lang='grc' dir='ltr'>Ἀλλ’</span> <span class='ocrx_word' id='word_1_240' title='bbox 1602 2968 1720 3020; x_wconf 79' lang='grc' dir='ltr'>οὐδὲ</span> <span class='ocrx_word' id='word_1_241' title='bbox 1748 2967 1902 3019; x_wconf 85' lang='grc' dir='ltr'>τοῦτο</span> 
     </span>
    </p>
   </div>
   <div class='ocr_carea' id='block_1_33' title="bbox 329 3055 1898 3130">
    <p class='ocr_par' dir='ltr' id='par_1_33' title="bbox 329 3055 1898 3130">
     <span class='ocr_line' id='line_1_33' title="bbox 329 3055 1898 3130; baseline -0.001 -20"><span class='ocrx_word' id='word_1_242' title='bbox 329 3060 577 3127; x_wconf 72' lang='grc' dir='ltr'>φαίνεται</span> <span class='ocrx_word' id='word_1_243' title='bbox 604 3058 774 3123; x_wconf 68' lang='grc' dir='ltr'>οὕτως</span> <span class='ocrx_word' id='word_1_244' title='bbox 829 3060 970 3130; x_wconf 85' lang='grc' dir='ltr'>ἕχον.</span> <span class='ocrx_word' id='word_1_245' title='bbox 1026 3060 1087 3112; x_wconf 79' lang='grc' dir='ltr'><strong>Εἰ</strong></span> <span class='ocrx_word' id='word_1_246' title='bbox 1116 3058 1223 3129; x_wconf 80' lang='grc' dir='ltr'><strong>γάρ</strong></span> <span class='ocrx_word' id='word_1_247' title='bbox 1251 3060 1283 3129; x_wconf 79' lang='grc' dir='ltr'>ἡ</span> <span class='ocrx_word' id='word_1_248' title='bbox 1342 3057 1483 3128; x_wconf 82' lang='grc' dir='ltr'>ἀρχὴ</span> <span class='ocrx_word' id='word_1_249' title='bbox 1513 3058 1711 3120; x_wconf 78' lang='grc' dir='ltr'>παντὸς</span> <span class='ocrx_word' id='word_1_250' title='bbox 1734 3055 1898 3125; x_wconf 82' lang='grc' dir='ltr'>φυτοῦ</span> 
     </span>
    </p>
   </div>
   <div class='ocr_carea' id='block_1_34' title="bbox 328 3148 1970 3228">
    <p class='ocr_par' dir='ltr' id='par_1_34' title="bbox 328 3148 1970 3228">
     <span class='ocr_line' id='line_1_34' title="bbox 328 3148 1970 3228; baseline -0.001 -26"><span class='ocrx_word' id='word_1_251' title='bbox 328 3160 396 3203; x_wconf 63' lang='lat'><strong>-..‘.</strong></span> <span class='ocrx_word' id='word_1_252' title='bbox 407 3152 457 3221; x_wconf 78' lang='grc' dir='ltr'><strong>ρὶ</strong></span> <span class='ocrx_word' id='word_1_253' title='bbox 489 3152 586 3223; x_wconf 81' lang='grc' dir='ltr'>τὴν</span> <span class='ocrx_word' id='word_1_254' title='bbox 611 3152 785 3224; x_wconf 73' lang='grc' dir='ltr'>ῥίζαν,</span> <span class='ocrx_word' id='word_1_255' title='bbox 814 3152 905 3204; x_wconf 73' lang='grc' dir='ltr'>καὶ</span> <span class='ocrx_word' id='word_1_256' title='bbox 929 3150 1292 3221; x_wconf 78' lang='grc' dir='ltr'>αὐξανομένου</span> <span class='ocrx_word' id='word_1_257' title='bbox 1340 3150 1433 3204; x_wconf 88' lang='grc' dir='ltr'><strong>τοῦ</strong></span> <span class='ocrx_word' id='word_1_258' title='bbox 1460 3150 1618 3203; x_wconf 77' lang='grc' dir='ltr'>ἄλλου</span> <span class='ocrx_word' id='word_1_259' title='bbox 1654 3148 1902 3219; x_wconf 82' lang='grc' dir='ltr'>σώματος</span> <span class='ocrx_word' id='word_1_260' title='bbox 1928 3169 1970 3228; x_wconf 77' lang='lat' dir='ltr'>C</span> 
     </span>
    </p>
   </div>
   <div class='ocr_carea' id='block_1_35' title="bbox 329 3242 1898 3316">
    <p class='ocr_par' dir='ltr' id='par_1_35' title="bbox 329 3242 1898 3316">
     <span class='ocr_line' id='line_1_35' title="bbox 329 3242 1898 3316; baseline -0.001 -20"><span class='ocrx_word' id='word_1_261' title='bbox 329 3247 455 3314; x_wconf 73' lang='grc' dir='ltr'>περὶ</span> <span class='ocrx_word' id='word_1_262' title='bbox 479 3246 576 3314; x_wconf 78' lang='grc' dir='ltr'><strong>τὴν</strong></span> <span class='ocrx_word' id='word_1_263' title='bbox 601 3244 774 3316; x_wconf 70' lang='grc' dir='ltr'>ῥίζαν,</span> <span class='ocrx_word' id='word_1_264' title='bbox 807 3245 899 3298; x_wconf 74' lang='grc' dir='ltr'>καὶ</span> <span class='ocrx_word' id='word_1_265' title='bbox 930 3244 1079 3297; x_wconf 87' lang='grc' dir='ltr'>κάτω</span> <span class='ocrx_word' id='word_1_266' title='bbox 1105 3244 1215 3313; x_wconf 66' lang='lat'><strong>(20)</strong></span> <span class='ocrx_word' id='word_1_267' title='bbox 1243 3244 1301 3297; x_wconf 83' lang='grc' dir='ltr'><strong>ἐν</strong></span> <span class='ocrx_word' id='word_1_268' title='bbox 1324 3242 1534 3306; x_wconf 81' lang='grc' dir='ltr'>πολλοῖς</span> <span class='ocrx_word' id='word_1_269' title='bbox 1566 3242 1675 3296; x_wconf 83' lang='grc' dir='ltr'>τῶν</span> <span class='ocrx_word' id='word_1_270' title='bbox 1698 3242 1898 3312; x_wconf 74' lang='grc' dir='ltr'>φυτῶν,</span> 
     </span>
    </p>
   </div>
   <div class='ocr_carea' id='block_1_36' title="bbox 327 3334 1901 3408">
    <p class='ocr_par' dir='ltr' id='par_1_36' title="bbox 327 3334 1901 3408">
     <span class='ocr_line' id='line_1_36' title="bbox 327 3334 1901 3408; baseline -0.002 -20"><span class='ocrx_word' id='word_1_271' title='bbox 327 3340 359 3408; x_wconf 73' lang='grc' dir='ltr'>ἡ</span> <span class='ocrx_word' id='word_1_272' title='bbox 385 3337 529 3407; x_wconf 70' lang='grc' dir='ltr'>ψυχὴ</span> <span class='ocrx_word' id='word_1_273' title='bbox 555 3335 793 3407; x_wconf 84' lang='grc' dir='ltr'>δηλονότι</span> <span class='ocrx_word' id='word_1_274' title='bbox 818 3336 1157 3389; x_wconf 82' lang='grc' dir='ltr'>ἀπολιποῦσα</span> <span class='ocrx_word' id='word_1_275' title='bbox 1184 3336 1250 3389; x_wconf 77' lang='grc' dir='ltr'>τὰ</span> <span class='ocrx_word' id='word_1_276' title='bbox 1282 3335 1414 3389; x_wconf 81' lang='grc' dir='ltr'>ἄλλα</span> <span class='ocrx_word' id='word_1_277' title='bbox 1444 3334 1605 3406; x_wconf 82' lang='grc' dir='ltr'>μέρη,</span> <span class='ocrx_word' id='word_1_278' title='bbox 1646 3335 1724 3398; x_wconf 87' lang='grc' dir='ltr'><strong>είς</strong></span> <span class='ocrx_word' id='word_1_279' title='bbox 1757 3334 1814 3386; x_wconf 79' lang='grc' dir='ltr'><strong>ἐν</strong></span> <span class='ocrx_word' id='word_1_280' title='bbox 1848 3351 1901 3386; x_wconf 92' lang='grc' dir='ltr'><strong>τι</strong></span> 
     </span>
    </p>
   </div>
   <div class='ocr_carea' id='block_1_37' title="bbox 332 3424 1898 3499">
    <p class='ocr_par' dir='ltr' id='par_1_37' title="bbox 332 3424 1898 3499">
     <span class='ocr_line' id='line_1_37' title="bbox 332 3424 1898 3499; baseline -0.001 -19"><span class='ocrx_word' id='word_1_281' title='bbox 332 3428 649 3499; x_wconf 79' lang='grc' dir='ltr'>συνεστάλη·</span> <span class='ocrx_word' id='word_1_282' title='bbox 677 3429 776 3481; x_wconf 78' lang='grc' dir='ltr'><strong>οὐκ</strong></span> <span class='ocrx_word' id='word_1_283' title='bbox 803 3428 910 3499; x_wconf 83' lang='grc' dir='ltr'>ἄρα</span> <span class='ocrx_word' id='word_1_284' title='bbox 932 3424 999 3498; x_wconf 81' lang='grc' dir='ltr'>ἦν</span> <span class='ocrx_word' id='word_1_285' title='bbox 1042 3429 1098 3479; x_wconf 91' lang='grc' dir='ltr'><strong>ἐν</strong></span> <span class='ocrx_word' id='word_1_286' title='bbox 1120 3427 1196 3497; x_wconf 83' lang='grc' dir='ltr'><strong>τῷ</strong></span> <span class='ocrx_word' id='word_1_287' title='bbox 1216 3427 1321 3497; x_wconf 84' lang='grc' dir='ltr'><strong>ὅλῳ</strong></span> <span class='ocrx_word' id='word_1_288' title='bbox 1355 3426 1430 3490; x_wconf 80' lang='grc' dir='ltr'>ὼς</span> <span class='ocrx_word' id='word_1_289' title='bbox 1484 3425 1784 3498; x_wconf 82' lang='grc' dir='ltr'>ἀχώριστος</span> <span class='ocrx_word' id='word_1_290' title='bbox 1813 3428 1898 3479; x_wconf 82' lang='grc' dir='ltr'>ἐν·</span> 
     </span>
    </p>
   </div>
   <div class='ocr_carea' id='block_1_38' title="bbox 327 3515 1902 3589">
    <p class='ocr_par' dir='ltr' id='par_1_38' title="bbox 327 3515 1902 3589">
     <span class='ocr_line' id='line_1_38' title="bbox 327 3515 1902 3589; baseline 0.001 -19"><span class='ocrx_word' id='word_1_291' title='bbox 327 3519 594 3589; x_wconf 83' lang='grc' dir='ltr'>τελὲχεια.</span> <span class='ocrx_word' id='word_1_292' title='bbox 636 3519 746 3571; x_wconf 77' lang='grc' dir='ltr'><strong>Καὶ</strong></span> <span class='ocrx_word' id='word_1_293' title='bbox 776 3518 884 3589; x_wconf 82' lang='grc' dir='ltr'><strong>γὰρ</strong></span> <span class='ocrx_word' id='word_1_294' title='bbox 922 3515 986 3571; x_wconf 78' lang='grc' dir='ltr'><strong>αὖ</strong></span> <span class='ocrx_word' id='word_1_295' title='bbox 1034 3520 1168 3582; x_wconf 79' lang='grc' dir='ltr'>ἐστι,</span> <span class='ocrx_word' id='word_1_296' title='bbox 1209 3518 1336 3589; x_wconf 75' lang='grc' dir='ltr'>πρὶν</span> <span class='ocrx_word' id='word_1_297' title='bbox 1370 3517 1667 3588; x_wconf 71' lang='grc' dir='ltr'>αὐξηθῆναι</span> <span class='ocrx_word' id='word_1_298' title='bbox 1717 3517 1775 3570; x_wconf 84' lang='grc' dir='ltr'><strong>τὸ</strong></span> <span class='ocrx_word' id='word_1_299' title='bbox 1803 3536 1902 3586; x_wconf 82' lang='grc' dir='ltr'>φυ-</span> 
     </span>
    </p>
   </div>
   <div class='ocr_carea' id='block_1_39' title="bbox 326 3596 1901 3681">
    <p class='ocr_par' dir='ltr' id='par_1_39' title="bbox 326 3596 1901 3681">
     <span class='ocr_line' id='line_1_39' title="bbox 326 3596 1901 3681; baseline 0.001 -19"><span class='ocrx_word' id='word_1_300' title='bbox 326 3596 437 3673; x_wconf 80' lang='grc' dir='ltr'>τὸν,</span> <span class='ocrx_word' id='word_1_301' title='bbox 468 3612 523 3663; x_wconf 85' lang='grc' dir='ltr'><strong>ἐν</strong></span> <span class='ocrx_word' id='word_1_302' title='bbox 546 3611 623 3681; x_wconf 82' lang='grc' dir='ltr'><strong>τῷ</strong></span> <span class='ocrx_word' id='word_1_303' title='bbox 655 3610 817 3681; x_wconf 80' lang='grc' dir='ltr'>ὀλίγῳ</span> <span class='ocrx_word' id='word_1_304' title='bbox 845 3610 1009 3680; x_wconf 73' lang='grc' dir='ltr'>ὄγκῳ.</span> <span class='ocrx_word' id='word_1_305' title='bbox 1050 3612 1112 3663; x_wconf 77' lang='lat' dir='ltr'><strong>El</strong></span> <span class='ocrx_word' id='word_1_306' title='bbox 1138 3606 1229 3664; x_wconf 78' lang='grc' dir='ltr'><strong>οὖν</strong></span> <span class='ocrx_word' id='word_1_307' title='bbox 1256 3610 1349 3663; x_wconf 71' lang='grc' dir='ltr'><strong>καὶ</strong></span> <span class='ocrx_word' id='word_1_308' title='bbox 1369 3612 1448 3673; x_wconf 89' lang='grc' dir='ltr'><strong>είς</strong></span> <span class='ocrx_word' id='word_1_309' title='bbox 1481 3609 1656 3677; x_wconf 76' lang='grc' dir='ltr'>ὀλίγον</span> <span class='ocrx_word' id='word_1_310' title='bbox 1684 3609 1901 3681; x_wconf 81' lang='grc' dir='ltr'>ἔρχεται</span> 
     </span>
    </p>
   </div>
   <div class='ocr_carea' id='block_1_40' title="bbox 327 3702 1901 3773">
    <p class='ocr_par' dir='ltr' id='par_1_40' title="bbox 327 3702 1901 3773">
     <span class='ocr_line' id='line_1_40' title="bbox 327 3702 1901 3773; baseline 0.003 -21"><span class='ocrx_word' id='word_1_311' title='bbox 327 3702 391 3753; x_wconf 87' lang='grc' dir='ltr'><strong>ἐκ</strong></span> <span class='ocrx_word' id='word_1_312' title='bbox 423 3702 664 3773; x_wconf 79' lang='grc' dir='ltr'>μείζονος</span> <span class='ocrx_word' id='word_1_313' title='bbox 725 3703 914 3771; x_wconf 78' lang='grc' dir='ltr'>φυτοῦ,</span> <span class='ocrx_word' id='word_1_314' title='bbox 952 3704 1045 3756; x_wconf 70' lang='grc' dir='ltr'><strong>καὶ</strong></span> <span class='ocrx_word' id='word_1_315' title='bbox 1104 3702 1163 3768; x_wconf 80' lang='grc' dir='ltr'>ἐξ</span> <span class='ocrx_word' id='word_1_316' title='bbox 1187 3703 1362 3771; x_wconf 83' lang='grc' dir='ltr'>ὀλίγου</span> <span class='ocrx_word' id='word_1_317' title='bbox 1401 3703 1491 3755; x_wconf 77' lang='grc' dir='ltr'>ἐπὶ</span> <span class='ocrx_word' id='word_1_318' title='bbox 1526 3705 1653 3766; x_wconf 76' lang='grc' dir='ltr'>πᾶν,</span> <span class='ocrx_word' id='word_1_319' title='bbox 1687 3703 1738 3755; x_wconf 89' lang='grc' dir='ltr'><strong>τί</strong></span> <span class='ocrx_word' id='word_1_320' title='bbox 1794 3721 1901 3756; x_wconf 78' lang='grc' dir='ltr'><strong>κω·-</strong></span> 
     </span>
    </p>
   </div>
   <div class='ocr_carea' id='block_1_41' title="bbox 326 3794 1901 3869">
    <p class='ocr_par' dir='ltr' id='par_1_41' title="bbox 326 3794 1901 3869">
     <span class='ocr_line' id='line_1_41' title="bbox 326 3794 1901 3869; baseline 0.01 -23"><span class='ocrx_word' id='word_1_321' title='bbox 326 3794 441 3846; x_wconf 83' lang='grc' dir='ltr'>λύει</span> <span class='ocrx_word' id='word_1_322' title='bbox 476 3796 569 3847; x_wconf 77' lang='grc' dir='ltr'><strong>καὶ</strong></span> <span class='ocrx_word' id='word_1_323' title='bbox 622 3795 754 3858; x_wconf 79' lang='grc' dir='ltr'>ὅλως</span> <span class='ocrx_word' id='word_1_324' title='bbox 817 3795 1171 3868; x_wconf 75' lang='grc' dir='ltr'>χωρίζεσθαις</span> <span class='ocrx_word' id='word_1_325' title='bbox 1213 3796 1336 3860; x_wconf 80' lang='grc' dir='ltr'><strong>Πῶς</strong></span> <span class='ocrx_word' id='word_1_326' title='bbox 1387 3796 1429 3848; x_wconf 78' lang='grc' dir='ltr'>δ’</span> <span class='ocrx_word' id='word_1_327' title='bbox 1452 3796 1537 3860; x_wconf 89' lang='grc' dir='ltr'><strong>ἂν,</strong></span> <span class='ocrx_word' id='word_1_328' title='bbox 1566 3796 1661 3850; x_wconf 71' lang='grc' dir='ltr'><strong>καὶ</strong></span> <span class='ocrx_word' id='word_1_329' title='bbox 1690 3797 1901 3869; x_wconf 79' lang='grc' dir='ltr'>ἀμερὴς</span> 
     </span>
    </p>
   </div>
   <div class='ocr_carea' id='block_1_42' title="bbox 326 3881 1901 3958">
    <p class='ocr_par' dir='ltr' id='par_1_42' title="bbox 326 3881 1901 3958">
     <span class='ocr_line' id='line_1_42' title="bbox 326 3881 1901 3958; baseline 0.003 -22"><span class='ocrx_word' id='word_1_330' title='bbox 326 3881 481 3947; x_wconf 75' lang='grc' dir='ltr'>οὖσα,</span> <span class='ocrx_word' id='word_1_331' title='bbox 535 3885 785 3955; x_wconf 89' lang='grc' dir='ltr'>μεριστοῦ</span> <span class='ocrx_word' id='word_1_332' title='bbox 819 3886 914 3939; x_wconf 87' lang='grc' dir='ltr'><strong>τοῦ</strong></span> <span class='ocrx_word' id='word_1_333' title='bbox 952 3885 1200 3957; x_wconf 81' lang='grc' dir='ltr'>σώματος</span> <span class='ocrx_word' id='word_1_334' title='bbox 1232 3887 1535 3957; x_wconf 81' lang='grc' dir='ltr'>ἐντελέχεια</span> <span class='ocrx_word' id='word_1_335' title='bbox 1566 3888 1775 3955; x_wconf 85' lang='grc' dir='ltr'>γένοιτο</span> <span class='ocrx_word' id='word_1_336' title='bbox 1807 3905 1901 3958; x_wconf 87' lang='grc' dir='ltr'>με-</span> 
     </span>
    </p>
   </div>
   <div class='ocr_carea' id='block_1_43' title="bbox 330 3976 1895 4048">
    <p class='ocr_par' dir='ltr' id='par_1_43' title="bbox 330 3976 1895 4048">
     <span class='ocr_line' id='line_1_43' title="bbox 330 3976 1895 4048; baseline 0.004 -21"><span class='ocrx_word' id='word_1_337' title='bbox 330 3980 485 4047; x_wconf 71' lang='grc' dir='ltr'>ριστὴ</span> <span class='ocrx_word' id='word_1_338' title='bbox 508 3993 522 4037; x_wconf 89' lang='grc'>;</span> <span class='ocrx_word' id='word_1_339' title='bbox 549 3976 622 4028; x_wconf 84' lang='grc' dir='ltr'><strong>Ἦ</strong></span> <span class='ocrx_word' id='word_1_340' title='bbox 650 3993 707 4029; x_wconf 86' lang='grc' dir='ltr'><strong>τε</strong></span> <span class='ocrx_word' id='word_1_341' title='bbox 734 3977 869 4048; x_wconf 74' lang='grc' dir='ltr'>αὐτὴ</span> <span class='ocrx_word' id='word_1_342' title='bbox 901 3977 1045 4048; x_wconf 73' lang='grc' dir='ltr'>ψυχὴ</span> <span class='ocrx_word' id='word_1_343' title='bbox 1076 3978 1133 4045; x_wconf 80' lang='grc' dir='ltr'><strong>ἐξ</strong></span> <span class='ocrx_word' id='word_1_344' title='bbox 1158 3978 1317 4031; x_wconf 81' lang='grc' dir='ltr'>ἄλλου</span> <span class='ocrx_word' id='word_1_345' title='bbox 1350 3978 1486 4043; x_wconf 82' lang='grc' dir='ltr'>ζώου</span> <span class='ocrx_word' id='word_1_346' title='bbox 1517 3979 1645 4033; x_wconf 85' lang='grc' dir='ltr'>ἄλλο</span> <span class='ocrx_word' id='word_1_347' title='bbox 1668 3980 1895 4048; x_wconf 82' lang='grc' dir='ltr'>γίνεται’</span> 
     </span>
    </p>
   </div>
   <div class='ocr_carea' id='block_1_44' title="bbox 328 4064 1898 4143">
    <p class='ocr_par' dir='ltr' id='par_1_44' title="bbox 328 4064 1898 4143">
     <span class='ocr_line' id='line_1_44' title="bbox 328 4064 1898 4143; baseline 0.004 -23"><span class='ocrx_word' id='word_1_348' title='bbox 328 4068 446 4131; x_wconf 80' lang='grc' dir='ltr'><strong>πῶς</strong></span> <span class='ocrx_word' id='word_1_349' title='bbox 477 4064 569 4121; x_wconf 81' lang='grc' dir='ltr'><strong>οῦν</strong></span> <span class='ocrx_word' id='word_1_350' title='bbox 602 4070 635 4140; x_wconf 80' lang='grc' dir='ltr'>ὴ</span> <span class='ocrx_word' id='word_1_351' title='bbox 668 4070 759 4123; x_wconf 87' lang='grc' dir='ltr'><strong>τοῦ</strong></span> <span class='ocrx_word' id='word_1_352' title='bbox 805 4072 1071 4143; x_wconf 75' lang='grc' dir='ltr'>προτέρου</span> <span class='ocrx_word' id='word_1_353' title='bbox 1095 4072 1188 4125; x_wconf 88' lang='grc' dir='ltr'><strong>τοῦ</strong></span> <span class='ocrx_word' id='word_1_354' title='bbox 1230 4074 1426 4143; x_wconf 74' lang='grc' dir='ltr'>ἐφεξῆς</span> <span class='ocrx_word' id='word_1_355' title='bbox 1489 4075 1553 4127; x_wconf 83' lang='grc' dir='ltr'>ἂν</span> <span class='ocrx_word' id='word_1_356' title='bbox 1584 4074 1811 4143; x_wconf 86' lang='grc' dir='ltr'>γένοιτο,</span> <span class='ocrx_word' id='word_1_357' title='bbox 1850 4075 1898 4126; x_wconf 82' lang='grc' dir='ltr'>εἰ</span> 
     </span>
    </p>
   </div>
   <div class='ocr_carea' id='block_1_45' title="bbox 324 4154 1896 4238">
    <p class='ocr_par' dir='ltr' id='par_1_45' title="bbox 324 4154 1896 4238">
     <span class='ocr_line' id='line_1_45' title="bbox 324 4154 1896 4238; baseline 0.005 -27"><span class='ocrx_word' id='word_1_358' title='bbox 324 4154 393 4230; x_wconf 77' lang='grc' dir='ltr'>ἦν</span> <span class='ocrx_word' id='word_1_359' title='bbox 429 4160 728 4232; x_wconf 79' lang='grc' dir='ltr'>ἐντελέχεια</span> <span class='ocrx_word' id='word_1_360' title='bbox 755 4162 869 4227; x_wconf 87' lang='grc' dir='ltr'>ἐνός</span> <span class='ocrx_word' id='word_1_361' title='bbox 893 4181 906 4220; x_wconf 87' lang='lat'>:</span> <span class='ocrx_word' id='word_1_362' title='bbox 931 4164 1183 4217; x_wconf 77' lang='grc' dir='ltr'>Φαίνεται</span> <span class='ocrx_word' id='word_1_363' title='bbox 1212 4166 1267 4218; x_wconf 83' lang='grc' dir='ltr'><strong>δὲ</strong></span> <span class='ocrx_word' id='word_1_364' title='bbox 1293 4166 1449 4219; x_wconf 89' lang='grc' dir='ltr'>τοῦτο</span> <span class='ocrx_word' id='word_1_365' title='bbox 1501 4168 1562 4220; x_wconf 82' lang='grc' dir='ltr'><strong>ἐκ</strong></span> <span class='ocrx_word' id='word_1_366' title='bbox 1592 4166 1702 4220; x_wconf 80' lang='grc' dir='ltr'><strong>τῶν</strong></span> <span class='ocrx_word' id='word_1_367' title='bbox 1731 4184 1896 4238; x_wconf 85' lang='grc' dir='ltr'>μετα-</span> 
     </span>
    </p>
   </div>
   <div class='ocr_carea' id='block_1_46' title="bbox 325 4253 1897 4331">
    <p class='ocr_par' dir='ltr' id='par_1_46' title="bbox 325 4253 1897 4331">
     <span class='ocr_line' id='line_1_46' title="bbox 325 4253 1897 4331; baseline 0.004 -26"><span class='ocrx_word' id='word_1_368' title='bbox 325 4253 627 4307; x_wconf 76' lang='grc' dir='ltr'>ϐαλλόντων</span> <span class='ocrx_word' id='word_1_369' title='bbox 660 4254 812 4318; x_wconf 77' lang='grc' dir='ltr'><strong>ζώων</strong></span> <span class='ocrx_word' id='word_1_370' title='bbox 838 4260 917 4320; x_wconf 79' lang='grc' dir='ltr'>εἰς</span> <span class='ocrx_word' id='word_1_371' title='bbox 941 4257 1073 4311; x_wconf 78' lang='grc' dir='ltr'>ἄλλα</span> <span class='ocrx_word' id='word_1_372' title='bbox 1108 4258 1242 4323; x_wconf 77' lang='grc' dir='ltr'><strong>ζῶα.</strong></span> <span class='ocrx_word' id='word_1_373' title='bbox 1273 4260 1386 4312; x_wconf 80' lang='grc' dir='ltr'><strong>Οὐκ</strong></span> <span class='ocrx_word' id='word_1_374' title='bbox 1417 4261 1523 4331; x_wconf 83' lang='grc' dir='ltr'>ἄρα</span> <span class='ocrx_word' id='word_1_375' title='bbox 1550 4260 1627 4331; x_wconf 84' lang='grc' dir='ltr'>τῷ</span> <span class='ocrx_word' id='word_1_376' title='bbox 1652 4255 1790 4323; x_wconf 76' lang='grc' dir='ltr'>εἶδος</span> <span class='ocrx_word' id='word_1_377' title='bbox 1819 4256 1897 4312; x_wconf 81' lang='grc' dir='ltr'><strong>εἷ-</strong></span> 
     </span>
    </p>
   </div>
   <div class='ocr_carea' id='block_1_47' title="bbox 323 4344 1898 4424">
    <p class='ocr_par' dir='ltr' id='par_1_47' title="bbox 323 4344 1898 4424">
     <span class='ocr_line' id='line_1_47' title="bbox 323 4344 1898 4424; baseline 0.004 -25"><span class='ocrx_word' id='word_1_378' title='bbox 323 4347 413 4400; x_wconf 83' lang='grc' dir='ltr'><strong>ναί</strong></span> <span class='ocrx_word' id='word_1_379' title='bbox 440 4364 603 4412; x_wconf 89' lang='grc' dir='ltr'>τινος,</span> <span class='ocrx_word' id='word_1_380' title='bbox 639 4348 699 4401; x_wconf 76' lang='grc' dir='ltr'>τὸ</span> <span class='ocrx_word' id='word_1_381' title='bbox 727 4344 862 4402; x_wconf 77' lang='grc' dir='ltr'>εἶναι</span> <span class='ocrx_word' id='word_1_382' title='bbox 889 4350 1020 4420; x_wconf 84' lang='grc' dir='ltr'>ἔχει·</span> <span class='ocrx_word' id='word_1_383' title='bbox 1083 4352 1197 4405; x_wconf 87' lang='grc' dir='ltr'>ἀλλ’</span> <span class='ocrx_word' id='word_1_384' title='bbox 1245 4353 1389 4406; x_wconf 76' lang='grc' dir='ltr'>ἐστιν</span> <span class='ocrx_word' id='word_1_385' title='bbox 1441 4355 1617 4415; x_wconf 82' lang='grc' dir='ltr'>οὐσία,</span> <span class='ocrx_word' id='word_1_386' title='bbox 1652 4354 1711 4406; x_wconf 78' lang='grc' dir='ltr'>οὺ</span> <span class='ocrx_word' id='word_1_387' title='bbox 1746 4352 1898 4424; x_wconf 85' lang='grc' dir='ltr'><strong>παρά</strong></span> 
     </span>
    </p>
   </div>
   <div class='ocr_carea' id='block_1_48' title="bbox 322 4438 1894 4516">
    <p class='ocr_par' dir='ltr' id='par_1_48' title="bbox 322 4438 1894 4516">
     <span class='ocr_line' id='line_1_48' title="bbox 322 4438 1894 4516; baseline 0.004 -25"><span class='ocrx_word' id='word_1_388' title='bbox 322 4440 383 4493; x_wconf 81' lang='grc' dir='ltr'>τὸ</span> <span class='ocrx_word' id='word_1_389' title='bbox 414 4440 471 4491; x_wconf 90' lang='grc' dir='ltr'><strong>ἐν</strong></span> <span class='ocrx_word' id='word_1_390' title='bbox 494 4438 713 4510; x_wconf 46' lang='grc' dir='ltr'>σώματι,</span> <span class='ocrx_word' id='word_1_391' title='bbox 754 4441 1017 4512; x_wconf 71' lang='grc' dir='ltr'>ἱδρῦσθαι,</span> <span class='ocrx_word' id='word_1_392' title='bbox 1072 4444 1135 4497; x_wconf 79' lang='grc' dir='ltr'><strong>τὸ</strong></span> <span class='ocrx_word' id='word_1_393' title='bbox 1186 4441 1325 4498; x_wconf 75' lang='grc' dir='ltr'>εἶναι</span> <span class='ocrx_word' id='word_1_394' title='bbox 1368 4444 1746 4516; x_wconf 74' lang='grc' dir='ltr'>λαμὸἀνουσα,</span> <span class='ocrx_word' id='word_1_395' title='bbox 1781 4446 1894 4499; x_wconf 80' lang='grc' dir='ltr'>ἀλλ’</span> 
     </span>
    </p>
   </div>
   <div class='ocr_carea' id='block_1_49' title="bbox 323 4515 1971 4605">
    <p class='ocr_par' dir='ltr' id='par_1_49' title="bbox 323 4515 1971 4605">
     <span class='ocr_line' id='line_1_49' title="bbox 323 4515 1971 4605; baseline 0.004 -19"><span class='ocrx_word' id='word_1_396' title='bbox 323 4528 457 4587; x_wconf 73' lang='grc' dir='ltr'>οὖσα</span> <span class='ocrx_word' id='word_1_397' title='bbox 491 4532 620 4603; x_wconf 73' lang='grc' dir='ltr'>πρὶν</span> <span class='ocrx_word' id='word_1_398' title='bbox 641 4534 733 4586; x_wconf 65' lang='grc' dir='ltr'><strong>κα)⁵</strong></span> <span class='ocrx_word' id='word_1_399' title='bbox 764 4534 915 4587; x_wconf 84' lang='grc' dir='ltr'>τοῦδε</span> <span class='ocrx_word' id='word_1_400' title='bbox 970 4535 1240 4602; x_wconf 72' lang='grc' dir='ltr'>γενέσθαιο</span> <span class='ocrx_word' id='word_1_401' title='bbox 1277 4530 1391 4591; x_wconf 80' lang='grc' dir='ltr'>οἷον</span> <span class='ocrx_word' id='word_1_402' title='bbox 1424 4515 1563 4600; x_wconf 69' lang='grc' dir='ltr'>ζὼου</span> <span class='ocrx_word' id='word_1_403' title='bbox 1592 4539 1808 4605; x_wconf 67' lang='grc' dir='ltr'><strong>(21)ἕοὺ</strong></span> <span class='ocrx_word' id='word_1_404' title='bbox 1833 4539 1895 4593; x_wconf 78' lang='grc' dir='ltr'>τὸ</span> <span class='ocrx_word' id='word_1_405' title='bbox 1928 4515 1971 4569; x_wconf 75' lang='lat' dir='ltr'><strong>D</strong></span> 
     </span>
    </p>
   </div>
   <div class='ocr_carea' id='block_1_50' title="bbox 326 4623 1895 4699">
    <p class='ocr_par' dir='ltr' id='par_1_50' title="bbox 326 4623 1895 4699">
     <span class='ocr_line' id='line_1_50' title="bbox 326 4623 1895 4699; baseline 0.007 -25"><span class='ocrx_word' id='word_1_406' title='bbox 326 4623 483 4694; x_wconf 83' lang='grc' dir='ltr'>σῶμα</span> <span class='ocrx_word' id='word_1_407' title='bbox 509 4625 609 4694; x_wconf 77' lang='grc' dir='ltr'><strong>τὴν</strong></span> <span class='ocrx_word' id='word_1_408' title='bbox 636 4624 812 4695; x_wconf 72' lang='grc' dir='ltr'>ψυχὴν</span> <span class='ocrx_word' id='word_1_409' title='bbox 846 4628 1118 4695; x_wconf 81' lang='grc' dir='ltr'>γεννήσει.</span> <span class='ocrx_word' id='word_1_410' title='bbox 1146 4628 1240 4690; x_wconf 83' lang='grc' dir='ltr'>Τίς</span> <span class='ocrx_word' id='word_1_411' title='bbox 1264 4623 1356 4681; x_wconf 79' lang='grc' dir='ltr'><strong>οῦν</strong></span> <span class='ocrx_word' id='word_1_412' title='bbox 1413 4629 1568 4682; x_wconf 75' lang='grc' dir='ltr'>οὐσία</span> <span class='ocrx_word' id='word_1_413' title='bbox 1595 4630 1798 4699; x_wconf 53' lang='grc' dir='ltr'>αὐτῆς</span> <span class='ocrx_word' id='word_1_414' title='bbox 1833 4633 1895 4685; x_wconf 85' lang='grc' dir='ltr'><strong>Εἰ</strong></span> 
     </span>
    </p>
   </div>
   <div class='ocr_carea' id='block_1_51' title="bbox 323 4712 1895 4791">
    <p class='ocr_par' dir='ltr' id='par_1_51' title="bbox 323 4712 1895 4791">
     <span class='ocr_line' id='line_1_51' title="bbox 323 4712 1895 4791; baseline 0.006 -26"><span class='ocrx_word' id='word_1_415' title='bbox 323 4713 379 4765; x_wconf 83' lang='grc' dir='ltr'><strong>δέ</strong></span> <span class='ocrx_word' id='word_1_416' title='bbox 403 4712 513 4780; x_wconf 70' lang='grc'><strong>(22)</strong></span> <span class='ocrx_word' id='word_1_417' title='bbox 546 4715 683 4785; x_wconf 80' lang='grc' dir='ltr'>μήτε</span> <span class='ocrx_word' id='word_1_418' title='bbox 708 4716 887 4784; x_wconf 83' lang='grc' dir='ltr'>σῶμα,</span> <span class='ocrx_word' id='word_1_419' title='bbox 928 4718 1063 4787; x_wconf 79' lang='grc' dir='ltr'>μήτε</span> <span class='ocrx_word' id='word_1_420' title='bbox 1102 4717 1272 4781; x_wconf 83' lang='grc' dir='ltr'>πάθος</span> <span class='ocrx_word' id='word_1_421' title='bbox 1319 4717 1587 4789; x_wconf 80' lang='grc' dir='ltr'>σώματος,</span> <span class='ocrx_word' id='word_1_422' title='bbox 1616 4722 1812 4791; x_wconf 75' lang='grc' dir='ltr'>πρᾶξις</span> <span class='ocrx_word' id='word_1_423' title='bbox 1837 4722 1895 4776; x_wconf 76' lang='grc' dir='ltr'>δὲ</span> 
     </span>
    </p>
   </div>
   <div class='ocr_carea' id='block_1_52' title="bbox 325 4806 1891 4882">
    <p class='ocr_par' dir='ltr' id='par_1_52' title="bbox 325 4806 1891 4882">
     <span class='ocr_line' id='line_1_52' title="bbox 325 4806 1891 4882; baseline 0.008 -26"><span class='ocrx_word' id='word_1_424' title='bbox 325 4806 418 4857; x_wconf 70' lang='grc' dir='ltr'>καὶ</span> <span class='ocrx_word' id='word_1_425' title='bbox 447 4806 681 4875; x_wconf 87' lang='grc' dir='ltr'>ποίησις,</span> <span class='ocrx_word' id='word_1_426' title='bbox 718 4808 813 4859; x_wconf 66' lang='grc' dir='ltr'>καὶ</span> <span class='ocrx_word' id='word_1_427' title='bbox 848 4808 1013 4861; x_wconf 84' lang='grc' dir='ltr'>πολλά</span> <span class='ocrx_word' id='word_1_428' title='bbox 1044 4810 1137 4862; x_wconf 66' lang='grc' dir='ltr'>καὶ</span> <span class='ocrx_word' id='word_1_429' title='bbox 1192 4813 1247 4865; x_wconf 86' lang='grc' dir='ltr'><strong>ἐν</strong></span> <span class='ocrx_word' id='word_1_430' title='bbox 1273 4811 1432 4882; x_wconf 73' lang='grc' dir='ltr'>αὐτῇ,</span> <span class='ocrx_word' id='word_1_431' title='bbox 1478 4813 1570 4865; x_wconf 74' lang='grc' dir='ltr'>καὶ</span> <span class='ocrx_word' id='word_1_432' title='bbox 1615 4812 1671 4878; x_wconf 80' lang='grc' dir='ltr'><strong>ἐξ</strong></span> <span class='ocrx_word' id='word_1_433' title='bbox 1702 4812 1891 4881; x_wconf 65' lang='grc' dir='ltr'>αὐτῆς</span> 
     </span>
    </p>
   </div>
   <div class='ocr_carea' id='block_1_53' title="bbox 323 4896 1896 4971">
    <p class='ocr_par' dir='ltr' id='par_1_53' title="bbox 323 4896 1896 4971">
     <span class='ocr_line' id='line_1_53' title="bbox 323 4896 1896 4971; baseline 0.007 -24"><span class='ocrx_word' id='word_1_434' title='bbox 323 4896 479 4948; x_wconf 80' lang='grc' dir='ltr'>οὐσία</span> <span class='ocrx_word' id='word_1_435' title='bbox 517 4898 664 4967; x_wconf 83' lang='grc' dir='ltr'><strong>παρά</strong></span> <span class='ocrx_word' id='word_1_436' title='bbox 723 4899 791 4951; x_wconf 84' lang='grc' dir='ltr'>τὰ</span> <span class='ocrx_word' id='word_1_437' title='bbox 827 4898 1052 4970; x_wconf 82' lang='grc' dir='ltr'>σώματα</span> <span class='ocrx_word' id='word_1_438' title='bbox 1096 4898 1249 4968; x_wconf 81' lang='grc' dir='ltr'>οῦσα,</span> <span class='ocrx_word' id='word_1_439' title='bbox 1281 4904 1405 4957; x_wconf 81' lang='grc' dir='ltr'>ποία</span> <span class='ocrx_word' id='word_1_440' title='bbox 1459 4903 1537 4968; x_wconf 84' lang='grc' dir='ltr'><strong>τίς</strong></span> <span class='ocrx_word' id='word_1_441' title='bbox 1590 4905 1770 4971; x_wconf 87' lang='grc' dir='ltr'>ἐστιν;</span> <span class='ocrx_word' id='word_1_442' title='bbox 1817 4900 1896 4958; x_wconf 84' lang='grc' dir='ltr'>Ἦ</span> 
     </span>
    </p>
   </div>
   <div class='ocr_carea' id='block_1_54' title="bbox 326 5202 1891 5287">
    <p class='ocr_par' dir='ltr' id='par_1_54' title="bbox 326 5202 1891 5287">
     <span class='ocr_line' id='line_1_54' title="bbox 326 5202 1891 5287; baseline 0.01 -32"><span class='ocrx_word' id='word_1_443' title='bbox 326 5202 566 5287; x_wconf 37' lang='grc' dir='ltr'>Εζυιςαιά.</span> <span class='ocrx_word' id='word_1_444' title='bbox 601 5223 653 5260; x_wconf 80' lang='grc' dir='ltr'><strong>ιν</strong></span> <span class='ocrx_word' id='word_1_445' title='bbox 686 5209 1420 5287; x_wconf 68' lang='lat' dir='ltr'><strong>principinmoccurrit,nbi</strong></span> <span class='ocrx_word' id='word_1_446' title='bbox 1453 5214 1617 5287; x_wconf 57' lang='lat' dir='ltr'><strong>Verbo</strong></span> <span class='ocrx_word' id='word_1_447' title='bbox 1645 5228 1754 5287; x_wconf 77' lang='lat' dir='ltr'><strong>uno</strong></span> <span class='ocrx_word' id='word_1_448' title='bbox 1792 5229 1891 5268; x_wconf 85' lang='lat' dir='ltr'><strong>en-</strong></span> 
     </span>
    </p>
   </div>
   <div class='ocr_carea' id='block_1_55' title="bbox 325 5276 1886 5351">
    <p class='ocr_par' dir='ltr' id='par_1_55' title="bbox 325 5276 1886 5351">
     <span class='ocr_line' id='line_1_55' title="bbox 325 5276 1886 5351; baseline 0.006 -23"><span class='ocrx_word' id='word_1_449' title='bbox 325 5276 609 5351; x_wconf 79' lang='lat' dir='ltr'><strong>telechiam</strong></span> <span class='ocrx_word' id='word_1_450' title='bbox 639 5276 969 5351; x_wconf 80' lang='lat' dir='ltr'><strong>perstringit.</strong></span> <span class='ocrx_word' id='word_1_451' title='bbox 993 5283 1125 5338; x_wconf 86' lang='lat' dir='ltr'><strong>Nam</strong></span> <span class='ocrx_word' id='word_1_452' title='bbox 1158 5286 1224 5339; x_wconf 90' lang='lat' dir='ltr'><strong>de</strong></span> <span class='ocrx_word' id='word_1_453' title='bbox 1246 5276 1440 5339; x_wconf 67' lang='lat' dir='ltr'><strong>animm</strong></span> <span class='ocrx_word' id='word_1_454' title='bbox 1463 5284 1886 5348; x_wconf 71' lang='lat' dir='ltr'><strong>immortalitate,</strong></span> 
     </span>
    </p>
   </div>
   <div class='ocr_carea' id='block_1_56' title="bbox 327 5346 1889 5411">
    <p class='ocr_par' dir='ltr' id='par_1_56' title="bbox 327 5346 1889 5411">
     <span class='ocr_line' id='line_1_56' title="bbox 327 5346 1889 5411; baseline 0.006 -13"><span class='ocrx_word' id='word_1_455' title='bbox 327 5359 437 5399; x_wconf 88' lang='lat' dir='ltr'><strong>non</strong></span> <span class='ocrx_word' id='word_1_456' title='bbox 491 5346 660 5411; x_wconf 80' lang='lat' dir='ltr'><strong>duos,</strong></span> <span class='ocrx_word' id='word_1_457' title='bbox 690 5352 781 5404; x_wconf 74' lang='lat' dir='ltr'><strong>sed</strong></span> <span class='ocrx_word' id='word_1_458' title='bbox 820 5346 985 5407; x_wconf 76' lang='lat' dir='ltr'><strong>unum</strong></span> <span class='ocrx_word' id='word_1_459' title='bbox 1024 5357 1289 5408; x_wconf 86' lang='lat' dir='ltr'><strong>duntaxat</strong></span> <span class='ocrx_word' id='word_1_460' title='bbox 1320 5355 1522 5408; x_wconf 90' lang='lat' dir='ltr'><strong>librum</strong></span> <span class='ocrx_word' id='word_1_461' title='bbox 1551 5354 1619 5409; x_wconf 90' lang='lat' dir='ltr'><strong>ab</strong></span> <span class='ocrx_word' id='word_1_462' title='bbox 1647 5369 1713 5408; x_wconf 91' lang='lat' dir='ltr'><strong>eo</strong></span> <span class='ocrx_word' id='word_1_463' title='bbox 1753 5346 1889 5409; x_wconf 52' lang='lat' dir='ltr'><strong>seri-1</strong></span> 
     </span>
    </p>
   </div>
   <div class='ocr_carea' id='block_1_57' title="bbox 324 5423 1888 5495">
    <p class='ocr_par' dir='ltr' id='par_1_57' title="bbox 324 5423 1888 5495">
     <span class='ocr_line' id='line_1_57' title="bbox 324 5423 1888 5495; baseline 0.006 -27"><span class='ocrx_word' id='word_1_464' title='bbox 324 5425 475 5495; x_wconf 79' lang='lat' dir='ltr'><strong>ptum</strong></span> <span class='ocrx_word' id='word_1_465' title='bbox 513 5433 633 5472; x_wconf 85' lang='lat' dir='ltr'><strong>esse</strong></span> <span class='ocrx_word' id='word_1_466' title='bbox 664 5423 905 5495; x_wconf 73' lang='lat' dir='ltr'><strong>reperio,</strong></span> <span class='ocrx_word' id='word_1_467' title='bbox 946 5425 1038 5493; x_wconf 90' lang='lat' dir='ltr'><strong>qui</strong></span> <span class='ocrx_word' id='word_1_468' title='bbox 1075 5426 1336 5494; x_wconf 88' lang='lat' dir='ltr'><strong>septimus</strong></span> <span class='ocrx_word' id='word_1_469' title='bbox 1381 5434 1463 5479; x_wconf 88' lang='lat' dir='ltr'><strong>est</strong></span> <span class='ocrx_word' id='word_1_470' title='bbox 1501 5426 1741 5495; x_wconf 78' lang='lat' dir='ltr'><strong>ejusdem</strong></span> <span class='ocrx_word' id='word_1_471' title='bbox 1774 5423 1888 5495; x_wconf 75' lang='lat' dir='ltr'><strong>En-</strong></span> 
     </span>
    </p>
   </div>
   <div class='ocr_carea' id='block_1_58' title="bbox 326 5485 1884 5567">
    <p class='ocr_par' dir='ltr' id='par_1_58' title="bbox 326 5485 1884 5567">
     <span class='ocr_line' id='line_1_58' title="bbox 326 5485 1884 5567; baseline 0.006 -29"><span class='ocrx_word' id='word_1_472' title='bbox 326 5485 479 5567; x_wconf 52' lang='grc' dir='ltr'>εεηά.</span> <span class='ocrx_word' id='word_1_473' title='bbox 544 5502 617 5567; x_wconf 68' lang='grc' dir='ltr'>ιγ.</span> <span class='ocrx_word' id='word_1_474' title='bbox 664 5485 862 5559; x_wconf 77' lang='grc' dir='ltr'>Ιιι’‹ιιιο</span> <span class='ocrx_word' id='word_1_475' title='bbox 894 5485 1094 5567; x_wconf 66' lang='lat' dir='ltr'><strong>tamen</strong></span> <span class='ocrx_word' id='word_1_476' title='bbox 1129 5485 1195 5548; x_wconf 77' lang='lat' dir='ltr'><strong>de</strong></span> <span class='ocrx_word' id='word_1_477' title='bbox 1234 5485 1548 5567; x_wconf 55' lang='lat' dir='ltr'><strong>entelechi‘a&#39;</strong></span> <span class='ocrx_word' id='word_1_478' title='bbox 1581 5494 1715 5567; x_wconf 83' lang='grc' dir='ltr'><strong>μηδέ</strong></span> <span class='ocrx_word' id='word_1_479' title='bbox 1759 5494 1884 5567; x_wconf 82' lang='grc' dir='ltr'>γρύ.</span> 
     </span>
    </p>
   </div>
   <div class='ocr_carea' id='block_1_59' title="bbox 326 5553 1889 5637">
    <p class='ocr_par' dir='ltr' id='par_1_59' title="bbox 326 5553 1889 5637">
     <span class='ocr_line' id='line_1_59' title="bbox 326 5553 1889 5637; baseline 0.009 -29"><span class='ocrx_word' id='word_1_480' title='bbox 326 5553 498 5637; x_wconf 59' lang='grc' dir='ltr'>ξος·το</span> <span class='ocrx_word' id='word_1_481' title='bbox 538 5559 705 5637; x_wconf 70' lang='lat' dir='ltr'><strong>vitrea</strong></span> <span class='ocrx_word' id='word_1_482' title='bbox 742 5553 1028 5637; x_wconf 54' lang='lat' dir='ltr'><strong>simularat:</strong></span> <span class='ocrx_word' id='word_1_483' title='bbox 1068 5563 1262 5618; x_wconf 84' lang='lat' dir='ltr'><strong>Plotini</strong></span> <span class='ocrx_word' id='word_1_484' title='bbox 1302 5553 1653 5635; x_wconf 65' lang='lat' dir='ltr'><strong>argumenta;</strong></span> <span class='ocrx_word' id='word_1_485' title='bbox 1693 5553 1889 5637; x_wconf 77' lang='lat' dir='ltr'><strong>quibus</strong></span> 
     </span>
    </p>
   </div>
   <div class='ocr_carea' id='block_1_60' title="bbox 325 5626 1429 5706">
    <p class='ocr_par' dir='ltr' id='par_1_60' title="bbox 325 5626 1429 5706">
     <span class='ocr_line' id='line_1_60' title="bbox 325 5626 1429 5706; baseline 0.011 -27"><span class='ocrx_word' id='word_1_486' title='bbox 325 5626 726 5706; x_wconf 59' lang='lat' dir='ltr'><strong>Aristoteliam</strong></span> <span class='ocrx_word' id='word_1_487' title='bbox 758 5633 1113 5706; x_wconf 69' lang='lat' dir='ltr'><strong>entelecltiam</strong></span> <span class='ocrx_word' id='word_1_488' title='bbox 1144 5626 1429 5706; x_wconf 57' lang='lat' dir='ltr'><strong>oppugnat.</strong></span> 
     </span>
    </p>
   </div>
   <div class='ocr_carea' id='block_1_61' title="bbox 398 5697 1008 5763">
    <p class='ocr_par' dir='ltr' id='par_1_61' title="bbox 398 5697 1008 5763">
     <span class='ocr_line' id='line_1_61' title="bbox 398 5697 1008 5763; baseline 0.015 -15"><span class='ocrx_word' id='word_1_489' title='bbox 398 5697 512 5763; x_wconf 73' lang='grc'><strong>(19)</strong></span> <span class='ocrx_word' id='word_1_490' title='bbox 553 5697 712 5753; x_wconf 80' lang='lat' dir='ltr'><strong>Forte</strong></span> <span class='ocrx_word' id='word_1_491' title='bbox 749 5702 871 5757; x_wconf 90' lang='lat' dir='ltr'><strong>add.</strong></span> <span class='ocrx_word' id='word_1_492' title='bbox 913 5704 1008 5757; x_wconf 75' lang='grc' dir='ltr'>δεῖ.</span> 
     </span>
    </p>
   </div>
   <div class='ocr_carea' id='block_1_62' title="bbox 396 5766 1885 5847">
    <p class='ocr_par' dir='ltr' id='par_1_62' title="bbox 396 5766 1885 5847">
     <span class='ocr_line' id='line_1_62' title="bbox 396 5766 1885 5847; baseline 0.009 -28"><span class='ocrx_word' id='word_1_493' title='bbox 396 5766 507 5840; x_wconf 72' lang='lat'><strong>(20)</strong></span> <span class='ocrx_word' id='word_1_494' title='bbox 547 5770 659 5823; x_wconf 64' lang='lat' dir='ltr'><strong>Kal</strong></span> <span class='ocrx_word' id='word_1_495' title='bbox 683 5770 855 5826; x_wconf 76' lang='grc' dir='ltr'>κάτω.</span> <span class='ocrx_word' id='word_1_496' title='bbox 896 5774 997 5829; x_wconf 68' lang='lat' dir='ltr'><strong>Alt.</strong></span> <span class='ocrx_word' id='word_1_497' title='bbox 1034 5792 1131 5833; x_wconf 85' lang='lat' dir='ltr'><strong>ms.</strong></span> <span class='ocrx_word' id='word_1_498' title='bbox 1168 5778 1287 5847; x_wconf 71' lang='lat' dir='ltr'><strong>legit</strong></span> <span class='ocrx_word' id='word_1_499' title='bbox 1320 5776 1502 5832; x_wconf 75' lang='grc' dir='ltr'>καὶτὰ</span> <span class='ocrx_word' id='word_1_500' title='bbox 1529 5778 1695 5840; x_wconf 84' lang='grc' dir='ltr'>κάτω,</span> <span class='ocrx_word' id='word_1_501' title='bbox 1744 5778 1885 5846; x_wconf 87' lang='lat' dir='ltr'><strong>quod</strong></span> 
     </span>
    </p>
   </div>
   <div class='ocr_carea' id='block_1_63' title="bbox 2026 550 3593 627">
    <p class='ocr_par' dir='ltr' id='par_1_63' title="bbox 2026 550 3593 627">
     <span class='ocr_line' id='line_1_63' title="bbox 2026 550 3593 627; baseline -0.008 -15"><span class='ocrx_word' id='word_1_502' title='bbox 2026 572 2275 627; x_wconf 89' lang='lat' dir='ltr'><strong>corpore,</strong></span> <span class='ocrx_word' id='word_1_503' title='bbox 2310 556 2472 610; x_wconf 82' lang='lat' dir='ltr'><strong>veluti</strong></span> <span class='ocrx_word' id='word_1_504' title='bbox 2503 570 2626 609; x_wconf 87' lang='lat' dir='ltr'><strong>cum</strong></span> <span class='ocrx_word' id='word_1_505' title='bbox 2674 554 2901 608; x_wconf 85' lang='lat' dir='ltr'><strong>materia</strong></span> <span class='ocrx_word' id='word_1_506' title='bbox 2931 561 3322 622; x_wconf 85' lang='lat' dir='ltr'><strong>comparatum,</strong></span> <span class='ocrx_word' id='word_1_507' title='bbox 3355 550 3408 604; x_wconf 93' lang='lat' dir='ltr'><strong>in</strong></span> <span class='ocrx_word' id='word_1_508' title='bbox 3440 564 3593 602; x_wconf 85' lang='lat' dir='ltr'><strong>com-</strong></span> 
     </span>
    </p>
   </div>
   <div class='ocr_carea' id='block_1_64' title="bbox 2024 644 3592 719">
    <p class='ocr_par' dir='ltr' id='par_1_64' title="bbox 2024 644 3592 719">
     <span class='ocr_line' id='line_1_64' title="bbox 2024 644 3592 719; baseline -0.006 -16"><span class='ocrx_word' id='word_1_509' title='bbox 2024 650 2203 719; x_wconf 86' lang='lat' dir='ltr'><strong>posito</strong></span> <span class='ocrx_word' id='word_1_510' title='bbox 2237 647 2425 702; x_wconf 65' lang='lat' dir='ltr'><strong>forma:</strong></span> <span class='ocrx_word' id='word_1_511' title='bbox 2457 646 2723 701; x_wconf 90' lang='lat' dir='ltr'><strong>rationem</strong></span> <span class='ocrx_word' id='word_1_512' title='bbox 2767 644 2987 699; x_wconf 86' lang='lat' dir='ltr'><strong>habere.</strong></span> <span class='ocrx_word' id='word_1_513' title='bbox 3037 644 3245 715; x_wconf 84' lang='lat' dir='ltr'><strong>Corpus</strong></span> <span class='ocrx_word' id='word_1_514' title='bbox 3278 652 3457 697; x_wconf 86' lang='lat' dir='ltr'><strong>autem</strong></span> <span class='ocrx_word' id='word_1_515' title='bbox 3497 656 3592 695; x_wconf 82' lang='lat' dir='ltr'><strong>ac-</strong></span> 
     </span>
    </p>
   </div>
   <div class='ocr_carea' id='block_1_65' title="bbox 2023 734 3588 811">
    <p class='ocr_par' dir='ltr' id='par_1_65' title="bbox 2023 734 3588 811">
     <span class='ocr_line' id='line_1_65' title="bbox 2023 734 3588 811; baseline -0.005 -15"><span class='ocrx_word' id='word_1_516' title='bbox 2023 742 2257 811; x_wconf 87' lang='lat' dir='ltr'><strong>cipiunt,</strong></span> <span class='ocrx_word' id='word_1_517' title='bbox 2291 754 2398 794; x_wconf 91' lang='lat' dir='ltr'><strong>non</strong></span> <span class='ocrx_word' id='word_1_518' title='bbox 2430 737 2731 809; x_wconf 89' lang='lat' dir='ltr'><strong>quodlibet,</strong></span> <span class='ocrx_word' id='word_1_519' title='bbox 2768 745 2863 792; x_wconf 88' lang='lat' dir='ltr'><strong>aut</strong></span> <span class='ocrx_word' id='word_1_520' title='bbox 2891 743 3160 805; x_wconf 80' lang='lat' dir='ltr'><strong>quatenus</strong></span> <span class='ocrx_word' id='word_1_521' title='bbox 3187 750 3382 804; x_wconf 87' lang='lat' dir='ltr'><strong>corpus</strong></span> <span class='ocrx_word' id='word_1_522' title='bbox 3411 734 3588 803; x_wconf 89' lang='lat' dir='ltr'><strong>ipsum</strong></span> 
     </span>
    </p>
   </div>
   <div class='ocr_carea' id='block_1_66' title="bbox 2022 825 3586 897">
    <p class='ocr_par' dir='ltr' id='par_1_66' title="bbox 2022 825 3586 897">
     <span class='ocr_line' id='line_1_66' title="bbox 2022 825 3586 897; baseline -0.003 -13"><span class='ocrx_word' id='word_1_523' title='bbox 2022 839 2127 896; x_wconf 90' lang='lat' dir='ltr'><strong>est,</strong></span> <span class='ocrx_word' id='word_1_524' title='bbox 2174 834 2268 884; x_wconf 86' lang='lat' dir='ltr'><strong>sed</strong></span> <span class='ocrx_word' id='word_1_525' title='bbox 2302 827 2570 891; x_wconf 82' lang='lat' dir='ltr'><strong>naturale,</strong></span> <span class='ocrx_word' id='word_1_526' title='bbox 2603 828 2954 897; x_wconf 82' lang='lat' dir='ltr'><strong>organicum,</strong></span> <span class='ocrx_word' id='word_1_527' title='bbox 3001 834 3055 879; x_wconf 92' lang='lat' dir='ltr'><strong>et</strong></span> <span class='ocrx_word' id='word_1_528' title='bbox 3085 833 3348 895; x_wconf 84' lang='lat' dir='ltr'><strong>potestate</strong></span> <span class='ocrx_word' id='word_1_529' title='bbox 3381 825 3586 879; x_wconf 80' lang='lat' dir='ltr'><strong>vivens.</strong></span> 
     </span>
    </p>
   </div>
   <div class='ocr_carea' id='block_1_67' title="bbox 2025 914 3588 988">
    <p class='ocr_par' dir='ltr' id='par_1_67' title="bbox 2025 914 3588 988">
     <span class='ocr_line' id='line_1_67' title="bbox 2025 914 3588 988; baseline -0.004 -14"><span class='ocrx_word' id='word_1_530' title='bbox 2025 918 2083 974; x_wconf 90' lang='lat' dir='ltr'><strong>Si</strong></span> <span class='ocrx_word' id='word_1_531' title='bbox 2117 920 2236 988; x_wconf 87' lang='lat' dir='ltr'><strong>ejus</strong></span> <span class='ocrx_word' id='word_1_532' title='bbox 2279 934 2409 987; x_wconf 77' lang='lat' dir='ltr'><strong>ergo</strong></span> <span class='ocrx_word' id='word_1_533' title='bbox 2442 918 2637 981; x_wconf 86' lang='lat' dir='ltr'><strong>similis</strong></span> <span class='ocrx_word' id='word_1_534' title='bbox 2681 925 2785 982; x_wconf 89' lang='lat' dir='ltr'><strong>est,</strong></span> <span class='ocrx_word' id='word_1_535' title='bbox 2835 932 3073 987; x_wconf 88' lang='lat' dir='ltr'><strong>quocum</strong></span> <span class='ocrx_word' id='word_1_536' title='bbox 3121 916 3235 984; x_wconf 85' lang='lat' dir='ltr'><strong>ipse</strong></span> <span class='ocrx_word' id='word_1_537' title='bbox 3292 914 3588 978; x_wconf 62' lang='lat' dir='ltr'><strong>confertur,</strong></span> 
     </span>
    </p>
   </div>
   <div class='ocr_carea' id='block_1_68' title="bbox 2020 1006 3591 1082">
    <p class='ocr_par' dir='ltr' id='par_1_68' title="bbox 2020 1006 3591 1082">
     <span class='ocr_line' id='line_1_68' title="bbox 2020 1006 3591 1082; baseline -0.004 -16"><span class='ocrx_word' id='word_1_538' title='bbox 2020 1027 2195 1082; x_wconf 90' lang='lat' dir='ltr'><strong>eoque</strong></span> <span class='ocrx_word' id='word_1_539' title='bbox 2229 1026 2288 1067; x_wconf 91' lang='lat' dir='ltr'><strong>se</strong></span> <span class='ocrx_word' id='word_1_540' title='bbox 2318 1011 2481 1065; x_wconf 90' lang='lat' dir='ltr'><strong>modo</strong></span> <span class='ocrx_word' id='word_1_541' title='bbox 2512 1011 2692 1073; x_wconf 88' lang='lat' dir='ltr'><strong>habet,</strong></span> <span class='ocrx_word' id='word_1_542' title='bbox 2727 1026 2837 1079; x_wconf 87' lang='lat' dir='ltr'><strong>quo</strong></span> <span class='ocrx_word' id='word_1_543' title='bbox 2882 1018 3074 1064; x_wconf 65' lang='lat' dir='ltr'><strong>statuae</strong></span> <span class='ocrx_word' id='word_1_544' title='bbox 3116 1006 3292 1061; x_wconf 89' lang='lat' dir='ltr'><strong>forma</strong></span> <span class='ocrx_word' id='word_1_545' title='bbox 3331 1022 3453 1060; x_wconf 90' lang='lat' dir='ltr'><strong>cum</strong></span> <span class='ocrx_word' id='word_1_546' title='bbox 3486 1021 3591 1059; x_wconf 64' lang='grc' dir='ltr'>τιτι-ο</span> 
     </span>
    </p>
   </div>
   <div class='ocr_carea' id='block_1_69' title="bbox 2021 1098 3585 1173">
    <p class='ocr_par' dir='ltr' id='par_1_69' title="bbox 2021 1098 3585 1173">
     <span class='ocr_line' id='line_1_69' title="bbox 2021 1098 3585 1173; baseline -0.005 -15"><span class='ocrx_word' id='word_1_547' title='bbox 2021 1112 2353 1173; x_wconf 88' lang='lat' dir='ltr'><strong>comparata,</strong></span> <span class='ocrx_word' id='word_1_548' title='bbox 2386 1101 2633 1171; x_wconf 78' lang='lat' dir='ltr'><strong>sequitur</strong></span> <span class='ocrx_word' id='word_1_549' title='bbox 2672 1103 2918 1168; x_wconf 85' lang='lat' dir='ltr'><strong>omnino,</strong></span> <span class='ocrx_word' id='word_1_550' title='bbox 2953 1101 3045 1155; x_wconf 88' lang='lat' dir='ltr'><strong>ubi</strong></span> <span class='ocrx_word' id='word_1_551' title='bbox 3081 1115 3281 1170; x_wconf 90' lang='lat' dir='ltr'><strong>corpus</strong></span> <span class='ocrx_word' id='word_1_552' title='bbox 3308 1098 3585 1160; x_wconf 81' lang='lat' dir='ltr'><strong>dividitur,</strong></span> 
     </span>
    </p>
   </div>
   <div class='ocr_carea' id='block_1_70' title="bbox 2021 1194 3589 1261">
    <p class='ocr_par' dir='ltr' id='par_1_70' title="bbox 2021 1194 3589 1261">
     <span class='ocr_line' id='line_1_70' title="bbox 2021 1194 3589 1261; baseline -0.003 -12"><span class='ocrx_word' id='word_1_553' title='bbox 2021 1195 2187 1249; x_wconf 89' lang='lat' dir='ltr'><strong>animi</strong></span> <span class='ocrx_word' id='word_1_554' title='bbox 2218 1194 2384 1249; x_wconf 90' lang='lat' dir='ltr'><strong>simul</strong></span> <span class='ocrx_word' id='word_1_555' title='bbox 2404 1194 2729 1249; x_wconf 84' lang='lat' dir='ltr'><strong>divisionem</strong></span> <span class='ocrx_word' id='word_1_556' title='bbox 2761 1195 2875 1249; x_wconf 82' lang='lat' dir='ltr'><strong>fieri</strong></span> <span class='ocrx_word' id='word_1_557' title='bbox 2903 1213 2916 1260; x_wconf 92' lang='lat'><strong>;</strong></span> <span class='ocrx_word' id='word_1_558' title='bbox 2955 1210 3017 1248; x_wconf 87' lang='lat' dir='ltr'><strong>ac</strong></span> <span class='ocrx_word' id='word_1_559' title='bbox 3053 1202 3257 1248; x_wconf 88' lang='lat' dir='ltr'><strong>resecta</strong></span> <span class='ocrx_word' id='word_1_560' title='bbox 3285 1200 3439 1261; x_wconf 85' lang='lat' dir='ltr'><strong>parte</strong></span> <span class='ocrx_word' id='word_1_561' title='bbox 3468 1208 3589 1246; x_wconf 87' lang='lat' dir='ltr'><strong>cor-</strong></span> 
     </span>
    </p>
   </div>
   <div class='ocr_carea' id='block_1_71' title="bbox 2018 1283 3584 1357">
    <p class='ocr_par' dir='ltr' id='par_1_71' title="bbox 2018 1283 3584 1357">
     <span class='ocr_line' id='line_1_71' title="bbox 2018 1283 3584 1357; baseline -0.002 -17"><span class='ocrx_word' id='word_1_562' title='bbox 2018 1286 2187 1357; x_wconf 89' lang='lat' dir='ltr'><strong>poris,</strong></span> <span class='ocrx_word' id='word_1_563' title='bbox 2224 1302 2345 1339; x_wconf 92' lang='lat' dir='ltr'><strong>cum</strong></span> <span class='ocrx_word' id='word_1_564' title='bbox 2382 1302 2445 1340; x_wconf 90' lang='lat' dir='ltr'><strong>ea</strong></span> <span class='ocrx_word' id='word_1_565' title='bbox 2482 1284 2686 1355; x_wconf 90' lang='lat' dir='ltr'><strong>pariter</strong></span> <span class='ocrx_word' id='word_1_566' title='bbox 2719 1286 2887 1339; x_wconf 89' lang='lat' dir='ltr'><strong>animi</strong></span> <span class='ocrx_word' id='word_1_567' title='bbox 2916 1295 3124 1355; x_wconf 89' lang='lat' dir='ltr'><strong>partem</strong></span> <span class='ocrx_word' id='word_1_568' title='bbox 3164 1299 3286 1340; x_wconf 87' lang='lat' dir='ltr'><strong>esse</strong></span> <span class='ocrx_word' id='word_1_569' title='bbox 3315 1283 3584 1352; x_wconf 89' lang='lat' dir='ltr'><strong>aliquam:</strong></span> 
     </span>
    </p>
   </div>
   <div class='ocr_carea' id='block_1_72' title="bbox 2020 1376 3586 1446">
    <p class='ocr_par' dir='ltr' id='par_1_72' title="bbox 2020 1376 3586 1446">
     <span class='ocr_line' id='line_1_72' title="bbox 2020 1376 3586 1446; baseline -0.002 -15"><span class='ocrx_word' id='word_1_570' title='bbox 2020 1378 2265 1446; x_wconf 84' lang='lat' dir='ltr'><strong>adeoque</strong></span> <span class='ocrx_word' id='word_1_571' title='bbox 2296 1393 2395 1433; x_wconf 91' lang='lat' dir='ltr'><strong>nec</strong></span> <span class='ocrx_word' id='word_1_572' title='bbox 2428 1378 2481 1432; x_wconf 92' lang='lat' dir='ltr'><strong>in</strong></span> <span class='ocrx_word' id='word_1_573' title='bbox 2532 1378 2738 1433; x_wconf 89' lang='lat' dir='ltr'><strong>somnis</strong></span> <span class='ocrx_word' id='word_1_574' title='bbox 2802 1379 3166 1434; x_wconf 86' lang='lat' dir='ltr'><strong>secessionem</strong></span> <span class='ocrx_word' id='word_1_575' title='bbox 3220 1376 3392 1446; x_wconf 88' lang='lat' dir='ltr'><strong>ipsius</strong></span> <span class='ocrx_word' id='word_1_576' title='bbox 3424 1376 3586 1429; x_wconf 89' lang='lat' dir='ltr'><strong>ullam</strong></span> 
     </span>
    </p>
   </div>
   <div class='ocr_carea' id='block_1_73' title="bbox 2018 1467 3589 1539">
    <p class='ocr_par' dir='ltr' id='par_1_73' title="bbox 2018 1467 3589 1539">
     <span class='ocr_line' id='line_1_73' title="bbox 2018 1467 3589 1539; baseline -0.002 -13"><span class='ocrx_word' id='word_1_577' title='bbox 2018 1470 2335 1539; x_wconf 85' lang='lat' dir='ltr'><strong>contingere</strong></span> <span class='ocrx_word' id='word_1_578' title='bbox 2368 1488 2381 1525; x_wconf 90' lang='lat'><strong>:</strong></span> <span class='ocrx_word' id='word_1_579' title='bbox 2426 1487 2547 1525; x_wconf 88' lang='lat' dir='ltr'><strong>cum</strong></span> <span class='ocrx_word' id='word_1_580' title='bbox 2579 1470 2938 1526; x_wconf 77' lang='lat' dir='ltr'><strong>entelecltiam</strong></span> <span class='ocrx_word' id='word_1_581' title='bbox 2982 1470 3127 1524; x_wconf 86' lang='lat' dir='ltr'><strong>illam</strong></span> <span class='ocrx_word' id='word_1_582' title='bbox 3168 1485 3291 1526; x_wconf 91' lang='lat' dir='ltr'><strong>cum</strong></span> <span class='ocrx_word' id='word_1_583' title='bbox 3337 1484 3403 1524; x_wconf 92' lang='lat' dir='ltr'><strong>eo</strong></span> <span class='ocrx_word' id='word_1_584' title='bbox 3432 1467 3589 1537; x_wconf 90' lang='lat' dir='ltr'><strong>cujus</strong></span> 
     </span>
    </p>
   </div>
   <div class='ocr_carea' id='block_1_74' title="bbox 2017 1563 3587 1633">
    <p class='ocr_par' dir='ltr' id='par_1_74' title="bbox 2017 1563 3587 1633">
     <span class='ocr_line' id='line_1_74' title="bbox 2017 1563 3587 1633; baseline -0.003 -15"><span class='ocrx_word' id='word_1_585' title='bbox 2017 1564 2236 1633; x_wconf 88' lang='lat' dir='ltr'><strong>pr0pria</strong></span> <span class='ocrx_word' id='word_1_586' title='bbox 2288 1572 2392 1629; x_wconf 90' lang='lat' dir='ltr'><strong>est,</strong></span> <span class='ocrx_word' id='word_1_587' title='bbox 2448 1564 2516 1617; x_wconf 88' lang='lat' dir='ltr'><strong>ab</strong></span> <span class='ocrx_word' id='word_1_588' title='bbox 2564 1571 2687 1618; x_wconf 91' lang='lat' dir='ltr'><strong>ortu</strong></span> <span class='ocrx_word' id='word_1_589' title='bbox 2751 1563 3089 1632; x_wconf 80' lang='lat' dir='ltr'><strong>complexam</strong></span> <span class='ocrx_word' id='word_1_590' title='bbox 3133 1577 3255 1618; x_wconf 89' lang='lat' dir='ltr'><strong>esse</strong></span> <span class='ocrx_word' id='word_1_591' title='bbox 3301 1569 3587 1632; x_wconf 80' lang='lat' dir='ltr'><strong>Oporteat:</strong></span> 
     </span>
    </p>
   </div>
   <div class='ocr_carea' id='block_1_75' title="bbox 2017 1650 3592 1723">
    <p class='ocr_par' dir='ltr' id='par_1_75' title="bbox 2017 1650 3592 1723">
     <span class='ocr_line' id='line_1_75' title="bbox 2017 1650 3592 1723; baseline -0.004 -15"><span class='ocrx_word' id='word_1_592' title='bbox 2017 1654 2129 1708; x_wconf 91' lang='lat' dir='ltr'><strong>imo</strong></span> <span class='ocrx_word' id='word_1_593' title='bbox 2157 1668 2287 1709; x_wconf 88' lang='lat' dir='ltr'><strong>vero</strong></span> <span class='ocrx_word' id='word_1_594' title='bbox 2316 1669 2567 1709; x_wconf 88' lang='lat' dir='ltr'><strong>somnum</strong></span> <span class='ocrx_word' id='word_1_595' title='bbox 2602 1653 2781 1723; x_wconf 83' lang='lat' dir='ltr'><strong>reipsa</strong></span> <span class='ocrx_word' id='word_1_596' title='bbox 2814 1652 3026 1706; x_wconf 91' lang='lat' dir='ltr'><strong>nullum</strong></span> <span class='ocrx_word' id='word_1_597' title='bbox 3079 1652 3343 1707; x_wconf 74' lang='lat' dir='ltr'><strong>exsistere</strong></span> <span class='ocrx_word' id='word_1_598' title='bbox 3370 1650 3592 1706; x_wconf 89' lang='lat' dir='ltr'><strong>conclu-</strong></span> 
     </span>
    </p>
   </div>
   <div class='ocr_carea' id='block_1_76' title="bbox 2015 1742 3587 1812">
    <p class='ocr_par' dir='ltr' id='par_1_76' title="bbox 2015 1742 3587 1812">
     <span class='ocr_line' id='line_1_76' title="bbox 2015 1742 3587 1812; baseline -0.001 -14"><span class='ocrx_word' id='word_1_599' title='bbox 2015 1744 2179 1799; x_wconf 90' lang='lat' dir='ltr'><strong>ditur.</strong></span> <span class='ocrx_word' id='word_1_600' title='bbox 2207 1743 2410 1799; x_wconf 87' lang='lat' dir='ltr'><strong>Deinde</strong></span> <span class='ocrx_word' id='word_1_601' title='bbox 2454 1744 2499 1799; x_wconf 93' lang='lat' dir='ltr'><strong>si</strong></span> <span class='ocrx_word' id='word_1_602' title='bbox 2527 1744 2843 1799; x_wconf 63' lang='lat' dir='ltr'><strong>entelecbia!</strong></span> <span class='ocrx_word' id='word_1_603' title='bbox 2890 1744 3031 1798; x_wconf 86' lang='lat' dir='ltr'><strong>ratio</strong></span> <span class='ocrx_word' id='word_1_604' title='bbox 3071 1742 3406 1812; x_wconf 87' lang='lat' dir='ltr'><strong>probabitur,</strong></span> <span class='ocrx_word' id='word_1_605' title='bbox 3440 1742 3587 1796; x_wconf 87' lang='lat' dir='ltr'><strong>nulla</strong></span> 
     </span>
    </p>
   </div>
   <div class='ocr_carea' id='block_1_77' title="bbox 1945 1818 3586 1906">
    <p class='ocr_par' dir='ltr' id='par_1_77' title="bbox 1945 1818 3586 1906">
     <span class='ocr_line' id='line_1_77' title="bbox 1945 1818 3586 1906; baseline -0.002 -18"><span class='ocrx_word' id='word_1_606' title='bbox 1945 1818 1987 1877; x_wconf 79' lang='grc' dir='ltr'><strong>Β</strong></span> <span class='ocrx_word' id='word_1_607' title='bbox 2012 1834 2122 1904; x_wconf 86' lang='lat' dir='ltr'><strong>jam</strong></span> <span class='ocrx_word' id='word_1_608' title='bbox 2152 1835 2380 1890; x_wconf 89' lang='lat' dir='ltr'><strong>rationis</strong></span> <span class='ocrx_word' id='word_1_609' title='bbox 2405 1850 2527 1889; x_wconf 92' lang='lat' dir='ltr'><strong>cum</strong></span> <span class='ocrx_word' id='word_1_610' title='bbox 2553 1834 2943 1906; x_wconf 86' lang='lat' dir='ltr'><strong>cupiditatibus</strong></span> <span class='ocrx_word' id='word_1_611' title='bbox 2967 1834 3195 1889; x_wconf 90' lang='lat' dir='ltr'><strong>luctatio</strong></span> <span class='ocrx_word' id='word_1_612' title='bbox 3229 1834 3586 1903; x_wconf 84' lang='lat' dir='ltr'><strong>relinquetur,</strong></span> 
     </span>
    </p>
   </div>
   <div class='ocr_carea' id='block_1_78' title="bbox 2014 1924 3589 1995">
    <p class='ocr_par' dir='ltr' id='par_1_78' title="bbox 2014 1924 3589 1995">
     <span class='ocr_line' id='line_1_78' title="bbox 2014 1924 3589 1995; baseline -0.001 -16"><span class='ocrx_word' id='word_1_613' title='bbox 2014 1924 2108 1980; x_wconf 90' lang='lat' dir='ltr'><strong>sed</strong></span> <span class='ocrx_word' id='word_1_614' title='bbox 2140 1940 2249 1979; x_wconf 93' lang='lat' dir='ltr'><strong>uno</strong></span> <span class='ocrx_word' id='word_1_615' title='bbox 2279 1940 2507 1995; x_wconf 82' lang='lat' dir='ltr'><strong>prorsus</strong></span> <span class='ocrx_word' id='word_1_616' title='bbox 2542 1926 2845 1995; x_wconf 87' lang='lat' dir='ltr'><strong>eodemque</strong></span> <span class='ocrx_word' id='word_1_617' title='bbox 2873 1940 3038 1981; x_wconf 88' lang='lat' dir='ltr'><strong>sensu</strong></span> <span class='ocrx_word' id='word_1_618' title='bbox 3086 1934 3257 1980; x_wconf 87' lang='lat' dir='ltr'><strong>totum</strong></span> <span class='ocrx_word' id='word_1_619' title='bbox 3291 1926 3469 1995; x_wconf 91' lang='lat' dir='ltr'><strong>ipsum</strong></span> <span class='ocrx_word' id='word_1_620' title='bbox 3504 1924 3589 1978; x_wconf 80' lang='lat' dir='ltr'><strong>af-</strong></span> 
     </span>
    </p>
   </div>
   <div class='ocr_carea' id='block_1_79' title="bbox 2012 2015 3589 2088">
    <p class='ocr_par' dir='ltr' id='par_1_79' title="bbox 2012 2015 3589 2088">
     <span class='ocr_line' id='line_1_79' title="bbox 2012 2015 3589 2088; baseline 0.001 -18"><span class='ocrx_word' id='word_1_621' title='bbox 2012 2015 2243 2083; x_wconf 80' lang='lat' dir='ltr'><strong>ficietur,</strong></span> <span class='ocrx_word' id='word_1_622' title='bbox 2272 2031 2341 2072; x_wconf 88' lang='lat' dir='ltr'><strong>ne</strong></span> <span class='ocrx_word' id='word_1_623' title='bbox 2370 2032 2401 2071; x_wconf 90' lang='lat' dir='ltr'><strong>a</strong></span> <span class='ocrx_word' id='word_1_624' title='bbox 2426 2017 2722 2088; x_wconf 87' lang='lat' dir='ltr'><strong>semetipso</strong></span> <span class='ocrx_word' id='word_1_625' title='bbox 2756 2017 3036 2072; x_wconf 88' lang='lat' dir='ltr'><strong>dissideat.</strong></span> <span class='ocrx_word' id='word_1_626' title='bbox 3071 2015 3361 2081; x_wconf 66' lang='lat' dir='ltr'><strong>Praeterea,</strong></span> <span class='ocrx_word' id='word_1_627' title='bbox 3394 2031 3589 2071; x_wconf 88' lang='lat' dir='ltr'><strong>sensus</strong></span> 
     </span>
    </p>
   </div>
   <div class='ocr_carea' id='block_1_80' title="bbox 2012 2105 3587 2178">
    <p class='ocr_par' dir='ltr' id='par_1_80' title="bbox 2012 2105 3587 2178">
     <span class='ocr_line' id='line_1_80' title="bbox 2012 2105 3587 2178; baseline -0.001 -17"><span class='ocrx_word' id='word_1_628' title='bbox 2012 2106 2245 2163; x_wconf 84' lang='lat' dir='ltr'><strong>fortasse</strong></span> <span class='ocrx_word' id='word_1_629' title='bbox 2276 2115 2509 2174; x_wconf 90' lang='lat' dir='ltr'><strong>tantum,</strong></span> <span class='ocrx_word' id='word_1_630' title='bbox 2542 2123 2652 2162; x_wconf 92' lang='lat' dir='ltr'><strong>non</strong></span> <span class='ocrx_word' id='word_1_631' title='bbox 2694 2108 2821 2162; x_wconf 91' lang='lat' dir='ltr'><strong>item</strong></span> <span class='ocrx_word' id='word_1_632' title='bbox 2853 2108 3224 2178; x_wconf 67' lang='lat' dir='ltr'><strong>intelligentiae</strong></span> <span class='ocrx_word' id='word_1_633' title='bbox 3275 2105 3587 2161; x_wconf 75' lang='lat' dir='ltr'><strong>functiones</strong></span> 
     </span>
    </p>
   </div>
   <div class='ocr_carea' id='block_1_81' title="bbox 2011 2194 3584 2266">
    <p class='ocr_par' dir='ltr' id='par_1_81' title="bbox 2011 2194 3584 2266">
     <span class='ocr_line' id='line_1_81' title="bbox 2011 2194 3584 2266; baseline 0.001 -19"><span class='ocrx_word' id='word_1_634' title='bbox 2011 2194 2155 2249; x_wconf 91' lang='lat' dir='ltr'><strong>obiri</strong></span> <span class='ocrx_word' id='word_1_635' title='bbox 2188 2203 2466 2265; x_wconf 90' lang='lat' dir='ltr'><strong>poterunt.</strong></span> <span class='ocrx_word' id='word_1_636' title='bbox 2516 2195 2807 2262; x_wconf 85' lang='lat' dir='ltr'><strong>Quocirca,</strong></span> <span class='ocrx_word' id='word_1_637' title='bbox 2857 2197 3022 2251; x_wconf 90' lang='lat' dir='ltr'><strong>alium</strong></span> <span class='ocrx_word' id='word_1_638' title='bbox 3068 2196 3295 2266; x_wconf 87' lang='lat' dir='ltr'><strong>insuper</strong></span> <span class='ocrx_word' id='word_1_639' title='bbox 3318 2196 3584 2259; x_wconf 89' lang='lat' dir='ltr'><strong>animum,</strong></span> 
     </span>
    </p>
   </div>
   <div class='ocr_carea' id='block_1_82' title="bbox 2010 2284 3583 2356">
    <p class='ocr_par' dir='ltr' id='par_1_82' title="bbox 2010 2284 3583 2356">
     <span class='ocr_line' id='line_1_82' title="bbox 2010 2284 3583 2356; baseline 0 -17"><span class='ocrx_word' id='word_1_640' title='bbox 2010 2284 2115 2341; x_wconf 88' lang='lat' dir='ltr'><strong>hoc</strong></span> <span class='ocrx_word' id='word_1_641' title='bbox 2146 2294 2232 2341; x_wconf 91' lang='lat' dir='ltr'><strong>est</strong></span> <span class='ocrx_word' id='word_1_642' title='bbox 2278 2295 2513 2340; x_wconf 90' lang='lat' dir='ltr'><strong>mentem</strong></span> <span class='ocrx_word' id='word_1_643' title='bbox 2541 2324 2556 2349; x_wconf 91' lang='lat'><strong>,</strong></span> <span class='ocrx_word' id='word_1_644' title='bbox 2588 2285 2959 2351; x_wconf 73' lang='lat' dir='ltr'><strong>introducunt,</strong></span> <span class='ocrx_word' id='word_1_645' title='bbox 3014 2302 3178 2356; x_wconf 90' lang='lat' dir='ltr'><strong>quam</strong></span> <span class='ocrx_word' id='word_1_646' title='bbox 3223 2286 3583 2340; x_wconf 80' lang='lat' dir='ltr'><strong>immortalem</strong></span> 
     </span>
    </p>
   </div>
   <div class='ocr_carea' id='block_1_83' title="bbox 2009 2376 3587 2448">
    <p class='ocr_par' dir='ltr' id='par_1_83' title="bbox 2009 2376 3587 2448">
     <span class='ocr_line' id='line_1_83' title="bbox 2009 2376 3587 2448; baseline 0.002 -19"><span class='ocrx_word' id='word_1_647' title='bbox 2009 2390 2131 2431; x_wconf 88' lang='lat' dir='ltr'><strong>esse</strong></span> <span class='ocrx_word' id='word_1_648' title='bbox 2162 2376 2511 2431; x_wconf 78' lang='lat' dir='ltr'><strong>confirmant.</strong></span> <span class='ocrx_word' id='word_1_649' title='bbox 2562 2376 2718 2431; x_wconf 80' lang='lat' dir='ltr'><strong>Alius</strong></span> <span class='ocrx_word' id='word_1_650' title='bbox 2757 2392 2888 2447; x_wconf 88' lang='lat' dir='ltr'><strong>ergo</strong></span> <span class='ocrx_word' id='word_1_651' title='bbox 2915 2378 3129 2444; x_wconf 88' lang='lat' dir='ltr'><strong>modus,</strong></span> <span class='ocrx_word' id='word_1_652' title='bbox 3164 2392 3325 2448; x_wconf 85' lang='lat' dir='ltr'><strong>quam</strong></span> <span class='ocrx_word' id='word_1_653' title='bbox 3373 2378 3465 2448; x_wconf 86' lang='lat' dir='ltr'><strong>qui</strong></span> <span class='ocrx_word' id='word_1_654' title='bbox 3518 2379 3587 2433; x_wconf 86' lang='lat' dir='ltr'><strong>ab</strong></span> 
     </span>
    </p>
   </div>
   <div class='ocr_carea' id='block_1_84' title="bbox 2008 2466 3585 2539">
    <p class='ocr_par' dir='ltr' id='par_1_84' title="bbox 2008 2466 3585 2539">
     <span class='ocr_line' id='line_1_84' title="bbox 2008 2466 3585 2539; baseline 0.001 -18"><span class='ocrx_word' id='word_1_655' title='bbox 2008 2466 2133 2523; x_wconf 89' lang='lat' dir='ltr'><strong>istis</strong></span> <span class='ocrx_word' id='word_1_656' title='bbox 2171 2468 2515 2539; x_wconf 77' lang='lat' dir='ltr'><strong>explicatur,</strong></span> <span class='ocrx_word' id='word_1_657' title='bbox 2570 2469 2884 2524; x_wconf 86' lang='lat' dir='ltr'><strong>necessario</strong></span> <span class='ocrx_word' id='word_1_658' title='bbox 2938 2468 3246 2526; x_wconf 72' lang='lat' dir='ltr'><strong>aﬂerendus</strong></span> <span class='ocrx_word' id='word_1_659' title='bbox 3297 2470 3419 2535; x_wconf 84' lang='lat' dir='ltr'><strong>erit,</strong></span> <span class='ocrx_word' id='word_1_660' title='bbox 3473 2484 3585 2539; x_wconf 91' lang='lat' dir='ltr'><strong>quo</strong></span> 
     </span>
    </p>
   </div>
   <div class='ocr_carea' id='block_1_85' title="bbox 2007 2559 3578 2631">
    <p class='ocr_par' dir='ltr' id='par_1_85' title="bbox 2007 2559 3578 2631">
     <span class='ocr_line' id='line_1_85' title="bbox 2007 2559 3578 2631; baseline 0.003 -18"><span class='ocrx_word' id='word_1_661' title='bbox 2007 2559 2223 2615; x_wconf 89' lang='lat' dir='ltr'><strong>animus</strong></span> <span class='ocrx_word' id='word_1_662' title='bbox 2257 2560 2618 2615; x_wconf 83' lang='lat' dir='ltr'><strong>ratiocinandi</strong></span> <span class='ocrx_word' id='word_1_663' title='bbox 2671 2559 2930 2617; x_wconf 80' lang='lat' dir='ltr'><strong>facultate</strong></span> <span class='ocrx_word' id='word_1_664' title='bbox 2962 2561 3245 2631; x_wconf 66' lang='lat' dir='ltr'><strong>praeditus,</strong></span> <span class='ocrx_word' id='word_1_665' title='bbox 3274 2562 3578 2617; x_wconf 77' lang='lat' dir='ltr'><strong>entelecliia</strong></span> 
     </span>
    </p>
   </div>
   <div class='ocr_carea' id='block_1_86' title="bbox 2005 2650 3582 2723">
    <p class='ocr_par' dir='ltr' id='par_1_86' title="bbox 2005 2650 3582 2723">
     <span class='ocr_line' id='line_1_86' title="bbox 2005 2650 3582 2723; baseline 0.003 -17"><span class='ocrx_word' id='word_1_666' title='bbox 2005 2650 2255 2717; x_wconf 89' lang='lat' dir='ltr'><strong>dicatur,</strong></span> <span class='ocrx_word' id='word_1_667' title='bbox 2304 2650 2353 2706; x_wconf 87' lang='lat' dir='ltr'><strong>si</strong></span> <span class='ocrx_word' id='word_1_668' title='bbox 2400 2650 2505 2707; x_wconf 83' lang='lat' dir='ltr'><strong>hoc</strong></span> <span class='ocrx_word' id='word_1_669' title='bbox 2550 2651 2870 2707; x_wconf 82' lang='lat' dir='ltr'><strong>vocabulum</strong></span> <span class='ocrx_word' id='word_1_670' title='bbox 2922 2654 3140 2709; x_wconf 89' lang='lat' dir='ltr'><strong>retineri</strong></span> <span class='ocrx_word' id='word_1_671' title='bbox 3193 2653 3385 2723; x_wconf 85' lang='lat' dir='ltr'><strong>placet.</strong></span> <span class='ocrx_word' id='word_1_672' title='bbox 3439 2652 3582 2721; x_wconf 84' lang='lat' dir='ltr'><strong>Quin</strong></span> 
     </span>
    </p>
   </div>
   <div class='ocr_carea' id='block_1_87' title="bbox 2004 2742 3581 2813">
    <p class='ocr_par' dir='ltr' id='par_1_87' title="bbox 2004 2742 3581 2813">
     <span class='ocr_line' id='line_1_87' title="bbox 2004 2742 3581 2813; baseline 0.001 -16"><span class='ocrx_word' id='word_1_673' title='bbox 2004 2743 2171 2798; x_wconf 85' lang='lat' dir='ltr'><strong>etiam</strong></span> <span class='ocrx_word' id='word_1_674' title='bbox 2207 2742 2391 2798; x_wconf 84' lang='lat' dir='ltr'><strong>anima</strong></span> <span class='ocrx_word' id='word_1_675' title='bbox 2440 2743 2554 2809; x_wconf 91' lang='lat' dir='ltr'><strong>illa,</strong></span> <span class='ocrx_word' id='word_1_676' title='bbox 2606 2758 2730 2813; x_wconf 73' lang='lat' dir='ltr'><strong>qua:</strong></span> <span class='ocrx_word' id='word_1_677' title='bbox 2782 2743 3048 2798; x_wconf 88' lang='lat' dir='ltr'><strong>sentiendi</strong></span> <span class='ocrx_word' id='word_1_678' title='bbox 3100 2744 3426 2813; x_wconf 88' lang='lat' dir='ltr'><strong>principium</strong></span> <span class='ocrx_word' id='word_1_679' title='bbox 3474 2752 3581 2811; x_wconf 88' lang='lat' dir='ltr'><strong>est,</strong></span> 
     </span>
    </p>
   </div>
   <div class='ocr_carea' id='block_1_88' title="bbox 2004 2834 3583 2905">
    <p class='ocr_par' dir='ltr' id='par_1_88' title="bbox 2004 2834 3583 2905">
     <span class='ocr_line' id='line_1_88' title="bbox 2004 2834 3583 2905; baseline 0.002 -18"><span class='ocrx_word' id='word_1_680' title='bbox 2004 2849 2234 2905; x_wconf 60' lang='lat' dir='ltr'><strong>quasque</strong></span> <span class='ocrx_word' id='word_1_681' title='bbox 2272 2850 2457 2890; x_wconf 89' lang='lat' dir='ltr'><strong>rerum</strong></span> <span class='ocrx_word' id='word_1_682' title='bbox 2492 2834 2747 2890; x_wconf 88' lang='lat' dir='ltr'><strong>sensibus</strong></span> <span class='ocrx_word' id='word_1_683' title='bbox 2781 2844 3157 2904; x_wconf 88' lang='lat' dir='ltr'><strong>perceptarum</strong></span> <span class='ocrx_word' id='word_1_684' title='bbox 3189 2836 3427 2899; x_wconf 88' lang='lat' dir='ltr'><strong>easdem,</strong></span> <span class='ocrx_word' id='word_1_685' title='bbox 3458 2836 3583 2891; x_wconf 90' lang='lat' dir='ltr'><strong>licet</strong></span> 
     </span>
    </p>
   </div>
   <div class='ocr_carea' id='block_1_89' title="bbox 2004 2923 3581 2994">
    <p class='ocr_par' dir='ltr' id='par_1_89' title="bbox 2004 2923 3581 2994">
     <span class='ocr_line' id='line_1_89' title="bbox 2004 2923 3581 2994; baseline 0.003 -16"><span class='ocrx_word' id='word_1_686' title='bbox 2004 2923 2336 2988; x_wconf 88' lang='lat' dir='ltr'><strong>absentium,</strong></span> <span class='ocrx_word' id='word_1_687' title='bbox 2370 2923 2577 2979; x_wconf 90' lang='lat' dir='ltr'><strong>formas</strong></span> <span class='ocrx_word' id='word_1_688' title='bbox 2612 2934 2898 2979; x_wconf 88' lang='lat' dir='ltr'><strong>conservat</strong></span> <span class='ocrx_word' id='word_1_689' title='bbox 2927 2925 3040 2994; x_wconf 89' lang='lat' dir='ltr'><strong>ipsa</strong></span> <span class='ocrx_word' id='word_1_690' title='bbox 3075 2939 3313 2994; x_wconf 88' lang='lat' dir='ltr'><strong>quoque,</strong></span> <span class='ocrx_word' id='word_1_691' title='bbox 3346 2940 3437 2980; x_wconf 84' lang='lat' dir='ltr'><strong>eas</strong></span> <span class='ocrx_word' id='word_1_692' title='bbox 3462 2928 3581 2982; x_wconf 75' lang='lat' dir='ltr'><strong>sine</strong></span> 
     </span>
    </p>
   </div>
   <div class='ocr_carea' id='block_1_90' title="bbox 2003 3014 3581 3087">
    <p class='ocr_par' dir='ltr' id='par_1_90' title="bbox 2003 3014 3581 3087">
     <span class='ocr_line' id='line_1_90' title="bbox 2003 3014 3581 3087; baseline 0 -16"><span class='ocrx_word' id='word_1_693' title='bbox 2003 3028 2232 3085; x_wconf 89' lang='lat' dir='ltr'><strong>corpore</strong></span> <span class='ocrx_word' id='word_1_694' title='bbox 2265 3029 2593 3070; x_wconf 84' lang='lat' dir='ltr'><strong>conservare</strong></span> <span class='ocrx_word' id='word_1_695' title='bbox 2631 3031 2735 3070; x_wconf 91' lang='lat' dir='ltr'><strong>non</strong></span> <span class='ocrx_word' id='word_1_696' title='bbox 2790 3017 3012 3087; x_wconf 88' lang='lat' dir='ltr'><strong>poterit.</strong></span> <span class='ocrx_word' id='word_1_697' title='bbox 3055 3014 3165 3070; x_wconf 84' lang='lat' dir='ltr'><strong>Hoc</strong></span> <span class='ocrx_word' id='word_1_698' title='bbox 3194 3026 3373 3070; x_wconf 87' lang='lat' dir='ltr'><strong>autem</strong></span> <span class='ocrx_word' id='word_1_699' title='bbox 3408 3017 3452 3071; x_wconf 88' lang='lat' dir='ltr'><strong>si</strong></span> <span class='ocrx_word' id='word_1_700' title='bbox 3484 3019 3581 3072; x_wconf 87' lang='lat' dir='ltr'><strong>da-</strong></span> 
     </span>
    </p>
   </div>
   <div class='ocr_carea' id='block_1_91' title="bbox 2003 3103 3576 3177">
    <p class='ocr_par' dir='ltr' id='par_1_91' title="bbox 2003 3103 3576 3177">
     <span class='ocr_line' id='line_1_91' title="bbox 2003 3103 3576 3177; baseline 0.001 -17"><span class='ocrx_word' id='word_1_701' title='bbox 2003 3103 2173 3171; x_wconf 90' lang='lat' dir='ltr'><strong>bitur,</strong></span> <span class='ocrx_word' id='word_1_702' title='bbox 2207 3121 2285 3160; x_wconf 71' lang='lat' dir='ltr'><strong>ea:</strong></span> <span class='ocrx_word' id='word_1_703' title='bbox 2310 3104 2537 3176; x_wconf 91' lang='lat' dir='ltr'><strong>proinde</strong></span> <span class='ocrx_word' id='word_1_704' title='bbox 2570 3106 2867 3177; x_wconf 81' lang='lat' dir='ltr'><strong>figurarum</strong></span> <span class='ocrx_word' id='word_1_705' title='bbox 2898 3106 3309 3176; x_wconf 86' lang='lat' dir='ltr'><strong>imaginumque</strong></span> <span class='ocrx_word' id='word_1_706' title='bbox 3342 3123 3491 3163; x_wconf 87' lang='lat' dir='ltr'><strong>more</strong></span> <span class='ocrx_word' id='word_1_707' title='bbox 3524 3110 3576 3162; x_wconf 90' lang='lat' dir='ltr'><strong>in</strong></span> 
     </span>
    </p>
   </div>
   <div class='ocr_carea' id='block_1_92' title="bbox 2004 3200 3579 3270">
    <p class='ocr_par' dir='ltr' id='par_1_92' title="bbox 2004 3200 3579 3270">
     <span class='ocr_line' id='line_1_92' title="bbox 2004 3200 3579 3270; baseline 0 -15"><span class='ocrx_word' id='word_1_708' title='bbox 2004 3200 2190 3255; x_wconf 91' lang='lat' dir='ltr'><strong>anima</strong></span> <span class='ocrx_word' id='word_1_709' title='bbox 2218 3200 2535 3255; x_wconf 89' lang='lat' dir='ltr'><strong>residebunt</strong></span> <span class='ocrx_word' id='word_1_710' title='bbox 2564 3218 2578 3254; x_wconf 90' lang='lat'><strong>:</strong></span> <span class='ocrx_word' id='word_1_711' title='bbox 2609 3200 2757 3270; x_wconf 89' lang='lat' dir='ltr'><strong>atqui</strong></span> <span class='ocrx_word' id='word_1_712' title='bbox 2785 3200 2828 3255; x_wconf 91' lang='lat' dir='ltr'><strong>si</strong></span> <span class='ocrx_word' id='word_1_713' title='bbox 2857 3201 2961 3253; x_wconf 88' lang='lat' dir='ltr'><strong>hoc</strong></span> <span class='ocrx_word' id='word_1_714' title='bbox 2990 3200 3230 3255; x_wconf 89' lang='lat' dir='ltr'><strong>inessent</strong></span> <span class='ocrx_word' id='word_1_715' title='bbox 3259 3200 3441 3267; x_wconf 78' lang='lat' dir='ltr'><strong>modo,</strong></span> <span class='ocrx_word' id='word_1_716' title='bbox 3471 3217 3579 3255; x_wconf 90' lang='lat' dir='ltr'><strong>non</strong></span> 
     </span>
    </p>
   </div>
   <div class='ocr_carea' id='block_1_93' title="bbox 2003 3288 3581 3360">
    <p class='ocr_par' dir='ltr' id='par_1_93' title="bbox 2003 3288 3581 3360">
     <span class='ocr_line' id='line_1_93' title="bbox 2003 3288 3581 3360; baseline -0.001 -14"><span class='ocrx_word' id='word_1_717' title='bbox 2003 3292 2159 3346; x_wconf 87' lang='lat' dir='ltr'><strong>aliter</strong></span> <span class='ocrx_word' id='word_1_718' title='bbox 2187 3292 2376 3360; x_wconf 88' lang='lat' dir='ltr'><strong>utique</strong></span> <span class='ocrx_word' id='word_1_719' title='bbox 2404 3291 2569 3360; x_wconf 88' lang='lat' dir='ltr'><strong>recipi</strong></span> <span class='ocrx_word' id='word_1_720' title='bbox 2605 3292 2674 3344; x_wconf 92' lang='lat' dir='ltr'><strong>ab</strong></span> <span class='ocrx_word' id='word_1_721' title='bbox 2706 3306 2767 3343; x_wconf 90' lang='lat' dir='ltr'><strong>ea</strong></span> <span class='ocrx_word' id='word_1_722' title='bbox 2804 3298 3046 3359; x_wconf 89' lang='lat' dir='ltr'><strong>possent.</strong></span> <span class='ocrx_word' id='word_1_723' title='bbox 3080 3288 3151 3344; x_wconf 89' lang='lat' dir='ltr'><strong>Ut</strong></span> <span class='ocrx_word' id='word_1_724' title='bbox 3172 3306 3301 3360; x_wconf 81' lang='lat' dir='ltr'><strong>ergo</strong></span> <span class='ocrx_word' id='word_1_725' title='bbox 3332 3292 3400 3345; x_wconf 87' lang='lat' dir='ltr'><strong>sit</strong></span> <span class='ocrx_word' id='word_1_726' title='bbox 3430 3301 3581 3352; x_wconf 78' lang='lat' dir='ltr'><strong>cnte-</strong></span> 
     </span>
    </p>
   </div>
   <div class='ocr_carea' id='block_1_94' title="bbox 2003 3380 3581 3452">
    <p class='ocr_par' dir='ltr' id='par_1_94' title="bbox 2003 3380 3581 3452">
     <span class='ocr_line' id='line_1_94' title="bbox 2003 3380 3581 3452; baseline 0.001 -17"><span class='ocrx_word' id='word_1_727' title='bbox 2003 3380 2202 3443; x_wconf 85' lang='lat' dir='ltr'><strong>lecbia,</strong></span> <span class='ocrx_word' id='word_1_728' title='bbox 2240 3395 2347 3434; x_wconf 91' lang='lat' dir='ltr'><strong>non</strong></span> <span class='ocrx_word' id='word_1_729' title='bbox 2379 3380 2649 3450; x_wconf 90' lang='lat' dir='ltr'><strong>ejusmodi</strong></span> <span class='ocrx_word' id='word_1_730' title='bbox 2690 3389 2874 3435; x_wconf 88' lang='lat' dir='ltr'><strong>tamen</strong></span> <span class='ocrx_word' id='word_1_731' title='bbox 2901 3389 3005 3444; x_wconf 89' lang='lat' dir='ltr'><strong>est,</strong></span> <span class='ocrx_word' id='word_1_732' title='bbox 3037 3398 3158 3452; x_wconf 77' lang='lat' dir='ltr'><strong>qua:</strong></span> <span class='ocrx_word' id='word_1_733' title='bbox 3188 3383 3429 3451; x_wconf 89' lang='lat' dir='ltr'><strong>separari</strong></span> <span class='ocrx_word' id='word_1_734' title='bbox 3470 3400 3581 3438; x_wconf 87' lang='lat' dir='ltr'><strong>non</strong></span> 
     </span>
    </p>
   </div>
   <div class='ocr_carea' id='block_1_95' title="bbox 2002 3470 3582 3545">
    <p class='ocr_par' dir='ltr' id='par_1_95' title="bbox 2002 3470 3582 3545">
     <span class='ocr_line' id='line_1_95' title="bbox 2002 3470 3582 3545; baseline 0.003 -20"><span class='ocrx_word' id='word_1_735' title='bbox 2002 3471 2192 3542; x_wconf 89' lang='lat' dir='ltr'><strong>possit.</strong></span> <span class='ocrx_word' id='word_1_736' title='bbox 2225 3471 2390 3541; x_wconf 76' lang='lat'><strong>812</strong></span> <span class='ocrx_word' id='word_1_737' title='bbox 2423 3470 2500 3526; x_wconf 87' lang='lat' dir='ltr'><strong>Ex</strong></span> <span class='ocrx_word' id='word_1_738' title='bbox 2545 3486 2658 3542; x_wconf 89' lang='lat' dir='ltr'><strong>quo</strong></span> <span class='ocrx_word' id='word_1_739' title='bbox 2702 3473 2867 3527; x_wconf 90' lang='lat' dir='ltr'><strong>etiam</strong></span> <span class='ocrx_word' id='word_1_740' title='bbox 2917 3471 3164 3539; x_wconf 78' lang='lat' dir='ltr'><strong>efﬁcitur,</strong></span> <span class='ocrx_word' id='word_1_741' title='bbox 3214 3483 3273 3528; x_wconf 93' lang='lat' dir='ltr'><strong>ut</strong></span> <span class='ocrx_word' id='word_1_742' title='bbox 3319 3474 3403 3528; x_wconf 80' lang='lat' dir='ltr'><strong>vel</strong></span> <span class='ocrx_word' id='word_1_743' title='bbox 3438 3475 3582 3545; x_wconf 88' lang='lat' dir='ltr'><strong>ipsa,-</strong></span> 
     </span>
    </p>
   </div>
   <div class='ocr_carea' id='block_1_96' title="bbox 2003 3563 3577 3635">
    <p class='ocr_par' dir='ltr' id='par_1_96' title="bbox 2003 3563 3577 3635">
     <span class='ocr_line' id='line_1_96' title="bbox 2003 3563 3577 3635; baseline 0.002 -17"><span class='ocrx_word' id='word_1_744' title='bbox 2003 3578 2113 3619; x_wconf 87' lang='lat' dir='ltr'><strong>uon</strong></span> <span class='ocrx_word' id='word_1_745' title='bbox 2134 3563 2247 3634; x_wconf 88' lang='lat' dir='ltr'><strong>jam</strong></span> <span class='ocrx_word' id='word_1_746' title='bbox 2274 3563 2676 3620; x_wconf 86' lang='lat' dir='ltr'><strong>esculentorum</strong></span> <span class='ocrx_word' id='word_1_747' title='bbox 2705 3579 2770 3619; x_wconf 91' lang='lat' dir='ltr'><strong>ac</strong></span> <span class='ocrx_word' id='word_1_748' title='bbox 2796 3565 3231 3635; x_wconf 88' lang='lat' dir='ltr'><strong>poculentorum,</strong></span> <span class='ocrx_word' id='word_1_749' title='bbox 3264 3566 3357 3622; x_wconf 89' lang='lat' dir='ltr'><strong>sed</strong></span> <span class='ocrx_word' id='word_1_750' title='bbox 3385 3582 3577 3622; x_wconf 87' lang='lat' dir='ltr'><strong>eorum</strong></span> 
     </span>
    </p>
   </div>
   <div class='ocr_carea' id='block_1_97' title="bbox 2002 3655 3582 3729">
    <p class='ocr_par' dir='ltr' id='par_1_97' title="bbox 2002 3655 3582 3729">
     <span class='ocr_line' id='line_1_97' title="bbox 2002 3655 3582 3729; baseline 0.003 -19"><span class='ocrx_word' id='word_1_751' title='bbox 2002 3655 2165 3711; x_wconf 90' lang='lat' dir='ltr'><strong>etiam</strong></span> <span class='ocrx_word' id='word_1_752' title='bbox 2195 3671 2317 3724; x_wconf 74' lang='lat' dir='ltr'><strong>qua:</strong></span> <span class='ocrx_word' id='word_1_753' title='bbox 2349 3664 2477 3711; x_wconf 91' lang='lat' dir='ltr'><strong>sunt</strong></span> <span class='ocrx_word' id='word_1_754' title='bbox 2502 3665 2659 3712; x_wconf 80' lang='lat' dir='ltr'><strong>extra</strong></span> <span class='ocrx_word' id='word_1_755' title='bbox 2681 3671 2902 3726; x_wconf 90' lang='lat' dir='ltr'><strong>corpus,</strong></span> <span class='ocrx_word' id='word_1_756' title='bbox 2945 3659 3273 3728; x_wconf 87' lang='lat' dir='ltr'><strong>appetentia,</strong></span> <span class='ocrx_word' id='word_1_757' title='bbox 3326 3658 3377 3713; x_wconf 90' lang='lat' dir='ltr'><strong>id</strong></span> <span class='ocrx_word' id='word_1_758' title='bbox 3407 3675 3582 3729; x_wconf 86' lang='lat' dir='ltr'><strong>genus</strong></span> 
     </span>
    </p>
   </div>
   <div class='ocr_carea' id='block_1_98' title="bbox 2003 3743 3583 3818">
    <p class='ocr_par' dir='ltr' id='par_1_98' title="bbox 2003 3743 3583 3818">
     <span class='ocr_line' id='line_1_98' title="bbox 2003 3743 3583 3818; baseline 0.003 -18"><span class='ocrx_word' id='word_1_759' title='bbox 2003 3743 2303 3800; x_wconf 84' lang='lat' dir='ltr'><strong>entelechia</strong></span> <span class='ocrx_word' id='word_1_760' title='bbox 2327 3759 2451 3800; x_wconf 88' lang='lat' dir='ltr'><strong>esse</strong></span> <span class='ocrx_word' id='word_1_761' title='bbox 2482 3760 2591 3799; x_wconf 88' lang='lat' dir='ltr'><strong>non</strong></span> <span class='ocrx_word' id='word_1_762' title='bbox 2620 3747 2813 3815; x_wconf 91' lang='lat' dir='ltr'><strong>possit.</strong></span> <span class='ocrx_word' id='word_1_763' title='bbox 2845 3743 2920 3800; x_wconf 83' lang='lat' dir='ltr'><strong>Ea</strong></span> <span class='ocrx_word' id='word_1_764' title='bbox 2952 3758 3197 3816; x_wconf 86' lang='lat' dir='ltr'><strong>superest</strong></span> <span class='ocrx_word' id='word_1_765' title='bbox 3223 3748 3431 3816; x_wconf 74' lang='lat' dir='ltr'><strong>anima,</strong></span> <span class='ocrx_word' id='word_1_766' title='bbox 3456 3766 3583 3818; x_wconf 75' lang='lat' dir='ltr'><strong>quze</strong></span> 
     </span>
    </p>
   </div>
   <div class='ocr_carea' id='block_1_99' title="bbox 2003 3833 3578 3909">
    <p class='ocr_par' dir='ltr' id='par_1_99' title="bbox 2003 3833 3578 3909">
     <span class='ocr_line' id='line_1_99' title="bbox 2003 3833 3578 3909; baseline 0.003 -21"><span class='ocrx_word' id='word_1_767' title='bbox 2003 3833 2286 3888; x_wconf 90' lang='lat' dir='ltr'><strong>crescendi</strong></span> <span class='ocrx_word' id='word_1_768' title='bbox 2320 3833 2431 3888; x_wconf 83' lang='lat' dir='ltr'><strong>vim</strong></span> <span class='ocrx_word' id='word_1_769' title='bbox 2482 3834 2693 3900; x_wconf 85' lang='lat' dir='ltr'><strong>tribuit,</strong></span> <span class='ocrx_word' id='word_1_770' title='bbox 2725 3851 2832 3905; x_wconf 89' lang='lat' dir='ltr'><strong>qua</strong></span> <span class='ocrx_word' id='word_1_771' title='bbox 2868 3837 2935 3891; x_wconf 91' lang='lat' dir='ltr'><strong>de</strong></span> <span class='ocrx_word' id='word_1_772' title='bbox 2974 3838 3224 3892; x_wconf 87' lang='lat' dir='ltr'><strong>fortassis</strong></span> <span class='ocrx_word' id='word_1_773' title='bbox 3254 3839 3378 3909; x_wconf 87' lang='lat' dir='ltr'><strong>jure</strong></span> <span class='ocrx_word' id='word_1_774' title='bbox 3419 3841 3578 3893; x_wconf 83' lang='lat' dir='ltr'><strong>dubi-</strong></span> 
     </span>
    </p>
   </div>
   <div class='ocr_carea' id='block_1_100' title="bbox 2003 3925 3579 3996">
    <p class='ocr_par' dir='ltr' id='par_1_100' title="bbox 2003 3925 3579 3996">
     <span class='ocr_line' id='line_1_100' title="bbox 2003 3925 3579 3996; baseline 0.003 -17"><span class='ocrx_word' id='word_1_775' title='bbox 2003 3932 2176 3989; x_wconf 88' lang='lat' dir='ltr'><strong>tetur,</strong></span> <span class='ocrx_word' id='word_1_776' title='bbox 2225 3940 2356 3978; x_wconf 91' lang='lat' dir='ltr'><strong>num</strong></span> <span class='ocrx_word' id='word_1_777' title='bbox 2410 3926 2523 3980; x_wconf 68' lang='lat' dir='ltr'><strong>haec</strong></span> <span class='ocrx_word' id='word_1_778' title='bbox 2574 3925 2676 3996; x_wconf 91' lang='lat' dir='ltr'><strong>ipsi</strong></span> <span class='ocrx_word' id='word_1_779' title='bbox 2724 3926 3039 3982; x_wconf 77' lang='lat' dir='ltr'><strong>entelechize</strong></span> <span class='ocrx_word' id='word_1_780' title='bbox 3098 3929 3236 3983; x_wconf 87' lang='lat' dir='ltr'><strong>ratio</strong></span> <span class='ocrx_word' id='word_1_781' title='bbox 3289 3932 3579 3984; x_wconf 83' lang='lat' dir='ltr'><strong>convenire</strong></span> 
     </span>
    </p>
   </div>
   <div class='ocr_carea' id='block_1_101' title="bbox 2001 4014 3581 4091">
    <p class='ocr_par' dir='ltr' id='par_1_101' title="bbox 2001 4014 3581 4091">
     <span class='ocr_line' id='line_1_101' title="bbox 2001 4014 3581 4091; baseline 0.003 -20"><span class='ocrx_word' id='word_1_782' title='bbox 2001 4016 2193 4087; x_wconf 90' lang='lat' dir='ltr'><strong>possit.</strong></span> <span class='ocrx_word' id='word_1_783' title='bbox 2248 4014 2484 4084; x_wconf 77' lang='lat' dir='ltr'><strong>Verum,</strong></span> <span class='ocrx_word' id='word_1_784' title='bbox 2532 4033 2598 4073; x_wconf 90' lang='lat' dir='ltr'><strong>ne</strong></span> <span class='ocrx_word' id='word_1_785' title='bbox 2652 4017 2729 4072; x_wconf 91' lang='lat' dir='ltr'><strong>illi</strong></span> <span class='ocrx_word' id='word_1_786' title='bbox 2788 4018 3029 4087; x_wconf 89' lang='lat' dir='ltr'><strong>quidem.</strong></span> <span class='ocrx_word' id='word_1_787' title='bbox 3085 4018 3220 4075; x_wconf 85' lang='lat' dir='ltr'><strong>Nam</strong></span> <span class='ocrx_word' id='word_1_788' title='bbox 3274 4021 3321 4075; x_wconf 92' lang='lat' dir='ltr'><strong>si</strong></span> <span class='ocrx_word' id='word_1_789' title='bbox 3381 4022 3581 4091; x_wconf 79' lang='lat' dir='ltr'><strong>plantae</strong></span> 
     </span>
    </p>
   </div>
   <div class='ocr_carea' id='block_1_102' title="bbox 2003 4108 3577 4182">
    <p class='ocr_par' dir='ltr' id='par_1_102' title="bbox 2003 4108 3577 4182">
     <span class='ocr_line' id='line_1_102' title="bbox 2003 4108 3577 4182; baseline 0.003 -20"><span class='ocrx_word' id='word_1_790' title='bbox 2003 4108 2186 4164; x_wconf 89' lang='lat' dir='ltr'><strong>omnis</strong></span> <span class='ocrx_word' id='word_1_791' title='bbox 2232 4108 2559 4179; x_wconf 83' lang='lat' dir='ltr'><strong>principium</strong></span> <span class='ocrx_word' id='word_1_792' title='bbox 2615 4108 2669 4163; x_wconf 91' lang='lat' dir='ltr'><strong>in</strong></span> <span class='ocrx_word' id='word_1_793' title='bbox 2724 4110 2907 4165; x_wconf 89' lang='lat' dir='ltr'><strong>radice</strong></span> <span class='ocrx_word' id='word_1_794' title='bbox 2963 4120 3258 4175; x_wconf 81' lang='lat' dir='ltr'><strong>versatur,</strong></span> <span class='ocrx_word' id='word_1_795' title='bbox 3317 4122 3577 4182; x_wconf 83' lang='lat' dir='ltr'><strong>parteun</strong></span> 
     </span>
    </p>
   </div>
   <div class='ocr_carea' id='block_1_103' title="bbox 2001 4199 3574 4273">
    <p class='ocr_par' dir='ltr' id='par_1_103' title="bbox 2001 4199 3574 4273">
     <span class='ocr_line' id='line_1_103' title="bbox 2001 4199 3574 4273; baseline 0.003 -20"><span class='ocrx_word' id='word_1_796' title='bbox 2001 4199 2263 4254; x_wconf 79' lang='lat' dir='ltr'><strong>duntaxat</strong></span> <span class='ocrx_word' id='word_1_797' title='bbox 2288 4200 2557 4267; x_wconf 88' lang='lat' dir='ltr'><strong>inferiori,</strong></span> <span class='ocrx_word' id='word_1_798' title='bbox 2592 4216 2712 4271; x_wconf 69' lang='lat' dir='ltr'><strong>qum</strong></span> <span class='ocrx_word' id='word_1_799' title='bbox 2743 4217 2774 4256; x_wconf 89' lang='lat' dir='ltr'><strong>a</strong></span> <span class='ocrx_word' id='word_1_800' title='bbox 2809 4202 2989 4257; x_wconf 89' lang='lat' dir='ltr'><strong>radice</strong></span> <span class='ocrx_word' id='word_1_801' title='bbox 3036 4203 3261 4273; x_wconf 86' lang='lat' dir='ltr'><strong>propius</strong></span> <span class='ocrx_word' id='word_1_802' title='bbox 3307 4204 3467 4268; x_wconf 86' lang='lat' dir='ltr'><strong>absit,</strong></span> <span class='ocrx_word' id='word_1_803' title='bbox 3516 4214 3574 4259; x_wconf 90' lang='lat' dir='ltr'><strong>ut</strong></span> 
     </span>
    </p>
   </div>
   <div class='ocr_carea' id='block_1_104' title="bbox 2002 4290 3580 4360">
    <p class='ocr_par' dir='ltr' id='par_1_104' title="bbox 2002 4290 3580 4360">
     <span class='ocr_line' id='line_1_104' title="bbox 2002 4290 3580 4360; baseline 0.003 -18"><span class='ocrx_word' id='word_1_804' title='bbox 2002 4290 2189 4345; x_wconf 86' lang='lat' dir='ltr'><strong>multis</strong></span> <span class='ocrx_word' id='word_1_805' title='bbox 2234 4291 2287 4344; x_wconf 92' lang='lat' dir='ltr'><strong>in</strong></span> <span class='ocrx_word' id='word_1_806' title='bbox 2321 4291 2519 4360; x_wconf 89' lang='lat' dir='ltr'><strong>plantis</strong></span> <span class='ocrx_word' id='word_1_807' title='bbox 2567 4291 2786 4346; x_wconf 87' lang='lat' dir='ltr'><strong>evenire</strong></span> <span class='ocrx_word' id='word_1_808' title='bbox 2821 4293 2993 4355; x_wconf 88' lang='lat' dir='ltr'><strong>solet,</strong></span> <span class='ocrx_word' id='word_1_809' title='bbox 3041 4302 3339 4359; x_wconf 73' lang='lat' dir='ltr'><strong>crescente,</strong></span> <span class='ocrx_word' id='word_1_810' title='bbox 3389 4294 3580 4348; x_wconf 75' lang='lat' dir='ltr'><strong>anima</strong></span> 
     </span>
    </p>
   </div>
   <div class='ocr_carea' id='block_1_105' title="bbox 2001 4380 3572 4455">
    <p class='ocr_par' dir='ltr' id='par_1_105' title="bbox 2001 4380 3572 4455">
     <span class='ocr_line' id='line_1_105' title="bbox 2001 4380 3572 4455; baseline 0.004 -22"><span class='ocrx_word' id='word_1_811' title='bbox 2001 4380 2201 4435; x_wconf 90' lang='lat' dir='ltr'><strong>relictis</strong></span> <span class='ocrx_word' id='word_1_812' title='bbox 2244 4382 2453 4436; x_wconf 80' lang='lat' dir='ltr'><strong>caeteris</strong></span> <span class='ocrx_word' id='word_1_813' title='bbox 2474 4396 2638 4435; x_wconf 88' lang='lat' dir='ltr'><strong>unam</strong></span> <span class='ocrx_word' id='word_1_814' title='bbox 2681 4383 2736 4436; x_wconf 92' lang='lat' dir='ltr'><strong>in</strong></span> <span class='ocrx_word' id='word_1_815' title='bbox 2767 4382 3015 4452; x_wconf 81' lang='lat' dir='ltr'><strong>aliquam.</strong></span> <span class='ocrx_word' id='word_1_816' title='bbox 3040 4398 3161 4439; x_wconf 86' lang='lat' dir='ltr'><strong>sese</strong></span> <span class='ocrx_word' id='word_1_817' title='bbox 3191 4384 3407 4455; x_wconf 79' lang='lat' dir='ltr'><strong>collegit</strong></span> <span class='ocrx_word' id='word_1_818' title='bbox 3435 4401 3449 4450; x_wconf 89' lang='lat'><strong>;</strong></span> <span class='ocrx_word' id='word_1_819' title='bbox 3485 4396 3572 4439; x_wconf 87' lang='lat' dir='ltr'><strong>ta-</strong></span> 
     </span>
    </p>
   </div>
   <div class='ocr_carea' id='block_1_106' title="bbox 2002 4470 3571 4545">
    <p class='ocr_par' dir='ltr' id='par_1_106' title="bbox 2002 4470 3571 4545">
     <span class='ocr_line' id='line_1_106' title="bbox 2002 4470 3571 4545; baseline 0.003 -20"><span class='ocrx_word' id='word_1_820' title='bbox 2002 4470 2069 4525; x_wconf 77' lang='lat' dir='ltr'><strong>lis</strong></span> <span class='ocrx_word' id='word_1_821' title='bbox 2098 4486 2226 4541; x_wconf 87' lang='lat' dir='ltr'><strong>ergo</strong></span> <span class='ocrx_word' id='word_1_822' title='bbox 2246 4480 2368 4526; x_wconf 87' lang='lat' dir='ltr'><strong>tota</strong></span> <span class='ocrx_word' id='word_1_823' title='bbox 2400 4472 2453 4525; x_wconf 92' lang='lat' dir='ltr'><strong>in</strong></span> <span class='ocrx_word' id='word_1_824' title='bbox 2482 4471 2664 4542; x_wconf 89' lang='lat' dir='ltr'><strong>planta</strong></span> <span class='ocrx_word' id='word_1_825' title='bbox 2709 4488 2816 4527; x_wconf 92' lang='lat' dir='ltr'><strong>non</strong></span> <span class='ocrx_word' id='word_1_826' title='bbox 2859 4480 2997 4541; x_wconf 89' lang='lat' dir='ltr'><strong>erat,</strong></span> <span class='ocrx_word' id='word_1_827' title='bbox 3029 4475 3207 4545; x_wconf 78' lang='lat' dir='ltr'><strong>qualis</strong></span> <span class='ocrx_word' id='word_1_828' title='bbox 3248 4476 3571 4542; x_wconf 83' lang='lat' dir='ltr'><strong>entelechia,</strong></span> 
     </span>
    </p>
   </div>
   <div class='ocr_carea' id='block_1_107' title="bbox 2005 4562 3575 4633">
    <p class='ocr_par' dir='ltr' id='par_1_107' title="bbox 2005 4562 3575 4633">
     <span class='ocr_line' id='line_1_107' title="bbox 2005 4562 3575 4633; baseline 0.004 -17"><span class='ocrx_word' id='word_1_829' title='bbox 2005 4578 2127 4632; x_wconf 71' lang='lat' dir='ltr'><strong>quae</strong></span> <span class='ocrx_word' id='word_1_830' title='bbox 2171 4562 2414 4633; x_wconf 88' lang='lat' dir='ltr'><strong>separari</strong></span> <span class='ocrx_word' id='word_1_831' title='bbox 2447 4578 2554 4619; x_wconf 89' lang='lat' dir='ltr'><strong>non</strong></span> <span class='ocrx_word' id='word_1_832' title='bbox 2599 4565 2789 4633; x_wconf 91' lang='lat' dir='ltr'><strong>possit.</strong></span> <span class='ocrx_word' id='word_1_833' title='bbox 2835 4565 2988 4622; x_wconf 83' lang='lat' dir='ltr'><strong>Adde</strong></span> <span class='ocrx_word' id='word_1_834' title='bbox 3034 4566 3175 4623; x_wconf 85' lang='lat' dir='ltr'><strong>hanc</strong></span> <span class='ocrx_word' id='word_1_835' title='bbox 3228 4568 3466 4622; x_wconf 82' lang='lat' dir='ltr'><strong>animam</strong></span> <span class='ocrx_word' id='word_1_836' title='bbox 3515 4568 3575 4622; x_wconf 87' lang='lat' dir='ltr'><strong>in</strong></span> 
     </span>
    </p>
   </div>
   <div class='ocr_carea' id='block_1_108' title="bbox 2006 4654 3571 4728">
    <p class='ocr_par' dir='ltr' id='par_1_108' title="bbox 2006 4654 3571 4728">
     <span class='ocr_line' id='line_1_108' title="bbox 2006 4654 3571 4728; baseline 0.002 -20"><span class='ocrx_word' id='word_1_837' title='bbox 2006 4656 2213 4725; x_wconf 86' lang='lat' dir='ltr'><strong>planta,</strong></span> <span class='ocrx_word' id='word_1_838' title='bbox 2239 4654 2558 4725; x_wconf 85' lang='lat' dir='ltr'><strong>priusquam</strong></span> <span class='ocrx_word' id='word_1_839' title='bbox 2587 4665 2875 4727; x_wconf 80' lang='lat' dir='ltr'><strong>augeatur,</strong></span> <span class='ocrx_word' id='word_1_840' title='bbox 2907 4656 3049 4712; x_wconf 80' lang='lat' dir='ltr'><strong>mole</strong></span> <span class='ocrx_word' id='word_1_841' title='bbox 3064 4657 3177 4728; x_wconf 89' lang='lat' dir='ltr'><strong>jam</strong></span> <span class='ocrx_word' id='word_1_842' title='bbox 3210 4666 3323 4711; x_wconf 92' lang='lat' dir='ltr'><strong>tum</strong></span> <span class='ocrx_word' id='word_1_843' title='bbox 3366 4660 3571 4727; x_wconf 79' lang='lat' dir='ltr'><strong>perexi-</strong></span> 
     </span>
    </p>
   </div>
   <div class='ocr_carea' id='block_1_109' title="bbox 2004 4747 3571 4821">
    <p class='ocr_par' dir='ltr' id='par_1_109' title="bbox 2004 4747 3571 4821">
     <span class='ocr_line' id='line_1_109' title="bbox 2004 4747 3571 4821; baseline 0.002 -19"><span class='ocrx_word' id='word_1_844' title='bbox 2004 4764 2107 4817; x_wconf 79' lang='lat' dir='ltr'><strong>gua</strong></span> <span class='ocrx_word' id='word_1_845' title='bbox 2145 4747 2432 4802; x_wconf 90' lang='lat' dir='ltr'><strong>contineri.</strong></span> <span class='ocrx_word' id='word_1_846' title='bbox 2472 4747 2528 4803; x_wconf 90' lang='lat' dir='ltr'><strong>Si</strong></span> <span class='ocrx_word' id='word_1_847' title='bbox 2568 4765 2697 4819; x_wconf 85' lang='lat' dir='ltr'><strong>ergo</strong></span> <span class='ocrx_word' id='word_1_848' title='bbox 2727 4758 2782 4805; x_wconf 89' lang='lat' dir='ltr'><strong>et</strong></span> <span class='ocrx_word' id='word_1_849' title='bbox 2807 4750 3001 4821; x_wconf 84' lang='lat' dir='ltr'><strong>majori</strong></span> <span class='ocrx_word' id='word_1_850' title='bbox 3035 4766 3099 4806; x_wconf 91' lang='lat' dir='ltr'><strong>ex</strong></span> <span class='ocrx_word' id='word_1_851' title='bbox 3140 4750 3343 4820; x_wconf 83' lang='lat' dir='ltr'><strong>planta,</strong></span> <span class='ocrx_word' id='word_1_852' title='bbox 3378 4751 3431 4803; x_wconf 93' lang='lat' dir='ltr'><strong>in</strong></span> <span class='ocrx_word' id='word_1_853' title='bbox 3468 4767 3571 4805; x_wconf 91' lang='lat' dir='ltr'><strong>an-</strong></span> 
     </span>
    </p>
   </div>
   <div class='ocr_carea' id='block_1_110' title="bbox 2003 4839 3571 4913">
    <p class='ocr_par' dir='ltr' id='par_1_110' title="bbox 2003 4839 3571 4913">
     <span class='ocr_line' id='line_1_110' title="bbox 2003 4839 3571 4913; baseline 0.003 -20"><span class='ocrx_word' id='word_1_854' title='bbox 2003 4848 2219 4909; x_wconf 87' lang='lat' dir='ltr'><strong>gustum</strong></span> <span class='ocrx_word' id='word_1_855' title='bbox 2247 4839 2449 4910; x_wconf 89' lang='lat' dir='ltr'><strong>aliquid</strong></span> <span class='ocrx_word' id='word_1_856' title='bbox 2476 4842 2836 4906; x_wconf 83' lang='lat' dir='ltr'><strong>contrahitur,</strong></span> <span class='ocrx_word' id='word_1_857' title='bbox 2869 4853 2921 4897; x_wconf 89' lang='lat' dir='ltr'><strong>et</strong></span> <span class='ocrx_word' id='word_1_858' title='bbox 2954 4844 3251 4913; x_wconf 69' lang='lat' dir='ltr'><strong>angustiori</strong></span> <span class='ocrx_word' id='word_1_859' title='bbox 3278 4860 3343 4898; x_wconf 85' lang='lat' dir='ltr'><strong>ex</strong></span> <span class='ocrx_word' id='word_1_860' title='bbox 3368 4844 3571 4913; x_wconf 87' lang='lat' dir='ltr'><strong>spatio.</strong></span> 
     </span>
    </p>
   </div>
   <div class='ocr_carea' id='block_1_111' title="bbox 2004 4935 3569 5007">
    <p class='ocr_par' dir='ltr' id='par_1_111' title="bbox 2004 4935 3569 5007">
     <span class='ocr_line' id='line_1_111' title="bbox 2004 4935 3569 5007; baseline 0.001 -18"><span class='ocrx_word' id='word_1_861' title='bbox 2004 4941 2176 4989; x_wconf 84' lang='lat' dir='ltr'><strong>totum</strong></span> <span class='ocrx_word' id='word_1_862' title='bbox 2208 4935 2261 4991; x_wconf 88' lang='lat' dir='ltr'><strong>in</strong></span> <span class='ocrx_word' id='word_1_863' title='bbox 2290 4951 2493 5007; x_wconf 88' lang='lat' dir='ltr'><strong>corpus</strong></span> <span class='ocrx_word' id='word_1_864' title='bbox 2514 4936 2838 4992; x_wconf 76' lang='lat' dir='ltr'><strong>diffunditur</strong></span> <span class='ocrx_word' id='word_1_865' title='bbox 2865 4955 2879 5004; x_wconf 91' lang='lat'><strong>;</strong></span> <span class='ocrx_word' id='word_1_866' title='bbox 2906 4937 3035 5007; x_wconf 88' lang='lat' dir='ltr'><strong>quid</strong></span> <span class='ocrx_word' id='word_1_867' title='bbox 3065 4945 3227 5001; x_wconf 80' lang='lat' dir='ltr'><strong>vetat,</strong></span> <span class='ocrx_word' id='word_1_868' title='bbox 3278 4937 3569 5006; x_wconf 74' lang='lat' dir='ltr'><strong>quominus</strong></span> 
     </span>
    </p>
   </div>
   <div class='ocr_carea' id='block_1_112' title="bbox 2000 5216 3564 5290">
    <p class='ocr_par' dir='ltr' id='par_1_112' title="bbox 2000 5216 3564 5290">
     <span class='ocr_line' id='line_1_112' title="bbox 2000 5216 3564 5290; baseline 0.001 -20"><span class='ocrx_word' id='word_1_869' title='bbox 2000 5217 2135 5290; x_wconf 82' lang='lat' dir='ltr'><strong>mihi</strong></span> <span class='ocrx_word' id='word_1_870' title='bbox 2171 5220 2343 5290; x_wconf 86' lang='lat' dir='ltr'><strong>magis</strong></span> <span class='ocrx_word' id='word_1_871' title='bbox 2373 5221 2663 5290; x_wconf 86' lang='lat' dir='ltr'><strong>probatur;</strong></span> <span class='ocrx_word' id='word_1_872' title='bbox 2702 5220 2859 5273; x_wconf 75' lang='lat' dir='ltr'><strong>velim</strong></span> <span class='ocrx_word' id='word_1_873' title='bbox 2909 5227 3090 5274; x_wconf 87' lang='lat' dir='ltr'><strong>tamen</strong></span> <span class='ocrx_word' id='word_1_874' title='bbox 3128 5226 3255 5288; x_wconf 90' lang='lat' dir='ltr'><strong>post</strong></span> <span class='ocrx_word' id='word_1_875' title='bbox 3282 5218 3436 5290; x_wconf 74' lang='grc' dir='ltr'><strong>κάτῳ</strong></span> <span class='ocrx_word' id='word_1_876' title='bbox 3459 5216 3564 5290; x_wconf 80' lang='lat' dir='ltr'><strong>_vir-</strong></span> 
     </span>
    </p>
   </div>
   <div class='ocr_carea' id='block_1_113' title="bbox 1998 5287 3565 5368">
    <p class='ocr_par' dir='ltr' id='par_1_113' title="bbox 1998 5287 3565 5368">
     <span class='ocr_line' id='line_1_113' title="bbox 1998 5287 3565 5368; baseline -0.001 -27"><span class='ocrx_word' id='word_1_877' title='bbox 1998 5288 2179 5368; x_wconf 75' lang='lat' dir='ltr'><strong>gulam</strong></span> <span class='ocrx_word' id='word_1_878' title='bbox 2222 5287 2512 5368; x_wconf 73' lang='lat' dir='ltr'><strong>adhiberi,</strong></span> <span class='ocrx_word' id='word_1_879' title='bbox 2548 5290 3059 5368; x_wconf 52' lang='lat' dir='ltr'><strong>etparticulamd);</strong></span> <span class='ocrx_word' id='word_1_880' title='bbox 3097 5287 3236 5368; x_wconf 60' lang='lat' dir='ltr'><strong>ante</strong></span> <span class='ocrx_word' id='word_1_881' title='bbox 3264 5290 3319 5341; x_wconf 86' lang='grc' dir='ltr'><strong>ἐν</strong></span> <span class='ocrx_word' id='word_1_882' title='bbox 3356 5287 3565 5351; x_wconf 76' lang='grc' dir='ltr'>πολλοῖς</span> 
     </span>
    </p>
   </div>
   <div class='ocr_carea' id='block_1_114' title="bbox 1999 5358 3285 5424">
    <p class='ocr_par' dir='ltr' id='par_1_114' title="bbox 1999 5358 3285 5424">
     <span class='ocr_line' id='line_1_114' title="bbox 1999 5358 3285 5424; baseline 0.002 -12"><span class='ocrx_word' id='word_1_883' title='bbox 1999 5358 2188 5424; x_wconf 82' lang='lat' dir='ltr'><strong>inseri,</strong></span> <span class='ocrx_word' id='word_1_884' title='bbox 2222 5360 2323 5414; x_wconf 82' lang='lat' dir='ltr'><strong>hoc</strong></span> <span class='ocrx_word' id='word_1_885' title='bbox 2352 5361 2537 5424; x_wconf 90' lang='lat' dir='ltr'><strong>modo,</strong></span> <span class='ocrx_word' id='word_1_886' title='bbox 2568 5360 2634 5413; x_wconf 80' lang='grc' dir='ltr'><strong>τά</strong></span> <span class='ocrx_word' id='word_1_887' title='bbox 2664 5362 2833 5423; x_wconf 87' lang='grc' dir='ltr'>κάτω,</span> <span class='ocrx_word' id='word_1_888' title='bbox 2865 5360 2939 5423; x_wconf 87' lang='grc' dir='ltr'>ὼς</span> <span class='ocrx_word' id='word_1_889' title='bbox 2966 5362 3023 5413; x_wconf 86' lang='grc' dir='ltr'><strong>ἐν</strong></span> <span class='ocrx_word' id='word_1_890' title='bbox 3053 5358 3285 5423; x_wconf 76' lang='grc' dir='ltr'>πολλοῖς.</span> 
     </span>
    </p>
   </div>
   <div class='ocr_carea' id='block_1_115' title="bbox 2071 5425 3567 5497">
    <p class='ocr_par' dir='ltr' id='par_1_115' title="bbox 2071 5425 3567 5497">
     <span class='ocr_line' id='line_1_115' title="bbox 2071 5425 3567 5497; baseline -0.001 -15"><span class='ocrx_word' id='word_1_891' title='bbox 2071 5428 2182 5497; x_wconf 64' lang='lat' dir='ltr'><strong>(Si)</strong></span> <span class='ocrx_word' id='word_1_892' title='bbox 2221 5429 2543 5493; x_wconf 81' lang='grc' dir='ltr'>Γενέσθαι,</span> <span class='ocrx_word' id='word_1_893' title='bbox 2575 5425 2701 5484; x_wconf 81' lang='grc' dir='ltr'>οἷον</span> <span class='ocrx_word' id='word_1_894' title='bbox 2727 5429 2869 5491; x_wconf 79' lang='grc' dir='ltr'>ζὼου</span> <span class='ocrx_word' id='word_1_895' title='bbox 2889 5470 2904 5494; x_wconf 90' lang='grc'><strong>,</strong></span> <span class='ocrx_word' id='word_1_896' title='bbox 2939 5438 3044 5485; x_wconf 83' lang='lat' dir='ltr'><strong>etc.</strong></span> <span class='ocrx_word' id='word_1_897' title='bbox 3070 5429 3264 5486; x_wconf 89' lang='lat' dir='ltr'><strong>Totum</strong></span> <span class='ocrx_word' id='word_1_898' title='bbox 3302 5430 3447 5483; x_wconf 89' lang='lat' dir='ltr'><strong>hunc</strong></span> <span class='ocrx_word' id='word_1_899' title='bbox 3487 5430 3567 5497; x_wconf 69' lang='lat' dir='ltr'><strong>Io-</strong></span> 
     </span>
    </p>
   </div>
   <div class='ocr_carea' id='block_1_116' title="bbox 1998 5500 3565 5571">
    <p class='ocr_par' dir='ltr' id='par_1_116' title="bbox 1998 5500 3565 5571">
     <span class='ocr_line' id='line_1_116' title="bbox 1998 5500 3565 5571; baseline -0.002 -17"><span class='ocrx_word' id='word_1_900' title='bbox 1998 5514 2123 5571; x_wconf 79' lang='lat' dir='ltr'><strong>cutn</strong></span> <span class='ocrx_word' id='word_1_901' title='bbox 2153 5501 2231 5553; x_wconf 90' lang='lat' dir='ltr'><strong>sic</strong></span> <span class='ocrx_word' id='word_1_902' title='bbox 2252 5500 2717 5571; x_wconf 66' lang='lat' dir='ltr'><strong>distinguendum,</strong></span> <span class='ocrx_word' id='word_1_903' title='bbox 2749 5518 2812 5554; x_wconf 89' lang='lat' dir='ltr'><strong>ac</strong></span> <span class='ocrx_word' id='word_1_904' title='bbox 2839 5502 3125 5571; x_wconf 79' lang='lat' dir='ltr'><strong>legendum</strong></span> <span class='ocrx_word' id='word_1_905' title='bbox 3159 5501 3434 5571; x_wconf 81' lang='lat' dir='ltr'><strong>existimo,</strong></span> <span class='ocrx_word' id='word_1_906' title='bbox 3470 5516 3565 5567; x_wconf 77' lang='grc' dir='ltr'>γε·</span> 
     </span>
    </p>
   </div>
   <div class='ocr_carea' id='block_1_117' title="bbox 1998 5564 3565 5643">
    <p class='ocr_par' dir='ltr' id='par_1_117' title="bbox 1998 5564 3565 5643">
     <span class='ocr_line' id='line_1_117' title="bbox 1998 5564 3565 5643; baseline 0.001 -22"><span class='ocrx_word' id='word_1_907' title='bbox 1998 5569 2200 5638; x_wconf 80' lang='grc' dir='ltr'>νέσθαι,</span> <span class='ocrx_word' id='word_1_908' title='bbox 2225 5564 2337 5624; x_wconf 74' lang='grc' dir='ltr'>οἷον</span> <span class='ocrx_word' id='word_1_909' title='bbox 2358 5564 2519 5635; x_wconf 57' lang='grc' dir='ltr'>ζώόυ,</span> <span class='ocrx_word' id='word_1_910' title='bbox 2545 5566 2604 5625; x_wconf 75' lang='grc' dir='ltr'><strong>οὗ</strong></span> <span class='ocrx_word' id='word_1_911' title='bbox 2629 5571 2689 5624; x_wconf 80' lang='grc' dir='ltr'><strong>τὸ</strong></span> <span class='ocrx_word' id='word_1_912' title='bbox 2714 5571 2869 5641; x_wconf 80' lang='grc' dir='ltr'>σῶμα</span> <span class='ocrx_word' id='word_1_913' title='bbox 2894 5564 2993 5643; x_wconf 73' lang='grc' dir='ltr'><strong>τὴν</strong></span> <span class='ocrx_word' id='word_1_914' title='bbox 3020 5572 3195 5643; x_wconf 62' lang='grc' dir='ltr'>ψυχὴν</span> <span class='ocrx_word' id='word_1_915' title='bbox 3224 5570 3288 5623; x_wconf 78' lang='grc' dir='ltr'><strong>ἂν</strong></span> <span class='ocrx_word' id='word_1_916' title='bbox 3308 5564 3565 5642; x_wconf 68' lang='grc' dir='ltr'>γεννήσῃ.</span> 
     </span>
    </p>
   </div>
   <div class='ocr_carea' id='block_1_118' title="bbox 1994 5643 2731 5710">
    <p class='ocr_par' dir='ltr' id='par_1_118' title="bbox 1994 5643 2731 5710">
     <span class='ocr_line' id='line_1_118' title="bbox 1994 5643 2731 5710; baseline 0 -15"><span class='ocrx_word' id='word_1_917' title='bbox 1994 5656 2059 5695; x_wconf 91' lang='lat' dir='ltr'><strong>eo</strong></span> <span class='ocrx_word' id='word_1_918' title='bbox 2085 5656 2245 5694; x_wconf 87' lang='lat' dir='ltr'><strong>sensu</strong></span> <span class='ocrx_word' id='word_1_919' title='bbox 2277 5657 2437 5710; x_wconf 76' lang='lat' dir='ltr'><strong>quem</strong></span> <span class='ocrx_word' id='word_1_920' title='bbox 2468 5643 2731 5710; x_wconf 68' lang='lat' dir='ltr'><strong>expressi.</strong></span> 
     </span>
    </p>
   </div>
   <div class='ocr_carea' id='block_1_119' title="bbox 2067 5710 3565 5786">
    <p class='ocr_par' dir='ltr' id='par_1_119' title="bbox 2067 5710 3565 5786">
     <span class='ocr_line' id='line_1_119' title="bbox 2067 5710 3565 5786; baseline 0.003 -24"><span class='ocrx_word' id='word_1_921' title='bbox 2067 5710 2176 5779; x_wconf 73' lang='lat'><strong>(‘22)</strong></span> <span class='ocrx_word' id='word_1_922' title='bbox 2218 5714 2287 5764; x_wconf 76' lang='lat' dir='ltr'><strong>Ei</strong></span> <span class='ocrx_word' id='word_1_923' title='bbox 2325 5710 2408 5786; x_wconf 77' lang='grc' dir='ltr'>δέ.</span> <span class='ocrx_word' id='word_1_924' title='bbox 2469 5711 2564 5786; x_wconf 63' lang='lat' dir='ltr'><strong>Vel</strong></span> <span class='ocrx_word' id='word_1_925' title='bbox 2599 5712 2654 5765; x_wconf 81' lang='grc' dir='ltr'><strong>δέ</strong></span> <span class='ocrx_word' id='word_1_926' title='bbox 2706 5729 2801 5781; x_wconf 88' lang='lat' dir='ltr'><strong>pro</strong></span> <span class='ocrx_word' id='word_1_927' title='bbox 2849 5713 2955 5786; x_wconf 80' lang='grc' dir='ltr'><strong>γάρ</strong></span> <span class='ocrx_word' id='word_1_928' title='bbox 3001 5722 3356 5783; x_wconf 82' lang='lat' dir='ltr'><strong>usurpatum,</strong></span> <span class='ocrx_word' id='word_1_929' title='bbox 3387 5711 3470 5767; x_wconf 69' lang='lat' dir='ltr'><strong>vel</strong></span> <span class='ocrx_word' id='word_1_930' title='bbox 3511 5712 3565 5766; x_wconf 91' lang='lat' dir='ltr'><strong>in</strong></span> 
     </span>
    </p>
   </div>
   <div class='ocr_carea' id='block_1_120' title="bbox 1997 5780 2705 5845">
    <p class='ocr_par' dir='ltr' id='par_1_120' title="bbox 1997 5780 2705 5845">
     <span class='ocr_line' id='line_1_120' title="bbox 1997 5780 2705 5845; baseline 0.007 -14"><span class='ocrx_word' id='word_1_931' title='bbox 1997 5780 2101 5845; x_wconf 64' lang='grc' dir='ltr'><strong>γάρ</strong></span> <span class='ocrx_word' id='word_1_932' title='bbox 2138 5782 2451 5837; x_wconf 75' lang='lat' dir='ltr'><strong>mutandum</strong></span> <span class='ocrx_word' id='word_1_933' title='bbox 2486 5784 2705 5838; x_wconf 63' lang='lat' dir='ltr'><strong>\idzlur.</strong></span> 
     </span>
    </p>
   </div>
  </div>
