4090 6382
520 352 544 405 1
555 352 658 407 3'55

1238 348 1505 403 EUSEBll
1547 346 2028 403 cmsamsxsns
2066 346 2217 403 opp.
2257 345 2440 401 psus
2467 344 2614 402 n.—
2650 302 3144 400 APbLOGETtCA.

3630 343 3768 397 1536

518 470 706 525 eadem
736 468 960 524 omnino
996 466 1321 537 separetur?
1364 466 1506 529 Jam,
1534 465 1809 535 quomodo
1843 467 2084 532 tandem,

2209 464 2348 535 ῖῆλον
2382 465 2461 516 ὅτι
2486 464 2552 534 ῆν
2583 462 2692 535 (25)
2723 479 2899 532 φαμεν
2934 462 3101 525 ὅντως
3121 460 3309 515 οὐσίαν
3344 457 3519 525 εἷναις
3548 460 3622 513 Τὸ
3669 459 3768 530 μὲν

518 579 641 633 qua:
674 562 922 633 partibus
952 568 1154 626 careat,
1195 558 1445 629 corporis
1474 557 1614 627 ejus,
1673 556 1818 626 quod
1864 558 2090 612 divisio-

519 672 640 710 nem
674 656 859 710 subire
890 663 1085 725 potest,
1116 653 1289 708 eidem
1336 651 1569 705 obnoxia
1612 650 1865 705 divisioni
1892 650 2093 705 enteie-

519 740 640 794 chia
666 756 787 795 esse
816 740 1013 809 queat?
1041 737 1215 807 Atque
1241 737 1426 790 eadem
1466 735 1666 798 anima,
1707 736 1851 789 aliud
1888 736 1945 789 fit
1972 736 2092 789 ani-

2194 556 2305 627 γάρ
2323 555 2553 623 γένεσις,
2583 554 2697 607 ἀλλ’
2719 554 2817 607 οὐκ
2838 554 3013 617 οὐσία,
3049 554 3158 606 πᾶν
3195 553 3256 605 τὸ
3293 552 3601 623 σωματικὸν
3630 546 3768 625 εἶναι

2194 647 2391 716 λέγοιτ’
2421 649 2506 709 ἂν,
2530 646 2813 716 γινόμενον
2844 645 2936 699 καὶ
2958 643 3346 714 ἀπολλύμενον,
3381 643 3547 706 ὅντως
3574 642 3642 713 ,δὲ
3674 643 3768 697 οὗ-

2194 737 2389 791 δέποτε
2425 736 2513 800 ὃν,
2554 736 2850 807 μεταλήψει
2877 737 2933 789 δὲ
2964 736 3057 789 τοῦ
3093 736 3243 798 ὄντος
3270 735 3570 804 σωζόμενον
3594 774 3608 797 ,
3638 734 3770 787 καθα-

519 833 628 886 rnal
676 846 743 885 ex
770 832 895 886 alio.
938 830 1409 897 Quemadmodum
1456 830 1640 901 igitur,
1707 844 1830 896 qum
1892 829 2092 898 prioris

2209 831 2313 882 ἱσον
2364 828 2429 882 ἂν
2469 828 2632 882 αύτοῦ
2692 829 3148 900 μεταλαμϐάνοι.»
3197 829 3411 898 Ἐπειδὴ
3456 828 3513 880 δὲ
3560 827 3653 881 καὶ
3701 826 3770 880 τὰ

519 920 717 990 fuerat,
744 922 964 978 alterius
991 924 1169 977 anima
1204 938 1321 977 esse
1369 932 1565 992 potest,
1598 922 1641 976 si
1677 922 1837 975 unius
1886 920 2088 974 entele-

519 1015 639 1067 chia
669 1016 795 1071 est?
823 1015 934 1070 Hoc
977 1026 1155 1069 autem
1194 1032 1258 1070 ex
1294 1016 1358 1070 iis
1410 1014 1799 1077 animantibus,
1856 1028 2088 1083 quarum

520 1104 572 1156 in
603 1106 735 1159 alias
766 1108 995 1161 mutatio
1038 1109 1129 1168 fit,
1167 1106 1453 1161 manifeste
1493 1105 1853 1161 convincitur.
1888 1103 2088 1159 Essen-

2198 920 2472 973 Πλωτινου
2526 920 2831 991 διήλθομεν,
2899 920 3127 975 συνιδεῖν
3177 922 3275 974 οὐκ
3323 921 3518 973 ἄτοπον
3565 918 3658 971 καὶ.
3703 917 3774 969 τὰ

2198 1011 2489 1083 Πορφυρξῳ
2546 1014 2604 1064 ἐν
2654 1016 2765 1076 τοῖς
2823 1012 2957 1081 πρὸς
2991 1012 3191 1065 Βόηθον
3254 1012 3391 1081 Περὶ
3433 1010 3640 1081 ψυχῆς
3693 1012 3771 1063 εἱ-

2202 1104 2428 1174 ρημένα-

518 1199 647 1253 tiam
684 1201 848 1271 igitur
891 1202 942 1256 in
974 1219 1039 1258 eo
1086 1204 1317 1273 positam
1351 1204 1530 1256 anima
1575 1217 1683 1255 non
1722 1200 1901 1263 habet,
1939 1198 2087 1269 quod
2127 1199 2361 1268 alicujus
2393 1198 2566 1252 forma
2593 1198 2662 1253 sit
2707 1216 2720 1229 ι
2784 1199 2877 1252 sed
2907 1199 3137 1268 ipsamet
3176 1196 3479 1253 substantia
3522 1207 3626 1259 est,
3652 1211 3775 1265 quae

521 1307 626 1345 non
679 1308 744 1347 ex
775 1309 860 1360 eo,
895 1295 1040 1364 quod
1092 1296 1144 1349 in
1176 1311 1405 1365 corpore
1429 1297 1691 1349 collocata
1740 1294 1829 1350 sit.
1873 1302 1928 1347 ut
1964 1302 2107 1348 esset
2147 1292 2395 1362 accepit;
2427 1292 2521 1347 sed
2564 1291 2677 1362 jam
2746 1301 2860 1346 tum
2914 1301 3051 1359 erat,
3096 1291 3412 1362 priusquam
3450 1290 3580 1345 certi
3612 1289 3776 1358 hujus

520 1387 703 1440 anima
740 1387 911 1451 ﬁeret,
941 1396 1211 1457 quatenus
1240 1389 1512 1454 animalis,
1541 1390 1698 1459 cujus
1743 1403 1940 1457 corpus
2004 1389 2241 1440 animam
2315 1387 2460 1440 illam
2511 1396 2812 1457 generaret.
2883 1386 2954 1441 At
2998 1403 3247 1457 quaenam
3298 1387 3461 1456 igitur
3515 1384 3661 1440 illius
3688 1400 3778 1439 es-

522 1477 693 1531 sentia
725 1479 855 1532 est?
886 1476 1021 1533 Nam
1058 1481 1103 1534 si
1154 1497 1330 1551 neque
1363 1497 1563 1550 corpus
1594 1490 1696 1546 est,
1761 1496 1938 1550 neque
1991 1480 2234 1550 corporis
2283 1480 2515 1545 affectio,
2557 1488 2611 1533 et
2649 1490 2827 1535 tamen
2879 1479 3209 1544 functiones,
3256 1481 3518 1545 actiones,
3580 1477 3777 1532 multa-

522 1584 628 1637 que
662 1570 715 1625 id
742 1588 913 1641 genus
948 1584 1001 1628 et
1036 1575 1222 1630 insunt
1274 1577 1330 1630 in
1390 1592 1475 1635 ea.
1518 1586 1571 1630 et
1624 1576 1692 1629 ab
1741 1591 1803 1630 ea
1855 1575 2276 1645 proticrscuntur
2322 1594 2335 1630 :
2394 1592 2518 1629 eum
2574 1576 2663 1629 illa
2713 1578 2939 1646 proinde
2985 1584 3137 1630 extra
3194 1590 3482 1645 corporum
3532 1574 3776 1629 ordinem

524 1664 825 1720 substantia
876 1670 1119 1737 quaedam
1164 1671 1255 1735 sit,
1280 1672 1583 1740 cujusmodi
1612 1672 1827 1725 tandem
1884 1672 2003 1726 est?
2032 1668 2171 1725 Num
2209 1688 2339 1725 vero
2390 1672 2523 1726 satis
2561 1687 2656 1741 per
2710 1688 2831 1727 sese
2878 1672 3063 1740 liquet,
3106 1672 3236 1743 quid
3292 1687 3414 1725 vere
3458 1686 3521 1725 ac
3564 1670 3781 1740 proprie

524 1760 882 1817 substantiam
928 1780 1048 1819 esse
1104 1764 1397 1822 dicamus?
1442 1767 1730 1821 Generatio
1782 1783 2002 1837 quippe,
2053 1782 2164 1821 non
2203 1767 2531 1832 substantia,
2581 1782 2902 1838 corporeum
2956 1783 3119 1821 omne
3170 1766 3355 1820 vocari
3400 1765 3601 1830 debet,
3652 1778 3778 1818 cum

524 1864 828 1923 generetur,
865 1858 1203 1929 intereatque
1247 1860 1429 1926 modo,
1464 1875 1563 1915 nec
1590 1876 1715 1914 vere
1762 1861 1834 1915 sit
1902 1877 2166 1931 unquam,
2209 1863 2301 1916 sed
2334 1863 2453 1931 ejus
2495 1863 2640 1932 quod
2667 1874 2749 1917 est
2782 1863 3040 1916 nonnulla
3090 1861 3473 1915 communione
3512 1868 3778 1925 servetur,

523 1958 792 2019 quatenus
823 1954 1095 2025 particeps
1142 1956 1261 2024 ejus
1288 1965 1389 2011 est.
1435 1976 1454 2007 ›
1493 1955 1616 2010 llaec
1660 1955 1925 2011 Plotinus.
1967 1956 2100 2023 Quae
2141 1959 2246 2013 hoc
2302 1958 2423 2013 loco
2497 1959 2791 2029 persecuti,
2843 1958 2977 2011 nihil
3011 1958 3110 2012 abs
3155 1972 3212 2011 re
3258 1955 3572 2021 fecerimus,
3626 1955 3671 2009 si
3714 1971 3781 2009 ex

524 2040 843 2114 Porphyrio,
868 2060 989 2113 quae
1018 2045 1083 2100 ad
1118 2045 1383 2099 Boethum
1411 2045 1485 2100 De
1507 2047 1683 2099 animo
1710 2047 1918 2112 scribit,
1946 2048 2200 2118 deinceps
2232 2058 2553 2105 attexemus.

1138 2176 1367 2231 CAPUT
1395 2178 1486 2231 ΧΙ.

2714 2162 3109 2215 ΚΕΦΑΛΑΙΟΝ
3150 2164 3250 2216 IA’.

673 2268 747 2321 De
775 2268 973 2329 eodem,
1012 2283 1077 2321 ea:
1112 2267 1397 2390 Pﬁrphyrii
1433 2270 1502 2322 ad
1528 2269 1783 2323 Boethum
1806 2285 1957 2338 apere

1205 2358 1235 2390 (3
1261 2354 1465 2390 nlllan.

1205 2358 1235 2391 (1
1261 2354 1465 2393 animo.

603 2450 623 2484 ι
679 2432 816 2499 iam,
864 2433 1060 2503 inquit,
1088 2434 1350 2491 adversus
1394 2450 1518 2490 eum
1546 2476 1562 2502 ,
1602 2435 1693 2504 qui
1742 2434 2101 2490 entelechiam

528 2525 773 2580 animum
802 2534 979 2589 vocat,
1008 2526 1189 2595 itaque
1219 2526 1550 2581 immobilem
1577 2541 1699 2581 esse
1747 2526 1883 2592 vult,
1927 2534 1989 2581 ut
2020 2535 2104 2581 ta-

529 2634 652 2673 men
683 2620 788 2673 alia
845 2630 1099 2686 moveat;
1133 2619 1295 2690 813
1341 2618 1727 2689 disputandum
1778 2620 1831 2673 in
1888 2619 2099 2688 primis,

532 2706 673 2761 unde
703 2709 916 2763 afﬂatus
950 2708 1038 2762 ille
1078 2708 1395 2772 animantis,
1427 2723 1553 2764 cum
1601 2707 1715 2777 ipse
1753 2707 1973 2777 quidem
2010 2724 2104 2765 eo-

526 2815 649 2856 rum
678 2816 800 2870 qute
831 2800 998 2865 videt,
1032 2816 1261 2872 quaeque
1287 2802 1549 2871 loquitur,
1580 2800 1716 2855 nihil
1750 2800 2019 2872 intelligit,
2050 2810 2105 2855 et

528 2898 708 2945 tamen
736 2891 955 2947 animus
986 2906 1093 2945 non
1125 2891 1178 2945 id
1209 2890 1353 2960 quod
1380 2891 1551 2957 adest,
1576 2889 1833 2960 quodque
1862 2905 2105 2961 praesens

527 2994 631 3049 est,
663 2983 758 3038 sed
788 2984 933 3054 quod
963 2983 1204 3038 futurum
1233 2984 1495 3047 intuetur,
1519 2994 1572 3040 et
1594 3001 1695 3056 pro
1721 2986 1869 3041 illius
1896 2984 2107 3039 ratione

530 3090 594 3129 ac
620 3085 816 3130 natura
860 3085 1255 3131 commovetur.
1304 3074 1508 3131 Deinde
1565 3077 1620 3131 in
1664 3078 1780 3148 ipsa
1835 3076 2105 3133 constitu-

530 3166 678 3221 tione
713 3166 1028 3231 animantis,
1050 3167 1195 3222 unde
1224 3168 1442 3222 tandem
1480 3167 1723 3237 ejusdem
1758 3166 1927 3221 animi
1968 3182 2106 3221 con-

532 3260 676 3322 silia,
720 3259 1151 3329 disquisitiones,
1199 3259 1526 3321 voluntates,
1564 3273 1687 3326 qua:
1711 3258 1955 3327 profecto
1985 3274 2105 3312 mo-

530 3358 713 3403 menta
747 3348 996 3419 quatdam
1025 3349 1188 3403 animi
1217 3358 1365 3413 sunt,
1394 3364 1500 3403 non
1539 3350 1804 3418 corporis.
1845 3368 1864 3400 ι
1896 3348 2109 3414 Quibus

529 3438 787 3508 deinceps
814 3440 883 3493 ita
919 3439 1238 3509 subjungit:
1282 3458 1300 3490 ι
1341 3438 1597 3493 Animum
1624 3448 1806 3495 autem
1855 3441 1939 3493 vel
1981 3456 2107 3509 gra-

2204 2256 2543 2323 Πορφιιρίου
2570 2255 2701 2325 περὶ
2732 2255 2843 2376 τοὲ
2867 2256 3074 2353 αξῦτόῦ.
3099 2254 3217 2335 Sim)
3238 2254 3357 2309 τῶν
3376 2255 3526 2324 πρὸς
3554 2259 3786 2325 Βόηθον

2850 2342 2934 2376 εοι
2986 2343 3183 2376 υυντις.

2850 2342 2934 2394 ερι
2986 2342 3183 2396 ψυχης.

2278 2434 2296 2467 ι
2340 2416 2483 2487 Πρὸς
2507 2417 2561 2469 δὲ
2586 2417 2683 2488 τὴν
2712 2416 3043 2485 ἐντελέχειαν
3079 2416 3188 2488 (ει)
3211 2416 3309 2488 τὴν
3330 2416 3507 2488 ᾀυχὴν
3539 2418 3782 2484 εἰπόντα,

2202 2506 2297 2560 καὶ
2340 2507 2595 2577 ἀκίνητον
2642 2506 2920 2570 παντελῶς
2981 2504 3145 2561 οὖσαν
3208 2511 3376 2561 κινεῖν
3424 2510 3783 2581 ὑπειληφότα,

2205 2599 2395 2673 ῥητέον
2430 2600 2591 2653 πόθεν
2622 2601 2672 2653 οἱ
2723 2600 3100 2672 ἐνθουσιασμοὶ
3154 2600 3247 2654 τοῦ
3281 2601 3441 2667 ζῴου,
3472 2603 3638 2673 μηδὲν
3689 2606 3785 2673 μὲν

2205 2691 2471 2756 ξυνιέντος
2493 2688 2567 2746 ὧν
2599 2692 2699 2765 όρᾷ
2726 2710 2783 2745 τε
2837 2694 2930 2746 καὶ
2959 2692 3125 2761 λέγει,
3158 2694 3256 2763 τῆς
3292 2694 3348 2747 δὲ
3383 2694 3561 2766 ψυχῆς
3600 2696 3695 2747 καὶ
3728 2695 3786 2747 τὸ

2207 2783 2398 2852 μέλλον
2430 2783 2522 2836 καὶ
2575 2784 2651 2856 μὴ
2677 2784 2909 2849 ἐνεστὼς
2944 2784 3267 2855 βλεπούσης,
3310 2786 3569 2839 καὶκατὰ
3616 2786 3784 2840 ταύτὸ

2205 2875 2552 2946 κινουμένης.
2587 2876 2756 2929 Πόθεν
2786 2876 2841 2928 δὲ
2872 2877 2967 2929 καὶ
3002 2876 3092 2929 ἐπὶ
3146 2877 3247 2948 τῆς
3280 2877 3375 2931 τοῦ
3414 2876 3552 2943 ζὼου
3591 2878 3790 2933 συστά-

2208 2982 2364 3030 σεως,
2396 2969 2454 3020 αἱ
2478 2967 2575 3038 τῆς
2593 2968 2686 3020 τοῦ
2718 2966 2857 3031 ζὼου
2875 2967 3050 3040 ψυχῆς
3078 2967 3259 3038 βουλαί
3284 2987 3365 3035 τε,
3424 2971 3517 3026 καὶ
3545 2972 3783 3040 σκέψεις,

2206 3058 2299 3111 καὶ
2328 3056 2573 3127 θελήσεις
2631 3061 2793 3129 ῥοπαὶ
2842 3054 2999 3111 οὖσαι
3060 3059 3161 3129 τῆς
3204 3060 3402 3132 ψυχῆς,
3460 3062 3555 3115 καὶ
3604 3062 3664 3115 οὐ
3691 3061 3785 3115 τοῦ

2210 3148 2480 3221 σώματος.
2520 3170 2538 3202 ι
2594 3146 2707 3204 Εἶθ’
2750 3151 2877 3223 ὲξῆς
2917 3152 3180 3222 ὲπιλέγεν
3244 3174 3263 3205 ‹
3304 3155 3378 3207 Τὸ
3431 3156 3487 3209 δὲ
3520 3156 3785 3228 βαρύτητι

2207 3238 2526 3301 ἀπεικάζειν
2567 3238 2667 3309 τὴν
2714 3238 2914 3310 ψυχὴν,
2975 3241 3007 3310 ἥ
3067 3243 3313 3315 ποιότησι
3368 3247 3666 3316 μονοειδέσι
3697 3251 3787 3301 καὶ

2208 3327 2483 3399 ἀκινήτοις
2517 3335 2876 3401 σωματικαῖς,
2924 3333 3044 3386 καθ’
3078 3334 3144 3398 ἃς
3190 3336 3222 3406 ἢ
3275 3341 3525 3403 κινεῖται,
3569 3340 3602 3411 ἢ
3639 3343 3788 3396 ποιόν

2210 3423 2325 3473 ἐστι
2379 3420 2439 3475 τὸ
2486 3423 2863 3495 ὑποκείμενον,
2925 3428 3338 3492 ἐκπεπτωκότος
3402 3426 3470 3501 ῆν
3523 3432 3708 3485 τέλεον
3750 3434 3784 3505 ἢ

530 3530 719 3594 vitati,
770 3530 849 3584 vel
899 3530 1177 3598 corporeis
1223 3530 1550 3600 quibusdam
1602 3540 1657 3584 ct
1708 3531 2103 3597 immobilibus,

2210 3513 2479 3585 ἐκόντοςῆ
2513 3515 2736 3579 ἄκοντος
2768 3517 2868 3587 τῆς
2892 3518 3128 3591 ψυχικῆς
3168 3520 3345 3586 ἀξίας⁶
3405 3522 3498 3574 καὶ
3539 3522 3788 3593 οὐδαμῶς

531 3620 803 3689 uniusque
856 3619 1045 3674 forma.
1090 3621 1445 3690 qualitatibus
1484 3623 1720 3677 similem
1775 3623 1975 3690 facere,
2008 3640 2109 3694 pro

531 3712 732 3782 quibus
781 3721 875 3766 aut
918 3722 1165 3766 movetur
1205 3714 1350 3783 quod
1402 3714 1468 3769 iis
1508 3716 1814 3786 subjectum
1851 3726 1953 3779 est,
2013 3726 2109 3771 aut

532 3802 641 3858 tale
672 3801 801 3871 quid
831 3801 1089 3869 edicitur;
1126 3804 1362 3859 hominis
1399 3815 1575 3872 esset,
1633 3816 1730 3860 aut
1776 3817 1969 3877 sponte
2014 3817 2109 3861 aut

533 3903 730 3964 praeter
757 3893 1090 3948 voluntatem
1124 3894 1193 3948 ab
1221 3895 1390 3949 animi
1439 3895 1702 3967 dignitate
1731 3913 1959 3966 prorsus
2009 3898 2108 3952 ab-

532 3986 790 4047 errantia,
820 4001 923 4041 nec
964 3986 1199 4043 videntis
1232 3988 1343 4042 ullo
1375 3989 1562 4054 modo,
1598 3989 1767 4043 animi
1816 3992 2107 4060 praesentia

531 4074 714 4130 vivum
751 4076 865 4131 fieri
917 4092 1118 4148 corpus
1162 4079 1479 4144 animantis,
1514 4089 1575 4134 ut
1622 4081 1762 4152 ignis
1796 4084 2105 4151 praesentia,

532 4167 713 4221 vicina
763 4166 817 4222 in
848 4183 989 4238 aqua
1024 4185 1119 4238 per
1161 4170 1397 4240 seipsam
1443 4170 1674 4243 frigida,
1708 4174 1859 4228 calor
1899 4176 2107 4229 excita-

534 4270 643 4323 tur,
685 4270 739 4316 et
763 4276 857 4315 aer
882 4261 976 4330 qui
1019 4263 1225 4332 absque
1270 4263 1401 4317 solis
1442 4263 1648 4320 lumine
1693 4265 1963 4321 obscurus
1994 4284 2109 4321 ma-

533 4362 682 4419 neat,
716 4352 958 4417 ejusdem
989 4362 1113 4409 ortu
1158 4354 1528 4410 collustratur.
1577 4357 1743 4427 Atqui
1803 4373 1903 4412 nec
1954 4374 2110 4429 aqua:

532 4447 703 4511 calor,
740 4447 879 4517 ignis
901 4446 1055 4502 calor
1084 4456 1186 4512 est,
1233 4457 1325 4502 aut
1349 4448 1575 4517 ipsemet
1603 4449 1745 4519 ignis
1772 4466 1787 4516 ;
1839 4464 1941 4504 nec
1968 4450 2109 4506 aeris

534 4543 649 4607 lux,
686 4543 988 4613 ingenitum
1040 4541 1141 4596 soli
1191 4540 1397 4596 lumen.
1424 4542 1504 4595 Ita
1536 4542 1786 4610 corporis
1823 4543 2107 4609 animatio,

531 4650 655 4704 qua:
702 4650 825 4689 eum
860 4634 1121 4705 gravitate
1161 4633 1398 4701 quadam
1439 4642 1494 4687 et
1542 4647 1803 4702 corporea
1850 4635 2110 4704 qualitate

535 4723 833 4789 confertur,
880 4723 1099 4777 animus
1132 4722 1219 4777 ille
1271 4737 1379 4776 non
1418 4730 1522 4787 est,
1564 4724 1660 4793 qui
1713 4725 2009 4779 collocatus
2053 4725 2108 4779 in

536 4830 765 4885 corpore
790 4856 807 4883 ,
853 4816 1070 4869 vitalem
1107 4816 1155 4868 ei
1190 4814 1481 4884 quemdam
1533 4825 1727 4885 suapte
1766 4817 1819 4870 vi
1855 4816 2105 4885 spiritum
2140 4855 2184 4909 Β

506 4904 791 4961 .infuudit.
829 4924 846 4956 ι
893 4905 1149 4974 Idemque
1197 4913 1421 4974 postea:
1460 4923 1479 4954 ι
1519 4902 1650 4971 Quae
1679 4906 1746 4961 de
1790 4906 1975 4961 animo
2019 4907 2107 4961 di-

533 5009 733 5054 cuntur
757 4998 825 5054 ab
858 4998 997 5063 aliis,
1033 5013 1095 5051 ea
1126 5013 1225 5052 nos
1252 5010 1397 5053 certe
1417 4998 1635 5068 quidem
1660 4999 1870 5068 pudore
1897 4999 2109 5054 suffun-

534 5088 690 5143 dunt.
725 5086 895 5153 Quem
930 5089 1073 5143 enim
1102 5089 1432 5144 deﬁnitionis
1464 5088 1584 5159 ejus
1618 5105 1727 5144 non
1762 5092 1982 5159 pudeat,
2012 5106 2108 5160 per

536 5196 705 5250 quam
733 5180 949 5234 animus
978 5180 1225 5249 corporis
1257 5181 1522 5235 naturalis
1553 5189 1607 5235 et
1635 5181 1877 5252 organici
1907 5183 2108 5237 entele-

536 5273 660 5327 chia
692 5270 1089 5329 constituitur?
1120 5270 1221 5326 Cui
1258 5288 1363 5326 non
1394 5272 1513 5342 ejus
1562 5272 1900 5343 indignitatis
1948 5275 2107 5344 plena

535 5364 780 5418 videatur
818 5365 1017 5428 oratio,
1048 5364 1143 5434 qui
1178 5378 1242 5418 eo
1275 5364 1357 5417 vel
1393 5365 1663 5433 spiritum,
1696 5365 1777 5419 vel
1811 5366 2106 5435 spiritalem

537 5454 715 5523 ignem
770 5456 1033 5511 contineri
1088 5456 1299 5529 doceat,
1355 5457 1450 5526 qui
1507 5458 1913 5512 circumstantis
1967 5459 2110 5514 aeris

610 5653 722 5732 (Ξᾷ)
762 5657 883 5732 fon
932 5656 1029 5732 ἢν.
1079 5655 1490 5732 Reponendum_
1519 5657 1785 5732 arbitror,
1836 5660 1865 5712 ὅ
1922 5678 1975 5714 τι
2015 5656 2102 5732 ἦν.

539 5722 1078 5800 Λριιιιῃιιίιοδοριιοβ
1102 5722 1268 5800 enim,
1299 5728 1359 5779 τὸ
1382 5728 1435 5779 τὶ
1452 5722 1713 5800 ἦνεῖναι,
1742 5722 2109 5800 frequentissi-

541 5809 687 5847 mum
721 5804 821 5859 cst,
853 5798 972 5849 ἀντὶ
1009 5798 1107 5866 τῆς
1143 5796 1347 5862 οὐσίας,
1380 5796 1594 5868 καὶτῆς
1626 5796 1857 5869 φύσεως.

2210 3605 2642 3677 καθεωρακότος,
2689 3609 2763 3673 ὡς
2805 3612 3077 3682 παρουσίᾳ
3102 3612 3199 3682 μὲν
3219 3613 3317 3683 τῆς
3334 3613 3510 3684 ψυχῆς
3563 3615 3787 3679 ζωτικὸν

2210 3696 2399 3765 γέγονε
2420 3698 2481 3750 τὸ
2504 3698 2597 3751 τοῦ
2622 3698 2759 3764 ζὼου
2811 3702 2991 3773 σῶμα,
3048 3704 3123 3768 ὡς
3151 3705 3320 3775 πυρὸς
3365 3709 3640 3781 παρουσίᾳ
3670 3709 3789 3782 θερ-

2214 3788 2313 3857 μὸν
2348 3789 2407 3841 τὸ
2432 3790 2837 3861 παρακείμενον
2890 3792 3055 3865 ὕδωρ,
3097 3794 3304 3866 ψυχρὸν
3337 3796 3396 3850 ὃν
3460 3798 3578 3852 καθ’
3609 3800 3785 3852 ἑαυτό·

2210 3881 2304 3933 καὶ
2334 3880 2481 3953 ἡλίου
2501 3884 2729 3955 ἀνατολῇ
2791 3884 3129 3955 πεφὼτισταί
3174 3906 3237 3957 γε
3266 3890 3295 3941 ό
3336 3891 3464 3961 ἀὴρ,
3519 3892 3789 3955 σκοτεινὸς

2209 3971 2284 4024 ὢν
2316 3973 2441 4027 ἄνευ
2469 3974 2569 4044 τῆς
2593 3975 2780 4029 τούτου
2806 3976 3150 4048 ὲκλάμψεως.
3205 3979 3343 4032 Ἀλλ’
3365 3980 3487 4033 οὔτε
3518 3985 3551 4053 ἡ
3588 3982 3788 4055 θερμόι

2209 4078 2306 4132 της
2338 4063 2431 4115 τοῦ
2462 4063 2709 4135 ὓδατοςὴ
2760 4064 3028 4137 θερμότης
3068 4062 3137 4138 ἦν
3184 4068 3275 4121 τοῦ
3337 4072 3525 4141 πυρὸς,
3574 4072 3699 4126 οὔτε
3731 4074 3788 4127 τὸ

2213 4153 2342 4222 πῦρ,
2374 4150 2495 4205 οὔτε
2518 4153 2579 4206 τὸ
2608 4154 2792 4224 ἀέριον
2830 4155 2946 4224 φῶς
2982 4155 3043 4208 τὸ
3078 4155 3355 4227 σύμφυτον
3374 4159 3451 4229 τῷ
3490 4160 3626 4231 ἡλίῳ
3655 4161 3784 4231 φῶς.

2223 4244 2495 4308 Ὡσαύτως
2515 4244 2636 4298 οὐδὲ
2663 4247 2696 4316 ἡ
2717 4245 2810 4298 τοῦ
2836 4245 3085 4317 σώματος
3106 4248 3365 4318 ὲμψυχία,
3411 4250 3533 4320 ἥτις
3554 4251 3695 4305 ἔοικε
3724 4256 3784 4323 τῇ

2214 4334 2474 4406 βαρύτητι
2499 4336 2594 4389 καὶ
2633 4339 2700 4407 τῇ
2754 4338 2882 4407 περὶ
2908 4337 3065 4409 σῶμα
3097 4340 3360 4411 ποιότητι,
3410 4344 3443 4412 ἡ
3474 4342 3620 4414 ψυχὴ
3669 4346 3701 4415 ἡ
3734 4346 3786 4396 ἐν

2210 4426 2288 4497 τῷ
2316 4425 2530 4497 σώματι
2559 4428 2980 4499 καταταχθεῖσα,
3012 4429 3079 4483 δι’
3108 4430 3175 4500 ῆν
3206 4432 3299 4483 καὶ
3324 4433 3489 4503 πνοῆς
3514 4450 3662 4496 τινος
3688 4434 3788 4497 ζω-

2212 4518 2367 4588 τικῆς
2404 4517 2633 4588 μετέσχε
2689 4519 2751 4570 τὸ
2805 4518 2983 4589 σῶμα.
3016 4538 3035 4569 ι
3094 4516 3211 4575 Εἶθ’
3263 4520 3389 4592 ἑξῆς
3456 4522 3575 4592 μεθ’
3628 4524 3788 4595 ἕτερα

2212 4611 2475 4680 ἐπιλέγει⁸
2512 4631 2530 4662 ι
2572 4612 2653 4665 Τά
2684 4612 2781 4682 μὲν
2813 4608 2905 4665 οὖν
2929 4612 3063 4666 ἄλλα
3086 4615 3188 4668 ὅσα
3208 4615 3334 4687 περὶ
3364 4617 3530 4687 αὐτῆς
3559 4619 3787 4690 εἰρήκα-

2215 4719 2298 4755 σιν
2330 4703 2496 4767 ἀλλοι,
2516 4704 2773 4774 αἰσχύνην
2805 4706 2934 4775 ἡμῖν
2959 4705 3130 4779 φέρει.
3160 4706 3284 4769 Πῶς
3304 4707 3412 4778 γὰρ
3440 4709 3539 4761 οὐκ
3568 4711 3788 4781 aicxgo;

2212 4797 2240 4847 ό
2267 4794 2603 4864 ἐντελέχειαν
2643 4795 2812 4859 τιθεὶς
2836 4796 2934 4867 τὴν
2972 4796 3150 4867 ψυχὴν
3191 4796 3377 4864 λόγος
3412 4798 3663 4869 σώματος
3694 4819 3777 4869 φυ-

2216 4886 2370 4937 σικοῦ
2404 4885 2733 4957 όργανικοῦ;
2796 4886 2922 4950 Πῶς
2968 4887 3024 4939 δὲ
3074 4889 3175 4941 οὐκ
3225 4888 3485 4959 αἰσχύνης
3541 4892 3729 4961 γέμων
3761 4893 3787 4944 ό

2213 4975 2431 5047 πνεῦμά
2458 4994 2571 5039 πως
2596 4976 2737 5046 ἔχειν
2766 4977 2933 5047 αὐτὴν
2962 4977 3261 5044 ἀποδιδοὺς,
3285 4980 3317 5050 ἢ
3354 4979 3464 5051 πῦρ
3496 4982 3701 5053 νοερὸν,
3724 4986 3784 5053 τῇ

2216 5067 2497 5138 περιψύξει
2526 5069 2620 5121 καὶ
2650 5064 2761 5121 οἷον
2793 5068 2936 5140 βαφῇ
2984 5069 3080 5122 τοῦ
3110 5070 3269 5142 ἀέρος
3306 5072 3538 5140 ἀναφθὲν
3558 5113 3573 5136 ,
3602 5074 3634 5142 ἢ
3670 5092 3788 5127 στο-

2219 5160 2430 5231 μωθέν;
2456 5160 2484 5212 ὅ
2514 5176 2573 5211 τε
2600 5160 2816 5231 ἀτόμων
2840 5160 3110 5232 ἄθροισμα
3141 5162 3283 5225 θεὶς,
3313 5162 3344 5233 ἥ
3382 5163 3517 5227 ὅλως
3543 5165 3655 5216 ἀπὸ
3687 5166 3789 5217 σώ-

2220 5267 2387 5322 ματος
2410 5250 2579 5321 αὐτὴν
2607 5250 2895 5317 γεννᾶσθαι
2924 5251 3383 5320 ἀποφαινόμενος
3418 5269 3436 5302 ›
3481 5253 3577 5305 Ὃν
3607 5251 3671 5323 δὴ
3702 5253 3787 5304 λό-

2214 5359 2310 5410 γον
2339 5341 2603 5412 ἐννόμοις
2647 5341 2858 5394 ἀσεϐῶν
2904 5341 3072 5411 ἀσεϐῆ
3120 5337 3255 5394 εἶναι
3307 5343 3641 5413 ἀπεφήνατο.
3691 5343 3783 5394 AE-

2217 5433 2416 5504 σχύνης
2448 5428 2540 5486 οὖν
2565 5433 2769 5496 πάντες
2789 5426 2933 5485 οὗτοι
2964 5430 3189 5503 πλήρεις
3223 5432 3388 5501 λόγοι.
3450 5432 3571 5486 Ἐπὶ
3618 5432 3676 5486 δὲ
3708 5432 3783 5503 τῷ

2289 5662 2401 5735 (τι)
2439 5664 2597 5735 Πρός
2630 5661 2698 5715 δὲ
2730 5662 2843 5730 τὴν
2880 5663 3071 5715 ἐντελ.
3114 5662 3479 5734 Porphyriana
3513 5662 3627 5721 haec
3657 5660 3778 5719 Plo-

2216 5736 2438 5794 tinianis
2474 5734 2783 5791 robustiora
2810 5749 2916 5789 non
2946 5745 3090 5788 sunt.
