4090 6382
607 280 748 339 1339
1249 285 1525 343 EUSEBII
1564 287 2052 349 CESARIENSIS
2088 294 2237 352 OPP.
2280 297 2460 354 PARS
2498 299 2566 354 Il.
2607 329 2674 341 -
2717 300 3214 357 APOLCGETICA.
3701 309 3817 366 tuo

603 409 885 468 ceptarum
927 400 1173 458 doctrina
1203 446 1217 469 ,
1268 417 1532 476 quantum
1590 410 1642 463 in
1698 411 1989 468 Aristotele
2042 415 2138 470 fuit

2239 441 2252 476 ι
2282 418 2375 472 καὶ
2396 419 2925 490 προπεπηλάκισται,
2956 422 3050 473 καὶ
3079 422 3367 486 παντοίως,
3405 425 3463 476 τό
3499 441 3559 492 γε
3590 424 3698 489 ἰξὺν
3721 426 3814 497 (9.8)

600 492 789 559 illusa,
818 497 1161 561 conculcata,
1192 500 1517 571 probrisque
1545 505 1800 560 omnibus
1842 506 2041 575 jactata
2071 521 2138 563 est

2279 512 2365 562 ἐπ’
2401 510 2779 582 Ἀριστοτέλει,
2837 512 3345 585 περιύϐρισται.·ού
3400 515 3505 588 γάρ
3555 492 3816 586 δυνάμενος

600 583 745 640 Cum
786 587 932 641 enim
990 589 1292 660 intelligere
1344 608 1451 647 non
1499 605 1720 664 posset,
1770 614 1858 653 res
1911 601 2138 653 maxima

2279 602 2548 670 ἐννοῆσαι,
2579 603 2660 655 ὅτι
2687 602 2757 655 τὰ
2804 583 3013 674 μεγάλα
3043 583 3136 658 καὶ
3192 606 3309 658 θεῖα
3349 609 3437 660 καὶ
3466 583 3692 680 περιττὰ.
3723 611 3813 662 τῶν

600 686 764 747 atque
796 678 1032 745 divinas,
1066 699 1189 752 qua:
1211 684 1371 754 longe
1405 687 1615 742 caeteris
1642 691 1984 759 antecellant,
2012 693 2133 746 simi

2277 690 2619 760 πραγμάτων
2656 693 3035 764 παραπλησίου
3085 694 3231 758 τινδς
3293 678 3569 765 δυνάμεως
3612 700 3686 761 εἰς
3711 700 3811 753 ἐπί-

598 769 780 839 aliqua
833 770 1090 829 facultate
1126 776 1193 829 ad
1249 778 1332 831 sui
1369 780 1729 848 cognitionem
1774 783 2037 852 indigere,
2073 785 2138 838 mi

2275 798 2473 850 γνωσιν
2500 783 2688 836 δεῖται·
2715 787 2779 855 τῇ
2804 784 2847 837 δ’
2871 785 3035 839 αὑτοῦ
3067 786 3235 858 λεπτῇ
3271 788 3364 841 καὶ
3392 792 3613 859 ταπεινῇ
3645 789 3809 859 δριμύ-

596 872 729 915 nuta
754 865 988 931 quadam
1019 882 1117 921 sua
1140 876 1194 921 et
1217 868 1403 924 humili
1433 871 1729 930 subtilitate
1751 878 1991 933 confisus
2012 879 2029 947 (
2052 895 2138 949 qu:

2273 892 2395 946 τητι
2451 876 2740 940 πιστεύων,
2801 878 2923 945 ἥτις
2979 879 3220 933 διαδῦναι
3282 880 3381 951 μὲν
3438 882 3546 934 τῶν
3600 883 3686 935 ἐπὶ
3727 883 3812 952 γῆς

596 961 654 1004 ιιι
688 956 1028 1009 terrestrium
1058 959 1112 1012 in
1140 975 1323 1014 rerum
1350 971 1600 1018 naturam
1646 977 1925 1034 penetrare
1967 983 2138 1039 posset

2274 969 2637 1040 πραγμάτων,
2672 970 2767 1021 καλ⁵
2796 971 2894 1041 τὴν
2930 973 2989 1025 ὲν
3021 971 3233 1036 τούτοις
3264 973 3519 1045 ἀλήθειαν
3552 975 3672 1028 ίδεῖν
3716 975 3811 1027 ἐδύ-

593 1060 896 1115 earumque
922 1050 1203 1105 veritatem
1243 1055 1571 1124 perspicere,
1605 1060 1954 1127 purissimam
1991 1072 2138 1118 tamet

2273 1075 2423 1118 νατο.
2461 1058 2562 1129 τῆς
2604 1059 2648 1111 δ’
2674 1059 2841 1125 ὅντως
2864 1059 3122 1131 ἀληθείας
3170 1062 3499 1115 ἐποπτεῦσαι
3529 1063 3594 1115 τὸ
3644 1062 3813 1116 πανεύ-

593 1136 742 1191 illam
777 1154 841 1192 ac
868 1140 1297 1199 sincerissimam
1342 1149 1573 1217 propria:
1602 1151 1845 1207 veritatis
1876 1153 2047 1208 lucem
2082 1156 2134 1208 in

2270 1152 2380 1204 διον
2402 1150 2497 1221 οὐχ
2528 1151 2616 1205 οἶα
2654 1169 2712 1205 τε
2734 1148 2801 1223 ἦν
2830 1152 2996 1223 αύτῷ·
3058 1155 3240 1208 κανόνι
3286 1154 3332 1207 θ’
3362 1156 3509 1225 αὐτῷ
3558 1156 3649 1208 καὶ
3677 1158 3810 1229 κριτῇ

600 1229 738 1282 tueri
769 1247 876 1284 non
910 1236 1180 1304 poterat),
1214 1237 1459 1308 adeoque
1488 1257 1546 1296 se
1574 1243 1715 1310 ipso,
1747 1246 1981 1312 quodam
2012 1264 2138 1317 quas

2269 1242 2376 1295 τῶν
2423 1244 2562 1315 ύπὲρ
2605 1244 2764 1296 αὑτὸν
2816 1245 3179 1317 χρησάμενος,
3230 1247 3451 1315 ἀπέγνω
3502 1248 3648 1311 τινας
3696 1244 3810 1302 εἶναι

594 1335 778 1376 rerum
813 1323 1028 1380 illarum
1063 1337 1221 1399 captu
1253 1346 1354 1385 suo
1403 1332 1560 1405 longe
1587 1336 1931 1405 superiorum
1960 1354 2133 1394 canon

2273 1333 2407 1396 ἰδίας
2431 1334 2619 1402 φύσεις
2653 1334 2783 1405 (29),
2810 1335 2926 1397 οἵας
2972 1335 3197 1389 Πλάτων
3241 1336 3400 1405 ἔγνω,
3436 1337 3628 1408 λήρους
3654 1354 3706 1388 τε
3736 1338 3810 1388 καὶ

592 1416 908 1487 arbitroque
942 1435 1094 1482 usus,
1144 1425 1445 1491 peculiares
1483 1428 1626 1494 illas,
1659 1430 1966 1499 cujusmodi
2012 1431 2138 1487 Platt

2266 1427 2630 1497 τερετίσματα
2661 1429 2770 1497 (30)
2807 1429 2899 1482 καὶ
2935 1428 3201 1499 φλυαρίας
3234 1429 3529 1501 ἐτόλμησεν
3571 1431 3728 1481 εἰπεῖν
3756 1429 3811 1480 τά

591 1516 904 1576 agnoverat,
960 1520 1183 1566 naturas
1209 1514 1385 1569 valere
1434 1517 1633 1585 jussit,
1672 1521 1870 1590 illaque
1918 1524 2138 1578 omniun

2266 1515 2375 1568 τῶν
2403 1515 2569 1570 ὄντων
2598 1517 2867 1571 ἀνώτατα.
2901 1519 2973 1571 Τὸ
3005 1519 3103 1589 μὲν
3135 1514 3227 1571 οὖν
3258 1520 3426 1590 ἄκρον
3457 1537 3515 1572 τε
3549 1518 3638 1571 καὶ
3673 1518 3807 1587 ἔσχα-

591 1595 881 1663 altissima,
929 1615 1104 1669 nugas
1144 1603 1490 1676 insulsasque
1545 1610 1865 1675 cantilenas,
1903 1622 1956 1668 et
1989 1615 2134 1670 circu

2266 1624 2356 1660 τον
2381 1607 2489 1660 τῶν
2516 1609 2798 1672 Πλάτωνος
2842 1611 3294 1681 φιλοσοφημάτων
3324 1612 3441 1665 ἐστὶ
3490 1612 3550 1664 τὸ
3592 1611 3710 1682 περὶ
3731 1611 3807 1679 τὴν

591 1685 829 1742 latorum
853 1690 1067 1747 fabulas
1115 1697 1389 1765 appellare
1429 1716 1599 1757 ausus
1628 1712 1731 1758 est.
1773 1705 1982 1776 Quippe
2012 1724 2132 1763 sum

2265 1698 2458 1771 νοητὴν
2480 1701 2681 1771 ταύτην
2702 1703 2797 1754 καὶ
2823 1702 2989 1754 ἀΐδιον
3016 1703 3203 1756 οὐσίαν
3229 1704 3328 1774 τὴν
3348 1705 3458 1758 τῶν
3479 1707 3645 1761 ἰδεῶν.
3670 1709 3807 1763 Ἔνθα

592 1795 742 1835 mum
773 1784 900 1838 illud
935 1796 1096 1857 atque
1131 1791 1381 1846 ultimum
1410 1804 1493 1850 est
1514 1795 1919 1855 Platonicorum
1948 1802 2138 1873 dogma

2265 1792 2329 1864 δὴ
2350 1769 2510 1857 πόνος
2538 1812 2596 1847 τε
2628 1769 2720 1849 καὶ
2744 1795 2890 1865 ἁγὼν
2912 1796 3133 1866 ἔσχατος
3168 1801 3234 1869 τῇ
3267 1769 3410 1869 dum
3442 1802 3727 1873 πρόκειται.
3761 1804 3808 1859 ’0

590 1879 731 1938 tum,
766 1875 910 1941 quod
948 1876 1000 1929 in
1037 1879 1268 1947 spiritali
1314 1882 1416 1938 bac
1453 1894 1506 1939 et
1553 1890 1878 1958 sempiterna
1916 1892 2138 1949 idearun

2269 1886 2366 1956 μὲν
2395 1885 2505 1957 γάρ
2534 1886 2815 1957 μετασχὼν
2840 1888 2933 1941 καὶ
2962 1889 3280 1958 ἐφικόμενος
3304 1891 3473 1961 αὐτῆς
3508 1894 3709 1957 πάντως
3734 1897 3807 1947 εὐ-

588 1973 783 2018 natura
809 1977 1075 2024 versatur.
1112 1970 1211 2027 Ubi
1241 1976 1467 2042 proinde
1495 1993 1784 2049 supremus
1807 1985 1990 2041 animo
2012 1988 2133 2043 labo

2264 1977 2495 2049 δαίμων⁶
2537 1980 2567 2032 ὁ
2619 1978 2674 2032 δὲ
2717 1980 3062 2045 ἀπολειφθεὶς
3111 1981 3204 2035 καὶ
3264 1981 3600 2055 ἀδυνατήσας
3636 1986 3805 2057 θεωρὸς

588 2060 975 2128 certamenque
1023 2065 1365 2132 proponitur.
1401 2067 1536 2123 Nam
1577 2071 1672 2139 qui
1702 2073 1768 2128 ad
1813 2075 1961 2129 illam
2019 2080 2138 2148 aspi

2264 2066 2513 2135 γενέσθαι
2536 2066 2751 2132 πάντως
2776 2070 2999 2142 ἄμοιρος
3028 2073 3369 2144 εὐδαιμονίας
3431 2077 3801 2131 καταλείπεται.

587 2161 712 2201 rare
755 2164 928 2220 eaque
988 2153 1095 2209 frui
1145 2161 1400 2227 potuerit,
1446 2162 1492 2217 is
1546 2164 1737 2222 beatus
1777 2170 2043 2239 omnino;
2074 2190 2138 2228 cu

2263 2158 2374 2210 Καὶ
2427 2157 2515 2211 διὰ
2559 2158 2717 2213 τοῦτο
2772 2160 2992 2215 Πλάτων
3027 2181 3085 2215 τε
3148 2166 3393 2236 πανταχῆ
3439 2166 3801 2235 διαγωνίζεται,

582 2239 834 2294 eamdem
886 2243 1085 2300 intueri
1137 2263 1202 2303 ac
1252 2253 1535 2320 pervidere
1575 2273 1681 2312 non
1733 2259 1965 2327 licuerit,
2013 2280 2137 2318 omn

2262 2249 2475 2313 δεικνὺς
2527 2250 2624 2323 τὴν
2670 2253 2822 2322 ἰσχὺν
2864 2255 3067 2308 τούτων
3116 2257 3223 2309 τῶν
3262 2256 3501 2326 φύσεων.
3552 2259 3678 2312 Οὔτε
3716 2260 3802 2330 γὰρ

586 2329 845 2388 felicitate
899 2351 1103 2395 vacuus
1157 2344 1534 2416 spoliatusque
1582 2350 1924 2422 relinquitur.
1974 2355 2138 2427 Itaqut

2263 2343 2439 2396 αἰτίαν
2467 2344 2799 2399 ὡντινωνοῦν
2849 2348 3138 2402 ἀποδοῦναί
3167 2367 3328 2420 φησιν
3367 2345 3480 2405 οἷόν
3504 2370 3561 2405 τε
3583 2350 3706 2406 εἶναι
3726 2370 3804 2404 κα-

586 2422 693 2477 boe
750 2425 952 2495 ubique
999 2427 1153 2487 Plato
1199 2444 1250 2489 et
1286 2439 1435 2493 omni
1494 2441 1706 2498 ratione
1749 2449 2046 2509 contendit,
2074 2422 2132 2503 ὐ

2262 2431 2386 2495 λῶς,
2416 2432 2482 2485 ἂν
2507 2435 2580 2505 μὴ
2606 2436 2810 2490 τούτων
2847 2438 3083 2508 μεθέξει,
3116 2439 3237 2493 οὔτε
3283 2441 3486 2509 γνῶσίν
3536 2461 3669 2506 τινος
3692 2444 3800 2511 άλη-

582 2512 781 2569 harum
824 2528 1141 2576 naturarum
1188 2527 1292 2580 vim
1324 2538 1755 2604 potestatemque
1805 2538 2137 2596 demonstret

2261 2523 2406 2589 θοῦς,
2431 2525 2498 2579 ἂν
2525 2528 2598 2599 μὴ
2624 2532 2689 2599 τῇ
2716 2530 2849 2601 πρὸς
2894 2531 3063 2586 ταῦτα
3105 2535 3215 2607 (51)
3277 2537 3546 2609 ἀναφορᾷ·
3584 2536 3687 2590 ἀλλ’
3705 2535 3801 2588 οὐδὲ

582 2603 755 2676 Negat
782 2611 927 2665 enim
982 2623 1076 2667 aut
1130 2616 1293 2673 ullius
1326 2623 1552 2677 omnino
1606 2627 1682 2680 rei
1740 2644 1961 2684 causam
2011 2648 2138 2687 com

2260 2620 2418 2688 λόγου
2453 2622 2774 2691 μετέσεσθαι
2834 2643 2993 2689 τισιν,
3048 2631 3095 2681 εί
3156 2631 3229 2701 μὴ
3264 2631 3360 2702 τὴν
3391 2632 3598 2686 τούτων
3644 2632 3798 2684 οὐσίαν

582 2698 743 2753 mode
795 2702 944 2756 reddi
993 2719 1175 2773 posse,
1208 2709 1313 2764 nisi
1360 2727 1483 2781 quae
1530 2716 1721 2770 harum
1774 2724 2138 2778 communiont

2259 2712 2667 2785 ὁμολογήσειαν.
2694 2716 2760 2769 Οἵ
2784 2717 2830 2769 τ’
2855 2714 2920 2771 αὖ
2959 2718 3028 2771 τά
3056 2721 3148 2773 τοῦ
3202 2722 3493 2787 Πλάτωνος
3531 2723 3798 2776 συνιστάναι

581 2791 808 2858 nitatur,
858 2804 952 2850 aut
979 2798 1090 2851 veri
1126 2800 1291 2856 ullius
1341 2803 1522 2859 haberi
1576 2810 1845 2879 notitiam,
1888 2814 1990 2868 nisi
2037 2833 2138 2886 qua

2259 2807 2561 2875 ἐγνωκότες
2592 2809 2682 2862 τὸν
2714 2810 2960 2864 πλεῖστον
3016 2813 3200 2881 ἀγῶνα
3228 2814 3333 2867 τῶν
3380 2815 3555 2884 λόγων
3580 2817 3633 2867 ἐν
3658 2813 3799 2881 τούτῳ

578 2882 646 2936 ad
697 2885 917 2942 easdem
971 2903 1278 2950 revocetur.
1328 2896 1442 2953 lmo
1476 2915 1577 2956 nec
1618 2904 1846 2960 rationis
1877 2907 2044 2963 ullum
2091 2911 2138 2965 iis

2258 2898 2514 2953 τίθενται·
2542 2902 2681 2954 πάνυ
2706 2904 3037 2970 ἀναγκαίως.
3059 2906 3223 2959 Οὐδὲν
3246 2908 3353 2979 γὰρ
3372 2882 3535 2961 ἔτι-τὸ
3568 2908 3798 2962 Πλατωνιο

579 2973 637 3027 in
676 2978 932 3035 omnibus
979 2982 1148 3051 pilum
1200 3003 1323 3044 esse
1372 2989 1632 3059 defendit,
1683 2997 1774 3066 qui
1812 3014 1918 3053 non
1965 3017 2135 3057 carun

2259 2989 2352 3043 κδν
2380 2992 2750 3058 ἀπολείπεται,
2783 2998 2830 3048 εί
2855 2998 2927 3067 μὴ
2960 2998 3057 3059 τὰς
3092 2973 3438 3070 πρώτας-καὶ
3459 3001 3797 3074 ἀρχικωτάτας

576 3069 943 3129 substantiam
982 3080 1271 3136 fateantur.
1330 3082 1397 3137 Et
1427 3101 1556 3142 vero
1586 3091 1679 3158 qui
1728 3090 2019 3150 Platonicae
2059 3099 2138 3153 do-

2259 3080 2449 3149 φύσεις
2481 3083 2678 3146 ταύτας
2707 3088 3115 3157 συγχωρήσεταί
3164 3107 3245 3153 τις
3288 3092 3475 3154 αὐτοῖς
3506 3092 3641 3162 ὑπὲρ
3679 3091 3795 3143 Πλά-

577 3161 772 3217 ctrina:
801 3168 1183 3224 auctoritatem
1221 3188 1284 3226 ac
1316 3177 1527 3243 pondus
1580 3180 1777 3237 addere
1825 3193 2131 3242 statuerunt

2256 3190 2442 3237 τωνος.
2471 3175 2653 3229 Ταῦτα
2715 3178 2823 3248 γάρ
2880 3179 3047 3242 ἐστιν,
3107 3175 3187 3244 οἷς
3248 3181 3488 3250 μάλιστα
3518 3183 3620 3235 τῶν
3654 3180 3796 3236 ἄλλων

580 3252 687 3308 hac
742 3260 1046 3325 praesertim
1083 3262 1135 3315 in
1188 3264 1558 3333 disputatione
1590 3272 1745 3326 multi
1794 3290 1915 3330 esse
1956 3279 2133 3333 solent

2259 3266 2533 3335 ὑπερέχει.
2568 3268 2785 3338 Νοήσας
2810 3270 2917 3341 γὰρ
2955 3272 3087 3325 Θεὸν
3123 3273 3284 3336 αὐτὸς
3316 3274 3390 3338 ὡς
3444 3276 3549 3328 τῶν
3581 3277 3796 3328 ἁπάντων

574 3344 733 3414 Quod
769 3351 986 3418 quidem
1023 3357 1330 3410 necessario
1356 3357 1582 3427 faciunt,
1612 3378 1713 3417 nec
1741 3366 1884 3420 enim
1916 3367 2138 3424 Platoni-

2257 3357 2467 3428 πατέρα
2488 3360 2580 3411 καὶ
2609 3360 2958 3433 δημιουργὸν,
2983 3365 3075 3417 καὶ
3107 3365 3392 3436 δεσπότην,
3412 3368 3510 3420 καὶ
3541 3366 3792 3437 κηδεμόνα·

575 3454 705 3493 cum
739 3443 975 3511 amplius
1001 3447 1298 3516 quidquam
1343 3452 1480 3505 tueri
1517 3466 1768 3523 possunt,
1802 3459 1909 3513 nisi
1938 3461 2017 3517 eis
2047 3464 2138 3533 prit

2255 3450 2348 3502 καὶ
2370 3452 2645 3521 γνωρίζων
2679 3453 2741 3504 ἐκ
2772 3453 2879 3506 τῶν
2927 3454 3101 3525 ἔργων
3131 3456 3220 3509 τὸν
3280 3458 3532 3529 τεχνίτην
3573 3459 3796 3528 πρότερον

578 3529 780 3584 marias
817 3530 936 3587 illas
970 3535 1354 3608 principesque
1399 3551 1623 3599 naturas
1653 3538 1895 3604 Platenis
1930 3550 1981 3604 in
2034 3529 2138 3622 gra-

2255 3544 2443 3612 νοῆσαι
2466 3545 2621 3597 τοῦτο
2643 3546 2670 3598 ὃ
2702 3547 2883 3616 μέλλει
2931 3548 3376 3621 δημιουργήσειν,
3442 3547 3541 3605 εἷθ’
3576 3551 3703 3605 οὕτω
3733 3545 3794 3618 τῷ

578 3620 710 3673 tiam
743 3627 1103 3682 concesseris.
1132 3627 1257 3685 Haec
1289 3633 1435 3687 enim
1471 3636 1560 3689 illa
1593 3646 1740 3705 sunt,
1769 3642 1967 3711 quibus
1995 3656 2124 3699 caete

2254 3636 2496 3706 νοηθέντι
2518 3639 2745 3691 κατόπιν
2789 3640 2924 3711 (52),
2961 3642 3052 3694 ἐπὶ
3107 3620 3216 3694 τῶν
3253 3646 3594 3715 πραγμάτων
3650 3658 3792 3711 προσ·

577 3712 656 3767 ris
704 3715 960 3772 omnibus
1013 3721 1252 3776 maxime
1297 3727 1591 3783 antecellit;
1632 3729 1799 3785 Deum
1845 3734 1989 3787 enim
2039 3737 2138 3807 ipst

2255 3726 2405 3795 άγειν
2426 3729 2523 3800 τὴν
2546 3731 2853 3805 ὁμοιότητα·
2882 3734 3074 3787 ταύτὸν
3105 3734 3167 3806 δὴ
3190 3737 3255 3788 τὰ
3287 3712 3379 3789 τοῦ
3403 3712 3542 3791 Θεοῦ
3584 3739 3792 3807 νοήματα

573 3818 701 3858 cum
737 3805 1117 3864 universorum
1150 3824 1425 3881 parentem
1458 3833 1523 3872 ac
1551 3820 1877 3887 molitorem,
1910 3825 2138 3896 adeoque

2253 3820 2596 3893 πρεσϐύτερα
2620 3824 2726 3878 τῶν
2769 3827 3127 3898 πραγμάτων,
3160 3828 3228 3882 τά
3261 3829 3369 3881 τῶν
3394 3830 3689 3900 γενομένων
3711 3844 3792 3880 πα-

576 3893 861 3949 dominum
893 3907 947 3952 et
987 3901 1388 3958 moderatorem
1449 3919 1810 3976 agnosceret:
1846 3926 1967 3965 cum
2007 3912 2138 3967 idem

2253 3909 2610 3980 ραδείγματα,
2651 3913 2935 3985 ἀσώματα,
2963 3918 3055 3969 καὶ
3075 3917 3257 3988 νοητὰ,
3311 3920 3454 3972 κατὰ
3483 3920 3549 3972 τά
3574 3918 3698 3973 αὐτὰ
3717 3916 3790 3969 καὶ

572 4000 643 4040 cx
672 3988 878 4044 nostris
925 3989 1076 4046 hisce
1120 3996 1377 4062 operibus
1410 3997 1752 4072 intelligeret,
1783 4004 2047 4060 artificem
2100 4008 2138 4062 id

2249 4000 2509 4066 ὡσαύτως
2534 4001 2724 4073 ἔχοντα
2749 4006 2856 4069 ἀεὶ,
2890 4009 2983 4059 καὶ
3016 4007 3244 4077 μάλιστα
3276 4009 3373 4080 μὲν
3409 4011 3633 4081 πρώτως
3678 4006 3789 4063 αὐτὰ

574 4087 701 4133 ante
743 4081 888 4150 quod
920 4082 1212 4141 eﬂ‘eeturus
1248 4088 1319 4143 sit
1352 4090 1535 4145 animo
1587 4096 2043 4164 comprehensum
2073 4109 2138 4155 te-

2250 4092 2397 4155 ὖντα,
2427 4094 2688 4165 παραίτια
2714 4095 2770 4148 δὲ
2800 4097 2892 4150 καὶ
2938 4101 3050 4161 τοῖς
3075 4097 3252 4159 ἄλλοις
3281 4100 3374 4152 τοῦ
3431 4096 3565 4153 εἷναι
3601 4098 3786 4151 τοιαῦτα

573 4182 722 4233 nere,
753 4184 817 4224 ac
850 4178 961 4226 tum
990 4173 1207 4228 demum
1235 4192 1398 4246 quam
1430 4179 1575 4235 illius
1602 4185 1834 4252 speciem
1864 4188 2138 4256 cogitanda

2249 4183 2451 4237 ἕκαστα
2486 4179 2575 4238 οἷά
2602 4186 2709 4258 πέρ
2737 4189 2871 4253 ἐστι,
2903 4189 3045 4242 κατὰ
3074 4190 3169 4261 τὴν
3198 4192 3332 4262 πρὸς
3352 4192 3491 4246 αὐτὰ
3511 4193 3784 4263 ὁμοιότητα,

573 4259 905 4332 informarit,
934 4281 1053 4320 eam
1091 4268 1224 4338 ipsis
1247 4269 1301 4322 in
1333 4272 1496 4327 rebus
1526 4274 1882 4333 similitudine
1912 4281 2138 4350 quadam

2251 4274 2473 4328 συνιδὼν
2520 4276 2549 4327 ὁ
2593 4278 2817 4332 Πλάτων
2864 4280 2992 4335 ὄντα
3024 4282 3085 4335 ού
3119 4259 3291 4354 ῥᾷστα
3321 4259 3572 4355 ὀφθῆναι,
3616 4283 3671 4336 ού
3701 4259 3785 4351 μὴν

570 4354 914 4425 exprimere:
960 4360 1174 4416 divinas
1217 4362 1468 4419 similiter
1498 4368 1770 4435 notiones,
1821 4387 1942 4441 quae
1986 4374 2146 4429 rebus

2248 4368 2367 4420 οὐδὲ
2391 4367 2532 4439 λόγῳ
2564 4371 2742 4438 σοφῶς
2775 4371 3079 4443 δηλωθῆναι
3108 4374 3398 4446 δυνάμενα·
3424 4377 3581 4440 αὐτὸς
3606 4375 3673 4437 ὡς
3696 4367 3785 4426 οἷόν

568 4450 930 4519 antiquiores,
967 4462 1021 4507 et
1044 4469 1234 4509 eorum
1272 4472 1393 4526 qua:
1425 4457 1566 4514 ﬁunt
1596 4463 1841 4533 exempla
1883 4466 2011 4530 sint,
2041 4482 2138 4521 ea:-

2248 4478 2306 4512 τε
2333 4456 2399 4532 ἦν
2433 4462 2571 4533 ὑπὲρ
2601 4463 2780 4516 αὐτῶν
2806 4465 3000 4531 εἰπεῖν,
3032 4466 3127 4519 καὶ
3178 4468 3464 4538 φρονῆσαι,
3518 4469 3608 4522 καὶ
3635 4480 3783 4537 παρα-

567 4538 806 4611 demque
838 4544 1171 4614 incorporea:
1204 4562 1268 4602 ac
1300 4558 1480 4604 mente
1509 4550 1623 4607 sola
1668 4564 1953 4625 perceptae,
1992 4558 2146 4613 simi-

568 4637 758 4706 lesque
788 4639 873 4693 sui
899 4655 1131 4708 semper,
1168 4652 1222 4698 et
1253 4643 1444 4697 eodem
1475 4644 1530 4699 in
1560 4653 1704 4701 statu
1727 4660 2140 4721 permanentes;

565 4730 803 4802 denique
860 4748 982 4787 cum
1034 4736 1307 4805 praecipua
1358 4738 1593 4807 quadam
1651 4742 1861 4797 ratione
1905 4744 2141 4813 primum

565 4821 913 4887 exsistentes,
940 4823 1106 4895 816
1142 4834 1255 4879 tum
1289 4828 1500 4882 caeteris
1522 4828 1717 4885 deinde
1740 4848 1921 4888 causa!
1949 4850 2139 4905 quam-

565 4912 751 4967 obrem
797 4928 861 4966 eo
914 4915 1076 4968 modo
1104 4915 1236 4981 sint,
1284 4930 1394 4984 quo
1444 4916 1657 4986 singula
1701 4931 1862 4984 sunt,
1908 4936 2006 4990 pro
2040 4937 2139 4976 sua

563 5004 834 5075 cujusque
865 5020 987 5059 cum
1017 5007 1356 5077 principibus
1382 5008 1488 5063 illis
1519 5009 1875 5066 similitudine
1902 5031 1915 5066 :
1964 5014 2139 5067 notio-

566 5110 687 5163 nes,
721 5096 966 5167 inquatn,
1015 5099 1135 5154 illas
1169 5117 1270 5156 nec
1319 5100 1488 5155 videri
1527 5100 1708 5165 facile,
1763 5118 1861 5160 nec
1893 5106 2138 5161 oratione

565 5190 701 5245 satis
725 5191 982 5261 explicari
1013 5208 1174 5262 posse
1199 5210 1323 5250 cum
1358 5196 1816 5252 animadverteret
1846 5215 1860 5265 ;
1897 5198 1942 5253 is
1964 5214 2138 5268 quan-

632 5324 747 5393 (28)
785 5326 948 5383 Forte
985 5328 1064 5382 δν.

631 5395 744 5470 fg?)
798 5397 966 5465 Ἰδίας
997 5400 1232 5467 φύσεις.
1263 5398 1402 5466 Quid
1436 5400 1480 5456 si
1510 5400 1711 5465 ἀϊδίους
1744 5401 1966 5470 φύσειςῖ

634 5466 750 5539 (ὅθ)
795 5466 1207 5539 Τερετίσματα.
1258 5471 1462 5525 Alludit
1509 5473 1574 5525 ad
1614 5466 1789 5526 locuti)
1826 5473 1974 5525 illum
2014 5473 2135 5527 Ari-

562 5536 795 5611 stotelis,
822 5536 885 5594 ex
915 5536 1247 5610 Analyticor.
1279 5543 1558 5609 posterior.
1584 5542 1674 5597 lib.
1709 5565 1719 5600 ι
1745 5581 1759 5604 ,
1789 5559 1908 5611 cap.
1933 5544 2021 5607 22,
2054 5543 2134 5597 Τὰ

561 5605 672 5695 γὰρ
719 5607 851 5695 εἴδη.
870 5605 1139 5695 Ἀαιρέτξυο
1176 5605 1556 5695 ιτερετίσματα
1594 5613 1704 5695 γάρ
1743 5605 1878 5695 εστι.
1927 5605 2049 5695 ἰξα).⁵
2084 5615 2132 5666 εἰ

562 5675 683 5755 ἐστι.
698 5675 955 5755 τι.-ούδέν
971 5675 1119 5755 ’πρὸς
1142 5683 1230 5755 τὸν
1254 5675 1683 5755 λόγονέὲστίνίοῦ
1704 5683 1810 5755 γάρ
1833 5682 2133 5755 ἀποδείξεις

564 5749 696 5817 περὶ
739 5748 847 5803 τῶν
886 5748 1139 5805 τοιούτων
1187 5748 1340 5805 είσίνζ
1394 5753 1590 5809 Errant
1631 5748 1726 5825 qui
1767 5748 2129 5825 τερετίσματα

2245 4553 2504 4610 σκευάσαι
2532 4556 2659 4619 τοὺς
2706 4556 2996 4627 μέλλοντας
3050 4560 3522 4631 ὲπακολουθήσειν,
3564 4573 3784 4631 πραγμα-

2242 4646 2575 4717 τευσάμενος
2604 4648 2799 4712 ταῦτα,
2824 4649 2917 4701 καὶ
2940 4648 3037 4719 τὴν
3068 4649 3363 4720 σύμπασαν
3395 4652 3556 4705 αὑτοῦ
3605 4651 3784 4719 (piloso-

2243 4736 2371 4806 φίαν
2396 4738 2474 4800 είς
2506 4738 2661 4790 τοῦτο
2686 4736 3103 4809 συνταξάμενος,
3138 4741 3265 4811 περὶ
3321 4742 3495 4794 ταῦτά
3544 4756 3665 4810 φησι
3709 4736 3783 4790 καὶ

2238 4827 2337 4899 τὴν
2361 4827 2565 4881 τούτων
2588 4828 2771 4899 νόησιν
2801 4830 2899 4901 τὴν
2952 4832 3146 4900 σοφίαν
3171 4827 3308 4886 εἶναι
3341 4834 3434 4886 καὶ
3458 4834 3555 4904 τὴν
3590 4828 3781 4897 ἐπιστή-

2243 4938 2371 4993 μην,
2407 4921 2472 4973 δι’
2506 4916 2575 4993 ἦς
2629 4922 2690 4975 τὸ
2719 4921 3057 4994 ἀνθρώπινον
3110 4924 3262 4988 τέλος
3308 4925 3400 4979 καὶ
3437 4927 3468 4997 ή
3504 4918 3779 4996 μακαριεὴ

2241 5013 2392 5086 βιοτὴ
2417 5016 2829 5085 παραγίνεται.»
2872 5016 3121 5071 Τοσαῦτα
3164 5021 3193 5072 ὁ
3233 5020 3494 5082 Ἀττικός.
3526 5017 3697 5088 Παρῆν
3732 5012 3777 5065 δὲ

2237 5106 2555 5160 καὶτούτων
2584 5108 2664 5163 ἔτι
2696 5109 2864 5163 πλείω
2888 5112 2950 5163 ὲκ
2981 5112 3077 5181 τῆς
3110 5110 3439 5182 δηλωθείσης
3471 5106 3776 5180 παραθέσθαι

2235 5199 2330 5253 τοῦ
2367 5201 2558 5272 ἀνδρὸς
2584 5202 2820 5273 γραφῆς·
2847 5203 2985 5276 πλὴν
3004 5203 3140 5258 ἀλλὰ
3172 5208 3283 5269 τοῖς
3314 5205 3601 5260 ἐκτεθεῖσιν
3638 5202 3775 5263 ἀρκε-

2239 5336 2667 5411 terrt‘rulamema
2696 5348 2941 5408 vertunt,
2983 5340 3139 5411 qua~i
3188 5349 3373 5411 essent
3408 5336 3771 5411 τερατεύματα.

2234 5405 2434 5461 Notum
2489 5416 2574 5463 est
2622 5405 3015 5491 τερετίσματα’
3053 5427 3183 5491 esse
3224 5410 3427 5491 fractos
3475 5405 3774 5491 'solut'osttll‘e

2233 5487 2427 5554 cantus
2448 5488 2545 5554 ,__et
2576 5477 2942 5554 metaphorice
2961 5523 2976 5549 ,
3016 5481 3350 5554 μωρολογίας
3380 5498 3437 5535 τε
3467 5478 3557 5533 καὶ
3583 5477 3770 5547 λήρουςο

2306 5550 2418 5617 (51)
2460 5547 2621 5603 Forte
2658 5547 2879 5615 ταύτας.
2963 5547 2969 5549 ⁷
3016 5547 3028 5552 ’
3104 5547 3116 5554 ’
3242 5547 3251 5551 ⁷
3736 5610 3745 5617 ,

2309 5620 2421 5689 (5‘2)
2464 5620 2748 5687 Νοηθέντι
2789 5624 3059 5675 κατόπιν.
3115 5620 3267 5677 Novo
3309 5637 3456 5679 more
3483 5620 3673 5675 dictum
3703 5625 3772 5667 Vl-

2233 5690 2409 5757 dctur,
2438 5708 2533 5762 pro
2572 5693 2663 5746 τοῦ
2695 5693 2973 5764 νοηθέντος
3004 5694 3278 5766 ἄντικρυς.
