2017 3688
178 146 256 177 13η

754 152 915 181 PRAZPAR.
937 150 1065 183 EVANG.
1086 153 1151 180 LIB.
1173 153 1231 180 XV.

1742 153 1813 182 1543

177 207 309 240 σθέντες,
324 209 530 244 μεταδησόμιθα
547 210 592 236 καὶ
602 210 649 236 ἐπὶ
657 210 705 246 τὴν
716 210 770 237 τῶν
786 211 912 238 Στωϊκῶν
935 211 978 237 αἴ-

1032 217 1086 239 tum
1103 213 1144 239 vel
1160 211 1276 239 dicendo
1292 211 1334 239 vel
1352 211 1498 246 cogitando
1513 219 1591 239 mens
1613 211 1735 239 humana
1747 219 1813 239 con-

178 262 274 287 ρεσιν.
293 254 454 290 Σωκράτους
469 255 557 282 τοίνυν
573 256 707 291 ἀκουστὴς
724 257 831 290 ἐγένετο
843 257 976 284 Ἀντισθέ-

176 307 246 334 νης,
264 300 479 335 Ἦρακλεωτικός
492 310 534 333 τις
551 302 620 338 ἀνὴρ
631 302 661 328 τὸ
673 302 809 338 φρόνημα,
824 302 853 334 ὃς
865 302 915 337 ἔφη
927 302 974 329 τοῦ

176 344 297 379 ἥδεσθαι
311 346 341 372 τὸ
354 346 494 381 μαίνεσθαι
508 349 631 383 κρεῖττον
647 346 727 375 εἶναι.
741 348 787 374 Διὸ
799 348 847 375 καὶ
860 348 975 383 παρῄνει

178 394 243 422 τοῖς
267 394 417 429 γνωρίμοις
448 395 581 430 μηδέποτε
616 396 695 432 χάριν
722 396 818 432 ἡδονῆς
846 396 976 423 δάκτυλον

179 439 327 466 ἐκτείνειν.
359 440 459 467 Τούτου
486 441 514 467 δὲ
546 442 680 477 ἀκουστὴς
704 442 799 477 γέγονε
820 442 947 477 Διογένης
962 444 976 469 ὁ

179 484 278 516 Κύων,
300 485 340 517 ὃς,
373 487 420 513 καὶ
449 486 530 518 αὐτὸς
545 487 746 523 θηριωδέστατα
763 489 871 523 φρονεῖν
886 488 975 521 δόξας,

180 529 301 561 τωλλοὺς
316 531 481 565 ἐπηγάγετο.
498 532 598 558 Τοῦτον
614 533 726 568 Κράτης
745 533 888 566 διεδέξατω
904 533 978 568 Κρά-

180 582 267 608 τητος
280 574 309 601 δὲ
329 575 436 609 ἐγένετο
454 577 545 612 Ζήνων
559 578 573 603 ό
589 578 724 609 Κιττιεὺς,
744 579 759 604 ὁ
785 578 835 613 τῆς
851 578 977 605 Στωϊκῶν

182 619 338 653 φιλοσόφων
349 621 479 656 αἱρέσεως
504 623 641 654 καταστὰς
656 623 785 659 ἀρχηγός.
812 623 923 659 Ζήνωνα
948 624 977 650 δὲ

182 666 327 702 Κλεάνθης
337 667 482 700 διεδέξατο,
496 668 637 704 Κλεάνθην
653 669 682 696 δὲ
696 669 866 705 Χρύσιππος·
882 669 977 697 τοῦτον

183 713 213 738 δὲ
232 713 323 749 Ζήνων
338 714 441 749 ἕτερος,
459 716 505 742 καὶ
517 716 540 742 οἱ
568 715 695 751 καθεξῆς.
715 715 847 750 Λέγονται
866 715 889 741 δ’
903 712 980 742 οὗτοι.

185 760 286 791 πάντες
299 760 480 796 διαφερόντως
499 762 546 788 καὶ
563 761 620 796 βίου
641 761 755 798 στερροῦ
781 762 829 788 καὶ
845 762 978 789 διαλεκτι-

184 805 237 839 κῆς
251 806 460 841 ἐπιμεληθῆναι.
476 807 517 833 Τά
533 807 565 841 γέ
578 816 620 834 τοι
635 807 686 842 τῆς
712 809 771 834 κατ’
791 807 889 840 αὐτοὺς
903 808 978 843 φιλο-

184 852 281 885 copia;
298 851 419 887 δόγματα
429 849 480 879 ὦδὲ
492 861 549 884 πως
565 853 630 888 ἔχει.

1028 258 1117 292 sequi.
1133 265 1166 285 ac
1189 257 1295 285 caeteris
1315 257 1363 292 qui
1385 258 1420 285 ad
1438 265 1499 285 eam
1515 261 1608 292 postea
1630 258 1811 293 cognitionem

1029 304 1175 339 aspiraturi
1206 309 1318 335 essent,
1351 308 1568 331 commonstrare
1590 304 1662 331 viam
1688 308 1812 338 poterat,

1029 350 1151 386 ipsarum
1169 350 1196 377 in
1210 350 1399 377 tractationem
1417 349 1588 382 incumbens,
1607 355 1633 377 et
1647 354 1759 377 cunctas
1780 357 1813 377 eo

1028 405 1161 424 revocans
1182 396 1361 432 philosophia:
1376 403 1432 423 suae
1451 394 1581 427 rationes.
1600 396 1627 423 in
1649 395 1683 423 iis
1704 396 1813 423 demum

1028 450 1179 477 earumque
1195 442 1291 469 notitia
1310 441 1472 476 sapientiam
1495 449 1527 468 ac
1546 441 1688 469 scientiam
1712 441 1814 476 positas

1029 496 1090 516 esse
1103 488 1242 522 defendit;
1258 495 1319 525 qua
1331 495 1383 515 nos
1409 487 1438 514 in
1459 487 1572 514 humani
1595 487 1658 515 linis
1680 492 1706 515 et
1730 488 1815 514 beatas

1028 534 1092 561 vitae
1112 534 1312 569 possessionem
1327 533 1484 560 immittam.
1503 542 1513 559 ι
1537 532 1674 560 Hactenus
1697 532 1813 560 Atticus.

1030 580 1091 614 Quo
1116 580 1226 615 quidem
1248 580 1321 608 illius
1345 588 1378 608 ex
1401 588 1501 615 opere,
1528 580 1607 615 plura
1628 578 1814 614 superioribus

1030 626 1131 654 addere
1144 631 1320 661 poteramus:
1336 634 1410 654 nunc
1430 630 1518 653 tamen
1531 633 1562 653 ea
1584 625 1731 660 protulisse
1749 632 1815 652 con—

1030 671 1109 703 tenti,
1121 670 1276 698 Stoicorum
1288 671 1416 706 deinceps
1429 670 1462 697 ad
1476 675 1576 698 sectam
1589 669 1815 704 disciplinamque

1031 721 1212 744 transeamus.
1225 715 1353 743 Socrates
1366 716 1448 751 igitur
1458 715 1646 742 Antisthenem
1658 714 1813 749 quemdam,

1029 763 1120 789 virum
1133 770 1215 790 sensu
1231 754 1387 796 animisque
1401 766 1482 788 tenus
1493 759 1721 792 Heracleoticum,
1736 758 1814 786 audi-

1030 812 1116 836 torem
1130 808 1234 841 habuit,
1248 807 1369 843 quicum
1383 807 1484 834 laetitia
1497 806 1617 834 furorem
1629 809 1814 839 anteponeret,

1032 859 1089 881 tum
1101 853 1244 889 discipulis
1260 861 1370 889 quoque
1396 854 1454 882 suis
1472 858 1568 881 auctor
1581 856 1651 885 erat,
1675 852 1715 878 uti
1738 851 1815 878 Yolu-

185 899 270 932 ptalis
293 907 376 926 causa
415 907 449 927 ne
471 898 585 936 digitum
612 900 719 935 quidem
754 900 891 928 tollerent.
925 900 994 928 Huic
1023 901 1156 936 Diogenes
1176 901 1295 936 Cynicus
1318 908 1428 936 operam
1452 900 1535 932 dedit,
1552 900 1598 934 qui
1619 898 1706 926 ferino
1737 898 1816 932 plane

184 946 237 972 nitu
261 946 446 980 philosophari
473 952 595 975 statuens
618 948 676 983 ipse
700 956 819 983 quoque,
843 949 968 984 adjunxit
996 949 1047 976 sibi
1075 949 1303 984 quamplurimas.
1329 949 1468 977 Successit
1496 948 1521 975 ei
1538 948 1643 979 Crates,
1665 946 1711 981 qui
1727 945 1814 973 disci-

185 993 279 1027 pulum
302 993 396 1020 habuit
421 992 557 1021 Zenonem
587 993 715 1026 Cittium,
750 993 847 1022 Stoicae
884 995 1063 1030 philosophiae
1098 995 1260 1030 principem.
1288 994 1376 1029 Hujus
1412 1001 1556 1022 successor
1580 992 1633 1020 fuit
1658 991 1814 1023 Cleanthes,

184 1038 325 1065 Clennlbis
342 1038 521 1074 Chrysippus,
534 1038 679 1074 Chrysippi
703 1039 771 1067 alter
785 1039 869 1073 Zeno,
886 1041 1031 1075 umerique
1052 1040 1189 1076 deinceps.
1227 1041 1279 1074 Qui
1314 1040 1422 1075 quidem
1452 1047 1549 1067 omnes
1563 1044 1589 1066 et
1609 1038 1671 1066 vitae
1685 1043 1815 1066 constan-

185 1084 263 1115 tiam,
280 1089 306 1111 et
321 1084 472 1112 disserendi
492 1090 578 1112 artem
595 1085 727 1121 singulari
753 1086 844 1115 studio
876 1087 996 1115 coluisse
1016 1087 1155 1117 dicuntur.
1185 1088 1288 1115 Horum
1304 1095 1370 1123 ergo
1386 1087 1495 1115 decreta
1515 1086 1703 1122 philosophica
1720 1093 1753 1112 ex
1773 1093 1815 1113 se-

186 1129 333 1164 quentibus
350 1129 407 1157 fere
417 1130 560 1165 intelliges.

451 1176 649 1204 ΚΕΦΑΔΑῘΟΝ
662 1177 712 1204 ΙΔ’.

187 1230 323 1267 Περὶᾼτῆς
348 1231 408 1267 τῶν
433 1231 570 1267 Στωϊκῶν
593 1233 784 1267 φιλοσοφίας·
812 1233 887 1267 ὅπως
910 1243 942 1261 τε
956 1236 973 1262 ό

222 1265 391 1303 Ζήνων-σὸν
404 1266 472 1303 περὶ
482 1265 600 1303 γάρχῶνί
615 1265 768 1295 ἀπε-δίδου
780 1265 885 1303 λόγον.
903 1269 973 1296 Ἀπὸ

221 1301 273 1328 τοῦ
285 1301 410 1336 ἑϐδόμου
425 1302 493 1336 Περὶ
502 1302 661 1337 φιλοσοφίας
680 1301 917 1337 Ἀριστοκλέους.

226 1367 234 1383 ι
254 1358 388 1392 Στοιχεϊον
415 1355 484 1384 εἶναι
502 1366 568 1392 φασι
590 1358 645 1385 τῶν
659 1358 743 1386 ὄντων
756 1359 787 1386 τὺ
808 1360 873 1396 πῦρ,
889 1361 973 1388 καθά-

190 1412 240 1439 ι-.ερ
256 1403 441 1440 Ἡράκλειτος*
454 1404 548 1431 τούτου
563 1405 585 1431 δ’
599 1405 686 1442 ἀρχὰς
704 1406 770 1441 ὓλην
786 1407 832 1433 καὶ
848 1406 922 1436 Θεὸν.
936 1408 974 1440 ὡς

189 1449 308 1476 Πλάτων.
329 1449 397 1476 Ἀλλ’
415 1446 487 1476 οὗτοι
499 1450 583 1486 ἄμφω
599 1450 713 1486 σώματά
728 1460 809 1486 φασιν
824 1449 904 1484 εἶναι,
928 1454 975 1480 καὶ

191 1496 217 1521 εἰ
229 1495 331 1527 ποιοῦν,
344 1496 391 1522 καὶ
408 1496 437 1522 τὸ
450 1496 563 1531 πάσχον,
582 1497 684 1524 ἐκείνου
699 1497 808 1532 πρῶτον
823 1499 916 1526 ποιοῦν
932 1500 976 1527 αῐ-

193 1549 244 1567 τιον
262 1540 406 1576 ἀσώματον
421 1540 491 1568 εἶναι
515 1543 651 1576 λέγοντες·
672 1543 767 1571 ἔπειτα
791 1545 820 1571 δὲ
839 1546 884 1572 καὶ
906 1546 978 1573 κατά

193 1594 264 1618 τινας
278 1586 461 1622 εἱμαρμένους
477 1587 524 1613 καὶ
536 1587 705 1623 ὡρισμένους
716 1590 829 1623 χρόνους
843 1590 977 1626 ἐκπυροῦ-

192 1632 250 1659 τϐαι
275 1632 320 1659 τὸν
346 1632 490 1668 σύμπαντα
516 1633 628 1668 κόσμον,
651 1632 699 1661 εἶτ’
714 1633 792 1667 αὖθις
821 1636 900 1662 πάλιν
920 1636 977 1662 δια-

192 1679 358 1715 κοσμεϊσθαι·
376 1679 406 1706 τὸ
423 1679 512 1714 μέντοι
531 1680 638 1716 πρῶτον
669 1680 725 1717 πῦρ
740 1680 808 1708 εἶναι
827 1681 977 1717 καθαπερεί

192 1733 216 1750 tt
231 1724 350 1760 σπέρμα,
366 1723 420 1750 τῶν
435 1724 561 1751 ἁπάντων
585 1724 645 1759 ἕχον
662 1725 726 1757 τοὺς
746 1726 851 1760 λόγους,
870 1726 978 1758 καὶτὰς

193 1770 280 1802 αἰτίας
293 1770 348 1797 τῶν
365 1770 525 1805 γεγονότων,
541 1771 588 1797 καὶ
608 1770 662 1797 τὼν
676 1780 836 1807 γινομενων,
852 1772 899 1799 καὶ
924 1773 978 1799 τῶν

193 1816 338 1843 εσοαένων·
355 1816 405 1852 τὴν
420 1816 448 1843 δὲ
473 1816 574 1843 τούτων
585 1817 734 1853 ἐπιπλοκὴν
746 1818 793 1844 καὶ
807 1818 977 1850 ἀκολουθίαν,

1317 1174 1432 1203 CAPUT
1448 1174 1518 1201 XIV.

1025 1236 1065 1264 De
1089 1234 1240 1263 Stoicorum
1257 1233 1423 1269 philosophia
1440 1240 1448 1259 :
1463 1237 1487 1259 et
1511 1229 1816 1269 quemadmodumuleLw

1059 1270 1091 1298 de
1104 1263 1294 1304 principiorum
1308 1263 1411 1296 ratione
1426 1263 1558 1295 statuerit.
1572 1267 1614 1293 Ea:
1626 1265 1765 1293 Artslodis
1781 1263 1817 1291 De

1060 1305 1231 1342 philosophia
1252 1304 1374 1339 septimo.

1063 1372 1073 1388 ‹
1101 1361 1215 1394 Rerum,
1241 1360 1345 1395 inquit,
1373 1359 1549 1386 elementum.
1576 1358 1615 1385 uti
1641 1356 1815 1386 ﬂcraciitus.

1026 1409 1116 1444 ignem
1131 1415 1193 1435 esse
1207 1406 1322 1439 volunt;
1336 1405 1396 1441 ejus
1419 1412 1482 1432 vero
1497 1403 1640 1439 principia,
1672 1402 1814 1429 materiam

1027 1458 1109 1488 atque
1120 1452 1217 1485 Deum,
1232 1457 1260 1479 ut
1274 1450 1369 1478 Plato.
1379 1449 1479 1478 Verum
1496 1449 1548 1476 hoc
1562 1447 1732 1479 discrimine,
1744 1446 1816 1480 quod

1029 1499 1114 1527 Stoici
1131 1500 1212 1527 ambo
1229 1498 1286 1531 illa,
1301 1502 1356 1524 tam
1373 1495 1492 1524 cﬂiciens
1511 1501 1593 1529 quam
1617 1493 1733 1528 patiens,
1756 1499 1818 1518 cor-

1028 1552 1097 1581 pora
1118 1552 1180 1572 esse
1200 1543 1313 1576 dicant;
1328 1542 1404 1569 Plato
1422 1545 1515 1569 contra
1528 1539 1646 1575 primum
1660 1538 1735 1565 illum
1751 1536 1818 1564 επε-

1029 1596 1147 1623 ctorem,
1165 1590 1356 1624 incorporeum
1370 1593 1507 1616 auctorem
1519 1594 1580 1614 esse
1590 1590 1701 1613 statuat.
1718 1583 1818 1610 Deinde

1028 1637 1111 1664 certis
1139 1634 1302 1670 quibusdam
1326 1634 1438 1668 fatoque
1461 1631 1616 1660 constitutis
1640 1629 1816 1664 temporibus,

1028 1683 1110 1719 817
1125 1682 1256 1710 mundum
1266 1681 1423 1708 universum
1440 1678 1607 1713 conﬂagrare
1620 1678 1727 1709 docent,
1743 1676 1818 1703 indc-

1030 1735 1084 1762 que
1098 1734 1176 1754 suam
1193 1726 1282 1753 denuo
1298 1724 1415 1759 speciem
1432 1729 1613 1757 ornatumque
1635 1722 1764 1756 recipere.
1779 1720 1819 1748 Ac

1031 1774 1150 1809 primum
1166 1772 1276 1807 quidem
1293 1771 1369 1798 illum
1384 1770 1486 1805 ignem,
1503 1768 1581 1803 quasi
1603 1774 1694 1794 semen
1710 1767 1818 1801 aliquod

1031 1826 1102 1851 esse,
1116 1818 1189 1853 quod
1215 1824 1306 1844 rerum
1328 1815 1449 1843 omnium
1476 1814 1606 1847 rationes,
1622 1822 1654 1841 ac
1669 1813 1819 1848 pra‘terito‘

193 1869 239 1888 και
254 1862 432 1897 εἱμαρμένην,
449 1863 497 1889 καὶ
514 1863 678 1898 ἐπιστήμην,
694 1864 741 1890 καὶ
765 1864 904 1899 ἀλήθειαν,
933 1864 979 1891 καὶ

1032 1872 1093 1892 rum
1108 1863 1200 1896 simul,
1218 1862 1403 1898 praesentium,
1418 1861 1628 1894 futurorumque
1641 1868 1740 1888 causas
1755 1868 1819 1887 con-

196 1908 274 1942 νόμον
290 1905 359 1934 εἶναι
374 1907 428 1934 τῶν
441 1908 525 1934 ὅντων
533 1908 775 1944 ἀδιάδραστόντινα
788 1909 835 1936 καὶ
849 1909 978 1943 ἄφυκτον.

198 1953 286 1990 Γαύτῃ
302 1954 330 1980 δὲ
356 1953 463 1985 πάντως
480 1953 638 1980 διοικεῖσθαι
669 1954 704 1980 τὰ
718 1953 788 1981 κατὰ
807 1954 852 1981 τὸν
880 1955 981 1990 κόσμον

195 1999 312 2036 ὑπέρευ,
341 1999 466 2035 καθάπερ
494 2000 523 2026 ὲν
553 2001 586 2035 τῇ
617 1999 793 2037 εὐνομωτάτῃ
825 2001 878 2027 τινὶ
905 2000 981 2027 πολι-

200 2044 263 2072 tela.

454 2176 649 2204 ΚΕΦΑΛΔΙΟΝ
673 2178 723 2204 ΙΕ’.

171 2238 175 2247 '
202 2235 323 2262 ὀποίαν
335 2234 429 2267 δόξαν
442 2234 602 2269 ἐπάγονται
617 2236 642 2261 οι
659 2234 779 2261 Στωϊκοὶ
805 2234 872 2268 περὶ
899 2234 983 2269 Θεοῦ,

170 2284 174 2288 λ
232 2271 281 2297 καὶ
304 2270 370 2304 περὶ
397 2268 574 2302 συστάσεως
602 2269 655 2296 τοῦ
677 2271 800 2303 παντός.
831 2269 903 2297 Ἀπὸ
929 2268 984 2303 τῆς

240 2305 389 2340 Ἐπιτομῆς
408 2305 520 2338 Ἀρείου
537 2304 663 2339 Διδύμου
683 2304 748 2340 (55).

237 2371 246 2387 ι
264 2360 344 2388 Ὀλον
368 2360 396 2387 δὲ
421 2360 467 2387 τὸν
484 2361 586 2396 κόσμον
614 2361 663 2387 σὺν
686 2362 742 2392 τοῖς
768 2360 865 2387 ἑαυτοῦ
891 2360 986 2397 μέρεσι

199 2405 431 2443 προσαγορεύουσι
457 2406 533 2433 Θεόν.
559 2406 658 2433 Τοῦτον
691 2406 720 2433 δὲ
747 2406 796 2433 ἕνα
821 2406 900 2442 μόνον
916 2404 986 2434 εἶναι

200 2462 266 2488 φασι
283 2453 329 2480 καὶ
344 2452 559 2488 πεπερασμένον.
590 2452 637 2479 καὶ
656 2451 734 2484 ζῶον,
764 2453 811 2479 καὶ
827 2452 921 2484 ἀιδιον,
939 2452 987 2480 καὶ

199 2499 276 2526 Θεὸν.
292 2499 335 2526 Ἐν
347 2498 402 2535 γὰρ
415 2498 501 2533 τούτῳ
513 2498 601 2525 πάντα
619 2497 793 2534 περιέχεσθαι
809 2498 844 2524 τὰ
862 2497 985 2533 σώματα,

201 2544 279 2571 κενὸν
292 2544 320 2571 δὲ
334 2544 416 2580 μηδὲν
428 2543 560 2579 ὑπάρχειν
575 2544 603 2569 ὲν
618 2543 702 2578 αὐτῷ.
728 2542 832 2578 "rem;
851 2543 883 2579 ἐκ
898 2543 987 2578 πάσης

200 2589 354 2630 figenda;
370 2589 446 2625 ποιρχ
460 2587 708 2624 προσαγορεύεσθαι
729 2588 759 2614 τὺ
784 2587 854 2614 κατὰ
867 2587 916 2622 τὴν
931 2586 988 2612 δια-

203 2635 338 2671 κόσμησιν
352 2634 401 2670 τὴν
419 2634 548 2670 τοιαύτην
566 2634 613 2660 καὶ
625 2633 745 2667 διάταξιν
761 2633 831 2668 ἔχον.
851 2633 896 2659 Διὸ
917 2632 988 2660 κατὰ

240 2746 296 2788 (55)
313 2745 426 2788 ἶΑρεζου
442 2745 586 2788 Διδύμους.
597 2744 692 2788 i’lures
700 2744 831 2788 Didymos
842 2744 966 2788 novimus
978 2753 985 2788 ξ

207 2780 252 2817 qui
277 2782 358 2809 Arius
372 2782 516 2813 diceretur,
540 2780 606 2817 mihi
629 2780 737 2817 quidem
755 2781 873 2817 ignolus.
883 2783 926 2806 est
937 2784 988 2817 :_et

208 2814 297 2845 tamen
311 2820 467 2844 constanter
489 2815 560 2850 apud
577 2814 723 2842 Eusebium
740 2814 779 2842 sic
794 2818 908 2850 vocatur
939 2814 988 2840 Su-

208 2854 299 2889 spicor
312 2860 366 2880 non
384 2849 562 2887 ‘Apsioufsed
581 2850 697 2885 Ἀτηῖου,
713 2850 755 2878 vel
778 2849 880 2876 ’Λττϊου
895 2849 986 2885 leget»-

1032 1911 1127 1938 tineat.
1139 1908 1259 1941 Quarum
1271 1906 1424 1942 complexio
1438 1905 1561 1941 qmedam
1576 1911 1604 1933 et
1616 1905 1818 1940 consequentia,

1032 1963 1126 1983 eorum
1143 1962 1204 1990 quae
1216 1959 1279 1982 sunt
1303 1953 1422 1981 omnium
1444 1952 1540 1984 fatum,
1564 1952 1688 1983 scientia,
1709 1952 1818 1981 veritas.

1032 2007 1059 2029 et
1075 2002 1116 2028 lex
1132 2000 1266 2036 ejusmodi
1283 2000 1328 2032 sit,
1343 2007 1405 2034 qua»
1420 1999 1496 2025 nullo
1515 2002 1593 2033 pacto
1609 1997 1688 2032 eﬁ'ugi
1704 2001 1751 2024 aut
1771 1996 1818 2023 de-

1032 2047 1130 2075 clinari
1149 2051 1242 2081 queat.
1267 2045 1313 2072 Sic
1334 2052 1416 2080 porro
1431 2052 1492 2079 qua:
1507 2044 1532 2070 in
1556 2043 1657 2070 mundo
1681 2047 1744 2070 sunt
1759 2044 1820 2069 uni-

1033 2100 1123 2124 versa,
1139 2100 1221 2127 quam
1239 2092 1340 2126 optime
1364 2091 1520 2126 gubernari,
1538 2094 1667 2124 tanquam
1690 2089 1717 2116 in
1739 2097 1819 2123 repu-

1034 2139 1105 2167 blica
1117 2138 1283 2174 aequissimis
1295 2137 1400 2173 legibus
1412 2136 1570 2163 constituta.

1335 2181 1449 2209 CAPUT
1464 2180 1522 2207 XV.

1036 2241 1125 2273 Quam
1137 2240 1169 2267 de
1181 2239 1236 2267 Deo
1247 2238 1330 2266 Stoici
1340 2258 1347 2269 ,
1361 2238 1442 2273 deque
1463 2238 1538 2270 hujus
1555 2234 1820 2273 ttnit'ersi__nt__olitions

1055 2270 1210 2304 sententiam
1224 2270 1404 2302 introducunt:
1419 2275 1461 2300 Ex
1476 2273 1533 2300 Arii
1549 2271 1656 2306 Didymi
1668 2270 1801 2306 Epitonia.

1074 2372 1084 2388 ι
1109 2362 1251 2393 Mundum,
1275 2361 1383 2396 inquit,
1409 2360 1587 2392 universum,
1615 2366 1676 2387 cum
1699 2358 1821 2394 partibus

1036 2409 1096 2444 ejus
1109 2408 1235 2442 singulis,
1250 2407 1334 2434 Deum
1357 2407 1501 2442 appellant.
1531 2405 1608 2434 Hunc
1622 2405 1720 2439 quippe
1737 2412 1820 2431 unum

1038 2454 1170 2482 duntaxat
1183 2461 1243 2481 esse
1268 2453 1362 2486 aiunt,
1379 2452 1545 2484 absolutum,
1561 2451 1736 2481 animantem,
1751 2458 1822 2477 sem-

1039 2500 1186 2535 piternum,
1202 2507 1234 2526 ac
1252 2498 1335 2526 Deum
1349 2508 1355 2526 :
1368 2498 1415 2525 illo
1427 2498 1499 2525 enim
1513 2505 1626 2532 corpora
1651 2496 1741 2524 omnia
1758 2504 1822 2524 eon-

1038 2545 1128 2577 tineri,
1144 2549 1170 2572 et
1188 2552 1302 2571 vacuum
1319 2544 1347 2570 in
1368 2550 1401 2570 eo
1416 2550 1557 2577 superesse
1580 2542 1657 2569 nihil.
1679 2538 1822 2567 Enimvero
1839 2535 1845 2577 Ι

1037 2591 1110 2626 quod
1127 2598 1160 2618 ex
1174 2590 1248 2617 omni
1272 2589 1425 2617 substantia
1449 2588 1594 2615 conﬂatum
1619 2587 1664 2619 sit,
1686 2586 1711 2613 id
1733 2586 1821 2620 ipsum

1038 2637 1093 2664 tale
1117 2637 1182 2671 quid
1207 2635 1362 2667 nominari,
1382 2639 1516 2670 quatenus
1538 2638 1663 2661 ornatum
1688 2631 1822 2667 ejusmodi

1040 2746 1105 2775 dunt
1116 2745 1304 2777 esse.Suidas,
1319 2744 1548 2780 Atauptocdnquit.
1564 2743 1682 2780 ’ᾼνιτήῖοςι
1690 2741 1821 2780 ἣᾏττιος

1039 2780 1232 2818 χρηματίσας,
1245 2776 1389 2818 φιλόσοφος
1407 2776 1605 2818 Ἀκαδημαϊκός
1614 2776 1822 2818 έῆτξιθανῷγικαὶ

1040 2811 1213 2853 ἓόερίσμάτων
1227 2811 1318 2848 λύσεις
1330 2811 1359 2843 ὲν
1377 2811 1489 2851 βιϐλίοις
1500 2811 1536 2849 β’,
1552 2814 1599 2840 καὶ
1611 2812 1677 2840 ἄλλα
1691 2811 1785 2839 πολλά.

1018 3218 1020 3220 ’
1300 3218 1302 3238 |

614 3249 982 3300 ~~~
1010 3232 1036 3286 μ-
1891 3257 1992 3344 ΣΙ

900 3289 914 3304 Ι
924 3294 935 3307 r
1028 3292 1048 3312 ζ
1176 3308 1180 3311 γ
1192 3296 1212 3304 -_
1236 3296 1240 3304 r
1252 3284 1258 3294 J

1030 3314 1032 3324 |
1152 3311 1182 3324 κθ

1008 3330 1026 3388 ΙΙἾ
1032 3332 1076 3352 3.1L.
1859 3328 1863 3332 λ
1878 3331 1886 3333 “

982 3434 984 3462 Ι
1152 3444 1162 3464 .]
1190 3456 1192 3460 .
1252 3458 1264 3460 _
1274 3456 1304 3464 .,_

984 3476 988 3492 i
1152 3466 1188 3484 “HJ
1304 3464 1322 3480 1"
1328 3484 1338 3492 ι.

988 3508 996 3536 ι1

996 3544 1000 3562 i
1412 3544 1448 3568 ⁵·-.ι

998 3572 1000 3586 |

996 3616 1000 3624 I
1468 3610 1474 3620 ἰ

994 3636 996 3672 |
1476 3636 1484 3652 ’-
