4090 6382
483 344 626 412 1543

1121 349 1390 406 EUSEBII
1421 346 1907 406 CASSARIENSIS
1945 343 2094 398 OPP.
2143 339 2324 395 PARS
2363 337 2426 392 ll.
2461 366 2532 376 -—
2561 327 3062 388 APOLOCETICA.

3601 323 3742 380 13H

480 475 721 545 aliquem
793 472 1139 544 partiumque
1197 471 1616 542 dispositionem
1665 468 2060 539 complectitur.

2171 463 2266 532 μὲν
2298 461 2398 532 τὴν
2449 456 2720 530 προτέραν
2745 446 2998 507 ἀπόδοσιν
3042 446 3209 502 ἀῖδιον
3239 443 3333 499 τὸν
3359 444 3562 514 κόσμον
3604 437 3743 496 εἷναί

478 566 668 636 Itaque
691 565 738 621 si
767 566 966 634 prioris
995 564 1142 619 illius
1175 565 1316 618 ratio
1350 565 1632 628 habeatur,
1671 562 2060 632 sempiternum

481 658 585 729 ipsi
611 657 874 713 mundum
903 671 1026 711 esse
1054 656 1243 711 aiunt:
1272 655 1356 712 sin
1385 663 1610 710 ornatus
1640 655 1742 709 iste
1768 660 2062 722 spectatur,

480 750 745 821 genitum,
768 763 836 802 ac
861 764 960 817 pro
987 746 1347 809 inﬁnitarum,
1378 762 1473 800 seu
1502 762 1623 816 qua:
1646 745 1757 814 jam
1787 743 2063 814 praeterie-

481 846 611 905 rint.
647 859 740 897 seu
765 857 889 912 qua:
917 839 1118 896 futurae
1162 849 1350 912 postea
1377 840 1508 907 sint,
1555 840 1902 910 periodorum
1933 852 2064 892 con-

479 937 732 992 versione
792 933 1133 988 mutabilem.
1197 934 1375 1003 Atque
1439 933 1552 997 ita,
1623 931 1764 1001 quod
1814 945 1880 983 ex
1913 929 2061 983 omni

480 1027 786 1082 substantia
819 1026 928 1080 tale
957 1025 1088 1095 quid
1122 1024 1359 1088 exsistit,
1408 1022 1672 1078 mundum
1703 1035 1823 1076 esse
1865 1018 2065 1087 sempi-

481 1129 696 1174 ternum
721 1134 786 1172 ac
812 1117 981 1172 Deum
1013 1135 1028 1182 ;
1061 1127 1117 1170 at
1145 1116 1406 1170 mundum
1447 1113 1728 1185 appellari,
1753 1111 2060 1166 machinam

481 1205 625 1260 hanc
664 1221 696 1259 e
725 1205 886 1270 creto,
927 1220 1072 1271 aere,
1107 1217 1271 1270 terra,
1309 1203 1467 1269 mari,
1510 1218 1576 1259 ac
1611 1202 1848 1273 propriis
1879 1200 2064 1269 singu-

480 1296 658 1350 lorum
683 1296 897 1351 naturis
926 1295 1304 1350 constitutam.
1334 1293 1594 1349 Mundum
1626 1302 1904 1363 praeterea,
1935 1291 2064 1346 deo-

480 1403 606 1442 rum
634 1387 801 1441 simul
833 1396 886 1442 et
923 1387 1233 1451 hominum,
1280 1385 1391 1440 imo
1425 1393 1478 1441 et
1527 1385 1769 1440 omnium
1817 1383 2060 1448 omnino,

434 1521 439 1529 .
481 1495 604 1547 quae
631 1480 878 1548 ipsorum
913 1495 1078 1535 causa
1118 1478 1258 1534 facta
1294 1478 1426 1541 sint.
1475 1475 1810 1532 domicilium
1855 1474 2058 1528 vocari.

481 1571 955 1638 Quemadmodum
996 1571 1140 1625 enim
1176 1570 1413 1625 civitatis
1447 1569 1596 1624 notio
1623 1566 1868 1637 quaedam
1895 1573 1948 1619 et
1976 1581 2063 1619 ra-

484 1664 559 1716 tio
587 1662 786 1734 duplex
814 1672 919 1727 est,
953 1663 1119 1718 altera
1151 1672 1422 1732 quatenus
1453 1660 1788 1716 domicilium
1833 1656 2059 1726 aliquid,

483 1756 650 1810 altera
700 1766 972 1826 quatenus
1019 1757 1419 1811 multitudinem
1447 1771 1511 1810 ex
1553 1753 1854 1808 incolarum
1903 1758 1955 1806 et
1985 1749 2061 1805 ci-

481 1849 632 1902 vium
685 1849 944 1904 societate
989 1847 1277 1903 conﬂatam
1332 1846 1643 1915 significat:
1690 1843 1763 1897 ita
1821 1839 2057 1896 mundus

483 1943 732 2012 qnzedam
772 1942 928 2011 quasi
979 1939 1174 1996 civitas
1223 1948 1325 2007 est,
1374 1954 1438 1993 ex
1483 1938 1585 1994 diis
1640 1933 2060 2000 hominibusque

480 2042 764 2098 constans,
803 2033 882 2088 sic
924 2033 1142 2103 quidem
1174 2041 1234 2086 ut
1280 2030 1642 2102 principatum
1689 2027 1763 2082 dii
1819 2035 2057 2088 teneant,

480 2125 736 2181 homines
768 2140 957 2180 eorum
981 2125 1210 2193 imperio
1235 2123 1434 2179 subditi
1460 2130 1764 2176 teneantur.
1792 2117 2057 2173 Caeterum

484 2227 730 2273 mutuam
762 2233 952 2273 eorum
989 2217 1130 2272 inter
1159 2231 1217 2271 se
1254 2215 1692 2285 coniunctionem
1727 2227 1868 2276 esse,
1895 2225 2057 2281 quam

483 2308 596 2374 illa,
627 2324 746 2378 quae
772 2316 981 2362 natura:
1007 2307 1092 2361 lex
1125 2305 1373 2376 quaedam
1401 2314 1503 2370 est,
1555 2301 1870 2358 communio
1897 2299 2060 2354 ratio-

480 2402 570 2457 nis
617 2400 832 2456 etlieiat.
891 2400 1001 2455 Alia
1054 2415 1282 2471 prorsus
1326 2398 1508 2452 omnia
1569 2405 1791 2466 propter
1839 2393 2057 2450 eosdem

480 2485 625 2541 facta
651 2501 796 2542 esse.
828 2485 1038 2553 Quibus
1060 2496 1424 2542 consentanee
1455 2484 1762 2555 ponendum
1796 2481 1925 2537 illud
1957 2491 2060 2547 est,

480 2579 767 2634 hominum
830 2595 1018 2634 curam
1082 2594 1271 2650 gerere
1355 2576 1596 2632 universi
1663 2575 2058 2630 moderatorem

483 2671 681 2738 Deum,
743 2675 942 2744 quippe
973 2673 1066 2743 qui
1119 2673 1348 2743 prolixa
1384 2670 1713 2740 benignitate
1766 2666 2059 2738 praeditus,

481 2765 768 2818 hominum
800 2781 1012 2829 amans,
1039 2765 1209 2835 818
1243 2765 1536 2833 justusque
1582 2761 1672 2828 sit,
1717 2768 1770 2815 et
1802 2760 2060 2819 virtutum

483 2857 732 2911 omnium
774 2857 1152 2927 complevione
1190 2855 1482 2925 perfectus.
1529 2853 1796 2920 Quocirca
1825 2850 2060 2907 mundus

479 2964 706 3018 quoque
737 2947 895 3012 Ζεύς,
933 2949 1039 3003 hoc
1070 2958 1154 3002 est
1179 2945 1409 3016 Jupiter,
1438 2955 1684 3010 vocatur,
1731 2944 1874 3015 quod
1905 2941 2062 2996 nobis

477 3038 578 3092 τοῦ
609 3038 726 3111 ζῇν,
757 3038 861 3093 hoc
885 3048 968 3095 est
994 3039 1207 3093 vivendi
1239 3038 1308 3094 sit
1338 3048 1548 3094 auctor.
1577 3037 1864 3103 Eumdem,
1898 3044 2062 3107 prout

2165 571 2319 624 φασι,
2345 549 2489 606 κατά
2517 548 2572 603 δὲ
2609 547 2706 618 τὴν
2735 543 3094 614 διακόσμησιν
3137 536 3392 608 γεννητὸν
3445 536 3541 589 καὶ
3578 551 3743 605 μετα-

2162 647 2375 719 σλητὺν,
2402 642 2542 697 κατά
2599 638 2880 712 περιόδους
2935 634 3194 704 ἀπείρους
3225 629 3510 699 γεγονυίας
3540 643 3601 680 τε
3649 626 3742 680 καὶ

2161 740 2440 811 ἐσομένας.
2477 734 2587 790 Καὶ
2638 731 2936 808 ξδ’-,μὲνὲκ-
2988 726 3085 799 τῆς
3138 725 3318 796 πάσης
3357 720 3560 796 ,οὐσίας
3594 719 3743 790 ποιόν

2161 833 2362 904 κόσμον
2399 831 2568 884 ἀΐδιον
2601 823 2736 879 εἶναι
2789 821 2884 876 καὶ
2935 819 3086 873 Θεόν·
3139 815 3393 885 λέγεσθαι
3448 813 3505 866 δὲ
3537 811 3741 904 κόσμον

2163 903 2414 994 σύστημα
2443 920 2503 984 ἐξ
2540 914 2793 988 οὐρανοῦ,
2851 913 2946 968 καὶ
3004 910 3184 981 ἀέρος,
3222 907 3315 962 καὶ
3345 907 3469 975 γῆς,
3520 903 3615 958 καὶ
3646 903 3743 954 θα-

2159 993 2381 1085 λάττης,
2442 1012 2532 1066 καὶ
2591 1009 2699 1062 τῶν
2760 1009 2817 1060 έν
2879 1005 3062 1066 αὐτοῖς
3085 999 3320 1071 φύσεων·
3383 995 3640 1065 λέγεσθαι
3682 993 3741 1046 δὲ

2162 1107 2385 1178 κόσμον,
2417 1103 2512 1158 καὶ
2537 1103 2597 1155 τὸ
2628 1100 2941 1171 οἰκητήριον
2976 1094 3112 1147 θεῶν
3168 1093 3261 1146 καὶ
3289 1087 3610 1161 ἀνθρώπων,
3646 1084 3742 1137 καὶ

2159 1176 2277 1254 τῶν
2299 1199 2462 1252 ἓνεκα
2491 1194 2698 1248 τούτων
2721 1189 3048 1260 γενομένων.
3088 1187 3187 1238 Ὃν
3215 1183 3325 1254 γὰρ
3355 1180 3556 1252 τρόπον
3583 1176 3742 1240 πόλις

2160 1293 2377 1361 λέγεται
2406 1287 2586 1359 διχῶς.
2615 1285 2675 1338 τό
2702 1300 2759 1337 τε
2787 1280 3099 1351 οἰκητήριον
3151 1275 3247 1330 καὶ
3274 1273 3334 1327 τὸ
3364 1273 3428 1324 ὲκ
3468 1269 3576 1324 τῶν
3604 1269 3744 1322 ένοι-

2161 1385 2400 1440 κούντων
2459 1381 2554 1434 σὺν
2611 1379 2721 1440 τοῖς
2770 1372 3015 1434 πολίταις
3075 1367 3346 1437 σύστημα·
3403 1362 3545 1416 οὕτω
3592 1359 3742 1414 καἰό

2161 1476 2362 1546 κόσμος
2401 1468 2563 1525 οἱονεὶ
2601 1467 2754 1529 πόλις
2813 1461 2960 1516 ἐστὶν
3013 1460 3076 1512 ὲκ
3117 1455 3251 1510 θεῶν
3301 1452 3396 1508 καὶ
3437 1447 3740 1521 ἀνθρώπων

2164 1564 2492 1622 συνεστῶσα.
2514 1561 2624 1615 τῶν
2683 1557 2779 1628 μὲν
2809 1553 2946 1609 θεῶν
3003 1550 3100 1616 τὴν
3153 1544 3446 1618 ἠγεμονίαν
3486 1541 3739 1612 ἑχόντων,

2160 1658 2268 1711 τῶν
2287 1655 2344 1709 δὲ
2371 1653 2466 1708 ἀνθ
2476 1649 2671 1724 ρώπων
2697 1640 3167 1711 ὑποτεταγμένων.
3191 1634 3488 1692 Κοινωνίαν
3509 1633 3553 1686 δ’
3570 1632 3742 1703 ὑπάρ-

2161 1766 2278 1821 χειν
2324 1745 2459 1818 πρδς
2484 1743 2762 1814 ἀλλήλους,
2796 1736 2886 1790 διὰ
2909 1736 2969 1790 τὸ
2996 1733 3156 1801 λόγου
3216 1727 3484 1821 μετέχειν,
3538 1725 3740 1821 ὃςᾼὲστι

2163 1815 2320 1912 etiam
2364 1815 2544 1908 νόμος·
2609 1833 2677 1886 τὰ
2709 1831 2752 1885 δ’
2794 1829 2928 1884 ἄλλα
2978 1826 3154 1880 πάντα
3213 1819 3493 1891 γεγονέναι
3533 1815 3739 1871 τούτων

2159 1935 2341 1987 ἓνεκα.
2375 1925 2468 1993 Οἷς
2492 1924 2799 1986 ἀκολούθως
2855 1917 3137 1990 νομιστέον
3188 1914 3432 1984 προνοεῖν
3481 1909 3588 1963 τῶν
3641 1908 3738 1961 ἀνι

2161 2024 2393 2096 θρὼπων
2425 2020 2516 2074 τὸν
2575 2018 2642 2071 τὰ
2688 2015 2784 2070 ὅλα
2837 2009 3141 2066 διοικοῦντα
3183 2005 3336 2067 Θεὸν,
3395 1998 3739 2071 εὐεργετικὸν

2159 2089 2308 2180 ὄντα,
2337 2113 2430 2168 καὶ
2463 2108 2718 2182 χρηστὸν,
2743 2105 2838 2160 καὶ
2869 2100 3266 2173 φιλάνθρωπον,
3302 2093 3506 2148 δίκαιόν
3526 2109 3607 2151 τε,
3644 2089 3740 2144 καὶ

2162 2208 2336 2270 πάσας
2361 2205 2552 2276 ἔχοντα
2577 2200 2677 2264 τὰς
2707 2197 2925 2270 ἀρετάς.
2958 2193 3049 2247 Διὸ
3075 2192 3139 2264 δὴ
3180 2189 3275 2244 καὶ
3308 2186 3442 2262 Ζεὺς
3467 2183 3738 2276 λέγεταιᾹό

2161 2272 2601 2370 κόσμος-ἐπειδὴ
2633 2290 2726 2344 τοῦ
2755 2289 2852 2359 ζῇν
2883 2286 3056 2349 αἴτιος
3079 2285 3209 2355 ἡμῖν
3246 2284 3378 2334 ἐστι.
3405 2276 3655 2331 Καθόσον
3681 2272 3740 2328 δὲ

2160 2367 2424 2464 εἰρομένῳ
2446 2387 2588 2457 λόγῳ
2617 2383 2794 2437 πάντα
2821 2379 3013 2433 διοικεῖ
3032 2373 3400 2446 ἀπαραὸἀτως
3431 2369 3490 2435 ἐξ
3543 2367 3736 2430 ἀῖδίου,

2162 2458 2662 2555 προσονομάζεσθαι
2705 2469 3083 2544 Εἱμαρμένην·
3133 2463 3480 2555 Ἀδράστειαν
3524 2459 3601 2520 δὲ,
3655 2458 3739 2555 ότι

2163 2549 2312 2628 οῦδέν
2338 2549 2483 2625 ἐστιν
2541 2567 2701 2622 αὑτὸν
2751 2561 3181 2634 ἀποδιδράσκειν·
3239 2553 3501 2626 Πρόνοιαν
3546 2551 3615 2614 δ’,
3655 2549 3738 2603 ὅτι

2167 2667 2301 2739 πρὸς
2331 2665 2390 2718 τὸ
2410 2664 2676 2736 χρήσιμον
2733 2657 3005 2726 οἰκονομεῖ
3023 2653 3230 2706 ἓκαστα
3257 2687 3272 2703 .
3290 2641 3738 2739 Ἡγεμονικὸνλδε

2165 2731 2257 2812 τοῦ
2289 2731 2790 2826 κόσμουτΚλεάνθει
2819 2748 2914 2819 μὲν
2955 2747 3118 2818 ἦρεσε
3148 2742 3237 2796 τὸν
3275 2738 3426 2810 ἥλιον
3459 2731 3618 2798 εἶναι,
3652 2732 3739 2786 διὰ

2163 2851 2225 2904 τὸ
2255 2849 2507 2920 μέγιστον
2528 2845 2636 2900 τῶν
2657 2843 2871 2914 ἄστρων
2903 2838 3187 2909 ὑπάρχειν,
3219 2833 3313 2887 καὶ
3347 2831 3572 2883 πλεῖστα
3602 2844 3741 2897 συμ-

2166 2915 2452 2994 ϐάλλεσθαι
2481 2935 2618 3008 πρὸς
2643 2933 2739 3004 τὴν
2769 2931 2875 2984 τῶν
2931 2930 3067 2984 ὅλων
3094 2925 3376 2994 διοίκησιν.
3401 2919 3613 2991 ἡμέραν
3641 2915 3738 2970 καὶ

2168 3032 2408 3088 ἐνιαυτὸν
2433 3028 2708 3089 ποιοῦντα,
2739 3026 2834 3079 καὶ
2859 3023 2957 3086 τὰς
3003 3021 3166 3084 ἄλλας
3199 3017 3368 3088 ὥρας.
3405 3013 3524 3067 Τισὶ
3547 3011 3604 3065 δὲ
3625 3009 3737 3062 τῶν

479 3099 749 3202 εἰρομένῳ
798 3130 962 3200 λόγῳ,
1016 3129 1068 3184 id
1121 3138 1206 3185 est
1255 3145 1502 3184 connexa
1550 3129 1784 3199 quadam
1829 3099 2057 3194 ratione,

2166 3127 2272 3180 ἀπὸ
2292 3125 2390 3195 τῆς
2412 3120 2675 3194 αἱρέσεως
2695 3117 2838 3184 ἔδοξε
2885 3115 2987 3185 γῆν
3019 3111 3082 3166 τὸ
3112 3106 3435 3182 ἡγεμονικὸν
3460 3100 3594 3158 εἶναι
3638 3099 3735 3153 τοῦ

479 3236 650 3289 quam
683 3195 1032 3290 praetergredi
1058 3236 1122 3274 ac
1147 3220 1351 3276 violare
1397 3221 1534 3274 nihil
1570 3195 1777 3290 possit,
1810 3236 1877 3275 ex
1909 3222 2059 3275 omni

2163 3220 2388 3290 κόσμου.
2417 3213 2726 3286 Χρυσίππῳ
2758 3209 2815 3262 δὲ
2840 3207 2931 3261 τὸν
2981 3204 3173 3275 αἰθέρα
3196 3202 3289 3254 τὸν
3351 3195 3736 3269 καθαρώτατον

480 3286 787 3366 aeternitate
819 3286 1012 3366 cuncta
1066 3311 1408 3373 moderatur,
1441 3286 1818 3381 Εἱμαρμένην,
1853 3311 1956 3364 hoc
1979 3321 2060 3365 est

2163 3312 2254 3363 ml
2281 3304 2758 3376 εἰλικρινέστατον,
2781 3300 2876 3354 ἆτε
2909 3297 3124 3351 πάντων
3155 3290 3565 3361 εῦκινητότατον
3586 3286 3738 3350 ὅντα,

487 3401 702 3468 Fatum,
736 3403 959 3472 insuper
998 3402 1254 3472 appellari
1285 3419 1296 3455 :
1346 3377 1694 3471 Ἀδράστειαν
1723 3377 1871 3464 vero,
1905 3401 2060 3472 quasi

2163 3401 2256 3454 ml
2277 3399 2376 3470 τὴν
2406 3397 2534 3468 ὅλην
2579 3393 2910 3465 περιάγοντα
2936 3386 3030 3440 τοῦ
3065 3387 3269 3455 κόσμου
3297 3380 3521 3452 φοράν.»
3554 3377 3739 3432 Ταῦτα

481 3493 637 3549 dicas
673 3495 782 3548 vim
833 3495 1124 3565 quamdam
1181 3493 1640 3558 indeclinabilem,
1690 3491 1836 3556 quod
1885 3493 2061 3562 ipsum

485 3586 624 3640 nihil
649 3586 907 3656 effugiat:
939 3585 1344 3640 Providentiam
1369 3584 1625 3653 denique,
1653 3584 1796 3654 quod
1823 3585 2056 3654 singula,

487 3688 648 3747 prout
694 3678 962 3748 cujusque
1007 3693 1137 3733 usus
1181 3677 1370 3746 exigit.
1421 3677 1647 3746 proinde
1695 3675 2054 3732 administret.

488 3771 691 3826 Ducem
715 3786 880 3840 porro
903 3771 1310 3841 principemque
1332 3769 1540 3835 mundi,
1571 3769 1741 3824 solem
1773 3768 2060 3825 Cleanthes

486 3879 608 3918 esse
637 3863 829 3929 voluit,
857 3863 1000 3934 quod
1030 3871 1085 3918 et
1117 3863 1355 3919 siderum
1403 3871 1546 3917 esset
1601 3862 1847 3914 omnium
1888 3861 2063 3914 maxi-

2167 3493 2264 3565 μὲν
2293 3493 2422 3562 ἡμῖν
2460 3488 2568 3542 ἀπὺ
2608 3485 2708 3555 τῆς
2745 3477 3066 3548 Ἐπιτομῆς
3105 3474 3316 3546 Ἀρείου
3349 3470 3742 3565 Διδύμουλπρο-

2164 3559 2383 3639 κείσθω.
2416 3577 2561 3650 Πρὸς
2599 3576 2656 3629 δὲ
2687 3573 2783 3644 τὴν
2817 3571 2946 3642 περὶ
2978 3569 3113 3622 Θεοῦ
3145 3567 3252 3619 τῶν
3306 3560 3560 3617 Στωϊκῶν
3581 3559 3738 3624 δόξαν

2165 3676 2406 3747 ἀπαρκεῖ
2431 3667 2773 3743 παραθέσθαι
2820 3665 2919 3728 τὰς
2971 3660 3278 3735 Πορφυρίου
3317 3655 3580 3747 λέξειςῌέν
3628 3654 3740 3715 τοῖς

2165 3742 2304 3841 πρὸς
2327 3742 2528 3834 Βόηθον
2555 3757 2961 3831 ἀντιγραφεῖσιν
2990 3751 3138 3823 αὑτῷ
3184 3748 3324 3817 Περὶ
3349 3742 3578 3815 ψυχῆς,
3623 3761 3738 3796 τοι-

2163 3859 2318 3915 οῦτον
2339 3854 2568 3926 ἐχούσας
2597 3851 2687 3904 τὸν
2715 3848 2895 3921 τρόπο·

488 3967 631 4014 mus.
690 3960 743 4006 et
783 3960 1103 4006 cunctarum
1161 3951 1226 4004 ad
1289 3965 1472 4004 rerum
1529 3949 2056 4004 administrationem
2133 3963 2313 4018 opera:
2353 3943 2648 4016 plurimum
2693 3949 2747 3996 et
2789 3936 3194 3995 commoditatis
3215 3935 3451 4000 aﬂerret,
3497 3951 3621 3991 cum
3685 3932 3742 3986 el

487 4042 630 4099 diem
695 4056 1020 4104 etannum,
1066 4053 1395 4111 caeterasque
1439 4047 1791 4109 tempestates
1837 4041 2090 4096 elliceret.
2133 4040 2235 4094 Alii
2263 4036 2506 4108 ejusdem
2534 4043 2696 4090 sectae
2758 4029 3088 4102 philosOphi,
3135 4041 3331 4084 terram
3378 4029 3561 4083 numdi
3591 4027 3742 4098 prin-

488 4138 725 4206 cipatum
772 4137 973 4192 habere
1034 4134 1363 4189 maluerunt.
1391 4133 1731 4204 Chrysippus
1794 4148 1916 4188 eum
1964 4133 2258 4204 purissimo
2297 4145 2362 4185 ac
2413 4125 2834 4183 rlefaecatissimo
2876 4122 3061 4179 aetheri
3137 4122 3342 4183 tribuit.
3406 4121 3603 4189 quippe
3643 4124 3738 4190 qui

489 4241 542 4285 et
584 4229 830 4284 omnium
864 4229 935 4284 sit
985 4228 1219 4282 maxime
1261 4227 1500 4290 mobilis,
1550 4236 1604 4282 et
1647 4239 1813 4281 totam
1870 4227 2058 4280 mutuli
2097 4224 2507 4281 conversionem
2575 4220 2930 4286 circumagat.
2978 4234 2997 4267 ι
3049 4213 3318 4268 Hactenus
3347 4229 3412 4266 ex
3463 4212 3573 4265 Arii
3642 4211 3738 4264 Di-
3819 4262 3832 4267 -

490 4323 636 4394 dymi
672 4322 941 4392 Epitoma.
970 4319 1089 4375 Jam
1119 4321 1381 4376 adversus
1410 4319 1728 4374 eorumdem
1761 4318 2070 4374 Stoicorum
2127 4316 2194 4370 de
2265 4313 2376 4368 Deo
2432 4310 2754 4367 sententiam
2809 4322 2980 4376 pauca
3034 4306 3149 4360 haec
3190 4303 3382 4358 aﬂ’erre
3432 4301 3566 4356 satis
3591 4301 3736 4366 erit,

491 4428 613 4485 qua:
640 4411 974 4483 Porphyrius
1001 4412 1054 4466 in
1106 4411 1194 4474 iis,
1222 4426 1343 4480 quae
1375 4411 1443 4465 ad
1483 4410 1743 4466 Boethum
1779 4409 1853 4464 De
1885 4412 2063 4464 animo
2103 4407 2414 4478 rescripsit,
2444 4403 2667 4458 totidem
2698 4399 2878 4454 verbis
2901 4397 3174 4466 opposuit.

1074 4504 1302 4561 CAPUT
1331 4505 1471 4561 XVI.

2673 4492 3068 4549 ΚΕΦΑΛΑΙΟΝ
3117 4491 3231 4557 ις’.

491 4621 688 4678 Contra
718 4621 1017 4676 Stoicorum
1056 4619 1118 4672 de
1150 4617 1258 4672 Deo
1293 4619 1627 4690 sententiam.
1667 4618 1750 4672 Ea:
1777 4617 2059 4690 Porphyrii

2163 4609 2669 4690 Hopgqtvptooxpdg
2692 4608 2809 4687 τὴν
2827 4605 2947 4690 τῷν
2963 4603 3253 4690 fragm:
3295 4601 3428 4690 arcet
3459 4597 3604 4680 ῥεοὗ
3641 4597 3739 4651 δό-

839 4692 908 4743 αα
931 4690 1185 4743 ΒοειΙιιιηι
1210 4706 1359 4759 opere
1389 4689 1462 4745 De
1489 4691 1693 4745 animo.

567 4825 586 4858 ι
635 4805 826 4871 Deum,
863 4804 1063 4876 inquit,
1107 4803 1404 4874 spiritalem
1435 4802 1724 4873 quemdam
1777 4805 1952 4876 ignem
1981 4804 2061 4860 sic

493 4899 791 4969 appellant,
840 4897 974 4951 nihil
1023 4907 1080 4950 ut
1134 4895 1384 4950 eumdem
1437 4897 1827 4966 sempiternum
1884 4897 2062 4952 facere

491 5000 802 5054 vereantur,
853 4991 964 5043 imo
993 4990 1153 5045 etiam
1202 4989 1502 5058 ejusmodi,
1534 4989 1627 5059 qui
1678 4991 1861 5044 omnia
1892 4988 2061 5059 depa-

493 5092 680 5138 scatur
712 5092 760 5136 el
792 5081 1040 5151 perimat,
1074 5082 1231 5152 quasi
1282 5081 1452 5135 nostri
1502 5080 1664 5150 hujus
1712 5097 1776 5136 ac
1828 5081 2062 5151 vulgaris

494 5175 635 5246 ignis
657 5174 968 5230 simillimus
1008 5173 1097 5228 sit.
1147 5173 1402 5243 Adeoque
1447 5173 1720 5228 Aristoteli
1763 5187 2063 5243 repugnare

495 5283 602 5322 nou
634 5265 903 5326 dubitant,
933 5265 1023 5335 qni
1053 5265 1157 5320 hoc
1185 5266 1282 5320 abs
1317 5281 1435 5321 sese
1467 5266 1743 5335 impetrari
1790 5281 1896 5319 non
1927 5267 2065 5334 pati-

501 5368 607 5424 tur,
654 5366 712 5410 ut
757 5358 1046 5412 aatbeream
1078 5358 1353 5429 regionem
1389 5357 1550 5412 simili
1595 5373 1665 5412 ex.
1713 5358 1834 5427 igne
1862 5357 2063 5411 consti-

502 5459 636 5504 tuat.
668 5448 750 5504 Ex
783 5450 982 5520 quibus
1011 5450 1056 5505 si
1094 5448 1232 5505 forte
1254 5449 1556 5519 quaesieris,
1587 5449 1883 5520 qui-possit
1924 5449 2064 5519 ignis

502 5544 765 5612 ejusmodi
812 5544 995 5600 tandiu
1020 5560 1358 5614 permanere,
1376 5544 1644 5599 diversum
1671 5544 1885 5612 quidem
1913 5544 2063 5597 illum

503 5652 623 5692 esse
672 5647 887 5704 negant,
921 5635 1014 5692 sed
1049 5637 1206 5692 talem
1259 5635 1308 5692 ei
1344 5645 1589 5690 naturam
1638 5634 1766 5689 dum
1801 5633 2063 5698 tribuunt,

575 5771 684 5844 (34)
725 5770 882 5828 Forte
921 5772 995 5826 δέ.

2299 4670 2431 4750 ξᾰν.
2473 4670 2614 4736 ‘Aid
2645 4670 2764 4733 τῶν
2785 4678 2934 4745 πρὸς
2953 4676 3186 4742 Βόηθον
3206 4673 3341 4744 Περὶ
3370 4670 3567 4741 ψυχῆς.

2236 4815 2255 4848 ι
2291 4795 2396 4848 Τὸν
2437 4792 2494 4846 δὲ
2522 4791 2654 4846 Θεὸν
2681 4789 2781 4842 οὐκ
2804 4785 3040 4849 ὀκνοῦσι,
3085 4783 3195 4854 πῦρ
3241 4781 3424 4853 νοερὸν
3469 4780 3737 4844 εἰπόντες,

2161 4888 2330 4943 ἀΐδιον
2349 4883 2689 4943 καταλιπεῖν,
2738 4879 2834 4932 καὶ
2891 4874 3131 4948 φθείρειν
3166 4874 3265 4945 μὲν
3326 4873 3502 4926 πάντα
3561 4870 3740 4937 λέγειν

2162 4979 2256 5032 xui.
2280 4975 2652 5046 ἐπινέμεσθαι,
2675 4971 2749 5035 ὼς
2774 4969 3011 5024 τοιοῦτον
3041 4967 3102 5020 ὂν
3161 4965 3292 5036 πῦρ,
3335 4959 3446 5017 οἷον
3493 4962 3555 5015 τὸ
3605 4963 3739 5032 ἡμῖν

2164 5067 2620 5139 συνεγνωσμένονο
2644 5062 2943 5130 ἀντιλέγειν
2996 5076 3054 5112 τε
3084 5057 3199 5128 (54)
3240 5055 3318 5126 τῷ
3357 5053 3736 5125 Ἀριστοτέλει,

2163 5158 2583 5233 παραιτουμένῳ
2615 5157 2708 5230 τὸν
2740 5153 2932 5224 αἰθέρα
2962 5155 3027 5206 ἐκ
3078 5150 3246 5220 πυρὸς
3272 5146 3450 5215 λέγειν
3473 5143 3732 5233 τοιούτου.

2175 5231 2586 5318 Ἀπαιτούμενοι
2606 5245 2682 5311 δὲ,
2719 5243 2836 5306 πῶς
2860 5242 2919 5295 τὸ
2946 5240 3183 5294 τοιοῦτον
3219 5233 3554 5306 ὲπιδιαμένει
3601 5231 3735 5302 πῦρ,

2164 5343 2370 5396 ἀλλοῖον
2406 5340 2504 5410 μὲν
2535 5336 2647 5409 πῦρ
2676 5336 2736 5388 οὐ
2770 5334 3016 5402 λέγουσιν
3037 5327 3193 5395 εἶναι,
3226 5327 3466 5380 τοιοῦτον
3496 5325 3540 5377 δ’
3567 5323 3740 5378 εἰπάν-

2163 5451 2274 5498 τες,
2305 5430 2580 5485 πιστεύειν
2604 5429 2788 5491 αὐτοῖς
2820 5423 3148 5492 ἀξιώσαντες
3204 5419 3436 5482 εἰποῦσι,
3465 5419 3528 5488 τῇ
3559 5415 3738 5483 ἀλόγῳ

2166 5527 2346 5582 πίστει
2393 5523 2568 5595 ταύτῃ
2627 5520 3104 5578 ἐπισυνάπτουσιν,
3135 5517 3218 5570 ὅτι
3270 5513 3366 5567 καὶ
3417 5509 3584 5564 ἀΐδιόν
3619 5508 3735 5559 ἐστι

2168 5617 2297 5690 πῦρ,
2324 5618 2387 5670 ὲκ
2416 5615 2612 5686 μέρους
2656 5613 2751 5668 καὶ
2779 5612 2841 5666 τὸ
2890 5609 3128 5681 αἰθέριον
3173 5602 3489 5659 σϐέννυσθαι
3522 5599 3614 5653 καὶ
3644 5597 3739 5652 ἀν-
