4090 6382
352 388 488 444 1545

1457 394 1777 450 ΡΙῖᾹΞΡΛῐὶ.
1821 395 2071 451 EVANG.
2115 398 2241 453 LIB.
2287 400 2401 453 XV.

3468 411 3611 466 £516

348 508 615 562 ἅπτεσθαι
642 508 899 571 τιθέντες.
939 510 1096 563 Ἀλλὶι
1128 511 1224 581 τὴν
1240 512 1445 565 τούτων
1474 515 1608 584 πρὸς
1640 515 1737 584 μὲν
1758 513 1916 567 ταῦτα

2034 518 2192 571 nudm
2237 517 2470 571 orationi
2524 519 2682 573 tidem
2718 520 2905 575 haberi
2937 523 3163 590 volunt;
3198 525 3303 581 nisi
3336 529 3476 597 quod
3522 528 3609 582 in-

348 597 626 668 ἁϐλεψίαν,
663 600 797 667 πρὸς
832 600 887 653 δὲ
916 601 983 652 τὰ
1010 601 1118 653 τῶν
1166 601 1411 655 παλαιῶν
1443 604 1712 674 ρᾳθυμίαν
1741 622 1800 656 τε
1832 606 1926 658 καὶ

347 691 783 763 καταφρόνησιν,
836 692 890 745 τί
950 693 1015 746 ἄν
1074 711 1158 757 τις
1206 694 1376 747 ἐπιὼν
1439 696 1531 747 ἐπὶ
1594 695 1755 748 πλέον
1815 714 1923 767 μη-

347 798 513 855 κυνῃς

2033 624 2197 677 super
2227 621 2334 664 tam
2362 611 2615 665 absurda:
2646 612 2891 683 opinioni
2920 614 3023 669 hoc
3054 618 3279 682 addunt,
3312 629 3372 674 ut
3400 608 3608 692 sempi-

2030 709 2245 756 ternum
2299 704 2473 773 ignem
2526 705 2675 759 illum
2722 720 2843 760 esse
2888 706 3199 772 defendam,
3250 726 3373 765 cum
3422 722 3603 767 tamen

2029 792 2311 847 :etherium
2342 796 2609 866 exstingui
2652 796 2849 865 partim
2870 838 2884 862 ,
2934 799 3129 866 partim
3166 802 3387 855 accendi
3414 805 3605 865 velint.

348 874 453 928 Sed
478 888 667 928 eorum
726 884 821 929 aut
883 884 1185 946 stuporem,
1235 886 1330 933 aut
1381 886 1624 933 veterum
1672 880 1774 934 hac
1822 879 1875 933 in
1941 880 2309 953 disputatione
2356 898 2725 958 contemptum
2796 890 3047 960 pluribus
3092 907 3420 962 exaggerare
3471 896 3602 966 quid

345 967 580 1021 attinet?
1055 1003 1058 1007 ι

869 1059 1265 1113 ΚΕΦΑΛᾹΙΟΝ
1304 1061 1401 1112 ΙΖ’.

346 1175 467 1228 Ὅτι
496 1177 606 1229 οὐκ
631 1174 707 1227 ἂν
728 1174 821 1240 εἴη
846 1174 1017 1242 σῶμα
1050 1173 1115 1226 τὸ
1142 1173 1234 1238 ὃν,
1267 1174 1415 1226 κατὰ
1436 1174 1577 1239 τοὺς
1608 1175 1924 1238 Στωϊκούς.

437 1245 577 1299 Ἀπὸ
617 1245 722 1298 τοῦ
778 1242 1012 1311 πρώτου
1037 1245 1172 1317 Περὶ
1200 1244 1440 1311 τάγαθοῦ
1463 1246 1829 1314 Νουμηνίου.

330 1370 336 1381 ι
419 1356 437 1387 ι
487 1335 644 1389 Ἀλλὰ
673 1336 724 1387 τί
743 1334 804 1405 δή
844 1336 957 1386 ἐστι
978 1333 1038 1385 τὸ
1059 1332 1116 1386 ὃν
1142 1349 1155 1397 ;
1185 1330 1292 1404 ἆρα
1311 1334 1465 1386 ταυτὶ
1498 1333 1566 1386 τὰ
1595 1336 1831 1404 στοιχεῖα
1857 1333 1924 1387 τὰ

341 1428 599 1499 τέτταρα,
629 1429 661 1498 ἡ
703 1428 793 1497 γῆ,
830 1427 923 1479 καὶ
957 1428 1016 1479 τὸ
1049 1426 1181 1496 πῦρ,
1209 1427 1304 1479 καὶ
1335 1427 1389 1478 αἱ
1417 1426 1570 1479 ἄλλαι
1592 1425 1684 1477 δύο
1716 1423 1918 1495 μεταξὺ

343 1520 532 1590 φύσεις
560 1536 573 1584 ;
601 1515 746 1590 Ἀρα
772 1514 864 1571 οὖν
892 1518 956 1589 δὴ
1001 1518 1069 1571 τὰ
1094 1518 1222 1571 ὄντα
1271 1518 1440 1570 ταῦτα
1470 1520 1615 1570 ἐστιν
1643 1517 1760 1588 ἦτοι
1793 1517 1919 1583 ξυλ-

341 1612 563 1683 λήὸδην,
596 1610 629 1681 ἦ
663 1609 783 1663 καθ’
812 1609 870 1663 ἓν
900 1609 963 1677 γέ
985 1627 1037 1661 τι
1066 1609 1275 1675 αὐτῶν;
1305 1610 1413 1662 Καὶ
1448 1609 1584 1672 πῶς,
1619 1609 1654 1662 ἆ
1681 1609 1745 1677 γὲ
1802 1611 1918 1662 ἐστι

343 1705 437 1758 καὶ
473 1701 706 1773 γεννητὰ
737 1703 830 1755 καὶ
860 1701 1249 1772 παλινάγρετα,
1281 1702 1333 1754 εἴ
1360 1701 1422 1769 γέ
1462 1702 1607 1754 ἐστιν
1628 1702 1759 1774 ὀρᾷν
1780 1702 1920 1755 αὐτὰ

342 1795 401 1861 ἐξ
430 1793 671 1865 ἀλλήλων
703 1792 980 1864 γινόμενα,
1006 1793 1100 1847 καὶ
1143 1793 1617 1863 ἀπαλλασσόμενα,
1661 1794 1755 1846 καὶ
1784 1796 1918 1865 μήτε

344 1889 578 1957 στοιχεῖα
603 1886 936 1958 ὑπάρχοντα,
969 1889 1104 1957 μήτε
1129 1885 1428 1951 συλλαϐάς;
1455 1886 1620 1957 Σῶμα
1643 1886 1740 1956 μὲν
1761 1885 1918 1939 ταυτὶ

339 1977 511 2041 οὕτως
540 1978 638 2029 οὐκ
661 1976 724 2030 ἂν
755 1977 837 2047 εἴη
873 1975 934 2028 τὸ
960 1977 1038 2028 ὅν.
1100 1976 1239 2029 Ἀλλ’
1261 1977 1368 2049 ἄρα
1404 1977 1559 2029 ταυτὶ
1611 1977 1706 2044 μὲν
1739 1974 1823 2038 οὒ,
1886 1979 1919 2047 ἡ

339 2070 386 2123 δ’
422 2070 518 2140 ὖλη
549 2069 768 2122 δύναται
820 2064 957 2121 εἶναι
1003 2068 1080 2121 δν.
1128 2068 1285 2121 Ἀλλὰ
1319 2069 1415 2122 καὶ
1463 2067 1671 2140 ταύτην
1721 2068 1917 2131 παντὸς

343 2163 539 2234 μᾶλλον
559 2162 835 2224 ἀδύνατον,
866 2159 1147 2232 ἀρρωστίᾳ
1173 2158 1267 2213 τοῦ
1302 2160 1502 2230 μένειν.
1533 2160 1783 2230 Ποταμδς
1813 2161 1920 2231 γὰρ

336 2255 370 2324 ἡ
403 2252 502 2323 ὅλη
536 2252 740 2324 ῥοώδης
766 2252 860 2305 καὶ
897 2250 1215 2323 ὀξύρροπος,
1246 2250 1429 2321 βάθος,
1467 2252 1560 2305 καὶ
1584 2250 1804 2314 πλάτος,
1826 2251 1920 2302 καὶ

342 2347 514 2416 μῆκος
552 2344 818 2416 ἀόριστος,
853 2343 945 2395 καὶ
978 2342 1257 2413 ἀνήνυτος.
1287 2361 1305 2394 ι
1375 2342 1486 2396 Καὶ
1528 2341 1666 2412 μετὰ
1714 2341 1919 2413 βραχέα

338 2435 603 2503 ἐπιλέγει·
669 2451 687 2484 ι
724 2433 886 2487 Ὥστε
934 2432 1115 2494 καλῶς
1168 2434 1197 2484 ὁ
1248 2431 1406 2500 λόγος
1458 2432 1668 2503 εἴρηκε,
1714 2432 1837 2502 φὰς,
1871 2436 1919 2487 εἰ

340 2528 485 2580 ἔστιν
518 2527 791 2596 ἄπειροςὴ
820 2524 942 2597 ὕλη,
972 2526 1219 2597 ἀόριστον
1263 2521 1400 2577 εἶναι
1441 2526 1633 2595 αὐτήψ
1679 2528 1727 2579 εἰ
1758 2525 1815 2579 δὲ
1857 2527 1919 2579 ἀ-

340 2617 577 2688 όριστος,
618 2616 826 2685 ἄλογον·
861 2618 909 2667 εί
944 2615 998 2667 δὲ
1031 2614 1570 2687 ἄλογοςηᾶγνωστον.
1608 2615 1918 2685 Ἀγνωστον

337 2708 393 2761 δέ
420 2726 482 2777 γε
525 2704 685 2762 οὖσαν
712 2709 880 2779 αὐτὴν
911 2708 1204 2773 ἀναγκαῖον
1251 2703 1391 2761 εἶναι
1417 2708 1669 2761 ἄτακτον·
1720 2709 1797 2773 ὡς
1832 2728 1918 2763 τε-

337 2798 583 2868 ταγμένα
614 2799 923 2870 γνωσθῆναι
954 2799 1093 2853 πάνυ
1120 2798 1389 2869 δήπουθεν
1426 2798 1491 2851 ἂν
1526 2800 1610 2871 εἴη
1641 2799 1918 2870 ῥᾴδιον-τὸ

336 2890 393 2943 δὲ
422 2891 651 2943 ἄτακτον
680 2891 776 2961 οὐχ
806 2891 1053 2961 ἕστηκεν·
1110 2890 1137 2942 ὃ
1169 2907 1222 2943 τι
1266 2889 1321 2943 δὲ
1354 2890 1429 2962 μὴ
1459 2891 1681 2963 ἔστηκε,
1721 2892 1822 2945 οὐκ
1850 2893 1917 2946 ἂν

338 2982 422 3051 εἵη
450 2970 531 3033 ὅν.
576 2978 745 3032 Τοῦτο
783 2979 837 3031 δὲ
866 2974 933 3049 ἦν
978 2979 1112 3049 ὅπερ
1147 2978 1279 3049 ἡμῖν
1332 2980 1517 3043 αὐτοῖς
1565 2980 1917 3053 ὡμολογησά-

338 3073 478 3144 μεθα
508 3074 566 3125 ὲν
595 3074 708 3136 τοῖς
738 3071 1066 3143 ἔμπροσθεν,
1121 3073 1278 3124 ταυτὶ
1311 3072 1489 3127 πάντα
1533 3075 1916 3146 συνενεχθῆναι

336 3163 413 3234 τῷ
439 3163 550 3216 ὄντι
580 3163 870 3233 ἀθέμιστον
896 3159 1053 3215 εἶναι.
1075 3164 1309 3233 Δοξάτω,
1331 3165 1567 3235 μάλιστα
1597 3167 1696 3236 μὲν
1726 3169 1911 3232 πᾶσιν,

2493 1061 2661 1132 319
2690 1061 2921 1117 CAPUT
2962 1063 3126 1121 xvu.

2025 1172 2092 1226 Id
2122 1174 2262 1244 quod
2283 1183 2523 1251 vere-‘98:,
2535 1191 2859 1251 corpusjion
2879 1194 3009 1251 esse,
3027 1188 3087 1231 ut
3114 1178 3280 1234 Stoici
3298 1184 3601 1251 apinanlur.

2374 1244 2459 1297 Ex
2498 1243 2749 1298 Numenii
2776 1247 2946 1313 primo
2974 1249 3049 1302 De
3073 1252 3237 1305 bono.

2100 1351 2119 1384 ι
2152 1331 2566 1396 Verumtamen,
2598 1334 2773 1405 inquit
2817 1336 2924 1401 ille,
2964 1339 3222 1407 quidnam
3274 1340 3437 1411 igitur
3481 1359 3608 1397 vere

2026 1433 2146 1481 esse
2174 1426 2417 1481 dicemus
2440 1424 2616 1481 ?Num
2647 1428 2764 1483 hzec
2792 1429 3062 1485 elementa
3095 1442 3348 1500 quatuor,
3377 1444 3600 1502 terram,

2026 1515 2228 1585 ignem,
2262 1517 2577 1588 mediasque
2625 1520 2763 1573 duas
2804 1519 2945 1573 inter
2993 1531 3286 1592 utrumque
3338 1528 3612 1582 naturas?

2028 1605 2220 1662 Utrum
2250 1623 2379 1678 ergo
2429 1609 2519 1663 illa
2566 1620 2713 1674 sunt,
2750 1612 3003 1667 universa
3043 1614 3225 1681 simul,
3272 1632 3347 1671 an
3375 1620 3603 1675 seorsim

2025 1713 2091 1753 ac
2125 1714 2223 1768 per
2259 1715 2379 1756 sese
2417 1702 2678 1771 singula?
2731 1701 2835 1769 Qui
2890 1705 3103 1759 tandem
3145 1707 3461 1765 alterutrum
3494 1713 3601 1767 dici
3643 1737 3649 1753 ι

2024 1793 2216 1860 possit,
2263 1807 2387 1846 cum
2422 1802 2477 1848 et
2508 1796 2685 1862 genita
2722 1796 2809 1851 illa
2843 1800 2979 1866 sint,
3013 1809 3067 1855 et
3099 1803 3367 1859 exstincta
3411 1822 3603 1863 rursus

2024 1883 2313 1938 oriantur?
2342 1886 2547 1955 passim
2600 1888 2744 1942 enim
2794 1905 2857 1944 ea
2891 1892 3141 1948 videmus
3196 1909 3320 1948 cum
3370 1895 3484 1951 ﬁeri
3534 1913 3601 1952 ex

2022 1991 2143 2031 sese
2167 1986 2377 2044 mutuo,
2424 1987 2536 2033 tum
2592 1981 2662 2034 ita
2698 1995 2922 2050 prorsus
2968 1983 3212 2049 interire,
3261 1994 3323 2040 ut
3362 2002 3461 2043 nec
3492 1990 3606 2042 ele-

2022 2078 2205 2122 menta
2239 2080 2513 2134 maneant,
2565 2088 2663 2127 nec
2695 2072 3090 2129 elementorum
3126 2077 3236 2132 ulla
3274 2079 3597 2147 complexio.

2020 2155 2206 2229 Itaque
2236 2177 2436 2231 corpus
2476 2164 2604 2219 illud
2642 2164 2786 2233 quod
2821 2181 2945 2222 vere
2988 2168 3078 2232 sit,
3119 2170 3171 2222 in
3202 2170 3482 2225 elementis
3511 2188 3601 2225 rr-

2020 2253 2185 2322 periri
2222 2269 2327 2307 non
2359 2263 2555 2323 potest.
2586 2256 2733 2325 Esto,
2769 2259 3054 2316 elementis
3083 2261 3186 2317 hoc
3222 2262 3446 2317 minime
3469 2280 3601 2320 con-

2018 2338 2222 2403 veniat,
2254 2340 2497 2394 materiae
2516 2352 2662 2397 certe
2687 2344 2905 2413 quidem
2938 2347 3141 2414 optime
3168 2349 3476 2403 conveniet.
3506 2349 3601 2403 At-

2019 2426 2114 2497 qui
2144 2427 2213 2482 ab
2244 2443 2310 2484 eo
2339 2428 2655 2500 longissime
2682 2434 2835 2490 abest
2860 2437 3110 2504 materia,
3140 2440 3286 2508 quod
3334 2441 3601 2496 inlirmior

2018 2534 2082 2574 ea
2115 2521 2207 2585 sit,
2251 2538 2417 2591 quam
2450 2534 2509 2578 ut
2558 2532 2871 2581 constanter
2922 2544 3238 2598 permanere
3289 2544 3472 2602 queat.
3505 2533 3601 2590 Est

2018 2612 2163 2666 enim
2197 2613 2393 2669 ﬂuvius
2418 2615 2638 2686 quidam
2676 2618 2966 2675 vehemens
3016 2632 3071 2676 et
3117 2624 3401 2693 incitatus,
3441 2627 3600 2696 cujus

2018 2720 2193 2776 neque
2222 2706 2444 2773 fundus,
2475 2725 2651 2780 neque
2683 2712 2933 2779 latitudo,
2966 2730 3142 2785 neque
3170 2717 3450 2787 Longitudo
3480 2736 3600 2775 cer-

2017 2796 2088 2850 tis
2129 2797 2254 2853 ullis
2289 2799 2489 2855 ﬁnibus
2536 2804 2926 2872 comprehendi
2958 2808 3151 2876 possit.
3188 2827 3212 2859 ›
3234 2808 3372 2865 Tum
3408 2812 3598 2880 paucis

2016 2886 2343 2956 quibusdam
2356 2890 2597 2961 interject
2614 2910 2677 2948 .s:
2703 2892 3117 2964 iQnamohrem,
3134 2901 3326 2971 inquit,
3344 2903 3603 2971 praeclare

2017 2979 2222 3035 dictum
2263 2982 2394 3038 illud
2426 2994 2529 3050 est,
2562 2989 2845 3043 materiam
2879 2990 2926 3045 si
2963 2993 3032 3047 sit
3062 2994 3351 3062 immensa,
3382 2998 3596 3052 deliniri

2015 3074 2245 3144 proinde
2288 3093 2398 3134 non
2447 3095 2644 3149 posse;
2688 3084 2834 3152 quod
2887 3084 2932 3138 si
2970 3101 3159 3139 verum
3192 3098 3296 3152 est,
3349 3090 3594 3146 eamdem

2016 3167 2247 3224 rationis
2275 3181 2552 3240 expertem
2586 3188 2746 3241 esse;
2781 3176 2826 3229 si
2854 3176 3089 3246 denique
3123 3180 3353 3235 rationis
3381 3197 3595 3251 expers,

337 3262 383 3311 εἰ
417 3258 473 3310 δὲ
509 3258 602 3329 μὴ,
630 3257 741 3311 ἀλλ’
775 3257 917 3327 ἐμοί.
970 3256 1176 3309 Οὐκοῦν
1208 3273 1348 3326 φημι
1379 3256 1479 3327 τὴν
1512 3255 1642 3328 ὓλην
1665 3256 1788 3310 οὔτε
1818 3260 1916 3312 αὺ-

2019 3263 2382 3329 cognitionem
2415 3280 2632 3318 omnem
2670 3266 2869 3337 fugere.
2905 3269 3060 3334 Quod
3104 3272 3150 3325 si
3195 3275 3450 3343 cognosci
3488 3292 3596 3332 non

335 3351 455 3422 τὴν,
486 3349 607 3402 οὔτε
630 3348 698 3401 τὰ
748 3348 973 3418 σώματα
1006 3347 1143 3401 εἶναι
1176 3348 1255 3402 ὅν.
1291 3348 1355 3405 Τί
1381 3346 1473 3403 οὖν
1497 3349 1593 3420 δήὶ
1630 3350 1678 3402 εἶ
1716 3348 1913 3419 ἔχομεν

338 3444 489 3513 παρὰ
526 3443 696 3497 ταῦτα
723 3441 849 3494 ἄλλο
878 3458 929 3493 τι
958 3442 1015 3493 ὲν
1059 3445 1125 3512 τῇ
1151 3442 1310 3511 φύσει
1343 3446 1409 3515 τῇ
1460 3442 1570 3496 τῶν
1598 3442 1733 3495 ὅλων
1754 3459 1767 3507 ;
1786 3443 1912 3495 Ναί·

336 3534 494 3588 τοῦτο
531 3534 681 3595 οὐδὲν
714 3536 887 3587 εἰπεῖν
936 3533 1199 3598 ποικίλον,
1233 3536 1282 3587 εἰ
1313 3535 1430 3589 τόδε
1464 3532 1812 3606 πρῶτονμὲν
1859 3536 1917 3589 ἐν

335 3628 466 3698 ἡμῖν
492 3626 674 3689 αὐτοῖς
707 3625 821 3696 ἅμα
875 3625 1265 3697 πειραθείημεν
1314 3626 1704 3698 διαλεγόμενοι.
1765 3625 1917 3678 Ἐπεὶ

334 3716 391 3769 δὲ
425 3715 494 3769 τὰ
523 3714 748 3787 σώματά
777 3716 892 3767 ἐστι
940 3714 1100 3784 φύσει
1144 3714 1463 3785 τεθνηκότα,
1493 3715 1587 3767 καὶ
1611 3713 1801 3786 νεκρὰ,
1820 3714 1916 3767 καὶ

336 3808 711 3880 πεφορημένα,
762 3808 855 3859 καὶ
910 3807 1018 3859 οὐδ’
1060 3809 1117 3859 ἐν
1155 3806 1337 3878 ταύτῷ
1389 3808 1638 3879 μένοντα,
1684 3803 1915 3879 ἆρόὺχὶ

333 3898 428 3950 τοῦ
464 3898 778 3962 καθέξοντος
814 3898 995 3960 αὐτοῖς
1024 3898 1144 3961 δεῖς
1204 3898 1410 3962 Παντὸς
1470 3898 1689 3970 μᾶλλον.
1718 3900 1781 3951 Ei
1838 3898 1913 3970 μὴ

334 3989 487 4060 τύχοι
516 3991 572 4043 δὲ
599 3991 812 4055 τούτου,
852 3988 961 4061 ἆρα
993 3992 1222 4062 μείνειεν
1256 3991 1355 4057 iv;
1403 3993 1610 4055 Παντὸς
1643 3986 1823 4063 ἦττον.
1846 3991 1912 4044 Τί

335 4079 426 4136 οὖν
460 4084 572 4135 ἐστι
605 4083 665 4136 τὸ
722 4085 1097 4153 κατασχῆσον;
1130 4085 1193 4136 Εἰ
1227 4083 1326 4144 μὲν
1358 4084 1421 4155 δὴ
1484 4086 1578 4138 καὶ
1630 4083 1794 4137 τοῦτο
1826 4085 1910 4154 εἴη

337 4174 514 4243 σῶμα,
544 4174 663 4236 Διὸς
721 4173 971 4244 Σωτῆρος
1028 4174 1175 4227 δοκεί
1218 4174 1284 4227 ἂν
1333 4176 1455 4245 ἐμοὶ
1498 4176 1751 4247 δεηθῆναι
1782 4176 1913 4229 αὐτὸ

336 4265 742 4335 παραλυόμενον
776 4265 869 4317 καὶ
916 4264 1289 4335 σκιδνάμενον.
1339 4266 1402 4318 Εἰ
1441 4266 1620 4337 μέντοι
1648 4269 1752 4339 χρὴ
1780 4268 1911 4321 αὐτὸ

334 4356 671 4427 ἀπηλλάχθαι
701 4355 800 4426 τῆς
828 4356 935 4408 τῶν
974 4356 1237 4427 σωμάτων
1271 4357 1468 4427 πάθης,
1513 4358 1600 4411 ἵνα
1638 4360 1911 4424 κάκείνοις

334 4448 690 4519 κεκυημένοις
717 4450 816 4519 τὴν
863 4448 1067 4525 φθορὰν
1100 4448 1325 4519 ἀμύνειν
1372 4449 1614 4519 δύνηται,
1649 4451 1741 4503 καὶ
1775 4469 1909 4504 κατ-

333 4543 450 4615 έχῃ,
484 4542 606 4611 ἐμοὶ
650 4542 747 4613 μὲν
772 4542 833 4594 οὐ
861 4542 1008 4595 δοκεῖ
1038 4541 1164 4595 ἄλλο
1196 4558 1248 4593 τι
1305 4536 1444 4593 εἶναι
1472 4540 1505 4610 ἢ
1560 4542 1719 4611 μόνον
1750 4560 1813 4612 γε
1848 4546 1907 4598 τὸ

2016 3346 2212 3414 possit,
2246 3349 2532 3403 confusam
2559 3352 2704 3405 illam
2736 3369 2800 3408 ac
2828 3358 3201 3425 perturbatam
3226 3376 3349 3417 esse
3376 3380 3605 3422 necesse

2015 3445 2119 3502 est,
2159 3453 2283 3492 cum
2344 3439 2593 3495 ordinata
2640 3445 2823 3499 omnia
2878 3448 2988 3502 sint
3040 3451 3105 3505 ad
3154 3455 3594 3522 cognoscendum

2015 3527 2175 3598 longe
2223 3529 2501 3587 facillima.
2560 3534 2715 3601 Quod
2766 3554 2893 3594 vero
2942 3542 3319 3610 perturbatum
3372 3557 3485 3614 est,
3543 3550 3595 3607 id

2015 3637 2336 3690 permanere
2384 3625 2629 3694 profecto
2678 3645 2785 3684 non
2818 3642 3033 3702 potest;
3080 3639 3223 3706 quod
3272 3651 3594 3699 autemnon

2014 3724 2367 3782 permaneat,
2419 3718 2468 3770 id
2523 3720 2711 3789 utique
2749 3737 2876 3776 vere
2927 3741 3038 3781 non
3093 3727 3274 3786 fuerit.
3318 3732 3493 3803 Atque
3540 3738 3601 3792 id.

2014 3804 2191 3873 ipsum
2213 3818 2315 3874 est,
2333 3806 2465 3879 /quo
2494 3810 2562 3865 de
2583 3812 2695 3881 jam
2733 3814 2873 3870 inter
2898 3832 2998 3872 nos
3026 3829 3150 3874 ante
3175 3825 3447 3892 convenit,
3481 3827 3596 3882 haec

2015 3898 2199 3952 omnia
2241 3916 2348 3954 non
2401 3918 2561 3971 posse
2595 3921 2720 3960 cum
2766 3907 2885 3977 ejus
2915 3912 3059 3980 quod
3103 3930 3229 3969 vere
3264 3919 3336 3973 sit
3381 3922 3595 3976 ratione

2016 3991 2335 4046 consistere.
2376 3992 2430 4047 ld
2468 3995 2613 4064 quod
2658 4000 2895 4055 maxime
2944 4004 3159 4071 quidem
3193 4010 3448 4066 omnibus
3478 4012 3595 4081 pla-

2014 4095 2138 4136 cere
2168 4083 2359 4150 velim;
2385 4084 2469 4140 sin
2502 4088 2705 4152 minus,
2734 4091 2946 4160 placeat
2972 4106 3117 4150 certe
3139 4098 3291 4152 mihi.
3315 4099 3592 4159 Materiam

2015 4172 2196 4243 igitur,
2251 4185 2343 4231 aut
2381 4192 2579 4248 corpus
2625 4182 2794 4236 ullum
2830 4200 2955 4240 vere
2997 4203 3118 4244 esse
3170 4205 3327 4262 nego.
3358 4191 3433 4248 De
3484 4195 3592 4252 illis

2012 4278 2141 4333 ergo
2193 4266 2321 4335 quid
2369 4269 2648 4325 dicimus?
2696 4271 2833 4328 Num
2880 4276 3026 4331 aliud
3069 4280 3197 4349 quid
3246 4292 3441 4352 praeter
3485 4286 3593 4344 ista

2013 4356 2171 4411 nobis
2224 4358 2279 4411 in
2326 4369 2435 4415 tota
2481 4377 2662 4416 rerum
2717 4374 2908 4422 natura
2978 4374 3271 4440 superest?
3334 4374 3595 4448 Superest

2011 4464 2141 4504 vero
2170 4468 2180 4503 :
2212 4466 2387 4521 neque
2430 4453 2481 4508 id
2528 4456 2799 4525 explicare
2826 4460 3059 4517 dilIicilis
3086 4464 3381 4522 admodum
3412 4484 3592 4540 operte

2014 4538 2195 4607 fuerit,
2239 4544 2283 4596 si
2321 4545 2483 4599 modo
2511 4547 2746 4615 primum
2794 4550 2926 4607 illud
2959 4554 3013 4607 in
3051 4556 3207 4612 nobis
3251 4559 3384 4629 ipsis
3410 4538 3592 4631 pervi-

331 4628 638 4698 ἁσὼματοψ
672 4627 809 4699 αὕτη
843 4631 953 4699 γὰρ
980 4629 1042 4700 δὴ
1067 4628 1279 4698 φύσεων
1314 4629 1501 4682 πασῶν
1524 4631 1656 4703 μόνη
1683 4632 1906 4705 ἕστηκε,

2019 4631 2143 4686 dere
2176 4642 2364 4687 mutua
2398 4637 2818 4696 ratiocinatione
2862 4646 3203 4701 conabimur.
3235 4627 3301 4704 Et
3328 4627 3587 4719 quoniam

334 4720 424 4772 καὶ
450 4718 594 4773 ἔστιν
619 4720 875 4791 ἀραρυῖα,
912 4720 1004 4773 καὶ
1035 4720 1185 4773 οὐδὲν
1249 4722 1554 4791 σωματικὴ.
1614 4721 1750 4775 Οὔτε
1779 4724 1908 4791 γοῦν

2019 4738 2245 4794 corpora
2270 4726 2397 4781 vitae
2424 4729 2557 4784 nihil
2586 4747 2679 4801 per
2709 4749 2831 4789 sese
2861 4736 3081 4805 habent,
3113 4748 3274 4809 atque
3296 4718 3405 4797 huc
3433 4744 3591 4802 illuc-

330 4808 555 4878 γίνεται.
595 4809 717 4863 οὔτε
773 4809 1011 4875 αὒξεται,
1058 4808 1180 4862 οὔτε
1227 4810 1438 4880 κίνησιν
1468 4813 1696 4865 κινεῖται
1742 4814 1909 4886 ἄλλην

2019 4830 2122 4885 que
2164 4816 2470 4885 iactantur,
2525 4837 2625 4878 nec
2668 4826 2855 4881 eodem
2907 4843 3122 4900 semper
3167 4832 3287 4888 loco
3330 4835 3589 4907 vultuque

328 4902 601 4973 οὐδεμίαν,
632 4902 726 4955 καὶ
752 4902 838 4955 διὰ
862 4902 1033 4954 ταῦτα
1086 4900 1267 4965 καλῶς
1293 4901 1501 4955 δίκαιον
1554 4904 1726 4978 ἐφάνη
1765 4925 1902 4979 πρε-

2019 4909 2336 4978 persistunt,
2368 4926 2549 4968 nonne
2579 4916 2758 4986 aliquo
2785 4920 3030 4988 proinde,
3061 4922 3218 4993 cujus
3252 4925 3302 4977 vi
3343 4928 3588 4981 contine-

332 4994 558 5049 σσεῦσαι
584 4995 644 5049 τὸ
667 4993 975 5065 ἀσώματον.

2019 5012 2200 5063 antur,
2231 5018 2367 5071 opus
2399 5004 2599 5061 habent
2620 5011 2643 5061 ?
2666 5010 2895 5066 Maxime
2926 5013 2977 5067 id
3008 5016 3249 5083 quidem.
3299 5016 3354 5071 Id
3381 5033 3510 5073 vero
3538 5020 3588 5074 si

329 5088 584 5144 nancisci.
621 5102 728 5141 non
774 5087 1083 5155 potuerint,
1134 5101 1264 5140 num
1310 5088 1606 5143 manebunt
1660 5089 1751 5145 illa
1800 5108 1895 5161 per
1930 5108 2049 5149 sese
2074 5095 2096 5147 ?
2126 5093 2346 5151 Minime
2377 5114 2525 5154 vero.
2561 5102 2701 5168 Quid
2736 5104 2901 5175 igitur
2960 5106 3090 5160 illud
3149 5108 3271 5176 erit,
3300 5110 3443 5180 quod
3471 5112 3588 5181 ipsa

326 5180 647 5238 contineat?
690 5178 976 5233 Enimvero
1035 5180 1080 5232 si
1133 5194 1331 5249 corpus
1380 5181 1430 5235 id
1473 5183 1633 5236 etiam
1691 5182 1894 5249 fuerit,
1936 5188 2212 5257 equidem,
2260 5206 2383 5245 cum
2449 5206 2641 5265 suapte
2706 5208 2899 5252 natura
2928 5200 3259 5256 dissolvatur
3284 5219 3446 5275 atque
3475 5207 3590 5261 dis-

327 5277 552 5345 sipetur,
578 5273 744 5345 820
766 5271 900 5326 Jove
928 5272 1163 5343 quodam
1196 5275 1485 5330 Servatore
1529 5291 1667 5345 opus
1734 5278 1782 5330 ei
1821 5278 2062 5335 futurum
2128 5282 2404 5341 existimo.
2435 5286 2591 5354 Quod
2656 5292 2700 5344 si
2733 5291 2801 5344 ab
2830 5293 2978 5347 omni
3022 5308 3315 5363 corporum
3343 5271 3475 5352 vitio
3518 5298 3585 5351 li-

325 5367 515 5421 berum
555 5366 685 5420 illud
748 5380 869 5421 esse
925 5372 1193 5434 oporteat.
1225 5373 1280 5419 ut
1323 5366 1531 5433 eadem,
1572 5368 1658 5423 ubi
1708 5379 1971 5440 concepta
2004 5372 2119 5443 jam
2148 5385 2297 5441 sunt,
2327 5376 2603 5433 vindicare
2632 5379 2700 5432 ab
2730 5378 2974 5448 interitu,
3004 5395 3057 5437 et
3081 5384 3360 5439 continuere
3388 5388 3587 5456 possit,

325 5460 457 5525 mihi
500 5474 652 5523 sane,
706 5468 902 5528 praeter
933 5459 985 5513 id
1016 5474 1185 5514 unum
1212 5458 1358 5528 quod
1414 5476 1606 5531 expers
1649 5467 1898 5534 corporis
1936 5469 2026 5535 sit,
2055 5470 2323 5537 ejusmodi
2360 5480 2481 5529 esse
2540 5475 2675 5529 nihil
2701 5476 2934 5531 videtur.
2959 5477 3040 5533 Ex
3097 5479 3352 5535 omnibus
3386 5483 3585 5553 quippe

326 5551 532 5605 naturis
566 5565 670 5604 una
711 5549 826 5604 haec
856 5559 955 5615 est,
989 5564 1111 5619 qua:
1144 5563 1267 5602 cum
1335 5548 1452 5618 ipsa
1513 5554 1807 5618 consistat,
1853 5566 1964 5611 tum
2006 5561 2167 5615 etiam
2203 5564 2356 5617 lirma
2388 5566 2456 5621 sit
2498 5583 2561 5623 ac
2611 5568 2804 5636 solida,
2842 5585 2940 5625 nec
2987 5572 3233 5641 corporei
3285 5572 3582 5643 quidquam

324 5647 548 5701 omnino
580 5645 756 5701 simile
783 5642 998 5698 habeat.
1028 5639 1138 5697 Nec
1158 5643 1302 5698 enim
1330 5654 1619 5715 generatur
1684 5649 1794 5715 illa,
1867 5666 1967 5706 nec
2007 5658 2223 5720 crescit,
2274 5676 2374 5715 nec
2424 5662 2534 5715 alio
2569 5671 2720 5717 motu
2762 5664 2938 5719 cietur
2985 5665 3117 5721 ullo.
3170 5666 3249 5723 Ac
3298 5678 3584 5739 propterea

322 5755 537 5808 aequum
598 5739 652 5795 in
688 5737 879 5809 primis
926 5744 981 5791 et
1028 5743 1454 5794 consentaneum
1508 5740 1701 5797 merito
1750 5742 1927 5798 visum
1997 5757 2102 5815 est,
2156 5751 2296 5807 hanc
2337 5752 2412 5809 rei
2459 5757 2710 5825 corporis
2759 5760 2965 5827 experti
3020 5737 3433 5834 praerogativam
3481 5766 3581 5821 tri-
