4090 6382
509 325 648 380 1547

1064 442 1296 501 CAPUT
1327 443 1519 501 XVlIl.

611 579 782 634 Stoici
807 581 870 634 de
887 582 1122 636 universi
1145 583 1564 655 conﬂagratione
1581 585 1709 655 quid
1731 587 1987 644 sentiant.

581 798 600 829 ‹
645 777 846 843 Placet,
881 779 1078 850 inquit,
1116 791 1278 837 secta:
1307 783 1473 852 hujus
1498 784 1900 854 antiquissimis
1934 796 2096 858 atque

502 873 778 940 primariis
807 915 822 938 ,
869 884 993 943 post
1026 875 1295 931 maximos
1349 876 1617 946 quosdam
1673 881 2092 935 conversionum

503 965 788 1030 circuitus,
825 966 877 1019 in
930 982 1108 1021 aerem
1145 967 1319 1036 primo
1349 970 1548 1022 mutari
1578 969 1857 1035 universa,
1889 981 2003 1026 tum
2041 973 2093 1026 iu

503 1057 681 1127 ignem
713 1058 995 1113 aetherium
1031 1069 1307 1128 postremo
1346 1061 1592 1115 dissolvi.
1620 1081 1637 1113 ι
1669 1061 1879 1129 Quibus
1901 1064 2096 1120 deinde

504 1151 784 1221 subjungit
810 1168 822 1204 :
848 1171 865 1202 ι
885 1149 964 1207 Ex
999 1152 1084 1206 his
1113 1168 1280 1223 porro
1312 1154 1606 1210 manifeste
1631 1155 1824 1226 liquet,
1855 1171 1974 1211 eam
2011 1173 2096 1212 re-

503 1259 623 1298 rum
679 1244 1111 1312 confusionem,
1171 1261 1279 1300 non
1336 1247 1402 1301 ad
1466 1262 1658 1303 earum
1729 1250 2092 1306 substantiam

499 1333 867 1406 Chrysippum
911 1335 1202 1398 retulisse;
1255 1337 1359 1392 hoc
1385 1338 1533 1392 enim
1573 1354 1802 1408 prorsus
1836 1339 1954 1395 ﬁeri
1985 1355 2093 1394 non

503 1436 681 1495 potest
711 1446 723 1481 :
757 1428 849 1482 sed
882 1444 1001 1483 eam
1039 1429 1326 1495 duntaxat,
1359 1445 1481 1500 quae
1525 1445 1626 1500 pro
1675 1430 1859 1500 aliqua
1917 1441 2094 1486 muta-

501 1521 650 1574 tione
678 1531 946 1576 sumatur.
997 1521 1383 1592 Corruptionis
1427 1524 1574 1578 enim
1614 1525 1962 1590 vocabulum,
2001 1525 2093 1579 ubi

499 1610 567 1664 de
599 1611 758 1665 solita
795 1613 981 1666 mundi
1019 1621 1142 1682 p0st
1173 1614 1524 1684 longissimas
1549 1615 1942 1670 conversiones
1971 1631 2095 1671 cor-

497 1705 752 1775 ruptione
773 1704 1097 1775 loquuntur,
1124 1706 1270 1762 haud
1303 1707 1523 1777 pr0prie
1545 1707 1764 1777 quidem
1795 1708 2089 1777 accipiunt,

498 1797 593 1864 qui
646 1812 829 1851 rerum
876 1799 934 1852 in
989 1798 1170 1869 ignem
1227 1800 1472 1852 omnium
1522 1798 1939 1854 dissolutionem
1973 1784 2091 1854 fieri

499 1889 744 1955 tradunt,
773 1905 936 1960 quam
970 1890 1071 1961 ipsi
1115 1890 1595 1960 conﬂagrationem
1626 1891 1900 1960 appellant
1928 1909 1943 1959 ;
1991 1892 2085 1946 sed

496 1981 620 2051 ejus
652 1999 774 2053 quae
797 1983 852 2037 in
888 1993 1083 2038 natura
1128 1985 1400 2056 contingit
1450 1984 1769 2039 mutationis
1812 1983 1954 2050 loco,
1983 1999 2085 2038 vo-

495 2089 615 2129 cem
669 2075 815 2130 illam
868 2076 1238 2145 corruptionis
1313 2083 1605 2144 usurpant.
1673 2071 1879 2129 Volunt
1936 2075 2083 2130 enim

496 2166 701 2231 Stoici,
736 2183 919 2223 rerum
960 2177 1212 2222 naturam
1251 2167 1497 2223 omnium
1526 2167 1580 2222 in
1612 2167 1792 2238 ignem
1826 2176 2085 2238 tanquam

493 2256 550 2310 in
586 2272 771 2312 semen
807 2258 1024 2328 ali‘quod
1075 2257 1301 2323 mutari,
1357 2273 1425 2312 ex
1477 2271 1590 2328 quo
1642 2273 1862 2313 rursum
1907 2259 2088 2329 qualis

494 2356 622 2408 ante
664 2349 876 2415 fuerat,
930 2348 1206 2420 perfectus
1262 2350 1507 2419 ipsarum
1560 2359 1789 2404 ornatus
1833 2350 2082 2406 exsistat.

492 2437 671 2506 Atque
703 2439 808 2494 hoc
847 2438 1048 2510 dogma
1099 2448 1263 2494 sectae
1301 2437 1470 2508 hujus
1504 2445 1559 2492 et
1596 2437 1870 2508 principes
1911 2445 1965 2491 et
1992 2452 2086 2491 ve-

492 2531 784 2586 iustissimi
809 2533 1261 2602 comprobarunt,
1294 2530 1464 2595 Zeno,
1499 2529 1789 2586 Cleanthes
1822 2539 1877 2584 et
1911 2529 2085 2602 Chry-

1155 324 1424 382 EUSEBH
1468 326 1960 385 CESARIENSIS
1999 329 2153 386 OPP.
2194 330 2372 388 PARS
2413 333 2475 388 ll.
2517 365 2587 377 —
2625 335 3142 394 APOLOGETICA.

2119 459 2166 515 Α

3651 343 3792 398 1538

2726 455 3125 510 ΚΕΦΑΛΑῙΟΝ
3174 457 3280 510 IH'.

2202 592 2399 660 Ὅπως
2442 597 2496 649 οἱ
2551 595 2792 650 Στωϊκοὶ
2851 595 3129 663 περὶτῆς
3178 596 3287 651 τοῦ
3337 597 3566 663 παντὸς
3608 598 3793 652 ἐκπυ-

2670 667 2915 734 ρώσεως
2937 666 3316 731 δοξάζουσιν.

2272 795 2290 828 ι
2339 778 2587 851 Ἀρέσκει
2613 779 2670 832 δὲ
2695 783 2808 843 τοῖς
2835 779 3229 851 πρεσϐυτάτοις
3270 779 3378 833 τῶν
3410 779 3518 833 ἀπὸ
3550 779 3649 850 τῆς
3702 780 3789 832 al-

2199 870 2402 941 ρέσεως
2431 869 2657 941 ταύτης,
2691 868 3047 942 ἐξαεροῦσθαι
3082 872 3258 926 πάντα
3317 872 3458 926 κατά
3508 871 3790 942 περιόδους

2193 962 2348 1026 τινάς
2379 963 2478 1027 τὰς
2501 964 2781 1035 μεγίστας,
2810 967 2891 1029 είς
2923 965 3038 1038 πῦρ
3075 964 3367 1038 αἰθερῶδες
3407 965 3791 1034 ἀναλυομένων

2195 1055 2433 1110 πάντων.
2474 1077 2490 1106 ι
2537 1058 2647 1110 Καὶ
2678 1057 2804 1128 ἑξῆς
2837 1056 3056 1126 ἐπάγει·
3089 1076 3108 1108 ι
3157 1057 3252 1110 Ἐκ
3300 1056 3506 1110 τούτων
3525 1057 3582 1109 δὲ
3606 1055 3787 1127 δῆλον,

2193 1147 2276 1199 ὅτι
2309 1145 2633 1218 Χρύσιππος
2653 1147 2745 1200 ἐπὶ
2766 1147 2862 1218 τῆς
2890 1146 3080 1210 οὐσίας
3105 1148 3166 1199 οὐ
3216 1145 3421 1216 ταύτην
3480 1143 3789 1218 παρείληφε

2193 1239 2291 1311 τὴν
2314 1238 2593 1310 σύγχυσιν·
2623 1239 2879 1292 ἀδύνατον
2914 1238 3042 1311 γάρ’
3088 1239 3223 1292 ἀλλὰ
3280 1239 3381 1310 τὴν
3413 1238 3532 1292 ἀντὶ
3564 1237 3663 1309 τῆς
3691 1256 3790 1309 με-

2191 1331 2425 1402 ταϐολῆς
2456 1331 2775 1402 λεγομένην.
2807 1331 2879 1383 Οὐ
2905 1330 3014 1404 γὰρ
3043 1332 3134 1384 ὲπί
3157 1330 3258 1401 τῆς
3277 1329 3370 1383 τοῦ
3402 1332 3608 1401 κόσμου
3644 1329 3790 1385 κατά

2193 1422 2477 1494 περιόδους
2523 1423 2623 1486 τὰς
2669 1422 2930 1493 μεγίστας
2978 1422 3270 1494 γινομένης
3321 1421 3528 1493 φθορᾶς
3579 1422 3788 1494 κυρίως

2193 1513 2682 1586 παραλαμϐάνουσι
2719 1515 2819 1586 τὴν
2853 1512 3080 1587 φθορὰν,
3114 1516 3162 1567 οἱ
3191 1514 3290 1583 τὴν
3317 1515 3395 1576 είς
3426 1512 3538 1584 πῦρ
3587 1513 3788 1567 ἀνάλυ-

2193 1623 2277 1661 σιν
2301 1607 2410 1660 τῶν
2437 1608 2573 1661 ὅλων
2623 1605 3063 1679 δογματίζοντες,
3119 1607 3186 1678 ἣν
3222 1605 3286 1678 δὴ
3337 1604 3593 1658 καλοῦσιν
3622 1607 3786 1659 ἐκπύ·

2194 1715 2379 1771 ρωσινο
2417 1698 2530 1752 ἀλλ’
2565 1690 2684 1752 ἀντὶ¹
2710 1699 2812 1769 τῆς
2842 1697 2982 1752 κατά
3012 1697 3174 1768 φύσιν
3224 1696 3526 1768 μεταϐολῆς
3542 1695 3785 1768 χρῶνται

2191 1795 2257 1862 τῇ
2311 1791 2656 1863 προσηγορίᾳ
2733 1792 2846 1863 τῆς,
2902 1790 3128 1863 φθορᾶς.
3201 1790 3448 1862 Ἀρέσκει
3499 1789 3610 1860 γὰρ
3669 1789 3784 1848 τοῖς

2191 1887 2450 1948 Στωϊκοῖς
2491 1883 2801 1953 φιλοσόφοις
2847 1883 2946 1956 τὴν
2986 1883 3115 1954 ὃλην
3143 1881 3328 1936 οὐσίαν
3368 1882 3447 1945 εἰς
3482 1878 3593 1950 πῦρ
3620 1895 3786 1949 μετα-

2191 1978 2424 2041 ϐάλλειν,
2457 1971 2568 2031 οἷον
2587 1980 2666 2041 εἰς
2691 1978 2933 2049 σπέρμα,
2963 1976 3056 2028 καὶ⁹
3090 1974 3249 2028 πάλιν
3276 1975 3356 2055 ἐκι
3388 1971 3581 2025 τούτου
3612 1969 3784 2038 αὐτὴν

2191 2070 2565 2126 ἀποτελεῖσθαι
2607 2069 2705 2140 τὴν
2760 2068 3146 2139 διακόσμησιν,
3177 2067 3265 2120 οἵα
3303 2065 3364 2118 τὸ
3389 2065 3653 2137 πρότερον
3688 2057 3779 2133 ἦν.

2192 2163 2301 2217 Καὶ
2320 2161 2481 2216 τοῦτο
2510 2161 2570 2216 τὸ
2601 2162 2779 2232 δόγμα
2801 2159 2911 2214 τῶν
2943 2159 3052 2213 ἀπὸ
3074 2158 3174 2229 τῆς
3207 2157 3469 2230 αἱρέσεως
3493 2157 3541 2209 οἱ
3573 2155 3782 2225 πρῶτοι

2190 2256 2284 2308 καὶ
2301 2254 2668 2328 πρεσϐύτατοι
2702 2254 3069 2326 προσήκαντο,
3099 2253 3283 2323 Ζήνων
3308 2267 3390 2310 τε,
3440 2249 3534 2302 καὶ
3573 2247 3783 2301 Κλεάν-

2191 2352 2310 2424 θης,
2344 2353 2436 2406 καὶ
2465 2351 2806 2424 Χρύσιππος.
2831 2349 2936 2404 Τὸν
2977 2349 3076 2421 μέν
3108 2348 3218 2421 γὰρ
3265 2346 3456 2400 τούτου
3509 2342 3779 2416 μαθητὴν,

2190 2446 2284 2498 καὶ
2305 2444 2546 2516 διάδοχον
2567 2444 2666 2514 τῆς
2695 2443 2893 2515 σχολῆς
2922 2442 3144 2514 Ζήνωνά
3168 2458 3331 2511 φασιν
3377 2438 3624 2508 ἐπισχεῖν
3651 2434 3781 2505 περὶ

2189 2534 2290 2605 τῆς
2321 2535 2688 2607 ἐκπυρώσεως
2719 2533 2829 2588 τῶν
2855 2533 3011 2588 ὅλων.

487 2625 704 2695 Sippus.
738 2625 875 2681 Nam
902 2626 1191 2698 Chrysippi
1225 2629 1448 2696 quidem
1477 2625 1832 2696 discipulum.
1872 2636 1928 2680 et
1956 2641 2335 2686 successorem
2376 2631 2433 2686 in
2473 2631 2664 2687 schola
2694 2627 2996 2696 Zenonem,
3035 2627 3092 2682 in
3133 2627 3223 2681 illa
3257 2626 3323 2681 de
3348 2622 3781 2694 conﬂagratione

491 2717 680 2772 mundi
715 2717 1039 2786 quaestione,
1071 2716 1448 2773 assensionem
1479 2716 1772 2772 retinuisse
1798 2717 1974 2772 aiunt.

1082 2895 1314 2951 CAPUT
1345 2894 1489 2952 XIX.

596 3031 1051 3097 Quemadmodum
1088 3030 1256 3085 Stoici
1287 3032 1349 3085 de
1371 3031 1565 3084 iterato
1589 3030 1822 3084 universi
1849 3040 1969 3085 ortu

1051 3103 1507 3172 philosophentur.

565 3256 587 3294 ι
627 3239 1032 3310 Posteaquam,
1073 3237 1296 3308 inquit,
1346 3252 1414 3292 eo
1452 3253 1626 3308 usque
1668 3251 1958 3310 progressa
1997 3249 2082 3294 est

488 3334 628 3388 ratio
659 3332 993 3398 communis,
1020 3312 1442 3400 communisque
1469 3340 1665 3384 natura
1707 3347 1845 3385 nova
1881 3332 2067 3402 magni

491 3429 697 3494 tudine,
730 3442 795 3481 ac
819 3426 975 3480 novis
1002 3423 1356 3479 incrementis
1382 3432 1568 3489 aucta,
1612 3439 1701 3479 res
1731 3423 1953 3480 demum
1981 3441 2078 3480 ex-

489 3518 736 3580 siccavit,
763 3515 924 3586 821
961 3524 1127 3585 atque
1151 3516 1207 3569 in
1249 3531 1372 3571 sese
1407 3515 1616 3586 recepit
1652 3516 1974 3583 universas;
2021 3517 2076 3571 in

488 3607 646 3676 plena
677 3606 1030 3660 constituitur
1052 3606 1368 3677 integraque
1385 3606 1718 3674 substantia,
1738 3609 1938 3678 quippe
1957 3623 2077 3679 quae

489 3697 556 3752 ad
585 3697 888 3766 principem
926 3695 1092 3762 illam,
1127 3707 1186 3750 ut
1219 3699 1543 3768 appellatur,
1588 3699 1880 3764 rationem,
1911 3710 2076 3769 atque

487 3795 555 3845 ad
603 3790 1061 3845 resurrectionem
1119 3789 1266 3844 illam
1327 3791 1511 3860 magni
1560 3790 1887 3847 effectricem
1945 3793 2073 3846 anni

488 3883 710 3939 redierit
737 3901 755 3936 :
781 3897 890 3952 quo
923 3883 1145 3953 quidem
1198 3897 1367 3950 anno,
1394 3897 1458 3938 ex
1490 3899 1554 3938 ea
1583 3883 1695 3938 sola
1725 3883 1779 3936 in
1826 3885 2071 3939 eamdem

487 3990 684 4032 rursus
736 3975 1068 4030 instauratio
1107 3975 1223 4029 ﬁeri
1263 3974 1566 4030 consuevit.
1623 3975 1698 4030 Ad
1733 3991 1860 4029 eum
1907 3991 2070 4046 porro

489 4076 692 4122 statum
731 4076 1006 4133 revocata,
1057 4067 1249 4122 eodem
1281 4081 1511 4136 prorsus
1556 4067 1770 4132 ordine,
1825 4082 1935 4136 quo
1959 4067 2070 4135 jam

488 4167 613 4213 ante
642 4159 906 4212 mundum
949 4155 1204 4212 similiter
1259 4172 1462 4212 ornare
1507 4165 1768 4227 cmperat,
1825 4158 2071 4213 eamdem

488 4251 708 4310 iterum.
736 4265 848 4319 quo
884 4249 1044 4303 modo
1077 4250 1215 4303 ratio
1235 4248 1497 4319 postulat,
1539 4264 1723 4304 rerum
1765 4249 2075 4319 dispositio-

487 4357 608 4396 nem
659 4351 822 4411 atque
886 4340 1419 4395 administrationem
1475 4339 1748 4404 instituit,
1795 4342 2071 4411 ejusmodi

485 4433 935 4491 conversionibus
963 4448 1029 4488 ex
1057 4434 1207 4488 omni
1237 4433 1540 4490 aeternitate
1569 4449 1634 4489 ac
1662 4434 1780 4490 sine
1808 4435 1917 4488 ulla
1953 4451 2072 4489 ces-

485 4526 697 4582 satione
731 4524 1104 4581 redeuntibus.
1140 4523 1372 4596 Quippe,
1401 4524 1663 4596 principii
1711 4526 1796 4582 sui
1840 4542 2068 4581 causam

485 4634 586 4673 nec
616 4617 816 4672 habere
848 4617 1012 4672 simul
1039 4615 1296 4671 universa
1337 4626 1590 4687 possunt,
1630 4633 1730 4673 nec
1778 4618 2068 4674 universo-

2690 2895 3087 2950 ΚΕΦΑΛΔΙΟΝ
3151 2896 3235 2953 ἴθ’

2184 3035 2384 3102 Ὅπως
2431 3031 2790 3099 δοξάζουσιν
2836 3036 2891 3088 οὶ
2943 3036 3188 3105 Σζωῖκοὶ
3237 3034 3371 3104 περὶ
3425 3033 3534 3104 τῆς
3561 3038 3774 3105 παλιγ-

2642 3106 2924 3190 γενεσίας
2957 3103 3076 3157 τῶν
3107 3105 3288 3159 ὅλων.

2260 3258 2280 3292 ι
2323 3241 2446 3293 Ἐπὶ
2470 3237 2691 3293 τοσοῦτο
2743 3235 2802 3292 δὲ
2835 3238 3114 3311 προελθὼν
3176 3242 3206 3293 ό
3239 3241 3415 3306 κοινὸς
3442 3240 3618 3310 λόγος,
3677 3244 3774 3296 καὶ

2187 3332 2343 3402 κοινῆ
2372 3330 2534 3401 φύσις
2563 3331 2766 3403 μείζων
2787 3332 2882 3385 καὶ
2904 3331 3105 3384 πλείων
3129 3333 3419 3403 γενομένη,
3451 3333 3610 3398 τέλος
3637 3336 3773 3389 ἀνα-

2185 3425 2465 3497 ξηράνασα
2493 3424 2604 3495 (55)
2624 3413 2834 3488 πάντα,
2867 3426 2962 3478 καὶ
2991 3426 3070 3488 είς
3093 3425 3292 3496 ἑαυτὴν
3325 3425 3690 3491 ἀναλαϐοῦσα,
3714 3429 3772 3480 ἐν

2183 3518 2247 3588 τῇ
2280 3516 2430 3589 πάσῃ
2449 3516 2605 3587 οὐσία
2630 3516 2858 3585 γίνεται,
2903 3516 3271 3570 ἐπανελθοῦσα
3305 3519 3384 3582 είς
3433 3519 3524 3571 τὸν
3553 3519 3772 3589 πρῶτον

2185 3608 2418 3681 ρηθέντα
2447 3608 2626 3677 λόγον,
2656 3610 2752 3662 καὶ¹
2785 3600 2864 3672 εἰς
2917 3608 3017 3680 τὴν
3077 3608 3371 3662 ἀνάστασιν
3421 3609 3640 3682 ἐκείνην
3669 3610 3770 3682 τὴν

2181 3698 2441 3752 ποιοῦσαν
2472 3699 2715 3753 ἐνιαυτὸν
2746 3701 2836 3754 τὸν
2890 3700 3166 3772 μέγιστον,
3226 3701 3348 3754 καθ’
3374 3701 3434 3754 ὃν
3479 3701 3575 3754 ἀπ’
3598 3703 3770 3772 αὐτῆς

2185 3791 2353 3862 μόνης
2381 3795 2461 3855 είς
2490 3793 2662 3865 αὐτὴν
2680 3791 2840 3846 πάλιν
2869 3793 3078 3862 γίνεται
3107 3793 3139 3863 ἢ
3172 3794 3618 3858 ἀποκατάστασις
3633 3795 3765 3866 (36).

2188 3875 2593 3938 Ἐπανελθοῦσα
2624 3885 2703 3949 δὲ,
2765 3885 2854 3940 διὰ
2911 3886 3084 3951 τάξιν,
3137 3875 3230 3956 ἀφ’
3279 3888 3397 3951 οἵας
3451 3889 3770 3960 διακοσμεῖν

2180 3975 2441 4040 ὡσαύτως
2475 3976 2697 4047 ἤρξατο,
2733 3977 2874 4031 κατά
2899 3977 3054 4047 λόγον
3081 3978 3242 4032 πάλιν
3274 3981 3373 4050 τὴν
3411 3982 3583 4052 αὐτὴν
3626 3981 3768 4048 διεξ-

2180 4069 2402 4141 αγωγὴν
2423 4074 2676 4133 ποιεῖται,
2695 4071 2805 4126 τῶν
2831 4073 3087 4126 τοιούτων
3112 4074 3378 4144 περιόδων
3400 4075 3459 4141 ἐξ
3489 4075 3662 4128 ἀϊδίου
3689 4093 3767 4144 γι-

2180 4161 2417 4232 νομένων
2459 4162 2918 4226 ἁκαταπαύστως.
2969 4161 3105 4217 υύτε
3137 4165 3244 4236 γάρ
3269 4165 3368 4234 τῆς
3389 4166 3563 4237 ἀρχῆς
3589 4167 3765 4219 αἰτίαν

2179 4254 2273 4306 καὶ
2293 4255 2458 4307 πᾶσιν
2480 4249 2593 4307 οἷόν
2617 4272 2676 4308 τε
2709 4255 2973 4324 γίνεσθαι,
2991 4253 3114 4309 οὐτε
3129 4257 3221 4310 τοῦ
3250 4258 3576 4323 διοικοῦντος
3602 4259 3759 4314 αὐτά.

2179 4346 2380 4400 Οὐσίαν
2420 4365 2478 4400 τε
2503 4347 2612 4420 γὰρ
2637 4352 2748 4412 τοῖς
2775 4350 3080 4420 γινομένοις
3110 4351 3404 4420 ὑφεστάναι
3455 4352 3556 4418 δεῖ,
3591 4372 3763 4424 πεφυ-

2178 4439 2336 4490 κυῖαν
2388 4439 2745 4511 ἀναδέχεσθαι
2791 4440 2889 4504 τάς
2949 4441 3253 4512 μεταϐολὰς
3305 4444 3507 4509 πάσας,
3553 4447 3650 4500 καὶ
3701 4447 3761 4498 τὸ

2175 4528 2578 4604 δημιουργῆσον
2603 4531 2662 4596 ἐξ
2713 4533 2904 4603 αὐτῆς.
2959 4528 3059 4588 υἷα
3083 4535 3191 4608 γὰρ
3219 4537 3302 4606 ἐφ’
3333 4537 3490 4609 ἡμῶν
3527 4538 3610 4603 τίς
3647 4541 3760 4592 ἐστι

2178 4621 2338 4691 φύσις
2388 4619 2820 4696 δημιουργοῦσα,
2867 4626 3108 4680 τοιούτου
3170 4629 3315 4694 τινὸς
3361 4632 3483 4684 κατ’
3514 4631 3760 4702 ἀνάγκην

482 4722 602 4764 rum
632 4709 748 4778 ipse
777 4709 1106 4763 moderator.
1152 4705 1289 4762 Nam
1345 4707 1412 4762 iis
1443 4724 1565 4778 qua:
1596 4708 1753 4774 ﬁunt,
1784 4724 1910 4764 cum
1935 4709 2065 4765 sub-

2183 4713 2319 4778 5ντος
2341 4717 2435 4768 καὶ
2468 4718 2525 4768 ὲν
2545 4715 2622 4787 τῷ
2654 4718 2842 4789 κόσμῳ
2866 4719 3182 4792 ἀγεννήτου·
3208 4721 3471 4791 γενέσεως
3497 4722 3606 4794 γὰρ
3659 4727 3757 4796 ἀρ-

483 4801 737 4855 stantiam
765 4801 1056 4871 quamdam
1088 4799 1316 4858 subesse
1339 4816 1564 4857 necesse
1589 4811 1695 4870 est,
1724 4818 1849 4873 quae
1872 4811 2064 4874 suapte

2171 4805 2271 4877 χὴν
2302 4806 2402 4878 οὐχ
2433 4803 2544 4860 οἷόν
2572 4825 2632 4860 τε
2666 4803 2804 4862 εἶναι
2850 4810 2944 4863 ἐπὶ
2996 4812 3094 4880 τῆς
3149 4811 3365 4882 φύσεως
3404 4814 3628 4885 ταύτης.
3665 4818 3758 4868 Ὃν

482 4902 678 4950 natura
712 4896 1041 4950 mutationes
1063 4911 1254 4952 omnes
1294 4895 1553 4965 excipiat,
1593 4905 1708 4951 tum
1756 4896 1810 4951 id
1845 4908 2065 4968 praeter-

2183 4900 2368 4973 τρόπον
2388 4904 2430 4957 δ’
2454 4904 2748 4977 ἀγέννητὸς
2776 4906 2917 4971 ἐστι,
2965 4908 3056 4960 καὶ
3112 4908 3464 4981 ἀναιρεθῆναι
3497 4909 3757 4964 ἀδύνατόν

481 4999 567 5052 ea,
613 4985 760 5055 quod
805 4985 1009 5056 aliquid
1038 5001 1106 5040 ex
1136 5002 1201 5042 ea
1240 4988 1504 5057 perﬁciat.
1549 4985 1872 5057 Cujusmodi
1918 4991 2062 5045 enim

2183 5012 2315 5048 εστιν
2343 4997 2535 5068 αὐτὴν,
2567 4995 2692 5050 οὐτε
2722 4997 2892 5069 αὐτῆς
2915 4997 2976 5063 ἐξ
3017 4999 3211 5070 αὐτῆς,
3239 5000 3361 5054 οὐτε
3388 5001 3589 5067 ἔξωθέν
3614 5020 3754 5067 τινος

480 5078 624 5146 apud
676 5095 775 5134 nos
823 5079 1146 5136 eﬂectricem
1199 5089 1453 5136 naturam
1499 5079 1738 5152 aliquam
1790 5081 2060 5150 videmus,

2183 5086 2556 5160 ἱναιρήσοντος
2578 5089 2768 5162 αὐτήν.
2800 5110 2819 5142 ι
3437 5155 3439 5157 ι

481 5170 752 5239 ejusmodi
797 5175 1104 5229 necessario
1150 5173 1454 5245 quidpiam,
1507 5174 1603 5230 sed
1659 5182 1815 5232 ortus
1861 5192 2077 5248 expers,
2121 5178 2179 5235 in
2235 5183 2355 5252 ipso
2408 5199 2629 5263 quoque
2683 5186 2886 5241 mundo
2917 5187 3229 5270 ponendum
3289 5162 3578 5264 esucum
3636 5193 3755 5246 talis

551 5400 664 5472 (55)
711 5400 1371 5474 Τέλοςίᾴναξηράνασα.
1415 5402 1543 5460 Loci
1597 5405 1760 5474 hujus
1800 5406 2053 5462 lacunam

485 5481 771 5546 nti-aliique
800 5489 864 5527 ex
883 5472 1344 5546 Montactcodice
1378 5472 1783 5546 supplevinius;
1814 5478 2053 5546 priorem

484 5541 566 5617 με
611 5541 793 5617 verbis
836 5544 984 5617 τέλος
1030 5541 1458 5617 ἀναξηράνασα,
1485 5541 1862 5617 posteriorem
1900 5547 2054 5615 istis,

483 5614 540 5664 ἐν
562 5615 636 5686 ’τῇ
665 5614 811 5686 πάσῃ
843 5615 1020 5686 οὐσία.

552 5682 661 5752 (36)
695 5687 760 5760 ᾙ
784 5682 1293 5760 ἀποκατάστασις.
1328 5686 1498 5746 Nemo
1525 5697 1611 5760 est
1649 5689 1744 5760 qui
1771 5690 1877 5746 hoc
1911 5688 2056 5746 Stoi-

481 5769 668 5808 corum
704 5757 898 5818 dogma
935 5756 1104 5813 fuisse
1128 5773 1239 5814 nou
1267 5768 1551 5827 agnoscat.
1583 5759 1645 5818 Β.
1668 5756 2051 5833 Epiphanius.

2154 5408 2355 5464 luet-esi
2381 5423 2433 5472 ν,
2482 5424 2644 5479 quem
2678 5419 2960 5466 auctorem
2992 5421 3214 5468 secutus
3239 5453 3254 5477 ,
3296 5415 3529 5477 nescio.-
3563 5418 3752 5472 mutuli

2155 5479 2578 5558 παλιγγενεσίαν
2625 5483 3151 5558 tacet,_animorum
3196 5488 3609 5558 paratissimi»:
3659 5491 3752 5543 καὶ

2159 5548 2682 5628 μετενσιιὲματώσεις
2714 5553 2907 5628 iisdem
2935 5548 3210 5628 attribuit;
3237 5548 3363 5628 quini
3386 5548 3753 5628 Pyihaanro-

2155 5619 2277 5674 rum
2302 5636 2365 5695 ac
2384 5619 2792 5695 Platonicorum
2821 5624 2992 5679 fuere.
3019 5625 3158 5689 lmo,
3186 5619 3334 5695 quod
3357 5619 3514 5682 val'ile
3551 5619 3748 5686 mirum

2153 5700 2259 5772 est,
2315 5692 2510 5772 haeresi
2540 5707 2615 5749 vn
2665 5693 3055 5765 Peripateticos
3094 5692 3287 5753 eodem
3339 5712 3531 5755 errore
3589 5699 3752 5757 simul

2157 5775 2288 5820 mvo
2314 5771 2410 5819 ιιι.
