4090 6382
330 333 352 387 1
364 333 467 387 349

1480 333 1813 389 PREPAR.
1856 332 2111 388 EVANG.
2152 331 2279 386 LIB.
2322 332 2439 389 XV.

3437 341 3458 395 Ι
3468 342 3575 398 550

329 441 521 483 natura
556 439 707 485 ortus
740 446 823 484 stu
853 429 1175 499 principium
1204 429 1402 483 habere
1434 429 1640 483 nullum
1696 428 1920 483 omnino
1962 429 2155 497 possit.
2211 430 2276 482 Et
2322 428 2777 498 quemadmodum
2831 441 2953 487 ortu
3001 433 3114 503 ipsa
3148 447 3314 502 caret,
3368 437 3439 492 ita
3476 456 3571 497 nec

330 538 568 592 unquam
597 523 816 577 interire
835 534 1031 592 potest,
1064 538 1189 578 cum
1249 537 1349 577 nec
1383 522 1500 591 ipsa
1549 538 1643 589 per
1688 537 1809 577 sese
1837 522 2014 590 perire
2068 531 2251 590 queat,
2307 538 2407 576 nec
2469 521 2614 576 aliud
2643 522 2937 592 quidquam
2974 525 3064 589 sit,
3121 530 3265 597 quod
3302 532 3563 586 extrinse-

328 630 425 669 cus
456 614 602 668 illam
635 615 963 681 exstinguat.
1004 633 1022 664 ι

849 702 1240 757 ΚΕΦΑΛΑΙΟΝ
1275 705 1359 759 Κ’.

433 818 630 881 ’Ὀπως
654 815 1007 879 δοξάζουσιν
1039 820 1091 869 οἱ
1128 818 1368 871 Στωϊκοὶ
1390 816 1518 885 περὶ
1558 817 1785 887 ψυχῆς.

402 946 421 978 ι
461 928 533 979 Τὸ
562 926 617 979 δὲ
646 926 865 998 σπέρμα
894 928 1056 999 φησὶν
1091 930 1119 980 ό
1150 930 1334 989 Ζήνων
1371 926 1532 994 εἶναι,
1561 930 1589 983 ὃ
1646 930 1893 1003 μεθίησιν

325 1016 608 1087 ἄνθρωπος
674 1017 889 1088 πνεῦμα
950 1017 1066 1088 μεθ’
1101 1020 1291 1089 ὐργοῦ,
1349 1019 1527 1090 ψυχῆς
1586 1021 1749 1092 μέρος
1801 1024 1893 1075 καὶ

324 1108 676 1179 ἀπόσπασμα,
708 1108 799 1161 καὶ
848 1108 941 1161 τοῦ
994 1110 1304 1181 σπέρματος
1344 1110 1436 1164 τοῦ
1470 1111 1579 1165 τῶν
1614 1114 1892 1184 προγόνων

324 1200 594 1271 κέρασμα,
623 1201 717 1254 καὶ
753 1201 928 1273 μίγμα
956 1201 1065 1255 τῶν
1091 1203 1189 1272 τῆς
1236 1203 1414 1274 ψυχῆς
1449 1204 1631 1277 μερῶν
1674 1207 1894 1276 συνελη-

325 1291 499 1354 λυθός.
539 1291 700 1361 Ἔχον
731 1292 837 1363 γὰρ
884 1295 1011 1357 τοὺς
1058 1293 1249 1363 λόγους
1279 1296 1357 1366 τῷ
1397 1296 1502 1367 ὅλῳ
1534 1297 1659 1361 τοὺς
1697 1299 1892 1361 αὐτοὺς

322 1382 497 1447 τοῦτο,
555 1383 682 1435 ὅταν
723 1383 896 1455 ἀφεθῇ
926 1386 1004 1446 είς
1050 1385 1148 1456 τὴν
1186 1388 1415 1458 μήτραν,
1470 1387 1771 1458 συλληφθὲν
1800 1390 1891 1441 ὑπ’

323 1480 480 1535 ἄλλου
511 1483 835 1552 πνεύματος,
867 1481 1027 1553 μέρος
1056 1479 1234 1550 ψυχῆς
1253 1479 1352 1549 τῆς
1399 1479 1491 1532 τοῦ
1537 1480 1745 1550 θήλεος,
1801 1483 1893 1534 καὶ

324 1574 566 1643 συμφυὲς
588 1574 895 1643 γενόμενον,
940 1572 1143 1643 κρυφέν
1175 1589 1234 1625 τε
1277 1572 1399 1641 φύει
1433 1572 1745 1642 κινούμενον
1796 1574 1891 1625 καὶ

321 1664 804 1737 ἀναρριπιζόμενον
861 1666 951 1717 ὑπ’
982 1664 1210 1725 ἐκείνου,
1254 1663 1667 1734 προσλαμϐάνον
1692 1665 1779 1717 ἀεὶ
1812 1664 1892 1727 είς

321 1757 382 1811 τὸ
407 1757 568 1828 ὑγρὸν
608 1756 943 1823 καὶαύξάνον
969 1756 1025 1821 ἐξ
1052 1754 1262 1808 ἑαυτοῦ.
1297 1775 1314 1807 ι
1370 1757 1478 1807 Καὶ
1511 1755 1648 1825 μετά
1687 1755 1891 1826 βραχέα

323 1852 612 1919 ὲπιλέγει·‹
642 1852 774 1922 Περὶ
791 1851 847 1903 δὲ
874 1849 1053 1919 ψυχῆς
1084 1848 1361 1918 Κλεάνθης
1389 1850 1505 1918 μὲν,
1558 1849 1626 1902 τὰ
1651 1850 1892 1919 Ζήνωνος

320 1945 561 2014 δόγματα
588 1943 1014 2014 παρατιθέμενος
1070 1942 1205 2013 πρὸς
1258 1942 1563 2011 σύγκρισιν,
1625 1941 1722 2011 τὴν
1755 1940 1891 2012 πρὸς

319 2036 444 2097 τοὺς
476 2034 666 2096 ἄλλους
701 2034 810 2105 (57)
835 2035 1115 2101 φυσικοὺς,
1146 2033 1328 2103 φησὶν,
1377 2035 1459 2086 ὅτι
1494 2036 1677 2105 Ζήνων
1714 2034 1891 2104 ψυχὴν

319 2126 462 2193 λέγει
490 2126 802 2196 αἴσθησιν,σῆ
828 2126 1208 2196 ἀναθυμίασιν,
1240 2126 1492 2198 καθάπερ
1520 2127 1885 2197 Ἡράκλειτος.

2607 700 2835 757 CAPUT
2866 701 2985 756 XX.

2159 812 2613 879 Quemadmodum
2640 813 2808 869 Stoici
2839 816 2903 870 de
2927 819 3102 872 animo
3141 823 3391 877 sentiant.

2078 946 2097 980 ι
2154 928 2371 994 Semen,
2430 929 2506 982 ait
2555 928 2721 995 Zeno,
2777 930 3049 1000 spiritum,
3106 932 3349 1003 inquam,
3396 936 3570 1002 illum,

2000 1036 2159 1090 quem
2195 1021 2360 1075 homo
2385 1020 2584 1075 emittit
2616 1037 2740 1076 cum
2792 1023 3019 1078 humore
3052 1025 3425 1095 conjunctum,
3456 1030 3571 1083 ani-

2003 1110 2075 1162 mi
2118 1110 2442 1177 particulam
2492 1125 2613 1164 esse
2661 1111 3045 1183 revulsnmque
3083 1113 3344 1181 fructum,
3392 1119 3500 1172 imo
3522 1130 3573 1173 ct

2000 1213 2283 1273 parentum
2317 1204 2543 1259 seminis
2572 1207 3013 1274 temperationem
3059 1209 3317 1278 aliquam,
3366 1221 3419 1266 et
3444 1226 3573 1267 eon-

1998 1305 2199 1349 cretam
2235 1310 2300 1349 ex
2330 1296 2496 1349 animi
2524 1299 2771 1365 partibus
2805 1299 3131 1355 mistionem.
3168 1300 3222 1357 ld
3250 1318 3413 1372 enim,
3446 1320 3570 1360 cum

1997 1388 2242 1441 eamdem
2275 1388 2329 1441 in
2362 1402 2440 1449 se,
2475 1404 2636 1457 quam
2667 1397 2836 1444 totum
2866 1392 3043 1460 ipsum
3080 1394 3189 1447 vim
3213 1404 3265 1449 et
3306 1400 3569 1451 rationem

1999 1478 2342 1543 habeat,cum
2357 1480 2411 1533 in
2431 1480 2966 1549 vulvamimmissum
2986 1483 3355 1551 fuerit,statim
3376 1490 3442 1543 ab
3463 1492 3573 1545 alio

1996 1569 2189 1637 spiritu
2218 1572 2691 1639 comprehensum,
2741 1574 3023 1629 muliebris
3058 1578 3223 1630 animi
3268 1594 3393 1647 pars
3423 1597 3574 1650 qua:-

1994 1659 2119 1714 dam
2150 1669 2449 1731 naturaque
2480 1673 2766 1733 cognatum
2791 1665 3019 1721 efﬁcitur
3044 1683 3057 1734 ;
3079 1668 3317 1735 dumque
3346 1672 3416 1726 ibi
3444 1675 3572 1728 abs-

1993 1752 2270 1807 conditum
2316 1754 2435 1823 ejus
2466 1756 2519 1808 vi
2555 1766 2929 1811 commovetur
2968 1767 3022 1813 et
3051 1760 3341 1826 excitatur,
3374 1768 3573 1819 crescit

1994 1844 2255 1912 paulatim
2291 1846 2346 1900 in
2397 1845 2589 1912 fetum,
2625 1848 2832 1902 humidi
2883 1859 3067 1919 partes
3114 1852 3345 1908 subinde
3399 1872 3570 1912 novas

1993 1951 2302 2003 assumens,
2345 1953 2410 1992 ac
2437 1939 2675 2008 prapriis
2698 1940 2933 2010 gliscens
2955 1942 3326 1999 incrementis.
3366 1965 3385 1997 ι
3445 1946 3571 2005 ιιιιιο

1996 2028 2104 2082 ille.
2126 2026 2262 2081 Tum
2282 2027 2470 2097 paucis
2498 2029 2708 2098 aliquot
2734 2030 3033 2100 interjectis
3057 2051 3071 2086 :
3108 2053 3127 2085 ι
3150 2033 3461 2101 Cleanthes,
3484 2040 3570 2092 in-

1993 2120 2132 2190 quit,
2172 2118 2406 2174 Zenonis
2434 2120 2502 2175 de
2537 2122 2719 2175 animo
2744 2122 2995 2193 dogmata
3024 2142 3146 2181 cum
3175 2128 3405 2183 aliorum
3435 2131 3573 2203 phy-

320 2216 645 2286 Βουλόμενος
676 2216 783 2288 γὰρ
810 2216 1122 2287 ἐμφανίσαι,
1174 2217 1255 2269 ὅτι
1286 2218 1342 2270 αἱ
1369 2218 1537 2286 ψυχαὶ
1578 2216 1888 2288 ἀναθυμιώ-

1996 2212 2233 2266 sicorum
2266 2211 2521 2281 opinione
2547 2214 2914 2280 committens,
2948 2216 3221 2274 Zenonem
3252 2222 3345 2287 ait,
3379 2238 3569 2292 quem-

322 2324 477 2377 μεναι
509 2309 690 2379 νοεραὶ
719 2309 805 2361 ἀεὶ
827 2308 1084 2376 γίνονται.
1116 2308 1332 2361 εἴκασεν
1384 2309 1554 2372 αὑτὰς
1584 2312 1697 2373 τοῖς
1725 2326 1892 2362 ποτα-

322 2399 458 2465 μοῖς,
487 2396 654 2465 λῆξιν
688 2396 874 2459 οὕτως·
920 2398 1213 2467 Ποταμοῖσι
1273 2400 1443 2451 τοῖσιν
1504 2398 1742 2451 αὐτοῖσιν
1789 2402 1890 2471 ἐμ-

317 2487 588 2540 6αίεουσιν
611 2488 770 2559 ἕτερα
799 2488 890 2541 καὶ
924 2495 1082 2559 ετερα
1118 2488 1281 2541 33.17:
1327 2489 1560 2562 ἐπιρρεῖ·
1606 2491 1697 2544 καὶ
1720 2490 1890 2560 ψυχαὶ

319 2582 426 2633 ἀπὸ
455 2581 562 2634 τῶν
586 2581 764 2652 ὑγρῶν
793 2580 1217 2651 ἀναθυμιῶνται.
1258 2583 1643 2655 Ἀναθυμιασιν
1671 2584 1769 2654 μὲν
1798 2581 1889 2638 οὖν

318 2674 514 2743 όμσίως
540 2673 616 2743 τῷ
662 2673 992 2744 Ἡρακλείτῳ
1018 2673 1115 2745 τὴν
1139 2674 1317 2747 ψυχὴν
1357 2675 1647 2747 ἀποφαίνει
1680 2678 1886 2747 Ζήνων.

318 2766 643 2836 Αξσθητικὴν
675 2767 730 2819 δὲ
761 2767 925 2836 αὐτὴν
948 2763 1085 2820 εἶναι
1106 2767 1192 2820 διὰ
1218 2768 1375 2821 τοῦτο
1394 2768 1560 2837 λέγει,
1588 2769 1667 2821 ὅτι
1689 2768 1890 2820 τυποῦ-

320 2859 439 2911 σθαί
468 2876 529 2926 γε
561 2858 777 2911 δύναται
810 2859 870 2911 τὸ
929 2859 1174 2928 μέγεθος,
1206 2859 1268 2912 τὸ
1302 2859 1464 2931 μέρος
1493 2860 1553 2912 τὸ
1590 2858 1890 2931 ἡγούμενον

317 2951 504 3019 αὐτῆς,
540 2950 646 3002 ἀπὸ
676 2949 784 3001 τῶν
816 2949 980 3002 ὄντων
1004 2951 1095 3003 καὶ
1120 2951 1472 3023 ὑπαρχόντων
1516 2950 1626 3022 (58)
1650 2951 1737 3005 διὰ
1780 2950 1888 3004 τῶν

319 3040 701 3112 αἰσθητηρίων,
724 3041 816 3094 καὶ
848 3042 1241 3112 παραδέχεσθαι
1269 3044 1369 3107 τάς
1390 3042 1681 3106 τυπώσεις.
1703 3043 1887 3097 Ταῦτα

318 3132 425 3201 γῗιρ
456 3131 559 3184 ἴδια
586 3131 761 3202 ψυχῆς
790 3136 923 3186 ἐστι.
949 3153 965 3183 ι
1016 3135 1123 3187 Καὶ
1167 3135 1283 3202 μεθ’
1332 3136 1515 3206 ἕτερα·
1582 3155 1600 3187 ι
1632 3130 1785 3188 Εῖναι
1830 3135 1886 3188 δὲ

313 3223 491 3294 ψυχὴν
516 3224 573 3275 ὲν
603 3223 677 3293 τῷ
714 3223 819 3294 ὅλῳ
842 3225 1021 3291 φασιν,
1051 3224 1079 3276 ὃ
1113 3223 1364 3277 καλοῦσιν
1386 3225 1598 3296 αἰθέρα,
1627 3227 1722 3280 καὶ
1750 3228 1885 3295 ἀέρα

315 3312 500 3384 κύκλῳ
534 3315 659 3385 περὶ
691 3314 787 3385 τὴν
817 3315 917 3384 γῆν
965 3315 1057 3366 καὶ
1083 3313 1378 3379 θάλασσαν,
1443 3317 1535 3369 καὶ
1568 3317 1631 3369 ἐκ
1681 3314 1886 3369 τούτων

316 3408 725 3477 ἀναθυμιάσεις·
755 3406 852 3469 τὰς
883 3407 937 3459 δὲ
976 3406 1167 3470 λοιπὰς
1216 3408 1393 3477 ψυχὰς
1444 3410 1885 3478 προσπεφυκέναι

314 3498 507 3572 ταύτῃ,
537 3500 656 3552 ὅσαι
711 3516 769 3550 τε
823 3500 879 3550 ἐν
913 3497 1069 3562 ζώοις
1129 3500 1252 3559 εἰσὶ,
1292 3499 1385 3551 καὶ
1433 3501 1552 3551 ὅσαι
1595 3499 1652 3551 ὲν
1680 3497 1758 3569 τῷ
1784 3515 1883 3550 πε-

1993 2304 2288 2360 admodum
2326 2314 2379 2359 et
2411 2303 2766 2371 Heraclitum,
2799 2309 2968 2363 animi
3001 2320 3252 2368 naturam
3302 2316 3355 2369 in
3401 2332 3567 2372 sensu

1993 2404 2087 2450 aut
2133 2395 2477 2450 exhalatione
2532 2396 2804 2465 posuisse.
2854 2398 2992 2453 Cum
3050 2403 3195 2456 enim
3249 2404 3568 2460 exhalantes

1992 2487 2206 2542 animos
2236 2486 2510 2557 spiritales
2542 2502 2756 2559 semper
2794 2489 2929 2545 cllici
2959 2492 3334 2550 demonstrare
3384 2497 3565 2562 vellet,

1990 2594 2088 2634 eos
2116 2594 2241 2633 cum
2281 2578 2460 2635 ﬂuviis
2499 2582 2875 2650 comparabat,
2928 2584 3014 2640 his
3048 2588 3228 2644 verbis
3270 2598 3469 2645 utens:
3506 2587 3565 2643 In

1991 2671 2204 2736 ﬂuvios,
2237 2672 2537 2742 inquiebat,
2566 2674 2693 2727 licet
2722 2673 2884 2729 iidem
2908 2693 3082 2747 usque
3112 2678 3421 2745 decurrant,
3446 2683 3569 2737 alia:

1990 2769 2173 2814 tamen
2208 2770 2371 2830 atque
2401 2761 2521 2817 alia:
2558 2762 2856 2818 illabuntur
2889 2780 3061 2834 aquae.
3092 2765 3159 2821 Et
3197 2784 3325 2824 vero
3368 2773 3567 2826 animae

1989 2848 2152 2903 rebus
2182 2849 2432 2905 el'ﬂantur
2471 2867 2540 2907 ex
2587 2853 2848 2908 humidis.
2908 2855 2986 2909 Ita
3034 2855 3203 2923 Zeno,
3250 2860 3471 2929 perinde
3506 2871 3567 2917 ut

1988 2938 2315 3009 Heraclitus,
2346 2943 2588 2998 animum
2619 2945 3020 3001 cxhalationem
3053 2963 3175 3004 esse
3203 2949 3560 3007 demonstrat.

1985 3034 2150 3104 822
2197 3035 2456 3090 Eamdem
2495 3045 2778 3107 propterea
2827 3053 2992 3094 sensu
3031 3041 3232 3110 percipi
3264 3058 3426 3112 posse
3470 3045 3568 3099 de-

1986 3126 2178 3189 fendit,
2219 3127 2363 3197 quod
2391 3143 2520 3197 pars
2551 3130 2668 3198 ejus
2700 3129 3041 3201 facultasque
3086 3133 3357 3203 princeps,
3400 3137 3567 3192 rebus

1986 3219 2076 3284 iis,
2109 3234 2232 3286 quae
2268 3234 2362 3285 per
2391 3234 2651 3270 sensuum
2683 3221 2864 3271 aditus
2897 3236 2962 3272 eo
2984 3223 3242 3287 subeunt,
3271 3224 3563 3295 consigne-

1987 3315 2098 3373 tur,
2158 3320 2460 3378 earumque
2503 3306 2711 3362 formas
2759 3308 3132 3381 imaginesque
3169 3313 3451 3383 suscipiat.
3484 3314 3564 3371 Ea

1984 3400 2186 3470 quippe
2236 3399 2402 3454 animi
2438 3398 2658 3469 propria
2698 3408 2846 3454 sunt.
2879 3419 2898 3451 ι
2948 3399 3192 3471 Itemque
3238 3414 3364 3474 post
3409 3406 3513 3462 alia
3544 3426 3561 3461 :

1992 3508 2011 3541 ι
2035 3489 2295 3545 Animum
2342 3500 2544 3558 autem,
2575 3490 2786 3561 inquit,
2828 3491 2883 3546 in
2924 3493 3181 3550 universo
3216 3510 3337 3551 esse
3375 3498 3561 3562 aiunt,

318 3592 569 3660 ριέχοντι’
603 3590 875 3661 διαμένειν
932 3590 1038 3661 γὰρ
1076 3590 1174 3653 τὰς
1216 3590 1322 3644 τῶν
1373 3590 1748 3644 ἀποθανόντων
1780 3591 1883 3660 ψυ-

1989 3596 2149 3650 quem
2175 3582 2555 3653 tetherem‘ipsi
2582 3598 2873 3654 acremque
2893 3595 3110 3652 vocant,
3133 3597 3297 3652 terra,
3319 3591 3479 3656 mari,
3506 3599 3568 3647 et

316 3683 434 3750 χάς.
465 3684 630 3736 Ἔνιοι
652 3683 706 3735 δὲ
752 3683 850 3755 τὴν
878 3684 974 3752 μὲν
998 3683 1090 3735 τοῦ
1116 3682 1235 3735 ὅλου
1271 3681 1458 3745 ἀΐδιον,
1488 3682 1587 3746 τὰς
1610 3682 1666 3736 δὲ
1696 3682 1886 3746 λοιπὰς

318 3776 713 3845 συμμίγνυσθαι
750 3777 839 3828 ἐπὶ
865 3776 1082 3846 τελευτῇ
1118 3778 1195 3840 εἰς
1220 3777 1453 3848 ἐκείνην.
1485 3778 1668 3847 Ἕχειν
1698 3778 1754 3831 δὲ
1782 3778 1887 3830 πᾶ-

319 3883 415 3918 σαν
435 3866 610 3936 ψυχὴν
648 3868 972 3936 ἡγεμονικόν
992 3886 1045 3922 τι
1090 3870 1145 3920 ἐν
1186 3868 1346 3939 αὐτῇ,
1380 3867 1409 3920 ὃ
1430 3867 1493 3939 δὴ
1542 3867 1653 3939 ζωὴ
1679 3867 1774 3922 καὶ
1804 3867 1887 3921 ατ-

319 3955 507 4026 σθησίς
542 3959 655 4009 ἐστι
690 3958 784 4010 καὶ
840 3960 1006 4029 ὁρμή.
1045 3977 1061 4010 ι
1123 3959 1231 4012 Καὶ
1255 3959 1333 4011 ἔτι
1358 3960 1472 4030 μετ’
1505 3957 1679 4026 ὁλίγα’
1714 3976 1733 4010 ι
1774 3958 1885 4030 Τὴν

315 4047 371 4100 δὲ
400 4049 578 4118 ψυχὴν
607 4050 868 4118 γεννητήν
914 4067 971 4102 τε
1025 4052 1117 4103 καὶ
1167 4050 1410 4123 φθαρτὴν
1464 4049 1728 4120 λέγουσιν·
1787 4052 1886 4103 οὐκ

316 4140 475 4202 εὐθὺς
501 4140 558 4191 δὲ
590 4140 685 4192 τοῦ
716 4139 962 4210 σώματος
987 4141 1389 4211 ἀπαλλαγεῖσαν
1413 4142 1751 4215 φθείρεσθαι,
1770 4141 1885 4195 ἀλλ’

315 4230 592 4301 ἐπιμένειν
647 4230 796 4295 τινὰς
845 4232 1067 4301 χρόνους
1110 4232 1227 4285 καθ’
1270 4234 1485 4303 ἑαυτήν·
1511 4234 1609 4305 τὴν
1635 4235 1729 4305 μὲν
1780 4234 1886 4286 τῶν

318 4322 618 4375 σπουδαίων
644 4323 800 4394 μέχρι
826 4324 919 4393 τῆς
952 4325 1027 4387 εἰς
1065 4325 1175 4395 πῦρ
1235 4325 1542 4390 ἀναλύσεως
1589 4325 1699 4378 τῶν
1754 4325 1887 4379 πάν-

314 4431 443 4477 των,
473 4414 571 4486 τὴν
600 4414 655 4467 δὲ
677 4414 785 4467 τῶν
807 4415 1053 4486 ἀφρόνων
1075 4416 1210 4487 πρὸς
1234 4415 1433 4491 ποσούς
1459 4433 1609 4479 τινας
1642 4417 1881 4487 χρόνους.

317 4507 388 4559 Τὸ
413 4506 470 4561 δὲ
491 4507 765 4578 διαμένειν
795 4507 892 4570 τάς
924 4506 1100 4577 ψυχὰς
1127 4506 1269 4560 οὕτω
1289 4498 1556 4575 λέγόυσιν,
1586 4509 1667 4560 ὅτι
1710 4507 1887 4578 διαμέ-

315 4617 477 4669 νομεν
508 4602 668 4671 ἡμεῖς
712 4598 877 4671 ψυχαὶ
922 4600 1221 4669 γενόμενοι.
1263 4598 1357 4652 τοῦ
1416 4597 1665 4669 σώματος
1722 4617 1887 4671 χωρι-

319 4692 552 4756 σθέντος,
580 4694 673 4746 καὶ
696 4693 774 4755 εἰς
800 4691 1002 4745 ὲλάττω
1034 4690 1425 4762 μεταϐαλόντος
1454 4690 1639 4743 οὐσίαν
1663 4691 1761 4761 τὴν
1785 4690 1886 4761 τῆς

315 4781 511 4851 ψυχῆς.
546 4782 656 4844 Τάς
683 4782 739 4835 δὲ
765 4783 870 4836 τῶν
890 4783 1136 4852 ἀφρόνων
1163 4782 1257 4835 καὶ
1286 4781 1496 4848 ἀλόγων
1528 4779 1681 4844 ζώων
1710 4780 1887 4851 ψυχὰς

1986 3674 2399 3743 erumpentibus
2432 3689 2499 3728 ex
2530 3683 2760 3745 utroque
2785 3677 3223 3735 exbalationibus
3264 3682 3563 3737 circumfu-

1986 3779 2104 3820 sam
2132 3783 2147 3819 :
2180 3765 2249 3821 ad
2278 3781 2403 3821 eum
2432 3780 2563 3822 vero
2602 3766 2865 3836 reliquam
2914 3769 3221 3825 animorum
3253 3773 3561 3829 multitudi-

1987 3870 2110 3910 nem
2145 3857 2533 3923 adhaarescere,
2559 3866 2669 3913 tam
2711 3860 2804 3930 qui
2844 3860 3235 3929 animantibus,
3264 3880 3423 3934 quam
3463 3866 3562 3936 qui

1986 3947 2259 4003 ambieute
2281 3963 2383 4004 nos
2411 3964 2534 4005 aere
2580 3952 2930 4006 continentur
2955 3971 2968 4006 :
3002 3952 3379 4011 defunctorum
3410 3957 3558 4012 enim

1985 4039 2199 4095 animos
2243 4041 2407 4095 etiam
2453 4053 2577 4112 post
2644 4043 2852 4098 obitum
2914 4060 3218 4116 superesse.
3270 4046 3561 4105 Nonnullis

1985 4134 2147 4189 etiam
2183 4134 2378 4204 placet,
2423 4134 2663 4189 universi
2715 4136 2934 4206 quidem
2981 4139 3226 4193 animum
3273 4141 3559 4223 sempiter-

1986 4242 2115 4281 num
2173 4242 2335 4293 esse,
2384 4226 2625 4296 reliquos
2675 4242 2804 4283 vero
2854 4230 2957 4285 sub
2990 4230 3267 4286 interitum
3316 4249 3440 4289 cum
3490 4251 3559 4291 eo

1985 4318 2350 4375 commisceri.
2406 4318 2670 4375 Caeterum
2721 4320 3018 4391 principem
3052 4321 3105 4375 in
3156 4324 3411 4380 omnibus
3454 4326 3556 4380 ali-

1985 4428 2150 4482 quam
2185 4412 2364 4466 inesse
2418 4422 2648 4481 partem,
2700 4427 2821 4481 quae
2855 4412 2988 4466 nihil
3049 4413 3193 4468 aliud
3251 4413 3343 4482 sit,
3390 4431 3555 4487 quam

1986 4505 2117 4572 vita,
2156 4518 2431 4575 quamque
2463 4504 2731 4559 sentiendi
2764 4505 2845 4558 vis
2880 4513 2933 4560 et
2965 4506 3273 4575 appetendi.
3323 4505 3556 4563 lterum-

1984 4613 2091 4667 que
2129 4606 2252 4668 post
2278 4612 2472 4667 pauca,
2500 4596 2741 4651 animum
2776 4611 2939 4666 porro
2965 4605 3020 4652 et
3054 4606 3233 4653 ortum
3274 4600 3472 4656 habere
3502 4612 3557 4658 et

1986 4691 2262 4745 interitum
2308 4690 2492 4745 subire
2522 4688 2671 4742 illum
2710 4688 2953 4758 quidem,
2997 4706 3106 4745 non
3139 4700 3319 4747 tamen
3361 4694 3583 4749 simul-'

1987 4792 2149 4852 atque
2197 4795 2427 4851 corpore
2480 4779 2692 4835 solutus
2738 4789 2857 4847 est,
2893 4780 3138 4846 interire,
3188 4783 3284 4838 sed
3335 4800 3561 4841 manere

319 4872 743 4926 συναπόλλυσθαι
769 4876 880 4936 τοῖς
919 4872 1150 4944 σώμασι.
1188 4893 1205 4924 ι
1267 4871 1500 4925 Τοιαῦτα
1549 4872 1641 4924 καὶ
1678 4871 1746 4925 τά
1789 4873 1886 4942 τῆς

1989 4890 2084 4945 per
2133 4872 2369 4943 seipsum
2431 4870 2785 4942 aliquandiu:
2837 4886 2901 4928 ac
2947 4874 3275 4944 sapientium
3333 4876 3555 4946 quidem

317 4965 559 5036 Στωϊκῆς
584 4964 897 5036 φιλοσοφίας
952 4966 1215 5036 δόγματα,
1274 4964 1381 5019 ἀπὸ
1425 4963 1533 5016 τῶν
1570 4962 1893 5035 Ἐπιτομὴν.

328 5056 536 5127 ’Δρείου
558 5056 784 5127 Διδύμου
814 5057 924 5126 (59)
952 5056 1357 5127 συνειλεγμένα.
1392 5055 1535 5127 Πρὸς
1567 5055 1623 5109 δὲ
1646 5054 1743 5127 τὴν
1757 5056 1888 5125 περὶ

314 5148 491 5219 ψυχῆς
519 5148 715 5203 ἄτοπον
743 5148 851 5201 τῶν
886 5148 1094 5220 ἀνδρῶν
1141 5149 1299 5215 δόξαν
1338 5150 1580 5219 ἀπαρκεῖ
1621 5147 1689 5200 τά
1736 5146 1887 5217 παρά

314 5242 563 5313 Λογγίνῳ
584 5241 661 5313 τῷ
710 5241 829 5295 καθ’
871 5244 1015 5313 ἡμᾶς
1047 5241 1325 5312 συντόμως
1384 5239 1747 5311 ἀντειρημένα
1803 5236 1890 5291 διὰ

312 5352 534 5391 τουτων.

386 5495 500 5567 (57)
537 5497 860 5564 Σύγκρισιν
890 5492 1005 5567 τὴν
1036 5509 1098 5545 π.
1132 5494 1268 5567 rid.
1320 5494 1419 5551 Hic
1449 5496 1610 5551 etiam
1633 5510 1698 5549 ex
1724 5492 1873 5567 Mon-

314 5565 417 5645 tac.
450 5567 830 5645 codicepauca
858 5566 1018 5618 verba
1049 5565 1439 5634 supplevitnus,
1467 5580 1697 5636 quorum
1722 5566 1873 5620 locus

316 5638 370 5690 in
398 5636 563 5701 priori
590 5636 824 5689 editione
847 5643 1019 5688 vacat.

386 5708 495 5768 (53)
535 5705 693 5761 Forte
732 5703 1130 5770 ὑπερχομένων.

1989 4965 2202 5021 animos
2225 4964 2292 5019 ad
2314 4975 2610 5020 extremam
2637 4979 2807 5033 usque
2828 4978 3008 5018 rerum
3033 4968 3086 5019 in
3108 4966 3282 5036 ignem
3308 4967 3555 5023 omnium

1989 5057 2437 5124 dissolutionem;
2489 5060 2774 5113 stultorum
2827 5073 2956 5113 vero
3009 5059 3222 5114 nonnisi
3276 5061 3555 5131 aliquanto

1990 5150 2248 5220 temporis
2278 5150 2586 5217 intervallo,
2618 5166 2920 5219 superesse.
2954 5149 3125 5205 Porro
3164 5155 3307 5222 quod
3342 5155 3554 5210 animos

1990 5237 2066 5290 illi
2097 5251 2411 5305 permanere
2442 5237 2661 5303 docent,
2687 5238 2738 5291 id
2773 5239 2851 5292 sic
2876 5238 3199 5310 intelligunt,
3230 5252 3288 5296 ut
3322 5259 3420 5298 nos
3451 5243 3554 5313 ipsi

1991 5328 2297 5383 animorum
2327 5329 2380 5383 in
2410 5338 2660 5385 naturam
2683 5340 3026 5387 transeuntes
3067 5349 3405 5401 maneamus,
3436 5337 3549 5405 jam

2064 5492 2175 5570 (59)
2226 5491 2357 5545 Ἇπὸ
2391 5491 2510 5570 ζῷν
2561 5494 2857 5570 Ἐπιτομὴν
2895 5498 3111 5570 Ἀρείου
3142 5499 3419 5570 ᾼιδύμου.
3448 5502 3546 5568 Ita,

1980 5560 2102 5636 qua:
2136 5560 2640 5636 deerant._Mo_ntac.
2691 5560 2856 5636 codex
2899 5560 3101 5636 implet.
3138 5560 3331 5627 Melius
3370 5560 3548 5627 tamen

1982 5631 2279 5713 legeretur,
2442 5631 2549 5684 τῶν
2586 5634 2792 5713 ᾎρειου
2823 5635 2924 5713 (vel
2956 5631 3137 5713 potius
3171 5641 3404 5713 Ἀτητου,
3432 5646 3551 5698 sive

1993 5702 2221 5772 Ἄττιον)
2252 5702 2482 5771 Διδύμου
2510 5705 2627 5755 κατ’
2654 5702 2923 5778 ’ἐπιτομὴν
2956 5702 3155 5761 συνειλ.
