4090 6382
522 282 661 339 1355

1128 277 1395 335 EUSEBII
1426 278 1902 335 CJESARIENSIS
1930 277 2081 336 OPP.
2117 278 2299 338 PARS
2338 281 2406 341 II.
2446 314 2516 324 —
2542 282 3037 342 APOLOGETICA.

3630 294 3766 350 isse
3832 270 3838 275 ’

514 409 620 463 ιτε.
672 403 873 470 Quare,
910 400 955 455 si
999 413 1121 469 pars
1166 399 1338 454 nostri
1380 399 1546 455 altera
1589 414 1789 470 corpus
1849 408 1952 465 est,
1988 400 2084 455 toti

2193 400 2332 473 ἔχεις
2367 402 2399 474 ἦ
2431 404 2589 475 σῶμα
2628 406 2725 476 μὲν
2778 407 2856 473 ὃν,
2890 407 3102 472 πάντως
3154 409 3467 466 ἀναλυτέον’
3515 407 3767 469 σῦνθετον

521 511 655 555 sane
697 491 1036 548 immortales
1086 504 1195 543 non
1232 505 1424 546 sumus
1460 509 1473 545 :
1525 490 1609 546 sin
1654 500 1834 545 autem
1886 492 2087 546 instru-

520 595 765 643 mentum
813 585 1097 645 duntaxat,
1139 596 1264 636 cum
1317 581 1386 635 ad
1415 582 1636 652 aliquod
1682 580 1843 637 modo
1874 591 2088 652 tempus

521 678 870 741 concedatur,
901 691 964 731 ea
995 681 1141 729 certe
1170 682 1363 727 natura
1411 688 1533 728 esse
1564 672 1825 742 oportuit.
1863 674 1931 726 At
1960 688 2088 728 vero

520 788 647 843 pars
680 771 767 825 illa
799 769 1071 839 princeps,
1116 767 1282 820 homo
1318 764 1539 834 inquam
1584 765 1833 834 ipsemet,
1881 764 1926 819 si
1964 780 2089 819 cum

521 862 777 932 adjuncto
802 874 1031 929 corpore
1064 856 1401 919 conferatur,
1429 864 1522 909 aut
1547 853 1737 909 forma:
1761 856 1919 925 quasi
1953 870 2080 924 erga

521 953 828 1018 materiam,
864 959 959 1006 aut
991 949 1149 1021 quasi
1203 962 1330 1018 erga
1387 947 1837 1005 instrumentum,
1885 946 2089 1000 utentis

520 1046 746 1102 artificis
775 1046 1043 1099 rationem
1099 1040 1386 1097 obtinebit.
1436 1037 1659 1119 Utrovis
1706 1048 1886 1092 autem
1928 1038 2089 1092 modo

521 1148 815 1208 spectetur,
850 1138 1013 1192 homo
1065 1151 1281 1205 semper
1314 1135 1430 1203 ipse
1476 1132 1696 1185 futurus
1727 1139 1811 1185 est
1843 1130 2079 1185 animus.

519 1230 638 1285 Jam
669 1245 798 1300 ergo
842 1227 1152 1297 cujusmodi
1200 1227 1419 1281 tandem
1474 1224 1563 1278 ille
1599 1230 1808 1278 natura:
1853 1223 1973 1277 est?
2030 1221 2087 1276 Si

522 1336 745 1390 corpus,
800 1319 1026 1374 dissolvi
1086 1316 1332 1388 profecto
1366 1324 1566 1386 potest,
1599 1330 1724 1369 cum
1781 1316 1853 1369 sit
1891 1329 2090 1385 corpus

520 1427 682 1467 omne
710 1412 1094 1481 compositum.
1158 1409 1253 1463 Sin
1295 1408 1407 1465 veri
1442 1408 1692 1479 corporis
1738 1409 1898 1463 habet
1931 1409 2087 1473 nihil,

520 1505 618 1561 sed
687 1505 848 1559 aliam
907 1503 1343 1571 dissimilemque
1410 1512 1682 1562 naturam,
1749 1501 1869 1571 ejus
1924 1502 2088 1555 etiam

519 1596 888 1652 consideratio
922 1605 1017 1650 aut
1047 1597 1235 1651 eadem
1269 1594 1427 1650 nobis
1456 1596 1559 1647 erit
1588 1600 1682 1646 aut
1716 1592 1820 1646 alia
1851 1592 2088 1663 quadam

520 1690 738 1744 ratione
772 1689 1073 1744 tractanda.
1131 1687 1196 1742 Et
1251 1686 1469 1757 quidem
1516 1686 1785 1755 principio
1832 1701 2083 1755 quaren-

519 1784 650 1836 dum
678 1788 783 1845 est,
813 1796 952 1850 quas
978 1780 1032 1833 in
1062 1796 1150 1835 res
1194 1794 1392 1848 corpus
1434 1778 1589 1841 illud,
1639 1777 1945 1846 cujusmodi
1994 1777 2087 1841 sit,

519 1873 667 1942 quod
700 1872 940 1925 animum
986 1885 1107 1925 esse
1146 1868 1350 1930 volunt,
1381 1866 1608 1921 dissolvi
1641 1875 1910 1934 oporteat.
1942 1862 2083 1919 Nam

518 1979 645 2017 cum
684 1978 995 2018 necessario
1040 1960 1203 2014 vitam
1238 1974 1306 2013 ex
1346 1974 1465 2013 sese
1492 1957 1707 2011 animus
1749 1956 1967 2021 habeat,
2014 1955 2090 2010 si-

520 2054 721 2110 militer
742 2052 981 2124 proinde
1017 2065 1243 2106 necesse
1269 2058 1370 2116 est,
1405 2050 1451 2103 si
1486 2064 1659 2119 genus
1684 2048 1819 2102 illud
1842 2048 2092 2118 corporis

2198 493 2306 565 γάρ
2332 496 2438 548 πᾶν
2466 510 2528 564 γε
2562 496 2738 567 σῶμα·
2771 499 2819 550 εἰ
2857 498 2913 551 δὲ
2942 499 3015 569 μὴ
3053 500 3208 570 σῶμα
3238 502 3345 574 εἴη,
3371 502 3506 556 ἀλλά
3554 504 3768 574 φύσεως

2198 584 2384 657 ἄλλης,
2416 587 2730 661 κάκείνηνῆ
2784 591 2926 644 κατὰ
2956 591 3047 644 τὸν
3085 592 3246 645 αὐτὸν
3290 595 3508 665 τρόπον,
3549 596 3583 667 ἢ
3626 598 3771 652 κατά

2198 676 2351 731 ἄλλον
2382 678 2665 733 σκεπτέον.
2722 681 2942 754 Πρῶτον
2986 683 3043 737 δὲ
3073 685 3338 739 σκεπτέον
3386 687 3520 759 (55),
3554 691 3632 753 εἰς
3667 690 3767 743 ὅτι

2196 765 2276 819 δεῖ
2289 766 2446 821 τοῦτο
2470 767 2532 821 τὸ
2563 769 2745 841 σῶμα,
2774 771 2803 824 ὃ
2850 771 3065 840 λέγουσι
3090 773 3287 846 ψυχὴν,
3312 776 3584 831 ἀναλύειν.
3616 778 3765 830 Ἐπεὶ

2197 858 2306 931 γὰρ
2338 859 2448 933 ζωὴ
2476 860 2618 933 ψυχῇ
2671 864 2932 935 πάρεστιν
2954 865 3012 932 ἐξ
3051 866 3314 938 ἀνάγκης.
3350 869 3561 942 ἀνάγκη
3613 870 3767 923 τοῦτο

2196 950 2257 1003 τὸ
2283 951 2441 1022 σῶμα
2484 954 2581 1025 τὴν
2611 953 2807 1026 ψυχὴν,
2836 958 2883 1008 εἰ
2908 956 3006 1026 μὲν
3040 960 3103 1010 ἐκ
3127 957 3218 1011 δύο
3239 959 3504 1030 σωμάτων
3532 960 3565 1030 ἥ
3589 960 3769 1013 πλείο-

2197 1061 2303 1097 νων
2329 1042 2437 1114 εἰή,
2468 1044 2585 1115 ἦτοι
2615 1046 2872 1117 ἑκάτερον
2898 1046 3093 1111 αὐτῶν,
3120 1048 3153 1119 ἢ
3176 1048 3423 1113 ἕκαστον,
3458 1048 3602 1120 ζωὴν
3627 1050 3764 1121 σύμ·-

2199 1151 2360 1204 φυτον
2392 1134 2551 1206 ἔχειν·
2586 1135 2618 1206 ἢ
2666 1135 2727 1190 τὸ
2770 1137 2865 1207 μὲν
2892 1137 3056 1208 ἔχειν,
3086 1138 3145 1191 τὸ
3178 1139 3236 1192 δὲ
3284 1141 3381 1212 μή·
3410 1140 3442 1211 ἢ
3476 1141 3767 1213 μηδέτερον

2198 1225 2359 1296 ἔχειν.
2384 1228 2446 1279 Εἰ
2471 1227 2566 1296 μὲν
2598 1226 2661 1298 δὴ
2690 1227 2769 1280 ἐνὶ
2797 1227 2974 1282 αὐτῶν
2992 1229 3217 1301 προσείη
3242 1230 3302 1283 τὸ
3335 1232 3595 1301 ζῇν,αῦτὸ
3612 1232 3769 1287 τοῦτο

2196 1316 2261 1369 ἂν
2286 1317 2369 1387 εἴη
2395 1318 2559 1389 ψυχή.
2586 1319 2657 1370 Τί
2690 1318 2754 1371 ἂν
2783 1315 2875 1372 οῦν
2923 1320 3007 1390 εἴη
3040 1320 3218 1391 σῶμα,
3270 1321 3411 1393 ζωὴν
3444 1326 3575 1394 παρ’
3602 1323 3765 1377 αὑτοῦ

2196 1408 2349 1479 ἕχον;
2380 1410 2498 1482 Πῦρ
2521 1409 2647 1482 γάρ,
2678 1412 2770 1464 καὶ
2804 1411 2931 1483 ἀὴρ,
2972 1414 3066 1465 καὶ
3110 1412 3274 1485 ὕδωρ,
3327 1415 3420 1468 καὶ
3469 1416 3561 1486 γῆ,
3587 1417 3767 1488 ἄψυχα

2198 1502 2324 1571 παρ’
2351 1501 2529 1553 αὐτῶν
2555 1502 2649 1554 καὶ
2708 1502 2813 1573 ὅτῳ
2863 1503 3092 1575 πάρεστι
3152 1503 3354 1557 τούτων
3399 1503 3566 1576 ψυχὴ,
3612 1507 3769 1559 τοῦτο

2196 1591 2420 1663 ἐπακτῷ
2452 1593 2719 1664 κέχρηται
2764 1597 2828 1665 τῇ
2892 1595 3024 1666 ζωῇ.
3084 1596 3249 1650 Ἀλλα
3301 1597 3358 1650 δὲ
3398 1599 3548 1669 παρά
3600 1598 3770 1652 ταῦτα

2199 1683 2424 1755 σώματα
2454 1686 2553 1739 οὐκ
2584 1687 2717 1740 ἔστι.
2744 1688 2852 1740 Καὶ
2900 1682 2981 1751 οἷς
3035 1688 3092 1741 δὲ
3150 1688 3297 1742 δοκεῖ
3327 1684 3460 1742 εἶναι
3509 1693 3765 1760 στοιχεῖα,

2188 1777 2392 1831 τούτων
2419 1780 2581 1850 ἕτερα
2615 1778 2841 1850 σώματα
2871 1779 3004 1852 (54),
3059 1781 3119 1833 οὐ
3169 1780 3337 1851 ψυχαὶ
3368 1780 3666 1852 ἐλέχθησαν
3692 1776 3767 1834 εἷ-

2190 1887 2300 1934 ναι,
2328 1872 2447 1925 οὐδὲ
2472 1871 2613 1943 ζωὴν
2660 1872 2869 1942 ἔχοντα.
2918 1874 2981 1927 Εἰ
3034 1875 3090 1927 δὲ
3145 1872 3365 1945 μηδενὸς
3398 1874 3579 1928 αὐτῶν
3623 1873 3768 1943 ζωὴν

2192 1962 2491 2035 ἓχοντος,ή
2539 1965 2750 2029 σύνοδος
2808 1966 3073 2036 πεποίηκε
3117 1964 3281 2036 ζωὴν,
3327 1965 3545 2020 ἄτοπον.
3601 1966 3666 2018 Εἰ
3711 1964 3765 2017 δὲ

2194 2055 2424 2108 ἕκαστον
2452 2055 2593 2126 ζωὴν
2617 2055 2751 2124 ἔχει,
2782 2056 2873 2111 καὶ
2906 2055 2964 2108 ἓν
2989 2057 3167 2127 ἀρκεῖ·
3204 2055 3400 2128 μᾶλλον
3427 2056 3483 2110 δὲ
3509 2055 3767 2110 ἀδύνατον

518 2150 615 2219 qui
645 2149 863 2202 animus
894 2156 995 2213 est,
1033 2160 1129 2200 seu
1159 2145 1415 2210 duorum,
1450 2160 1545 2199 seu
1587 2143 1826 2212 plurium
1860 2158 1927 2197 ex
1968 2157 2087 2197 cor-

2194 2146 2534 2217 συμφόρησιν
2573 2149 2837 2218 σωμάτων
2890 2146 3033 2220 ζωὴν
3088 2148 3428 2219 ἐργάζεσθαι,
3489 2150 3582 2202 καὶ
3644 2147 3768 2202 νοῦν

517 2256 715 2312 porum
761 2240 1019 2295 societate
1050 2237 1344 2292 conﬂatum
1390 2236 1479 2300 sit,
1531 2243 1626 2289 aut
1673 2234 1965 2304 conjuncta
2010 2233 2087 2288 si-

518 2333 633 2386 mul
664 2332 877 2394 -ambo,
928 2342 1023 2385 aut
1063 2330 1291 2385 seorsim
1338 2330 1500 2384 etiam
1542 2327 1755 2397 singula
1794 2328 2087 2398 ingenitam

518 2423 623 2478 sibi
646 2423 810 2477 vitam
836 2423 1056 2487 habere,
1091 2430 1188 2477 aut
1210 2430 1356 2476 certe
1385 2428 1605 2475 carente
1642 2423 1833 2486 altero,
1856 2420 2085 2473 alterum

517 2513 785 2568 duntaxat
813 2529 875 2567 ea
904 2513 1188 2583 praeditum
1238 2527 1380 2576 esse,
1432 2519 1525 2565 aut
1556 2520 1848 2580 utrumque
1877 2525 2084 2565 carere.

515 2603 680 2676 825
714 2603 770 2657 Si
794 2618 923 2674 ergo
952 2603 1108 2657 alteri
1174 2601 1351 2656 solum
1378 2600 1485 2654 vita
1526 2599 1674 2661 insit,
1720 2597 1853 2652 illud
1901 2599 2077 2669 ipsum

518 2697 737 2751 animus
769 2696 891 2750 erit.
953 2696 1023 2749 At
1072 2692 1383 2764 cujusmodi
1445 2692 1658 2745 tandem
1719 2706 1917 2760 corpus
1966 2706 2089 2745 esse

516 2798 712 2859 potest,
764 2787 910 2859 quod
957 2802 1026 2842 ex
1072 2802 1193 2842 sese
1240 2787 1408 2840 vitam
1455 2783 1692 2838 habeat?
1759 2780 1894 2836 Nam
1948 2784 2088 2853 ignis

516 2881 759 2951 quidem,
800 2895 913 2946 aer,
948 2894 1109 2947 aqua,
1154 2886 1321 2943 terra,
1354 2875 1537 2930 animo
1584 2890 1680 2945 per
1710 2889 1831 2929 sese
1867 2884 2084 2930 carent:

2196 2240 2387 2309 γεννᾷν
2412 2237 2481 2291 τὰ
2513 2239 2732 2310 ἀνόητα.
2769 2242 2880 2295 Καὶ
2920 2242 2983 2313 δὴ
3011 2242 3105 2294 καὶ
3128 2242 3226 2312 οὐχ
3254 2240 3500 2295 ὁπωσοῦν
3537 2259 3772 2313 συγκρα-

2197 2330 2355 2383 θέντα
2382 2329 2555 2382 ταῦτα
2591 2333 2820 2403 φήσουσι
2852 2333 3125 2401 γενέσθαι.
3161 2335 3253 2385 Δεῖ
3298 2334 3404 2404 ἄρα
3432 2328 3568 2386 εἶναι
3587 2333 3649 2385 τὸ
3672 2333 3768 2386 τά·

2198 2420 2305 2486 ξον,
2330 2422 2424 2474 καὶ
2446 2422 2506 2475 τὸ
2533 2422 2633 2492 τῆς
2661 2424 2908 2495 κράσεως
2933 2422 3124 2477 αἴτιον·
3159 2424 3298 2477 ὥστε
3344 2424 3501 2478 τοῦτο
3522 2424 3675 2491 τάξιν
3704 2425 3768 2479 ἂν

2197 2511 2307 2581 ἔχοι
2338 2513 2536 2584 ψυχῆς.
2571 2516 2644 2569 Οὐ
2675 2515 2783 2587 γὰρ
2814 2516 2895 2569 ὅτι
2932 2515 3202 2579 σύνθετον,
3239 2515 3353 2569 ἀλλ’
3395 2516 3515 2569 οὐδὲ
3564 2515 3769 2570 ἁπλοῦν

2197 2603 2263 2657 ἂν
2285 2607 2369 2676 εἴη
2397 2607 2556 2678 σῶμα
2588 2609 2645 2661 ἐν
2671 2611 2782 2672 τοῖς
2813 2604 2961 2662 οὖσιν
2995 2610 3122 2664 ἄνευ
3156 2609 3335 2679 ψυχῆς
3376 2607 3542 2679 οὔσης
3589 2610 3647 2662 ὲν
3691 2608 3768 2680 τῷ

2196 2698 2390 2751 παντί’
2449 2699 2606 2771 εἴπερ
2656 2700 2810 2769 λόγος
2866 2700 3174 2772 προσελθὼν
3210 2704 3276 2773 τῇ
3333 2702 3433 2775 ὕλῃ
3466 2702 3624 2772 σῶμα
3648 2719 3768 2756 ποι-

2195 2791 2277 2854 εῖ,
2337 2791 2634 2862 οὐδαμόθεν
2698 2791 2743 2845 δ’
2806 2792 2872 2847 ἂν
2949 2792 3235 2865 προσέλθοι
3306 2793 3463 2863 λόγος
3516 2795 3549 2864 ἧ
3620 2792 3767 2866 παρὰ

2193 2877 2389 2950 ψυχῆς·

516 2983 573 3029 et
606 2974 763 3029 sicui
792 2989 857 3029 ex
913 2973 1020 3029 illis
1081 2973 1301 3027 animus
1344 2972 1691 3041 adjungatur,
1742 2970 1793 3023 id
1838 2969 1948 3023 vita
2000 2970 2169 3027 utitur
2208 2990 2436 3043 prorsus
2474 2978 2788 3033 adventitia.
2836 2978 3108 3034 Caeterum
3157 2989 3353 3051 praeter
3391 2991 3629 3050 quatuor
3676 2980 3765 3035 illa

518 3088 772 3144 corpora,
803 3071 1014 3125 nullum
1048 3079 1131 3125 est
1188 3069 1356 3124 aliud.
1421 3066 1558 3123 Etsi
1604 3067 1805 3136 quibus
1860 3066 2127 3122 elementa
2166 3072 2412 3140 quaedam
2452 3088 2573 3129 esse
2621 3074 2817 3144 placet,
2870 3091 2992 3145 quae
3052 3076 3247 3131 borum
3311 3077 3599 3133 dissimilia
3656 3079 3765 3133 sint

518 3181 770 3238 corpora,
806 3178 869 3219 ea
924 3172 1104 3217 tamen
1153 3177 1253 3216 nec
1303 3160 1517 3214 animos
1562 3157 1664 3228 ipsi
1711 3167 1927 3221 vocant,
1988 3173 2087 3212 nec
2124 3160 2289 3215 vitam
2330 3177 2395 3217 ex
2423 3179 2540 3218 sese
2580 3165 2779 3221 habere
2842 3167 3049 3221 volunt.
3094 3166 3215 3221 Jam
3272 3168 3318 3223 si
3351 3169 3561 3224 nullum
3608 3170 3766 3225 exiis

517 3263 628 3319 vita
678 3261 963 3333 praeditum
1017 3258 1141 3322 erit,
1198 3255 1471 3311 absurdus
1518 3253 1743 3307 omnino
1790 3252 1881 3316 sit,
1907 3254 1999 3322 qui
2046 3268 2113 3307 ex
2152 3256 2397 3311 omnium
2439 3259 2825 3329 conjunctione
2855 3262 3020 3314 vitam
3085 3261 3223 3318 ellici
3283 3263 3499 3318 dixerit.
3552 3261 3607 3317 Si
3640 3278 3766 3318 vero

518 3354 799 3429 quodlibet
825 3352 995 3405 vitam
1066 3350 1281 3413 habeat,
1336 3347 1420 3400 vel
1454 3347 1676 3399 unicum
1721 3345 1854 3399 satis
1888 3346 2008 3399 erit.
2039 3344 2154 3401 lmo
2192 3364 2321 3403 vero
2367 3350 2481 3407 ﬁeri
2546 3354 2695 3408 nullo
2750 3354 2916 3409 modo
2966 3365 3163 3425 potest.
3222 3357 3301 3411 uti
3355 3372 3654 3414 concursus
3681 3360 3767 3415 ille

518 3461 808 3515 corporum
868 3445 1035 3498 vitam
1084 3440 1319 3505 etliciat,
1377 3454 1608 3510 quaeque
1652 3437 2007 3509 intelligentia
2066 3451 2308 3507 careant,
2353 3459 2415 3498 ea
2472 3456 2728 3516 generent
2774 3448 3202 3519 intelligentiam.
3254 3450 3323 3503 At
3362 3450 3451 3505 illa
3500 3452 3618 3522 ipsa
3659 3468 3766 3508 non

516 3554 585 3592 ex
633 3537 916 3593 temeraria
966 3535 1202 3605 quadarn
1237 3533 1592 3603 permistione
1640 3530 1757 3585 ﬁeri
1816 3531 2095 3600 objicient.
2137 3532 2290 3599 Quod
2328 3536 2494 3607 igitur
2521 3539 2574 3591 vi
2636 3554 2737 3595 sua
2793 3540 3101 3595 mistionem
3159 3541 3305 3595 illam
3345 3542 3540 3599 ordine
3581 3545 3767 3600 modo-

517 3643 623 3698 quc
675 3626 937 3697 perﬁciat,
983 3641 1104 3681 esse
1153 3623 1359 3696 aliquid
1402 3622 1671 3693 Oportebit
1716 3642 1728 3677 :
1782 3632 1945 3691 atque
1990 3624 2120 3678 illud
2159 3625 2402 3694 profecto
2446 3629 2617 3683 animi
2667 3630 2789 3686 loco
2836 3631 3147 3686 habendum
3191 3632 3316 3686 erit.
3364 3632 3577 3702 Corpus
3621 3635 3765 3689 enim

520 3738 625 3776 non
653 3720 812 3775 modo
834 3721 1221 3791 compositum,
1260 3720 1355 3775 sed
1382 3735 1453 3774 nc
1482 3718 1710 3788 simplex
1773 3719 1992 3787 quidem
2024 3719 2193 3773 ullum
2246 3722 2349 3777 hac
2399 3722 2454 3777 in
2509 3740 2692 3779 rerum
2738 3733 2931 3779 natura
2982 3740 3105 3780 esse
3164 3727 3354 3795 possit,
3414 3726 3516 3780 nisi
3549 3726 3766 3782 animus

520 3815 572 3867 in
599 3814 851 3867 universo
875 3812 1035 3867 fuerit
1061 3828 1182 3868 cum
1224 3813 1367 3868 ratio
1396 3814 1487 3882 ad,
1508 3811 1796 3867 materiam
1830 3811 2094 3867 accedens
2132 3827 2333 3882 corpus
2378 3816 2593 3881 elliciat,
2646 3833 2746 3873 nec
2790 3817 2844 3871 in
2877 3832 2996 3871 eam
3041 3817 3256 3872 aliunde
3314 3818 3451 3872 ratio
3492 3833 3659 3887 quam
3701 3818 3765 3872 ab

518 3904 703 3959 animo
728 3904 967 3974 profecta
998 3904 1188 3959 subire
1220 3904 1411 3973 possit.

595 4013 615 4048 ι
643 3995 798 4061 Quod
850 3996 897 4050 si
932 3997 1055 4066 quis
1103 3998 1228 4063 erit,
1262 3996 1353 4066 qui
1397 3996 1558 4051 aliam
1595 3996 1858 4054 insnstens
1911 3998 2082 4060 viam,
2111 4000 2156 4059 (Ξ

516 4104 585 4142 ex
611 4088 813 4142 atomis
847 4100 939 4141 aut
971 4088 1264 4142 individuis
1299 4087 1625 4157 quibusdam
1661 4091 1801 4143 inter
1826 4104 1947 4144 sese
1966 4104 2089 4144 con-

516 4178 867 4233 currentibus
893 4178 1137 4231 animum
1161 4176 1295 4230 ellici
1324 4176 1499 4242 malit,
1527 4177 1570 4231 is
1593 4177 1678 4231 vel
1701 4178 2088 4247 conjunctione

517 4273 655 4340 ipsa,
687 4281 745 4325 et
788 4270 1134 4326 atfeetionum
1184 4269 1592 4335 communione,
1639 4269 1883 4340 adeoque
1930 4284 2084 4323 com-

516 4362 778 4417 missione
810 4371 997 4415 mutua
1042 4358 1204 4414 facile
1257 4359 1604 4414 revincatur:
1663 4375 1787 4414 cum
1842 4376 1908 4415 ex
1959 4361 2083 4427 illis,

514 4469 637 4523 qua:
665 4468 764 4508 nec
795 4454 956 4507 ullam
993 4453 1178 4506 subire
1211 4451 1574 4517 all‘ectionem,
1630 4466 1731 4505 nec
1773 4452 1917 4507 inter
1966 4467 2087 4508 sese

515 4543 773 4614 conjungi
808 4545 1024 4614 possint
1052 4545 1398 4614 corporibus,
1429 4558 1599 4598 unum
1632 4542 1858 4611 aliquid,
1897 4551 1951 4597 et
1987 4543 2087 4598 iis-

513 4637 636 4690 dem
662 4636 1041 4691 adiectionibus
1083 4637 1407 4700 obnoxium,
1441 4634 1748 4705 cujusmodi
1785 4646 1931 4689 certe
1964 4635 2087 4689 ani-

514 4743 638 4784 mus
684 4738 786 4796 est,
818 4729 931 4783 ﬁeri
986 4730 1136 4784 nullo
1195 4729 1358 4783 modo
1413 4737 1611 4797 queat;
1672 4742 1848 4796 neque
1882 4742 1947 4780 ex
1995 4726 2084 4794 iis,

511 4836 635 4891 qua:
672 4822 919 4891 partibus
954 4831 1195 4887 careant,
1239 4829 1332 4875 aut
1354 4834 1577 4888 corpus,
1616 4829 1710 4872 aut
1768 4818 2085 4889 magnitudo

515 4914 625 4967 ulla
665 4914 937 4983 generari.
991 4912 1135 4978 Jam,
1188 4916 1231 4968 si
1290 4911 1438 4984 quod
1490 4912 1545 4965 in
1591 4911 1823 4981 simplici
1861 4926 2087 4979 corpore

514 5005 761 5058 materiae
786 5005 1055 5059 rationem
1104 5004 1324 5067 habeat,
1378 5001 1845 5073 (quandoquidem
1896 5002 2087 5055 incon-

512 5097 685 5150 ditum
721 5096 853 5165 quid
889 5105 943 5149 et
1003 5096 1292 5151 confusum
1346 5096 1571 5148 materia
1617 5094 1748 5161 est,)
1796 5094 1965 5147 vitam
2016 5107 2085 5146 ex

513 5203 636 5241 sese
665 5188 869 5241 nullam
901 5186 1101 5241 habere
1138 5185 1453 5240 fatebuntur
1483 5184 1558 5239 illi
1589 5184 1834 5253 quidem,
1872 5182 1967 5239 sed
2002 5192 2087 5236 ta-

581 5323 691 5396 (55)
730 5324 970 5396 Πρῶτον
1001 5323 1068 5375 δὲ
1102 5320 1416 5396 σκεπτέον.
1466 5319 1590 5396 "me
1619 5319 1865 5375 Plotinus
1899 5319 2080 5384 addit,

510 5393 813 5448 rectis'sime
842 5411 854 5444 :
885 5395 1020 5446 alias
1046 5410 1241 5447 sensus
1268 5394 1424 5460 plane
1454 5393 1654 5445 nullus.

582 5464 694 5535 (54)
731 5463 1035 5533 Στοιχεῖα,
1084 5459 1308 5517 τούτωὶ⁴
1364 5462 1557 5535 ἕτερα.
1594 5459 1887 5535 adipata."
1924 5459 2079 5535 Apud

508 5531 779 5588 Plotinum
821 5531 900 5587 ita,
937 5535 1051 5588 haec
1082 5535 1335 5587 distincta
1386 5533 1656 5601 reperies,
1688 5533 1922 5599 στοιχεῖα
1947 5531 2079 5601 ᾐτού-

508 5620 638 5668 των,
666 5605 829 5675 ἕτερα
859 5603 1105 5674 σώματα,
1142 5605 1283 5673 quod
1319 5599 1787 5675 Ficinussecutus
1814 5612 1917 5654 est.
1944 5599 2075 5675 Mihi

510 5684 699 5729 neutra
747 5672 1020 5730 distinctio
1071 5672 1281 5745 placere
1317 5683 1511 5743 potest.
1547 5672 1725 5727 Malim
1774 5686 1904 5741 ergo
1957 5673 2075 5737 sic,

2262 4013 2282 4046 ι
2313 3994 2375 4046 Ei
2398 3991 2454 4045 δέ
2480 4009 2564 4054 τις
2608 3990 2683 4063 μὴ
2701 3990 2894 4055 οὕτως,
2932 3990 3066 4044 ἀλλά
3093 3990 3383 4061 ἀτόμουςῆ
3416 3991 3600 4062 ἀμερῆ
3639 4009 3765 4045 συν-

2190 4086 2412 4140 ελθόντα
2473 4085 2649 4155 ψυχὴν
2687 4089 2857 4138 ποιεῖν
2909 4084 3073 4155 λέγοι,
3118 4086 3184 4154 τῇ
3233 4081 3421 4135 ὲνὼσει
3470 4083 3566 4135 καὶ
3589 4085 3771 4153 ὁμοιοο

2188 4179 2387 4251 παθείᾳ
2417 4177 2676 4247 ἐλέγχοιτ’
2706 4176 2790 4241 ἂν,
2844 4178 2938 4230 καὶ
2958 4179 3023 4247 τῇ
3061 4174 3358 4247 παραθέσει
3401 4172 3475 4244 μὴ
3529 4173 3596 4225 δι’
3619 4175 3761 4239 ὅλου,

2186 4273 2247 4324 οὐ
2278 4269 2558 4340 γινομένου
2591 4268 2727 4333 ἑνὸς,
2761 4269 2881 4321 οὐδὲ
2911 4266 3227 4339 συμπαθοῦς
3274 4265 3332 4329 ἐξ
3377 4264 3623 4329 ἀπαθῶν,
3672 4267 3764 4319 καὶ

2193 4364 2266 4435 μὴ
2324 4362 2571 4417 ὲνοῦσθαι
2620 4361 2928 4432 δυναμένων
2980 4361 3265 4431 σωμάτων·
3311 4359 3454 4430 ψυχὴ
3498 4358 3556 4411 δὲ
3598 4359 3761 4427 ἑαυτῇ

2190 4453 2501 4524 συμπαθής·
2529 4453 2593 4504 ὲκ
2615 4450 2669 4503 δὲ
2699 4450 2919 4521 ἀμερῶν
2941 4450 3050 4519 (55)
3085 4449 3242 4519 σῶμα
3272 4449 3393 4501 οὐδὲ
3434 4448 3663 4518 μέγεθος
3699 4445 3763 4499 ἂν

2188 4546 2415 4615 γένοιτο.
2448 4544 2559 4597 Καὶ
2612 4543 2716 4614 μὴν
2766 4545 2832 4605 ei,
2873 4541 3043 4595 ἁπλοῦ
3089 4541 3240 4604 ὄντος
3271 4540 3363 4593 τοῦ
3400 4539 3671 4610 σώματος,
3704 4537 3763 4591 τδ

2194 4635 2292 4705 μὲν
2316 4636 2438 4687 ὅσον
2470 4633 2674 4699 ὑλικὸν,
2709 4634 2839 4705 παρ’
2864 4632 3027 4686 αὑτοῦ
3063 4630 3204 4703 ζωὴν
3232 4632 3375 4701 ἔχειν
3391 4631 3451 4683 οὐ
3477 4632 3759 4701 φήσουσιν·

2192 4725 2313 4796 (ὕλη
2338 4726 2444 4797 γὰρ
2472 4726 2704 4795 ἄποιον·)
2740 4724 2800 4776 τὸ
2853 4722 2909 4775 δὲ
2969 4722 3109 4776 κατά
3154 4722 3213 4775 τὺ
3244 4719 3383 4784 εἶδος
3435 4721 3763 4790 τεταγμένον

2189 4820 2467 4888 ἐπιφέρειν
2497 4819 2594 4890 τὴν
2625 4818 2787 4889 ζωήψ
2824 4820 2870 4870 εἰ
2900 4817 2998 4888 μὲν
3027 4817 3210 4870 οὐσίαν
3259 4817 3488 4886 φήσουσι
3536 4814 3596 4867 τὸ
3630 4811 3763 4877 εἶδος

2187 4908 2342 4962 τοῦτο
2368 4906 2524 4972 εἶναι,
2560 4911 2619 4962 οὐ
2652 4909 2713 4961 τὸ
2752 4909 3174 4979 συναμφότερον,
3221 4905 3444 4977 θάτερον
3475 4906 3531 4958 δὲ
3559 4904 3763 4959 τούτων

2189 4999 2340 5054 ἔσται
2371 5003 2403 5072 ἡ
2430 5000 2595 5073 ψυχή’
2634 5002 2729 5055 καὶ
2762 5002 2860 5053 οὐκ
2893 4996 3079 5053 ἕστάὖ
3114 5000 3290 5070 σῶμα·
3325 5001 3386 5052 οὐ
3415 4999 3522 5070 γὰρ
3556 4997 3617 5062 ἐξ
3632 4998 3762 5067 ὕλης

2188 5092 2282 5145 καὶ
2313 5094 2462 5146 αὐτὰ
2493 5094 2524 5163 ἣ
2559 5092 2718 5146 πάλιν
2747 5094 2837 5145 τὸν
2865 5092 3024 5145 αὑτὸν
3053 5091 3250 5163 τρόπον
3282 5090 3641 5159 ἀναλύσομεν.
3700 5089 3763 5142 El

2187 5183 2243 5237 δὲ
2270 5184 2499 5255 πάθημα
2526 5186 2622 5255 τῆς
2645 5184 2796 5256 ὕλης,
2832 5184 2944 5237 ἀλλ’
2971 5184 3071 5236 οὐκ
3103 5183 3288 5238 οὐσίαν
3313 5184 3571 5254 φήσουσιν
3592 5178 3758 5235 εἶναι’

2192 5321 2464 5388 στοιχεῖα,
2510 5317 2713 5371 τούτων
2745 5318 2935 5387 ἕτερα,
2980 5317 3236 5388 σώματα,
3270 5318 3331 5370 οὐ
3372 5314 3557 5387 ψυχαί.
3602 5316 3763 5388 Verte

2191 5390 2374 5458 igitur,
2420 5387 2489 5440 Et
2519 5390 2564 5440 si
2591 5390 2799 5457 quibus,
2835 5401 3025 5455 prwter
3056 5396 3198 5449 haec,
3232 5391 3342 5439 alia
3382 5390 3625 5456 quantum
3659 5387 3763 5441 ele-

2189 5468 2362 5511 menta
2391 5474 2499 5512 esse
2527 5459 2726 5527 placet,
2763 5475 2824 5511 ea
2858 5469 3030 5512 tamen
3070 5475 3161 5511 nec
3185 5460 3387 5510 animos
3416 5458 3517 5525 ipsi
3548 5466 3760 5521 vocant,

2186 5532 2274 5583 sed
2307 5545 2547 5596 corpora,
2579 5546 2669 5581 nec
2694 5532 2856 5582 vitam
2878 5544 2942 5582 ea:
2971 5546 3077 5583 sese
3106 5530 3294 5583 habere
3324 5528 3522 5583 volunt.

2256 5599 2366 5669 (55)
2400 5598 2557 5655 Forte
2589 5601 2712 5654 add.
2743 5598 2883 5652 οὐδέ.
