4090 6382
373 296 512 351 1537

1514 289 1833 346 PR/EPAR.
1875 289 2124 346 EVANG.
2165 289 2292 344 LIB.
2340 289 2449 343 XV.
3138 287 3177 328 κ

3472 287 3606 346 1353

372 415 464 481 ἀφ’
486 406 544 466 οὗ
572 412 632 460 τὸ
659 411 886 482 πάθημα
940 412 1088 481 καὶὴ
1125 410 1237 481 ζωῆ
1287 410 1366 474 εἰς
1413 411 1512 480 τὴν
1562 411 1694 482 ὓλην
1724 408 1946 481 ἐλήλυθε

2052 423 2174 462 men
2202 408 2346 478 quod
2378 409 2430 461 in
2464 421 2530 461 eo
2569 404 2756 460 forma:
2783 406 2961 460 locum
2993 413 3192 463 teneat.
3241 406 3291 460 id
3327 407 3490 461 vitam
3520 411 3606 462 af-

371 501 586 566 leatcéov
616 503 816 565 αὐτοῖς.
852 503 926 555 Ού
959 501 1067 572 γὰρ
1091 501 1153 571 δὴ
1182 503 1214 570 ἡ
1249 500 1346 572 ὕλη
1377 502 1571 572 ἑαυτὴν
1591 501 1942 573 μορφοτ,ούδὲ

373 593 536 664 ἑαυτῇ
558 593 735 664 ψυχὴν
765 594 1023 660 ἐντίθησι.
1062 595 1152 646 Δεῖ
1183 591 1247 663 δὴ
1279 592 1386 663 ἄρα
1417 609 1469 645 τι
1511 588 1647 646 εἶναι
1677 593 1738 645 τὸ
1782 610 1946 663 χορη-

370 683 466 752 γὸν
498 683 660 754 ζωῆς,
691 684 796 735 εἴτε
829 686 890 753 τῇ
923 681 1023 754 ὕλῃ
1061 684 1090 752 ἡ
1133 682 1385 754 χορηγῖα,
1445 682 1542 736 εἴθ’
1574 682 1776 754 ὁτῳοῦν
1834 683 1943 735 τῶν

372 775 661 842 σωμάτων.
694 775 798 840 ἔξω
823 774 902 836 ὃν,
925 776 1018 826 καὶ
1064 773 1316 826 ἐπέκεινα
1340 772 1449 844 (56)
1495 774 1812 844 σωματικῆς
1839 773 1940 844 φύ-

370 881 528 929 σεως.
572 865 723 917 Ἐπεὶ
747 865 853 917 οὐδ’
878 863 943 918 ἂν
981 863 1068 934 εἴη
1101 863 1258 934 σῶμα
1295 862 1467 928 οὐδὲν,
1500 863 1737 935 ψυχικῆς
1788 857 1945 918 δυνά-

372 973 518 1028 μεως
545 957 644 1009 οὐκ
668 955 853 1028 οὔσης.
896 939 1168 1026 Ῥεῖγάρ,
1227 955 1320 1008 καὶ
1365 957 1420 1007 ὲν
1448 958 1590 1028 φορᾷ
1619 955 1730 1027 (57)
1777 955 1940 1008 αὐτοῦ

370 1050 404 1120 η
438 1047 624 1117 φύσις,
653 1048 746 1102 καὶ
777 1047 1011 1101 ἀπόλοιτ’
1045 1046 1110 1100 ἂν
1146 1046 1220 1110 ὡς
1257 1046 1507 1117 τάχιστα,
1545 1048 1594 1099 εἰ
1634 1047 1811 1100 πάντα
1838 1045 1942 1098 σὼ-

370 1155 518 1208 ματα
551 1140 658 1210 εἴη,
694 1138 796 1192 κᾶν
817 1140 865 1191 εἰ
893 1139 1061 1208 ὄνομα
1092 1139 1171 1190 ἑνὶ
1201 1138 1376 1190 αὐτῶν
1402 1137 1579 1209 ψυχήν
1604 1155 1689 1200 τις
1717 1136 1936 1191 τιθοῖτο.

369 1229 450 1282 Τὰ
476 1229 614 1282 αὐτὰ
643 1229 752 1301 γὰρ
786 1229 851 1283 ἂν
896 1229 1056 1282 πάθοι
1112 1233 1224 1292 τοῖς
1269 1229 1446 1292 ἄλλοις
1490 1227 1758 1300 σώμασιν,
1808 1227 1940 1301 ὕλης

367 1322 498 1391 μιᾶς
519 1319 686 1392 οὔσης
712 1321 913 1384 αὐτοῖς.
942 1320 1155 1372 Μᾶλλον
1187 1321 1244 1373 δὲ
1267 1321 1372 1373 οὐδ’
1404 1320 1469 1373 ἂν
1533 1320 1758 1388 γένοιτο,
1803 1319 1938 1372 ἀλλά

369 1414 624 1483 στήσεται
650 1413 707 1466 ἐν
734 1412 832 1484 ὕλη
856 1411 925 1465 τά
957 1414 1153 1473 πάντα,
1187 1412 1262 1483 μὴ
1295 1412 1445 1476 ὄντος
1475 1411 1569 1465 τοῦ
1607 1412 1938 1483 μορφοῦντος

366 1505 556 1577 αὐτήν.
593 1505 742 1576 Τάχα
794 1506 838 1558 δ’
870 1505 936 1559 ἂν
968 1505 1076 1558 οὐδ’
1131 1503 1198 1558 ἂν
1244 1506 1276 1575 ἡ
1325 1503 1422 1575 ὖλη
1453 1502 1512 1556 τὺ
1533 1505 1790 1576 παράπαν
1828 1507 1935 1576 εἴη,

366 1596 653 1668 λυθήσεται
677 1598 733 1650 δὲ
765 1599 860 1652 καὶ
887 1598 1000 1651 τόδε
1031 1597 1091 1650 τὸ
1132 1596 1370 1668 σύμπαν,
1403 1595 1457 1649 εἴ
1493 1615 1576 1660 τις
1631 1599 1767 1670 αὐτῇ
1823 1601 1934 1672 (58)

367 1688 672 1742 πιστεύσειε
730 1687 979 1759 σώματος
1026 1689 1289 1760 συνέρξει,
1340 1689 1514 1753 διδοὺς
1557 1689 1706 1761 αὑτῷ
1757 1689 1934 1761 ψυχῆς

2046 498 2189 553 ferre
2211 499 2426 552 dicent:
2465 498 2510 550 si
2547 498 2777 550 formam
2804 495 2948 549 illam
2981 511 3078 564 pro
3113 498 3349 550 essentia
3379 508 3604 551 natura-

2045 606 2148 660 que
2181 599 2404 660 ponant,
2438 605 2543 644 non
2572 589 2685 658 jam
2715 601 3007 656 utrumque
3033 587 3215 652 simul,
3253 589 3344 641 sed
3369 589 3598 643 alterum

2045 685 2308 738 duntaxat
2347 683 2563 735 animus
2594 691 2681 734 est
2719 679 2958 741 futurus,
2990 693 3088 732 nec
3119 679 3167 730 id
3203 680 3379 746 ipsum
3408 694 3602 749 corpo-

2043 775 2121 828 ris
2179 773 2414 842 amplius
2463 773 2834 827 conditionem
2882 771 3156 834 retinebit,
3208 771 3406 840 quippe
3459 772 3600 841 quod

2042 866 2190 919 omni
2213 866 2438 920 materia
2463 876 2680 930 careat;
2711 879 2870 919 secus
2901 863 3070 923 enim,
3109 862 3237 914 illud
3280 863 3468 915 eodem
3501 865 3604 916 ite-

2041 973 2162 1011 rum
2195 959 2360 1012 modo
2390 957 2734 1027 partircmnr.
2788 956 2882 1008 Sin
2933 965 3136 1015 autem,
3173 953 3225 1006 id
3260 953 3600 1007 aﬂ'ectionem

2040 1048 2280 1104 materiae
2323 1049 2527 1119 potius,
2577 1063 2738 1118 quam
2777 1047 3073 1106 essentiam
3106 1045 3276 1114 ipsam
3312 1060 3433 1099 esse
3466 1045 3605 1098 mal-

2043 1141 2186 1206 lent;
2222 1151 2504 1210 exponant
2536 1139 2763 1208 proinde
2792 1153 3018 1193 necesse
3049 1145 3151 1202 est,
3183 1152 3292 1206 quo
3336 1151 3403 1190 ex
3455 1135 3606 1190 fonte

2041 1232 2094 1285 in
2124 1233 2408 1287 materiam
2434 1231 2526 1286 illa
2558 1247 2682 1286 cum
2720 1229 2956 1294 affectio,
2983 1237 3100 1283 tum
3128 1230 3290 1282 etiam
3319 1228 3430 1282 vita
3460 1227 3605 1282 deri-

2041 1334 2217 1380 vetur.
2278 1324 2387 1378 Nec
2419 1323 2565 1378 enim
2597 1321 2698 1375 sibi
2729 1321 2831 1391 ipsi
2867 1320 3092 1376 materia
3123 1329 3216 1374 aut
3257 1318 3489 1374 formam
3519 1320 3605 1372 in-

2040 1415 2236 1476 fundit,
2273 1423 2370 1468 aut
2403 1415 2669 1468 animum.
2702 1413 2994 1466 Auctorem
3028 1410 3192 1482 igitur
3215 1411 3336 1464 vitae
3368 1411 3601 1479 aliquem

2039 1522 2161 1562 esse
2209 1506 2503 1575 Oportebit,
2540 1520 2634 1560 seu
2690 1507 2933 1558 materia;
2975 1501 3293 1557 beneﬁcium
3339 1502 3444 1556 hoc
3489 1501 3604 1564 ﬁet.

2037 1613 2134 1652 seu
2172 1597 2394 1652 cuilibet
2421 1595 2673 1664 corpori;
2702 1595 2869 1666 826
2891 1601 2943 1646 et
2987 1608 3116 1647 vero
3142 1602 3416 1647 auctorem
3451 1593 3601 1660 ejus-

2037 1685 2206 1751 modi,
2233 1685 2327 1755 qui
2373 1693 2428 1738 et
2480 1699 2710 1750 corpore
2759 1699 2968 1739 vacuus
3032 1684 3125 1746 sit,
3176 1691 3229 1736 et
3284 1697 3600 1752 corpoream

363 1777 536 1844 τάξιν,
568 1778 728 1849 μέχρι
757 1778 863 1830 τῶν
893 1779 1192 1848 ὀνομάτων,
1234 1778 1354 1850 ἀέρι
1385 1779 1478 1832 καὶ
1512 1778 1781 1849 πνεύματι
1807 1798 1932 1834 σκε-

2035 1793 2252 1832 omnem
2280 1785 2528 1831 naturam
2560 1776 2880 1846 longissime
2911 1784 3352 1846 przetergressus.
3416 1773 3603 1828 Enim-

362 1867 688 1937 δαστοτὰτῳ,
719 1869 812 1921 καὶ
855 1867 932 1937 τῷ
985 1869 1063 1920 ἐνὶ
1119 1864 1253 1922 εἶναι
1301 1869 1474 1940 ἔχοντι
1497 1871 1556 1923 ού
1594 1871 1721 1942 παρ’
1744 1870 1927 1925 αὐτοῦ.

363 1957 487 2022 Πῶς
507 1958 613 2030 γὰρ
642 1958 982 2028 τεμνομένων
1002 1957 1106 2009 τῶν
1128 1959 1341 2013 πάντων
1372 1963 1657 2031 σωμάτων,
1687 1960 1930 2032 ᾡτινιοῦν

361 2067 444 2114 τις
475 2050 744 2114 ἀνατιθεὶς
778 2051 892 2103 τόδε
925 2049 984 2102 τὸ
1034 2052 1162 2113 πᾶν,
1195 2053 1295 2106 οὐκ
1318 2053 1541 2123 ἀνόητόν
1576 2071 1634 2106 τε
1659 2055 1750 2106 καὶ
1772 2053 1931 2126 φερό-

360 2158 522 2212 μενον
548 2143 666 2213 εἰκῆ
693 2145 938 2212 ποιήσεις
974 2145 1068 2208 Τίς
1100 2144 1206 2215 γὰρ
1254 2145 1404 2210 τάξις
1433 2147 1492 2198 ὲν
1521 2145 1787 2216 πνεύματι
1812 2147 1928 2199 δεο-

361 2233 508 2304 μένῳ
541 2233 690 2305 παρὰ
714 2234 890 2305 ψυχῆς
913 2236 1138 2300 τάξεως,
1195 2237 1227 2305 ἦ
1277 2236 1450 2305 λόγος,
1484 2237 1517 2308 ἢ
1573 2237 1730 2303 νοῢς;
1770 2239 1926 2291 Ἀλλά

355 2322 536 2394 ψυχῆς
589 2325 686 2395 μὲν
718 2324 900 2396 οὔσης,
932 2327 1178 2398 ὑπουργά
1234 2327 1404 2381 ταῦτα
1450 2329 1625 2382 πάντα
1681 2331 1815 2400 αὐτῇ
1847 2331 1926 2394 εἰς

360 2415 615 2468 σύστασιν
640 2416 864 2486 κόσμου,
901 2418 995 2469 καὶ
1016 2416 1154 2480 ζώου
1177 2417 1428 2480 ἑκάστου,
1456 2417 1621 2486 ἄλλης
1666 2419 1794 2488 παρ’
1828 2418 1922 2472 ἀλ·

357 2504 450 2558 λου
484 2505 762 2575 δυνάμεως
790 2508 868 2568 εἰς
894 2506 954 2558 τὸ
982 2505 1101 2559 ὅλον
1131 2506 1502 2577 συντελούσης·
1531 2507 1732 2576 ταύτης
1757 2507 1812 2560 δὲ
1849 2506 1924 2578 μὴ

357 2595 640 2664 παρούσης
663 2597 720 2648 ἐν
744 2599 851 2660 τοῖς
878 2596 1036 2660 ὅλοις,
1062 2598 1213 2650 οὐδὲν
1237 2597 1302 2650 ἂν
1348 2598 1433 2669 εἴη
1479 2599 1672 2660 ταῦτα,
1707 2601 1804 2669 οὐχ
1844 2599 1923 2652 ὄτι

355 2683 416 2738 ὲν
444 2686 612 2751 τάξει.

2038 1883 2164 1923 vero
2221 1867 2266 1921 si
2323 1867 2493 1920 animi
2541 1867 2689 1920 nulla
2759 1866 2842 1922 vis
2893 1877 3058 1932 esset,
3109 1881 3307 1936 corpus
3351 1866 3601 1921 similiter

2036 1975 2198 2016 omne
2226 1959 2523 2014 tolleretur.
2578 1957 2726 2013 Fluit
2756 1960 2903 2012 enim
2952 1957 3107 2023 illud,
3136 1967 3299 2027 atque
3342 1962 3396 2012 in
3448 1967 3599 2013 motu

2035 2059 2146 2106 tota
2175 2052 2293 2121 ejus
2331 2064 2526 2106 natura
2576 2061 2864 2106 versatur:
2899 2051 3145 2119 adeoque
3165 2051 3214 2105 si
3256 2065 3486 2120 corpora
3510 2066 3598 2105 es-

2033 2153 2156 2198 sent
2195 2144 2402 2208 omnia,
2438 2144 2721 2199 celerrime
2773 2143 2957 2198 omnia
3018 2144 3323 2210 interirent,
3377 2144 3596 2198 tametsi

2033 2236 2129 2290 uni
2207 2236 2420 2290 cuidam
2470 2250 2659 2289 eorum
2717 2234 2886 2288 animi
2951 2250 3145 2290 nomen
3194 2235 3588 2304 imponeretur.

2032 2327 2189 2382 Tunc
2216 2327 2362 2382 enim
2412 2327 2604 2381 eadem
2637 2327 2884 2391 omnino,
2936 2343 3056 2397 quae
3099 2337 3290 2383 caetera
3339 2342 3592 2397 corpora,

2031 2416 2250 2471 animus
2312 2416 2412 2470 iste
2459 2423 2754 2484 pateretur,
2811 2431 2935 2470 cum
2997 2432 3106 2472 una
3139 2417 3384 2471 omnium
3451 2427 3596 2472 esset

2031 2507 2448 2576 communisque
2501 2507 2752 2561 materia.
2800 2508 2915 2562 lmo
2970 2521 3135 2574 certe,
3185 2509 3323 2563 nihil
3378 2509 3594 2578 penitus

2030 2599 2204 2662 ﬁeret,
2228 2608 2391 2669 atque
2424 2598 2477 2651 in
2517 2599 2747 2652 materia
2771 2601 3021 2654 universa
3055 2601 3441 2666 consisterent,
3467 2617 3592 2655 cum

2031 2700 2178 2746 esset
2253 2689 2408 2756 nihil,
2445 2705 2476 2744 a
2505 2706 2616 2760 quo
2653 2691 2768 2761 ipsa
2815 2691 3047 2746 formam
3115 2691 3400 2761 acciperet.
3446 2691 3590 2758 Quin

353 2776 517 2831 etiam
573 2780 796 2834 materia
855 2779 992 2835 forte
1038 2783 1182 2836 nulla
1239 2797 1462 2851 prorsus
1527 2783 1650 2841 erit.
1699 2785 1907 2852 hocque
1945 2783 2260 2836 universum
2323 2780 2551 2835 omnino
2598 2781 2947 2849 dissolvetur,
2991 2784 3035 2835 si
3083 2781 3206 2852 quis
3251 2783 3427 2852 ipsum
3469 2797 3593 2838 cor-

354 2870 505 2938 poris
565 2872 796 2940 alicujus
838 2875 1170 2944 colligationi
1213 2875 1539 2944 permiserit,
1585 2876 1673 2930 cui
1723 2878 1944 2932 nomine
1981 2883 2140 2930 unus
2195 2874 2361 2929 animi
2405 2873 2510 2927 vim
2574 2881 2629 2928 et
2655 2874 2923 2929 rationem
2969 2874 3230 2929 attribuat
3265 2876 3407 2930 aeris
3447 2877 3591 2930 verbi

353 2977 542 3028 causa,
567 2964 882 3034 etspiritus,
917 2967 1011 3037 qui
1055 2976 1108 3022 ct
1136 2965 1393 3022 facillime
1426 2967 1681 3037 dissipari
1717 2977 1902 3038 queat,
1944 2982 2044 3021 nec
2073 2977 2130 3021 ut
2177 2983 2345 3021 unum
2378 2964 2583 3035 aliquid
2626 2966 2718 3031 sit,
2750 2980 2845 3034 per
2897 2979 3017 3020 sese
3060 2966 3273 3020 habeat.
3304 2964 3436 3020 Nam
3467 2981 3590 3022 cum

354 3055 519 3109 dividi
568 3073 795 3128 corpora
827 3061 1030 3124 omnia,
1081 3062 1364 3132 securique
1396 3061 1629 3130 possint,
1689 3063 1811 3132 quis
1855 3078 2046 3118 eorum
2100 3062 2197 3117 ulli
2243 3060 2346 3114 hoc
2408 3058 2714 3114 committat
2755 3057 3088 3124 universum,
3154 3058 3287 3129 quin
3346 3058 3486 3115 idem
3516 3058 3592 3115 si-

355 3151 467 3203 mnl
494 3159 547 3205 et
579 3161 758 3208 mente
782 3170 1006 3210 vacuum
1073 3155 1255 3223 faciat,
1290 3166 1345 3212 et
1397 3159 1686 3213 temerario
1724 3160 1959 3229 quodam
2001 3169 2151 3213 motu
2211 3157 2514 3228 agitatum?
2551 3155 2692 3220 Quid
2728 3156 2873 3210 enim
2909 3170 2973 3210 eo
3003 3155 3058 3209 in
3085 3157 3278 3225 spiritu
3304 3166 3397 3211 aut
3443 3156 3592 3210 ordi-

354 3246 440 3299 nis
467 3246 558 3310 sit,
608 3257 701 3302 aut
747 3251 995 3315 rationis,
1037 3261 1134 3305 aut
1181 3255 1402 3317 mentis,
1448 3270 1610 3324 quem
1661 3269 1770 3309 non
1823 3256 1930 3309 nisi
1969 3254 2132 3310 animi
2181 3252 2444 3308 beneﬁcio
2491 3251 2737 3306 ordinem
2797 3249 2998 3305 habere
3036 3250 3315 3320 oporteat?
3373 3249 3451 3304 Ac
3493 3262 3592 3319 po-

353 3335 460 3390 sito
487 3339 651 3392 semel
675 3339 878 3405 animo,
906 3352 1098 3396 cuncta
1129 3344 1242 3398 haec
1292 3344 1668 3399 administram
1729 3346 1831 3416 ipsi
1885 3347 2144 3401 continuo
2171 3353 2374 3400 navant
2423 3358 2665 3413 operam,
2719 3349 2782 3396 ut
2825 3355 2933 3397 non
2971 3341 3075 3411 ipsi
3123 3350 3330 3396 tantum
3362 3341 3588 3407 mundo,

349 3428 444 3483 sed
474 3429 635 3483 etiam
658 3431 920 3487 animanti
966 3449 1062 3488 sua
1089 3436 1284 3504 cuique
1351 3437 1631 3505 integritas
1656 3437 2024 3508 perfectioque
2074 3445 2303 3502 constet,
2357 3435 2424 3490 ad
2473 3449 2765 3490 commune
2783 3433 3024 3488 universi
3049 3433 3250 3488 bonum
3293 3433 3400 3488 vim
3425 3436 3587 3491 aliam

350 3521 460 3575 alio
508 3520 842 3578 conferente.
893 3522 996 3591 Qui
1051 3527 1268 3582 animus
1321 3528 1367 3583 si
1412 3529 1480 3582 ab
1535 3529 1724 3584 eodem
1760 3530 1934 3584 aberit
1972 3530 2247 3592 universo,
2301 3536 2511 3581 tantum
2569 3525 2724 3580 abest
2766 3524 2844 3578 uti
2877 3540 3036 3579 suum
3070 3541 3296 3596 quaque
3339 3528 3585 3584 ordinem

350 3613 598 3668 habitura
636 3615 765 3676 sint.
799 3629 857 3671 ut
892 3619 1070 3686 potius
1106 3620 1241 3674 nihil
1271 3621 1494 3675 omnino
1541 3623 1650 3677 sint
1683 3623 1887 3678 futura.

426 3723 444 3755 ι
470 3707 819 3779 Μαρτυροῦσι
849 3709 904 3763 δὲ
946 3711 1039 3763 καὶ
1064 3714 1214 3765 αὐτοὶ
1245 3713 1348 3767 ὑπὸ
1380 3715 1478 3784 τῆς
1503 3715 1758 3787 ἀληθείας
1788 3717 1916 3785 ἀγὸ-
1944 3724 1986 3780 C

353 3812 524 3865 μενοι.
554 3798 628 3861 ὡς
660 3799 740 3852 δεῖ
781 3817 833 3853 τι
880 3801 984 3873 πρὸ
1035 3803 1142 3857 τῶν
1177 3805 1442 3876 σωμάτων
1499 3802 1636 3862 εἶναι
1674 3811 1920 3881 κρεῖττον

349 3889 526 3942 αὐτῶν
553 3889 728 3961 ψυχῆς
759 3888 916 3957 εἶδος,
949 3893 1128 3949 ἔννουν
1185 3897 1244 3950 τὸ
1277 3898 1491 3970 πνεῦμα
1517 3902 1611 3954 καὶ
1673 3901 1783 3975 πῦρ
1815 3920 1922 3956 νοε-

349 3981 444 4051 ρὸν
471 3981 762 4051 τιθέμενοι,
813 3985 1000 4058 ὥσπερ
1047 3988 1171 4041 ἄνευ
1231 3991 1399 4061 πυρὸς
1446 3993 1479 4063 ἦ
1532 3993 1836 4065 πνεύματος
1857 3996 1918 4048 ού

346 4072 648 4143 δυναμένης
663 4075 763 4146 τῆς
793 4079 1097 4147 κρείττονος
1133 4082 1325 4152 μοίρας
1353 4086 1410 4136 ὲν
1439 4087 1551 4149 τοῖς
1584 4082 1734 4140 οὖσιν
1755 4085 1916 4150 εἶναι,

345 4162 506 4216 τόπον
537 4163 594 4218 δὲ
625 4165 891 4239 ζητούσης
909 4171 986 4232 εἰς
1011 4170 1071 4223 τὸ
1101 4171 1396 4244 ἱδρυθῆναι·
1427 4176 1545 4229 δέον
1578 4177 1758 4250 ζητεῖν
1783 4179 1914 4234 ὅπου

344 4254 414 4308 τὰ
442 4253 667 4327 σώματα
716 4258 1041 4330 ἱδρύσουσιν,
1074 4263 1148 4327 ὡς
1182 4265 1289 4336 ἄρα
1319 4265 1398 4318 δεῖ
1449 4267 1617 4322 ταῦτα
1650 4271 1707 4322 ὲν
1739 4270 1916 4342 ψυχῆς

343 4348 633 4418 δυνάμεσιν
659 4350 920 4422 ἱδρῦσθαι.
975 4355 1038 4406 Εἰ
1091 4355 1146 4408 δὲ
1181 4356 1342 4426 μηδὲν
1393 4359 1544 4429 παρά
1573 4359 1635 4412 τὸ
1663 4362 1878 4432 πνεῦμα
1897 4403 1912 4424 ,

345 4439 440 4491 καὶ
470 4439 565 4511 τὴν
599 4440 763 4511 ζωὴν,
795 4443 888 4498 καὶ
920 4445 1017 4516 τὴν
1040 4444 1216 4517 ψυχὴν
1248 4445 1502 4509 τίθενται,
1551 4450 1603 4502 τί
1659 4451 1720 4503 τὸ
1749 4452 1939 4505 πολυ-“

345 4528 637 4601 θρύλλητον
659 4532 858 4597 αὐτοῖς,
887 4553 905 4584 ι
931 4534 1047 4597 πῶς
1081 4535 1225 4605 ἔχον,
1263 4555 1280 4586 ι
1310 4537 1432 4598 ειςῦ
1457 4540 1910 4609 καταφεύγουσιν,

345 4621 769 4692 ἀναγκαζόμενοι
809 4623 1049 4678 τίθεσθαι
1076 4626 1202 4680 ἄλλο
1230 4629 1379 4700 παρά
1398 4627 1465 4682 τὰ
1497 4629 1722 4700 σώματα
1754 4633 1911 4700 φύσει

342 4711 698 4784 δραστήριονς
729 4715 791 4768 Εἰ
821 4711 913 4768 οὖν
937 4717 996 4770 ού
1043 4719 1150 4771 πᾶν
1194 4719 1291 4790 μὲν
1342 4719 1559 4791 πνεῦμα
1595 4721 1774 4794 ψυχὴ,
1831 4724 1911 4776 ὅτι

346 4804 515 4875 μυρία
547 4804 830 4876 πνεύματα
855 4807 1055 4879 ἀψυχα.
1091 4809 1152 4863 τὸ
1176 4810 1232 4863 δέ
1259 4827 1376 4874 πως
1402 4810 1523 4882 ἔχον
1561 4811 1774 4882 πνεῦμα
1809 4815 1912 4885 φή-

344 4912 514 4949 σουσιο
538 4896 599 4949 τὸ
626 4897 739 4960 πῶς
754 4899 875 4970 ἕχον
897 4900 1073 4962 τοῦτο,
1112 4902 1205 4954 καὶ
1241 4901 1440 4974 ταύτην
1479 4904 1578 4973 τὴν
1623 4903 1826 4974 σχέσιν,
1873 4905 1906 4975 ἢ

339 4984 448 5039 τῶν
478 4986 644 5040 ὄντων
665 5005 718 5040 τι
751 4989 1032 5058 φήσουσιν,
1062 4989 1096 5060 ἢ
1131 4990 1315 5059 μηδέν.
1355 4991 1493 5044 Ἀλλ’
1523 4992 1571 5043 εξ
1597 4992 1696 5062 μὲν
1721 4993 1903 5064 μηδὲν,

2095 3712 2189 3768 «Et
2231 3712 2450 3783 quidem
2495 3711 2721 3766 Veritate
2779 3711 3045 3781 compulsi
3101 3712 3424 3780 proﬁtentur
3471 3712 3578 3783 ipsi

2023 3821 2262 3877 quoque,
2292 3815 2417 3859 ante
2445 3818 2670 3874 corpora
2693 3812 2898 3858 certam
2930 3805 3223 3873 quamdam
3258 3805 3426 3859 animi
3453 3819 3581 3874 spe-

2021 3899 2181 3963 ciem,
2232 3898 2339 3952 illis
2401 3896 2654 3951 omnibus
2709 3897 3141 3964 praestantiorem
3191 3912 3312 3952 esse
3360 3897 3582 3958 debere.

2021 3989 2149 4044 dum
2177 3989 2426 4059 spiritum
2465 3989 2616 4042 illum
2648 3997 2831 4043 mente
2861 3988 3144 4057 praeditum
3194 3998 3358 4059 atque
3403 3988 3582 4058 ignem

2021 4079 2372 4150 intelligentia
2395 4080 2662 4134 valentem
2690 4089 2898 4149 ponunt
2922 4098 2937 4145 ;
2965 4080 3186 4150 perinde
3215 4090 3275 4134 ut
3297 4081 3342 4135 si
3377 4081 3583 4150 absque

2019 4174 2103 4226 vel
2136 4174 2259 4244 igne
2288 4174 2372 4228 vel
2411 4173 2626 4242 spiritu,
2655 4172 2756 4228 hac
2793 4173 2846 4227 in
2882 4188 3062 4227 rerum
3094 4173 3444 4227 universitate
3471 4189 3579 4227 non

2020 4276 2203 4336 posset
2231 4267 2581 4322 excellentior
2625 4266 2714 4320 illa
2742 4266 3088 4335 diviniorque
3147 4260 3340 4320 natura
3397 4269 3580 4321 consi-

2018 4368 2183 4423 stere,
2232 4356 2329 4412 sed
2380 4358 2559 4412 locum
2611 4357 2702 4411 ubi
2757 4357 2983 4427 gradum
3019 4356 3192 4412 solide
3241 4357 3444 4428 ﬁgeret,
3480 4361 3581 4413 ali-

2015 4466 2177 4521 quem
2214 4450 2328 4520 ipsa
2367 4450 2686 4520 requireret,
2722 4464 2845 4503 eum
2877 4465 2970 4504 eos
3004 4449 3182 4518 potius
3209 4448 3301 4503 ubi
3333 4465 3428 4504 sua
3456 4465 3577 4505 cor-

2015 4542 2241 4611 poribus
2287 4542 2517 4596 ﬁrmitas
2567 4556 2688 4596 esse
2724 4549 2928 4610 posset,
2962 4541 3240 4609 requirere
3283 4551 3572 4610 oporteret,

2015 4632 2214 4703 quippe
2245 4648 2408 4702 quam
2434 4633 2561 4687 alibi
2595 4647 2865 4702 nusquam
2911 4642 3270 4702 praeterquam
3315 4633 3488 4702 ipsius
3518 4635 3572 4688 in

2014 4725 2181 4779 animi
2242 4725 2452 4779 viribus
2517 4725 2764 4780 obtinere
2829 4725 3058 4793 possint.
3127 4723 3230 4790 Qui
3290 4728 3336 4780 si
3383 4737 3575 4795 prmter

2013 4818 2288 4890 spiritum,
2319 4816 2465 4872 aliud
2513 4817 2648 4872 nihil
2674 4828 2728 4873 et
2772 4817 2938 4872 vitam
2967 4826 3022 4872 et
3067 4818 3308 4872 animum
3340 4833 3461 4873 esse
3487 4820 3571 4873 di—

2012 4917 2155 4970 cent.
2189 4909 2538 4978 quaerendum
2562 4924 2626 4964 ex
2670 4908 2776 4964 illis
2810 4918 2912 4972 est,
2955 4907 3084 4979 quid
3119 4910 3220 4964 sibi
3256 4911 3384 4964 velit
3410 4925 3570 4965 suum

2011 5000 2142 5054 illud
2174 5010 2314 5055 certo
2347 5018 2401 5055 se
2429 5001 2582 5054 modo
2616 5000 2832 5064 habens,
2878 5008 2989 5054 tam
3039 5001 3180 5070 apud
3222 5017 3317 5056 eos
3362 5003 3573 5060 celebre

343 5075 556 5146 πνεῦμα
577 5076 764 5146 (59)ἃν
786 5077 870 5148 εἴη
905 5078 1083 5149 μόνον,
1116 5081 1176 5134 τὸ
1205 5081 1262 5134 δέ
1291 5100 1406 5145 πως
1434 5081 1575 5153 ἕχον,
1600 5082 1786 5154 ὄνομαο
1812 5084 1904 5136 καὶ
1937 5067 1953 5120 Ῑ

2027 5092 2276 5162 ,οιίθεηιιθ
2304 5092 2586 5162 jactatum,
2624 5092 2690 5147 ad
2715 5091 2858 5161 quod
2889 5067 3196 5160 unum'ipsi
3225 5092 3568 5163 confugiunt,

339 5167 480 5220 οὓτω
507 5166 838 5239 συμϐήσεται
865 5170 1046 5233 αὐτοῖς
1077 5171 1198 5224 οὐδὲ
1226 5171 1351 5226 ἄλλο
1374 5174 1523 5227 οὐδὲν
1556 5170 1694 5228 εἶναι
1723 5175 1901 5243 λέγειν

341 5260 500 5329 ῆτὴν
525 5258 676 5329 ὓλην⁶
700 5261 792 5313 καὶ
847 5261 1042 5332 ψυχὴν,
1100 5264 1194 5316 καὶ
1245 5264 1398 5329 Θεὸν,
1453 5267 1545 5320 καὶ
1604 5268 1773 5338 ὄνομα
1833 5269 1901 5320 τὰ

339 5352 514 5404 πάντα
539 5351 672 5420 (60),
707 5353 882 5407 ἐκεῖνο
902 5353 957 5406 δὲ
989 5354 1165 5424 μόνον.
1207 5357 1269 5408 Εἰ
1303 5357 1358 5409 δὲ
1394 5357 1498 5410 τῶν
1519 5359 1687 5412 ὄντων
1718 5360 1896 5431 ἠσχέ-

336 5460 520 5584 ,ἠξὲω
560 5461 877 5519 Ἐπέκεινα.
911 5464 988 5520 Ita
1023 5482 1090 5520 ex
1123 5465 1352 5532 Plotino,
1401 5485 1506 5524 non
1554 5471 1789 5541 ἀπέσχον
1833 5481 1892 5526 ut

544 5603 650 5683 ,ξεν
671 5603 854 5683 ερορᾷ.Δ
875 5603 945 5659 Ut
975 5604 1195 5673 Plotin.,
1218 5623 1326 5663 non
1359 5610 1417 5663 ού
1454 5611 1611 5682 φορά,
1639 5619 1697 5666 ut
1719 5615 1888 5683 prius.

403 5672 515 5739 (58)
542 5672 700 5728 Forte
726 5677 876 5729 αὑτό.

406 5741 514 5811 (59)
544 5744 800 5814 Πνεῦμα,
828 5756 932 5802 etc.
964 5745 1198 5803 Duarum
1227 5763 1419 5805 vocum
1455 5752 1760 5814 mctathesi,
1793 5754 1892 5809 hoc

2008 5181 2210 5250 aliquid
2244 5182 2387 5237 aliud
2413 5190 2608 5252 przeter
2633 5195 2883 5251 corpora,
2915 5180 3060 5250 quod
3093 5179 3398 5236 eﬂ‘ectivum
3443 5199 3566 5240 sua-

2005 5283 2095 5344 pte
2159 5282 2349 5328 natura
2422 5274 2530 5338 sit,
2604 5271 2848 5343 proferre
2920 5269 3207 5338 compulsi.
3277 5269 3567 5328 Enimvero

2005 5363 2051 5417 si
2126 5377 2224 5417 nec
2303 5362 2528 5432 spiritus
2584 5362 2762 5416 omnis
2846 5359 3059 5414 animus
3115 5368 3217 5423 est,
3283 5377 3406 5416 cum
3485 5366 3566 5418 vis

1999 5485 2102 5535 est.
2130 5475 2344 5545 πνεῦμα
2382 5485 2435 5530 et
2465 5475 2652 5546 ὄνομα,
2682 5489 2843 5530 sensu
2879 5473 3076 5546 omnis
3102 5473 3242 5543 apud
3271 5472 3564 5546 Eusebium

1999 5543 2346 5614 perturbatus
2395 5554 2512 5600 erat
2541 5543 2760 5616 ίδνομα
2802 5545 2947 5599 enim
3003 5543 3190 5612 initio,
3239 5545 3456 5615 πνεῦμα
3509 5549 3562 5601 in

1999 5619 2104 5670 tine
2131 5616 2356 5686 membri
2382 5616 2674 5686 legebatur.

2071 5685 2178 5756 (60)
2215 5683 2533 5754 Ὀνοματὰ
2559 5687 2770 5739 πάντα.
2800 5683 2994 5751 Recte;
3024 5700 3130 5741 non
3159 5685 3395 5756 ὀνόματα
3429 5687 3565 5740 πάν-α

1999 5773 2084 5820 τα,
2117 5767 2175 5810 ut
2205 5758 2343 5827 apud
2379 5757 2667 5812 Plotinum.
