4090 6382
559 336 700 395 1359

1131 394 1136 407 ι
1216 338 1487 395 EUSEBH
1526 338 2009 395 CESARIENSIS
2043 337 2196 394 OPP.
2239 339 2419 394 PARS
2455 341 2517 396 ll.
2558 374 2623 383 -—
2659 344 3161 403 Al’ULOGETlCA.

3624 421 3628 424 ς
3664 334 3798 411 ratio

558 452 804 520 quantam
885 453 956 507 sit
1035 452 1403 510 inanimarum
1488 456 1781 527 Spirituum
1870 455 2112 511 inﬁnita.

2232 475 2333 524 σις,
2363 459 2456 512 καὶ
2488 458 2615 512 ἄλλο
2640 463 2792 533 παρὰ
2820 460 2881 515 τὸ
2904 462 3281 535 ὑποκείμενον,
3313 467 3409 519 καὶ
3428 466 3527 538 τὴν
3561 467 3713 541 ὓλην,
3743 473 3800 523 ὲν

555 544 721 615 827
754 552 809 599 et
844 557 1020 600 tamen
1046 546 1296 617 spiritum
1317 547 1369 601 id
1394 548 1537 618 quod
1567 558 1717 604 certo
1752 564 1810 604 se
1833 550 1997 605 modo
2022 550 2119 604 ha-

558 637 683 693 beat
716 654 836 695 esse
862 640 1059 707 velint;
1102 641 1207 696 hoc
1237 643 1411 712 ipsum
1447 642 1688 713 quidem,
1713 655 1856 698 certo
1885 661 1938 698 se
1965 645 2119 698 modo

556 726 786 792 habens,
840 730 944 786 hoc
987 740 1071 786 est
1138 732 1467 802 peculiarem
1512 735 1661 789 illam
1714 734 2123 799 habitudinem,

555 822 871 892 autaliquid
900 838 1020 879 esse
1053 825 1237 881 dicant
1262 842 1487 882 necesse
1515 838 1598 882 est
1619 867 1633 892 ,
1659 838 1753 883 aut
1797 828 2022 882 omnino
2050 828 2128 883 ni-

558 910 652 964 hil.
685 910 741 965 Si
774 912 928 980 nihil,
954 914 1180 984 spiritus
1214 932 1343 987 ergo
1374 917 1526 971 solus
1565 933 1690 973 vere
1721 926 1828 983 est,
1862 919 1993 973 illud
2026 934 2126 973 au-

556 1007 659 1055 tem
688 1010 836 1056 certo
866 1018 925 1057 se
955 1004 1117 1059 modo
1155 1005 1360 1061 habens
1382 1048 1396 1072 ,
1429 1022 1662 1063 vacuum
1708 1016 1760 1063 et
1813 1008 1976 1063 inane
2020 1024 2123 1063 no-

555 1107 697 1147 men.
746 1092 821 1147 Ex
854 1110 963 1165 quo
997 1097 1224 1165 proinde
1266 1099 1550 1169 sequitur,
1580 1100 1658 1154 uti
1700 1108 1895 1171 prmter
1953 1109 2126 1155 mate-

554 1181 690 1236 riam
715 1183 863 1238 aliud
891 1185 1027 1240 nihil
1054 1202 1174 1243 esse
1204 1187 1423 1255 dicant,
1455 1195 1622 1257 atque
1651 1188 1724 1243 ita
1747 1197 1801 1243 et
1834 1189 2077 1244 animum
2103 1230 2119 1255 ,

548 1277 605 1324 et
639 1268 837 1340 Deum,
863 1286 916 1327 et
944 1283 1136 1329 caetera
1197 1292 1424 1347 prorsus
1465 1278 1650 1334 omnia
1690 1279 2073 1335 nominetenus
2103 1322 2120 1349 ,

553 1361 803 1431 spiritum
834 1367 1053 1436 proprie
1085 1368 1260 1424 solum
1320 1369 1601 1426 exsistere.
1641 1372 1709 1427 At
1757 1372 1803 1427 si
1858 1373 2121 1430 habitudo

551 1455 642 1510 illa
673 1472 860 1513 verum
898 1460 1103 1531 aliquid
1135 1473 1252 1530 est,
1288 1472 1343 1519 et
1390 1465 1458 1520 ab
1495 1480 1561 1520 eo
1608 1465 1754 1536 quod
1794 1466 2120 1537 subjicitur,

550 1549 792 1621 adeoque
818 1567 849 1606 a
875 1554 1099 1608 materia
1126 1555 1242 1626 ipsa
1264 1556 1538 1612 diversum
1555 1598 1571 1623 ,
1596 1557 1743 1628 quod
1774 1573 1898 1613 cum
1924 1560 1978 1613 in
2003 1574 2124 1614 ma-

553 1645 685 1700 teria
718 1645 823 1715 sit,
867 1649 1103 1703 materiae
1135 1659 1313 1705 tamen
1347 1665 1540 1721 expers
1571 1660 1829 1717 maneat,
1864 1662 2121 1725 propter-

549 1753 614 1793 ea
658 1738 804 1808 quod
847 1754 1042 1797 rursus
1070 1756 1137 1797 ex
1194 1743 1424 1798 materia
1482 1744 1847 1814 compositum
1893 1744 2122 1800 minime

2229 547 2326 622 ὔλη
2354 549 2473 620 μὲν,
2508 550 2667 604 ἆῦλον
2694 551 2750 604 δὲ
2777 551 2926 617 αὐτὸ,
2962 553 3039 623 τῷ
3058 554 3167 624 (61)
3195 555 3269 627 μὴ
3291 557 3452 611 πάλιν
3484 557 3799 627 συγκεῖσθαι

2226 642 2285 709 ἐξ
2311 643 2458 714 ὕλης·
2496 642 2653 713 λόγος
2683 643 2747 697 ἂν
2780 645 2865 716 εἴη
2908 663 3011 710 τις,
3042 648 3133 700 καὶ
3188 649 3247 700 οὐ
3282 648 3459 720 σῶμα,
3514 652 3609 706 καὶ⁵
3642 651 3801 720 φύσις

2226 736 2405 806 ἑτέρα.
2446 737 2563 789 Ἔτι
2583 737 2639 790 δὲ
2668 738 2762 790 καὶ
2788 738 2853 790 ὲκ
2874 738 3039 791 τῶνδε
3070 739 3181 810 (62)
3234 740 3332 811 οὐχ
3362 738 3523 815 ἦττον
3554 743 3799 813 φαίνεται

2224 828 2478 884 ἀδύνατον
2499 828 2579 893 ὃν,
2608 827 2705 899 τὴν
2730 828 2905 900 ψυχὴν
2938 825 3077 884 εἶναι
3137 829 3296 901 σῶμα
3341 832 3538 887 ὁτιοῦν.
3576 835 3647 886 Ἣ
3692 833 3799 905 γὰρ

2225 920 2425 993 θερμόν
2454 923 2599 974 ἐστιν
2621 921 2654 992 ἢ
2679 920 2902 993 ψυχρὸν,
2929 920 2962 993 ἢ
2995 921 3225 994 σκληρὸν
3262 923 3295 994 ἢ
3339 924 3601 994 μαλακὸν,
3636 925 3798 997 ὑγρόν

2223 1031 2282 1067 τε
2315 1013 2348 1085 ἢ
2385 1013 2649 1085 πεπηγὸς,
2705 1014 2871 1085 μέλαν
2902 1031 2960 1066 τε
3008 1015 3042 1085 ἢ
3088 1014 3298 1081 λευκὸν,
3341 1018 3435 1070 καὶ
3481 1018 3657 1071 πάντα
3699 1019 3797 1071 ὅσα

2224 1106 2507 1177 ποιότητες
2540 1105 2806 1177 σωμάτων
2833 1105 2989 1160 ἄλλαι
3024 1109 3081 1159 ὲν
3111 1107 3308 1171 ἄλλοις.
3339 1110 3450 1162 Καὶ
3476 1110 3524 1160 εί
3555 1108 3653 1180 μὲν
3679 1108 3798 1181 θερ-

2226 1199 2345 1270 μὸν,
2365 1199 2521 1268 μόνον
2545 1198 2824 1271 θερμανεῖ,
2836 1198 3042 1271 ψυχρὸν
3059 1198 3117 1252 δὲ
3144 1199 3298 1271 μόνον
3319 1199 3497 1269 ψύξει,
3521 1202 3613 1254 καὶ
3627 1202 3800 1271 κοῦφα

2225 1290 2439 1361 ποίησει
2485 1288 2546 1344 τὸ
2597 1288 2797 1359 κοῦφον
2843 1289 3275 1361 προσγενόμενον
3304 1289 3398 1344 καὶ
3455 1290 3649 1362 παρὸν,
3709 1293 3800 1345 καὶ

2225 1380 2444 1453 βαρυνεί
2465 1380 2525 1434 τὸ
2557 1380 2716 1453 βαρὺ.
2746 1380 2841 1434 καὶ
2869 1380 3090 1451 μελανεῖ
3102 1381 3164 1433 τὸ
3193 1381 3380 1452 μέλαν,
3406 1380 3502 1434 καὶ
3527 1382 3588 1434 τὸ
3609 1380 3797 1435 λευκὸν

2222 1472 2413 1527 λευκὸν
2446 1474 2679 1544 ποιήσει.
2713 1472 2786 1525 Οὔ
2818 1471 2928 1544 γὰρ
2979 1472 3151 1543 πυρὸς
3201 1473 3263 1525 τὸ
3289 1472 3502 1542 ψύχειν,
3553 1473 3673 1526 οὐδὲ
3704 1471 3796 1526 τοῦ

2221 1562 2429 1637 ψυχροῦ
2457 1562 2635 1636 θερμὰ
2665 1565 2856 1618 ποιεῖν.
2898 1562 3035 1617 Ἀλλ’
3059 1563 3096 1634 ἦ
3151 1579 3215 1632 γε
3241 1562 3387 1634 ψυχὴ
3420 1563 3513 1616 καὶ
3541 1564 3598 1616 ὲν
3620 1563 3798 1627 ἄλλοις

2223 1655 2383 1721 ζώοις
2410 1655 2541 1711 ἄλλα
2567 1671 2628 1707 τε
2675 1654 2768 1708 καὶ
2807 1653 2943 1708 ἄλλα
2996 1656 3160 1720 ποιεῖ,
3205 1654 3299 1707 καὶ
3339 1655 3395 1707 ἐν
3422 1652 3502 1724 τῷ
3548 1653 3696 1723 αὐτῷ
3742 1652 3797 1705 δὲ

2220 1746 2290 1800 τὰ
2312 1745 2546 1801 ἐναντίω
2578 1744 2646 1798 τὰ
2681 1745 2778 1817 μὲν
2815 1745 3117 1817 πηγνοῦσα,
3145 1744 3215 1799 τὰ
3241 1746 3299 1799 δὲ
3325 1744 3544 1816 χέουσα,
3596 1745 3691 1797 καὶ
3730 1743 3798 1796 τὰ

549 1833 620 1889 sit
648 1852 662 1887 :
692 1850 893 1905 corpus
924 1835 1113 1907 utique
1158 1851 1267 1892 non
1295 1845 1412 1901 est,
1451 1838 1547 1893 sed
1592 1839 1759 1902 ratio,
1790 1838 2112 1909 corporique

2227 1840 2324 1911 μὲν
2374 1837 2574 1903 πυκνὰ,
2625 1838 2694 1892 τὰ
2749 1837 2806 1891 δὲ
2855 1837 3042 1909 ἀραιὰ,
3097 1836 3321 1908 μέλανα,
3373 1835 3563 1899 λευκὰ,
3598 1834 3796 1904 κοῦφα,

548 1936 747 1982 natura
777 1927 1082 1984 dissimilis.
1119 1926 1389 1985 Praeterea
1416 1945 1581 2000 quam
1636 1928 1854 1986 animus
1906 1928 2117 1984 nullum

546 2020 773 2075 omnino
795 2035 996 2092 corpus
1027 2035 1150 2076 esse
1186 2022 1393 2091 possit,
1420 2022 1504 2078 vel
1528 2022 1655 2077 inde
1698 2022 1880 2093 quivis
1914 2021 2116 2078 intelli-

545 2123 672 2185 gat:
705 2123 799 2169 aut
822 2115 968 2170 enim
996 2114 1232 2169 calidum
1254 2123 1335 2170 est
1362 2125 1455 2171 aut
1476 2114 1733 2185 frigidum
1753 2156 1768 2183 ,
1797 2117 1997 2172 durum
2022 2123 2121 2171 aut

2227 1930 2399 2003 βαρέα
2423 1931 2670 1985 ποιοῦσα.
2706 1930 2896 1983 Καίτοι
2930 1929 2988 1984 ἓν
3041 1930 3147 1985 ἔδει
3189 1932 3383 1995 ποιεῖν,
3411 1928 3551 1982 κατὰ
3574 1927 3674 1997 τὴν
3704 1925 3796 1980 τοῦ

2226 2022 2476 2095 σώματος
2503 2024 2760 2096 ποιότητά
2790 2041 2849 2076 τε
2879 2023 2979 2095 τὴν
3009 2022 3197 2095 ἄλλην,
3241 2021 3336 2075 καὶ
3384 2020 3570 2092 χρόαν·
3605 2019 3701 2074 νῦν
3743 2019 3799 2073 δὲ

2224 2112 2411 2168 πολλὰ.

544 2212 727 2278 molle,
756 2211 1042 2267 humidum
1070 2219 1523 2279 antconereturn,
1568 2214 1785 2283 nigrum
1841 2217 1946 2268 aut‘
1995 2212 2201 2276 album,
2243 2224 2309 2265 ac
2341 2208 2551 2265 caeteris
2590 2208 2642 2263 id
2681 2224 2853 2280 genus
2891 2209 3175 2279 praeditum
3231 2209 3618 2280 qualitatibus,
3678 2224 3800 2277 qum

544 2306 665 2361 aliae
692 2304 897 2376 passim
945 2304 1000 2359 in
1032 2303 1154 2360 aliis
1204 2318 1325 2359 esse
1377 2305 1573 2360 solent.
1627 2303 1749 2359 Jam
1789 2304 1837 2360 si
1865 2303 2101 2360 calidum
2139 2300 2264 2367 erit,
2324 2300 2701 2355 tantummodo
2731 2301 3055 2369 calefaciet;
3116 2300 3495 2373 refrigerahit,
3531 2301 3578 2355 si
3646 2300 3799 2372 frigi-

546 2399 713 2466 dum;
748 2399 795 2454 si
821 2398 941 2455 leve
969 2439 985 2466 ,
1023 2397 1295 2454 levitatem
1327 2398 1516 2453 ati‘eret
1553 2399 1865 2469 ubicunque
1894 2397 2107 2463 aderit;
2149 2395 2194 2450 si
2230 2410 2393 2466 grave
2417 2436 2431 2459 ,
2489 2396 2848 2467 gravitatem;
2889 2395 3141 2463 nigrore,
3186 2394 3232 2450 si
3276 2394 3533 2465 nigrum;
3569 2395 3615 2450 si
3663 2409 3795 2449 can-

545 2493 771 2560 didum,
836 2490 1075 2548 candore
1116 2490 1365 2547 similiter
1417 2490 1633 2551 aﬂiciet.
1678 2490 1791 2547 Nec
1832 2492 1976 2546 enim
2022 2499 2115 2546 aut
2151 2490 2291 2560 ignis
2320 2498 2434 2556 est,
2466 2489 2760 2560 frigidum,
2807 2497 2900 2544 aut
2945 2487 3127 2560 frigidi
3161 2489 3398 2544 calidum
3425 2488 3657 2544 edicere.
3700 2493 3797 2545 At-

543 2588 637 2659 qui
666 2590 914 2652 animus,
940 2601 1063 2642 cum
1098 2584 1153 2639 in
1192 2585 1422 2642 diversis
1473 2585 1846 2641 animantibus
1910 2586 2013 2640 alia
2053 2593 2215 2655 atque
2253 2584 2356 2639 alia
2404 2582 2630 2651 elliciat,
2665 2593 2778 2639 tum
2817 2583 2978 2637 etiam
3033 2582 3087 2636 in
3154 2598 3263 2637 uno
3324 2583 3627 2653 eodemque
3667 2598 3794 2639 con-

543 2680 749 2735 traria:
776 2679 937 2735 modo
960 2680 1105 2734 enim
1131 2680 1307 2750 cogit,
1338 2678 1502 2735 modo
1569 2677 1848 2750 liquefaeit
1876 2697 1888 2732 :
1918 2680 2145 2734 densum
2184 2677 2389 2749 aliquid
2424 2677 2682 2748 aliudque
2715 2693 2902 2732 rarum
2925 2717 2939 2740 ,
2975 2677 3194 2748 nigrum
3256 2677 3391 2741 hoc,
3422 2676 3557 2732 illud
3588 2676 3796 2744 album,

542 2773 690 2830 aliud
737 2775 887 2841 leve,
943 2791 1105 2847 grave
1152 2773 1299 2829 aliud
1342 2773 1503 2829 ellicit
1563 2792 1577 2829 :

1634 2788 1869 2845 cumque
1911 2786 2013 2844 pro
2076 2772 2295 2828 diverso
2351 2772 2597 2842 corporis
2656 2772 2873 2839 colore,
2935 2771 3170 2843 aliisque
3220 2771 3472 2827 similiter
3521 2774 3797 2844 qualitati-

544 2858 649 2922 bus
668 2906 684 2933 ,
720 2882 888 2923 unum
915 2866 1182 2922 duntaxat
1205 2864 1411 2936 aliquid
1437 2864 1650 2922 elﬁcere
1680 2864 1923 2931 deberet,
1944 2864 2113 2918 multa
2151 2862 2315 2919 simul
2338 2870 2614 2932 operatur.

618 2979 639 3014 ι
669 2960 848 3018 Motus
872 2975 1000 3017 vero
1027 2970 1135 3016 tam
1163 2961 1489 3033 multiplices
1514 2968 1678 3032 atque
1702 2960 1969 3026 diversos,
1992 2976 2102 3016 non

542 3053 778 3123 aliquem
806 3052 1070 3107 duntaxat
1098 3066 1267 3106 unum
1293 3094 1307 3118 ,
1344 3051 1438 3121 qui
1470 3051 1686 3107 tandem
1725 3065 1835 3105 una
1862 3050 2109 3120 cujusvis

2284 2958 2425 3021 «Τὰς
2455 2957 2512 3011 δὲ
2541 2958 2606 3028 δὴ
2642 2957 2887 3029 κινήσεις
2911 2956 3030 3021 πῶς
3060 2957 3374 3030 διαφόρους,
3408 2957 3524 3011 ἀλλ’
3549 2958 3611 3011 οὐ
3646 2959 3795 3031 μίαν,

2216 3050 2344 3120 μιᾶς
2359 3046 2523 3117 οὔσης
2556 3045 2754 3110 παντὸς
2785 3044 3034 3116 σώματος
3057 3048 3356 3118 κινήσεωςς
3391 3048 3454 3101 El
3486 3048 3542 3102 δὲ
3568 3046 3678 3102 τῶν
3697 3049 3796 3120 μὲν

541 3146 597 3200 in
625 3143 870 3213 corporis
899 3142 1137 3198 motione
1159 3142 1483 3198 defendent?
1507 3140 1641 3197 Nam
1665 3143 1713 3199 si
1755 3157 1947 3198 eorum
1979 3157 2110 3197 eau-

2215 3139 2585 3210 προαιρέσεις,
2611 3137 2717 3190 τῶν
2749 3138 2807 3191 δὲ
2858 3137 3049 3208 λόγους
3098 3139 3451 3202 αἰτιάσονται,
3494 3138 3669 3212 ὀρθῶς
3699 3142 3797 3211 μὲν

540 3253 665 3305 sas,
700 3237 896 3307 partim
923 3235 1251 3301 electiones,
1304 3235 1503 3305 partim
1550 3243 1895 3304 antegressas
1942 3250 2113 3305 quas-

540 3330 666 3384 dam
703 3328 942 3382 rationes
972 3340 1092 3381 esse
1125 3325 1562 3394 respondebunt;
1587 3324 1755 3393 probe
1784 3324 1838 3379 id
1861 3322 2108 3394 quidem.

539 3418 610 3473 At
639 3417 882 3487 corporis
914 3414 1077 3471 unius
1114 3414 1414 3484 praesertim
1439 3428 1503 3469 ac
1526 3413 1790 3484 simplicis
1853 3430 1953 3470 nec
1996 3414 2110 3469 ele-

540 3506 685 3575 ctio,
715 3522 815 3562 nec
856 3506 1084 3561 diversae
1121 3505 1225 3560 illae
1274 3504 1518 3560 rationes
1553 3506 1786 3576 propria:
1820 3506 2112 3576 suntquod

540 3598 807 3665 ejusmodi
830 3599 1061 3654 rationis
1085 3599 1309 3654 omnino
1358 3598 1494 3653 nihil
1523 3598 1748 3666 habeat,
1783 3598 1890 3653 nisi
1939 3614 2113 3669 quan-

542 3700 655 3745 tum
689 3690 757 3745 ab
781 3704 847 3745 eo
878 3690 1178 3761 acceperit,
1211 3706 1242 3746 a
1293 3704 1404 3761 quo
1435 3689 1519 3745 vel
1560 3689 1797 3745 calidum
1846 3690 1932 3744 vel
1964 3687 2114 3760 frigi-

539 3782 669 3837 dum
704 3781 952 3838 eﬂ‘ectum
976 3791 1078 3839 est.
1114 3781 1277 3839 Certo
1299 3782 1521 3853 quidem
1543 3790 1597 3838 et
1623 3782 1798 3853 spatio
1825 3782 2109 3852 temporis,

540 3884 595 3930 et
616 3889 887 3931 mensurae
920 3876 1082 3932 modo
1118 3890 1352 3947 augere,
1384 3889 1495 3945 quo
1531 3882 1690 3946 pacto
1727 3875 1944 3944 corpori
1979 3889 2110 3929 con-

538 3966 755 4022 veniat?
779 3967 964 4038 augeri
1016 3968 1162 4023 enim
1207 3968 1382 4038 ipsius
1411 3977 1533 4035 est,
1582 3967 1816 4038 augendi
1869 3967 1979 4022 vim
2013 3982 2110 4038 per

540 4076 661 4117 sese
685 4062 887 4115 nullam
919 4060 1110 4127 habet,
1139 4062 1236 4117 sed
1270 4071 1477 4117 tantum
1502 4071 1772 4132 quatenus
1816 4076 1935 4115 eam
1982 4076 2109 4115 cum

538 4154 656 4224 ipso
687 4154 905 4209 animus
930 4155 986 4208 in
1012 4154 1252 4209 materia:
1274 4168 1388 4208 suae
1413 4154 1555 4207 mole
1575 4152 1948 4207 communicat
1972 4192 1989 4217 ,
2017 4150 2107 4205 cui

537 4260 633 4314 per
663 4260 722 4301 se
754 4245 1148 4301 incrementum
1173 4243 1304 4299 illud
1321 4243 1570 4299 eﬂicienti
1594 4242 1973 4298 administram
2006 4257 2108 4296 na-

536 4345 626 4390 vat
658 4351 897 4406 operam.
943 4335 1155 4390 Etenim
1212 4335 1259 4391 si
1296 4344 1351 4390 et
1393 4348 1593 4404 corpus
1645 4340 1792 4388 esset
1848 4331 2103 4397 animus,

535 4425 705 4496 828
735 4425 988 4495 idemque
1009 4425 1172 4481 simul
1196 4432 1418 4495 augeret
1437 4465 1452 4489 ,
1487 4439 1612 4478 cum
1653 4430 1715 4478 ut
1745 4431 1907 4477 aucto
1929 4422 1981 4476 vi
2006 4436 2104 4476 sua

2213 3227 2390 3280 τοῦτο·
2423 3227 2537 3281 ἀλλ’
2571 3229 2632 3281 οὔ
2686 3227 2937 3299 σώματος
2966 3230 2999 3299 ἡ
3034 3229 3368 3302 προαίρεσις,
3411 3230 3530 3284 οὐδὲ
3554 3234 3604 3285 οἱ
3648 3232 3794 3301 λόγοι

2211 3319 2453 3390 διάφοροί
2474 3337 2536 3389 γε
2565 3319 2714 3385 ὅντες
2737 3319 2855 3385 ἐνὸς
2888 3319 3038 3385 ὄντος
3073 3322 3167 3375 καὶ
3202 3321 3372 3375 ἁπλοῦ
3402 3321 3495 3376 τοῦ
3522 3321 3791 3395 σώματος,

2211 3413 2305 3467 καὶ
2337 3413 2396 3467 οὐ
2429 3412 2590 3483 μετὸν
2622 3414 2770 3486 αὐτῷ
2814 3413 3053 3467 τοιούτου
3112 3431 3175 3484 γε
3221 3415 3403 3486 λόγου,
3446 3416 3480 3488 ἢ
3528 3418 3652 3482 ὅσος
3685 3418 3793 3489 (65)

2209 3503 2415 3559 δέδοται
2442 3504 2587 3576 αὐτῷ
2638 3504 2790 3577 παρὰ
2836 3504 2931 3558 τοῦ
2966 3507 3288 3578 ποιήσαντος
3328 3508 3529 3581 θερμὸν
3583 3511 3716 3564 αὐτὸ
3760 3511 3793 3582 ἦ

2209 3595 2417 3668 ψυχρὸν
2457 3592 2616 3651 εἶναι.
2673 3594 2745 3649 Τὸ
2787 3595 2843 3650 δὲ
2872 3598 2963 3651 καὶ
3016 3598 3074 3650 ὲν
3106 3598 3283 3671 χρόνῳ
3316 3598 3427 3673 (64)
3462 3600 3668 3669 αὔξειν,
3702 3604 3797 3657 καὶ

2213 3687 2375 3759 μέχρι
2405 3687 2659 3741 τοσούτου
2689 3687 2909 3760 μέτρου,
2948 3689 3111 3744 πόθεν
3137 3690 3203 3745 ἂν
3241 3691 3319 3764 τῷ
3376 3693 3588 3765 σώματι
3645 3698 3796 3768 αὐτῷ

2209 3780 2452 3848 γένοιτο;
2489 3774 2532 3849 ᾧ
2558 3785 2822 3856 προσήκει
2849 3784 2947 3856 μὲν
2980 3782 3256 3851 αὔξεσθαι,
3303 3787 3452 3858 αὐτῷ
3480 3787 3537 3841 δὲ
3580 3790 3794 3864 ἀμοίρῳ

2209 3871 2301 3925 τοῦ
2336 3872 2519 3939 αὔξειν
2578 3871 2738 3939 εἶναι,
2788 3876 2822 3947 ἢ
2881 3878 3005 3930 ὅσον
3048 3879 3430 3953 παραληφθείη
3465 3881 3532 3934 ἂν
3571 3884 3632 3937 ὲν
3663 3883 3794 3955 ὕλης

2208 3962 2375 4036 ὄγκῳ,
2407 3965 2710 4038 ὑπηρετοῦν
2734 3966 2811 4038 τῷ
2828 3968 3071 4022 διἀὑτοῦ
3100 3969 3198 4042 τὴν
3219 3969 3386 4040 αὔξην
3413 3970 3790 4044 ἐργαζομένῳ.

2209 4058 2319 4110 Καὶ
2355 4055 2464 4128 γὰρ
2517 4059 2566 4110 εί
2598 4060 2630 4128 ἡ
2662 4057 2806 4131 ψυχὴ
2851 4060 3008 4132 σῶμα
3064 4058 3202 4115 οὖσα
3231 4061 3402 4128 αὔξοι,
3458 4064 3674 4136 ἀνάγκη
3701 4067 3794 4120 καὶ

2208 4146 2374 4219 αὐτὴν
2401 4145 2678 4214 αὔξεσθαι,
2703 4150 2991 4223 προσθήκῃ
3022 4151 3264 4224 δηλονότι
3293 4153 3483 4222 ὁμοίου
3516 4152 3789 4225 σώματος,

2207 4239 2255 4290 εἰ
2282 4237 2462 4309 μέλλει
2485 4241 2564 4303 είς
2593 4241 2707 4293 ἴσον
2759 4241 2894 4295 ἰέναι
2916 4242 2993 4313 τῷ
3026 4243 3307 4315 αὐξομένῳ
3333 4246 3425 4297 ὑπ’
3459 4246 3648 4317 αὐτῆς.
3683 4248 3792 4301 Καὶ

2206 4330 2239 4402 ἦ
2273 4329 2417 4402 ψυχὴ
2440 4329 2593 4385 ἔσται
2617 4331 2677 4385 τὸ
2706 4332 3153 4405 προστιθέμενον,
3179 4334 3212 4405 ἢ
3240 4334 3445 4406 ἄψυχον
3484 4335 3664 4408 σῶμα.
3683 4340 3793 4392 Καὶ

2207 4422 2380 4493 εἰμὲν
2433 4420 2600 4494 ψυχὴ,
2657 4422 2820 4477 πόθεν
2871 4426 2965 4478 καὶ
3022 4425 3140 4489 πῶς
3194 4425 3488 4496 εἰσιούσης,
3544 4428 3794 4493 καὶπῶς

536 4514 748 4583 corpori
773 4529 871 4584 par
891 4529 1014 4569 esse
1040 4524 1262 4584 posset,
1294 4527 1401 4566 una
1430 4511 1674 4582 profecto
1706 4510 1902 4567 similis
1920 4525 2106 4565 acces-

2215 4514 2669 4588 προστιθεμένης;
2699 4517 2745 4569 εἰ
2770 4516 2828 4570 δὲ
2863 4517 3069 4589 ἄψυχον
3114 4518 3177 4572 τὸ
3201 4520 3626 4592 προστιθέμενον
3648 4520 3789 4594 (65),

535 4605 692 4660 sione
722 4605 964 4674 corporis
999 4605 1185 4675 augeri
1218 4619 1442 4661 necesse
1463 4612 1633 4660 esset.
1669 4600 1827 4669 Quod
1846 4616 2009 4673 porro
2036 4601 2103 4656 ad

534 4714 656 4754 eam
691 4697 1001 4764 accederet,
1059 4698 1111 4752 id
1152 4707 1247 4753 aut
1295 4700 1512 4753 animus
1567 4697 1752 4752 itidem
1784 4703 1963 4763 esset,
2010 4703 2105 4749 aut

533 4803 735 4859 corpus
765 4788 1087 4854 inanimum.
1123 4786 1181 4842 Si
1216 4788 1433 4843 animus
1455 4828 1471 4856 ,
1506 4787 1650 4841 unde
1692 4785 1778 4840 vel
1832 4784 2105 4855 quomodo

532 4890 628 4935 aut
657 4880 898 4935 illabitur
919 4889 1046 4944 ,aut
1072 4879 1325 4935 additur?
1356 4879 1450 4934 Sin
1478 4878 1661 4933 animo
1691 4886 1875 4932 careat
1895 4918 1911 4944 ,
1958 4892 2092 4947 quo-

535 4972 699 5028 modo
745 4981 842 5027 aut
901 4972 1053 5027 illum
1092 4973 1353 5044 accipiet,
1406 4980 1499 5026 aut
1546 4970 1717 5042 priori
1761 4969 2103 5024 consentiet?

536 5065 813 5134 quomodo
841 5080 965 5120 eum
986 5065 1175 5133 eodem
1206 5072 1261 5119 et
1286 5078 1459 5119 unum
1484 5062 1617 5132 quid
1655 5060 1847 5117 elﬁciet
1867 5102 1883 5127 ,
1912 5070 1966 5115 et
1998 5061 2098 5115 iis-

504 5157 657 5212 dem
697 5157 751 5213 in
780 5158 1066 5213 sententiis
1112 5155 1460 5227 aequiescet?
1493 5171 1558 5210 ae
1595 5168 1707 5209 non
1759 5152 1945 5225 potius
1978 5162 2102 5208 tan-

529 5263 693 5317 quam
728 5251 927 5320 hospes
957 5250 1179 5321 quidam
1208 5258 1263 5304 et
1289 5248 1640 5320 peregrinus,
1676 5263 1799 5317 qua:
1837 5248 1986 5317 prior
2010 5248 2102 5303 ille

532 5348 794 5405 noverat,
844 5339 1159 5411 ignorabit:
1191 5348 1246 5395 et
1290 5337 1750 5410 quemadmodum
1811 5337 1869 5391 in
1906 5345 2101 5393 caetera

601 5515 712 5589 (61)
742 5516 816 5571 Δὲ
843 5516 1010 5583 αὐτὸ,
1040 5515 1138 5584 τῷ.
1166 5518 1224 5573 1d
1248 5531 1315 5589 es
1334 5515 1550 5571 Plotino
1572 5513 1944 5589 supplevimus
1966 5528 1981 5577 ;
2006 5507 2100 5566 οὖν

529 5587 1061 5659 (ιυοιιεειιιιοὺοῑυπ,
1104 5604 1171 5659 ex
1217 5588 1408 5645 eodem
1459 5587 1824 5659 expunrimus
1869 5591 1970 5638 :et
2012 5598 2101 5638 se-

527 5661 714 5727 quenti
751 5655 915 5720 linea.
945 5659 1041 5713 καὶ
1071 5658 1155 5722 οὐ,
1178 5675 1244 5715 ex
1266 5659 1458 5714 eodem
1485 5655 1815 5727 addidimus.

601 5727 709 5800 (62)
732 5728 940 5800 Καζὲκ
969 5727 1175 5785 τῶνδε.
1204 5728 1343 5785 Ante
1373 5728 1675 5800 legebatur,
1707 5724 1801 5780 καὶ
1829 5722 1997 5795 οὔσης
2032 5725 2099 5778 ὲκ

528 5796 716 5865 τῶνδε,
750 5799 900 5857 nullo
927 5814 1113 5857 sensu.

2213 4607 2331 4671 πῶς
2362 4607 2522 4661 τοῦτο
2551 4607 2894 4679 ψυχώσεται,
2919 4610 3014 4663 καὶ
3035 4609 3115 4682 τῷ
3142 4612 3376 4684 πρόσθεν
3404 4615 3792 4685 ὁμογνωμονή-

2213 4712 2314 4761 σει,
2351 4698 2442 4751 καὶ
2475 4696 2532 4751 ἓν
2561 4698 2733 4763 ἔσται,
2770 4698 2997 4752 καὶτῶν
3054 4701 3234 4756 αὐτῶν
3282 4701 3450 4770 δοξῶν
3494 4706 3559 4775 τῇ
3597 4704 3794 4778 πρώτῃ

2214 4786 2613 4858 μεταλήψεται;
2658 4787 2796 4841 Ἀλλ’
2812 4788 2911 4859 οὐχ
2938 4788 3127 4861 ὥσπερ
3159 4790 3283 4862 ξένη
3315 4791 3448 4862 (66),
3480 4792 3629 4864 ψυχὴ
3650 4794 3791 4865 αὔτη

2210 4877 2276 4930 ἐν
2299 4878 2490 4950 ἀγνοίᾳ
2522 4878 2674 4933 ἔσται
2700 4873 2774 4933 ὧν
2807 4882 2841 4952 ἡ
2874 4880 3038 4953 ἑτέρα
3064 4878 3192 4935 οἶδε’
3226 4885 3319 4937 κού⁵
3348 4884 3537 4957 ὥσπερ
3570 4888 3599 4939 ὁ
3632 4885 3794 4949 ἄλλος

2208 4969 2370 5038 ὔγκος
2397 4969 2573 5041 ἡμῶν,
2594 4971 2655 5024 τὸ
2704 4972 2803 5042 μέν
2831 4991 2884 5026 τι
2909 4974 3306 5047 ἀπορῤεύσεται
3340 4977 3528 5042 αὐτοῦ,
3558 4979 3620 5032 τὸ
3650 4979 3711 5033 δέ
3739 4997 3792 5033 τι

2210 5060 2651 5133 προσελεύσεται,
2685 5062 2837 5116 οὐδὲν
2889 5064 2944 5118 δὲ
3000 5066 3153 5120 ἔσται
3204 5067 3266 5120 τὸ
3323 5069 3490 5135 αὐτό;
3535 5069 3663 5134 Πῶς
3695 5068 3791 5125 οὖν

2208 5153 2338 5223 ἡμῖν
2365 5153 2422 5205 αἱ
2455 5152 2696 5223 μνῆμαι;
2725 5155 2849 5219 Πῶς
2875 5155 2930 5208 δὲ
2957 5159 2990 5227 ἡ
3019 5157 3218 5227 γνῶσις
3250 5160 3482 5226 οἰκείων,
3530 5162 3792 5217 οὐδέποτε

2205 5247 2272 5316 τῇ
2324 5245 2461 5316 αὐτῇ
2495 5244 2639 5317 ψυχῇ
2674 5249 3003 5318 χρωμένων;
3058 5250 3169 5305 Καὶ
3225 5252 3325 5323 μὲν
3353 5254 3402 5305 εί
3443 5251 3604 5324 σῶμα
3644 5255 3787 5319 ἐστι,

2209 5338 2448 5411 φύσιςδὲ
2479 5339 2730 5412 σώματος
2770 5341 3133 5419 ¹μεριζομένου
3193 5346 3274 5409 εἰς
3326 5344 3515 5411 πλείω,
3556 5346 3790 5402 ἕκαστον

2275 5513 2388 5581 (63)
2417 5512 2581 5568 Forte
2608 5514 2754 5568 ὅσον.

2277 5583 2389 5656 (ϐξ)
2416 5583 2641 5656 Pl_otin.,
2664 5585 2895 5656 χρόνοις.

2277 5641 2389 5740 (66)
2422 5653 2491 5707 Τὸ
2519 5641 3003 5740 προσῗιᾷέμὲνως.
3045 5655 3118 5740 Ιςῖχ
3147 5656 3361 5740 Plotina
3391 5658 3635 5715 additum
3654 5668 3785 5727 85:;

2206 5724 2488 5797 Etpdxmtett
2510 5741 2640 5797 vero
2666 5724 2931 5797 mutatum
2962 5729 3015 5781 in
3043 5727 3371 5797 ψυχώσεται.

2278 5794 2389 5868 (66)
2413 5794 2590 5865 Ξένη.
2621 5796 2700 5851 lta
2731 5795 2954 5866 Plotin.,
2977 5794 3085 5854 non
3108 5794 3163 5854 δὲ
3185 5800 3241 5870 ἡ.
