4090 6382
369 310 494 368 1561

1546 315 1866 370 ΡΒᾸΞΡΑΒ.
1898 314 2149 370 EV'ANG.
2180 317 2304 372 LIB.
2346 318 2456 372 XV.

3486 332 3626 389 1562

364 431 440 503 μὴ
468 433 528 485 τὸ
561 433 692 486 αὐτὸ
713 428 852 486 εἶναι
887 433 991 486 τῶν
1026 435 1208 507 μερῶν
1254 435 1330 506 τῷ
1359 435 1482 506 ὅλῳ’
1518 437 1564 488 εί
1595 436 1808 489 τοσόνδε
1853 438 1927 508 μέι

2050 441 2295 509 corporis
2329 441 2500 495 nostri
2527 443 2666 498 mole
2689 447 2973 508 usuvenit,
3023 465 3149 518 pars
3199 450 3300 521 ipsi
3329 453 3435 507 alia
3479 451 3623 507 dilao

360 524 521 593 γεθος
541 526 707 596 ψυχὴ,
738 525 766 578 ὃ
787 526 854 579 ἂν
885 527 1102 580 ἔλαττον
1134 524 1191 598 ᾖ,
1216 528 1362 598 ψυχὴ
1395 529 1494 580 οὐκ
1549 526 1722 588 ἔσται,
1755 527 1945 600 ὥσπερ

360 618 469 670 πᾶν
493 617 675 680 ποσὸν,
701 618 1004 689 ἀφαιρέσει,
1022 619 1116 671 τοῦ
1139 614 1280 671 εἶναι
1310 619 1370 671 τὸ
1401 619 1634 690 πρόσθεν
1659 618 1942 690 ἠλλάξατο.

359 711 424 764 Εἰ
457 711 514 764 δέ
539 729 588 764 τι
609 711 717 766 τῶν
748 712 978 782 μέγεθος
1006 714 1258 784 ἐχόντων,
1304 714 1394 766 τὸν
1424 713 1588 782 ὄγκον
1620 712 1939 778 ἐλαττωθὲν,

357 805 422 873 τῇ
452 805 696 874 ποιότητι
725 805 920 858 ταύτὸν
957 805 1128 876 μένει,
1246 806 1342 875 μὲν
1375 805 1554 876 σῶμα,
1589 805 1776 877 ἕτερόν
1805 807 1941 868 ἐστι,

361 896 452 948 καὶ
557 897 740 958 ποσὴν,
786 900 852 967 τῇ
880 896 934 949 δὲ
988 897 1252 967 ποιότητι,
1304 897 1469 967 ἑτέρᾳ
1508 901 1608 968 τῆς
1649 899 1944 969 ποσότητος

355 986 511 1059 οὔσῃ,
533 988 594 1040 τὸ
625 989 818 1042 ταύτὸν
844 988 1146 1052 ἀποσώζειν
1171 989 1412 1043 δύναται.
1444 989 1508 1042 Τί
1532 991 1710 1042 τοίνυν
1743 991 1944 1060 φήσου-

359 1096 441 1132 σιν
469 1080 520 1130 οἱ
547 1080 645 1151 τὴν
669 1080 846 1151 ψυχὴν
877 1081 1036 1152 σῶμα
1075 1077 1213 1135 εἶναι
1247 1081 1496 1150 λέγοντες
1526 1099 1542 1148 ;
1577 1081 1797 1154 Πρῶτον
1846 1082 1944 1153 μὲν

357 1171 495 1242 ὑπὲρ
516 1173 746 1226 ἑκάστου
778 1173 978 1244 μέρους
1009 1174 1109 1245 τῆς
1139 1175 1316 1246 ψυχῆς
1348 1175 1446 1245 τῆς
1468 1177 1524 1227 ἐν
1552 1174 1629 1245 τῷ
1659 1173 1806 1245 αὐτῷ
1837 1172 1943 1227 σώ-

358 1276 510 1330 ματι,
541 1261 767 1332 πότερον
798 1263 1030 1316 ἕκαστον
1051 1262 1217 1334 ψυχὴ,
1265 1264 1354 1318 οἵα
1401 1265 1518 1317 ἐστὶ
1574 1265 1668 1318 καὶ
1723 1266 1758 1334 ἡ
1810 1263 1940 1332 ὃλη;

355 1353 448 1404 καὶ
473 1352 632 1406 πάλιν
663 1352 759 1406 τοῦ
798 1355 996 1426 μέρους
1027 1356 1086 1408 τὸ
1131 1356 1326 1428 μέρος;
1371 1357 1540 1410 Οὐδὲν
1593 1357 1702 1427 ἄρα
1745 1357 1806 1408 τὸ
1855 1357 1944 1426 μέο

353 1441 513 1510 γεθος
544 1444 898 1498 συνεϐάλλετο
935 1449 1000 1517 τῇ
1035 1447 1193 1518 οὐσίᾳ
1239 1447 1429 1517 αὐτῆς*
1465 1447 1661 1516 (καίτοι
1693 1447 1798 1500 ἔδει
1825 1447 1938 1519 (67)

353 1550 438 1602 γε,
472 1535 637 1589 ποσοῦ
674 1554 817 1600 τινος
845 1538 1042 1608 ὅντος,)
1083 1539 1177 1592 καὶ
1199 1539 1317 1594 ὅλον
1368 1539 1631 1610 πολλαχῇ,
1671 1541 1806 1609 ὅπερ
1839 1536 1942 1590 σώ-

354 1644 486 1697 ματι
523 1631 774 1700 παρεῖναι
825 1629 1106 1695 ἀδύνατον,
1147 1633 1204 1684 ἐν
1234 1631 1442 1685 πλείοσι
1471 1631 1532 1684 τὸ
1560 1630 1690 1684 αὐτὸ
1720 1630 1838 1684 ὅλον
1867 1626 1941 1708 εῖτ

351 1738 459 1782 ναι,
487 1722 580 1774 καὶ
598 1722 660 1774 τὸ
693 1724 853 1794 μέρος
884 1725 1021 1795 ὅπερ
1049 1725 1110 1777 τὸ
1143 1726 1262 1778 ὅλον
1290 1726 1577 1797 ὑπάρχειν.
1615 1724 1677 1777 Et
1718 1724 1773 1776 δὲ
1804 1724 1936 1777 ἕκα-

352 1831 476 1867 στον
503 1815 610 1868 τῶν
638 1815 821 1887 μερῶν
846 1817 905 1869 οὐ
940 1817 1118 1890 ψυχὴν
1169 1820 1452 1889 φήσουσιν,
1489 1816 1549 1881 ἐξ
1576 1816 1797 1886 ἀψύχων
1828 1816 1932 1885 ψυ-

349 1906 416 1976 χὴ
448 1907 630 1970 αὐτοῖς
666 1907 916 1980 ὑπάρξει.
966 1911 1073 1963 Καὶ
1125 1909 1370 1981 προσέτι,
1401 1911 1448 1962 εί
1476 1909 1653 1980 ψυχῆς
1696 1910 1932 1979 ἑκάστης

346 1998 407 2050 τὸ
441 1999 664 2068 μέγεθος
685 2001 988 2071 ὡρισμένον
1015 2001 1168 2054 ἔσται
1197 2001 1280 2070 ἐφ’
1313 2002 1553 2073 ἑκάτερα
1609 2000 1742 2070 (68),
1773 2001 1805 2071 ἢ
1839 2001 1932 2052 ἐπὶ

345 2088 406 2139 τὸ
423 2087 640 2141 ἔλαττόν
674 2105 755 2158 γε,
797 2090 829 2161 ἢ
858 2091 950 2144 ἐπὶ
971 2091 1033 2144 τὸ
1061 2093 1244 2162 μεῖζον
1278 2091 1410 2163 (69),
1460 2089 1606 2162 ψυχὴ
1630 2091 1728 2143 οὐκ
1754 2089 1927 2142 ἔσται.

346 2179 514 2233 Ὅταν
537 2179 712 2235 τοίνυν
737 2184 801 2233 ὲκ
842 2181 1060 2236 συνόδου
1117 2184 1265 2252 μιᾶς,
1317 2183 1412 2236 καὶ⁹
1455 2182 1574 2244 ἑνὸς
1617 2181 1928 2252 σπέρματος

341 2271 534 2342 δίδυμα
565 2274 790 2346 γένηται
829 2274 1222 2345 γεννήματα,ἢ
1253 2275 1346 2327 καὶ
1369 2273 1558 2345 ὥσπερ
1596 2275 1652 2327 ὲν
1685 2275 1795 2336 τοῖς
1833 2272 1927 2325 ἄλ-

342 2361 454 2425 λοις
477 2363 657 2429 ζώοις,
689 2364 937 2429 πλεῖστα,
967 2365 1060 2418 τοῦ
1098 2365 1411 2437 σπέρματος
1471 2368 1551 2420 εἰς
1581 2365 1805 2428 πολλοὺς
1840 2365 1928 2418 τό-

342 2470 475 2517 πους
511 2456 890 2527 μεριζομένου,
917 2452 978 2511 οὗ
1033 2457 1097 2528 δὴ
1131 2457 1249 2510 ὅλον
1281 2457 1510 2512 ἕκαστόν
1539 2460 1675 2512 ἐστι’
1716 2458 1831 2520 πῶς
1869 2458 1928 2510 οὐ

338 2545 578 2601 διδάσκει
609 2549 763 2602 τοῦτο
794 2552 920 2614 τοὺς
945 2550 1302 2622 βουλομένους
1351 2551 1662 2622 μανθάνειν,
1695 2553 1770 2615 ὡς
1794 2553 1928 2605 ὅπου

338 2639 402 2691 τὸ
437 2640 600 2710 μέρος
632 2643 825 2694 ταύτόν
854 2644 972 2696 ἐστι
996 2643 1073 2715 τῷ
1101 2644 1228 2714 ὅλῳ,
1288 2645 1443 2698 τοῦτο
1476 2645 1533 2696 ὲν
1554 2648 1620 2716 τῇ
1653 2645 1816 2698 αὑτοῦ
1840 2645 1930 2698 οὐ-

342 2731 434 2802 σίᾳ
456 2733 515 2785 τὸ
540 2735 704 2787 ποσὸν
765 2730 904 2788 εἶναι
958 2736 1370 2806 ὑπερὸέὸηκεν,
1427 2736 1626 2791 ἄποσον
1691 2737 1748 2789 δὲ
1797 2736 1929 2789 αὐτὸ

340 2823 478 2878 εἶναι
518 2825 576 2892 ἐξ
612 2829 892 2898 ἀνάγκης;
926 2829 1082 2883 Οὕτω
1111 2831 1218 2900 γὰρ
1253 2831 1320 2883 ἂν
1350 2830 1500 2901 μένοι
1518 2830 1580 2883 τὸ
1614 2829 1768 2896 αὐτὸ,
1832 2828 1924 2882 τοῦ

339 2914 508 2968 ποσοῦ
537 2915 902 2987 κλεπτομένου
937 2919 1070 2990 (70),
1138 2920 1234 2974 ἆτε
1273 2920 1348 2992 μὴ
1391 2919 1550 2990 μέλον
1580 2919 1726 2991 αὐτῷ
1766 2920 1927 2972 ποσό-

337 3026 498 3080 τητος
525 3010 618 3063 καὶ
638 3011 822 3078 ὗγκου,
852 3012 927 3076 ὼς
953 3013 1017 3066 ἂν
1039 3013 1139 3084 τῆς
1178 3014 1366 3078 οὐσίας
1402 3014 1513 3084 (7|)
1539 3014 1726 3085 ἕτερόν
1756 3032 1808 3067 τι
1836 3013 1927 3066 οὕ-

338 3119 460 3173 σης.
496 3106 732 3158 Ἀποσον
763 3107 868 3178 ἄρα
906 3110 939 3179 ὴ
974 3108 1120 3180 ψυχὴ
1149 3108 1244 3162 καὶ
1269 3109 1318 3160 oi
1351 3107 1519 3177 λόγοι.

2053 532 2236 598 betur,
2289 535 2542 589 succedet
2592 536 2732 602 alia,
2786 538 2975 609 sicque
3019 542 3152 596 nihil
3191 560 3413 613 prorsus
3449 562 3620 603 unum

2050 623 2311 677 exsistet?
2341 624 2629 689 Quomodo
2661 636 2841 681 autem
2877 629 2930 682 in
2982 633 3138 686 nobis
3179 635 3261 688 vel
3323 638 3623 704 memoria,

2049 712 2131 766 vel
2173 729 2353 766 rerum
2390 714 2454 768 ad
2485 730 2583 770 nos
2613 717 3004 785 pertinentium
3028 722 3264 792 cognitio
3295 722 3474 779 l'utura
3500 736 3579 780 est
3602 766 3620 792 ,

2049 804 2094 858 si
2127 803 2319 858 eodem
2361 807 2546 861 animo
2575 824 2853 875 nunquam
2893 812 3154 866 utemur?
3191 811 3455 870 Praeterea
3485 818 3531 872 si
3565 827 3620 872 et

2046 912 2248 966 corpus
2285 897 2374 950 ille
2400 907 2521 965 est,
2565 907 2619 953 et
2669 911 2866 956 natura
2919 905 3168 973 corporis
3201 906 3504 976 ejusmodi,
3561 921 3622 966 ut

2048 988 2140 1042 illo
2175 989 2357 1058 plures
2387 991 2440 1044 in
2474 1002 2653 1060 partes
2679 994 2888 1059 diviso,
2922 997 3068 1051 nulla
3105 998 3245 1052 idem
3281 1001 3505 1056 omnino
3547 1004 3626 1060 sit:

2045 1083 2192 1150 quod
2245 1092 2419 1138 totum
2480 1086 2656 1154 ipsum
2710 1097 2871 1158 atque
2933 1088 3235 1160 integrum;
3293 1093 3528 1164 itemque
3571 1098 3618 1151 si

2047 1184 2207 1230 tantae
2238 1177 2463 1232 omnino
2504 1179 2894 1248 magnitudinis
2911 1192 3012 1247 est,
3042 1193 3257 1253 quantae
3285 1185 3330 1239 si
3358 1201 3464 1240 non
3491 1188 3618 1253 erit,

2044 1264 2260 1319 animus
2292 1281 2512 1336 quoque
2551 1283 2658 1322 non
2684 1269 2826 1334 erit;
2865 1272 3051 1341 utique
3079 1273 3223 1341 quod
3265 1275 3416 1329 omni
3457 1287 3621 1333 certa:

2043 1356 2363 1426 quantitatis
2394 1358 2467 1410 rei
2521 1361 2659 1412 solet
2694 1362 2982 1427 accidere,
3037 1363 3272 1432 priorem
3320 1365 3616 1422 exsistendi

2044 1447 2265 1502 modum
2295 1449 2637 1518 quantalibet
2655 1451 2995 1507 detractione
3030 1455 3274 1510 mutabit.
3306 1456 3401 1510 Sin
3435 1466 3617 1513 autem

2043 1538 2250 1607 aliquid
2283 1549 2428 1594 certa
2463 1543 2842 1612 magnitudine
2871 1545 3186 1613 praeditum,
3220 1557 3276 1601 ut
3310 1549 3468 1605 molis
3504 1567 3631 1606 suae—

2042 1644 2194 1704 parte
2219 1634 2401 1704 aliqua
2436 1635 2784 1701 decurtetur,
2820 1637 2962 1692 idem
2987 1648 3167 1694 tamen
3203 1643 3460 1711 qualitate
3500 1660 3618 1699 ma-

2045 1733 2135 1778 net
2171 1742 2185 1779 :
2224 1724 2274 1778 id
2311 1726 2490 1795 ipsum
2541 1742 2675 1797 ergo
2710 1735 2763 1781 ct
2812 1729 3058 1798 corporis
3109 1730 3352 1786 diversas
3399 1732 3617 1789 habebit

2042 1818 2346 1886 quantique
2370 1818 2643 1883 rationes,
2675 1828 2727 1874 et
2753 1829 2931 1875 tamen
2976 1821 3115 1876 idem
3153 1832 3209 1878 ut
3238 1825 3340 1891 sit,
3384 1828 3617 1896 qualita-

2042 1906 2113 1960 tis
2147 1906 2312 1961 unius
2337 1923 2366 1960 a
2399 1907 2707 1978 quantitate
2739 1909 2968 1964 diversae
2993 1910 3042 1962 vi
3085 1911 3453 1983 beneﬁcioque
3481 1915 3614 1969 reli-

2040 1997 2207 2051 nebit.
2242 1995 2381 2063 Quid
2421 1998 2584 2066 igitur
2617 1998 2816 2053 dicturi
2848 2010 3018 2068 sunt,
3061 2001 3155 2072 qui
3208 2002 3452 2058 animum
3497 2020 3614 2060 car-

2039 2104 2137 2158 pus
2161 2103 2281 2143 esse
2306 2087 2497 2142 aiunt?
2531 2089 2610 2143 Ac
2643 2091 2877 2156 primum
2923 2091 3174 2161 qurdem,
3212 2101 3392 2148 utrum
3443 2094 3613 2149 animi

2037 2181 2153 2251 ejus
2175 2182 2268 2251 qui
2308 2181 2497 2236 eodem
2533 2191 2782 2237 versatur
2809 2184 2863 2237 in
2894 2200 3157 2254 corpore,
3191 2201 3315 2256 pars
3359 2187 3616 2264 quaelibet

2035 2273 2252 2327 animus
2273 2282 2386 2340 est,
2414 2273 2660 2342 ejusdem
2697 2277 2922 2331 omnino
2945 2277 3101 2346 cujus
3133 2279 3340 2349 integer
3373 2295 3436 2333 ac
3464 2289 3610 2335 totus

2037 2365 2150 2435 ipse
2182 2366 2411 2422 rationis
2433 2408 2449 2433 ,
2483 2368 2722 2438 itemque
2746 2369 2973 2440 singula:
3003 2371 3172 2441 partis
3194 2371 3458 2442 cujusque
3480 2355 3618 2443 par?

2035 2458 2159 2513 tes?
2181 2455 2327 2512 Nihil
2351 2474 2479 2530 ergo
2526 2459 2594 2514 ad
2626 2460 2794 2514 animi
2837 2472 3085 2516 naturam
3137 2464 3454 2535 magnitudo
3484 2480 3608 2534 per-

2033 2549 2228 2604 tineret
2283 2550 2519 2622 (tametsi
2549 2553 2854 2622 quantitate
2907 2555 3163 2624 praeditus
3193 2571 3317 2609 cum
3351 2556 3449 2622 sit,
3486 2571 3609 2626 per-

2034 2644 2204 2697 tinere
2230 2644 2455 2697 omnino
2485 2644 2731 2714 debeat);
2789 2659 2961 2716 eaque
3004 2656 3115 2701 tota
3165 2649 3348 2702 multis
3380 2659 3526 2704 esset
3553 2649 3607 2702 in

2033 2733 2167 2788 locis
2189 2775 2203 2797 ,
2236 2735 2381 2804 quod
2409 2735 2464 2788 in
2499 2749 2701 2805 corpus
2725 2736 2872 2790 nullo
2905 2735 3068 2789 modo
3097 2738 3386 2791 convenire
3408 2745 3606 2806 potest,

2034 2839 2094 2881 ut
2124 2826 2263 2881 idem
2296 2828 2349 2881 in
2379 2827 2628 2898 pluribus
2653 2837 2823 2882 totum
2845 2829 3007 2895 insit;
3031 2829 3488 2898 quemadmodum
3508 2845 3607 2884 nec

2035 2919 2087 2973 in
2117 2928 2324 2989 partem
2353 2920 2518 2974 ullam
2544 2960 2559 2985 ,
2596 2927 2655 2973 ut
2699 2919 2839 2973 idem
2889 2920 2959 2974 sit
2995 2919 3139 2989 quod
3190 2929 3362 2975 totum
3404 2922 3603 2992 ipsum.

2035 3013 2138 3080 Qui
2178 3013 2225 3068 si
2259 3020 2469 3082 partem
2499 3011 2804 3081 quamlibet
2835 3011 3077 3066 animum
3110 3027 3230 3068 esse
3256 3015 3604 3082 negaverint,

2035 3106 2278 3159 animum
2313 3103 2540 3174 proinde
2563 3102 2822 3158 inanimis
2849 3118 2910 3157 ex
2936 3104 3100 3158 rebus
3123 3114 3375 3160 constare
3398 3104 3600 3159 dicent.

339 3195 546 3262 Porro,
583 3198 628 3253 si
655 3201 897 3269 cujusvis
928 3203 1095 3257 animi
1137 3203 1452 3272 magnitudo
1486 3202 1602 3258 suis
1648 3201 1902 3272 utrinque
1949 3199 2195 3256 terminis
2248 3197 2662 3267 circumscripta
2722 3197 2854 3259 erit,
2897 3195 3142 3266 profecto
3213 3197 3303 3251 ubi
3336 3195 3511 3266 major
3535 3212 3600 3252 ea

341 3291 590 3346 minorve
646 3293 770 3359 ﬁet,
811 3295 1029 3350 animus
1085 3303 1200 3349 tum
1265 3311 1388 3351 esse
1433 3295 1664 3350 desinet.
1709 3293 1846 3349 Cum
1892 3302 2073 3349 autem
2138 3305 2437 3361 congressu
2504 3305 2572 3343 ex
2617 3305 2764 3357 uno,
2796 3305 3018 3360 unoque
3091 3305 3157 3344 ex
3210 3289 3452 3356 semine,
3508 3298 3604 3345 aut

337 3382 570 3451 gemini,
608 3393 702 3439 aut
760 3387 922 3440 etiam
949 3427 963 3452 ,
1017 3397 1077 3442 ut
1126 3389 1179 3442 in
1220 3387 1432 3443 caeteris
1465 3387 1834 3443 animantibus
1893 3387 2110 3442 evenire
2140 3385 2304 3448 solet,
2371 3385 2555 3454 plures
2579 3394 2837 3439 creantur
2863 3384 3005 3440 fetus
3029 3426 3043 3450 ,
3093 3385 3300 3438 semine
3325 3393 3437 3437 tum
3462 3384 3604 3438 mul-

337 3484 392 3532 ta
427 3479 479 3532 in
505 3479 624 3534 loca
653 3481 950 3549 distracto,
1013 3483 1106 3537 ubi
1157 3499 1290 3539 sane
1326 3485 1758 3554 unumquodque
1801 3494 1973 3537 totum
2013 3482 2232 3552 aliquod
2278 3491 2360 3536 est
2403 3498 2417 3535 :
2452 3480 2547 3550 qui
2576 3480 2692 3535 ﬁeri
2717 3488 2928 3550 potest,
2960 3489 3102 3535 utea
3132 3495 3188 3534 re
3222 3495 3332 3534 non
3371 3479 3606 3552 docean-

337 3577 428 3623 tur
448 3570 542 3640 qui
571 3573 816 3627 discendi
869 3573 1033 3629 modo
1083 3574 1266 3645 cupidi
1301 3573 1447 3641 sint,
1509 3574 1601 3628 ubi
1640 3589 1768 3643 pars
1802 3572 1990 3628 eadem
2026 3573 2142 3642 ipsa
2173 3572 2318 3642 quod
2344 3580 2515 3626 totum
2540 3579 2645 3632 est,
2667 3569 2739 3624 ibi
2775 3578 2944 3624 totum
2966 3570 3093 3624 illud
3116 3569 3388 3642 propriam
3413 3570 3601 3643 quanti

336 3663 605 3719 rationem
641 3678 834 3736 suapte
882 3676 1077 3722 natura
1129 3665 1700 3738 praetergredi,829
1721 3667 1965 3734 adeoque
2004 3665 2072 3720 ab
2123 3665 2272 3718 omni
2308 3678 2533 3733 prorsus
2580 3663 2885 3732 quantitate
2944 3673 3212 3718 secretum
3261 3679 3382 3720 esse
3433 3678 3598 3732 opor-

336 3758 488 3811 tere?
519 3757 609 3814 Sic
646 3761 793 3814 enim
858 3761 1078 3817 demum
1141 3763 1282 3817 idem
1341 3763 1501 3832 plane
1561 3777 1844 3817 remanere
1882 3762 2115 3832 poterit,
2164 3761 2325 3814 etiam
2369 3763 2671 3828 quantitate
2714 3760 3015 3826 subducta,
3050 3763 3247 3831 quippe
3287 3761 3446 3831 cujus
3501 3775 3601 3815 nec

335 3852 658 3921 quantitatis
693 3855 830 3908 ratio
880 3855 1182 3925 quidquam
1211 3869 1314 3909 nec
1370 3853 1533 3908 molis
1582 3854 1835 3920 intersit,
1866 3868 1991 3909 cum
2033 3862 2284 3907 naturam
2322 3851 2520 3906 habeat
2541 3851 2757 3921 penitus
2790 3853 2859 3907 ab
2895 3862 3124 3924 utraque
3146 3855 3437 3908 diversam.
3476 3851 3602 3907 Ani-

336 3957 460 3997 ntus
503 3943 664 4013 igitur
707 3954 870 4014 atque
901 3956 1227 4017 antegressae
1280 3948 1386 4003 illa:
1441 3950 1683 4003 rationes
1725 3946 2049 4017 quantitatis
2079 3946 2262 4002 omnis
2284 3956 2533 4016 expertes
2566 3955 2753 4001 sunto.

411 4055 431 4088 σ
476 4039 597 4092 Ὅτι
623 4039 678 4091 δὲ
702 4043 750 4093 εί
769 4041 926 4112 σῶμα
942 4042 1026 4114 εἴη
1055 4043 1274 4118 ἡψυχὴ,
1302 4044 1425 4100 οὔτε
1457 4045 1519 4099 τὸ
1543 4043 1914 4106 αίσθάνεσθαι,
1945 4048 1987 4106 C

331 4131 456 4185 οὕτε
491 4133 551 4186 τὸ
579 4134 740 4198 νοεῖν,
774 4132 897 4186 οὒτε
930 4135 990 4188 τὸ
1013 4137 1357 4201 ἐπίστασθαι,
1386 4137 1511 4192 οὕτε
1543 4138 1755 4210 ἀρεταὶ,
1794 4134 1916 4192 οὔτε

331 4242 385 4278 τι
428 4224 538 4278 τῶν
585 4224 764 4279 καλῶν
787 4225 961 4292 ἔσται,
995 4230 1060 4280 ἐκ
1108 4229 1274 4282 τῶνδε
1323 4229 1505 4300 δῆλον.
1551 4231 1620 4284 Εἴ
1643 4248 1692 4283 τι
1730 4227 1916 4300 μέλλει

333 4314 684 4368 αἰσθάνεσθαί
707 4334 870 4381 τινος,
905 4317 962 4370 ἒν
993 4318 1128 4372 αὑτὸ
1179 4320 1260 4374 δεῖ
1314 4317 1472 4386 εἶναι,
1511 4321 1605 4375 καὶ
1659 4321 1736 4392 τῷ
1768 4320 1914 4392 αὐτῷ

331 4408 533 4470 παντὸς
559 4409 1070 4478 ἀντιλαμϐάνεσθαι·
1124 4412 1218 4465 καὶ
1251 4415 1298 4466 εί
1330 4411 1420 4466 διὰ
1469 4413 1678 4467 πολλῶν
1720 4414 1914 4487 αἰσθη-

330 4502 534 4573 τηρίων
568 4501 737 4555 πλείω
790 4501 860 4555 τὰ
924 4503 1157 4557 εἰσιόντα
1219 4505 1327 4576 εἴη,
1368 4505 1402 4576 ἢ
1451 4506 1642 4560 πολλαὶ
1695 4508 1823 4579 περὶ
1856 4507 1914 4562 ἓν

334 4592 634 4664 ποιότητες,
667 4593 762 4646 καὶ
787 4593 852 4646 δι’
883 4595 1001 4657 ἑνὸς
1036 4595 1296 4661 ποικίλον,
1345 4591 1456 4650 οἷον
1491 4597 1801 4669 πρόσωπον.
1836 4600 1911 4654 Οὐ

327 4683 436 4754 γὰρ
469 4684 597 4738 ἄλλο
631 4685 729 4755 μὲν
770 4687 933 4758 ῥινὸς,
964 4685 1089 4740 ἄλλο
1124 4687 1181 4741 δὲ
1205 4686 1506 4759 ὀφθαλμοῦ,
1542 4688 1676 4743 ἀλλὰ
1719 4691 1912 4744 ταύτὸν

327 4776 464 4848 ὁμοῦ
489 4777 726 4831 πάντων.
767 4781 876 4832 Καὶ
917 4781 966 4832 εἰ
999 4781 1059 4832 τὸ
1097 4780 1195 4851 μὲν
1221 4780 1288 4834 δι’
1308 4782 1590 4852 ὀμμάτων,
1626 4783 1688 4836 τὸ
1737 4782 1793 4836 δὲ
1843 4783 1911 4837 δι’

328 4871 520 4942 ἀκοῆς,
555 4872 612 4924 ἓν
642 4889 694 4926 τι
722 4872 804 4925 δεῖ
825 4868 960 4925 εἶναι
991 4875 1070 4936 είς
1098 4873 1126 4926 ὃ
1173 4875 1360 4944 ἄμφωο
1401 4875 1434 4947 ἢ
1487 4874 1604 4939 πῶς
1641 4874 1708 4929 ἂν
1731 4876 1908 4940 εἴποι,

327 4963 408 5016 ὅτι
433 4963 596 5034 ἕτερα
619 4964 808 5027 ταῦτα,
846 4964 920 5036 μὴ
946 4966 1023 5030 είς
1046 4965 1106 5019 τὸ
1151 4967 1281 5020 αὐτὸ
1314 4966 1450 5038 ὁμοῦ
1485 4968 1592 5021 τῶν
1639 4966 1911 5040 αίσθημά-

325 5072 436 5108 των
457 5055 714 5109 ἐλθόντων
735 5073 748 5121 ;
773 5060 863 5109 Δεῖ
885 5057 1064 5110 τοίνυν
1087 5057 1243 5112 τοῦτο
1273 5059 1424 5113 ῶσπε
1433 5077 1462 5130 ρ
1488 5060 1709 5132 κέντρον
1744 5056 1904 5127 εἶναι,

327 5145 589 5215 γραμμὰς
622 5146 678 5198 δὲ
709 5147 1121 5218 συμϐαλλούσας
1160 5151 1224 5203 ἐκ
1275 5150 1632 5222 περιφερείας
1682 5151 1904 5216 κύκλου,

325 5237 425 5299 τάς
451 5237 783 5308 πανταχόθεν
834 5239 1134 5311 αἰσθήσεις,
1193 5242 1330 5312 πρὸς
1393 5241 1551 5295 τοῦτο
1605 5243 1902 5315 περαίνειν,

326 5327 420 5380 καὶ
450 5328 689 5381 τοιοῦτον
715 5329 777 5382 τὸ
829 5331 1362 5402 ἀντιλαμϐανόμενον
1423 5329 1562 5387 εἶναι
1605 5333 1662 5388 ἓν
1712 5335 1900 5400 ὅντως.

399 5481 508 5553 (67)
565 5483 770 5538 Καίτοι
813 5485 953 5551 ἔδει,
999 5496 1105 5541 etc.
1151 5486 1309 5542 Prior
1343 5488 1510 5546 editio
1547 5492 1716 5548 miras
1772 5493 1900 5551 huic

324 5551 447 5607 loco
478 5551 729 5610 tenebras
755 5555 1041 5610 olfuderat.

398 5623 512 5708 (6.8)_
547 5625 663 5708 ’Ega‘
699 5625 974 5708 ῥκᾴτερα.
1025 5626 1304 5708 Plotinus,
1350 5631 1456 5708 oss)
1499 5633 1584 5702 ἐφ’
1637 5634 1894 5708 ἑκάτερα,

317 5695 469 5762 .quod
499 5696 711 5774 tametsi
747 5707 1021 5774 utcunque
1051 5698 1266 5774 ἀείροιῘῇ
1298 5703 1489 5770 possit,
1523 5695 1788 5774 particula
1806 5695 1898 5762 'taQ

326 5779 450 5818 men
481 5764 602 5818 οὐδέ
632 5766 789 5839 longe
826 5764 1020 5824 melius
1053 5764 1304 5826 abfuerit.

2098 4060 2117 4093 ι
2155 4041 2275 4096 Jam
2321 4057 2486 4108 vero,
2537 4041 2583 4096 si
2643 4055 2843 4112 corpus
2895 4042 3136 4096 animum
3173 4058 3293 4098 esse
3329 4049 3592 4112 ponetur,

2020 4133 2224 4188 nullam
2250 4133 2486 4203 amplius
2508 4142 2602 4187 aut
2623 4135 2893 4189 sentiendi
2917 4177 2930 4201 ,
2964 4145 3056 4189 aut
3081 4134 3414 4203 intelligendi
3446 4132 3552 4187 vim
3575 4173 3593 4200 ,

2020 4225 2222 4279 nullam
2269 4225 2588 4292 scientiam,
2655 4226 3020 4296 virtutemque
3075 4226 3318 4289 nullam,
3353 4227 3597 4296 adeoque

2019 4333 2118 4372 nec
2147 4316 2274 4371 boni
2315 4317 2542 4372 omnino
2581 4319 2877 4388 quidquam
2914 4317 3156 4372 futurum
3179 4360 3192 4384 ,
3229 4333 3291 4372 ex
3323 4317 3597 4386 sequenti-

2018 4409 2119 4464 bus
2151 4408 2440 4463 manifeste
2468 4410 2761 4464 constabit.
2793 4408 3066 4480 Quidquid
3090 4411 3233 4464 enim
3254 4408 3400 4463 aliud
3429 4424 3598 4463 sensu

2018 4501 2319 4571 percipiat,
2350 4501 2482 4555 illud
2533 4516 2656 4556 cum
2709 4518 2877 4556 unum
2930 4500 3136 4569 aliquid
3194 4509 3404 4568 oportet
3435 4512 3591 4565 esse,

2019 4601 2131 4646 tum
2161 4593 2349 4648 eadem
2380 4608 2600 4663 quoque
2647 4594 2700 4646 vi
2738 4593 2991 4647 universa
3027 4592 3334 4662 percipere;
3377 4589 3591 4644 tametsi

2015 4693 2108 4737 aut
2138 4699 2235 4754 per
2261 4683 2464 4738 multos
2496 4700 2756 4739 sensuum
2792 4686 2971 4739 aditus
2997 4683 3279 4752 complura
3324 4683 3587 4747 subeant,

2028 4788 2123 4832 aut
2151 4779 2394 4849 ejusdem
2423 4779 2499 4834 rei
2530 4778 2822 4849 qualitates
2859 4778 3072 4843 multa},
3119 4785 3214 4832 aut
3242 4793 3336 4847 per
3362 4778 3412 4832 id
3445 4780 3589 4848 quod

2013 4886 2183 4923 unum
2214 4871 2318 4933 sit,
2358 4871 2642 4941 multiplex
2691 4880 2873 4924 tamen
2928 4869 3187 4940 quiddam
3240 4881 3294 4924 et
3338 4871 3587 4937 varium,

2012 4963 2320 5032 cujusmodi
2355 4964 2537 5020 vultus
2565 4971 2667 5019 est.
2693 4962 2804 5018 Nec
2827 4963 2972 5016 enim
3006 4963 3149 5016 aliud
3182 4963 3312 5034 quid
3355 4977 3586 5029 nasum,

2013 5054 2160 5108 aliud
2193 5054 2382 5109 oculos
2405 5055 2668 5124 percipit,
2695 5053 2788 5109 sed
2819 5070 2988 5107 unum
3021 5054 3268 5124 idemque
3309 5054 3583 5109 universa.

2013 5146 2078 5201 Et
2111 5148 2155 5202 si
2188 5148 2335 5202 aliud
2368 5164 2462 5218 per
2489 5149 2679 5203 oculos
2705 5189 2720 5215 ,
2757 5164 2853 5217 per
2883 5149 3130 5202 auditum
3169 5149 3315 5202 aliud
3359 5147 3584 5212 subeat,

2010 5240 2231 5295 unicum
2269 5248 2451 5296 tamen
2488 5242 2542 5296 id
2589 5257 2711 5296 esse
2744 5256 2971 5296 necesse
3009 5251 3127 5306 est,
3161 5241 3227 5296 ad
3259 5243 3403 5312 quod
3439 5250 3587 5296 utra-

2011 5350 2118 5404 que
2160 5345 2438 5405 postremo
2492 5335 2829 5404 perveniant.
2869 5333 3158 5402 Quomodo
3197 5338 3342 5391 enim
3373 5337 3586 5394 diversa

2079 5492 2190 5560 (69)
2226 5493 2292 5544 Ἠ
2316 5491 2415 5544 ἐπὶ
2442 5491 2743 5614 τόἔεῖζον.
2775 5491 2856 5545 Ex
2879 5493 3096 5546 Plotmo
3124 5492 3510 5562 supplevimus.

2085 5562 2197 5614 ('10)
2226 5566 2502 5614 Κλεπτοιι
2560 5580 2668 5614 ιον-
2702 5563 2767 5614 Et
2799 5566 2903 5614 hoc
2931 5563 3136 5614 furtum
3161 5571 3228 5614 ex
3255 5561 3472 5614 Plotina
3501 5577 3510 5614 |

2063 5562 2197 5643 .(79)
2226 5561 2668 5631 Κλεπτομένου.
2702 5563 2767 5617 Ει
2799 5566 2903 5618 hoc
2931 5563 3136 5616 furtum
3161 5561 3228 5618 ex
3255 5561 3472 5617 Plotino
3501 5577 3586 5617 re-

2008 5642 2468 5773 °"ii'i')'"5?oza¢.
2501 5703 2638 5757 Addi
2672 5705 2842 5774 possit
2879 5721 2944 5760 cx
2982 5705 3105 5761 eod.
3135 5703 3368 5760 Plotino.
3393 5703 3580 5760 αὐτου.
