4034 7376
517 325 655 380 1565

1148 327 1420 383 EUSEBII
1458 327 2124 393 CAESARIENSISﬂPP.
2167 333 2345 391 PARS
2386 335 2449 391 ll.
2492 369 2558 377 —-
2591 336 3093 394 APOLOGETICA.

3634 341 3767 397 {56‘

514 441 604 494 illa
630 454 752 493 esse
777 441 1191 508 pronuntiaret,
1225 443 1329 497 nisi
1354 443 1420 497 ad
1448 461 1616 499 unum
1639 455 1694 500 et
1733 446 1877 502 idem
1899 452 2068 506 omni:

2184 450 2246 504 Εί
2267 451 2320 504 δὲ
2348 453 2572 517 διεστὼς
2604 452 2762 506 τοῦτο
2791 453 3020 522 γένοιτο,
3077 453 3170 506 καὶ
3215 447 3324 505 οἷον
3370 453 3462 504 ἐπὶ
3499 452 3773 524 γραμμῆς

512 531 767 586 sensibus
793 543 1043 602 percepta
1076 533 1460 590 confluerent?
1483 535 1619 594 Illud
1662 540 1922 596 nimirum
1959 552 2083 596 tan-

507 639 675 693 quam
705 634 950 680 centrum
981 627 1201 697 aliquod
1235 629 1306 683 sit
1337 641 1583 699 oportet;
1614 648 1724 702 quo
1764 635 1983 704 quidem
2017 653 2083 691 ex

508 715 660 769 omni
707 725 862 784 parte
912 733 1145 785 sensus,
1191 721 1348 790 quasi
1393 721 1552 778 lineae
1577 725 1823 793 quaedam
1857 742 1924 781 ex
1969 737 2083 784 toto

507 806 700 862 circuli
721 808 929 863 ambitu
954 820 1211 866 coeuntes
1237 813 1311 867 ita
1339 816 1668 883 pertineant,
1705 828 1763 872 ut
1787 821 1932 889 quod
1960 823 2082 878 illos

503 900 742 969 eXcipiat
769 916 938 955 unum
965 919 1154 958 revera
1183 905 1274 960 sit.
1312 905 1448 962 Nam
1486 909 1534 964 si
1557 910 1830 966 divulsum
1864 928 1928 968 ac
1971 915 2082 974 dis—

503 997 740 1042 tractum
786 991 925 1058 erit,
993 1006 1055 1046 ac
1110 995 1260 1050 velut
1316 996 1371 1051 in
1423 998 1562 1054 linea
1613 1012 1919 1064 extremum
1963 1007 2082 1075 ejus

504 1093 798 1153 utrumque
831 1101 1026 1142 sensus
1066 1088 1442 1158 occupabunt;
1489 1107 1629 1147 sane
1667 1103 1763 1148 aut
1809 1095 1865 1148 in
1911 1113 2081 1153 unum

504 1178 759 1250 idemque
796 1195 988 1239 rursus
1011 1221 1025 1245 ,
1063 1191 1324 1252 tanquam
1362 1185 1416 1238 in
1462 1187 1700 1242 medium
1726 1189 1943 1259 aliquod
1972 1191 2079 1261 ipsi

505 1284 858 1340 concurrent,-
894 1285 989 1329 aut
1016 1273 1259 1330 ferentur
1284 1277 1585 1346 aliorsum;
1626 1279 1810 1351 itaque
1845 1283 2076 1338 alterum

501 1363 729 1420 alterius
754 1367 1019 1422 duntaxat
1051 1383 1274 1423 sensum
1314 1369 1571 1441 habebit,
1607 1374 1832 1442 perinde
1867 1387 1926 1431 ut
1953 1393 2077 1431 cum

500 1470 603 1527 ego
625 1457 730 1510 alia
746 1499 760 1521 ,
781 1467 839 1512 tu
862 1457 1102 1513 vicissim
1131 1459 1239 1514 alia
1263 1475 1426 1518 sensu
1457 1463 1897 1533 comprehend‘is.
1922 1464 2078 1537 Quod

507 1547 557 1600 si
586 1563 751 1602 unum
787 1548 837 1604 id
879 1549 1077 1616 fuerit,
1111 1553 1253 1621 quod
1302 1567 1469 1608 sensu
1508 1555 1808 1627 percipitur
1832 1599 1847 1624 ,
1890 1564 2077 1629 cujus-

499 1640 649 1694 modi
679 1641 859 1697 vultus
880 1652 998 1710 est,
1035 1654 1146 1699 tum
1179 1647 1342 1700 etiam
1371 1663 1539 1702 unum
1592 1651 1645 1704 in
1671 1651 1875 1721 aliquid
1918 1654 2075 1712 colli—

501 1742 657 1802 getur
681 1773 696 1797 ,
725 1735 802 1788 uti
839 1751 897 1789 re
923 1735 1039 1805 ipsa
1091 1736 1208 1792 lieri
1246 1749 1462 1794 constat
1501 1757 1665 1811 :qute
1698 1743 1844 1797 enim
1897 1745 2076 1799 cerni-

2185 543 2351 614 ἆμφω
2375 544 2445 598 τὰ
2476 545 2690 618 πέρατα
2742 547 2798 598 αἰ
2844 544 3125 616 αἰσθήσεις
3185 545 3677 616 προσλαμϐάνοιεν·
3731 544 3769 616 ἢ

2186 634 2569 707 συνδραμεῖται
2599 638 2676 700 εἰς
2694 636 2752 688 ἓν
2783 636 2876 690 καὶ
2923 637 2985 690 τὸ
3016 637 3146 689 αὐτὸ
3172 636 3352 700 πάλιν,
3405 633 3517 689 οἷον
3550 636 3613 688 τδ
3665 636 3769 705 μὲ-

2186 743 2297 792 σον,
2319 727 2352 798 ἢ
2378 727 2503 781 ἄλλο
2525 729 2782 799 ἑκάτερον
2799 729 3058 800 ἐκατέρου
3078 729 3330 798 αἴσθησιν
3361 729 3489 794 ἕξει,
3505 729 3775 799 ὡσπερὰν

2183 823 2236 873 εἰ·
2263 819 2373 888 ἐγὼ
2409 821 2505 892 μὲν
2535 821 2729 886 ἄλλων,
2761 824 2826 876 σὺ
2859 821 2915 875 δὲ
2974 821 3148 877 ἄλλων
3180 822 3408 874 αἴσθοιο.
3462 822 3572 874 Καὶ
3623 823 3675 874 εἰ
3710 807 3776 874 av"

2183 911 2270 982 εἴη
2295 913 2358 964 τὸ
2391 913 2553 984 αἴσθη
2564 931 2658 984 μα,
2699 909 2812 968 οἷον
2839 914 3151 986 πρόσωπον,
3181 916 3262 978 εἰς
3290 913 3349 966 ἓν
3378 913 3770 985 συναιρεθήσε-

2181 1020 2295 1066 ται,
2322 1004 2458 1074 ὅπερ
2478 1004 2573 1056 καὶ
2599 1005 2868 1074 φαίνεται·
2910 1007 3243 1075 ωναιρείται
3288 1005 3396 1076 γὰρ
3427 1007 3523 1058 καὶ
3556 1007 3614 1057 ἐν
3666 1005 3768 1057 αὑ-

2181 1097 2300 1158 ταῖς
2330 1097 2450 1159 ταῖς
2476 1095 2685 1167 κόραις,
2716 1095 2772 1166 (ἢ
2800 1095 2917 1160 πῶς
2950 1096 3017 1149 ἂν
3057 1097 3124 1149 τὰ
3160 1097 3391 1167 μέγιστα
3423 1096 3510 1150 διὰ
3535 1095 3772 1149 ταύταιν

2180 1183 2351 1258 ὁρῷτο
2373 1189 2420 1255 ;)
2449 1186 2610 1250 ὥστε,
2668 1187 2748 1240 ἔτι
2796 1187 2996 1258 μᾶλλον
3048 1189 3128 1252 εἰς
3165 1192 3229 1242 τὸ
3258 1187 3558 1259 ἡγεμονοῦν
3595 1187 3766 1247 ἰόντα.

2180 1273 2288 1330 οἷον
2306 1278 2486 1350 ἀμερῆ
2520 1280 2765 1351 νοήματα
2788 1279 3051 1348 γίνεσθαι.
3090 1281 3201 1333 Καὶ
3231 1279 3384 1332 ἔσται
3414 1279 3617 1350 ἀμερὲς
3645 1278 3777 1331 τοῦ-

2178 1389 2257 1424 το·
2286 1373 2318 1443 ἢ
2354 1373 2570 1444 μεγέθει
2594 1372 2706 1426 δντι
2727 1373 2902 1443 τούτῳ
2931 1373 3318 1444 συμμερίζοιτο
3335 1372 3424 1436 ἂν,
3446 1372 3586 1424 ὥστε
3608 1371 3769 1426 ἄλλον

2179 1462 2338 1515 ἄλλου
2369 1463 2567 1536 μέρους
2592 1463 2724 1534 (7‘2),
2759 1465 2852 1518 καὶ
2885 1464 3083 1534 μηδένα
3111 1465 3265 1536 ήμῶν
3284 1463 3405 1518 ὅλου
3443 1464 3539 1517 τοῦ
3574 1462 3769 1534 αἰσθη-

2177 1553 2268 1606 τοῦ
2302 1553 2398 1625 τὴν
2431 1554 2713 1626 ἀντίληψιν
2741 1553 2931 1625 ἴσχειν.
2973 1554 3134 1608 Ἀλλὰ
3162 1554 3272 1624 γὰρ
3300 1555 3358 1608 ἓν
3391 1557 3507 1608 ἐστι
3532 1555 3649 1625 (75)
3701 1555 3768 1606 τὴ

2178 1649 2304 1699 πᾶν·
2334 1645 2450 1710 πῶς
2479 1645 2586 1717 γὰρ
2619 1645 2686 1700 ἂν
2717 1646 2810 1700 καὶ
2838 1647 3127 1719 διαιροῖτο;
3167 1647 3242 1700 Οὐ
3271 1647 3382 1717 γὰρ
3405 1646 3469 1717 δή
3533 1645 3650 1699 ἴσον
3687 1647 3770 1714 τῷ

2179 1740 2279 1808 ἴσῳ
2305 1737 2627 1810 ἐφαρμόσει,
2649 1738 2730 1791 ὃτι
2755 1738 2856 1791 οὐκ
2907 1739 3021 1791 ἶσον
3044 1738 3104 1791 τὸ
3125 1738 3424 1809 ἡγεμονοῦν
3466 1740 3634 1791 παντὶ
3683 1741 3769 1791 αἰ-

500 1839 660 1891 mus,
695 1842 758 1881 ea
801 1837 1086 1898 utramque
1132 1830 1183 1882 in
1238 1831 1496 1900 pupillam
1541 1805 1903 1905 colliguntur,
1940 1835 2068 1910 (qui

2186 1805 2384 1901 σθητῷ.
2416 1805 2590 1883 ⁷Κατὰ
2653 1829 2856 1900 πηλίκα
2886 1826 2978 1883 οὖν
3039 1832 3073 1900 ή
3107 1805 3370 1900 διαίρεσις
3403 1830 3553 1898 (7-5);
3603 1830 3638 1898 ἦ
3686 1833 3773 1891 εἰς

498 1917 642 1970 enim
673 1917 830 1972 aliter
870 1934 964 1987 per
991 1935 1084 1975 eas
1115 1922 1350 1976 maxima
1391 1939 1620 1994 quaeque
1660 1927 2077 1988 cerneremus?)

498 2008 577 2062 uti
613 2010 782 2062 multo
811 2009 988 2066 adhuc
1013 2012 1185 2082 magis
1231 2013 1532 2090 principem
1579 2015 1642 2074 in
1668 2014 1979 2071 facultatem
2017 2018 2080 2071 il-

497 2101 650 2169 lapsa
677 2142 691 2166 ,
721 2101 1014 2156 individua:
1036 2105 1283 2173 quzedam
1310 2107 1562 2160 notiones
1587 2107 1916 2163 eliiciuntur.
1945 2108 2077 2177 Quae

495 2192 716 2260 quidem
746 2193 975 2249 facultas
1003 2196 1247 2265 partibus
1275 2199 1480 2255 carebit
1505 2201 1618 2269 ipsa
1642 2216 1860 2271 quoque
1886 2222 1898 2254 :
1939 2203 2075 2257 alio-

496 2284 590 2352 qui
619 2285 664 2340 si
691 2287 1007 2354 magnitudo
1037 2289 1286 2358 quaedam
1315 2300 1497 2357 esset,
1528 2307 1633 2344 una
1677 2308 1800 2346 cum
1837 2293 1928 2348 illa
1969 2309 2072 2348 no-

498 2377 674 2431 tiones
707 2378 838 2452 ipsze
859 2377 1270 2435 dividerentur:
1308 2393 1471 2452 atque
1516 2385 1589 2440 ita
1632 2395 1839 2454 partem
1872 2385 2070 2448 dunta—

502 2478 593 2523 xat
625 2469 763 2525 alius
789 2470 950 2533 aliam
974 2511 990 2536 ,
1025 2481 1197 2527 totum
1235 2473 1287 2527 id
1322 2475 1464 2544 quod
1495 2477 1746 2532 sensibus
1775 2478 2030 2547 objicitur
2051 2521 2066 2545 ,

495 2577 659 2617 nemo
714 2565 1036 2640 perciperet.
1077 2567 1148 2620 At
1191 2568 1469 2622 enimvero
1506 2585 1673 2622 unum
1725 2571 1852 2639 quiti
1898 2581 2067 2626 totum

493 2666 610 2724 est;
641 2658 916 2727 quomodo
947 2658 1090 2712 enim
1127 2659 1283 2713 aliter
1312 2659 1821 2716 divideretur-Z'Non
1847 2662 1921 2716 ita
1945 2664 2068 2736 qui-

494 2752 616 2806 dem
636 2792 663 2818 ,
691 2760 750 2804 ut
775 2766 900 2806 cum
930 2752 1128 2820 aequali
1157 2752 1364 2822 aquale
1391 2762 1694 2823 congruat,
1725 2771 1847 2809 cum
1875 2756 1956 2811 vis
1977 2756 2064 2809 illa

496 2843 755 2914 princeps
790 2842 908 2915 ejus
931 2843 1112 2900 omnis
1136 2844 1247 2910 rei,
1277 2859 1400 2923 quae
1440 2861 1601 2900 sensu
1643 2847 2062 2916 comprehendi-

489 2935 866 3006 tur,tequalis
890 2952 997 2990 non
1029 2937 1119 2997 sit.
1147 2936 1292 3009 Quot
1335 2937 1499 3008 igitur
1536 2938 1589 2991 in
1644 2947 1825 3008 partes
1877 2938 2062 2993 futura

489 3037 575 3085 est
602 3028 705 3084 ista
739 3027 970 3082 divisio?
1003 3025 1198 3084 Utrum
1228 3028 1282 3082 in
1337 3028 1592 3096 totidem,
1648 3039 1781 3098 quot
1833 3046 2060 3086 numero

2180 1921 2416 1974 τοσαῦτα
2449 1921 2872 1994 διαιρεθήσεται.
2908 1921 3140 1975 καθόσον
3162 1921 3226 1975 ἂν
3247 1920 3483 1992 ἀριθμοῦ
3519 1922 3617 1992 ἔχῃ
3650 1921 3770 1989 (75)

2180 2015 2259 2078 εἰς
2287 2013 2558 2067 ποικιλίαν
2604 2014 2666 2066 τὸ
2695 2014 2861 2066 εἰσιδν
2916 2013 3199 2084 αἰσθημας
3259 2013 3369 2066 Καὶ
3429 2014 3666 2066 ἕκαστον
3699 2012 3775 2080 δὴ

2179 2107 2401 2160 ἐκείνων
2423 2105 2532 2160 τῶν
2558 2106 2740 2180 μερῶν
2759 2107 2857 2178 τῆς
2889 2106 3068 2178 ψυχῆς
3122 2106 3252 2177 ἄρα,
3282 2107 3374 2159 καὶ
3412 2109 3524 2169 τοῖς
3552 2107 3780 2176 μορίοις-

2177 2197 2342 2251 αὑτοῦ
2376 2198 2694 2269 αἰσθήσεται
2725 2198 2856 2270 (76).
2891 2199 2962 2250 ’Ἡ
3011 2197 3311 2268 ἀναίσθητα
3351 2198 3462 2268 (77)
3492 2198 3562 2249 τὰ
3621 2197 3766 2267 μέρη

2173 2291 2281 2344 τῶν
2315 2291 2519 2363 μορίων
2577 2290 2764 2356 ἔσταις
2820 2288 2980 2343 Ἀλλὰ
3034 2289 3314 2343 ἀδύνατον.
3371 2290 3432 2342 Εἰ
3482 2288 3542 2342 δὲ
3583 2287 3768 2340 ὁτιοῦν

2175 2383 2374 2446 παντὸς
2395 2383 2733 2454 αἰσθήσεται,
2761 2385 2840 2446 εἰς
2866 2384 3066 2454 ἄπειρα
3107 2381 3427 2454 διαιρεῖσθαι
3465 2381 3561 2433 τοῦ
3598 2381 3763 2450 μεγέ-

2172 2473 2297 2538 θους
2326 2476 2647 2544 πεφυκότος,
2672 2475 2932 2545 ἀπείρους
2955 2475 3050 2527 καὶ
3081 2473 3360 2544 αἰσθήσεις
3380 2473 3504 2526 καθ’
3528 2474 3768 2525 ἕκαστον

2170 2567 2424 2638 αἰσθητὸν
2461 2568 2797 2639 συμϐήσεται
2833 2566 3077 2635 γίνεσθαι
3128 2566 3343 2635 ἑκάστῳ
3383 2559 3497 2617 οἷον
3525 2564 3624 2617 τοῦ
3658 2565 3760 2617 αὑ-

2169 2657 2260 2710 τοῦ
2295 2658 2553 2729 ἀπείρους
2575 2660 2632 2711 ὲν
2668 2657 2747 2728 τῷ
2796 2660 2896 2728 ήγε
2907 2655 3153 2728 μογοῦντι
3181 2655 3337 2728 ήμῶν
3377 2655 3616 2718 εἰκόνας.
3649 2657 3762 2706 Καὶ

2172 2753 2277 2823 μὴν
2313 2751 2561 2822 σώματος
2587 2751 2736 2814 ὄντος
2773 2751 2867 2805 τοῦ
2902 2750 3321 2821 αἰσθανομένου,
3375 2749 3475 2802 οὑκ
3517 2748 3586 2800 ἂν
3613 2746 3760 2816 ἄλλῳ

2164 2847 2350 2916 τρόπῳ
2372 2846 2580 2915 γένοιτο
2611 2845 2670 2897 τὸ
2701 2842 3069 2907 αἰσθάνεσθαι,
3101 2843 3135 2914 ἢ
3187 2837 3297 2895 οἷον
3323 2843 3378 2894 ἐν
3413 2838 3572 2911 κηρῷ
3599 2843 3760 2908 ἐνση-

2168 2937 2452 3008 μαίνεσθαι
2503 2937 2612 2990 ἀπὸ
2671 2935 2969 2990 δακτυλίων
3037 2935 3351 3008 σφραγῖδες,
3407 2934 3506 2986 εἴτ’
3548 2928 3642 2985 οὖν
3678 2933 3760 2992 εἰς

2161 3025 2318 3099 αἷμα,
2355 3023 2572 3081 ett-“03v
2597 3029 2677 3091 εἰς
2705 3028 2845 3098 ἀέρα
2875 3025 3000 3079 τῶν.
3035 3025 3387 3096 αἰσθήματων
3432 3026 3760 3093 ἐνσημαινό-

487 3121 708 3186 varias,
730 3136 818 3174 res
845 3135 1008 3176 sensu
1047 3129 1305 3190 percepta
1329 3130 1384 3175 et
1413 3121 1603 3191 illapsa
1633 3122 2058 3192 complectetur?

2173 3121 2360 3192 μένων.
2389 3121 2451 3173 Εἰ
2488 3120 2586 3191 μὲν
2612 3116 2704 3174 οὖν
2728 3108 2803 3184 ὡς
2829 3121 2887 3172 ὲν
2943 3117 3190 3189 σώμασιν
3228 3117 3413 3186 ὑγροῖς
3433 3156 3448 3178 ,
3488 3116 3628 3185 ὅπερ
3660 3108 3760 3167 καὶ

489 3211 630 3285 Ergo
659 3214 894 3283 partium
912 3213 1077 3285 83o
1101 3212 1314 3267 illarum
1347 3213 1604 3282 quaelibet
1636 3213 1688 3266 in
1720 3214 1904 3269 animo
1930 3230 2061 3285 quo-

486 3281 596 3374 que
623 3281 806 3364 futura
835 3281 1212 3381 est,‘ipseque
1244 3281 1391 3356 adeo.
1413 3317 1508 3371 per
1536 3302 1754 3356 easdem
1781 3301 1900 3371 ejus
1934 3281 2062 3371 par-

489 3396 925 3455 ticulassentiet.
959 3395 1042 3448 An
1078 3395 1218 3450 forte
1248 3395 1484 3464 partium
1517 3395 1748 3449 istarum
1783 3395 2062 3464 particulae

490 3505 654 3550 sensu
679 3489 976 3548 carebunt?
997 3487 1140 3542 Fieri
1165 3503 1273 3543 non
1296 3498 1491 3565 potest.
1507 3487 1664 3555 Quod
1694 3490 1740 3544 si
1763 3505 1891 3560 pars
1914 3505 2064 3560 quaa-

488 3579 618 3633 libet
637 3578 773 3633 nihil
807 3592 916 3636 non
970 3580 1172 3635 sentire
1203 3588 1384 3658 queat,
1415 3594 1537 3633 cum
1557 3578 1864 3634 intinitasin
1879 3589 2060 3649 partes

489 3680 682 3742 suapte
707 3681 902 3734 natura
933 3671 1099 3726 dividi
1125 3672 1443 3743 magnitudo
1476 3671 1685 3742 possit,
1732 3679 1791 3727 et
1818 3672 2057 3726 inﬁnitos

485 3764 756 3833 cuiasque
782 3780 1010 3830 sensus,
1041 3764 1186 3818 circa
1237 3781 1349 3819 rem
1395 3763 1696 3834 quamlibet
1746 3763 1931 3818 sensui
1961 3763 2058 3818 ob-

486 3857 708 3912 noxiam
735 3858 943 3912 versari
976 3858 1278 3928 oportebit,
1303 3857 1443 3912 etin
1477 3857 1721 3926 principe
1757 3867 1944 3911 nostra
1970 3856 2052 3911 la-

2167 3211 2409 3282 εὔλογον,
2443 3213 2630 3286 ὥσπερ
2686 3216 2766 3277 εἰς
2819 3213 2982 3286 ὕδωρ,
3035 3211 3458 3283 συγχυθήσεται,
3520 3210 3617 3264 καὶ
3655 3211 3756 3261 οὐκ

2168 3306 2320 3360 ἔσται
2349 3309 2557 3379 μνήμηο
2587 3309 2635 3360 εἰ
2683 3306 3079 3378 δ’·ἐ-μμενοῦσιν
3103 3305 3154 3359 οἰ
3191 3304 3372 3367 τύποι,
3406 3304 3453 3375 ἢ·
3477 3303 3579 3355 οὐκ
3605 3302 3768 3354 ἔστιν

2169 3399 2362 3462 ἄλλους
2385 3397 2822 3470 ἐνσημαίνεσθαι,
2855 3397 3082 3450 ἐκείνων
3106 3396 3464 3465 κατεχόντων,
3495 3393 3640 3447 ὥστε
3662 3393 3756 3444 ἆλ-

2169 3491 2260 3544 λαι
2319 3491 2602 3562 αἰσθήσεις
2641 3491 2741 3543 οὐκ
2815 3489 3047 3543 ἔσονται·
3101 3488 3156 3560 ἢ.
3205 3487 3502 3557 γινομένων
3551 3485 3751 3548 ἄλλων,

2169 3583 2366 3636 ἐκεῖνοι
2398 3583 2446 3635 οἰ
2477 3582 2743 3654 πρότερον
2770 3579 3117 3644 ἀπολοῦνται,
3141 3576 3453 3631 ὥπειοὺδὲν
3507 3575 3663 3629 ἔσται
3691 3577 3768 3628 τὸ»

2168 3673 2544 3746 μνημονεύειν.
2580 3673 2724 3726 Εἰδέ
2761 3673 2875 3725 ἐστι
2929 3671 2991 3725 τὸ
3025 3668 3402 3741 μνημονεύειν,
3446 3668 3542 3721 καὶ
3574 3667 3762 3720 ἄλλων

2163 3764 2510 3819 αἰσθάνεσθαι
2573 3765 2661 3816 ἐπ’
2711 3763 2927 3826 ἄλλοις,
2990 3763 3104 3815 οὐκ
3169 3759 3574 3832 ἐμποδιζόντων
3641 3758 3769 3811 τῶνε

2160 3857 2416 3930 πρόσθεν,
2459 3855 2717 3910 ἀδύνατον
2736 3855 2834 3926 τὴν
2854 3853 3031 3926 ψυχήν
3059 3853 3219 3924 σῶμα
3247 3848 3408 3905 εἷναι.

483 3951 685 4008 cultate
714 3952 791 4005 rei
817 3950 1059 4021 ejusdem
1083 3951 1346 4022 imagines
1377 3965 1498 4004 esse
1529 3963 1757 4019 prorsus
1783 3949 2042 4005 inﬁnitas.
2079 3950 2162 4004 Ad
2193 3954 2306 4006 haec
2326 3991 2342 4017 ,
2394 3951 2448 4005 si
2464 3964 2663 4018 corpus
2726 3948 2857 4003 illud
2915 3955 3001 4002 est
3026 3947 3172 4015 quod
3215 3945 3453 4011 sentiat,
3483 3959 3593 3998 non
3650 3943 3752 3996 ali-

484 4052 568 4098 ter
594 4044 1197 4115 sentiendiperlicietur
1244 4045 1424 4110 actio,
1481 4058 1648 4113 quam
1695 4042 1773 4097 uti
1811 4057 1935 4098 cera
1986 4043 2268 4114 impressis
2325 4043 2652 4097 annulorum
2708 4041 2895 4111 ﬁguris
2916 4040 3290 4110 consignatur,
3342 4047 3438 4093 aut
3477 4038 3750 4106 sanguine

485 4133 575 4188 vel
597 4149 744 4199 aere,
769 4149 892 4204 quae
938 4150 1132 4190 sensus
1163 4134 1280 4204 ipse
1336 4133 1600 4213 percipit,
1633 4131 2018 4193 informantur.
2075 4134 2143 4189 Et
2179 4135 2399 4205 quidem
2425 4135 2504 4200 si,
2531 4133 2689 4204 quod.
2732 4134 2919 4203 utique
2972 4141 3399 4188 consentaneum
3447 4139 3564 4192 est,
3618 4137 3750 4183 tan-

483 4242 660 4298 quam.
719 4228 961 4283 humidis
1025 4228 1079 4282 in
1125 4229 1482 4298 corporibus,
1519 4237 1585 4292 ut
1622 4238 1710 4283 est
1749 4243 1938 4302 aqua,
1965 4229 2391 4298 perturbabitur,
2450 4227 2710 4297 nullaque
2764 4225 2880 4297 jam
2942 4226 3047 4281 erit
3087 4223 3372 4278 memoria.
3415 4220 3510 4276 Sin
3559 4221 3764 4290 ﬁgura-

484 4324 1016 4401 illte-permanebunt
1050 4334 1189 4389 :iaut
1224 4325 1470 4400 quandiu
1515 4326 1668 4380 locus
1710 4341 1742 4380 a
1780 4325 2057 4396 prioribus
2092 4324 2486 4394 occupabitur.
2540 4323 2826 4378 informari
2884 4322 3004 4377 alia;
3058 4319 3221 4374 nulla:
3250 4325 3546 4388 poterunt,
3578 4326 3750 4386 atque

485 4420 569 4476 ita
591 4435 856 4482 sensuum
894 4421 1014 4479 alia:
1068 4421 1326 4476 tollentur
1377 4422 1796 4494 actiones;_laut
1850 4422 1972 4484 aliis
2007 4422 2470 4499 succedentibus,
2516 4419 2842 4475 delebuntur
2903 4419 3113 4488 priores
3155 4417 3288 4479 illae,
3325 4412 3512 4481 sicque
3537 4427 3752 4464 memo-

487 4514 570 4568 ria
601 4514 746 4573 nulla
774 4515 1128 4588 relinquetur.
1160 4514 1316 4587 Quod
1343 4516 1389 4571 si
1442 4525 1497 4571 et
1548 4515 1823 4571 recordari
1897 4531 2193 4586 possumus
2215 4555 2232 4581 ,
2292 4524 2345 4571 et
2371 4514 2616 4570 vicissim
2650 4513 2758 4566 alia
2815 4511 3022 4567 sentire
3071 4517 3193 4580 post
3224 4508 3327 4562 alia
3351 4549 3370 4573 ,
3414 4525 3516 4564 nec
3541 4523 3570 4561 a
3597 4505 3750 4576 prio-

481 4605 637 4666 ribus
664 4607 1034 4680 impedimenti
1061 4609 1361 4678 quidquam
1392 4609 1677 4686 objicitur;
1697 4624 1896 4688 corpus
1916 4623 2038 4666 esse
2074 4611 2292 4664 animus
2337 4609 2486 4662 nullo
2525 4607 2688 4661 modo
2709 4613 2906 4674 potest.

563 4719 582 4752 ‹
618 4694 888 4758 Caeterum
925 4703 977 4757 id
1017 4703 1197 4773 ipsum
1229 4703 1437 4760 doloris
1468 4719 1536 4758 ex
1580 4719 1747 4761 sensu
1776 4704 2061 4760 manifeste

2241 4725 2259 4757 ι
2304 4705 2432 4758 Ἴδοι
2455 4703 2587 4757 δ’·ἄν
2613 4721 2696 4766 τις
2715 4703 2810 4755 καὶ
2831 4704 2894 4754 ἐκ
2914 4702 3013 4772 τῆς
3027 4700 3121 4753 τοῦ
3147 4700 3330 4768 ἀλγεῖν
3352 4699 3657 4770 αἰσθήσεως
3682 4698 3750 4751 τὸ

481 4793 664 4862 quivis
685 4793 973 4865 intelligat.
1003 4795 1140 4850 Nam
1171 4811 1298 4851 cum
1321 4795 1491 4867 digito
1507 4797 1695 4853 dolere
1726 4799 1892 4853 homo
1913 4798 2057 4854 dici-

482 4897 604 4950 tur,
634 4887 791 4942 dolor
816 4889 1042 4956 quidem
1073 4890 1242 4944 haeret
1269 4891 1323 4942 in
1351 4890 1552 4960 digito,
1581 4899 1637 4946 at
1667 4891 1873 4947 doloris
1913 4892 2058 4954 illius

481 4994 704 5034 sensum
730 4980 786 5042 in
833 4983 1082 5053 principe
1140 4983 1379 5046 hominis
1429 4983 1687 5039 facultate
1723 4984 1941 5051 haberi,
1974 4985 2057 5039 vel

482 5069 647 5139 ipsos.
669 5071 836 5127 etiam
864 5072 1220 5131 confessuros
1251 5091 1372 5131 esse
1400 5076 1591 5153 liquet.
1645 5074 1762 5143 Ita,
1791 5077 1922 5140 dum
1951 5077 2068 5144 alia,

2164 4797 2296 4852 αὐτὸ
2321 4796 2496 4851 τοῦτο.
2525 4797 2696 4848 Ὅταν
2727 4793 2988 4848 δάκτυλον
3021 4793 3245 4862 λέγηται
3291 4791 3474 4858 ἀλγεῖν
3532 4789 3749 4860 ἄνθρω-

2165 4906 2284 4953 πος,
2317 4890 2350 4960 ή
2383 4889 2482 4960 μὲν
2513 4888 2673 4958 ὀδύνη
2721 4887 2848 4956 περὶ
2877 4886 2971 4938 τὸν
3017 4884 3276 4938 δάκτυλον
3305 4881 3592 4952 δήπουθεν,
3623 4885 3655 4952 ἡ
3689 4881 3748 4934 δὲ

2163 4979 2411 5052 αἴσθησις
2439 4979 2543 5049 τοῦ
2579 4977 2783 5046 ἀλγεῖν,
2817 4977 2974 5048 δῆλον
3028 4978 3122 5044 ὅτι,
3168 4974 3616 5046 ὁμολογήσουσιν,
3665 4973 3756 5034 ὼς.

2169 5070 2301 5142 περί
2321 5070 2383 5122 τὸ
2415 5066 2716 5140 ἡγεμονοῦν
2745 5067 2973 5135 γίνεται.
3007 5064 3202 5117 Ἀλλου
3248 5061 3311 5132 δὴ
3343 5061 3494 5123 δντος
3515 5058 3608 5111 τοῦ
3643 5073 3756 5115 περ,

2235 5250 2347 5321 (7-3)
2383 5248 2646 5321 Ἆριθμοῦ
2675 5247 2819 5321 ἔχῃ.-
2853 5244 2920 5298 Et
2961 5245 3101 5297 hanc
3133 5243 3419 5321 desperato
3455 5238 3577 5321 locp
3598 5254 3742 5321 _me-

2159 5308 2396 5376 dicinam
2431 5308 2883 5382 'Plotiuus'l'ecit,
2915 5331 3038 5371 cum
3071 5323 3210 5370 ante.
3235 5308 3455 5383 ἄριστον
3494 5310 3563 5379 χῇ
3597 5308 3741 5377 lege-

2163 5404 2346 5533 τυιᾶίὲ)
2385 5461 2494 5522 Καὶ
2529 5460 2654 5527 τοῖς
2695 5459 2950 5533 μορίοις-
2969 5453 3154 5533 autat?
3192 5448 3738 5533 αιιζθήςετςιιλροτ-

2165 5518 2652 5601 ιὐριεἸοςθὺιιιιιτξ
2684 5518 2787 5584 καί
2805 5531 2853 5581 εἰ
2885 5518 3232 5601 τῶν-μορίων
3250 5519 3413 5593 αὖτοῦ
3445 5518 3665 5597 αἱσθήσ.

553 5245 1158 5322 (ἸξιλξΑῷλον--ᾆλλου
1193 5251 1433 5320 μέρους.
1488 5250 1655 5306 Recte
1703 5269 1715 5304 :
1769 5267 2052 5322 perperam

481 5317 623 5394 apud
655 5317 875 5395 Plotin.,
903 5318 1031 5395 ἄλλο
1064 5317 1222 5395 ἄλλοι)
1254 5317 1436 5395 μέρος,
1466 5317 2056 5395 ηιιαι-ΙεοιιίοἚ-ἱὸὶηιιιιι

483 5391 538 5438 in
575 5403 814 5461 errorem
864 5393 1094 5446 induxit.
1149 5391 1336 5447 Vertit
1363 5395 1540 5446 enim:
1578 5391 1763 5461 Itaque
1790 5410 1911 5458 pars
1941 5394 2052 5446 alia

481 5457 671 5510 sentiet
709 5459 894 5534 aliam,
925 5463 1157 5534 nihilque
1191 5464 1247 5515 in
1288 5464 1439 5517 nobis
1478 5457 1809 5534 sentiendum.
1843 5480 1950 5517 rem
1984 5474 2056 5516 to-

485 5536 596 5579 tam
620 5532 910 5604 percipiet.
952 5531 1051 5588 Ubi
1072 5531 1248 5589 etiam
1283 5550 1382 5604 pro
1414 5533 1636 5604 μηδένα,
1664 5535 1810 5602 quod
1848 5545 2055 5596 rectum

479 5592 964 5676 (ξειμῷειιρμηδέν.
1044 5673 1074 5676 _
1283 5592 1300 5604 ’
1400 5592 1426 5676 κ’
1477 5592 1487 5604 ’
1624 5592 1633 5600 ’
1683 5592 1698 5602 ’
1985 5592 1988 5596 ’

2235 5592 2350 5673 '(77)
2379 5592 2451 5676 Ἡ
2469 5602 2956 5676 ἀναίσθηταηεψ.
2991 5592 3359 5676 Totam_l_ianc
3387 5592 3737 5676 seplellllam.

563 5661 818 5737 (ἹδῖἝὶτ-
844 5661 999 5728 ἔστι.
1044 5673 1208 5730 Recte
1230 5719 1242 5742 ,
1282 5683 1342 5731 ut
1386 5675 1608 5741 Plotin.,
1641 5689 1749 5730 non
1769 5719 1784 5742 ,
1815 5682 1875 5730 ut
1903 5686 2052 5744 ante,

2173 5661 2344 5743 usque
2390 5674 2458 5727 ad
2513 5661 2742 5744 alterum
2787 5661 3128 5744 αἰσθήσεται,
3167 5661 3735 5744 Plotinondebentus,

481 5729 678 5793 ἔνεστιξ
1141 5729 1144 5730 ν
1193 5729 1242 5742 γ’
1291 5729 1334 5731 *νγ
1388 5729 1444 5730 ﬂ
1493 5729 1519 5730 η
1595 5729 1608 5741 ⁷
1689 5729 1729 5730 Π
1771 5729 1784 5742 ’

2173 5729 2330 5816 quam
2373 5745 2524 5818 prius
2555 5741 2875 5814 αἰσθήσεται
2907 5729 3254 5796 libraridrum
3305 5733 3478 5791 oculis
3524 5729 3735 5794 subdu-

554 5811 664 5882 (⁷4)
709 5813 766 5868 Ἠ
793 5813 1108 5884 δία¹ἰτεο“ις;
1137 5815 1194 5885 ἢ.
1228 5817 1482 5874 Additum
1512 5832 1576 5874 ex
1605 5816 1836 5875 Plotina.
2159 5811 2330 5872 ierat.
