4090 6382
505 349 642 402 1367
1145 347 1416 404 EUSEBII
1458 347 1938 403 CESAltlENSlS
1977 347 2124 402 Ol’P.
2186 348 2366 403 PARS
2406 347 2470 402 ll.
2512 379 2580 387 -—
2617 345 3120 402 APOLOGETICA.
3625 345 3764 401 5363

505 464 698 522 Utrum
733 483 832 522 sua
865 469 1097 537 quadam
1123 469 1400 523 individua
1430 468 1728 525 facultate?
1761 468 1873 524 Hoc
1898 471 1945 525 si
1985 472 2072 525 di-

2180 476 2260 534 τος
2281 471 2520 541 καθαρὸν
2549 469 2630 531 ὃν,
2662 470 2696 540 ἢ
2726 469 3046 539 γιγνόμενον
3077 468 3224 540 (85),
3274 468 3582 537 γινώσκεινο
3617 470 3665 521 εί
3704 469 3764 521 δὲ

500 568 677 624 cetur,
709 574 909 628 corpus
933 560 984 614 id
1017 576 1122 613 non
1157 562 1291 626 erit,
1321 561 1463 630 quod
1499 561 1784 632 intelliget.
1818 559 1954 616 Nam
1991 564 2069 617 uti

2180 563 2287 615 τῶν
2321 564 2377 615 ὲν
2406 560 2507 633 ὕλῃ
2541 562 2697 615 είδῶν
2732 561 2831 624 τὰς
2852 563 3066 631 νοήσεις
3113 563 3373 631 φήσουσιν
3410 556 3568 624 εἶναι,
3629 561 3766 614 ἀλλὰ

501 665 591 704 res
622 650 918 721 attingatur
966 650 1270 720 libeturque
1315 647 1615 718 duntaxat,
1666 660 1782 708 toto
1837 653 1956 722 ipso
1986 654 2072 707 ni-

2182 655 2562 728 χωριζομένων
2620 672 2682 724 γε
2740 655 2847 708 τῶν
2898 645 3163 724 σωμάτων
3209 653 3470 721 γίνονται,
3508 651 3600 704 τοῦ
3668 649 3760 704 νοῦ

502 742 579 796 hil
605 759 742 812 opus
771 753 854 797 est
879 785 895 810 ,
924 758 1055 813 pars
1079 745 1162 797 vel
1184 752 1300 799 'una
1339 743 1563 800 sufﬁcit.
1600 744 1657 800 Si
1711 760 1840 815 ergo
1865 787 1880 811 ,
1927 747 2075 814 quod

2181 748 2519 820 χωρίζοντος.
2555 749 2630 801 Ού
2654 747 2764 819 γὰρ
2802 747 2866 818 δὴ
2905 747 3042 817 μετά
3069 747 3308 818 σαρκῶν,
3341 744 3373 816 ἢ
3405 745 3542 808 ὅλως
3571 744 3704 814 ὕλης
3729 745 3758 796 ὁ

500 832 661 902 plane
689 849 874 888 verum
897 845 1008 899 est,
1045 836 1318 904 principes
1351 835 1471 890 illas
1525 836 1777 890 notiones
1827 836 2072 906 singulas

2181 840 2476 909 χωρισμὸς,
2507 839 2731 899 κύκλου,
2767 839 2859 891 καὶ
2889 837 3175 910 τριγώνου,
3209 838 3303 890 καὶ
3349 837 3631 907 γραμμῆς,
3669 837 3765 888 καὶ

500 940 598 994 per
619 941 739 980 sese
761 966 778 991 ,
805 927 872 979 ab
895 928 1038 981 omni
1073 929 1298 983 omnino
1343 943 1572 996 corpore
1619 927 1924 983 liberrimas
1952 944 2072 983 esse

2182 931 2424 1002 σημείου.
2474 935 2565 985 Δεῖ
2587 933 2693 1004 ἄρα
2723 934 2814 987 καὶ
2843 932 2941 1003 τὴν
2975 931 3152 1002 ψυχὴν
3206 929 3454 1000 σώματος
3497 928 3666 999 αὐτὴν
3704 929 3772 980 ὲν

500 1016 834 1080 concedent,
868 1015 920 1069 id
955 1017 1119 1070 etiam
1155 1018 1300 1086 quod
1338 1015 1644 1084 intelligat,
1696 1013 1770 1068 ita
1803 1014 2026 1068 demum
2059 1056 2072 1079 ,

2180 1023 2249 1093 τῷ
2274 1026 2500 1096 τοιούτῳ
2523 1027 2776 1096 χωρίσαι.
2795 1028 2889 1078 Δεῖ
2919 1025 3027 1097 ἄρα
3063 1024 3198 1095 μηδὲ
3225 1022 3393 1094 αὐτὴν
3421 1021 3578 1092 σῶμα
3599 1016 3759 1074 εἶναι.

501 1105 549 1160 si
581 1121 812 1175 corpore
863 1107 1094 1160 liberum
1141 1117 1236 1161 aut
1266 1107 1378 1172 sit,
1431 1117 1524 1160 aut
1569 1107 1701 1170 ﬁat,
1745 1120 2075 1175 cognoscere

2187 1116 2477 1186 Ἀμέγεθες
2509 1118 2620 1188 (86)
2642 1118 2697 1170 δὲ
2722 1114 2874 1188 οἶμαι
2897 1117 2991 1172 καὶ
3020 1117 3080 1170 τὸ
3111 1116 3295 1178 καλὸν,
3320 1117 3416 1168 καὶ
3443 1114 3504 1167 τὸ
3534 1113 3771 1176 δίκαιον,

503 1217 727 1256 necesse
757 1212 858 1256 est.
903 1202 998 1257 Sin
1027 1213 1206 1257 autem
1236 1201 1534 1258 formarum
1559 1242 1576 1268 ,
1619 1217 1740 1270 quae
1785 1200 1851 1256 ad
1908 1209 2075 1254 mate-

2180 1209 2270 1260 καὶ
2302 1209 2334 1278 ἡ
2375 1208 2580 1261 τούτων
2612 1209 2720 1280 ἄρα
2741 1210 2945 1279 νόησις.
2979 1209 3138 1260 Ὥστε
3189 1208 3283 1260 καὶ
3313 1205 3626 1277 προσιόντα,
3683 1202 3770 1272 τῷ

503 1293 643 1346 riam
665 1293 1066 1359 adluerescunt,
1090 1294 1342 1348 notiones
1367 1292 1490 1347 illas
1508 1307 1630 1346 esse
1652 1291 2075 1360 respondebunt,

2180 1301 2378 1370 ἀμερεῖ
2410 1299 2520 1371 (87)
2549 1300 2717 1371 αὐτῆς
2751 1297 3086 1363 ὑποδέξεται,
3139 1298 3235 1352 καὶ
3290 1298 3345 1348 ὲν
3378 1295 3516 1366 αὐτῇ
3581 1293 3763 1365 ἀμερῆ

503 1399 580 1438 ea:
617 1393 798 1438 tamen
852 1400 959 1440 non
1001 1385 1109 1440 nisi
1159 1386 1384 1440 secretis
1445 1383 1806 1450 corporibus,
1857 1383 2083 1438 mentis-
2182 1389 2445 1444 κείσεται.

503 1491 611 1545 que
669 1478 805 1531 adeo
852 1477 903 1531 vi
929 1477 1189 1545 secretis,
1236 1476 1421 1531 haberi
1478 1484 1725 1545 possunt.
1775 1472 1885 1528 Nec
1939 1473 2085 1528 enim
2145 1485 2241 1530 aut
2311 1480 2595 1550 corporis,
2656 1490 2749 1534 aut
2784 1481 3010 1536 omnino
3044 1480 3285 1535 materiae
3333 1478 3630 1548 quidquam
3662 1490 3767 1544 pa-

503 1569 657 1634 titur,
704 1570 791 1624 illa
826 1570 941 1626 fieri
996 1570 1152 1625 solita
1212 1569 1434 1635 circuli,
1480 1570 1766 1640 trianguli,
1826 1570 1981 1624 lineae
2033 1573 2327 1644 punctique
2362 1574 2594 1630 secretio
2635 1594 2649 1630 :
2698 1576 3032 1646 proindeqne
3088 1575 3329 1629 animum
3360 1574 3524 1628 etiam
3560 1573 3766 1641 ipsum,

503 1663 594 1732 qui
619 1680 738 1718 eam
765 1664 988 1728 eliiciat,
1020 1679 1305 1734 acorpore
1353 1679 1673 1728 secernere,
1727 1680 1905 1734 neque
1966 1665 2102 1720 adeo
2169 1681 2368 1737 corpus
2419 1683 2540 1724 esse
2593 1669 2881 1740 oportebit.
2941 1666 3231 1722 Enimvero
3265 1665 3586 1735 pulchrum,
3648 1663 3771 1732 Opi-

503 1771 640 1820 nor,
706 1765 761 1811 et
816 1756 1063 1826 justum,
1106 1757 1330 1826 ipsaque
1375 1756 1602 1826 proinde
1640 1756 1924 1809 amborum
1977 1755 2331 1826 intelligentia
2389 1757 2784 1829 magnitudinis
2839 1757 3039 1812 habent
3093 1756 3249 1811 nihil.
3279 1755 3458 1823 Quare
3493 1755 3656 1810 ambo
3710 1746 3766 1811 εί

505 1849 784 1904 individua
816 1850 1048 1919 quadam
1084 1850 1229 1905 illius
1280 1851 1331 1904 vi
1383 1851 1753 1919 excipientur,
1785 1861 1838 1905 et
1875 1851 1930 1904 in
1982 1849 2076 1906 illa
2117 1852 2235 1907 sine
2283 1853 2531 1923 partibus
2562 1853 2686 1907 ullis
2717 1854 2820 1907 sita
2848 1852 3227 1908 remanebunt.

585 1963 604 1995 ι
643 1943 824 2010 Quid?
859 1943 903 1998 si
939 1958 1139 2012 corpus
1198 1943 1440 1996 animum
1491 1943 1792 1999 dixerimus
1816 1985 1831 2011 ,
1867 1952 2074 2015 tempe-
2107 1951 2150 2005 Β

509 2036 992 2102 rantia,justilia,
1037 2034 1331 2096 fortitudo,
1397 2051 1460 2089 ac
1516 2045 1756 2102 aeterm,
1806 2038 2082 2106 quomodo

505 2129 728 2182 tandem
750 2128 868 2196 ejus
895 2129 1121 2181 virtutes
1143 2143 1264 2180 esse
1289 2128 1576 2197 poterunt?
1617 2127 1826 2198 Quippe
1858 2129 2080 2198 spiritus

508 2221 760 2275 videlicet
788 2228 880 2272 aut
938 2219 1226 2289 sanguinis
1272 2220 1436 2290 832
1473 2220 1676 2290 aliquid
1712 2223 1941 2276 virtutes
1977 2223 2080 2277 ill-.e

507 2321 657 2366 sunt.
708 2309 822 2364 Nisi
866 2309 1004 2365 forte
1026 2311 1251 2380 spiritus
1291 2313 1540 2366 molestia
1591 2314 1874 2382 quzedam,
1924 2313 2078 2367 forti-

506 2404 639 2458 tudo
662 2403 769 2469 sit,
805 2405 1166 2472 temperantia
1198 2404 1443 2473 ejusdem
1489 2407 1774 2460 commoda
1814 2415 2080 2476 tempera-

511 2496 586 2549 tio
607 2534 623 2558 ,
659 2505 714 2549 et
743 2509 870 2548 vera
901 2494 991 2548 illa
1026 2495 1376 2564 pulchritudo
1400 2538 1415 2561 ,
1448 2495 1692 2552 formosa
1737 2498 1982 2567 qumdam
2015 2514 2078 2552 ac

508 2587 699 2656 figuris
729 2587 1053 2641 adumbrata
1084 2587 1324 2656 species,
1352 2603 1516 2658 quant
1548 2589 1602 2642 in
1635 2590 1912 2644 nonnullis
1948 2591 2077 2644 dura

509 2676 792 2741 videmus,
823 2677 1098 2748 elegantes
1129 2677 1250 2734 illos
1285 2694 1625 2750 corpureque
1671 2680 1931 2749 pulchros
1980 2696 2075 2734 vo-

509 2784 722 2825 camus.
751 2770 810 2824 Ei
849 2785 982 2826 sane
1013 2773 1159 2840 quod
1190 2772 1533 2827 umbratilem
1571 2781 1778 2826 tantum
1815 2773 2076 2843 aliquam,

507 2870 561 2914 et
593 2859 763 2930 ﬁgura
789 2870 948 2917 tenus
971 2870 1065 2916 aut
1091 2861 1467 2916 fortitudinem
1499 2870 1594 2916 aut
1617 2862 2078 2932 pulchritudinem

511 2950 739 3015 habeat,
798 2952 1022 3020 spiritus
1077 2952 1318 3007 conditio
1393 2961 1700 3022 naturaque
1765 2957 2072 3009 conveniat.

507 3040 886 3113 Temperantia
921 3058 1050 3099 vero
1103 3044 1235 3115 quid
1288 3058 1425 3115 Opus
1472 3043 1726 3114 spiritui?
1769 3045 1883 3099 lmo
1934 3056 2079 3100 certe

507 3143 728 3199 contra,
758 3135 811 3188 in
855 3136 1141 3206 complexu
1170 3143 1427 3206 tactuque
1447 3177 1462 3203 ,
1495 3137 1932 3192 commoditatem
1977 3153 2076 3208 po-

506 3227 616 3282 tius
645 3228 884 3298 aliquam
911 3238 1206 3299 sequetur,
1239 3230 1410 3284 sicubi
1437 3239 1531 3284 ant
1567 3230 1781 3284 caleliat
1802 3273 1817 3298 ,
1858 3240 1952 3284 aut
1979 3229 2077 3284 fri-

503 3333 606 3388 gus
646 3320 926 3374 moderate
947 3331 1156 3390 captet,
1189 3331 1285 3376 aut
1319 3322 1604 3385 mollibus,
1634 3323 1867 3385 teneris,
1899 3337 1964 3375 ac
1983 3322 2075 3375 lae-

504 3407 660 3462 vlbus
686 3408 982 3463 adhaereat.
1014 3409 1186 3464 Suum
1231 3425 1363 3465 vero
1414 3411 1612 3480 cuique
1661 3426 1760 3481 pro
1812 3413 2074 3482 dignitate

503 3499 741 3554 tribuere
761 3541 775 3565 ,
799 3499 866 3554 ad
897 3501 1072 3570 ipsum
1098 3503 1228 3570 quid
1251 3503 1483 3557 attinet?
1520 3501 1714 3556 Utrum
1739 3518 1902 3572 pcrro
1932 3519 2075 3558 sem-

505 3589 728 3657 piternae
754 3599 882 3644 sunt
915 3591 1130 3646 virtutis
1195 3593 1297 3646 ιιιιυ
1339 3595 1595 3661 notione,
1662 3605 1963 3665 ceteraque
2020 3595 2074 3650 id

508 3697 683 3752 genus
703 3684 966 3753 spiritalia
991 3725 1005 3748 ,
1037 3685 1090 3739 in
1129 3685 1330 3756 quibus
1375 3687 1592 3743 animus
1641 3698 1972 3758 occupatur;
2005 3704 2073 3742 an

508 3783 700 3828 eotatra
749 3776 994 3830 nascitur
1039 3779 1247 3844 virtus,
1311 3780 1612 3850 eademque
1664 3797 1855 3836 rursus
1906 3782 2075 3835 inter-

507 3867 646 3921 ibit?
671 3870 740 3922 At
763 3870 889 3938 quis
939 3885 1092 3938 eam,
1126 3884 1220 3928 aut
1247 3890 1355 3944 qua
1384 3890 1447 3928 ex
1499 3890 1558 3930 re
1590 3877 1806 3930 tandem
1839 3874 2070 3930 eﬂiciat?

2255 1963 2276 1996 ο
2313 1944 2440 2007 Πῶς
2459 1943 2503 1996 δ’
2538 1944 2604 1997 ἂν
2632 1945 2726 1996 καὶ
2773 1941 3019 2013 σώματος
3039 1943 3189 2006 ὄντος
3220 1943 3319 2014 τῆς
3349 1942 3546 2013 ψυχῆς,
3572 1944 3774 2012 ἀρεταὶ

2183 2038 2351 2108 αὐτῆς
2400 2035 2745 2107 σωφροσύνη,
2775 2034 3084 2105 δικαιοσύνη
3119 2033 3255 2104 (88),
3289 2035 3506 2106 ἀνδρεία
3558 2052 3619 2086 τε
3671 2037 3768 2088 καὶ

2183 2129 2369 2193 ἄλλαις
2432 2126 2657 2197 Πνεῦμά
2711 2144 2764 2179 τι
2824 2126 2952 2197 γὰρ,
3005 2126 3037 2197 ἢ
3098 2120 3237 2195 αίμά
3265 2143 3335 2188 τι,
3379 2125 3439 2178 τὸ
3469 2130 3774 2197 σωφρονεῖν-

2183 2221 2288 2290 εῖη,
2321 2222 2353 2291 ἡ
2379 2219 2710 2288 δικαιοσύνη,
2747 2220 2780 2289 ή
2812 2218 3051 2287 ἀνδρεία,
3080 2220 3126 2270 εἰ
3162 2219 3235 2288 μὴ
3270 2217 3377 2290 ἀρα
3402 2220 3434 2288 ἡ
3458 2218 3680 2287 ἀνδρεία
3705 2221 3774 2271 τὸ

2184 2312 2456 2377 δυσπαθὲς
2508 2313 2600 2366 τοῦ
2645 2311 2954 2382 πνεύματος
3000 2314 3106 2384 εἴη,
3146 2313 3300 2383 καὶή
3363 2309 3687 2382 σωφροσύνη
3732 2314 3767 2383 ἡ

2183 2405 2468 2477 εὐκρασία,
2503 2405 2563 2459 τὸ
2595 2405 2652 2458 δὲ
2684 2404 2880 2469 κάλλος
2907 2405 3177 2476 εὐμορφία
3202 2421 3286 2466 τις
3317 2405 3374 2457 ὲν
3395 2403 3606 2467 τύποις,
3643 2403 3779 2457 καθ’

2179 2497 2246 2568 ἢν
2283 2496 2534 2567 λέγομεν,
2565 2496 2782 2560 ἰδόντες,
2803 2496 3036 2568 ὡραίους
3063 2497 3155 2548 καὶ
3183 2495 3378 2558 καλοὺς
3424 2496 3491 2548 τὰ
3514 2495 3764 2566 σώματα.

2194 2588 2418 2660 Ἰσχυρῷ
2449 2590 2545 2660 μὲν
2579 2585 2672 2642 οὖν
2701 2590 2796 2642 καὶ
2830 2588 2979 2659 καλῷ
3004 2589 3062 2640 ὲν
3091 2587 3282 2651 τύποις
3312 2586 3531 2657 πνεῦμά
3570 2605 3624 2639 τι
3649 2587 3762 2657 (89)

2180 2676 2317 2734 εἶναι
2353 2682 2622 2752 προσήκοι
2660 2683 2746 2735 ἄν’
2799 2683 3092 2751 σωφρονεῖν
3125 2680 3181 2732 δὲ
3214 2681 3268 2733 τί
3320 2680 3401 2732 δεῖ
3455 2680 3762 2749 πνεύματι;

2193 2773 2328 2825 Ἀλλ’
2357 2767 2449 2826 οὖν
2489 2773 2599 2842 (90)
2629 2772 2939 2825 τούναντίον
2969 2774 3026 2825 ὲν
3057 2771 3416 2843 περιπτύξεσι
3458 2771 3550 2824 καὶ
3598 2772 3768 2840 ἁφαῖς

2179 2861 2237 2920 εὖ
2267 2865 2481 2928 παθεῖν,
2514 2865 2648 2917 ὅπου
2682 2865 2715 2936 ἢ
2742 2863 3198 2936 θερμανθήσεται,
3251 2863 3283 2934 ἢ
3315 2863 3645 2934 συμμέτρως
3662 2862 3770 2931 ψύ·

2178 2975 2299 3028 χεος
2330 2957 2441 3029 (91)
2473 2957 2672 3028 ίμερεῖ,
2701 2957 2734 3028 ἢ
2760 2955 3024 3028 μαλακοῖς
3048 2973 3158 3008 τισι
3187 2956 3282 3008 καὶ
3309 2955 3500 3017 ἁπλοῖς
3527 2953 3639 3024 (92)
3667 2956 3772 3006 xal.

2179 3049 2342 3112 λείοις
2369 3047 2630 3112 πελάσεις
2685 3048 2746 3100 τὸ
2771 3047 2826 3100 δὲ
2862 3049 2980 3100 κατ’
3008 3046 3165 3110 ἀξίαν
3189 3049 3394 3116 νεῖμαι,
3433 3045 3485 3098 τί
3519 3045 3586 3098 ἂν
3611 3045 3761 3115 αύτῷ

2182 3142 2333 3214 μέλοι
2359 3158 2373 3206 ;
2401 3141 2635 3212 Πότερον
2655 3140 2710 3193 δὲ
2736 3139 2918 3193 ἀϊδίων
2948 3139 3116 3192 ὄντων
3140 3137 3248 3191 τῶν
3275 3139 3372 3210 τῆς
3399 3139 3601 3209 ἀρετῆς
3628 3137 3772 3191 θεω-

2182 3234 2460 3306 ρημάτων,
2498 3233 2591 3286 καὶ
2631 3232 2738 3285 τῶν
2771 3231 2945 3285 ἄλλων
2979 3230 3086 3282 τῶν
3119 3228 3322 3300 νοητῶν
3379 3231 3413 3299 ἡ
3465 3229 3612 3299 ψυχὴ
3661 3232 3766 3297 ἐφ..

2180 3326 2427 3390 ἅπτεται,
2455 3324 2487 3394 ἢ
2509 3324 2767 3396 γίνεταιή
2791 3325 2976 3396 ἀρετὴ,
3003 3325 3096 3378 καὶ
3123 3323 3324 3392 ὀφείλει
3355 3322 3514 3376 πάλιν
3542 3321 3762 3392 φθείρε-

2181 3419 2336 3482 σθαι;
2385 3417 2543 3471 Ἀλλά
2589 3419 2673 3482 τίς
2701 3421 2729 3471 ὁ
2759 3418 2948 3481 ποιῶν,
2996 3418 3089 3471 καὶ
3137 3417 3336 3479 πόθεν;
3366 3415 3521 3469 Οὕτω
3551 3415 3661 3485 γὰρ
3693 3413 3769 3468 ἂν.

2180 3511 2354 3562 ἐκεῖνο
2384 3509 2542 3562 πάλιν
2574 3510 2741 3580 μένοι.
2769 3513 2858 3562 Δεῖ
2887 3509 2994 3580 ἄρα
3039 3509 3223 3562 ἀϊδίων
3257 3503 3416 3570 εἶναι,
3446 3509 3538 3560 καὶ
3571 3506 3760 3577 μενόν-

2180 3621 2308 3666 των,
2334 3599 2422 3656 οἷα
2448 3604 2542 3656 καὶ
2565 3601 2634 3655 τά
2662 3605 2720 3655 ὲν
2749 3602 3077 3673 γεωμετρίᾳ.
3113 3602 3176 3654 El
3207 3601 3266 3654 δὲ
3316 3601 3501 3654 ἀϊδίων
3527 3601 3621 3653 καὶ
3663 3617 3766 3669 με-

2181 3694 2398 3757 νόντων,
2422 3696 2482 3746 οὐ
2517 3693 2801 3764 σωμάτων.
2839 3694 2946 3747 Καὶ
2990 3695 3070 3747 δεῖ
3099 3694 3206 3764 ἄρα
3264 3696 3358 3747 καὶ
3412 3694 3469 3745 ἐν
3511 3687 3555 3760 ᾧ
3580 3691 3758 3752 ἔσται,

2178 3787 2416 3840 τοιοῦτον
2449 3783 2610 3840 εἶναι’
2653 3786 2734 3838 δεῖ
2787 3785 2895 3856 ἄρα
2953 3786 3026 3857 μὴ
3091 3785 3250 3856 σῶμα
3305 3782 3466 3840 εἶναι.
3523 3785 3600 3837 Ού
3645 3783 3762 3855 γάρ

2180 3877 2350 3946 μένει,
2380 3875 2516 3930 ἀλλὰ
2550 3880 2634 3948 ῥεῖ
2662 3876 2966 3948 ήσώματος
2991 3875 3149 3944 φύσις
3186 3878 3352 3928 πᾶσα.
3497 3885 3504 3891 “

505 3957 643 4013 Tum
673 3961 818 4015 enim
850 3962 964 4018 haec
1013 3965 1192 4021 adhue
1240 3967 1471 4035 quaestio
1515 3978 1760 4033 maneat,
1792 3983 2014 4024 necesse
2035 3979 2142 4023 est.
2183 3968 2521 4037 Sempiterna
2549 3969 2908 4038 profectoilla
2947 3983 3068 4024 esse
3121 3979 3368 4039 oportet,
3423 3983 3746 4036 semperque

504 4055 1144 4127 manentia,cujusmodi
1192 4076 1255 4115 ea
1290 4071 1453 4126 sunt,
1513 4078 1636 4132 quae
1689 4061 1756 4117 ad
1800 4062 2149 4133 geometriam
2188 4063 2477 4132 pertinent.
2509 4060 2666 4128 Quod
2710 4063 2755 4118 si
2787 4062 3118 4132 sempiterna
3169 4071 3330 4123 sunt,
3383 4070 3762 4130 perpetuoque

504 4150 780 4216 nantntia
805 4189 819 4214 ,
847 4167 1074 4222 corpora
1099 4153 1263 4225 igitur
1285 4165 1429 4211 certe
1463 4173 1571 4210 non
1633 4166 1780 4211 sunt.
1826 4155 1892 4210 Et
1949 4156 2000 4210 id
2050 4167 2310 4225 praeterea
2335 4199 2349 4221 ,
2377 4154 2431 4210 in
2479 4172 2589 4226 quo
2625 4157 2990 4211 versabuntnr
3014 4197 3028 4222 ,
3054 4157 3230 4211 simile
3267 4156 3397 4225 quid
3431 4171 3551 4211 esse
3590 4171 3756 4226 opor-

501 4241 665 4308 tebit,
692 4247 936 4313 adeoque
957 4261 1156 4317 corpus
1191 4262 1300 4302 non
1340 4263 1484 4303 esse.
1513 4247 1625 4303 Nec
1667 4249 1811 4303 enim
1847 4258 2158 4319 permanet,
2199 4249 2291 4302 sed
2327 4247 2445 4301 lluit
2473 4248 2694 4304 assidue
2725 4249 2972 4314 corporis
3006 4257 3199 4304 natura
3235 4249 3463 4319 quaevis.

580 4352 608 4386 ι·
630 4333 788 4401 Quod
821 4338 866 4393 si
894 4339 1344 4408 dum'corporum
1383 4342 1485 4412 ipsi
1516 4341 1824 4398 functiones
1853 4342 2067 4404 vident,

500 4443 622 4496 qua:
643 4429 999 4498 calefaciunt,
1031 4433 1384 4504 refrigerent,
1416 4437 1751 4506 propellant,
1793 4451 1858 4492 ac
1885 4435 2068 4506 depri-

2253 4359 2270 4389 ι
2296 4341 2358 4393 El
2378 4340 2434 4393 δὲ
2456 4340 2552 4404 τάς
2574 4341 2680 4396 τῶν
2706 4343 2971 4412 σωμάτων
2991 4342 3234 4411 ποιήσεις
3249 4341 3502 4412 ὁρῶντες,
3525 4339 3720 4412 θερμαι
3735 4369 3750 4380 -

2176 4434 2390 4499 νούσας,
2419 4435 2509 4486 καὶ⁹
2538 4433 2834 4504 ψυχούσας,
2870 4435 2963 4487 καὶ
2983 4433 3247 4497 ὼθούσας,
3273 4435 3367 4487 καὶ
3389 4433 3754 4504 βαρυνούσας,

501 4532 682 4588 mam;
711 4522 910 4577 ibidem
956 4525 1198 4579 animum
1229 4527 1604 4595 constituunt,
1637 4544 1761 4582 eum
1793 4529 1939 4583 velut
1983 4543 2073 4582 ac-

2180 4525 2407 4578 ὲνταῦθα
2432 4525 2682 4578 τάττουσι
2704 4525 2801 4597 τὴν
2833 4526 3028 4596 ψυχὴν,
3045 4521 3152 4579 οἷον
3181 4527 3238 4578 ὲν
3262 4524 3572 4596 δραστηρίῳ
3597 4525 3751 4593 τόπῳ

500 4623 664 4669 tuoso
695 4615 930 4682 quodam
959 4615 1012 4670 in
1039 4616 1159 4671 loco
1187 4617 1483 4689 defigentcs
1513 4639 1526 4674 :
1558 4621 1810 4691 ignorant
1841 4622 1916 4675 illi
1960 4623 2074 4691 pri-

500 4722 651 4762 mum
677 4707 950 4774 ,ipsamet
975 4723 1208 4764 cornora
1235 4752 1249 4774 ,
1295 4711 1410 4768 suis
1450 4713 1777 4782 quibusdam
1816 4714 2072 4784 incorpo-

574 4867 685 5007 (85)
715 4867 876 4924 Forte
906 4869 966 4922 τὸ
1002 4872 1404 4943 ἐγγιγνόμενον.

574 4939 662 5007 (86
720 4940 1034 5007 Ἆμέγεθες.
1065 4941 1140 4995 Ex
1170 4943 1402 4998 Plotino.

545 4939 684 5062 é(8%)
720 4940 1034 5010 Ἆμέγεθες.
1065 4941 1140 4995 Ex
1170 4939 1402 4998 Pl'otino.
1433 4943 1673 4999 Pessime
1697 4945 1900 4999 editum
1932 4955 2069 5009 crat,

575 5026 635 5062 γε
672 5025 752 5062 oc.

502 5025 752 5079 μεγευος.

573 5079 683 5160 (87)
738 5079 822 5146 Τῷ
853 5082 1076 5162 ᾁμερεῖ.
1120 5081 1196 5134 Ex
1245 5083 1432 5138 eodem
1475 5099 1572 5153 pro
1611 5085 1679 5136 τά
1726 5085 1886 5155 μέρη,
1928 5088 2070 5155 quod

503 5155 784 5218 perspicue
818 5155 1070 5206 vitiosum
1105 5164 1240 5206 erat.

575 5219 685 5289 (88)
729 5223 1108 5298 Δικαιοσύνη.
1159 5223 1238 5298 Ab
1278 5224 1571 5298 haevoce,
1605 5240 1737 5298 quae
1771 5240 2071 5298 sequuntur

613 5291 752 5368 apud
805 5289 1120 5368 Eusebium,
1165 5295 1228 5346 ad
1279 5295 1473 5368 capitis
1505 5289 1676 5368 usque
1713 5289 1894 5363 linem,
1928 5302 2069 5368 apud

503 5359 774 5436 Plotinum
809 5379 874 5415 eo
907 5367 1022 5416 loco
1070 5379 1174 5416 non
1212 5359 1478 5436 reperies,
1507 5359 1605 5419 nec
1636 5359 1916 5436 llopperus
1955 5359 2066 5436 illa,

502 5446 603 5510 nec
632 5429 852 5485 Ficinus
883 5443 1248 5511 repraesentat.
1271 5429 1424 5511 —S.unt
1453 5445 1629 5488 tamen
1659 5429 1854 5492 Plotini
1877 5457 1941 5494 ex
1976 5429 2068 5511 ge;

505 5501 619 5562 nio,
649 5504 1176 5575 cumsuperinrilms
1213 5505 1490 5573 aptissime
1530 5518 1946 5575 connectuntur,
1976 5501 2060 5565 ἕξιν

502 5570 979 5650 qneﬁpgirmss.
1031 5585 1082 5627 et
1118 5570 1349 5650 Muniac.
1396 5588 1715 5650 agnoscunt.
1767 5578 1909 5636 Sane
1935 5570 2068 5650 quae

503 5639 644 5704 apud
695 5639 961 5715 Plotinum
1009 5654 1127 5713 post
1167 5639 1518 5711 δικαιοσύνη
1569 5661 1888 5715 sequuntur,
1919 5639 2066 5706 nullo

503 5726 701 5774 sensu,
739 5713 818 5764 vel
861 5714 1133 5770 dicuntur.
1165 5717 1245 5768 \el
1281 5717 1552 5769 desinunt.
1593 5713 1662 5769 Ila
1706 5720 1806 5774 hoc
1842 5732 1947 5774 tant
1985 5725 2064 5776 in-

506 5796 658 5849 signe
687 5779 1044 5852 fragmentum
1085 5784 1370 5852 Eusebius,
1405 5803 1522 5841 cum
1555 5789 1620 5842 iis
1656 5807 1774 5860 qua:
1805 5793 2062 5850 haetenus

2177 4615 2446 4686 ίδρύοντες
2467 4618 2658 4686 αὑτήν·
2689 4617 2901 4689 πρῶτον
2937 4619 3033 4688 μὲν
3061 4616 3364 4686 ἀγνοοῦσιν,
3415 4617 3489 4679 ὡς
3515 4616 3608 4667 καὶ
3636 4616 3744 4686 (95)

2175 4706 2345 4761 ταῦτα
2376 4708 2445 4761 τά
2479 4708 2704 4780 σώματα
2731 4709 2987 4780 δυνάμεσι
3019 4713 3134 4774 ταῖς
3153 4713 3209 4763 ἐν
3227 4710 3405 4773 αὐτοῖς
3433 4711 3748 4781 ἀσωμάτοις

2175 4884 2481 5008 exll’lotino
2507 4897 2784 4940 mutuatus
2809 4895 2946 4948 erat,
2978 4902 3082 4940 non
3120 4887 3236 4940 sine
3271 4885 3454 4940 fenore
3484 4901 3745 4956 compen-

2175 4967 2332 5008 sant.

2175 4967 2332 5009 53D“.

2242 5026 2350 5094 (89)
2382 5025 2622 5095 Πιςεῦμὰ
2653 5045 2724 5078 τι.
2755 5025 2962 5079 Mallem
2991 5025 3273 5095 πνεύματι.

2247 5093 2356 5166 (90)
2389 5093 2637 5149 ΟὗνζΕς
2673 5108 2901 5166 utroque
2925 5113 3054 5150 mss.
3091 5093 3194 5149 nun
3217 5097 3385 5166 ού,γιιι
3414 5107 3558 5150 ante.

2244 5165 2356 5234 (9i)
2398 5169 2647 5234 Ψύχεος.
2700 5165 2772 5220 Ita
2843 5167 2990 5236 Regii
3050 5167 3159 5220 duo
3203 5175 3255 5218 et
3307 5165 3572 5230 Montac.,
3628 5184 3740 5221 non

2172 5235 2394 5306 ψύχους.
2462 5237 2804 5292 Homericum
2889 5237 3018 5290 illud
3100 5245 3344 5306 spectare
3406 5241 3557 5293 visus
3615 5249 3734 5302 est,

2177 5306 2364 5375 Odyss.
2397 5308 2467 5368 Κ,
2502 5324 2552 5360 v.
2579 5307 2682 5361 555
2717 5325 2730 5358 :

2249 5379 2474 5445 Ψὺχεος
2509 5379 2744 5445 ἱμείρων
2771 5377 3148 5442 κατελέξατο,
3177 5381 3570 5446 οἰνοϐαρείων.

2245 5447 2356 5517 (99.)
2407 5447 2658 5520 Ἁπλοῖς.
2693 5447 2805 5520 lmo
2838 5457 3002 5520 certe,
3031 5451 3276 5516 ἁπαλοῖς,
3325 5453 3527 5520 alioqui
3558 5450 3738 5520 dupli-

2171 5517 2367 5591 eia_,_u_t
2399 5518 2690 5591 plurimum
2723 5519 3059 5591 simplicibus
3074 5523 3351 5591 _molliora.
3454 5517 3466 5520 “
3592 5586 3602 5591 _

2241 5589 2350 5655 (95)
2397 5589 2757 5656 Ἀγνοοῦσιν,
2794 5591 2873 5654 ὼς
2917 5590 3032 5641 καί.
3070 5589 3304 5647 Paucula
3347 5593 3478 5654 hme,
3514 5589 3605 5646 sed
3641 5606 3734 5643 ne-

2169 5659 2440 5735 cessaria,
2481 5675 2550 5735 ex
2597 5657 2826 5735 Montae.
2877 5661 3062 5735 codice
3113 5665 3500 5735 supplerimus.
3547 5661 3740 5715 Ταῖ’-τα..

2169 5731 2308 5798 quod
2343 5731 2583 5797 sequitur
2616 5729 2804 5784 melius
2841 5731 3066 5784 abesset.
