4090 6382
362 291 495 345 1569

1516 293 1835 350 PRIEPAR.
1878 293 2129 350 EYANG.
2173 295 2298 348 LIB.
2343 295 2433 348 XV

3473 305 3496 359 ί
3506 303 3612 358 370

357 412 528 466 ταῦτα
546 413 654 482 (94)
684 415 988 486 ἐργάζεται·
1019 417 1207 472 ἔπειτα
1234 419 1314 471 ὅτι
1341 419 1402 472 οὑ
1435 417 1640 482 ταύτας
1661 419 1758 482 τὰς
1785 419 1927 473 δυνά-

2033 411 2144 468 reis
2182 409 2530 467 faculta'ibrs
2569 414 2681 470 haec
2741 417 2922 473 omnia
2975 421 3229 490 perﬁcere
3267 442 3280 477 :
3315 422 3510 479 deinde
3542 438 3613 481 ne

360 520 480 570 μεις
511 505 635 574 περὶ
653 503 828 575 ψυχὴν
862 507 973 578 (95)
999 503 1137 560 εἶναι
1179 509 1458 580 ἀξιοῦμεν,
1497 509 1633 564 ἀλλά
1679 511 1739 564 τὸ
1773 515 1935 575 νοεῖν,

358 595 726 661 αἰσθάνεσθαι,
777 597 1106 666 λογίζεσθαι,
1183 601 1504 672 ἐπιθυμεῖν,
1563 603 1936 674 ἐπιμελεῖσθαι

359 687 644 759 ἐμφρόνως
695 690 784 742 καὶ
829 690 1006 754 καλῶς
1052 692 1288 756 ἅπαντα,
1320 693 1486 765 ἀλλην
1531 695 1718 748 οὐσίαν
1762 694 1932 764 ζητεῖ.

359 779 468 842 Τὰς
499 775 590 833 οὖν
645 779 900 851 δυνάμεις
955 782 1064 836 τῶν
1111 783 1416 853 ἀσωμάτων
1477 786 1937 856 μεταϐιϐάσαντες

357 874 434 934 εἰς
467 871 536 924 τὰ
590 871 834 943 σώματα,
904 876 1160 947 οὐδεμίαν
1217 878 1445 942 ἐκείνοις
1497 878 1932 932 καταλείπουσιν.

358 964 478 1016 Ὅτι
507 963 560 1018 δὲ
592 967 684 1018 καὶ
710 967 778 1020 τὰ
806 966 1030 1038 σώματα
1081 970 1394 1040 ἀσωμάτοις
1417 970 1677 1041 δυνάμεσι
1716 971 1936 1025 δύναται

356 1055 391 1108 ἃ
419 1056 638 1112 δύναται
667 1057 798 1126 (96),
832 1063 894 1114 ἐκ
915 1061 1080 1114 τῶνδε
1114 1061 1293 1130 δῆλον.
1345 1061 1768 1131 Ὀμολογήσουσι
1826 1062 1936 1134 γὰρ

355 1149 536 1220 ἕτερον
573 1151 854 1223 ποιότητα,
902 1153 995 1206 καὶ
1048 1154 1320 1224 ποσότητα
1367 1150 1527 1218 εἷναι,
1561 1155 1654 1208 κει)⁵
1683 1155 1791 1223 (97)
1826 1157 1935 1208 πᾶν

356 1240 514 1312 σῶμα
545 1243 708 1296 ποσὸν
740 1239 898 1308 εἶναι,
921 1246 1012 1298 καὶ
1040 1244 1120 1298 ἔτι
1181 1247 1240 1298 οὺ
1277 1248 1386 1299 πᾶν
1421 1245 1578 1317 σῶμα
1627 1247 1793 1300 ποσὸν
1824 1247 1933 1314 (98)

354 1328 510 1396 εἶναι,
548 1333 734 1405 ὥσπερ
762 1335 859 1406 τὴν
897 1335 1048 1406 ὓλην.
1093 1337 1278 1391 Ταῦτα
1309 1337 1363 1390 δὲ
1409 1337 1814 1408 ὁμολογοῦντες,
1836 1339 1934 1409 τὴν

356 1425 612 1495 ποιότητα
639 1427 1060 1498 ὁμολογήσουσιν
1089 1430 1274 1501 ἕτερον
1307 1425 1471 1484 οὖσαν
1524 1430 1716 1495 ποσοῦ,
1748 1430 1934 1500 ἕτερον

357 1516 603 1588 σώματος
629 1515 787 1573 εἶναι.
825 1521 949 1584 Πῶς
982 1520 1088 1592 γὰρ
1122 1522 1195 1593 μὴ
1227 1522 1387 1576 ποσὸν
1418 1518 1551 1576 οὖσα
1579 1523 1737 1593 σῶμα
1758 1521 1930 1585 ἔσται,

355 1611 509 1681 εἴπερ
535 1613 640 1664 πᾶν
676 1612 832 1682 σῶμα
865 1613 1066 1676 ποσόνς
1098 1615 1208 1666 Καὶ
1251 1613 1356 1684 μὴν
1383 1613 1478 1667 καὶ
1510 1615 1648 1685 ὅπερ
1684 1613 1794 1667 ἄνω
1829 1633 1930 1668 που

354 1699 592 1766 ἐλέγετο,
644 1703 690 1753 εἰ
720 1704 827 1755 πᾶν
876 1703 1032 1772 σῶμα
1077 1705 1451 1776 μεριζόμενον,
1485 1706 1577 1758 καὶ
1601 1705 1762 1773 ὄγκος
1795 1708 1924 1769 πᾶς,

350 1791 658 1862 ἀφαιρεῖται
684 1795 818 1864 ὅπερ
845 1791 931 1865 ἦν’
963 1795 1425 1866 κερματιζομένου
1452 1797 1508 1850 δὲ
1539 1797 1633 1850 τοῦ
1659 1797 1926 1869 σώματος,

349 1884 434 1951 ἐφ’
464 1885 676 1956 ἑκάστῳ
713 1887 926 1958 μέρειὴ
981 1888 1116 1958 αὑτὴ
1170 1889 1265 1957 ὅλη
1309 1889 1531 1960 ποιότης
1595 1889 1766 1960 μένειο
1818 1888 1928 1944 οἷον

348 1975 622 2046 γλυκύτης
680 1979 712 2047 ἡ
772 1975 864 2030 τοῦ
930 1978 1140 2048 μέλιτος
1193 1980 1342 2033 οὐδὲν
1405 1980 1623 2034 ἔλαττον
1656 1981 1928 2052 γλυκύτης

350 2066 496 2119 ἐστὶν
520 2069 604 2135 ἐφ’
634 2068 868 2140 ἑκάστῳ·
896 2071 995 2124 οὐκ
1015 2070 1080 2123 ἂν
1110 2071 1198 2141 εἴη
1227 2071 1384 2142 σῶμα
1412 2071 1704 2144 γλυκύτηςθ
1729 2074 1928 2143 ὁμοίως

348 2162 441 2213 καὶ
463 2161 519 2214 αἱ
551 2160 726 2215 ἄλλαι.
764 2163 996 2216 Ἔπειτα
1032 2165 1078 2215 εί
1123 2162 1350 2233 σώματα
1390 2159 1527 2234 ἦσαν
1558 2166 1612 2217 αἱ
1646 2163 1922 2233 δυνάμεις,

344 2254 636 2322 ἀναγκαῖον
673 2250 741 2326 ἦν
765 2255 863 2318 τὰς
900 2255 996 2326 μὲν
1049 2255 1272 2327 ἰσχυρὰς
1318 2256 1424 2308 τῶν
1452 2256 1732 2326 δυνάμεων
1767 2256 1928 2326 μεγά-

343 2346 467 2410 λους
496 2348 712 2416 ὄγκους,
738 2348 836 2412 τὰς
887 2349 940 2400 δὲ
975 2349 1152 2417 ὀλίγον
1210 2349 1342 2420 δρᾷν
1373 2348 1695 2419 δυναμένας,
1730 2348 1926 2417 ὅγκους

347 2442 574 2512 μικροὺς
630 2436 789 2494 εἶναι.
841 2441 904 2493 El
956 2441 1011 2494 δὲ
1064 2441 1312 2512 μεγάλων
1341 2442 1438 2512 μὲν
1471 2441 1577 2494 τῶν
1620 2441 1797 2509 δγκων
1833 2459 1923 2510 μι-

345 2535 496 2604 κραὶ,
556 2534 664 2604 (99)
716 2534 886 2604 ὀλίγοι
931 2535 985 2588 δὲ
1047 2535 1362 2606 μικρότατοι
1421 2534 1599 2602 ὅγκων
1666 2533 1925 2604 μεγίστας

346 2625 529 2695 ἔχουσι
554 2625 652 2689 τὰς
683 2627 958 2696 δυνάμεις,
1000 2626 1142 2697 ἄλλῳ
1178 2627 1282 2678 τινὶ
1309 2625 1341 2696 ἢ
1398 2625 1614 2695 μεγέθει
1660 2625 1720 2678 τὸ
1751 2627 1925 2677 ποιεῖν

345 2717 654 2770 ἀναθετέονο
689 2719 948 2788 ἀμεγέοει
976 2717 1102 2789 ἄρα.
1134 2717 1206 2770 Τὸ
1238 2717 1293 2770 δὲ
1326 2717 1457 2788 ὓλην
1489 2717 1584 2787 μὲν
1626 2716 1722 2788 τὴν
1753 2715 1922 2786 αὐτὴν

345 2805 486 2862 εἶναι
521 2810 700 2880 σῶμα,
734 2809 810 2874 ὦς
841 2827 1024 2879 φασιν,
1053 2805 1216 2863 οὖσαν
1248 2810 1345 2880 (l),
1393 2809 1626 2880 διάφορα
1656 2809 1712 2861 δὲ
1749 2813 1923 2863 ποιεῖν

345 2899 633 2970 ποιότητας
679 2900 1108 2972 προσλαϐοῦσαν,
1159 2899 1276 2964 πῶς
1337 2901 1396 2953 οὐ
1453 2899 1608 2971 δῆλον
1659 2903 1820 2963 ποιεῖ,
1855 2900 1922 2952 τὰ

346 2992 751 3063 προσγενόμενα
781 2992 970 3062 λόγους
992 2993 1188 3057 αὐτοὺς
1251 2995 1344 3046 καὶ
1395 2993 1714 3063 ἀσωμάτους
1750 2987 1918 3057 εἷναι;

2038 508 2142 562 boc
2170 507 2385 577 quidem
2427 523 2456 560 a
2484 509 2640 563 nobis
2673 509 2988 564 facultatum
3009 529 3176 580 genus
3205 517 3387 571 animo
3415 517 3614 582 tribui,

2038 600 2130 654 sed
2156 599 2336 668 potius
2372 600 2444 653 ita
2469 601 2669 664 statui,
2705 611 2762 655 ut
2809 602 3107 673 intelligere
3131 648 3145 666 ,
3176 608 3410 674 sentire,
3442 609 3610 663 ratio-

2037 691 2210 745 cinari
2231 732 2247 756 ,
2276 691 2665 760 concupiscere
2689 731 2705 755 ,
2733 703 2928 747 cuncta
2963 694 3197 764 denique
3238 697 3509 765 sapienter
3543 715 3614 754 ac

2037 783 2138 836 rite
2164 783 2458 849 moderari,
2495 784 2655 837 aliam
2690 784 2914 839 omnino
2945 801 3109 855 quam
3147 789 3394 856 corporis
3421 806 3609 844 essen-

2037 875 2167 928 tiam
2195 876 2495 945 requirant.
2526 877 2620 930 isti
2644 892 2770 932 vero
2827 894 3008 932 rerum
3053 879 3498 950 incorporearum
3527 881 3608 936 fa-

2037 970 2270 1024 cultates
2299 969 2366 1022 ad
2399 985 2628 1038 corpora
2665 971 3011 1025 transtulisse
3040 972 3315 1037 contenti,
3351 973 3607 1041 incorpo-

2036 1063 2144 1117 reis
2176 1063 2308 1132 ipsis
2349 1063 2550 1117 nullam
2603 1063 2934 1133 relinquunt.
2987 1063 3251 1118 Cteterum
3295 1065 3410 1134 ipsa
3445 1065 3607 1118 etiam

2035 1168 2302 1223 corpora,
2345 1154 2685 1222 incorporeis
2735 1154 3085 1210 facultatibus
3144 1171 3206 1210 ea
3249 1172 3445 1226 posse,
3487 1172 3611 1225 quae

2036 1247 2280 1316 possint,
2347 1248 2421 1302 ita
2464 1249 2684 1318 planum
2751 1250 2943 1304 cilicio.
3028 1249 3366 1303 Fateliuntur
3423 1251 3610 1319 utique

2035 1333 2395 1401 quantitatem
2416 1350 2538 1390 esse
2561 1351 2591 1389 a
2614 1337 2878 1404 qualitate
2909 1338 3181 1392 diversam
3219 1355 3232 1390 :
3259 1339 3457 1408 quippe
3481 1354 3607 1393 eor-

2035 1439 2136 1494 pus
2161 1426 2305 1480 cnim
2329 1442 2490 1481 omne
2516 1429 2821 1498 quantitate
2843 1471 2859 1495 ,
2916 1446 3014 1484 nec
3059 1444 3219 1484 omne
3255 1439 3432 1484 tamen
3479 1447 3613 1500 qua-

2042 1515 2193 1568 litate
2225 1515 2554 1571 instruetum
2583 1535 2703 1573 esse
2724 1559 2739 1583 ,
2771 1520 2847 1573 uti
2881 1520 2947 1574 de
2995 1520 3218 1574 materia
3269 1530 3418 1576 certo
3474 1537 3607 1575 eon—

2035 1615 2160 1661 stat.
2196 1604 2474 1676 Siquidem
2502 1608 2604 1662 lioc
2639 1618 2928 1680 utrumque
2953 1610 3082 1664 dum
3137 1610 3403 1674 fatentur,
3437 1609 3614 1665 faten-

2040 1707 2128 1753 tur
2161 1716 2264 1754 una
2309 1701 2661 1769 qualitatem,
2703 1719 2826 1758 cum
2871 1720 2903 1758 a
2942 1714 3185 1773 quanto,
3220 1713 3330 1756 tum
3375 1704 3538 1758 etiam
3577 1720 3609 1758 a

2036 1807 2263 1860 corpore
2301 1791 2570 1847 diversam
2603 1811 2743 1854 esse.
2773 1793 3060 1862 Quomodo
3100 1796 3244 1850 enim
3283 1811 3403 1864 qua:
3433 1811 3611 1865 quan-

2036 1881 2186 1935 titate
2221 1891 2431 1943 careat.
2467 1899 2665 1955 corpus
2723 1901 2845 1941 esse
2885 1887 3089 1957 possit,
3135 1903 3257 1942 eum
3291 1903 3452 1941 omne
3485 1903 3607 1942 cor-

2034 1989 2135 2043 pus
2171 1975 2474 2043 quantitate
2521 1977 2592 2031 sit
2624 1979 2944 2047 przeditum?
2979 1978 3277 2044 Praeterea,
3319 1979 3463 2048 quod
3516 1995 3611 2034 suv

2035 2081 2126 2134 pra
2156 2063 2266 2134 jam
2299 2068 2610 2136 attigimus,
2639 2069 2683 2123 si
2713 2084 2912 2139 corpus
2941 2072 3221 2141 molesque
3244 2071 3448 2137 omnis,
3477 2070 3610 2124 dum

2034 2155 2085 2208 in
2115 2164 2294 2224 partes
2321 2156 2484 2227 833
2516 2166 2731 2211 secatur
2755 2200 2770 2225 ,
2805 2159 2855 2212 id
2887 2159 3085 2214 desinit
3113 2175 3233 2213 esse
3277 2158 3422 2228 quod
3454 2166 3608 2224 erat;

2033 2246 2079 2299 si
2103 2249 2404 2316 corporein
2453 2248 2816 2304 minutissima
2845 2266 3073 2320 quaeque
3110 2251 3317 2313 diviso,
3363 2250 3606 2320 qualitas

2038 2336 2224 2390 eadem
2263 2337 2569 2406 singulisin
2617 2341 2865 2409 partibus
2905 2343 3114 2411 integra
3153 2352 3499 2411 perseverat;
3531 2339 3609 2394 uti

2036 2433 2213 2486 mellis
2252 2432 2484 2488 dulcedo
2507 2473 2520 2497 ,
2554 2434 2724 2488 nibilo
2745 2435 2926 2489 minus
2947 2435 3189 2506 qualibet
3231 2435 3349 2504 ejus
3377 2435 3428 2488 in
3458 2444 3610 2503 parte

2031 2524 2260 2579 dulcedo
2287 2534 2414 2579 est:
2449 2534 2596 2579 certe
2643 2542 2742 2581 nec
2787 2527 3021 2582 dulcedo
3077 2527 3201 2592 illa,
3247 2543 3347 2581 nec
3399 2525 3609 2581 similes

2031 2618 2150 2672 alia:
2183 2621 2475 2687 qualitates
2507 2635 2736 2689 corpora
2769 2619 2988 2674 fuerint.
3021 2619 3224 2674 Deinde
3247 2662 3262 2686 ,
3293 2619 3339 2674 si
3377 2635 3607 2688 corpora

2031 2718 2216 2764 essent
2239 2708 2530 2766 facultates
2563 2712 2666 2766 illa:
2687 2753 2701 2776 ,
2728 2712 3054 2766 valentiores
3081 2713 3268 2782 utique
3318 2711 3608 2766 facultates

2031 2805 2266 2875 majori,
2320 2805 2703 2860 imbecilliores
2749 2805 2944 2858 minori
2999 2805 3140 2858 mole
3181 2804 3434 2874 praaditas
3486 2819 3608 2857 esse

2030 2907 2325 2969 oporteret.
2357 2897 2450 2953 Sin
2495 2907 2675 2954 autem
2698 2938 2713 2962 ,
2747 2907 2800 2952 et
2828 2906 2995 2951 vasta:
3032 2897 3194 2951 molis
3220 2896 3363 2949 vires
3395 2895 3605 2964 exigua:

2031 2999 2191 3058 sunt,
2224 3000 2278 3046 et
2303 2992 2620 3057 immensae,
2660 2991 2819 3046 molis
2872 2990 3223 3061 perexiguae;
3272 2988 3424 3042 alteri
3472 3003 3605 3042 sane

344 3082 504 3151 Μηδ’,
537 3084 638 3146 ὅτι,
671 3083 1039 3155 πνεύματοςῆ
1084 3086 1313 3156 αἵματος
1359 3085 1728 3148 ἀποστάντων,
1790 3084 1923 3137 ἁπο-

2033 3082 2105 3137 rei
2129 3099 2292 3152 quam
2318 3082 2677 3153 magnitudini
2705 3081 3003 3148 ,efliciendi
3039 3082 3127 3136 vis
3158 3080 3439 3134 tribuenda
3463 3079 3601 3133 erit:

346 3173 567 3244 Θνήσκει
592 3175 658 3228 τὰ
684 3176 820 3240 ζῶα,
850 3177 1135 3245 λεγόντων.
1171 3179 1244 3230 υύ
1271 3177 1378 3248 γὰρ
1403 3176 1547 3230 ἔστιν
1572 3177 1696 3230 ἄνευ
1725 3175 1927 3230 τούτων

345 3264 506 3329 εἶναι,
542 3267 650 3320 οὐδ’
683 3269 810 3322 ἄνευ
849 3269 1056 3321 πολλῶν
1084 3269 1277 3332 ἀλλων,
1309 3269 1428 3321 οὐδὲ
1471 3268 1536 3321 ἂν
1576 3269 1609 3338 ἡ
1637 3267 1780 3340 ψυχὴ
1813 3267 1921 3339 εἴη.

346 3357 454 3410 Καὶ
489 3357 592 3428 μὴν
641 3357 764 3410 οὔτε
788 3359 1004 3430 πνεῦμα
1028 3359 1114 3412 διὰ
1139 3360 1376 3422 πάντων,
1408 3357 1529 3412 οὔτε
1563 3353 1724 3429 αἷμα.

2033 3174 2106 3230 illi
2131 3189 2262 3244 ergo
2291 3181 2500 3228 tantum
2523 3190 2643 3243 qua:
2676 3171 3050 3240 magnitudine
3068 3179 3270 3224 careat.
3299 3167 3480 3235 Quid?
3504 3169 3607 3222 hoc

2028 3264 2206 3334 ipsum
2247 3264 2389 3333 quod
2437 3264 2619 3330 aiunt,
2658 3262 2901 3317 eamdem
2952 3261 3176 3315 omnino
3230 3261 3511 3314 materiam
3554 3266 3612 3312 et

2025 3372 2225 3426 corpus
2246 3371 2367 3411 esse
2388 3399 2402 3423 ,
2433 3365 2486 3411 et
2517 3355 2786 3424 susceptis
2822 3354 3016 3409 deinde
3040 3351 3393 3424 qualitatibus
3436 3351 3602 3404 divero

347 3453 560 3506 sitatem
596 3452 806 3508 efficere
830 3495 845 3521 ,
887 3469 1017 3508 num
1043 3454 1186 3508 elare
1217 3455 1350 3508 satis
1396 3452 1666 3515 ostendit,
1727 3467 1848 3522 quae
1893 3450 1961 3505 ad
2013 3450 2297 3504 materiam
2365 3449 2739 3512 accesserint,
2775 3463 2836 3501 ea
2865 3446 3140 3516 principes
3180 3446 3325 3512 ipsas
3368 3443 3611 3496 rationes

347 3557 402 3603 et
434 3565 664 3619 corpore
709 3559 958 3606 carentes
1010 3549 1175 3604 esse?
1217 3547 1401 3619 Neque
1443 3564 1576 3602 vero
1640 3547 1799 3603 nobis
1847 3545 2138 3615 objiciant,
2213 3545 2407 3616 spiritu
2468 3545 2803 3614 sanguineve
2839 3543 3090 3611 dilapso,
3117 3540 3420 3592 animantes
3472 3537 3608 3590 inle-

346 3641 478 3696 rire.
514 3637 664 3697 [licet
698 3644 841 3697 enim
877 3642 995 3696 sine
1025 3641 1132 3696 illis
1181 3657 1302 3696 esse
1345 3656 1454 3695 non
1508 3638 1757 3710 possint,
1805 3646 1948 3692 certe
1986 3653 2087 3691 nec
2137 3636 2255 3690 sine
2321 3634 2602 3703 permultis
2635 3633 2756 3688 aliis
2782 3675 2797 3698 ,
2826 3642 2885 3686 ut
2913 3633 3142 3701 ipsemet
3171 3629 3314 3684 adsit
3348 3628 3566 3682 animus
3589 3665 3608 3692 ,

345 3752 471 3793 esse
499 3753 607 3792 non
637 3747 883 3797 possunt.
912 3735 1232 3808 Quanquam
1282 3751 1381 3791 nec
1413 3737 1637 3806 spiritus
1697 3734 1833 3805 ipse,
1880 3747 1981 3787 nec
2010 3731 2272 3801 sanguis,
2314 3739 2494 3800 partes
2529 3744 2626 3799 per
2687 3742 2880 3782 omnes
2942 3741 3336 3796 usquequaque
3379 3723 3612 3778 diﬂ'usus

347 3836 451 3883 est.

427 3919 577 3971 ιἚτι
599 3919 655 3972 δὲ
686 3920 784 3988 (9.),
811 3922 856 3972 εἰ
885 3919 1042 3990 σῶμα
1064 3915 1196 3972 οὖσα
1235 3918 1435 3991 ἡψυχὴ
1461 3918 1640 3990 διῆλθε
1670 3918 1760 3972 διὰ
1790 3934 1926 3970 παν-

347 4010 462 4073 τὸς,
487 4012 590 4063 κᾶν
622 4011 883 4082 κραθεῖσα
913 4011 1020 4082 εἴη,
1052 4012 1110 4064 ὃν
1135 4012 1335 4082 τρόπον
1364 4014 1476 4075 τοῖς
1503 4011 1680 4073 ἀλλοις
1710 4009 1784 4081 (5)
1816 4007 1923 4060 σώ-

354 4120 520 4175 μασιν
551 4106 583 4173 ἡ
617 4105 830 4173 κρᾶσις.
857 4105 920 4156 Εἰ
947 4103 1054 4174 δὲή
1087 4103 1196 4156 τῶν
1221 4103 1488 4174 σωμάτων
1523 4103 1740 4175 κρᾶσις,
1774 4100 1926 4153 οὐδὲν

350 4195 600 4266 ἐνεργείᾳ
627 4195 850 4246 εἰσεῖναι
882 4193 956 4264 (4)
980 4195 1087 4246 τῶν
1117 4194 1448 4266 κραθέντωνο
1481 4194 1587 4248 οὐδ’
1615 4193 1680 4248 ἂν
1718 4195 1751 4264 ἡ
1781 4191 1928 4262 ψυχὴ

350 4282 432 4337 ἔτι
453 4282 698 4353 ἐνεργείᾳ
723 4282 868 4351 ἐνείη
900 4285 1012 4346 τοῖς
1041 4283 1305 4354 σώμασιν,
1331 4285 1464 4337 ἀλλά
1491 4284 1716 4354 δυνάμει
1749 4283 1927 4354 μόνον,

351 4375 664 4430 ἀπολέσασα
690 4375 750 4428 τὸ
775 4371 911 4428 εἶναι
933 4375 1097 4447 ψυχή.
1123 4378 1333 4450 Ὥσπερ
1352 4380 1398 4430 εἰ
1420 4377 1590 4445 γλυκὺ
1622 4379 1712 4431 καὶ
1737 4377 1930 4447 πικρὸν

2108 3931 2126 3963 r
2157 3911 2276 3966 Jam
2300 3925 2460 3971 vero,
2493 3907 2538 3962 si
2565 3921 2858 3976 corporeus
2920 3904 3138 3958 animus
3182 3911 3355 3956 totum
3408 3916 3609 3971 corpus

2031 4004 2272 4073 undique
2303 4002 2651 4072 pervaderet,
2676 4015 2795 4054 cum
2825 4012 2890 4050 eo
2924 3997 3149 4066 proinde
3188 3995 3482 4065 permistus
3521 4009 3609 4048 es-

2032 4105 2151 4160 set,
2189 4095 2464 4166 quomodo
2529 4093 2738 4147 caeteris
2789 4092 2840 4145 in
2891 4090 3217 4159 corporibus
3266 4087 3447 4141 Inistio
3493 4086 3609 4139 fieri

2032 4189 2332 4245 consuevit.
2359 4186 2573 4252 Quare,
2609 4201 2731 4239 cum
2773 4181 3040 4253 ejusmodi
3081 4194 3372 4248 corporum
3423 4177 3612 4230 mistio

2034 4283 2137 4344 sit,
2172 4289 2232 4334 ut
2263 4295 2330 4334 ex
2383 4279 2449 4333 iis
2475 4293 2596 4348 qua:
2635 4279 2922 4333 commista
2963 4286 3123 4340 sunt,
3157 4277 3360 4330 nullum
3417 4287 3608 4340 reapse

2035 4381 2397 4444 permaneat;
2436 4387 2502 4424 ne
2543 4371 2758 4424 anirnns
2785 4370 3002 4440 quidem
3039 4384 3226 4438 reapse
3273 4369 3324 4419 in
3360 4363 3606 4432 corpori-

353 4469 680 4540 κραθείη,τὸ
715 4469 884 4536 γλυκὺ
904 4469 1004 4522 οὐκ
1031 4469 1196 4522 ἐστιν·
1240 4472 1339 4523 οὐκ
1377 4471 1482 4540 ἄρα
1511 4470 1702 4540 ἔχομεν
1729 4469 1927 4539 ψυχήν.

2037 4465 2136 4518 bus
2165 4506 2178 4529 ,
2214 4463 2307 4518 sed
2328 4462 2524 4516 virtute
2549 4470 2757 4514 tantum
2783 4461 3016 4526 inesset,
3042 4459 3318 4526 animique
3355 4467 3606 4510 naturam

355 4564 428 4616 Τὸ
452 4564 506 4615 δὲ
538 4562 603 4634 δὴ
659 4564 817 4634 σῶμα
843 4564 902 4617 ὃν
936 4563 1147 4635 σώματι
1188 4563 1508 4635 κεκρᾶσθαι,
1540 4563 1658 4616 ὅλον
1685 4563 1749 4615 δι’
1783 4563 1926 4626 ὅλου,

352 4657 427 4720 ὠς
455 4657 588 4708 ὅπου
614 4655 679 4708 ἂν
773 4656 1019 4727 θάτερον,
1079 4653 1218 4709 εἶναι
1244 4651 1362 4708 ἴσον
1389 4655 1551 4723 ὃγκον
1584 4657 1926 4725 ἀμφοτέρων,

355 4754 446 4805 καὶ
477 4752 539 4804 τὸ
573 4753 680 4805 πᾶν
710 4751 1068 4821 κατεχόντων,
1125 4750 1219 4804 καὶ
1270 4749 1540 4820 μηδεμίαν
1593 4747 1816 4820 αὔξησιν
1840 4767 1931 4818 γε-

353 4844 563 4912 γονέναι
591 4843 1024 4914 ἐπεμϐληοέντος
1047 4842 1140 4896 τοῦ
1194 4843 1400 4913 ἐτέρου,
1453 4843 1601 4896 οὐδὲν
1652 4842 1928 4912 ἀπολείψει

352 4936 382 4989 ὃ
416 4936 491 5008 μὴ
513 4934 674 5008 τέμῃ.
706 4935 778 4988 Οὐ
805 4934 913 5004 γὰρ
960 4934 1098 4987 κατά
1134 4934 1342 5004 μεγάλα
1394 4937 1534 5006 μέρη
1580 4933 1858 5005 παραλλὰξ
1895 4935 1928 5004 ή

428 5111 539 5182 (94)
579 5111 938 5186 Ἀσωμτὶζρις
984 5112 1186 5186 ταῦτα.
1223 5113 1282 5166 Et
1335 5115 1472 5167 lianc
1517 5125 1801 5186 utramque
1832 5132 1929 5171 vo-

356 5200 471 5238 cem
503 5185 691 5236 eodem
725 5200 786 5237 ex
823 5183 1052 5237 Montae.
1089 5185 1414 5238 addidimus.

428 5253 537 5320 (95)
571 5254 711 5320 Περὶ
739 5253 967 5322 ψυχή-ν.
1002 5254 1077 5306 Ex
1109 5255 1294 5308 eodem
1331 5257 1592 5310 additum.

427 5325 534 5392 (96)
567 5327 624 5377 Ἃ
653 5325 918 5378 δύναται.
956 5324 1030 5376 Ex
1066 5324 1274 5378 eodem.

427 5393 536 5464 (97)
573 5394 730 5449 Forte
759 5395 854 5447 καὶ
884 5396 1010 5464 γάρ.

426 5465 538 5533 (98)
570 5464 729 5519 Forte
756 5465 925 5517 ποιόν.

450 5535 540 5602 99)
572 5535 731 5589 Forte
759 5539 827 5589 oi.

427 5539 540 5669 (99)
572 5539 731 5589 Forte
759 5539 827 5589 oi.

455 5606 502 5669 l)
537 5604 759 5661 Οὖσαν.
794 5605 1100 5674 Legendum
1134 5604 1292 5660 εἶναι.

427 5677 502 5742 (9.)
539 5679 659 5749 ’ξΙςτι
690 5676 775 5738 δέ,
807 5700 819 5723 ο
841 5687 908 5749 te.
949 5677 1086 5749 Ante
1120 5678 1396 5745 legebatur
1420 5678 1564 5748 ιζυγὴ
1592 5680 1645 5732 δὲ
1687 5683 1730 5732 εἷ
1769 5680 1922 5749 σῶμα

355 5743 507 5800 οὖσα.
549 5747 804 5808 Μυυῖιιικ,
845 5747 988 5818 ψυχὴ
1034 5747 1086 5798 δὲ
1139 5743 1213 5800 ἔτι
1255 5751 1306 5800 εἴ
1334 5743 1442 5801 σουξ
1492 5743 1616 5804 Milti
1647 5751 1702 5803 τὸ
1739 5751 1812 5802 ἔτι
1842 5743 1918 5814 δέ,

2033 4565 2086 4609 ct
2143 4555 2405 4609 rationem
2464 4553 2738 4607 amitteret
2799 4571 2812 4606 :
2872 4550 3330 4622 quemadmodum
3381 4549 3426 4602 si
3481 4563 3605 4601 cum

2032 4648 2226 4702 acerbo
2260 4647 2417 4701 dulce
2440 4645 2760 4700 misceretur
2782 4687 2796 4709 ,
2830 4645 2989 4698 dulce
3016 4643 3252 4712 amplius
3276 4657 3382 4694 non
3419 4648 3564 4694 esset
3589 4657 3603 4692 :

2032 4740 2102 4793 ita
2137 4737 2340 4791 nullum
2367 4738 2480 4806 jam
2517 4736 2760 4789 animum
2789 4734 3136 4787 haberemus.
3195 4729 3488 4783 Enimvero
3509 4769 3524 4794 ,
3557 4728 3604 4781 si

2030 4847 2230 4900 corpus
2254 4845 2376 4883 cum
2403 4843 2660 4897 corpore,
2685 4838 2855 4880 torum
2889 4840 3012 4879 cum
3046 4832 3158 4877 toto
3183 4823 3496 4885 misceatur,
3529 4819 3604 4874 ita

2031 4932 2090 4976 ut
2123 4921 2432 4991 ubicunque
2461 4920 2781 4974 alterutrum
2801 4917 2923 4983 erit,
2955 4914 3154 4969 ibidem
3184 4912 3468 4967 amborum
3493 4917 3612 4964 toto

2029 5123 2314 5192 probatum
2366 5129 2450 5175 est
2500 5119 2706 5192 ε-ψυχή
2763 5117 3062 5192 abundare
3094 5117 3301 5192 visum,
3357 5114 3613 5192 sequitur

2027 5185 2170 5246 enim
2215 5208 2280 5245 ex
2319 5193 2509 5246 eodem
2545 5185 2736 5252 Monii,
2772 5191 2804 5258 ή
2849 5188 2993 5258 ψυχὴ
3039 5186 3242 5258 διῆλθε,
3274 5201 3395 5257 quae
3441 5185 3605 5240 verba

2027 5265 2246 5316 deerant
2285 5263 2338 5314 in
2371 5261 2537 5331 priori
2568 5259 2826 5331 editione.

2099 5334 2173 5400 (5)
2217 5332 2343 5397 Τοῖς
2371 5326 2606 5395 ἄλλοις.
2639 5330 2891 5383 Additum
2920 5345 2984 5382 ex
3008 5329 3206 5400 eodem
3227 5326 3458 5400 Montac.

2097 5395 2171 5474 (4)
2207 5395 2396 5455 Οὐδὲν
2425 5400 2997 5474 ἐνεργείᾳεὶσεῖναι1
3036 5399 3090 5452 In
3130 5399 3296 5474 priori
3331 5397 3460 5474 edit.
3504 5395 3603 5474 de:

2026 5465 2176 5527 erant
2211 5475 2322 5527 haec
2366 5465 2614 5542 ἐνεργείᾳ
2661 5465 2920 5542 εἰσεῖναιη
2950 5465 3180 5524 Montac.
3216 5465 3606 5542 ΔΙιξςιξικιιηούδὲ

2026 5546 2272 5616 ἐνέργεια
2313 5538 2554 5597 εἰσείναι.
2591 5538 2812 5616 (Σοί-νεξδί
2841 5540 2988 5616 asas»
3015 5538 3480 5616 évspysia,_dandi
3507 5551 3606 5591 ca-

2025 5610 2372 5668 suCVerburn
2426 5616 2648 5666 εἰσεῐναι
2685 5612 2900 5664 retineri
2941 5610 3149 5677 potest;
3182 5610 3394 5664 mallem
3421 5619 3601 5662 tamen

2025 5687 2240 5749 ἐνεῖναι,
2278 5697 2331 5739 ut
2369 5685 2526 5752 paulo
2552 5692 2690 5753 post,
2730 5682 2871 5750 ἐνείη
2918 5685 3025 5745 τοῖς
3059 5681 3218 5752 σιῖιμ.,
3254 5697 3358 5734 non
3407 5677 3601 5746 είσείη.
