4034 7376
488 366 620 421 15⁸11
1127 361 1391 417 EUSEBII
1418 361 1911 447 ‘CIESARlEiVSlS
1949 361 2098 418 OPP.
2142 360 2328 415 PARS
2366 359 2431 416 ll.
2458 352 2542 402 7——
2579 357 3091 416 APOLOGETICA.
3642 355 3763 414 1δή

488 478 580 531 illo
606 478 783 547 spatio
800 477 1123 534 diﬁ‘usorum
1151 477 1376 548 :equalis
1394 479 1563 534 moles
1590 481 1837 547 exsistat,
1861 495 1961 535 nec
1983 480 2059 534 ul-

2170 476 2552 549 κρᾶσις(οῦτω
2579 476 2688 549 γάρ
2734 474 3208 547 φασι-παράθεσιν
3253 470 3545 539 laceretur
3599 471 3763 541 διελη-

490 573 602 628 lum
636 573 1026 627 incrementum
1062 589 1127 627 ex
1158 573 1380 629 alterius
1409 573 1723 631 accessione
1758 588 2059 642 consequa-

2173 569 2319 633 luebg
2348 569 2405 622 δέ
2425 569 2512 624 διά
2542 569 2762 632 παντὸς,
2812 570 2873 623 τὸ
2904 567 3259 641 ἐπεμδληθέν
3286 563 3387 618 ἐπὶ
3416 562 3766 636 σμικρότερον

492 675 611 718 tttr:
635 664 770 718 nihil
803 664 871 718 ab
899 680 965 718 eo
984 665 1126 734 quod
1148 680 1256 719 non
1288 673 1434 721 secet
1460 680 1524 720 ac
1543 665 1768 732 dividat,
1785 665 2062 735 relinque-

2182 662 2319 732 ὅπερ
2339 661 2616 724 ἀδύνατον,
2636 661 2697 714 τὸ
2718 661 2935 715 ἔλαττον
2965 662 3079 715 ἴσον
3104 659 3384 731 γενέσθαι
3416 656 3499 727 τῷ
3525 656 3765 724 μείζονι)·

490 767 596 809 tur.
633 753 744 809 Nec
775 756 919 809 enim
956 756 1010 809 in
1045 755 1347 824 majoribus
1370 755 1634 810 duntaxat
1664 755 1911 825 partibus
1932 795 1946 819 ,
1979 754 2063 809 al-

2183 754 2274 806 ιλλ’
2300 750 2391 807 οὖν
2415 752 2745 823 διεληλυθδς,
2782 755 2890 807 πᾶν
2919 754 3105 826 τέμνει
3152 751 3315 806 κατὰ
3356 751 3493 804 πᾶν.
3543 748 3776 820 Ἀνάγκη

488 859 641 901 terna
674 848 909 915 quadam
960 847 1340 903 vicissitudine
1387 848 1569 903 mistio
1625 848 1684 902 tit
1741 847 1872 918 (sic
1913 848 2058 901 enim

2176 846 2340 900 τοίνυν
2372 848 2421 899 εἰ
2444 846 2565 899 καθ’
2592 845 2771 900 ὁτιοῦν
2802 850 3049 918 σημεῖον,
3088 847 3181 899 καὶ
3244 843 3329 915 μὴ
3375 842 3587 913 μεταξὺ
3624 842 3769 912 σῶμα

488 937 892 1006 adjnnetionem
926 939 1107 1008 potius
1137 938 1374 994 futuram
1404 939 1570 1011 aient)
1602 955 1617 991 :
1644 939 1739 993 sed
1780 948 1953 994 totum
1983 939 2063 993 al-

2174 939 2366 992 ἕσταιδ
2400 940 2475 1010 μὴ
2504 938 2788 1008 τέτμηται,
2834 940 2914 1002 εἰς
2969 942 3169 1009 σημεῖα
3231 938 3344 1009 τὴν
3407 934 3675 1006 διαίβσιν
3714 937 3767 989 οὐ

491 1039 667 1084 terum
721 1045 1049 1099 permeans,
1076 1032 1254 1102 majus
1304 1032 1429 1088 licet
1474 1032 1730 1102 injectum
1771 1031 1826 1086 in
1880 1031 2063 1087 minus

2178 1031 2420 1102 πώματος
2462 1032 2766 1100 γεγονέναι,
2810 1031 2948 1102 ὅπερ
2972 1031 3266 1085 ἀδύνατον.
3308 1030 3414 1092 Et;
3441 1027 3505 1080 δὲ
3556 1028 3771 1099 ἄπειρον

490 1121 659 1192 (quod
699 1122 919 1193 quidem
967 1123 1082 1178 ﬁeri
1116 1140 1225 1179 non
1265 1134 1475 1195 potest,
1533 1133 1593 1179 ut
1645 1123 1828 1179 minus
1857 1123 2064 1193 mquale

2181 1125 2264 1195 τῆς
2289 1124 2463 1194 τομῆς
2511 1122 2677 1194 οῦσης
2715 1122 2761 1193 (ὃ
2794 1123 2904 1195 γάρ
2937 1122 3003 1176 ἂν
3034 1122 3209 1194 λάϐῃς
3268 1121 3470 1190 σῶμα,
3517 1119 3774 1189 διαίρετόν

493 1212 689 1282 majori
725 1213 874 1283 ﬁat);
909 1216 1003 1270 sed
1038 1231 1329 1287 permeans
1381 1225 1598 1283 tamen,
1645 1224 1821 1271 totum
1866 1216 2069 1285 ubique

2178 1216 2329 1283 ἐστι),
2353 1215 2413 1267 οὐ
2434 1213 2660 1285 δυνάμει
2698 1214 2877 1285 μόνον,
2904 1214 3152 1286 ἐνεργείᾳ
3175 1213 3240 1267 δέ
3274 1212 3351 1265 τὰ
3375 1210 3589 1280 ἄπειρα
3612 1210 3771 1266 ἔσται.

498 1314 666 1360 secat.
700 1306 887 1376 Itaque
912 1323 1135 1365 necesse
1162 1318 1283 1377 est,
1324 1310 1370 1365 si
1421 1310 1525 1365 hoc
1569 1311 1750 1380 ipsum
1780 1309 1976 1380 quovis
2008 1308 2066 1362 in

2187 1311 2244 1364 )6
2277 1308 2453 1363 τοίνυν
2480 1307 2599 1361 ὅλον
2622 1308 2687 1361 δι’
2717 1308 2839 1360 ὅλου
2890 1310 3087 1379 χωρεῖν
3144 1305 3391 1360 δυνατὸν
3435 1303 3500 1355 τὸ
3530 1303 3704 1374 σῶμα·
3746 1305 3780 1375 ἡ·

495 1409 697 1467 puncto
728 1399 850 1469 ﬁet,
879 1417 980 1456 nec
1026 1402 1264 1457 medium
1318 1419 1518 1474 corpus
1563 1405 1733 1459 ullum
1787 1403 1892 1458 erit
1920 1402 2067 1472 quod

1664 1420 1733 1458 Im
1787 1403 1892 1458 erit
1920 1402 2067 1472 quod
2170 1403 2227 1457 δὲ
2255 1402 2403 1474 ψυχὴ
2430 1401 2495 1455 δι’
2524 1401 2661 1454 ὅλων
2683 1400 2780 1471 (5)·
2809 1399 3099 1471 ἀσώματος
3123 1400 3257 1471 ἄρα.

498 1509 607 1548 non
639 1502 881 1563 secetur;
920 1504 977 1550 ut
1010 1496 1063 1549 in
1088 1507 1290 1566 puncta
1342 1512 1542 1567 corpus
1581 1498 1850 1568 integrum
1900 1494 2177 1551 dividatur
2201 1536 2219 1562 ,
2268 1495 2414 1566 quod
2442 1494 2558 1549 ﬁeri
2615 1494 2770 1549 nullo
2797 1493 2958 1549 modo
3009 1502 3206 1564 potest.
3261 1490 3371 1546 Sin
3401 1499 3594 1545 autem
3650 1490 3791 1543 divi~

495 1589 667 1644 sionis
702 1589 848 1645 illius
876 1590 1087 1645 inﬁnita
1113 1592 1254 1647 ratio
1301 1591 1484 1648 futura
1546 1602 1630 1648 est
1672 1592 2055 1663 (quodcunque
2103 1591 2249 1647 enim
2298 1606 2498 1660 corpus
2534 1590 2842 1660 acceperis,
2903 1589 3187 1644 dividuum
3226 1602 3472 1657 semper
3510 1585 3776 1655 est)-,tum

493 1700 623 1739 vero
654 1702 762 1741 non
816 1691 1014 1742 virtute
1045 1688 1344 1754 duntaxat,
1389 1688 1482 1744 sed
1538 1688 1703 1744 etiam
1768 1703 1959 1758 reapse
2013 1688 2225 1742 inﬁnita
2285 1696 2466 1741 erunt.
2510 1684 2712 1740 Totum
2776 1701 2908 1755 ergo
2952 1700 3151 1754 corpus
3202 1690 3417 1737 totum.
3468 1679 3627 1733 aliud
3668 1694 3781 1748 per-

495 1797 676 1838 meare
705 1798 811 1837 non
843 1793 1044 1854 potest.
1084 1785 1249 1855 Atqui
1300 1794 1473 1840 totum
1508 1784 1727 1839 animus
1778 1792 2023 1854 permeat
2055 1801 2070 1837 :
2112 1797 2343 1853 corpore
2373 1796 2502 1853 ergo
2534 1790 2684 1837 caret
2710 1781 2946 1835 animus.

563 1994 729 2067 834
761 2014 778 2046 ‹
820 1993 977 2060 Quod
1028 2002 1206 2047 autem
1236 1993 1471 2063 priorem
1506 1992 1653 2046 illam
1686 1991 1858 2062 ipsius
1907 1998 2066 2045 natu-
2095 1995 2139 2051 Β

2242 1986 2346 2040 «Τὸ
2383 1987 2441 2041 δὲ
2479 1987 2570 2039 καὶ
2592 1985 2751 2055 φύσει
2778 1986 2874 2056 μὲν
2891 1984 2969 2057 (6)
2994 1985 3270 2058 προτέραν
3298 1984 3369 2038 τὸ
3401 1986 3542 2039 αὐτὸ
3574 1989 3792 2059 πνεῦμα-

501 2106 616 2144 ram
644 2129 657 2151 ,
688 2086 937 2157 spiritum
972 2086 1189 2155 proprie
1227 2100 1291 2139 ac
1312 2084 1665 2154 peculiariter
1690 2099 1813 2139 esse
1839 2083 2028 2138 dicunt
2051 2125 2066 2149 ,

2184 2078 2371 2146 λέγειν’
2400 2080 2458 2130 ἐν
2485 2076 2540 2130 δὲ
2568 2075 2762 2148 ψυχρῷ
2791 2077 3092 2148 γενομένην
3117 2079 3213 2131 καὶ
3240 2077 3666 2147 στομωθεῖσαν,
3683 2081 3777 2149 ψυ-

502 2196 623 2251 qua:
648 2177 859 2249 ψυχρῷ,
892 2180 995 2232 hoc
1029 2185 1112 2231 est
1151 2175 1346 2247 frigido
1389 2177 1442 2230 in
1479 2177 1600 2231 loco
1649 2176 1830 2246 posita
1854 2216 1868 2240 ,
1907 2185 2070 2241 atque

2181 2170 2271 2242 χὴν
2316 2169 2593 2239 γίνεσθαι,
2670 2168 3000 2240 λεπτοτέραν
3055 2171 3114 2222 ἐν
3173 2170 3383 2242 ψυχρῷ
3465 2172 3774 2242 γενομένην·

500 2274 673 2329 aciem
699 2273 887 2341 adepta
918 2270 1181 2339 majorem
1204 2268 1405 2341 ,ψυχὴ,
1438 2268 1542 2322 hoc
1571 2278 1653 2323 est
1681 2268 1897 2323 animus
1918 2308 1932 2331 ,
1969 2267 2070 2322 fri-

2184 2263 2266 2315 b'o‘l.
2296 2263 2370 2333 (7)
2400 2263 2494 2315 καὶ
2526 2262 2657 2315 αὐτὸ
2698 2262 2915 2315 ἄτοπον·
2960 2261 3131 2314 πολλὰ
3162 2262 3273 2334 γὰρ
3332 2261 3459 2327 ζῶα
3509 2267 3568 2317 ἐν
3600 2263 3777 2335 θερμῷ

498 2366 650 2439 goris
683 2365 733 2418 vi
773 2363 988 2417 tenuior
1018 2362 1380 2431 subtiliorque
1404 2360 1579 2417 factus
1600 2361 1827 2428 evadat;
1866 2361 1967 2416 hoc
1992 2362 2074 2430 ip-

2180 2354 2437 2423 γίνεσθαι,
2472 2355 2566 2408 καὶ
2603 2354 2780 2426 ψυχὴν
2837 2353 2952 2424 ἔχει
2990 2356 3050 2408 οὐ
3103 2355 3438 2426 ψυχθεῖσοιν.
3494 2357 3649 2422 ,’Λλλ⁹
3691 2354 3773 2412 οὖν

500 2475 621 2513 sum
653 2457 869 2526 quidem
900 2455 1197 2509 absurdum
1223 2462 1337 2510 est.
1369 2469 1493 2508 cum
1520 2453 1793 2523 pleracque
1816 2454 2071 2508 animan-

2182 2447 2302 2515 φασί
2331 2464 2395 2515 γε
2428 2445 2701 2518 προτέραν
2732 2445 2893 2515 φύσιν
2921 2445 3099 2516 ψυχῆς
3136 2443 3281 2500 εἶναι
3308 2446 3465 2500 κατὰ
3500 2449 3775 2519 συντυχίας

503 2558 584 2604 tes
622 2558 676 2602 et
705 2547 898 2602 calidis
932 2553 1231 2601 nascantur
1264 2544 1319 2597 in
1371 2543 1541 2607 locis,
1581 2552 1634 2598 et
1691 2545 1933 2597 animum
1977 2544 2072 2598 ha-

2180 2540 2270 2603 τὰς
2302 2538 2405 2606 ἔξω
2432 2539 2743 2609 γινομένην.
2806 2538 3109 2608 Συμδαίνει
3137 2534 3231 2592 οὖν
3280 2540 3487 2603 αὐτοῖς
3516 2541 3577 2593 τὸ
3608 2544 3773 2611 χεῖρον

502 2640 664 2694 beant
696 2636 1005 2707 hujusmodi
1053 2633 1467 2705 refrigeratione
1520 2642 1815 2689 carentem.
1845 2634 1911 2687 At
1934 2634 2076 2704 prio-

2179 2630 2389 2703 πρῶτον
2412 2631 2603 2692 ποιεῖν,
2626 2628 2721 2682 καὶ
2760 2628 2867 2701 πρὸ
2899 2628 3088 2681 τούτου
3120 2627 3247 2682 ἄλλο
3303 2628 3567 2692 ἔλαττον,
3598 2632 3661 2701 ἢν
3692 2631 3772 2684 λέο

504 2746 620 2783 rcm
662 2741 878 2797 quoque
913 2726 1081 2780 animi
1126 2734 1377 2779 naturam
1400 2766 1414 2788 ,
1444 2739 1510 2778 ex
1564 2723 1852 2793 multiplici
1889 2740 2070 2778 rerum

2178 2738 2359 2789 γουσιν
2384 2720 2516 2784 ἕξιν.
2557 2720 2615 2773 '0
2647 2720 2704 2773 δέ
2732 2720 2857 2782 νοῦς
2891 2719 3139 2783 ὕστατος,
3180 2721 3289 2773 ἀπὸ
3333 2723 3443 2792 τῆς
3473 2722 3656 2792 ψυχῆς
3685 2723 3771 2795 δη-

501 2829 848 2876 cxternarum
881 2834 1010 2873 casu
1054 2817 1316 2873 exsistere
1356 2832 1419 2870 ac
1446 2817 1681 2886 pendere
1728 2817 1939 2871 volunt.
1992 2816 2072 2871 llli

2177 2815 2349 2868 λονότι
2368 2814 2677 2885 γενόμενος·
2736 2813 2769 2883 ἢ
2826 2813 2876 2864 εἰ
2934 2813 3039 2883 πρὸ
3093 2814 3313 2867 πάντων
3376 2814 3533 2877 νοῦς,
3586 2813 3770 2885 ἐφεξῆς

503 2928 634 2985 ergo
665 2912 811 2983 quod
839 2911 1077 2966 deterius
1113 2919 1235 2975 est,
1282 2910 1333 2962 id
1390 2909 1624 2978 primum
1674 2909 1919 2976 faciunt,
1965 2925 2075 2979 quo

2178 2908 2283 2961 ἔδει
2309 2908 2484 2979 ψυχὴν
2528 2909 2737 2970 ποιεῖν,
2782 2901 2899 2958 εἶτα
2929 2904 3109 2975 φύσιν·
3144 2907 3237 2958 καὶ
3294 2908 3415 2960 αἰεὶ
3468 2907 3533 2959 τὸ
3561 2906 3770 2979 ὕστερον

506 3008 626 3077 ipso
646 3014 901 3076 praeterea
933 3002 1193 3072 quiddam
1246 3001 1429 3067 aliud,
1483 3003 1664 3056 minus
1712 3002 1876 3067 licet,
1923 3002 2076 3070 prius

2177 3006 2377 3075 χεῖρον,
2409 3003 2566 3073 εἴπερ
2622 3002 2886 3071 πέφυκεν.
2918 3001 2981 3053 Ei
3032 2996 3127 3054 οὖν
3196 3002 3293 3055 καὶ
3337 3004 3369 3055 ὁ
3419 3002 3559 3065 Θεὸς
3600 3003 3768 3063 αὐτοῖς

505 3110 687 3154 tamen
720 3097 1092 3160 constituunt,
1117 3110 1278 3165 quem
1306 3094 1549 3149 habitum
1586 3094 1891 3148 nominant.
1926 3092 2077 3147 Mens

2180 3096 2323 3151 κατὰ
2348 3096 2436 3148 τὸν
2464 3094 2587 3148 νοῦν
2616 3094 2742 3147 ὔστε
2752 3111 2863 3165 ρος,
2886 3095 2978 3147 καὶ
2999 3095 3273 3165 γεννητὸς,
3302 3096 3401 3148 καὶ
3425 3095 3664 3148 ἐπακτὸν
3686 3096 3767 3145 τὸν

508 3202 688 3246 autem
719 3199 995 3261 postremo
1021 3189 1090 3242 ab
1129 3190 1197 3245 iis
1225 3189 1347 3245 loco
1382 3186 1707 3243 numeratur
1727 3231 1742 3255 ,
1793 3189 1861 3243 ab
1894 3188 2078 3243 animo

2180 3189 2304 3243 νοῦν
2330 3188 2489 3259 ἔχων,
2529 3187 2795 3258 ἐνδέχοιτο
2858 3188 2924 3242 ἂν
2983 3187 3118 3259 μηδέ
3167 3188 3372 3260 ψυχὴν,
3434 3189 3576 3260 μηδέ
3633 3187 3764 3248 νοῦν,

510 3285 721 3341 scilicet
767 3285 886 3353 ipso
922 3283 1184 3354 profecta.
1244 3280 1378 3337 Nam
1442 3281 1489 3336 si
1540 3281 1790 3350 princeps
1829 3281 2073 3335 omnium

2183 3282 2316 3354 μηδὲ
2343 3282 2474 3334 Θεὸν
2508 3278 2667 3335 εἶναι’
2698 3282 2747 3333 εἰ
2779 3280 2841 3333 τὸ
2885 3279 3111 3350 δυνάμει
3149 3280 3245 3353 (8),
3312 3281 3390 3352 μὴ
3437 3281 3593 3342 ὄντος
3645 3278 3766 3348 πρό-

508 3392 662 3432 mens
687 3377 904 3446 ponitur
933 3415 948 3439 ,
980 3375 1220 3430 secundo
1250 3375 1304 3428 in
1335 3372 1505 3444 gradu
1529 3372 1794 3437 animum,
1826 3379 2075 3425 naturam

2178 3392 2335 3448 τερον
2366 3373 2460 3427 τοῦ
2511 3373 2780 3445 ἐνεργείᾳ,
2809 3374 2906 3426 καὶ
2957 3374 3072 3440 νοῦ,
3114 3374 3343 3443 γένοιτο,
3371 3375 3503 3427 οὑδέ
3550 3372 3665 3443 ἥξει
3696 3372 3766 3433 εἰς

508 3469 746 3538 denique
780 3469 832 3521 in
862 3467 1022 3521 tertio
1059 3466 1327 3521 collocare
1348 3472 1627 3533 oporteat;
1661 3464 1845 3533 itaque
1868 3477 2080 3531 semper

2176 3470 2473 3540 ἐνέργειαν*
2520 3468 2572 3520 τί
2622 3466 2730 3538 γὰρ
2760 3466 2912 3519 ἔσται
2941 3465 3002 3518 τὸ
3061 3466 3213 3534 ἄγον,
3271 3466 3346 3537 μὴ
3396 3466 3556 3527 δντος
3590 3461 3765 3532 ἐτέρου

508 3559 655 3631 quod
682 3560 921 3614 deterius
956 3558 1045 3623 sit,
1084 3556 1283 3612 habere
1306 3556 1598 3624 posterius,
1622 3555 1666 3610 si
1690 3553 1911 3624 quidem
1932 3554 2079 3625 ejus-

2178 3561 2453 3632 παράὐτὸ
2488 3559 2790 3632 προτέρους
2817 3558 2942 3611 Είδ’
2983 3558 3143 3612 ἐαυτδ
3185 3558 3301 3623 ἄξει
3348 3561 3437 3622 εἰς
3472 3556 3761 3628 ἐνέργειαν,

512 3654 661 3710 modi
699 3662 885 3708 natum
908 3661 1012 3707 est.
1047 3650 1101 3705 Si
1131 3665 1260 3720 ergo
1299 3649 1439 3704 Deus
1462 3650 1576 3720 ipse
1606 3664 1859 3719 quoque,
1895 3664 1992 3719 pro
2015 3664 2081 3702 eo

2179 3654 2315 3723 ὅπερ
2342 3652 2563 3714 ἄτοπον,
2591 3651 2727 3705 ἀλλὰ
2758 3651 2956 3722 βλέπον
2985 3668 3049 3721 γε
3086 3652 3222 3723 πρός
3261 3670 3314 3707 τι
3362 3652 3511 3717 ἄξει,
3542 3652 3570 3704 δ
3598 3649 3656 3702 οὐ
3682 3648 3763 3699 δυ-

514 3760 577 3799 ac
613 3753 795 3798 mente
822 3743 1082 3813 praeditus
1111 3751 1226 3808 est,
1272 3743 1541 3813 posterior
1573 3741 1718 3797 idem
1758 3758 1823 3797 ac
1867 3742 2083 3812 genitus

2187 3746 2349 3816 νάμει
2380 3745 2477 3815 (9),
2514 3746 2765 3819 ἐνεργείᾳ
2796 3746 2853 3800 δὲ
2909 3744 3080 3800 ἔσται.
3139 3748 3331 3801 Καίτοι
3362 3749 3427 3801 τὸ
3469 3748 3559 3801 ἀεὶ
3598 3745 3759 3815 μένειν

516 3839 625 3900 sit,
656 3847 818 3907 atque
841 3836 1192 3891 adventitiam
1229 3844 1463 3890 mentem
1485 3835 1657 3904 ipsam
1688 3834 1926 3901 habeat;
1959 3850 2088 3889 con-

2189 3839 2249 3892 τὸ
2282 3840 2433 3902 αὐτὸ,
2466 3840 2622 3910 εἴπερ
2654 3838 2715 3892 τὸ
2738 3838 2962 3910 δυνάμει
2994 3838 3125 3906 ἕξει,
3174 3839 3293 3893 καθ’
3317 3840 3486 3893 ἑαυτὸ
3519 3840 3599 3901 είς
3629 3835 3761 3905 ἐνέρο

516 3932 661 3987 cludi
696 3931 836 3986 forte
857 3931 1059 4001 possit,
1098 3945 1273 3999 neque
1308 3929 1553 3983 animum
1575 3968 1591 3991 ,
1621 3943 1797 3998 neque
1824 3938 2083 3990 mentem,

2192 3949 2345 4001 γειαν
2374 3932 2514 4002 ἥξει,
2542 3934 2635 3985 καὶ
2663 3931 2817 3985 τοῦτο
2860 3935 3104 4003 κρεῖττον
3146 3933 3297 3986 ἔσται
3328 3933 3426 3986 τοῦ
3457 3928 3756 4000 δυναμένου.

517 4040 694 4095 neque
738 4021 906 4078 Deum
957 4037 1099 4078 esse.
1146 4021 1439 4092 Nunquam
1490 4023 1637 4076 enim
1687 4021 1833 4092 quod
1892 4022 2091 4077 virtute

2185 4019 2295 4077 οἷον
2352 4025 2572 4096 ὀρεκτὸν
2617 4024 2677 4077 ὃν
2715 4024 2944 4078 ἐκείνου.
2994 4025 3265 4099 Πρότερον
3320 4027 3433 4097 ἄρα
3489 4026 3551 4078 τὸ
3601 4023 3759 4092 κρεῖτ-

519 4116 895 4172 tantummodo
923 4125 1034 4180 est,
1065 4116 1169 4171 nisi
1194 4116 1345 4185 prius
1372 4116 1422 4169 id
1452 4114 1616 4170 fuerit
1637 4157 1651 4182 ,
1673 4116 1817 4185 quod
1839 4125 1962 4169 actu
1994 4115 2086 4178 sit,

2184 4133 2275 4169 τον
2309 4116 2443 4185 (10),
2480 4118 2571 4171 καὶ
2619 4117 2814 4190 ἑτέραν
2842 4118 3002 4187 φύσιν
3042 4118 3164 4189 ἔχον
3198 4118 3471 4190 σώματος,
3509 4117 3601 4171 καὶ
3624 4117 3753 4184 ἐνερ-

519 4221 643 4266 actu
666 4211 783 4280 ipso
818 4209 1061 4263 futurum
1096 4216 1196 4262 est.
1224 4208 1394 4277 Cujus
1441 4207 1585 4261 enim
1628 4207 1680 4260 vi
1709 4208 1940 4262 exsistat
1989 4208 2088 4261 ali-

2185 4211 2308 4281 γείᾳ
2336 4209 2393 4263 ὃν
2414 4210 2518 4263 ἀεί·
2566 4210 2829 4282 πρότερον
2862 4209 2971 4282 ἄρα
3000 4211 3093 4263 καὶ
3124 4210 3268 4274 νοῦς,
3317 4212 3412 4264 καὶ
3436 4209 3617 4281 ψυχὴ,
3666 4202 3752 4273 (9'3-

518 4303 767 4374 quando,
795 4302 841 4357 si
877 4302 1025 4356 aliud
1053 4310 1247 4372 praeter
1302 4302 1479 4370 ipsum
1530 4300 1667 4355 nihil
1723 4316 1897 4371 eoque
1936 4301 2087 4371 prius

2186 4320 2344 4367 σεως.
2368 4305 2480 4356 Οὐκ
2507 4304 2613 4373 ἄρα
2644 4303 2787 4356 οὕτω
2832 4303 2977 4375 ψυχὴ
3004 4304 3080 4367 ὡς
3109 4303 3346 4374 πνεῦμα,
3369 4302 3574 4364 οὐδ’ὼς
3596 4298 3749 4367 σῶμα.

518 4395 722 4450 fuerit?
770 4395 863 4448 Sin
916 4402 1096 4447 autem
1149 4410 1208 4448 se
1256 4391 1525 4462 proferet,
1574 4392 1943 4463 producetque
1992 4410 2087 4464 per

2207 4396 2344 4449 Ἀλλ’
2369 4398 2448 4450 ὅτι
2481 4396 2578 4468 μὲν
2604 4398 2663 4449 οὐ
2697 4396 2876 4467 σῶμα,
2920 4395 3117 4465 λέγοιτ’
3154 4394 3241 4460 ἂν,
3292 4395 3386 4449 καὶ
3431 4395 3643 4448 εῖοτιται
3674 4388 3754 4441 καὶ

520 4503 642 4543 sese
671 4486 849 4558 (quod
886 4485 1061 4555 ipsum
1091 4495 1267 4539 tamen
1295 4483 1591 4538 absurdum
1615 4485 1727 4555 est)
1755 4525 1768 4549 ,
1792 4494 1937 4540 certe
1959 4487 2088 4540 dum

1621 4485 1727 4555 est)
1755 4525 1768 4549 ,
1792 4494 1937 4540 certe
1959 4487 2088 4540 dum
2126 4484 2168 4538 D
2192 4489 2368 4553 ἄλλοις
2399 4489 2584 4561 ἕτερα,
2618 4489 2777 4543 ἱκανὰ
2804 4489 2861 4542 δὲ
2896 4489 2988 4541 xal
3025 4488 3214 4542 ταῦτα.

527 4601 586 4640 se
632 4582 706 4637 ita
740 4582 1008 4653 proferet,
1075 4580 1277 4649 aliquid
1341 4581 1671 4646 intuebitur,
1710 4582 1856 4650 quod
1909 4598 2016 4635 non
2070 4584 2306 4650 virtute,
2348 4585 2440 4638 sed
2494 4592 2615 4639 actu
2667 4584 2793 4638 erit.
2846 4583 3215 4653 Quanquam,
3271 4584 3322 4639 id
3380 4582 3529 4653 quod
3578 4578 3755 4632 virtute

520 4687 637 4744 est,
671 4677 717 4732 si
771 4677 968 4731 habeat
1019 4677 1158 4730 idem
1216 4686 1274 4730 ut
1298 4676 1382 4730 sui
1422 4691 1634 4746 semper
1663 4676 1840 4731 simile
1883 4687 2132 4743 maneat,
2172 4681 2391 4735 exsistet
2419 4688 2544 4734 actu
2572 4695 2669 4750 per
2694 4695 2835 4742 sese,
2863 4689 3028 4750 atque
3060 4678 3113 4733 id
3137 4680 3242 4734 erit
3270 4679 3444 4735 solam
3470 4669 3749 4733 exsistendi

524 4780 843 4843 potestatem
893 4770 1123 4826 habente
1184 4769 1565 4841 praestantius,
1612 4785 1736 4824 cum
1814 4770 1882 4824 ab
1933 4770 2024 4824 illo
2058 4780 2365 4842 appetatur.
2434 4771 2650 4827 Maneat
2714 4773 2915 4842 igitur,
2962 4771 3115 4842 prius
3164 4771 3215 4825 id
3273 4786 3397 4826 esse
3442 4767 3587 4840 quod
3642 4769 3755 4835 ιπειῖ

525 4870 757 4925 stantius
780 4869 882 4933 sit,
919 4869 1155 4938 itemque
1188 4868 1333 4938 quod
1404 4867 1673 4923 diversam
1723 4883 1753 4922 a
1804 4882 2028 4937 corpore
2069 4879 2317 4924 naturam
2353 4870 2580 4935 habeat,
2645 4870 2900 4940 quodque
2929 4878 3052 4923 actu
3090 4883 3305 4936 semper
3343 4867 3589 4922 exsistat.
3643 4858 3752 4914 inde

523 4965 699 5030 enim,
723 4973 959 5019 mentem
992 4973 1046 5018 et
1065 4964 1338 5029 animum,
1370 4972 1561 5017 natura
1594 4964 1803 5032 priores
1858 4979 1999 5027 esse,
2056 4980 2157 5021 nec
2196 4966 2452 5035 spiritus,
2503 4975 2596 5020 aut
2628 4966 2877 5035 corporis
2929 4964 3163 5020 similem
3200 4964 3446 5018 animum
3488 4975 3607 5017 esse
3634 4970 3750 5012 eon-

527 5058 725 5114 ﬁcitur.
774 5056 839 5112 Et
871 5056 1089 5126 quidem
1136 5056 1201 5110 ad
1255 5056 1495 5109 animum
1558 5070 1834 5125 corporea:
1878 5066 2086 5112 natura:
2123 5058 2555 5124 subducendum,
2620 5060 2689 5113 ab
2749 5059 2873 5113 aliis
2906 5074 3031 5113 cum
3061 5066 3115 5112 et
3141 5054 3369 5126 proferri
3394 5056 3500 5110 alia
3524 5054 3749 5124 possunt.

528 5163 583 5209 et
612 5152 818 5223 prolata
850 5152 963 5221 jam
1000 5161 1161 5217 sunt,
1192 5160 1305 5204 tum
1336 5150 1450 5204 haec
1475 5166 1695 5220 quoque
1730 5161 1917 5208 nostra
1963 5155 2097 5209 satis
2136 5166 2314 5211 erunt.

604 5424 680 5495 (ὅ)
706 5419 869 5495 Forte
901 5419 1040 5495 ὅλου.
1104 5489 1120 5495 _
1297 5490 1308 5495 _
1479 5489 1489 5495 _
1515 5488 1527 5495 _
1753 5487 1764 5495 _
1948 5486 1960 5495 _
2210 5415 2473 5495 particula
2516 5416 2640 5495 γάρ.
2654 5415 2786 5469 nihil
2811 5428 2961 5495 _op_us
2991 5413 3110 5476 erit,
3147 5426 3246 5465 nec
3274 5409 3569 5479 quidquam
3600 5384 3750 5458 deeri‘

608 5486 684 5565 (6)
717 5493 899 5545 Φύσει
936 5489 1067 5559 μέν.
1102 5489 1407 5561 Legendum
1444 5488 1652 5543 videtur
1698 5487 1859 5556 φύσιν
1898 5486 2014 5557 μέν,
2047 5496 2106 5541 ιιι

612 5566 700 5608 nln
729 5572 849 5608 nnst
882 5561 1017 5608 linea
1050 5562 1097 5608 '7.

2212 5487 2276 5540 ad
2303 5486 2405 5540 loci
2438 5486 2604 5551 hujus
2630 5488 2739 5540 inte
2780 5487 3015 5538 ritatem.

2286 5557 2360 5608 (9)
2401 5558 2460 5608 "0
2487 5559 2557 5608 οὐ
2583 5556 2718 5608 δυν.
2742 5502 2826 5608 ita
2864 5563 3006 5608 recte
3035 5553 3266 5608 Montac.
3295 5550 3353 5604 ln
3383 5550 3551 5608 priori
3582 5542 3695 5600 edit.
3723 5535 3747 5589 ὅ

537 5543 700 5639 ροῖᾗξ)
729 5543 849 5639 ρρξι
882 5543 1018 5639 Ιξᾷεο
1050 5562 1105 5639 7._
1138 5543 1205 5639 ς’
1249 5543 1252 5544 ν
1289 5543 1298 5544 ί
1328 5631 1343 5639 _
1406 5631 1418 5639 _
1459 5630 1510 5639 __
1545 5629 1558 5639 _
1711 5543 1722 5556 ’
1898 5543 1941 5639 ’Δ
2003 5543 2014 5553 ’
2286 5557 2360 5639 (9)
2401 5558 2460 5639 ’ςο
2487 5543 2557 5611 ὁύ
2583 5556 2718 5613 δυν.
2744 5543 2826 5611 lta
2864 5563 3006 5608 recte
3035 5553 3266 5608 Montac.
3295 5550 3353 5604 ln
3383 5550 3551 5621 priori
3582 5543 3695 5600 edit.

611 5636 663 5704 (7
729 5626 867 5686 Ὧδί.
900 5630 1050 5697 Mss,
1083 5631 1110 5683 ὃ
1134 5632 1220 5702 δή,
1251 5631 1344 5685 sed
1372 5631 1431 5684 τὸ
1456 5630 1518 5700 δή
1545 5629 1701 5697 longe
1728 5636 1966 5698 praestat.

616 5634 694 5775 (8)
726 5704 793 5775 Ei
836 5702 899 5775 τὸ
935 5702 1201 5775 δυνάμει,
1246 5711 1352 5755 ete.
1404 5699 2028 5775 Legendunrexistinm,
2063 5696 2111 5775 εξ

1039 5675 1050 5697 ,
1083 5631 1110 5683 ὃ
1134 5632 1220 5702 δή,
1251 5631 1344 5685 sed
1372 5631 1431 5684 τὸ
1456 5630 1518 5700 δή
1545 5629 1701 5697 longe
1728 5636 1966 5698 praestat.
2214 5636 2267 5681 et
2299 5628 2358 5679 οὐ
2391 5626 2632 5681 deerant.

1039 5703 1201 5775 τίμα,
1246 5711 1352 5755 ete.
1404 5699 2028 5775 Legendunrexistinm,
2063 5696 2111 5775 εξ
2249 5768 2260 5775 _
2286 5698 2499 5775 (10)]’ὸ
2528 5715 2630 5766 κρε

716 5704 799 5784 Ἐξ
836 5702 899 5784 τι)
935 5688 1218 5784 δυνάμεις
1246 5711 1352 5755 ete.
1404 5688 2028 5784 Leg'endulm:‘existinip,
2063 5696 2111 5779 εξ

2249 5768 2260 5779 _
2285 5698 2395 5784 _(10)
2416 5698 2499 5784 Id
2528 5697 2812 5784 θιρεῖττον.
2847 5695 2969 5752 Haec
3003 5711 3175 5765 usque
3203 5694 3267 5749 ad
3298 5692 3356 5744 ὃν
3388 5691 3494 5758 άεί,
3520 5688 3745 5745 debentur

544 5766 649 5847 γὰρ
679 5766 741 5828 τὸ
771 5774 1015 5847 δυνάμει,
1051 5766 1099 5847 si
1138 5766 1548 5847 yévowo,_quod
1589 5771 1857 5847 sequitur,
1891 5768 2112 5847 retineri

1051 5766 1099 5847 si
1138 5766 1548 5847 yévowo,_quod
1589 5771 1857 5847 sequitur,
1891 5768 2112 5847 retineri
2216 5766 2388 5823 cidem
2416 5766 2643 5823 Montac.

544 5840 740 5917 placet.
788 5840 915 5909 Sin,
940 5844 1084 5913 quod
1137 5860 1235 5913 ego
1289 5843 1524 5907 mallem,
1575 5840 1783 5908 γένοιτο
1830 5840 2111 5903 delebitur,
