4090 6382
477 335 616 392 15ῗό

1108 332 1380 391 EUSEBII
1418 335 1618 391 CESA
1634 335 1905 391 RIENSIS
1936 334 2085 391 OPP.
2127 337 2305 392 PARS
2340 337 2404 393 ΙΙ.
2432 369 2493 380 --
2528 335 3019 393 APOLOGETICA.

3574 331 3707 387 i376

471 468 610 507 vana
643 452 923 506 numinum
973 452 1321 508 multitudine
1366 455 1742 518 narrationes,
1774 447 2040 526 speciosis

2165 459 2269 511 léou
2306 458 2513 527 πλάνης
2556 457 2862 527 διηγήσεις,
2913 453 3265 524 σεμνοτέραις
3318 452 3383 522 δὴ
3430 451 3526 504 καὶ
3555 467 3715 520 φυσι-

474 546 567 599 isti
608 544 1059 614 explicationibus
1089 545 1152 598 ad
1184 546 1446 600 elementa
1492 556 1546 602 et
1585 550 1690 602 alia
1724 548 1888 618 hujus
1917 550 2039 602 uni-

2141 552 2263 613 καίς
2295 548 2608 602 ἀποδόσεσιν
2647 549 2739 600 ἐπὶ
2766 546 2833 599 τὰ
2877 548 3111 617 στοιχεῖα
3148 546 3241 598 καὶ
3271 544 3343 597 τά
3371 543 3464 597 τοῦ
3514 542 3716 606 παντὸς

472 636 617 690 versi
649 636 887 689 membra
931 636 1346 690 transtulerunt.
1399 636 1580 703 Quare
1609 639 1751 693 factu
1782 639 1916 693 mihi
1948 655 2041 693 ne-

2165 639 2342 710 ιόσμου
2375 640 2533 711 μόρια
2569 638 2971 711 μετενηνόχασι.
2999 636 3088 690 Διό
3119 654 3206 707 μοι
3240 636 3529 704 ἀναγκαῖον
3577 629 3717 687 εἶναι

472 729 772 784 cessarium
806 729 1050 792 videtur,
1102 736 1163 781 ut
1210 730 1452 797 ipsorum
1486 730 1567 784 his
1597 731 1759 784 etiam
1787 731 1853 786 de
1880 731 2041 785 rebus

2165 733 2288 783 ἰοκεί
2315 731 2409 783 κα)⁵
2441 728 2537 794 τὰς
2576 730 2705 801 περὶ
2757 728 2924 782 τῶνδε
2974 726 3133 791 δόξας
3180 726 3315 798 ὁμοῦ
3370 726 3716 793 συναγαγεῖν,

474 821 757 890 opiniones
785 835 1168 889 congeramus,
1203 821 1478 891 simulque
1508 823 1755 888 dissidia,
1792 832 1847 876 et
1889 838 2045 876 arro-

2165 823 2242 886 τάς
2267 840 2322 875 τε
2348 822 2655 885 διαστάσεις
2684 823 2749 875 αὑ
2762 820 2884 883 τῶν,
2916 821 3008 873 καὶ
3047 819 3141 873 τοῦ
3193 818 3363 886 τύφου
3388 817 3449 869 τὸ
3490 816 3718 886 μάταιον

477 923 688 981 gantem
740 912 1022 966 hominum
1089 914 1379 968 vanitatem
1441 916 1663 985 pmpius
1711 915 2043 985 contemple-

477 1019 620 1057 mur.
678 1002 844 1072 836
903 1004 1166 1058 Caaterum
1219 1005 1320 1059 ista
1367 1020 1583 1075 quoque
1624 1022 1731 1060 non
1786 1006 2043 1070 aliunde,

478 1109 638 1162 quam
667 1109 731 1146 ex
756 1092 848 1146 illo
881 1093 1157 1148 Plutarchi
1189 1111 1351 1165 opere
1380 1097 1728 1163 hauriemus,
1771 1098 1859 1151 ubi
1887 1097 2048 1152 colle-

2146 913 2586 985 ὲπιθεωρεῖσθαι.
2625 914 2787 984 θὴσω
2814 913 2870 966 δὲ
2900 915 2992 966 καὶ
3013 912 3184 965 ταῦτα
3203 911 3310 964 ἀπὸ
3330 910 3433 979 τῆς
3450 907 3721 979 Πλουτάρ-

2145 1024 2241 1078 χου
2265 1007 2498 1078 γραφῆς,
2554 1008 2611 1058 ὲν
2660 998 2715 1079 ᾖ,
2750 1006 2846 1069 τὰς
2898 1004 3027 1075 περὶ
3078 1002 3279 1057 τούτων
3322 1002 3455 1073 ὁμοῦ
3501 999 3612 1054 τῶν
3655 1016 3718 1052 τε

2147 1098 2532 1169 πρεσϐυτέρων
2598 1100 2692 1151 καὶ
2739 1097 2873 1151 νέων
2935 1095 3091 1161 δόξας
3142 1093 3490 1162 συναγαγὼν,
3528 1090 3722 1144 τοῦτον

478 1197 596 1242 etas
623 1185 772 1241 hisce
798 1186 864 1239 de
892 1187 1055 1243 rebus
1078 1190 1449 1258 antiquiorum
1500 1205 1608 1244 una
1653 1189 2049 1244 recentiorum-

2165 1189 2346 1261 γράφει
2367 1187 2458 1241 τὸν
2479 1188 2698 1260 τρόπον.

480 1294 584 1348 quc
607 1277 908 1334 sententias
939 1277 1084 1332 hunc
1111 1279 1163 1331 in
1198 1281 1420 1335 modum
1451 1282 1693 1350 exponit.

1040 1370 1267 1425 CAPUT
1302 1371 1492 1428 XXIII.

554 1461 902 1515 Naturalium
936 1462 1362 1531 philosophorum
1394 1465 1665 1519 sententia:
1688 1505 1703 1527 ,
1752 1466 1816 1518 de
1850 1466 1978 1521 sole.

488 1544 501 1567 ¹
557 1569 574 1604 ι
611 1549 791 1605 Solem
843 1552 1249 1605 Anaximander
1292 1551 1556 1606 circulum
1611 1568 1730 1607 esse
1777 1552 1923 1618 vult,
1960 1551 2053 1621 qui

482 1650 640 1695 terra:
689 1642 1111 1709 magnitudinem
1170 1651 1293 1696 octo
1337 1657 1401 1695 ac
1456 1642 1642 1711 viginti
1688 1642 1935 1713 partibus
1965 1659 2057 1697 su-

483 1740 653 1802 peret,
692 1733 1019 1785 instructum
1066 1732 1241 1786 orbita
1278 1732 1409 1786 rotis
1462 1748 1719 1788 curruum
1769 1733 2053 1803 persimili,

2654 1381 3048 1436 ΚΕΦΑΛΑΙΟΝ
3083 1382 3205 1434 Kl".

2221 1476 2392 1542 Δόξαι
2432 1474 2551 1529 τῶν
2585 1474 2857 1544 φυσικῶν
2887 1476 3255 1544 φιλοσόφων,
3291 1470 3423 1539 περὶ
3449 1471 3646 1538 ἡλίου.

2228 1587 2246 1621 ι
2271 1569 2687 1643 Ἀναξίμανδρος
2718 1568 2850 1639 (‘20),
2877 1568 3073 1623 κύκλον
3102 1562 3241 1620 εἶναι
3264 1566 3731 1619 ὀκτωκαιεικοσα-

2155 1660 2417 1715 πλασίονα
2440 1660 2539 1730 τῆς
2560 1660 2683 1731 γῆς,
2703 1660 2981 1731 ἁρματείῳ
3007 1657 3186 1731 τροχῷ
3208 1656 3588 1729 παραπλήσιον
3621 1656 3728 1727 τὴν

2159 1754 2321 1824 ἁψῖδα
2344 1753 2551 1824 ἔχοντα,
2584 1752 2788 1823 κοίλην,
2816 1752 2993 1824 πλήρη
3018 1752 3208 1823 πυρὸς,
3227 1744 3295 1821 ἦς
3317 1750 3456 1804 κατά
3476 1766 3528 1803 τι
3556 1748 3728 1820 μέρος

484 1824 575 1877 sed
611 1838 741 1879 cava
769 1832 969 1885 tamen,
998 1824 1245 1893 ignisque
1280 1824 1472 1892 plena;
1502 1825 1594 1891 qui
1623 1802 1840 1894 quidem
1870 1826 2052 1896 aliqua

2709 1802 2941 1916 ⁷ἕντο
2961 1802 3034 1896 τὸ*
3044 1802 3056 1805 -
3066 1802 3207 1913 ,’
3236 1802 3386 1895 tit-arts
3446 1802 3540 1894 διὰ
3556 1802 3731 1910 ,πρηί

484 1914 603 1983 ejus
644 1929 708 1966 ex
754 1924 904 1983 parte
935 1931 1030 1984 per
1053 1915 1338 1984 augustius
1368 1917 1639 1978 osculum,
1676 1918 1833 1987 quasi
1867 1933 1960 1987 per
1986 1919 2052 1972 li-

485 1994 640 2058 stulte
673 2004 915 2058 foramen
950 2004 1215 2074 promicct
1263 2023 1275 2057 :
1331 2014 1495 2073 atque
1530 2006 1675 2060 hunc
1696 2021 1817 2061 esse
1860 2008 2051 2063 solem.

489 2096 883 2168 Xenophanes,
935 2115 998 2153 ex
1056 2099 1449 2155 collucentibus
1481 2101 1805 2170 quibusdam
1843 2102 2054 2171 ignicu-

488 2192 575 2255 lis,
619 2194 710 2261 qui
779 2208 844 2247 ex
895 2191 1118 2247 humida
1172 2193 1517 2247 exhalatione
1570 2203 1848 2258 coeuntes,
1885 2196 2053 2251 solem

488 2284 662 2350 ipsum
699 2282 1047 2337 inflammatis
1079 2298 1144 2336 ex
1193 2284 1430 2338 nubibus
1471 2285 1757 2340 collectum
1800 2287 2055 2342 elliciant.

488 2374 1018 2437 Stoici,succensum
1056 2375 1258 2445 aliquid
1286 2391 1349 2431 ac
1377 2387 1556 2432 mente
1583 2378 1888 2447 praeditum,
1913 2381 2058 2449 quod

485 2483 555 2522 ex
584 2467 721 2520 mari
750 2476 1091 2537 prorumpat.
1111 2460 1295 2531 Plato,
1328 2483 1397 2523 ex
1428 2468 1667 2538 plurimo
1711 2470 1856 2541 igne.
1913 2472 2059 2527 Ana-

2160 1937 2355 2007 στῆρος
2384 1933 2570 1988 αὐλοῖν
2602 1934 2697 1988 καὶ
2747 1932 2887 1987 τοῦτ’
2915 1928 3055 1986 εἶναι
3075 1931 3167 1985 τὸν
3194 1930 3363 2001 ἥλιον.
3395 1927 3731 2000 Ξενοφάνης,

2160 2028 2225 2082 ὲκ
2252 2027 2511 2097 πυριδίων
2537 2024 2643 2079 τῶν
2678 2024 3035 2096 φαινομένων,
3080 2022 3575 2094 συναθροιζομένων
3630 2022 3735 2090 μὲν

2161 2120 2226 2171 ἐκ
2246 2118 2343 2189 τῆς
2374 2118 2546 2187 ὑγρᾶς
2576 2113 3007 2185 ἀναθυμιάσεως,
3049 2110 3501 2183 συναθροιζόντων
3550 2110 3606 2163 δὲ
3637 2111 3733 2165 τὸν

2160 2207 2309 2279 ἥλιον
2361 2208 2426 2261 ἐκ
2482 2204 2658 2275 νεφῶν
2711 2204 3117 2276 πεπυρωμένων
3165 2202 3300 2264 (22).
3357 2201 3420 2254 Οἱ
3481 2200 3732 2261 Στωϊκοὶ,

2162 2302 2390 2371 ἄναμμα
2416 2298 2598 2369 νοερὸν
2610 2296 2718 2367 (9.5)
2737 2299 2802 2350 ὲκ
2827 2295 3119 2364 θαλάσσης.
3135 2293 3379 2358 Πλάτων,
3398 2294 3463 2346 ὲκ
3480 2291 3737 2345 πλείστου

2163 2390 2354 2461 πυρός.
2398 2385 2779 2457 Ἀναξαγόρας,
2830 2384 3183 2455 Δημόκριτος,
3213 2382 3598 2454 Μητρόδωρος,
3628 2382 3739 2452 μύο

2163 2481 2286 2551 δρον
2319 2480 2353 2551 ἢ
2382 2479 2577 2550 πέτρον
2624 2477 2902 2548 διάπυρον.
2970 2474 3360 2546 ’Δριστοτέλης,
3406 2476 3638 2545 σφαῖραν
3671 2475 3742 2527 ὲκ

490 2573 720 2628 xagoras
744 2599 760 2624 ,
792 2557 1133 2615 Democritus
1193 2568 1247 2614 et
1290 2559 1651 2640 Metrodorus,
1686 2577 1928 2617 massam
1965 2571 2059 2618 aut

2165 2572 2254 2626 τοῦ
2308 2571 2557 2643 πέμπτου
2615 2568 2885 2641 σώματος.
2953 2567 3205 2630 Φιλόλαος
3260 2568 3290 2620 ὁ
3346 2565 3739 2637 Πυθαγόρειος,

488 2649 717 2718 lapidem
760 2651 885 2720 igne
917 2666 1261 2706 succensum.
1317 2652 1677 2722 Aristoteles,
1723 2654 1941 2724 globum
1992 2672 2057 2710 ex

2165 2666 2343 2720 δίσκον
2375 2664 2488 2736 (24)
2520 2661 3089 2734 ῦαΜειδῆβεχόμενον
3117 2660 3215 2732 μὲν
3235 2658 3329 2712 τοῦ
3355 2661 3411 2712 ἐν
3442 2659 3521 2731 τῷ
3547 2659 3743 2731 κόσμῳ

486 2742 681 2811 quinto
710 2758 959 2813 corpore.
1004 2742 1280 2800 Philolaus
1307 2743 1696 2816 Pythagoreus,
1722 2738 1933 2803 discum
1963 2748 2059 2802 ali-

2167 2757 2335 2829 πυρὸς
2365 2756 2465 2828 τὴν
2496 2753 2840 2823 ἀνταύγειαν,
2874 2750 3159 2823 διηθοῦντα
3213 2750 3271 2803 δὲ
3303 2750 3439 2822 πρὸς
3483 2751 3632 2821 ἡμᾶς
3677 2752 3743 2804 τὸ

488 2847 650 2902 quem
691 2833 835 2887 vitro
866 2834 1196 2903 persimilem
1222 2878 1237 2901 ,
1274 2834 1369 2904 qui
1420 2850 1802 2904 repercussum
1842 2854 1909 2892 ex
1939 2839 2059 2909 igne

2167 2848 2302 2919 φῶςο
2355 2847 2496 2901 ὥστε
2538 2846 2912 2919 προσεοικέναι
2960 2843 3108 2914 ἡλίου
3152 2842 3263 2912 (25)
3320 2842 3379 2895 τὸ
3424 2844 3481 2894 ὲν
3525 2841 3744 2913 οὐρανῷ

491 2922 680 2987 mundi
710 2924 1050 2993 splendorem
1081 2925 1381 2995 excipiens,
1421 2925 1597 2980 lucem
1627 2926 1693 2980 ad
1722 2943 1821 2983 nos
1851 2943 1946 2997 per
1971 2944 2059 2983 ae-

2168 2938 2414 3001 πυριτὰς
2443 2936 2575 3007 (26),
2599 2939 2663 3007 τῇ
2697 2935 2803 2989 ἀπὸ
2850 2931 2945 2986 τοῦ
2997 2932 3253 3002 ἐνόπτρου
3280 2930 3419 2984 κατὰ
3443 2930 3744 2985 ἀνάκλασιν

491 3030 628 3080 rem,
663 3015 936 3084 quoddam
980 3016 1138 3086 quasi
1167 3017 1372 3085 colum,
1417 3018 1542 3072 inde
1581 3019 1915 3074 transmittat
1954 3038 1968 3074 :
2006 3028 2059 3073 ut

2168 3027 2590 3102 διασπειρομένῃ
2650 3026 2787 3097 πρὸς
2842 3025 2989 3096 ἡμᾶς
3039 3024 3202 3094 αὐγῇ.
3253 3022 3362 3075 Καὶ
3394 3021 3501 3093 γὰρ
3535 3021 3743 3092 ταύτην

492 3110 685 3180 igneus
717 3110 808 3164 ille
836 3110 967 3164 solis
997 3111 1051 3164 in
1082 3110 1224 3166 caelo
1266 3110 1465 3184 fulgor,
1502 3113 1807 3182 splendoris
1833 3114 1952 3184 ejus
1985 3116 2062 3170 si-

493 3202 640 3259 milis
668 3203 759 3265 sit,
787 3202 876 3272 qui
910 3204 974 3256 ad
1003 3218 1104 3258 nos
1132 3219 1163 3259 e
1188 3204 1409 3273 speculo
1452 3206 1746 3260 reﬂexione
1783 3205 2063 3260 transfun—

494 3293 660 3345 ditur.
702 3292 838 3347 Eum
869 3292 1067 3362 quippe
1087 3294 1279 3359 solem,
1307 3304 1563 3364 tanquam
1591 3295 1809 3365 aliquod
1841 3296 2066 3351 simula-

494 3384 572 3439 cri
608 3384 986 3451 simulacrum,
1017 3400 1296 3441 vocamus.
1335 3384 1493 3441 Soles
1524 3387 1592 3440 ab
1621 3387 1941 3456 Empedocle
1970 3404 2067 3458 po-

495 3484 702 3531 nuntur
746 3477 878 3543 duo,
909 3492 1143 3546 quorum
1194 3478 1329 3531 alter
1376 3478 1464 3532 ille
1510 3477 1891 3549 primigenius,
1926 3480 2068 3550 ignis

496 3568 719 3638 quidam
747 3570 817 3623 sit
841 3570 893 3622 in
925 3570 1096 3623 altero
1122 3570 1309 3624 mundi
1351 3569 1756 3641 hemispltwrio,
1790 3573 1934 3643 quod
1966 3573 2059 3627 ha-

497 3672 690 3715 ctenus
729 3661 1033 3730 splendoris
1081 3660 1166 3718 sui
1220 3662 1496 3717 rcﬂcxioni
1538 3679 1750 3734 semper
1780 3664 2066 3719 adversum

499 3753 801 3822 impleverit
833 3770 846 3808 τ
881 3753 1018 3807 alter
1051 3755 1139 3810 hic
1165 3754 1259 3824 qui
1298 3755 1457 3811 nobis
1484 3763 1769 3825 appareat,
1805 3757 1941 3812 lucis
1979 3772 2066 3811 re-

499 3845 781 3914 percussio
826 3845 1072 3916 quaedam
1101 3887 1115 3907 ,
1174 3846 1227 3900 in
1276 3847 1446 3901 altero
1498 3847 1603 3902 hoc
1658 3848 2067 3919 hcmisphterio,

499 3938 642 4008 quod
693 3953 817 3993 aere
851 3939 1172 4008 permistum
1200 3940 1436 3995 calorem
1492 3940 1801 3995 includente
1850 3938 2065 4010 plenum

498 4038 615 4094 est;
656 4045 778 4100 quae
810 4032 1155 4101 repercussio
1195 4047 1263 4086 ex
1310 4041 1452 4086 terra
1485 4047 1607 4102 quae
1637 4031 1858 4101 globosa
1882 4040 1985 4094 est,
2013 4031 2068 4085 in

500 4123 672 4179 solem
696 4124 951 4195 crystallo
980 4123 1314 4192 persimilem
1351 4122 1573 4187 incidat,
1609 4139 1673 4178 ac
1708 4124 1868 4177 simul
1905 4123 1958 4176 in
1986 4139 2068 4177 or-

500 4213 623 4268 bem
653 4213 877 4268 alterius
925 4212 1065 4283 ignei
1114 4214 1354 4267 motione
1382 4213 1657 4283 rapiatur;
1695 4213 1798 4267 hoc
1832 4221 1915 4267 est
1938 4253 1953 4279 ,
1989 4212 2066 4267 uti

2093 3157 2142 3220 ο
2170 3119 2646 3195 προσαγορεύομεν
2676 3117 2846 3189 ἥλιον,
2892 3117 3052 3170 οἱονεὶ
3073 3113 3287 3168 εἴδωλον
3331 3112 3569 3166 εἰδώλου.
3619 3113 3745 3183 Ἐμ-

2171 3213 2452 3286 πεδοκλῆς,
2485 3212 2579 3266 δύο
2608 3209 2809 3282 ἡλίους
2836 3211 2923 3263 τὸν
2961 3210 3056 3281 μὲν
3088 3208 3391 3280 ἀρχέτυπον
3419 3205 3527 3277 πῦρ
3566 3208 3623 3259 ἐν
3665 3205 3744 3276 τῷ

2169 3308 2341 3381 ἑτέρῳ
2398 3303 2734 3376 ἡμισφαιρίῳ
2795 3302 2887 3356 τοῦ
2958 3302 3199 3372 κόσμου,
3271 3299 3631 3371 πεπληρωκὸς
3680 3298 3745 3351 τὸ

2169 3397 2545 3473 ἡμισφαίριον,
2588 3396 2675 3449 ἀεὶ
2735 3393 3068 3465 καταντικρὺ
3124 3391 3225 3462 τῆς
3271 3391 3597 3459 ἁνταυγείας
3639 3391 3743 3443 αύ-

2170 3491 2263 3545 τοῦ
2300 3489 2430 3563 (27)
2474 3488 2563 3542 τὸν
2603 3487 2659 3541 δὲ
2696 3486 3018 3556 φαινόμενον
3052 3481 3374 3551 ἀνταύγειαν
3405 3479 3543 3534 εἶναι
3577 3483 3635 3534 ὲν
3662 3481 3746 3552 τῷ

2172 3577 2343 3647 ἑτέρῳ
2381 3571 2721 3645 ἡμισφαιρίῳ
2748 3569 2826 3640 τῷ
2857 3566 2949 3622 τοῦ
3006 3566 3166 3638 ἀέρος
3209 3565 3320 3635 (28)
3357 3564 3451 3618 τοῦ
3475 3563 3747 3635 θερμομιο

2172 3667 2303 3738 γοῦς
2333 3664 2763 3737 πεπληρωμένῳ,
2805 3660 2913 3715 ἀπὸ
2938 3656 3296 3729 κυκλοτεροῦς
3339 3656 3438 3726 τῆς
3460 3657 3585 3726 γῆς,
3621 3658 3747 3710 κατ’

2176 3759 2491 3821 ἀνάκλασιν,
2518 3754 2871 3826 ὲγγινομένην
2933 3753 3013 3815 είς
3048 3751 3137 3804 τὸν
3165 3749 3316 3820 ἥλιον
3356 3748 3448 3801 τὸν
3476 3746 3746 3820 κρυσταλ-

2173 3849 2368 3919 λοειδῆ,
2400 3844 2938 3919 συμπεριελκομένην
2959 3841 3016 3895 δὲ
3041 3843 3108 3912 τῇ
3140 3841 3352 3911 κινήσει
3369 3838 3464 3892 τοῦ
3492 3839 3741 3909 πυρίνου.

2186 3943 2276 4004 Ὡς
2303 3939 2361 3992 δὲ
2425 3937 2669 4010 βραχέως
2730 3934 2978 4008 εἰρῆσθαι
3029 3930 3376 4002 συντεμόντα,
3419 3930 3747 3998 ἀνταύγειαν

2175 4022 2313 4079 εἶναι
2354 4022 2448 4077 τοῦ
2505 4023 2632 4094 περὶ
2683 4020 2782 4091 τὴν
2827 4018 2932 4088 γῆν
2981 4017 3151 4089 πυρὸς
3205 4015 3298 4069 τὸν
3347 4015 3521 4086 ἥλιον.
3590 4014 3744 4068 Ἐπί-

2176 4134 2385 4189 κουρος,
2431 4116 2616 4187 γὴῖνον
2650 4109 2937 4182 πύκνωμα,
2989 4106 3374 4182 κισσηροειδὲς,
3430 4108 3523 4160 καὶ
3573 4122 3745 4173 σπογ-

2175 4210 2381 4280 γοειδὲς
2423 4211 2544 4272 ταῖς
2604 4207 3001 4277 κατατρήσεσιν
3058 4202 3202 4274 (29),
3250 4200 3356 4254 ὑπὸ
3419 4198 3515 4253 τοῦ
3573 4198 3747 4269 πυρὸς

500 4305 719 4360 brevius
766 4306 1083 4374 expediam,
1120 4305 1268 4361 aliud
1320 4305 1489 4362 solem
1540 4319 1663 4359 esse
1694 4304 1861 4368 nihil,
1900 4320 2059 4374 quam

2171 4305 2271 4375 ἀνη
2280 4320 2318 4374 μ
2323 4302 2497 4374 μένον.
2512 4319 2531 4352 ι

501 4399 623 4468 ejus
655 4398 749 4469 qui
807 4399 952 4454 circa
1012 4407 1213 4453 terram
1263 4407 1366 4464 est,
1433 4398 1576 4468 ignis
1642 4396 2011 4453 reflexionem.
2064 4396 2330 4469 Epicurus
2370 4395 2637 4464 denique,
2685 4399 2994 4447 terrestrem
3060 4402 3334 4451 massam,
3381 4384 3614 4456 pumicis
3654 4392 3749 4439 aut

503 4496 744 4566 spongiae
775 4494 981 4550 crebris
1007 4493 1363 4549 foraminibus
1390 4493 1643 4558 similem,
1688 4493 1907 4564 ignique
1931 4508 2270 4549 succcnsam.
2306 4511 2326 4543 ι

577 4673 689 4744 (20)
732 4672 1205 4744 Ἀναξίμανδρος.
1233 4672 1577 4728 Plutarchum
1603 4673 1857 4744 deinceps
1885 4672 2059 4744 adrex-

2171 4684 2394 4744 exeuso,
2423 4669 2484 4744 τό
2518 4685 2578 4744 τε
2618 4667 2685 4744 δὴ

2725 4668 2817 4720 ἀπ’
2860 4666 3023 4719 αὑτοῦ
3061 4663 3157 4718 καὶ
3197 4658 3604 4731 ἐσοπτροειδὲς,
3641 4657 3749 4731 ,καὶ

507 4727 897 4799 ιτὲιιιιίιηήίειιέ
923 4727 1118 4797 librum
1150 4727 1457 4812 loquentem
1491 4727 1811 4809 audiemus:
1826 4743 1880 4797 in
1918 4742 2059 4813 libris

2175 4727 2394 4813 τρίτον,
2422 4739 2520 4811 τὴν
2551 4727 2789 4813 ἁπὸίτοῦ
2831 4737 3103 4813 ἐσόπτρου
3147 4734 3267 4813 κατ’
3311 4727 3605 4813 ἀνακλαριν
3635 4727 3753 4810 δια..

507 4815 584 4867 De
624 4814 807 4884 plucit.
839 4815 1195 4885 plttlosuplwt'.
1228 4814 1444 4869 Primus
1490 4816 1579 4868 hic
1630 4814 1780 4868 locus
1825 4812 2075 4867 exstabat

507 4884 600 4937 lib.
629 4900 688 4937 ιι.
720 4900 841 4937 can.
868 4884 956 4937 20.

531 4900 600 4936 Ιυ.
629 4900 688 4937 ιι.
720 4900 841 4937 can.
868 4900 956 4937 Συ.

578 4901 1092 5025 (ἐῢ-(Ξέξέφῗιιλειν.
1141 4952 1333 5008 Melius
1373 4967 1534 5022 quam
1584 4950 1968 5024 ὲκφαινούσης,
2016 4959 2077 5005 ut

509 5023 649 5093 apud
672 5023 961 5077 Plutarch.

581 5093 692 5163 (ἢ)
734 5094 828 5146 Ἐκ
847 5091 1043 5163 νεφῶν
1064 5091 1518 5161 πεπυρωμένων.
1534 5089 1884 5163 Plutarch.,~i)
1917 5090 2077 5163 νέφος

510 5161 927 5236 πεπυρωμένον,
980 5163 1482 5236 quant__lectionetn
1531 5161 2077 5236 inte_rpretessecuti

511 5232 674 5288 διιιιι.⁷
698 5232 938 5303 Utraque
965 5232 1177 5303 defendi
1206 5248 1311 5287 non
1344 5232 1687 5286 incommode
1721 5240 1915 5299 potest.

582 5304 697 5375 (25)
727 5299 971 5372 Νοερόν.
1007 5302 1159 5358 llanc
1185 5319 1371 5357 vocem
1394 5302 1641 5356 Amiotus
1663 5310 1758 5355 aut
1780 5315 1891 5355 non
1925 5299 2076 5371 legit,

510 5383 604 5428 aut.
634 5376 839 5429 omisit.

582 5443 692 5513 (24)
725 5448 960 5498 Δίσκον.
993 5441 1060 5497 Ει
1092 5441 1234 5497 hanc
1263 5442 1500 5513 praeterit
1534 5441 1803 5513 Amiotus.

582 5447 670 5512 (24
725 5448 960 5498 Δίσκον.
993 5447 1060 5497 Et
1092 5447 1234 5497 hanc
1263 5447 1500 5513 praeterit
1534 5447 1803 5495 Amiotus.

582 5447 693 5585 (25)
743 5515 960 5569 Ἡλίου.
995 5512 1072 5567 lta
1115 5528 1246 5568 mss.
1292 5513 1421 5573 duo,
1452 5523 1506 5565 et
1549 5520 1710 5585 recte.
1742 5511 1903 5585 Prius
1936 5511 2078 5585 lege-

512 5581 854 5656 ίιιιίιιι-’ὴλίῳ⁹
882 5599 1045 5656 quam
1097 5597 1280 5636 vocem
1318 5597 1552 5656 excusus
1602 5581 1816 5645 retinet,
1864 5583 2076 5651 ipsique

513 5652 830 5722 interpretes
859 5655 1161 5722 exprimere
1187 5653 1365 5707 conati
1392 5661 1538 5706 sunt.

585 5721 694 5793 (26)
730 5724 1018 5793 Πυρῶδες.
1056 5721 1178 5777 Post
1227 5723 1364 5776 hanc
1416 5737 1599 5777 vocem
1653 5721 1725 5776 ita
1779 5721 1975 5791 legitur
2024 5722 2077 5775 in

2182 4800 2549 4883 σπειρομένην
2579 4808 2715 4879 πρὸς
2741 4809 2889 4883 ἡμας
2935 4800 3126 4883 αὐγήνἑ
3159 4803 3292 4869 Qua!
3338 4800 3630 4883 admo’du‘n}
3668 4800 3752 4852 in-

2179 4867 2393 4936 trica'ta'
2421 4867 2549 4935 sunt
2572 4920 2586 4944 ,
2621 4867 2719 4933 nec
2756 4867 2909 4949 satis,
2945 4867 3464 4949 ut'videturtapud'
3480 4867 3749 4924 Gallicum

2183 4940 2581 5020 interpretem,
2619 4946 2888 5018 expedita.
2945 4945 3218 5018 Xylander
3273 4940 3504 4998 Eusebio
3556 4950 3748 4994 nostro

2183 5022 2358 5076 haesit.

2256 5090 2368 5157 (27)
2412 5089 2528 5157 Τῆς
2563 5080 3429 5159 ἀνταυγείας-αὑτρῦηΕλουεη
3458 5080 3523 5159 τῇ
3551 5077 3747 5159 ἀνταυς

2181 5148 2305 5232 γείᾳ
2331 5148 2521 5232 εἀυτόῦ
2548 5148 2907 5232 τεταγμένονξ
2928 5154 3040 5232 Ego
3064 5152 3386 5232 ἀντάυγείας
3414 5148 3654 5232 retineg;
3689 5148 3753 5200 τὸ

2180 5217 2530 5301 τεταγμένον,
2558 5231 2639 5283 vel
2670 5217 2882 5292 adesse,
2917 5217 3002 5280 vel
3028 5226 3220 5301 abesse
3247 5217 3447 5291 patest.
3483 5217 3749 5301 Gallicam

2183 5288 2703 5371 interpretationem,
2737 5306 2797 5352 ut
2819 5288 3004 5351 verum
3046 5296 3220 5350 fatear
3237 5288 3269 5360 ,⁷
3284 5308 3392 5346 non
3424 5289 3557 5346 satis
3586 5288 3752 5342 intel-

2182 5370 2310 5424 lico.

2224 5387 2366 5510 g32.8)
2394 5437 2482 5503 Τῷ
2502 5437 2609 5492 τοῦ
2640 5438 2834 5505 ἀέρος,
2859 5435 3063 5510 etc._lta
3088 5429 3511 5510 emendavirnus
3530 5443 3592 5483 ex
3620 5426 3751 5507 Plu:

2182 5500 2406 5572 tarcho;
2452 5500 2742 5577 perperam
2786 5500 2929 5562 enim
2973 5505 3282 5576 legebatur,
3314 5501 3407 5555 τοῦ
3452 5500 3611 5569 ἀέρος
3650 5500 3752 5550 τοῦ

2185 5579 2529 5652 θερμοειδοῦς
2558 5579 3004 5652 πεπληρωμένου.

2258 5649 2366 5718 ('29)
2398 5649 2867 5718 Κατατρήσεσιν.
2910 5649 2984 5703 Ita
3017 5661 3203 5702 excus.
3233 5652 3288 5699 et
3310 5649 3473 5705 recte,
3504 5654 3610 5694 non
3644 5651 3746 5690 κιλι⁹

2185 5723 2518 5793 ταπρήσεσιν
