  <div class='ocr_page' id='page_1' title='image "/cluster/home/n/w/nwhite01/storage/ocr_20150623/21/hvd.32044073501165/704.png"; bbox 0 0 2017 3688; ppageno 0'>
   <div class='ocr_carea' id='block_1_1' title="bbox 118 187 196 215">
    <p class='ocr_par' dir='ltr' id='par_1_1' title="bbox 118 187 196 215">
     <span class='ocr_line' id='line_1_1' title="bbox 118 187 196 215; baseline 0.013 -1"><span class='ocrx_word' id='word_1_1' title='bbox 118 187 196 215; x_wconf 76' lang='grc'><strong>1577</strong></span> 
     </span>
    </p>
   </div>
   <div class='ocr_carea' id='block_1_2' title="bbox 399 248 677 276">
    <p class='ocr_par' dir='ltr' id='par_1_2' title="bbox 399 248 677 276">
     <span class='ocr_line' id='line_1_2' title="bbox 399 248 677 276; baseline -0.007 0"><span class='ocrx_word' id='word_1_2' title='bbox 399 248 596 276; x_wconf 78' lang='grc' dir='ltr'><strong>ΚΕΦΑΛΑΙΟΝ</strong></span> <span class='ocrx_word' id='word_1_3' title='bbox 616 249 677 275; x_wconf 73' lang='lat' dir='ltr'><strong>KA&#39;.</strong></span> 
     </span>
    </p>
   </div>
   <div class='ocr_carea' id='block_1_3' title="bbox 370 294 710 330">
    <p class='ocr_par' dir='ltr' id='par_1_3' title="bbox 370 294 710 330">
     <span class='ocr_line' id='line_1_3' title="bbox 370 294 710 330; baseline -0.003 -8"><span class='ocrx_word' id='word_1_4' title='bbox 370 295 440 330; x_wconf 76' lang='grc' dir='ltr'>Περὶ</span> <span class='ocrx_word' id='word_1_5' title='bbox 451 294 596 330; x_wconf 73' lang='grc' dir='ltr'>μεγέθους</span> <span class='ocrx_word' id='word_1_6' title='bbox 610 295 710 328; x_wconf 71' lang='grc' dir='ltr'>ἡλίου.</span> 
     </span>
    </p>
   </div>
   <div class='ocr_carea' id='block_1_4' title="bbox 158 339 933 378">
    <p class='ocr_par' dir='ltr' id='par_1_4' title="bbox 158 339 933 378">
     <span class='ocr_line' id='line_1_4' title="bbox 158 339 933 378; baseline 0.001 -11"><span class='ocrx_word' id='word_1_7' title='bbox 158 351 168 367; x_wconf 85' lang='grc' dir='ltr'><strong>ι</strong></span> <span class='ocrx_word' id='word_1_8' title='bbox 200 341 427 377; x_wconf 77' lang='grc' dir='ltr'>Ἀναξίμανδρος</span> <span class='ocrx_word' id='word_1_9' title='bbox 445 341 511 376; x_wconf 82' lang='lat'><strong>(30),</strong></span> <span class='ocrx_word' id='word_1_10' title='bbox 534 341 578 367; x_wconf 80' lang='grc' dir='ltr'><strong>τὸν</strong></span> <span class='ocrx_word' id='word_1_11' title='bbox 591 341 640 376; x_wconf 87' lang='grc' dir='ltr'>μὲν</span> <span class='ocrx_word' id='word_1_12' title='bbox 657 341 732 376; x_wconf 78' lang='grc' dir='ltr'>ἥλιον</span> <span class='ocrx_word' id='word_1_13' title='bbox 743 340 800 368; x_wconf 73' lang='grc' dir='ltr'>ἴσον</span> <span class='ocrx_word' id='word_1_14' title='bbox 820 339 888 368; x_wconf 82' lang='grc' dir='ltr'>εἶναι</span> <span class='ocrx_word' id='word_1_15' title='bbox 900 344 933 378; x_wconf 85' lang='grc' dir='ltr'>τῇ</span> 
     </span>
    </p>
   </div>
   <div class='ocr_carea' id='block_1_5' title="bbox 115 384 934 423">
    <p class='ocr_par' dir='ltr' id='par_1_5' title="bbox 115 384 934 423">
     <span class='ocr_line' id='line_1_5' title="bbox 115 384 934 423; baseline 0.001 -10"><span class='ocrx_word' id='word_1_16' title='bbox 115 388 168 422; x_wconf 80' lang='grc' dir='ltr'>γῇ,</span> <span class='ocrx_word' id='word_1_17' title='bbox 187 387 241 414; x_wconf 79' lang='grc' dir='ltr'><strong>τὸν</strong></span> <span class='ocrx_word' id='word_1_18' title='bbox 260 387 296 414; x_wconf 80' lang='grc' dir='ltr'>δὲ</span> <span class='ocrx_word' id='word_1_19' title='bbox 314 387 412 414; x_wconf 66' lang='grc' dir='ltr'>κύκλον</span> <span class='ocrx_word' id='word_1_20' title='bbox 423 387 469 422; x_wconf 81' lang='grc' dir='ltr'><strong>ἀφ’</strong></span> <span class='ocrx_word' id='word_1_21' title='bbox 485 384 515 414; x_wconf 77' lang='grc' dir='ltr'>οὗ</span> <span class='ocrx_word' id='word_1_22' title='bbox 531 387 586 423; x_wconf 82' lang='grc'><strong>(51)</strong></span> <span class='ocrx_word' id='word_1_23' title='bbox 602 387 651 423; x_wconf 80' lang='grc' dir='ltr'>τὴν</span> <span class='ocrx_word' id='word_1_24' title='bbox 671 387 788 423; x_wconf 78' lang='grc' dir='ltr'>ἐκπνοὴν</span> <span class='ocrx_word' id='word_1_25' title='bbox 803 387 869 423; x_wconf 76' lang='grc' dir='ltr'>ἔχει,</span> <span class='ocrx_word' id='word_1_26' title='bbox 888 389 934 414; x_wconf 70' lang='grc' dir='ltr'><strong>καὶ</strong></span> 
     </span>
    </p>
   </div>
   <div class='ocr_carea' id='block_1_6' title="bbox 116 430 935 470">
    <p class='ocr_par' dir='ltr' id='par_1_6' title="bbox 116 430 935 470">
     <span class='ocr_line' id='line_1_6' title="bbox 116 430 935 470; baseline 0.001 -10"><span class='ocrx_word' id='word_1_27' title='bbox 116 434 168 468; x_wconf 70' lang='grc' dir='ltr'><strong>ὑφ’</strong></span> <span class='ocrx_word' id='word_1_28' title='bbox 198 430 235 460; x_wconf 71' lang='grc' dir='ltr'>οὗ</span> <span class='ocrx_word' id='word_1_29' title='bbox 271 434 398 470; x_wconf 79' lang='grc' dir='ltr'>φέρεται,</span> <span class='ocrx_word' id='word_1_30' title='bbox 429 434 775 461; x_wconf 72' lang='grc' dir='ltr'><strong>ἑπτακαιεικοσαπλασίονα</strong></span> <span class='ocrx_word' id='word_1_31' title='bbox 803 434 858 468; x_wconf 76' lang='lat'><strong>(52)</strong></span> <span class='ocrx_word' id='word_1_32' title='bbox 885 435 935 470; x_wconf 78' lang='grc' dir='ltr'><strong>τῆς</strong></span> 
     </span>
    </p>
   </div>
   <div class='ocr_carea' id='block_1_7' title="bbox 116 480 932 518">
    <p class='ocr_par' dir='ltr' id='par_1_7' title="bbox 116 480 932 518">
     <span class='ocr_line' id='line_1_7' title="bbox 116 480 932 518; baseline 0.002 -11"><span class='ocrx_word' id='word_1_33' title='bbox 116 480 187 516; x_wconf 78' lang='grc' dir='ltr'>γῆς.</span> <span class='ocrx_word' id='word_1_34' title='bbox 230 481 425 518; x_wconf 77' lang='grc' dir='ltr'><strong>Ἀναξαγόρας</strong></span> <span class='ocrx_word' id='word_1_35' title='bbox 462 481 681 509; x_wconf 78' lang='grc' dir='ltr'><strong>πολλαπλασίονα</strong></span> <span class='ocrx_word' id='word_1_36' title='bbox 718 481 932 517; x_wconf 82' lang='grc' dir='ltr'>Πελοποννήσου.</span> 
     </span>
    </p>
   </div>
   <div class='ocr_carea' id='block_1_8' title="bbox 123 525 935 563">
    <p class='ocr_par' dir='ltr' id='par_1_8' title="bbox 123 525 935 563">
     <span class='ocr_line' id='line_1_8' title="bbox 123 525 935 563; baseline 0.002 -12"><span class='ocrx_word' id='word_1_37' title='bbox 123 526 335 562; x_wconf 78' lang='grc' dir='ltr'>Ἡράκλειτος,</span> <span class='ocrx_word' id='word_1_38' title='bbox 354 525 432 563; x_wconf 85' lang='grc' dir='ltr'>εὖρος</span> <span class='ocrx_word' id='word_1_39' title='bbox 463 527 544 558; x_wconf 78' lang='grc' dir='ltr'>ποδὸς</span> <span class='ocrx_word' id='word_1_40' title='bbox 570 526 749 563; x_wconf 86' lang='grc' dir='ltr'>ἀνθρωπείου.</span> <span class='ocrx_word' id='word_1_41' title='bbox 775 526 935 562; x_wconf 84' lang='grc' dir='ltr'>Ἐπίκουρος</span> 
     </span>
    </p>
   </div>
   <div class='ocr_carea' id='block_1_9' title="bbox 117 572 933 610">
    <p class='ocr_par' dir='ltr' id='par_1_9' title="bbox 117 572 933 610">
     <span class='ocr_line' id='line_1_9' title="bbox 117 572 933 610; baseline 0.002 -12"><span class='ocrx_word' id='word_1_42' title='bbox 117 572 211 600; x_wconf 70' lang='grc' dir='ltr'>πάλιν</span> <span class='ocrx_word' id='word_1_43' title='bbox 232 574 324 609; x_wconf 69' lang='grc' dir='ltr'>φησιν</span> <span class='ocrx_word' id='word_1_44' title='bbox 341 573 494 608; x_wconf 53' lang='grc' dir='ltr'>ὲνδέχεσθῶ</span> <span class='ocrx_word' id='word_1_45' title='bbox 524 572 558 599; x_wconf 82' lang='grc' dir='ltr'><strong>τὰ</strong></span> <span class='ocrx_word' id='word_1_46' title='bbox 575 574 761 610; x_wconf 81' lang='grc' dir='ltr'><strong>προειρημένα</strong></span> <span class='ocrx_word' id='word_1_47' title='bbox 792 574 891 600; x_wconf 56' lang='grc' dir='ltr'>πάντα</span> <span class='ocrx_word' id='word_1_48' title='bbox 917 573 933 608; x_wconf 86' lang='grc' dir='ltr'>ἢ</span> 
     </span>
    </p>
   </div>
   <div class='ocr_carea' id='block_1_10' title="bbox 117 618 933 656">
    <p class='ocr_par' dir='ltr' id='par_1_10' title="bbox 117 618 933 656">
     <span class='ocr_line' id='line_1_10' title="bbox 117 618 933 656; baseline -0.001 -10"><span class='ocrx_word' id='word_1_49' title='bbox 117 619 312 654; x_wconf 77' lang='grc' dir='ltr'>τηλικοῦτον,</span> <span class='ocrx_word' id='word_1_50' title='bbox 337 619 427 651; x_wconf 86' lang='grc' dir='ltr'>ὐλίκος</span> <span class='ocrx_word' id='word_1_51' title='bbox 454 619 596 654; x_wconf 78' lang='grc' dir='ltr'>φαίνεται,</span> <span class='ocrx_word' id='word_1_52' title='bbox 627 619 644 656; x_wconf 83' lang='grc' dir='ltr'><strong>ἢ</strong></span> <span class='ocrx_word' id='word_1_53' title='bbox 674 619 765 656; x_wconf 83' lang='grc' dir='ltr'>μικρῷ</span> <span class='ocrx_word' id='word_1_54' title='bbox 794 619 890 655; x_wconf 75' lang='grc' dir='ltr'>μείζω,</span> <span class='ocrx_word' id='word_1_55' title='bbox 917 618 933 654; x_wconf 78' lang='grc' dir='ltr'>ἢ</span> 
     </span>
    </p>
   </div>
   <div class='ocr_carea' id='block_1_11' title="bbox 118 665 279 693">
    <p class='ocr_par' dir='ltr' id='par_1_11' title="bbox 118 665 279 693">
     <span class='ocr_line' id='line_1_11' title="bbox 118 665 279 693; baseline 0.006 -1"><span class='ocrx_word' id='word_1_56' title='bbox 118 665 251 693; x_wconf 76' lang='grc' dir='ltr'>ἐλάττω.</span> <span class='ocrx_word' id='word_1_57' title='bbox 268 676 279 693; x_wconf 75' lang='grc' dir='ltr'><strong>ι</strong></span> 
     </span>
    </p>
   </div>
   <div class='ocr_carea' id='block_1_12' title="bbox 399 712 672 739">
    <p class='ocr_par' dir='ltr' id='par_1_12' title="bbox 399 712 672 739">
     <span class='ocr_line' id='line_1_12' title="bbox 399 712 672 739; baseline 0 -1"><span class='ocrx_word' id='word_1_58' title='bbox 399 712 596 738; x_wconf 76' lang='grc' dir='ltr'><strong>ΚΕΦΑΛΑΙΟΝ</strong></span> <span class='ocrx_word' id='word_1_59' title='bbox 618 712 672 739; x_wconf 87' lang='grc' dir='ltr'><strong>ΚΕ¹</strong></span> 
     </span>
    </p>
   </div>
   <div class='ocr_carea' id='block_1_13' title="bbox 374 756 721 791">
    <p class='ocr_par' dir='ltr' id='par_1_13' title="bbox 374 756 721 791">
     <span class='ocr_line' id='line_1_13' title="bbox 374 756 721 791; baseline 0 -8"><span class='ocrx_word' id='word_1_60' title='bbox 374 756 444 791; x_wconf 83' lang='grc' dir='ltr'>Περὶ</span> <span class='ocrx_word' id='word_1_61' title='bbox 455 757 610 791; x_wconf 79' lang='grc' dir='ltr'>σχήματος</span> <span class='ocrx_word' id='word_1_62' title='bbox 621 757 721 791; x_wconf 76' lang='grc' dir='ltr'>ἡλίου.</span> 
     </span>
    </p>
   </div>
   <div class='ocr_carea' id='block_1_14' title="bbox 164 802 933 839">
    <p class='ocr_par' dir='ltr' id='par_1_14' title="bbox 164 802 933 839">
     <span class='ocr_line' id='line_1_14' title="bbox 164 802 933 839; baseline 0.004 -11"><span class='ocrx_word' id='word_1_63' title='bbox 164 812 174 828; x_wconf 72' lang='grc' dir='ltr'><strong>ε</strong></span> <span class='ocrx_word' id='word_1_64' title='bbox 198 803 388 839; x_wconf 78' lang='grc' dir='ltr'><strong>Ἀναξιμένης</strong></span> <span class='ocrx_word' id='word_1_65' title='bbox 405 803 460 838; x_wconf 77' lang='grc'><strong>(55)</strong></span> <span class='ocrx_word' id='word_1_66' title='bbox 472 802 583 836; x_wconf 78' lang='grc' dir='ltr'>πλατὺν,</span> <span class='ocrx_word' id='word_1_67' title='bbox 593 802 631 834; x_wconf 76' lang='grc' dir='ltr'>ὡς</span> <span class='ocrx_word' id='word_1_68' title='bbox 649 803 776 834; x_wconf 80' lang='grc' dir='ltr'>πέταλον,</span> <span class='ocrx_word' id='word_1_69' title='bbox 787 802 833 830; x_wconf 77' lang='grc' dir='ltr'><strong>τὸν</strong></span> <span class='ocrx_word' id='word_1_70' title='bbox 849 803 933 839; x_wconf 79' lang='grc' dir='ltr'>ἥλιον.</span> 
     </span>
    </p>
   </div>
   <div class='ocr_carea' id='block_1_15' title="bbox 130 849 933 885">
    <p class='ocr_par' dir='ltr' id='par_1_15' title="bbox 130 849 933 885">
     <span class='ocr_line' id='line_1_15' title="bbox 130 849 933 885; baseline 0.001 -10"><span class='ocrx_word' id='word_1_71' title='bbox 130 849 344 885; x_wconf 80' lang='grc' dir='ltr'>Ἡράκλειτος,</span> <span class='ocrx_word' id='word_1_72' title='bbox 378 849 539 884; x_wconf 82' lang='grc' dir='ltr'><strong>σκαφοειδῆ,</strong></span> <span class='ocrx_word' id='word_1_73' title='bbox 563 849 725 884; x_wconf 80' lang='grc' dir='ltr'>ὑπόκυρτον.</span> <span class='ocrx_word' id='word_1_74' title='bbox 752 849 784 876; x_wconf 83' lang='lat' dir='ltr'><strong>0i.</strong></span> <span class='ocrx_word' id='word_1_75' title='bbox 811 850 933 881; x_wconf 83' lang='grc' dir='ltr'>Στωϊκοὶ,</span> 
     </span>
    </p>
   </div>
   <div class='ocr_carea' id='block_1_16' title="bbox 124 895 935 932">
    <p class='ocr_par' dir='ltr' id='par_1_16' title="bbox 124 895 935 932">
     <span class='ocr_line' id='line_1_16' title="bbox 124 895 935 932; baseline 0 -10"><span class='ocrx_word' id='word_1_76' title='bbox 124 896 314 931; x_wconf 78' lang='grc' dir='ltr'>σφαιροειδῆ,</span> <span class='ocrx_word' id='word_1_77' title='bbox 335 896 372 927; x_wconf 83' lang='grc' dir='ltr'>ὡς</span> <span class='ocrx_word' id='word_1_78' title='bbox 385 896 430 922; x_wconf 84' lang='grc' dir='ltr'>τὸν</span> <span class='ocrx_word' id='word_1_79' title='bbox 444 896 544 931; x_wconf 82' lang='grc' dir='ltr'><strong>κόσμον</strong></span> <span class='ocrx_word' id='word_1_80' title='bbox 567 896 613 922; x_wconf 74' lang='grc' dir='ltr'>καὶ</span> <span class='ocrx_word' id='word_1_81' title='bbox 627 896 661 922; x_wconf 86' lang='grc' dir='ltr'><strong>τὰ</strong></span> <span class='ocrx_word' id='word_1_82' title='bbox 679 896 776 932; x_wconf 80' lang='grc' dir='ltr'>ἄστρα.</span> <span class='ocrx_word' id='word_1_83' title='bbox 809 895 935 923; x_wconf 81' lang='grc' dir='ltr'>Ἐπίκου-</span> 
     </span>
    </p>
   </div>
   <div class='ocr_carea' id='block_1_17' title="bbox 126 941 935 977">
    <p class='ocr_par' dir='ltr' id='par_1_17' title="bbox 126 941 935 977">
     <span class='ocr_line' id='line_1_17' title="bbox 126 941 935 977; baseline 0 -9"><span class='ocrx_word' id='word_1_84' title='bbox 126 950 178 977; x_wconf 85' lang='grc' dir='ltr'><strong>ρος</strong></span> <span class='ocrx_word' id='word_1_85' title='bbox 196 941 362 977; x_wconf 74' lang='grc' dir='ltr'>ἐνδέχεσθαι</span> <span class='ocrx_word' id='word_1_86' title='bbox 376 942 411 968; x_wconf 85' lang='grc' dir='ltr'><strong>τὰ</strong></span> <span class='ocrx_word' id='word_1_87' title='bbox 426 941 612 977; x_wconf 75' lang='grc' dir='ltr'>προειρημένα</span> <span class='ocrx_word' id='word_1_88' title='bbox 629 941 726 968; x_wconf 84' lang='grc' dir='ltr'>πάντα.</span> <span class='ocrx_word' id='word_1_89' title='bbox 745 942 870 973; x_wconf 85' lang='grc' dir='ltr'>Τοιοῦτος</span> <span class='ocrx_word' id='word_1_90' title='bbox 886 942 935 977; x_wconf 82' lang='grc' dir='ltr'>μὲν</span> 
     </span>
    </p>
   </div>
   <div class='ocr_carea' id='block_1_18' title="bbox 127 987 936 1023">
    <p class='ocr_par' dir='ltr' id='par_1_18' title="bbox 127 987 936 1023">
     <span class='ocr_line' id='line_1_18' title="bbox 127 987 936 1023; baseline 0 -9"><span class='ocrx_word' id='word_1_91' title='bbox 127 988 234 1020; x_wconf 74' lang='grc' dir='ltr'>αὐτοῖς</span> <span class='ocrx_word' id='word_1_92' title='bbox 249 988 264 1014; x_wconf 86' lang='grc' dir='ltr'><strong>ό</strong></span> <span class='ocrx_word' id='word_1_93' title='bbox 283 988 370 1022; x_wconf 81' lang='grc' dir='ltr'>μέγας</span> <span class='ocrx_word' id='word_1_94' title='bbox 384 987 438 1014; x_wconf 83' lang='grc' dir='ltr'>τῶν</span> <span class='ocrx_word' id='word_1_95' title='bbox 467 987 526 1013; x_wconf 86' lang='grc' dir='ltr'>κατ’</span> <span class='ocrx_word' id='word_1_96' title='bbox 540 987 654 1023; x_wconf 75' lang='grc' dir='ltr'>οὐρανὸν</span> <span class='ocrx_word' id='word_1_97' title='bbox 679 988 851 1023; x_wconf 83' lang='grc' dir='ltr'>φαινομένων</span> <span class='ocrx_word' id='word_1_98' title='bbox 876 987 936 1020; x_wconf 81' lang='grc' dir='ltr'>Θεὸς</span> 
     </span>
    </p>
   </div>
   <div class='ocr_carea' id='block_1_19' title="bbox 127 1033 935 1069">
    <p class='ocr_par' dir='ltr' id='par_1_19' title="bbox 127 1033 935 1069">
     <span class='ocr_line' id='line_1_19' title="bbox 127 1033 935 1069; baseline 0.001 -9"><span class='ocrx_word' id='word_1_99' title='bbox 127 1034 226 1069; x_wconf 78' lang='grc' dir='ltr'>ἥλιος.</span> <span class='ocrx_word' id='word_1_100' title='bbox 245 1034 366 1069; x_wconf 83' lang='grc' dir='ltr'>Μωῡσῆς</span> <span class='ocrx_word' id='word_1_101' title='bbox 380 1034 418 1066; x_wconf 84' lang='grc' dir='ltr'>δὲ,</span> <span class='ocrx_word' id='word_1_102' title='bbox 431 1035 477 1061; x_wconf 77' lang='grc' dir='ltr'>καὶ</span> <span class='ocrx_word' id='word_1_103' title='bbox 493 1034 527 1061; x_wconf 85' lang='grc' dir='ltr'>τὰ</span> <span class='ocrx_word' id='word_1_104' title='bbox 544 1033 675 1069; x_wconf 79' lang='grc' dir='ltr'>Ἐϐραίων</span> <span class='ocrx_word' id='word_1_105' title='bbox 686 1034 763 1068; x_wconf 88' lang='grc' dir='ltr'>λόγια</span> <span class='ocrx_word' id='word_1_106' title='bbox 783 1035 857 1061; x_wconf 80' lang='grc' dir='ltr'>οὐδὲν</span> <span class='ocrx_word' id='word_1_107' title='bbox 874 1035 935 1061; x_wconf 81' lang='grc' dir='ltr'>τού-</span> 
     </span>
    </p>
   </div>
   <div class='ocr_carea' id='block_1_20' title="bbox 128 1080 474 1116">
    <p class='ocr_par' dir='ltr' id='par_1_20' title="bbox 128 1080 474 1116">
     <span class='ocr_line' id='line_1_20' title="bbox 128 1080 474 1116; baseline -0.003 -10"><span class='ocrx_word' id='word_1_108' title='bbox 128 1088 191 1106; x_wconf 73' lang='grc' dir='ltr'>των</span> <span class='ocrx_word' id='word_1_109' title='bbox 205 1080 450 1116; x_wconf 75' lang='grc' dir='ltr'>πεοιεργάξονται.</span> <span class='ocrx_word' id='word_1_110' title='bbox 464 1089 474 1105; x_wconf 76' lang='lat' dir='ltr'><strong>r</strong></span> 
     </span>
    </p>
   </div>
   <div class='ocr_carea' id='block_1_21' title="bbox 400 1201 692 1235">
    <p class='ocr_par' dir='ltr' id='par_1_21' title="bbox 400 1201 692 1235">
     <span class='ocr_line' id='line_1_21' title="bbox 400 1201 692 1235; baseline 0 -8"><span class='ocrx_word' id='word_1_111' title='bbox 400 1201 598 1227; x_wconf 77' lang='grc' dir='ltr'><strong>ΚΕΦΛΛΑῘΟΝ</strong></span> <span class='ocrx_word' id='word_1_112' title='bbox 621 1202 692 1235; x_wconf 69' lang='grc' dir='ltr'>κςι.</span> 
     </span>
    </p>
   </div>
   <div class='ocr_carea' id='block_1_22' title="bbox 425 1245 654 1280">
    <p class='ocr_par' dir='ltr' id='par_1_22' title="bbox 425 1245 654 1280">
     <span class='ocr_line' id='line_1_22' title="bbox 425 1245 654 1280; baseline -0.009 -7"><span class='ocrx_word' id='word_1_113' title='bbox 425 1246 495 1280; x_wconf 77' lang='grc' dir='ltr'>Περὶ</span> <span class='ocrx_word' id='word_1_114' title='bbox 511 1245 654 1280; x_wconf 74' lang='grc' dir='ltr'><strong>σελήνης.</strong></span> 
     </span>
    </p>
   </div>
   <div class='ocr_carea' id='block_1_23' title="bbox 178 1290 936 1329">
    <p class='ocr_par' dir='ltr' id='par_1_23' title="bbox 178 1290 936 1329">
     <span class='ocr_line' id='line_1_23' title="bbox 178 1290 936 1329; baseline 0.001 -9"><span class='ocrx_word' id='word_1_115' title='bbox 178 1303 189 1319; x_wconf 74' lang='grc' dir='ltr'><strong>ι</strong></span> <span class='ocrx_word' id='word_1_116' title='bbox 216 1293 430 1329; x_wconf 80' lang='grc' dir='ltr'>’Δναξίμανδρος</span> <span class='ocrx_word' id='word_1_117' title='bbox 443 1292 508 1328; x_wconf 62' lang='grc'>(54),</span> <span class='ocrx_word' id='word_1_118' title='bbox 529 1292 626 1319; x_wconf 82' lang='grc' dir='ltr'>κύκλον</span> <span class='ocrx_word' id='word_1_119' title='bbox 639 1290 708 1320; x_wconf 76' lang='grc' dir='ltr'>εἶναι</span> <span class='ocrx_word' id='word_1_120' title='bbox 732 1293 936 1321; x_wconf 73' lang='grc' dir='ltr'>ἐννεακαιδεκα-</span> 
     </span>
    </p>
   </div>
   <div class='ocr_carea' id='block_1_24' title="bbox 134 1339 935 1376">
    <p class='ocr_par' dir='ltr' id='par_1_24' title="bbox 134 1339 935 1376">
     <span class='ocr_line' id='line_1_24' title="bbox 134 1339 935 1376; baseline 0.001 -10"><span class='ocrx_word' id='word_1_121' title='bbox 134 1341 279 1367; x_wconf 67' lang='grc' dir='ltr'>πλασίονα</span> <span class='ocrx_word' id='word_1_122' title='bbox 300 1340 350 1375; x_wconf 84' lang='grc' dir='ltr'><strong>τῆς</strong></span> <span class='ocrx_word' id='word_1_123' title='bbox 373 1341 436 1375; x_wconf 85' lang='grc' dir='ltr'>γῆς,</span> <span class='ocrx_word' id='word_1_124' title='bbox 464 1339 558 1374; x_wconf 78' lang='grc' dir='ltr'>ὥσπερ</span> <span class='ocrx_word' id='word_1_125' title='bbox 575 1339 619 1365; x_wconf 76' lang='grc' dir='ltr'><strong>τὸν</strong></span> <span class='ocrx_word' id='word_1_126' title='bbox 634 1339 720 1374; x_wconf 81' lang='grc' dir='ltr'>ἡλίου,</span> <span class='ocrx_word' id='word_1_127' title='bbox 735 1340 825 1376; x_wconf 85' lang='grc' dir='ltr'>πλήρη</span> <span class='ocrx_word' id='word_1_128' title='bbox 841 1341 935 1376; x_wconf 77' lang='grc' dir='ltr'>πυρὸς,</span> 
     </span>
    </p>
   </div>
   <div class='ocr_carea' id='block_1_25' title="bbox 135 1386 935 1423">
    <p class='ocr_par' dir='ltr' id='par_1_25' title="bbox 135 1386 935 1423">
     <span class='ocr_line' id='line_1_25' title="bbox 135 1386 935 1423; baseline 0 -9"><span class='ocrx_word' id='word_1_129' title='bbox 135 1387 284 1414; x_wconf 71' lang='grc' dir='ltr'>ἐκλείπειν</span> <span class='ocrx_word' id='word_1_130' title='bbox 321 1387 348 1413; x_wconf 79' lang='grc' dir='ltr'>δὲ</span> <span class='ocrx_word' id='word_1_131' title='bbox 377 1386 447 1413; x_wconf 77' lang='grc' dir='ltr'>κατὰ</span> <span class='ocrx_word' id='word_1_132' title='bbox 474 1386 522 1417; x_wconf 74' lang='grc' dir='ltr'><strong>τὰς</strong></span> <span class='ocrx_word' id='word_1_133' title='bbox 559 1386 726 1421; x_wconf 76' lang='grc' dir='ltr'>ἐπιστροφὰς</span> <span class='ocrx_word' id='word_1_134' title='bbox 750 1386 797 1412; x_wconf 81' lang='grc' dir='ltr'>τοῦ</span> <span class='ocrx_word' id='word_1_135' title='bbox 827 1388 935 1423; x_wconf 81' lang='grc' dir='ltr'>τροχοῦ.</span> 
     </span>
    </p>
   </div>
   <div class='ocr_carea' id='block_1_26' title="bbox 136 1430 936 1469">
    <p class='ocr_par' dir='ltr' id='par_1_26' title="bbox 136 1430 936 1469">
     <span class='ocr_line' id='line_1_26' title="bbox 136 1430 936 1469; baseline 0 -9"><span class='ocrx_word' id='word_1_136' title='bbox 136 1434 261 1469; x_wconf 74' lang='grc' dir='ltr'>’Ὅμοιον</span> <span class='ocrx_word' id='word_1_137' title='bbox 277 1433 305 1459; x_wconf 76' lang='grc' dir='ltr'>δὲ</span> <span class='ocrx_word' id='word_1_138' title='bbox 318 1430 387 1459; x_wconf 75' lang='grc' dir='ltr'>εἶναι</span> <span class='ocrx_word' id='word_1_139' title='bbox 401 1432 542 1468; x_wconf 83' lang='grc' dir='ltr'>ἁρματείῳ</span> <span class='ocrx_word' id='word_1_140' title='bbox 555 1431 653 1468; x_wconf 81' lang='grc' dir='ltr'>τροχῷ,</span> <span class='ocrx_word' id='word_1_141' title='bbox 670 1431 762 1468; x_wconf 82' lang='grc' dir='ltr'>κοίλην</span> <span class='ocrx_word' id='word_1_142' title='bbox 785 1432 871 1468; x_wconf 82' lang='grc' dir='ltr'>ἔχοντι</span> <span class='ocrx_word' id='word_1_143' title='bbox 887 1434 936 1469; x_wconf 84' lang='grc' dir='ltr'>τὴν</span> 
     </span>
    </p>
   </div>
   <div class='ocr_carea' id='block_1_27' title="bbox 135 1478 937 1515">
    <p class='ocr_par' dir='ltr' id='par_1_27' title="bbox 135 1478 937 1515">
     <span class='ocr_line' id='line_1_27' title="bbox 135 1478 937 1515; baseline 0 -8"><span class='ocrx_word' id='word_1_144' title='bbox 135 1480 241 1515; x_wconf 64' lang='grc' dir='ltr'>ἁψῖδα,</span> <span class='ocrx_word' id='word_1_145' title='bbox 258 1480 305 1507; x_wconf 70' lang='grc' dir='ltr'>καὶ</span> <span class='ocrx_word' id='word_1_146' title='bbox 315 1479 399 1515; x_wconf 79' lang='grc' dir='ltr'>πυρὸς</span> <span class='ocrx_word' id='word_1_147' title='bbox 416 1479 517 1515; x_wconf 82' lang='grc' dir='ltr'>πλήρη,</span> <span class='ocrx_word' id='word_1_148' title='bbox 549 1479 595 1505; x_wconf 81' lang='grc' dir='ltr'>καὶ</span> <span class='ocrx_word' id='word_1_149' title='bbox 614 1478 678 1514; x_wconf 85' lang='grc' dir='ltr'>μίαν</span> <span class='ocrx_word' id='word_1_150' title='bbox 703 1479 831 1515; x_wconf 71' lang='grc' dir='ltr'>ἐκπνοήν.</span> <span class='ocrx_word' id='word_1_151' title='bbox 858 1480 937 1507; x_wconf 86' lang='grc' dir='ltr'>Ξενο-</span> 
     </span>
    </p>
   </div>
   <div class='ocr_carea' id='block_1_28' title="bbox 136 1523 934 1562">
    <p class='ocr_par' dir='ltr' id='par_1_28' title="bbox 136 1523 934 1562">
     <span class='ocr_line' id='line_1_28' title="bbox 136 1523 934 1562; baseline -0.001 -9"><span class='ocrx_word' id='word_1_152' title='bbox 136 1527 247 1562; x_wconf 78' lang='grc' dir='ltr'>φάνης,</span> <span class='ocrx_word' id='word_1_153' title='bbox 270 1525 349 1560; x_wconf 67' lang='grc' dir='ltr'>νέφος</span> <span class='ocrx_word' id='word_1_154' title='bbox 376 1523 445 1551; x_wconf 81' lang='grc' dir='ltr'>εἶναι</span> <span class='ocrx_word' id='word_1_155' title='bbox 468 1525 661 1561; x_wconf 82' lang='grc' dir='ltr'>πεπιλημένον.</span> <span class='ocrx_word' id='word_1_156' title='bbox 690 1524 723 1553; x_wconf 86' lang='grc' dir='ltr'><strong>οι</strong></span> <span class='ocrx_word' id='word_1_157' title='bbox 755 1526 869 1552; x_wconf 83' lang='grc' dir='ltr'>Στωϊκοὶ</span> <span class='ocrx_word' id='word_1_158' title='bbox 897 1526 934 1558; x_wconf 79' lang='grc' dir='ltr'>δὲ,</span> 
     </span>
    </p>
   </div>
   <div class='ocr_carea' id='block_1_29' title="bbox 140 1570 936 1608">
    <p class='ocr_par' dir='ltr' id='par_1_29' title="bbox 140 1570 936 1608">
     <span class='ocr_line' id='line_1_29' title="bbox 140 1570 936 1608; baseline 0 -9"><span class='ocrx_word' id='word_1_159' title='bbox 140 1573 245 1608; x_wconf 71' lang='grc' dir='ltr'>μικτὸν</span> <span class='ocrx_word' id='word_1_160' title='bbox 260 1573 291 1599; x_wconf 84' lang='grc' dir='ltr'>ὲκ</span> <span class='ocrx_word' id='word_1_161' title='bbox 305 1571 391 1608; x_wconf 81' lang='grc' dir='ltr'>πυρὸς</span> <span class='ocrx_word' id='word_1_162' title='bbox 422 1571 470 1598; x_wconf 67' lang='grc' dir='ltr'><strong>καὶ</strong></span> <span class='ocrx_word' id='word_1_163' title='bbox 502 1570 591 1607; x_wconf 82' lang='grc' dir='ltr'>ἀέρος.</span> <span class='ocrx_word' id='word_1_164' title='bbox 611 1571 733 1604; x_wconf 77' lang='grc' dir='ltr'>Πλάτων,</span> <span class='ocrx_word' id='word_1_165' title='bbox 762 1572 794 1598; x_wconf 78' lang='grc' dir='ltr'>ἐκ</span> <span class='ocrx_word' id='word_1_166' title='bbox 815 1572 936 1604; x_wconf 80' lang='grc' dir='ltr'>πλείονος</span> 
     </span>
    </p>
   </div>
   <div class='ocr_carea' id='block_1_30' title="bbox 139 1606 970 1655">
    <p class='ocr_par' dir='ltr' id='par_1_30' title="bbox 139 1606 970 1655">
     <span class='ocr_line' id='line_1_30' title="bbox 139 1606 970 1655; baseline -0.005 -8"><span class='ocrx_word' id='word_1_167' title='bbox 139 1606 189 1647; x_wconf 64' lang='grc' dir='ltr'><strong>τοῦ</strong></span> <span class='ocrx_word' id='word_1_168' title='bbox 199 1620 319 1655; x_wconf 81' lang='grc' dir='ltr'><strong>γεώδους</strong></span> <span class='ocrx_word' id='word_1_169' title='bbox 329 1606 393 1655; x_wconf 58' lang='lat'><strong>(35).</strong></span> <span class='ocrx_word' id='word_1_170' title='bbox 405 1606 598 1653; x_wconf 83' lang='grc' dir='ltr'>Ἀναξαγόρας,</span> <span class='ocrx_word' id='word_1_171' title='bbox 606 1617 783 1653; x_wconf 86' lang='grc' dir='ltr'>Δημόκριτος,</span> <span class='ocrx_word' id='word_1_172' title='bbox 796 1618 936 1654; x_wconf 75' lang='grc' dir='ltr'>στερέωμα</span> <span class='ocrx_word' id='word_1_173' title='bbox 950 1606 970 1635; x_wconf 78' lang='lat' dir='ltr'><strong>C</strong></span> 
     </span>
    </p>
   </div>
   <div class='ocr_carea' id='block_1_31' title="bbox 140 1664 938 1703">
    <p class='ocr_par' dir='ltr' id='par_1_31' title="bbox 140 1664 938 1703">
     <span class='ocr_line' id='line_1_31' title="bbox 140 1664 938 1703; baseline -0.005 -9"><span class='ocrx_word' id='word_1_174' title='bbox 140 1667 290 1703; x_wconf 81' lang='grc' dir='ltr'>διάπυρον.</span> <span class='ocrx_word' id='word_1_175' title='bbox 306 1666 366 1701; x_wconf 76' lang='grc' dir='ltr'>ἔχον</span> <span class='ocrx_word' id='word_1_176' title='bbox 389 1666 418 1692; x_wconf 77' lang='grc' dir='ltr'>ἐν</span> <span class='ocrx_word' id='word_1_177' title='bbox 443 1664 530 1700; x_wconf 81' lang='grc' dir='ltr'>ἑαυτῷ</span> <span class='ocrx_word' id='word_1_178' title='bbox 545 1664 634 1696; x_wconf 85' lang='grc' dir='ltr'>πεδία,</span> <span class='ocrx_word' id='word_1_179' title='bbox 659 1665 706 1691; x_wconf 67' lang='grc' dir='ltr'><strong>κα)⁴</strong></span> <span class='ocrx_word' id='word_1_180' title='bbox 729 1664 790 1699; x_wconf 78' lang='grc' dir='ltr'>ὅρη,</span> <span class='ocrx_word' id='word_1_181' title='bbox 811 1664 858 1691; x_wconf 75' lang='grc' dir='ltr'>καὶ</span> <span class='ocrx_word' id='word_1_182' title='bbox 886 1665 938 1700; x_wconf 70' lang='grc' dir='ltr'><strong>φάο</strong></span> 
     </span>
    </p>
   </div>
   <div class='ocr_carea' id='block_1_32' title="bbox 142 1710 936 1750">
    <p class='ocr_par' dir='ltr' id='par_1_32' title="bbox 142 1710 936 1750">
     <span class='ocr_line' id='line_1_32' title="bbox 142 1710 936 1750; baseline -0.004 -9"><span class='ocrx_word' id='word_1_183' title='bbox 142 1722 265 1750; x_wconf 85' lang='grc' dir='ltr'>ραγγας.</span> <span class='ocrx_word' id='word_1_184' title='bbox 282 1710 526 1749; x_wconf 78' lang='grc' dir='ltr'>Ἡράκλειτος,γῆν</span> <span class='ocrx_word' id='word_1_185' title='bbox 542 1710 642 1746; x_wconf 86' lang='grc' dir='ltr'>ὁμίχλῃ</span> <span class='ocrx_word' id='word_1_186' title='bbox 655 1710 860 1746; x_wconf 75' lang='grc' dir='ltr'>περιεχομένην.</span> <span class='ocrx_word' id='word_1_187' title='bbox 881 1711 936 1738; x_wconf 89' lang='grc' dir='ltr'><strong>Πυ-</strong></span> 
     </span>
    </p>
   </div>
   <div class='ocr_carea' id='block_1_33' title="bbox 141 1756 817 1796">
    <p class='ocr_par' dir='ltr' id='par_1_33' title="bbox 141 1756 817 1796">
     <span class='ocr_line' id='line_1_33' title="bbox 141 1756 817 1796; baseline -0.004 -10"><span class='ocrx_word' id='word_1_188' title='bbox 141 1759 279 1796; x_wconf 81' lang='grc' dir='ltr'>Θαγόρας,</span> <span class='ocrx_word' id='word_1_189' title='bbox 299 1757 369 1785; x_wconf 80' lang='grc' dir='ltr'>κατὰ</span> <span class='ocrx_word' id='word_1_190' title='bbox 383 1757 413 1783; x_wconf 72' lang='grc' dir='ltr'><strong>το</strong></span> <span class='ocrx_word' id='word_1_191' title='bbox 430 1756 571 1792; x_wconf 77' lang='grc' dir='ltr'>πυροειδὲς</span> <span class='ocrx_word' id='word_1_192' title='bbox 585 1756 663 1791; x_wconf 80' lang='grc' dir='ltr'>σῶμα</span> <span class='ocrx_word' id='word_1_193' title='bbox 678 1756 817 1791; x_wconf 75' lang='grc' dir='ltr'>σελήνης.»</span> 
     </span>
    </p>
   </div>
   <div class='ocr_carea' id='block_1_34' title="bbox 729 182 1202 212">
    <p class='ocr_par' dir='ltr' id='par_1_34' title="bbox 729 182 1202 212">
     <span class='ocr_line' id='line_1_34' title="bbox 729 182 1202 212; baseline -0.008 0"><span class='ocrx_word' id='word_1_194' title='bbox 729 185 888 212; x_wconf 69' lang='lat' dir='ltr'><strong>PRAiPAR.</strong></span> <span class='ocrx_word' id='word_1_195' title='bbox 911 183 1036 211; x_wconf 75' lang='lat' dir='ltr'><strong>EVANG.</strong></span> <span class='ocrx_word' id='word_1_196' title='bbox 1055 182 1122 209; x_wconf 80' lang='lat' dir='ltr'><strong>LIB.</strong></span> <span class='ocrx_word' id='word_1_197' title='bbox 1143 182 1202 209; x_wconf 84' lang='lat' dir='ltr'><strong>XV.</strong></span> 
     </span>
    </p>
   </div>
   <div class='ocr_carea' id='block_1_35' title="bbox 1705 181 1774 208">
    <p class='ocr_par' dir='ltr' id='par_1_35' title="bbox 1705 181 1774 208">
     <span class='ocr_line' id='line_1_35' title="bbox 1705 181 1774 208; baseline 0 0"><span class='ocrx_word' id='word_1_198' title='bbox 1705 181 1774 208; x_wconf 71' lang='grc'><strong>1573</strong></span> 
     </span>
    </p>
   </div>
   <div class='ocr_carea' id='block_1_36' title="bbox 1210 240 1534 277">
    <p class='ocr_par' dir='ltr' id='par_1_36' title="bbox 1210 240 1534 277">
     <span class='ocr_line' id='line_1_36' title="bbox 1210 240 1534 277; baseline -0.003 -9"><span class='ocrx_word' id='word_1_199' title='bbox 1210 242 1291 277; x_wconf 74' lang='lat'><strong>337</strong></span> <span class='ocrx_word' id='word_1_200' title='bbox 1312 240 1425 268; x_wconf 66' lang='lat' dir='ltr'><strong>CAPUT</strong></span> <span class='ocrx_word' id='word_1_201' title='bbox 1441 240 1534 267; x_wconf 80' lang='lat' dir='ltr'><strong>xxrv.</strong></span> 
     </span>
    </p>
   </div>
   <div class='ocr_carea' id='block_1_37' title="bbox 1219 288 1544 327">
    <p class='ocr_par' dir='ltr' id='par_1_37' title="bbox 1219 288 1544 327">
     <span class='ocr_line' id='line_1_37' title="bbox 1219 288 1544 327; baseline -0.006 -12"><span class='ocrx_word' id='word_1_202' title='bbox 1219 289 1257 315; x_wconf 81' lang='lat' dir='ltr'><strong>De</strong></span> <span class='ocrx_word' id='word_1_203' title='bbox 1273 288 1336 315; x_wconf 77' lang='lat' dir='ltr'><strong>salis</strong></span> <span class='ocrx_word' id='word_1_204' title='bbox 1353 288 1544 327; x_wconf 66' lang='lat' dir='ltr'><strong>magnitudine.</strong></span> 
     </span>
    </p>
   </div>
   <div class='ocr_carea' id='block_1_38' title="bbox 1027 333 1776 369">
    <p class='ocr_par' dir='ltr' id='par_1_38' title="bbox 1027 333 1776 369">
     <span class='ocr_line' id='line_1_38' title="bbox 1027 333 1776 369; baseline -0.001 -7"><span class='ocrx_word' id='word_1_205' title='bbox 1027 345 1036 361; x_wconf 73' lang='grc' dir='ltr'><strong>ε</strong></span> <span class='ocrx_word' id='word_1_206' title='bbox 1052 334 1264 367; x_wconf 87' lang='lat' dir='ltr'><strong>Anaximander,</strong></span> <span class='ocrx_word' id='word_1_207' title='bbox 1286 334 1418 369; x_wconf 74' lang='lat' dir='ltr'><strong>aequalem</strong></span> <span class='ocrx_word' id='word_1_208' title='bbox 1442 339 1520 361; x_wconf 75' lang='lat' dir='ltr'><strong>terra:</strong></span> <span class='ocrx_word' id='word_1_209' title='bbox 1539 333 1622 360; x_wconf 87' lang='lat' dir='ltr'><strong>solem</strong></span> <span class='ocrx_word' id='word_1_210' title='bbox 1644 340 1721 364; x_wconf 82' lang='lat' dir='ltr'><strong>esse:</strong></span> <span class='ocrx_word' id='word_1_211' title='bbox 1748 339 1776 361; x_wconf 83' lang='lat' dir='ltr'><strong>at</strong></span> 
     </span>
    </p>
   </div>
   <div class='ocr_carea' id='block_1_39' title="bbox 987 379 1776 415">
    <p class='ocr_par' dir='ltr' id='par_1_39' title="bbox 987 379 1776 415">
     <span class='ocr_line' id='line_1_39' title="bbox 987 379 1776 415; baseline -0.001 -7"><span class='ocrx_word' id='word_1_212' title='bbox 987 389 1049 408; x_wconf 90' lang='lat' dir='ltr'><strong>eum</strong></span> <span class='ocrx_word' id='word_1_213' title='bbox 1062 381 1206 413; x_wconf 84' lang='lat' dir='ltr'><strong>circulum,</strong></span> <span class='ocrx_word' id='word_1_214' title='bbox 1216 381 1287 407; x_wconf 89' lang='lat' dir='ltr'><strong>unde</strong></span> <span class='ocrx_word' id='word_1_215' title='bbox 1298 380 1449 415; x_wconf 76' lang='lat' dir='ltr'><strong>respirandi</strong></span> <span class='ocrx_word' id='word_1_216' title='bbox 1462 380 1514 406; x_wconf 88' lang='lat' dir='ltr'><strong>vim</strong></span> <span class='ocrx_word' id='word_1_217' title='bbox 1526 384 1551 407; x_wconf 89' lang='lat' dir='ltr'><strong>et</strong></span> <span class='ocrx_word' id='word_1_218' title='bbox 1561 379 1714 407; x_wconf 73' lang='lat' dir='ltr'><strong>facultatem</strong></span> <span class='ocrx_word' id='word_1_219' title='bbox 1727 380 1776 407; x_wconf 65' lang='lat' dir='ltr'><strong>lia-</strong></span> 
     </span>
    </p>
   </div>
   <div class='ocr_carea' id='block_1_40' title="bbox 989 424 1774 459">
    <p class='ocr_par' dir='ltr' id='par_1_40' title="bbox 989 424 1774 459">
     <span class='ocr_line' id='line_1_40' title="bbox 989 424 1774 459; baseline 0.001 -8"><span class='ocrx_word' id='word_1_220' title='bbox 989 425 1061 458; x_wconf 84' lang='lat' dir='ltr'><strong>beat,</strong></span> <span class='ocrx_word' id='word_1_221' title='bbox 1069 425 1162 452; x_wconf 88' lang='lat' dir='ltr'><strong>eadem</strong></span> <span class='ocrx_word' id='word_1_222' title='bbox 1175 429 1278 459; x_wconf 81' lang='lat' dir='ltr'><strong>septem</strong></span> <span class='ocrx_word' id='word_1_223' title='bbox 1289 430 1315 451; x_wconf 88' lang='lat' dir='ltr'><strong>et</strong></span> <span class='ocrx_word' id='word_1_224' title='bbox 1326 424 1419 459; x_wconf 75' lang='lat' dir='ltr'><strong>viginti</strong></span> <span class='ocrx_word' id='word_1_225' title='bbox 1432 424 1554 459; x_wconf 80' lang='lat' dir='ltr'><strong>partibus</strong></span> <span class='ocrx_word' id='word_1_226' title='bbox 1566 432 1626 452; x_wconf 87' lang='lat' dir='ltr'><strong>esse</strong></span> <span class='ocrx_word' id='word_1_227' title='bbox 1634 424 1774 459; x_wconf 83' lang='lat' dir='ltr'><strong>majorem.</strong></span> 
     </span>
    </p>
   </div>
   <div class='ocr_carea' id='block_1_41' title="bbox 988 470 1776 506">
    <p class='ocr_par' dir='ltr' id='par_1_41' title="bbox 988 470 1776 506">
     <span class='ocr_line' id='line_1_41' title="bbox 988 470 1776 506; baseline 0 -8"><span class='ocrx_word' id='word_1_228' title='bbox 988 471 1173 506; x_wconf 75' lang='lat' dir='ltr'><strong>Anaxagoras,</strong></span> <span class='ocrx_word' id='word_1_229' title='bbox 1197 470 1321 505; x_wconf 85' lang='lat' dir='ltr'><strong>pluribus</strong></span> <span class='ocrx_word' id='word_1_230' title='bbox 1342 478 1404 497; x_wconf 87' lang='lat' dir='ltr'><strong>eum</strong></span> <span class='ocrx_word' id='word_1_231' title='bbox 1431 470 1536 498; x_wconf 83' lang='lat' dir='ltr'><strong>vicibus</strong></span> <span class='ocrx_word' id='word_1_232' title='bbox 1559 470 1776 505; x_wconf 78' lang='lat' dir='ltr'><strong>Peloponnesum</strong></span> 
     </span>
    </p>
   </div>
   <div class='ocr_carea' id='block_1_42' title="bbox 988 515 1777 551">
    <p class='ocr_par' dir='ltr' id='par_1_42' title="bbox 988 515 1777 551">
     <span class='ocr_line' id='line_1_42' title="bbox 988 515 1777 551; baseline 0 -8"><span class='ocrx_word' id='word_1_233' title='bbox 988 517 1140 551; x_wconf 72' lang='lat' dir='ltr'><strong>adaequare.</strong></span> <span class='ocrx_word' id='word_1_234' title='bbox 1153 515 1316 548; x_wconf 72' lang='lat' dir='ltr'><strong>Heraclitus,</strong></span> <span class='ocrx_word' id='word_1_235' title='bbox 1330 515 1441 542; x_wconf 87' lang='lat' dir='ltr'><strong>humani</strong></span> <span class='ocrx_word' id='word_1_236' title='bbox 1458 515 1534 550; x_wconf 91' lang='lat' dir='ltr'><strong>pedis</strong></span> <span class='ocrx_word' id='word_1_237' title='bbox 1548 516 1690 543; x_wconf 89' lang='lat' dir='ltr'><strong>latitudine</strong></span> <span class='ocrx_word' id='word_1_238' title='bbox 1702 524 1777 544; x_wconf 87' lang='lat' dir='ltr'><strong>com-</strong></span> 
     </span>
    </p>
   </div>
   <div class='ocr_carea' id='block_1_43' title="bbox 987 561 1775 597">
    <p class='ocr_par' dir='ltr' id='par_1_43' title="bbox 987 561 1775 597">
     <span class='ocr_line' id='line_1_43' title="bbox 987 561 1775 597; baseline -0.001 -8"><span class='ocrx_word' id='word_1_239' title='bbox 987 562 1127 597; x_wconf 83' lang='lat' dir='ltr'><strong>prehendi.</strong></span> <span class='ocrx_word' id='word_1_240' title='bbox 1147 561 1281 596; x_wconf 85' lang='lat' dir='ltr'><strong>Epicurus</strong></span> <span class='ocrx_word' id='word_1_241' title='bbox 1306 561 1411 593; x_wconf 90' lang='lat' dir='ltr'><strong>itidem,</strong></span> <span class='ocrx_word' id='word_1_242' title='bbox 1433 562 1574 596; x_wconf 83' lang='lat' dir='ltr'><strong>superiora</strong></span> <span class='ocrx_word' id='word_1_243' title='bbox 1597 562 1689 589; x_wconf 82' lang='lat' dir='ltr'><strong>omnia</strong></span> <span class='ocrx_word' id='word_1_244' title='bbox 1713 566 1775 589; x_wconf 83' lang='lat' dir='ltr'><strong>vera</strong></span> 
     </span>
    </p>
   </div>
   <div class='ocr_carea' id='block_1_44' title="bbox 989 607 1777 643">
    <p class='ocr_par' dir='ltr' id='par_1_44' title="bbox 989 607 1777 643">
     <span class='ocr_line' id='line_1_44' title="bbox 989 607 1777 643; baseline 0 -8"><span class='ocrx_word' id='word_1_245' title='bbox 989 615 1049 635; x_wconf 86' lang='lat' dir='ltr'><strong>esse</strong></span> <span class='ocrx_word' id='word_1_246' title='bbox 1062 615 1161 643; x_wconf 77' lang='lat' dir='ltr'><strong>pOSSe;</strong></span> <span class='ocrx_word' id='word_1_247' title='bbox 1177 608 1232 635; x_wconf 89' lang='lat' dir='ltr'><strong>imo</strong></span> <span class='ocrx_word' id='word_1_248' title='bbox 1249 612 1352 635; x_wconf 89' lang='lat' dir='ltr'><strong>tantum</strong></span> <span class='ocrx_word' id='word_1_249' title='bbox 1367 608 1461 641; x_wconf 89' lang='lat' dir='ltr'><strong>etiam,</strong></span> <span class='ocrx_word' id='word_1_250' title='bbox 1476 612 1595 643; x_wconf 83' lang='lat' dir='ltr'><strong>quantus</strong></span> <span class='ocrx_word' id='word_1_251' title='bbox 1612 608 1691 635; x_wconf 89' lang='lat' dir='ltr'><strong>nobis</strong></span> <span class='ocrx_word' id='word_1_252' title='bbox 1706 607 1777 635; x_wconf 86' lang='lat' dir='ltr'><strong>vide-</strong></span> 
     </span>
    </p>
   </div>
   <div class='ocr_carea' id='block_1_45' title="bbox 989 653 1662 689">
    <p class='ocr_par' dir='ltr' id='par_1_45' title="bbox 989 653 1662 689">
     <span class='ocr_line' id='line_1_45' title="bbox 989 653 1662 689; baseline 0 -8"><span class='ocrx_word' id='word_1_253' title='bbox 989 660 1033 681; x_wconf 93' lang='lat' dir='ltr'><strong>tur</strong></span> <span class='ocrx_word' id='word_1_254' title='bbox 1058 659 1104 681; x_wconf 88' lang='lat' dir='ltr'><strong>aut</strong></span> <span class='ocrx_word' id='word_1_255' title='bbox 1118 653 1247 688; x_wconf 84' lang='lat' dir='ltr'><strong>majorem</strong></span> <span class='ocrx_word' id='word_1_256' title='bbox 1261 654 1353 689; x_wconf 91' lang='lat' dir='ltr'><strong>paulo,</strong></span> <span class='ocrx_word' id='word_1_257' title='bbox 1365 654 1480 689; x_wconf 81' lang='lat' dir='ltr'><strong>paulove</strong></span> <span class='ocrx_word' id='word_1_258' title='bbox 1492 655 1635 682; x_wconf 82' lang='lat' dir='ltr'><strong>minorem.</strong></span> <span class='ocrx_word' id='word_1_259' title='bbox 1652 664 1662 681; x_wconf 73' lang='grc' dir='ltr'><strong>ι</strong></span> 
     </span>
    </p>
   </div>
   <div class='ocr_carea' id='block_1_46' title="bbox 1278 700 1481 727">
    <p class='ocr_par' dir='ltr' id='par_1_46' title="bbox 1278 700 1481 727">
     <span class='ocr_line' id='line_1_46' title="bbox 1278 700 1481 727; baseline -0.005 0"><span class='ocrx_word' id='word_1_260' title='bbox 1278 700 1393 727; x_wconf 81' lang='lat' dir='ltr'><strong>CAPUT</strong></span> <span class='ocrx_word' id='word_1_261' title='bbox 1408 700 1481 726; x_wconf 87' lang='lat' dir='ltr'><strong>XXV</strong></span> 
     </span>
    </p>
   </div>
   <div class='ocr_carea' id='block_1_47' title="bbox 1267 746 1489 781">
    <p class='ocr_par' dir='ltr' id='par_1_47' title="bbox 1267 746 1489 781">
     <span class='ocr_line' id='line_1_47' title="bbox 1267 746 1489 781; baseline 0.005 -9"><span class='ocrx_word' id='word_1_262' title='bbox 1267 746 1306 772; x_wconf 83' lang='lat' dir='ltr'><strong>De</strong></span> <span class='ocrx_word' id='word_1_263' title='bbox 1317 748 1380 773; x_wconf 74' lang='lat' dir='ltr'><strong>solis</strong></span> <span class='ocrx_word' id='word_1_264' title='bbox 1393 747 1489 781; x_wconf 81' lang='lat' dir='ltr'><strong>ﬁgura.</strong></span> 
     </span>
    </p>
   </div>
   <div class='ocr_carea' id='block_1_48' title="bbox 1026 792 1776 826">
    <p class='ocr_par' dir='ltr' id='par_1_48' title="bbox 1026 792 1776 826">
     <span class='ocr_line' id='line_1_48' title="bbox 1026 792 1776 826; baseline 0.001 -7"><span class='ocrx_word' id='word_1_265' title='bbox 1026 802 1035 819; x_wconf 85' lang='grc'><em>‹</em></span> <span class='ocrx_word' id='word_1_266' title='bbox 1051 793 1244 824; x_wconf 78' lang='lat' dir='ltr'><strong>Anaximenes.</strong></span> <span class='ocrx_word' id='word_1_267' title='bbox 1255 793 1363 820; x_wconf 77' lang='lat' dir='ltr'><strong>laminae</strong></span> <span class='ocrx_word' id='word_1_268' title='bbox 1375 792 1518 826; x_wconf 82' lang='lat' dir='ltr'><strong>cujusdam</strong></span> <span class='ocrx_word' id='word_1_269' title='bbox 1533 800 1608 819; x_wconf 89' lang='lat' dir='ltr'><strong>more</strong></span> <span class='ocrx_word' id='word_1_270' title='bbox 1619 792 1703 819; x_wconf 87' lang='lat' dir='ltr'><strong>latum</strong></span> <span class='ocrx_word' id='word_1_271' title='bbox 1716 800 1776 820; x_wconf 78' lang='lat' dir='ltr'><strong>esse</strong></span> 
     </span>
    </p>
   </div>
   <div class='ocr_carea' id='block_1_49' title="bbox 988 837 1776 873">
    <p class='ocr_par' dir='ltr' id='par_1_49' title="bbox 988 837 1776 873">
     <span class='ocr_line' id='line_1_49' title="bbox 988 837 1776 873; baseline -0.001 -8"><span class='ocrx_word' id='word_1_272' title='bbox 988 839 1085 866; x_wconf 91' lang='lat' dir='ltr'><strong>solem.</strong></span> <span class='ocrx_word' id='word_1_273' title='bbox 1106 837 1266 871; x_wconf 84' lang='lat' dir='ltr'><strong>Heraclitus,</strong></span> <span class='ocrx_word' id='word_1_274' title='bbox 1286 839 1394 873; x_wconf 64' lang='lat' dir='ltr'><strong>srapha?</strong></span> <span class='ocrx_word' id='word_1_275' title='bbox 1415 847 1469 865; x_wconf 90' lang='lat' dir='ltr'><strong>non</strong></span> <span class='ocrx_word' id='word_1_276' title='bbox 1497 838 1659 870; x_wconf 84' lang='lat' dir='ltr'><strong>absimilem,</strong></span> <span class='ocrx_word' id='word_1_277' title='bbox 1682 838 1776 865; x_wconf 88' lang='lat' dir='ltr'><strong>incur-</strong></span> 
     </span>
    </p>
   </div>
   <div class='ocr_carea' id='block_1_50' title="bbox 987 884 1776 919">
    <p class='ocr_par' dir='ltr' id='par_1_50' title="bbox 987 884 1776 919">
     <span class='ocr_line' id='line_1_50' title="bbox 987 884 1776 919; baseline -0.001 -8"><span class='ocrx_word' id='word_1_278' title='bbox 987 892 1106 919; x_wconf 75' lang='lat' dir='ltr'><strong>vumque</strong></span> <span class='ocrx_word' id='word_1_279' title='bbox 1121 884 1255 912; x_wconf 88' lang='lat' dir='ltr'><strong>nonnihil.</strong></span> <span class='ocrx_word' id='word_1_280' title='bbox 1275 884 1370 917; x_wconf 88' lang='lat' dir='ltr'><strong>Stoici,</strong></span> <span class='ocrx_word' id='word_1_281' title='bbox 1386 884 1541 919; x_wconf 78' lang='lat' dir='ltr'><strong>globosum,</strong></span> <span class='ocrx_word' id='word_1_282' title='bbox 1556 884 1645 918; x_wconf 85' lang='lat' dir='ltr'><strong>qualis</strong></span> <span class='ocrx_word' id='word_1_283' title='bbox 1657 889 1684 911; x_wconf 90' lang='lat' dir='ltr'><strong>et</strong></span> <span class='ocrx_word' id='word_1_284' title='bbox 1696 892 1776 910; x_wconf 56' lang='lat' dir='ltr'><strong>muu‘</strong></span> 
     </span>
    </p>
   </div>
   <div class='ocr_carea' id='block_1_51' title="bbox 951 927 1776 962">
    <p class='ocr_par' dir='ltr' id='par_1_51' title="bbox 951 927 1776 962">
     <span class='ocr_line' id='line_1_51' title="bbox 951 927 1776 962; baseline -0.006 -5"><span class='ocrx_word' id='word_1_285' title='bbox 951 931 971 958; x_wconf 84' lang='grc' dir='ltr'>Β</span> <span class='ocrx_word' id='word_1_286' title='bbox 986 930 1037 957; x_wconf 89' lang='lat' dir='ltr'><strong>dus</strong></span> <span class='ocrx_word' id='word_1_287' title='bbox 1051 934 1076 956; x_wconf 89' lang='lat' dir='ltr'><strong>et</strong></span> <span class='ocrx_word' id='word_1_288' title='bbox 1094 933 1165 956; x_wconf 89' lang='lat' dir='ltr'><strong>astra</strong></span> <span class='ocrx_word' id='word_1_289' title='bbox 1180 929 1271 956; x_wconf 86' lang='lat' dir='ltr'><strong>omnia</strong></span> <span class='ocrx_word' id='word_1_290' title='bbox 1290 928 1355 955; x_wconf 87' lang='lat' dir='ltr'><strong>sint.</strong></span> <span class='ocrx_word' id='word_1_291' title='bbox 1377 928 1519 962; x_wconf 85' lang='lat' dir='ltr'><strong>Epicurus,</strong></span> <span class='ocrx_word' id='word_1_292' title='bbox 1534 928 1591 954; x_wconf 68' lang='lat' dir='ltr'><strong>hmo</strong></span> <span class='ocrx_word' id='word_1_293' title='bbox 1605 927 1694 954; x_wconf 87' lang='lat' dir='ltr'><strong>omnia</strong></span> <span class='ocrx_word' id='word_1_294' title='bbox 1709 934 1760 961; x_wconf 91' lang='lat' dir='ltr'><strong>pro</strong></span> <span class='ocrx_word' id='word_1_295' title='bbox 1770 941 1776 946; x_wconf 96' lang='lat'><strong><em>-</em></strong></span> 
     </span>
    </p>
   </div>
   <div class='ocr_carea' id='block_1_52' title="bbox 987 973 1775 1008">
    <p class='ocr_par' dir='ltr' id='par_1_52' title="bbox 987 973 1775 1008">
     <span class='ocr_line' id='line_1_52' title="bbox 987 973 1775 1008; baseline -0.006 -5"><span class='ocrx_word' id='word_1_296' title='bbox 987 976 1125 1003; x_wconf 89' lang='lat' dir='ltr'><strong>babililate</strong></span> <span class='ocrx_word' id='word_1_297' title='bbox 1140 983 1190 1003; x_wconf 89' lang='lat' dir='ltr'><strong>sua</strong></span> <span class='ocrx_word' id='word_1_298' title='bbox 1205 983 1260 1003; x_wconf 93' lang='lat' dir='ltr'><strong>non</strong></span> <span class='ocrx_word' id='word_1_299' title='bbox 1275 982 1378 1002; x_wconf 78' lang='lat' dir='ltr'><strong>carere.</strong></span> <span class='ocrx_word' id='word_1_300' title='bbox 1398 974 1486 1008; x_wconf 83' lang='lat' dir='ltr'><strong>Atque</strong></span> <span class='ocrx_word' id='word_1_301' title='bbox 1503 974 1658 1008; x_wconf 88' lang='lat' dir='ltr'><strong>hujusmodi</strong></span> <span class='ocrx_word' id='word_1_302' title='bbox 1678 973 1775 1004; x_wconf 78' lang='lat' dir='ltr'><strong>solent,</strong></span> 
     </span>
    </p>
   </div>
   <div class='ocr_carea' id='block_1_53' title="bbox 987 1019 1776 1057">
    <p class='ocr_par' dir='ltr' id='par_1_53' title="bbox 987 1019 1776 1057">
     <span class='ocr_line' id='line_1_53' title="bbox 987 1019 1776 1057; baseline -0.008 -7"><span class='ocrx_word' id='word_1_303' title='bbox 987 1030 1116 1057; x_wconf 87' lang='lat' dir='ltr'><strong>magnum</strong></span> <span class='ocrx_word' id='word_1_304' title='bbox 1130 1023 1194 1049; x_wconf 93' lang='lat' dir='ltr'><strong>illud</strong></span> <span class='ocrx_word' id='word_1_305' title='bbox 1203 1030 1309 1054; x_wconf 88' lang='lat' dir='ltr'><strong>eorum,</strong></span> <span class='ocrx_word' id='word_1_306' title='bbox 1322 1029 1382 1056; x_wconf 69' lang='lat' dir='ltr'><strong>quae</strong></span> <span class='ocrx_word' id='word_1_307' title='bbox 1398 1021 1424 1048; x_wconf 92' lang='lat' dir='ltr'><strong>in</strong></span> <span class='ocrx_word' id='word_1_308' title='bbox 1435 1020 1503 1048; x_wconf 72' lang='lat' dir='ltr'><strong>cado</strong></span> <span class='ocrx_word' id='word_1_309' title='bbox 1516 1020 1639 1047; x_wconf 80' lang='lat' dir='ltr'><strong>videntur</strong></span> <span class='ocrx_word' id='word_1_310' title='bbox 1654 1019 1776 1046; x_wconf 88' lang='lat' dir='ltr'><strong>omnium</strong></span> 
     </span>
    </p>
   </div>
   <div class='ocr_carea' id='block_1_54' title="bbox 987 1063 1777 1104">
    <p class='ocr_par' dir='ltr' id='par_1_54' title="bbox 987 1063 1777 1104">
     <span class='ocr_line' id='line_1_54' title="bbox 987 1063 1777 1104; baseline -0.009 -8"><span class='ocrx_word' id='word_1_311' title='bbox 987 1076 1088 1096; x_wconf 88' lang='lat' dir='ltr'><strong>numen</strong></span> <span class='ocrx_word' id='word_1_312' title='bbox 1105 1076 1166 1096; x_wconf 90' lang='lat' dir='ltr'><strong>esse</strong></span> <span class='ocrx_word' id='word_1_313' title='bbox 1189 1066 1345 1104; x_wconf 87' lang='lat' dir='ltr'><strong>philosophi</strong></span> <span class='ocrx_word' id='word_1_314' title='bbox 1366 1070 1540 1101; x_wconf 85' lang='lat' dir='ltr'><strong>putaverunt.</strong></span> <span class='ocrx_word' id='word_1_315' title='bbox 1563 1064 1597 1092; x_wconf 90' lang='lat' dir='ltr'><strong>At</strong></span> <span class='ocrx_word' id='word_1_316' title='bbox 1613 1064 1701 1091; x_wconf 85' lang='lat' dir='ltr'><strong>Moses</strong></span> <span class='ocrx_word' id='word_1_317' title='bbox 1726 1063 1777 1090; x_wconf 88' lang='lat' dir='ltr'><strong>lle-</strong></span> 
     </span>
    </p>
   </div>
   <div class='ocr_carea' id='block_1_55' title="bbox 988 1110 1776 1148">
    <p class='ocr_par' dir='ltr' id='par_1_55' title="bbox 988 1110 1776 1148">
     <span class='ocr_line' id='line_1_55' title="bbox 988 1110 1776 1148; baseline -0.006 -7"><span class='ocrx_word' id='word_1_318' title='bbox 988 1115 1180 1148; x_wconf 64' lang='lat' dir='ltr'><strong>braaorumque</strong></span> <span class='ocrx_word' id='word_1_319' title='bbox 1196 1113 1307 1140; x_wconf 84' lang='lat' dir='ltr'><strong>oracula</strong></span> <span class='ocrx_word' id='word_1_320' title='bbox 1322 1112 1402 1147; x_wconf 80' lang='lat' dir='ltr'><strong>longe</strong></span> <span class='ocrx_word' id='word_1_321' title='bbox 1417 1116 1480 1139; x_wconf 83' lang='lat' dir='ltr'><strong>sunt</strong></span> <span class='ocrx_word' id='word_1_322' title='bbox 1491 1111 1524 1138; x_wconf 88' lang='lat' dir='ltr'><strong>ab</strong></span> <span class='ocrx_word' id='word_1_323' title='bbox 1538 1111 1590 1137; x_wconf 88' lang='lat' dir='ltr'><strong>ista</strong></span> <span class='ocrx_word' id='word_1_324' title='bbox 1605 1110 1776 1137; x_wconf 83' lang='lat' dir='ltr'><strong>curiosarurn</strong></span> 
     </span>
    </p>
   </div>
   <div class='ocr_carea' id='block_1_56' title="bbox 987 1158 1467 1195">
    <p class='ocr_par' dir='ltr' id='par_1_56' title="bbox 987 1158 1467 1195">
     <span class='ocr_line' id='line_1_56' title="bbox 987 1158 1467 1195; baseline -0.008 -8"><span class='ocrx_word' id='word_1_325' title='bbox 987 1160 1148 1195; x_wconf 86' lang='lat' dir='ltr'><strong>opinionum</strong></span> <span class='ocrx_word' id='word_1_326' title='bbox 1167 1160 1286 1186; x_wconf 82' lang='lat' dir='ltr'><strong>vanitate</strong></span> <span class='ocrx_word' id='word_1_327' title='bbox 1302 1158 1442 1193; x_wconf 85' lang='lat' dir='ltr'><strong>disjuncti.</strong></span> <span class='ocrx_word' id='word_1_328' title='bbox 1457 1167 1467 1183; x_wconf 73' lang='grc' dir='ltr'><strong>ι</strong></span> 
     </span>
    </p>
   </div>
   <div class='ocr_carea' id='block_1_57' title="bbox 1267 1202 1492 1232">
    <p class='ocr_par' dir='ltr' id='par_1_57' title="bbox 1267 1202 1492 1232">
     <span class='ocr_line' id='line_1_57' title="bbox 1267 1202 1492 1232; baseline -0.013 0"><span class='ocrx_word' id='word_1_329' title='bbox 1267 1204 1381 1232; x_wconf 76' lang='lat' dir='ltr'><strong>CAPUT</strong></span> <span class='ocrx_word' id='word_1_330' title='bbox 1397 1202 1492 1230; x_wconf 80' lang='lat' dir='ltr'><strong>XXVI.</strong></span> 
     </span>
    </p>
   </div>
   <div class='ocr_carea' id='block_1_58' title="bbox 1319 1250 1448 1278">
    <p class='ocr_par' dir='ltr' id='par_1_58' title="bbox 1319 1250 1448 1278">
     <span class='ocr_line' id='line_1_58' title="bbox 1319 1250 1448 1278; baseline -0.008 0"><span class='ocrx_word' id='word_1_331' title='bbox 1319 1251 1358 1278; x_wconf 74' lang='lat' dir='ltr'><strong>De</strong></span> <span class='ocrx_word' id='word_1_332' title='bbox 1373 1250 1448 1277; x_wconf 86' lang='lat' dir='ltr'><strong>luna.</strong></span> 
     </span>
    </p>
   </div>
   <div class='ocr_carea' id='block_1_59' title="bbox 1026 1295 1776 1330">
    <p class='ocr_par' dir='ltr' id='par_1_59' title="bbox 1026 1295 1776 1330">
     <span class='ocr_line' id='line_1_59' title="bbox 1026 1295 1776 1330; baseline -0.005 -4"><span class='ocrx_word' id='word_1_333' title='bbox 1026 1308 1035 1325; x_wconf 78' lang='grc' dir='ltr'><strong>ι</strong></span> <span class='ocrx_word' id='word_1_334' title='bbox 1048 1298 1260 1330; x_wconf 77' lang='lat' dir='ltr'><strong>Anaximander,</strong></span> <span class='ocrx_word' id='word_1_335' title='bbox 1278 1297 1410 1325; x_wconf 86' lang='lat' dir='ltr'><strong>circulum</strong></span> <span class='ocrx_word' id='word_1_336' title='bbox 1424 1304 1484 1324; x_wconf 90' lang='lat' dir='ltr'><strong>eam</strong></span> <span class='ocrx_word' id='word_1_337' title='bbox 1506 1304 1577 1327; x_wconf 87' lang='lat' dir='ltr'><strong>esse,</strong></span> <span class='ocrx_word' id='word_1_338' title='bbox 1590 1295 1776 1323; x_wconf 81' lang='lat' dir='ltr'><strong>novcmdecim</strong></span> 
     </span>
    </p>
   </div>
   <div class='ocr_carea' id='block_1_60' title="bbox 988 1343 1775 1379">
    <p class='ocr_par' dir='ltr' id='par_1_60' title="bbox 988 1343 1775 1379">
     <span class='ocr_line' id='line_1_60' title="bbox 988 1343 1775 1379; baseline -0.005 -6"><span class='ocrx_word' id='word_1_339' title='bbox 988 1346 1095 1373; x_wconf 84' lang='lat' dir='ltr'><strong>vicibus</strong></span> <span class='ocrx_word' id='word_1_340' title='bbox 1112 1351 1191 1373; x_wconf 76' lang='lat' dir='ltr'><strong>terra:</strong></span> <span class='ocrx_word' id='word_1_341' title='bbox 1205 1345 1418 1379; x_wconf 87' lang='lat' dir='ltr'><strong>magnitudinem</strong></span> <span class='ocrx_word' id='word_1_342' title='bbox 1431 1344 1631 1378; x_wconf 72' lang='lat' dir='ltr'><strong>adaequantem,</strong></span> <span class='ocrx_word' id='word_1_343' title='bbox 1647 1343 1708 1378; x_wconf 85' lang='lat' dir='ltr'><strong>igne</strong></span> <span class='ocrx_word' id='word_1_344' title='bbox 1722 1351 1775 1369; x_wconf 90' lang='lat' dir='ltr'><strong>non</strong></span> 
     </span>
    </p>
   </div>
   <div class='ocr_carea' id='block_1_61' title="bbox 987 1389 1775 1426">
    <p class='ocr_par' dir='ltr' id='par_1_61' title="bbox 987 1389 1775 1426">
     <span class='ocr_line' id='line_1_61' title="bbox 987 1389 1775 1426; baseline -0.005 -7"><span class='ocrx_word' id='word_1_345' title='bbox 987 1399 1066 1419; x_wconf 87' lang='lat' dir='ltr'><strong>secus</strong></span> <span class='ocrx_word' id='word_1_346' title='bbox 1088 1399 1120 1419; x_wconf 90' lang='lat' dir='ltr'><strong>ac</strong></span> <span class='ocrx_word' id='word_1_347' title='bbox 1131 1399 1193 1418; x_wconf 88' lang='lat' dir='ltr'><strong>eum</strong></span> <span class='ocrx_word' id='word_1_348' title='bbox 1210 1398 1290 1426; x_wconf 89' lang='lat' dir='ltr'><strong>quem</strong></span> <span class='ocrx_word' id='word_1_349' title='bbox 1316 1390 1367 1418; x_wconf 86' lang='lat' dir='ltr'><strong>soli</strong></span> <span class='ocrx_word' id='word_1_350' title='bbox 1394 1389 1501 1421; x_wconf 89' lang='lat' dir='ltr'><strong>tribuit,</strong></span> <span class='ocrx_word' id='word_1_351' title='bbox 1526 1389 1639 1416; x_wconf 90' lang='lat' dir='ltr'><strong>omnino</strong></span> <span class='ocrx_word' id='word_1_352' title='bbox 1653 1389 1775 1423; x_wconf 85' lang='lat' dir='ltr'><strong>plenum,</strong></span> 
     </span>
    </p>
   </div>
   <div class='ocr_carea' id='block_1_62' title="bbox 987 1435 1774 1473">
    <p class='ocr_par' dir='ltr' id='par_1_62' title="bbox 987 1435 1774 1473">
     <span class='ocr_line' id='line_1_62' title="bbox 987 1435 1774 1473; baseline -0.006 -8"><span class='ocrx_word' id='word_1_353' title='bbox 987 1437 1066 1473; x_wconf 85' lang='lat' dir='ltr'><strong>cujus</strong></span> <span class='ocrx_word' id='word_1_354' title='bbox 1080 1437 1197 1465; x_wconf 78' lang='lat' dir='ltr'><strong>defectio</strong></span> <span class='ocrx_word' id='word_1_355' title='bbox 1208 1437 1320 1464; x_wconf 87' lang='lat' dir='ltr'><strong>luminis</strong></span> <span class='ocrx_word' id='word_1_356' title='bbox 1334 1444 1367 1463; x_wconf 80' lang='lat' dir='ltr'><strong>ex</strong></span> <span class='ocrx_word' id='word_1_357' title='bbox 1382 1441 1448 1463; x_wconf 76' lang='lat' dir='ltr'><strong>rota:</strong></span> <span class='ocrx_word' id='word_1_358' title='bbox 1464 1435 1643 1463; x_wconf 82' lang='lat' dir='ltr'><strong>conversione</strong></span> <span class='ocrx_word' id='word_1_359' title='bbox 1660 1435 1774 1461; x_wconf 86' lang='lat' dir='ltr'><strong>oriatur.</strong></span> 
     </span>
    </p>
   </div>
   <div class='ocr_carea' id='block_1_63' title="bbox 987 1481 1776 1518">
    <p class='ocr_par' dir='ltr' id='par_1_63' title="bbox 987 1481 1776 1518">
     <span class='ocr_line' id='line_1_63' title="bbox 987 1481 1776 1518; baseline -0.006 -7"><span class='ocrx_word' id='word_1_360' title='bbox 987 1483 1091 1518; x_wconf 84' lang='lat' dir='ltr'><strong>Quippe</strong></span> <span class='ocrx_word' id='word_1_361' title='bbox 1112 1484 1188 1511; x_wconf 89' lang='lat' dir='ltr'><strong>illum</strong></span> <span class='ocrx_word' id='word_1_362' title='bbox 1204 1483 1283 1511; x_wconf 89' lang='lat' dir='ltr'><strong>etiam</strong></span> <span class='ocrx_word' id='word_1_363' title='bbox 1308 1487 1374 1510; x_wconf 74' lang='lat' dir='ltr'><strong>rotae</strong></span> <span class='ocrx_word' id='word_1_364' title='bbox 1394 1490 1491 1510; x_wconf 88' lang='lat' dir='ltr'><strong>currus</strong></span> <span class='ocrx_word' id='word_1_365' title='bbox 1503 1481 1617 1508; x_wconf 85' lang='lat' dir='ltr'><strong>similem</strong></span> <span class='ocrx_word' id='word_1_366' title='bbox 1631 1488 1701 1513; x_wconf 84' lang='lat' dir='ltr'><strong>esse,</strong></span> <span class='ocrx_word' id='word_1_367' title='bbox 1716 1488 1776 1515; x_wconf 66' lang='lat' dir='ltr'><strong>quin</strong></span> 
     </span>
    </p>
   </div>
   <div class='ocr_carea' id='block_1_64' title="bbox 987 1528 1776 1565">
    <p class='ocr_par' dir='ltr' id='par_1_64' title="bbox 987 1528 1776 1565">
     <span class='ocr_line' id='line_1_64' title="bbox 987 1528 1776 1565; baseline -0.008 -7"><span class='ocrx_word' id='word_1_368' title='bbox 987 1538 1135 1558; x_wconf 82' lang='lat' dir='ltr'><strong>concavam</strong></span> <span class='ocrx_word' id='word_1_369' title='bbox 1154 1531 1283 1563; x_wconf 88' lang='lat' dir='ltr'><strong>orbitarn,</strong></span> <span class='ocrx_word' id='word_1_370' title='bbox 1298 1530 1412 1565; x_wconf 78' lang='lat' dir='ltr'><strong>igncque</strong></span> <span class='ocrx_word' id='word_1_371' title='bbox 1427 1529 1532 1564; x_wconf 86' lang='lat' dir='ltr'><strong>plenam</strong></span> <span class='ocrx_word' id='word_1_372' title='bbox 1554 1528 1660 1559; x_wconf 80' lang='lat' dir='ltr'><strong>habeat,</strong></span> <span class='ocrx_word' id='word_1_373' title='bbox 1675 1534 1776 1553; x_wconf 89' lang='lat' dir='ltr'><strong>unum-</strong></span> 
     </span>
    </p>
   </div>
   <div class='ocr_carea' id='block_1_65' title="bbox 988 1573 1775 1612">
    <p class='ocr_par' dir='ltr' id='par_1_65' title="bbox 988 1573 1775 1612">
     <span class='ocr_line' id='line_1_65' title="bbox 988 1573 1775 1612; baseline -0.009 -8"><span class='ocrx_word' id='word_1_374' title='bbox 988 1584 1040 1612; x_wconf 87' lang='lat' dir='ltr'><strong>que</strong></span> <span class='ocrx_word' id='word_1_375' title='bbox 1048 1576 1236 1603; x_wconf 84' lang='lat' dir='ltr'><strong>tantummodo</strong></span> <span class='ocrx_word' id='word_1_376' title='bbox 1251 1575 1428 1610; x_wconf 88' lang='lat' dir='ltr'><strong>spiraculum.</strong></span> <span class='ocrx_word' id='word_1_377' title='bbox 1446 1573 1638 1608; x_wconf 83' lang='lat' dir='ltr'><strong>Xenophanes,</strong></span> <span class='ocrx_word' id='word_1_378' title='bbox 1654 1576 1775 1599; x_wconf 79' lang='lat' dir='ltr'><strong>coactam</strong></span> 
     </span>
    </p>
   </div>
   <div class='ocr_carea' id='block_1_66' title="bbox 990 1618 1777 1656">
    <p class='ocr_par' dir='ltr' id='par_1_66' title="bbox 990 1618 1777 1656">
     <span class='ocr_line' id='line_1_66' title="bbox 990 1618 1777 1656; baseline -0.008 -7"><span class='ocrx_word' id='word_1_379' title='bbox 990 1629 1051 1649; x_wconf 83' lang='lat' dir='ltr'><strong>esse</strong></span> <span class='ocrx_word' id='word_1_380' title='bbox 1061 1622 1295 1656; x_wconf 86' lang='lat' dir='ltr'><strong>constipatamque</strong></span> <span class='ocrx_word' id='word_1_381' title='bbox 1304 1621 1412 1647; x_wconf 87' lang='lat' dir='ltr'><strong>nubem.</strong></span> <span class='ocrx_word' id='word_1_382' title='bbox 1424 1619 1519 1651; x_wconf 84' lang='lat' dir='ltr'><strong>Stoici,</strong></span> <span class='ocrx_word' id='word_1_383' title='bbox 1528 1618 1656 1653; x_wconf 88' lang='lat' dir='ltr'><strong>quiddam</strong></span> <span class='ocrx_word' id='word_1_384' title='bbox 1670 1625 1702 1644; x_wconf 79' lang='lat' dir='ltr'><strong>ex</strong></span> <span class='ocrx_word' id='word_1_385' title='bbox 1715 1618 1777 1652; x_wconf 75' lang='lat' dir='ltr'><strong>igne</strong></span> 
     </span>
    </p>
   </div>
   <div class='ocr_carea' id='block_1_67' title="bbox 989 1663 1774 1702">
    <p class='ocr_par' dir='ltr' id='par_1_67' title="bbox 989 1663 1774 1702">
     <span class='ocr_line' id='line_1_67' title="bbox 989 1663 1774 1702; baseline -0.008 -7"><span class='ocrx_word' id='word_1_386' title='bbox 989 1676 1106 1702; x_wconf 85' lang='lat' dir='ltr'><strong>aereque</strong></span> <span class='ocrx_word' id='word_1_387' title='bbox 1130 1668 1253 1695; x_wconf 88' lang='lat' dir='ltr'><strong>tnisturn.</strong></span> <span class='ocrx_word' id='word_1_388' title='bbox 1270 1666 1357 1699; x_wconf 86' lang='lat' dir='ltr'><strong>Plato,</strong></span> <span class='ocrx_word' id='word_1_389' title='bbox 1375 1666 1474 1693; x_wconf 84' lang='lat' dir='ltr'><strong>terreni</strong></span> <span class='ocrx_word' id='word_1_390' title='bbox 1491 1665 1638 1701; x_wconf 90' lang='lat' dir='ltr'><strong>plurimum</strong></span> <span class='ocrx_word' id='word_1_391' title='bbox 1665 1663 1774 1690; x_wconf 87' lang='lat' dir='ltr'><strong>habere.</strong></span> 
     </span>
    </p>
   </div>
   <div class='ocr_carea' id='block_1_68' title="bbox 990 1709 1774 1749">
    <p class='ocr_par' dir='ltr' id='par_1_68' title="bbox 990 1709 1774 1749">
     <span class='ocr_line' id='line_1_68' title="bbox 990 1709 1774 1749; baseline -0.008 -8"><span class='ocrx_word' id='word_1_392' title='bbox 990 1714 1166 1749; x_wconf 76' lang='lat' dir='ltr'><strong>Anaxagoras</strong></span> <span class='ocrx_word' id='word_1_393' title='bbox 1183 1718 1209 1740; x_wconf 90' lang='lat' dir='ltr'><strong>et</strong></span> <span class='ocrx_word' id='word_1_394' title='bbox 1222 1712 1403 1743; x_wconf 79' lang='lat' dir='ltr'><strong>Denmcritus,</strong></span> <span class='ocrx_word' id='word_1_395' title='bbox 1421 1712 1528 1738; x_wconf 80' lang='lat' dir='ltr'><strong>ﬁrmum</strong></span> <span class='ocrx_word' id='word_1_396' title='bbox 1543 1710 1607 1746; x_wconf 93' lang='lat' dir='ltr'><strong>quid</strong></span> <span class='ocrx_word' id='word_1_397' title='bbox 1620 1718 1652 1737; x_wconf 86' lang='lat' dir='ltr'><strong>ac</strong></span> <span class='ocrx_word' id='word_1_398' title='bbox 1668 1709 1774 1741; x_wconf 83' lang='lat' dir='ltr'><strong>stabile,</strong></span> 
     </span>
    </p>
   </div>
   <div class='ocr_carea' id='block_1_69' title="bbox 992 1754 1776 1795">
    <p class='ocr_par' dir='ltr' id='par_1_69' title="bbox 992 1754 1776 1795">
     <span class='ocr_line' id='line_1_69' title="bbox 992 1754 1776 1795; baseline -0.008 -8"><span class='ocrx_word' id='word_1_399' title='bbox 992 1760 1102 1795; x_wconf 78' lang='lat' dir='ltr'><strong>ignique</strong></span> <span class='ocrx_word' id='word_1_400' title='bbox 1115 1765 1288 1790; x_wconf 87' lang='lat' dir='ltr'><strong>succensum,</strong></span> <span class='ocrx_word' id='word_1_401' title='bbox 1305 1765 1416 1792; x_wconf 86' lang='lat' dir='ltr'><strong>campos</strong></span> <span class='ocrx_word' id='word_1_402' title='bbox 1429 1764 1461 1784; x_wconf 87' lang='lat' dir='ltr'><strong>ac</strong></span> <span class='ocrx_word' id='word_1_403' title='bbox 1476 1760 1581 1783; x_wconf 88' lang='lat' dir='ltr'><strong>montes</strong></span> <span class='ocrx_word' id='word_1_404' title='bbox 1593 1756 1620 1782; x_wconf 90' lang='lat' dir='ltr'><strong>in</strong></span> <span class='ocrx_word' id='word_1_405' title='bbox 1635 1763 1664 1782; x_wconf 84' lang='lat' dir='ltr'><strong>se</strong></span> <span class='ocrx_word' id='word_1_406' title='bbox 1679 1754 1776 1781; x_wconf 88' lang='lat' dir='ltr'><strong>valles-</strong></span> 
     </span>
    </p>
   </div>
   <div class='ocr_carea' id='block_1_70' title="bbox 142 1801 1775 1840">
    <p class='ocr_par' dir='ltr' id='par_1_70' title="bbox 142 1801 1775 1840">
     <span class='ocr_line' id='line_1_70' title="bbox 142 1801 1775 1840; baseline -0.001 -10"><span class='ocrx_word' id='word_1_407' title='bbox 142 1804 387 1839; x_wconf 79' lang='lat' dir='ltr'><strong>quecomplexum.</strong></span> <span class='ocrx_word' id='word_1_408' title='bbox 405 1802 567 1834; x_wconf 87' lang='lat' dir='ltr'><strong>Heraclitus,</strong></span> <span class='ocrx_word' id='word_1_409' title='bbox 594 1806 694 1828; x_wconf 87' lang='lat' dir='ltr'><strong>terram</strong></span> <span class='ocrx_word' id='word_1_410' title='bbox 719 1801 833 1837; x_wconf 85' lang='lat' dir='ltr'><strong>caligine</strong></span> <span class='ocrx_word' id='word_1_411' title='bbox 850 1803 1056 1833; x_wconf 78' lang='lat' dir='ltr'><strong>circumfusam.</strong></span> <span class='ocrx_word' id='word_1_412' title='bbox 1080 1804 1258 1840; x_wconf 80' lang='lat' dir='ltr'><strong>Pythagoras,</strong></span> <span class='ocrx_word' id='word_1_413' title='bbox 1294 1804 1364 1839; x_wconf 84' lang='lat' dir='ltr'><strong>ignis</strong></span> <span class='ocrx_word' id='word_1_414' title='bbox 1386 1803 1419 1830; x_wconf 88' lang='lat' dir='ltr'><strong>ad</strong></span> <span class='ocrx_word' id='word_1_415' title='bbox 1450 1803 1567 1838; x_wconf 85' lang='lat' dir='ltr'><strong>speciem</strong></span> <span class='ocrx_word' id='word_1_416' title='bbox 1583 1802 1655 1829; x_wconf 68' lang='lat' dir='ltr'><strong>luna:</strong></span> <span class='ocrx_word' id='word_1_417' title='bbox 1676 1809 1775 1836; x_wconf 78' lang='lat' dir='ltr'><strong>corpus</strong></span> 
     </span>
    </p>
   </div>
   <div class='ocr_carea' id='block_1_71' title="bbox 143 1852 313 1880">
    <p class='ocr_par' dir='ltr' id='par_1_71' title="bbox 143 1852 313 1880">
     <span class='ocr_line' id='line_1_71' title="bbox 143 1852 313 1880; baseline -0.006 -2"><span class='ocrx_word' id='word_1_418' title='bbox 143 1852 288 1880; x_wconf 76' lang='lat' dir='ltr'><strong>accedere.</strong></span> <span class='ocrx_word' id='word_1_419' title='bbox 304 1861 313 1877; x_wconf 76' lang='grc' dir='ltr'><strong>ι</strong></span> 
     </span>
    </p>
   </div>
   <div class='ocr_carea' id='block_1_72' title="bbox 396 1901 689 1928">
    <p class='ocr_par' dir='ltr' id='par_1_72' title="bbox 396 1901 689 1928">
     <span class='ocr_line' id='line_1_72' title="bbox 396 1901 689 1928; baseline -0.003 0"><span class='ocrx_word' id='word_1_420' title='bbox 396 1901 592 1928; x_wconf 80' lang='grc' dir='ltr'>ΚΕΦΑΛΛΙΟΝ</span> <span class='ocrx_word' id='word_1_421' title='bbox 626 1901 689 1927; x_wconf 81' lang='lat' dir='ltr'><strong>KZ&#39;.</strong></span> 
     </span>
    </p>
   </div>
   <div class='ocr_carea' id='block_1_73' title="bbox 342 1946 739 1982">
    <p class='ocr_par' dir='ltr' id='par_1_73' title="bbox 342 1946 739 1982">
     <span class='ocr_line' id='line_1_73' title="bbox 342 1946 739 1982; baseline -0.005 -7"><span class='ocrx_word' id='word_1_422' title='bbox 342 1948 411 1982; x_wconf 79' lang='grc' dir='ltr'><strong>Περὶ</strong></span> <span class='ocrx_word' id='word_1_423' title='bbox 431 1947 575 1982; x_wconf 74' lang='grc' dir='ltr'>μεγέθους</span> <span class='ocrx_word' id='word_1_424' title='bbox 595 1946 739 1981; x_wconf 80' lang='grc' dir='ltr'>σελήνης.</span> 
     </span>
    </p>
   </div>
   <div class='ocr_carea' id='block_1_74' title="bbox 185 1992 934 2028">
    <p class='ocr_par' dir='ltr' id='par_1_74' title="bbox 185 1992 934 2028">
     <span class='ocr_line' id='line_1_74' title="bbox 185 1992 934 2028; baseline -0.001 -7"><span class='ocrx_word' id='word_1_425' title='bbox 185 2005 195 2020; x_wconf 71' lang='grc' dir='ltr'><strong>ι</strong></span> <span class='ocrx_word' id='word_1_426' title='bbox 215 1995 245 2021; x_wconf 78' lang='grc' dir='ltr'><strong>Οἱ</strong></span> <span class='ocrx_word' id='word_1_427' title='bbox 260 1994 373 2020; x_wconf 80' lang='grc' dir='ltr'>Στωϊκοὶ</span> <span class='ocrx_word' id='word_1_428' title='bbox 389 1993 498 2028; x_wconf 84' lang='grc' dir='ltr'>μείζονα</span> <span class='ocrx_word' id='word_1_429' title='bbox 521 1992 569 2027; x_wconf 87' lang='grc' dir='ltr'><strong>τῆς</strong></span> <span class='ocrx_word' id='word_1_430' title='bbox 596 1992 647 2028; x_wconf 89' lang='grc' dir='ltr'><strong>γῆς</strong></span> <span class='ocrx_word' id='word_1_431' title='bbox 673 1993 875 2027; x_wconf 74' lang='grc' dir='ltr'>ἀποφαίνονται,</span> <span class='ocrx_word' id='word_1_432' title='bbox 897 1994 934 2026; x_wconf 76' lang='grc' dir='ltr'>ὡς</span> 
     </span>
    </p>
   </div>
   <div class='ocr_carea' id='block_1_75' title="bbox 145 2038 934 2075">
    <p class='ocr_par' dir='ltr' id='par_1_75' title="bbox 145 2038 934 2075">
     <span class='ocr_line' id='line_1_75' title="bbox 145 2038 934 2075; baseline 0 -8"><span class='ocrx_word' id='word_1_433' title='bbox 145 2042 196 2067; x_wconf 78' lang='grc' dir='ltr'>καὶ</span> <span class='ocrx_word' id='word_1_434' title='bbox 211 2040 257 2067; x_wconf 74' lang='grc' dir='ltr'>τὸν</span> <span class='ocrx_word' id='word_1_435' title='bbox 272 2039 357 2075; x_wconf 78' lang='grc' dir='ltr'>ἥλιον.</span> <span class='ocrx_word' id='word_1_436' title='bbox 383 2038 563 2075; x_wconf 82' lang='grc' dir='ltr'>Παρμενίδης,</span> <span class='ocrx_word' id='word_1_437' title='bbox 582 2038 642 2073; x_wconf 78' lang='grc' dir='ltr'>ἴσην</span> <span class='ocrx_word' id='word_1_438' title='bbox 655 2038 693 2073; x_wconf 83' lang='grc' dir='ltr'>τῷ</span> <span class='ocrx_word' id='word_1_439' title='bbox 719 2038 795 2074; x_wconf 78' lang='grc' dir='ltr'>ἡλίῳ,</span> <span class='ocrx_word' id='word_1_440' title='bbox 816 2041 862 2067; x_wconf 80' lang='grc' dir='ltr'>καὶ</span> <span class='ocrx_word' id='word_1_441' title='bbox 887 2040 934 2067; x_wconf 85' lang='grc' dir='ltr'><strong>ἀπ’</strong></span> 
     </span>
    </p>
   </div>
   <div class='ocr_carea' id='block_1_76' title="bbox 145 2084 431 2121">
    <p class='ocr_par' dir='ltr' id='par_1_76' title="bbox 145 2084 431 2121">
     <span class='ocr_line' id='line_1_76' title="bbox 145 2084 431 2121; baseline -0.014 -7"><span class='ocrx_word' id='word_1_442' title='bbox 145 2085 230 2114; x_wconf 71' lang='grc' dir='ltr'>αὐτοῦ</span> <span class='ocrx_word' id='word_1_443' title='bbox 243 2084 431 2121; x_wconf 76' lang='grc' dir='ltr'>φωτίζεσθαι.)</span> 
     </span>
    </p>
   </div>
   <div class='ocr_carea' id='block_1_77' title="bbox 402 2129 685 2157">
    <p class='ocr_par' dir='ltr' id='par_1_77' title="bbox 402 2129 685 2157">
     <span class='ocr_line' id='line_1_77' title="bbox 402 2129 685 2157; baseline 0.004 -1"><span class='ocrx_word' id='word_1_444' title='bbox 402 2129 600 2156; x_wconf 80' lang='grc' dir='ltr'><strong>ΚΕΦΑΛΑΙΟΝ</strong></span> <span class='ocrx_word' id='word_1_445' title='bbox 618 2130 685 2157; x_wconf 80' lang='lat' dir='ltr'><strong>KH’.</strong></span> 
     </span>
    </p>
   </div>
   <div class='ocr_carea' id='block_1_78' title="bbox 340 2175 741 2210">
    <p class='ocr_par' dir='ltr' id='par_1_78' title="bbox 340 2175 741 2210">
     <span class='ocr_line' id='line_1_78' title="bbox 340 2175 741 2210; baseline 0 -8"><span class='ocrx_word' id='word_1_446' title='bbox 340 2175 410 2210; x_wconf 73' lang='grc' dir='ltr'>Περὶ</span> <span class='ocrx_word' id='word_1_447' title='bbox 425 2175 580 2210; x_wconf 83' lang='grc' dir='ltr'>σχήματος</span> <span class='ocrx_word' id='word_1_448' title='bbox 597 2176 741 2209; x_wconf 77' lang='grc' dir='ltr'><strong>σελήνης.</strong></span> 
     </span>
    </p>
   </div>
   <div class='ocr_carea' id='block_1_79' title="bbox 186 2219 932 2257">
    <p class='ocr_par' dir='ltr' id='par_1_79' title="bbox 186 2219 932 2257">
     <span class='ocr_line' id='line_1_79' title="bbox 186 2219 932 2257; baseline -0.001 -9"><span class='ocrx_word' id='word_1_449' title='bbox 186 2231 197 2248; x_wconf 70' lang='grc' dir='ltr'><strong>α</strong></span> <span class='ocrx_word' id='word_1_450' title='bbox 218 2224 248 2249; x_wconf 82' lang='grc' dir='ltr'><strong>Οἱ</strong></span> <span class='ocrx_word' id='word_1_451' title='bbox 275 2222 399 2253; x_wconf 79' lang='grc' dir='ltr'>Στωϊκοὶ,</span> <span class='ocrx_word' id='word_1_452' title='bbox 428 2221 586 2257; x_wconf 78' lang='grc' dir='ltr'>σφαιροειδῆ</span> <span class='ocrx_word' id='word_1_453' title='bbox 617 2219 698 2252; x_wconf 79' lang='grc' dir='ltr'>εἶναι,</span> <span class='ocrx_word' id='word_1_454' title='bbox 718 2221 755 2252; x_wconf 82' lang='grc' dir='ltr'><strong>ὡς</strong></span> <span class='ocrx_word' id='word_1_455' title='bbox 776 2220 821 2247; x_wconf 78' lang='grc' dir='ltr'><strong>τὸν</strong></span> <span class='ocrx_word' id='word_1_456' title='bbox 847 2221 932 2257; x_wconf 77' lang='grc' dir='ltr'>ἥλιον.</span> 
     </span>
    </p>
   </div>
   <div class='ocr_carea' id='block_1_80' title="bbox 153 2267 932 2304">
    <p class='ocr_par' dir='ltr' id='par_1_80' title="bbox 153 2267 932 2304">
     <span class='ocr_line' id='line_1_80' title="bbox 153 2267 932 2304; baseline -0.003 -8"><span class='ocrx_word' id='word_1_457' title='bbox 153 2268 338 2304; x_wconf 80' lang='grc' dir='ltr'>Ἡράκλειτος,</span> <span class='ocrx_word' id='word_1_458' title='bbox 375 2267 532 2302; x_wconf 82' lang='grc' dir='ltr'>σκαφοειδῆ.</span> <span class='ocrx_word' id='word_1_459' title='bbox 563 2267 756 2302; x_wconf 80' lang='grc' dir='ltr'>Ἐμπεδοκλῆς,</span> <span class='ocrx_word' id='word_1_460' title='bbox 787 2267 932 2303; x_wconf 81' lang='grc' dir='ltr'>δισκοειδῆ.</span> 
     </span>
    </p>
   </div>
   <div class='ocr_carea' id='block_1_81' title="bbox 150 2312 473 2348">
    <p class='ocr_par' dir='ltr' id='par_1_81' title="bbox 150 2312 473 2348">
     <span class='ocr_line' id='line_1_81' title="bbox 150 2312 473 2348; baseline -0.009 -7"><span class='ocrx_word' id='word_1_461' title='bbox 150 2314 251 2346; x_wconf 73' lang='grc' dir='ltr'>Ἄλλοι,</span> <span class='ocrx_word' id='word_1_462' title='bbox 265 2312 457 2348; x_wconf 86' lang='grc' dir='ltr'>κυλινδροειδῆ.</span> <span class='ocrx_word' id='word_1_463' title='bbox 464 2322 473 2338; x_wconf 74' lang='grc' dir='ltr'><strong>ι</strong></span> 
     </span>
    </p>
   </div>
   <div class='ocr_carea' id='block_1_82' title="bbox 405 2357 669 2384">
    <p class='ocr_par' dir='ltr' id='par_1_82' title="bbox 405 2357 669 2384">
     <span class='ocr_line' id='line_1_82' title="bbox 405 2357 669 2384; baseline 0.004 -1"><span class='ocrx_word' id='word_1_464' title='bbox 405 2358 602 2384; x_wconf 76' lang='grc' dir='ltr'><strong>ΚΕΦΑΛΑΙΟΝ</strong></span> <span class='ocrx_word' id='word_1_465' title='bbox 615 2357 669 2384; x_wconf 84' lang='grc' dir='ltr'><strong>ΚΘ¹</strong></span> 
     </span>
    </p>
   </div>
   <div class='ocr_carea' id='block_1_83' title="bbox 336 2401 748 2436">
    <p class='ocr_par' dir='ltr' id='par_1_83' title="bbox 336 2401 748 2436">
     <span class='ocr_line' id='line_1_83' title="bbox 336 2401 748 2436; baseline 0.005 -8"><span class='ocrx_word' id='word_1_466' title='bbox 336 2401 404 2435; x_wconf 76' lang='grc' dir='ltr'>Περὶ</span> <span class='ocrx_word' id='word_1_467' title='bbox 430 2402 583 2436; x_wconf 73' lang='grc' dir='ltr'>φωτισμοῦ</span> <span class='ocrx_word' id='word_1_468' title='bbox 603 2401 748 2436; x_wconf 76' lang='grc' dir='ltr'>σελήνης.</span> 
     </span>
    </p>
   </div>
   <div class='ocr_carea' id='block_1_84' title="bbox 187 2447 935 2484">
    <p class='ocr_par' dir='ltr' id='par_1_84' title="bbox 187 2447 935 2484">
     <span class='ocr_line' id='line_1_84' title="bbox 187 2447 935 2484; baseline 0.003 -11"><span class='ocrx_word' id='word_1_469' title='bbox 187 2456 197 2473; x_wconf 85' lang='grc'><em>‹</em></span> <span class='ocrx_word' id='word_1_470' title='bbox 220 2447 438 2483; x_wconf 81' lang='grc' dir='ltr'>Ἀναξίμανδρος,</span> <span class='ocrx_word' id='word_1_471' title='bbox 459 2447 523 2474; x_wconf 80' lang='grc' dir='ltr'>ἴδιον</span> <span class='ocrx_word' id='word_1_472' title='bbox 533 2448 617 2484; x_wconf 81' lang='grc' dir='ltr'>αὐτὴν</span> <span class='ocrx_word' id='word_1_473' title='bbox 632 2448 703 2483; x_wconf 77' lang='grc' dir='ltr'>ἔχειν</span> <span class='ocrx_word' id='word_1_474' title='bbox 718 2448 785 2482; x_wconf 82' lang='grc' dir='ltr'>φῶς,</span> <span class='ocrx_word' id='word_1_475' title='bbox 811 2449 935 2484; x_wconf 86' lang='grc' dir='ltr'>ἀραιότε-</span> 
     </span>
    </p>
   </div>
   <div class='ocr_carea' id='block_1_85' title="bbox 151 2493 935 2530">
    <p class='ocr_par' dir='ltr' id='par_1_85' title="bbox 151 2493 935 2530">
     <span class='ocr_line' id='line_1_85' title="bbox 151 2493 935 2530; baseline 0.001 -10"><span class='ocrx_word' id='word_1_476' title='bbox 151 2500 197 2528; x_wconf 87' lang='grc' dir='ltr'><strong>ρον</strong></span> <span class='ocrx_word' id='word_1_477' title='bbox 211 2493 239 2520; x_wconf 84' lang='grc' dir='ltr'><strong>δέ</strong></span> <span class='ocrx_word' id='word_1_478' title='bbox 252 2502 319 2525; x_wconf 82' lang='grc' dir='ltr'>πως.</span> <span class='ocrx_word' id='word_1_479' title='bbox 333 2494 475 2528; x_wconf 80' lang='grc' dir='ltr'>Ἀντιφῶν,</span> <span class='ocrx_word' id='word_1_480' title='bbox 494 2493 550 2529; x_wconf 75' lang='grc' dir='ltr'>ἰδίῳ</span> <span class='ocrx_word' id='word_1_481' title='bbox 558 2493 652 2528; x_wconf 85' lang='grc' dir='ltr'>φέγγει</span> <span class='ocrx_word' id='word_1_482' title='bbox 667 2494 783 2529; x_wconf 82' lang='grc' dir='ltr'>λάμπειν</span> <span class='ocrx_word' id='word_1_483' title='bbox 794 2494 842 2530; x_wconf 72' lang='grc' dir='ltr'>τὴν</span> <span class='ocrx_word' id='word_1_484' title='bbox 858 2494 935 2530; x_wconf 81' lang='grc' dir='ltr'>σελή-</span> 
     </span>
    </p>
   </div>
   <div class='ocr_carea' id='block_1_86' title="bbox 186 2603 931 2673">
    <p class='ocr_par' dir='ltr' id='par_1_86' title="bbox 186 2603 931 2673">
     <span class='ocr_line' id='line_1_86' title="bbox 186 2603 931 2673; baseline 0.004 -43"><span class='ocrx_word' id='word_1_485' title='bbox 186 2603 243 2673; x_wconf 64' lang='grc' dir='ltr'><strong>(5οζ</strong></span> <span class='ocrx_word' id='word_1_486' title='bbox 261 2603 498 2639; x_wconf 82' lang='grc' dir='ltr'>Ἀναξίμανδρος.</span> <span class='ocrx_word' id='word_1_487' title='bbox 516 2603 653 2631; x_wconf 81' lang='lat' dir='ltr'><strong>Plutarch.</strong></span> <span class='ocrx_word' id='word_1_488' title='bbox 672 2605 733 2631; x_wconf 85' lang='lat' dir='ltr'><strong>cod.</strong></span> <span class='ocrx_word' id='word_1_489' title='bbox 747 2605 794 2632; x_wconf 89' lang='lat' dir='ltr'><strong>lib.</strong></span> <span class='ocrx_word' id='word_1_490' title='bbox 809 2613 869 2640; x_wconf 87' lang='lat' dir='ltr'><strong>cap.</strong></span> <span class='ocrx_word' id='word_1_491' title='bbox 886 2605 931 2633; x_wconf 76' lang='lat'><strong>2|.</strong></span> 
     </span>
     <span class='ocr_line' id='line_1_87' title="bbox 187 2638 896 2673; baseline 0.003 -7"><span class='ocrx_word' id='word_1_492' title='bbox 187 2639 227 2673; x_wconf 78' lang='grc'><strong>(51</strong></span> <span class='ocrx_word' id='word_1_493' title='bbox 260 2639 317 2673; x_wconf 70' lang='grc' dir='ltr'><strong>Ἀφ’</strong></span> <span class='ocrx_word' id='word_1_494' title='bbox 333 2640 380 2669; x_wconf 85' lang='grc' dir='ltr'><strong>οὖ.</strong></span> <span class='ocrx_word' id='word_1_495' title='bbox 395 2640 519 2666; x_wconf 87' lang='lat' dir='ltr'><strong>Amiotus</strong></span> <span class='ocrx_word' id='word_1_496' title='bbox 536 2640 599 2673; x_wconf 69' lang='lat' dir='ltr'><strong>legit</strong></span> <span class='ocrx_word' id='word_1_497' title='bbox 613 2640 655 2673; x_wconf 77' lang='grc' dir='ltr'><strong>ἐφ’</strong></span> <span class='ocrx_word' id='word_1_498' title='bbox 670 2638 709 2667; x_wconf 79' lang='grc' dir='ltr'><strong>οὗ,</strong></span> <span class='ocrx_word' id='word_1_499' title='bbox 727 2639 799 2667; x_wconf 87' lang='lat' dir='ltr'><strong>Nihil</strong></span> <span class='ocrx_word' id='word_1_500' title='bbox 812 2645 896 2668; x_wconf 89' lang='lat' dir='ltr'><strong>muto.</strong></span> 
     </span>
    </p>
   </div>
   <div class='ocr_carea' id='block_1_87' title="bbox 198 2638 896 2674">
    <p class='ocr_par' dir='ltr' id='par_1_87' title="bbox 198 2638 896 2674">
     <span class='ocr_line' id='line_1_88' title="bbox 198 2638 896 2674; baseline 0.003 -8"><span class='ocrx_word' id='word_1_501' title='bbox 198 2638 242 2673; x_wconf 78' lang='grc'><strong>51)</strong></span> <span class='ocrx_word' id='word_1_502' title='bbox 260 2639 317 2673; x_wconf 70' lang='grc' dir='ltr'><strong>Ἀφ’</strong></span> <span class='ocrx_word' id='word_1_503' title='bbox 333 2640 380 2669; x_wconf 86' lang='grc' dir='ltr'><strong>οὖ.</strong></span> <span class='ocrx_word' id='word_1_504' title='bbox 395 2640 519 2666; x_wconf 83' lang='lat' dir='ltr'><strong>Amiotus</strong></span> <span class='ocrx_word' id='word_1_505' title='bbox 536 2640 599 2674; x_wconf 69' lang='lat' dir='ltr'><strong>legit</strong></span> <span class='ocrx_word' id='word_1_506' title='bbox 613 2640 655 2674; x_wconf 76' lang='grc' dir='ltr'><strong>ἐφ’</strong></span> <span class='ocrx_word' id='word_1_507' title='bbox 670 2638 709 2667; x_wconf 79' lang='grc' dir='ltr'><strong>οὗ,</strong></span> <span class='ocrx_word' id='word_1_508' title='bbox 727 2639 799 2667; x_wconf 87' lang='lat' dir='ltr'><strong>Nihil</strong></span> <span class='ocrx_word' id='word_1_509' title='bbox 812 2638 896 2668; x_wconf 83' lang='lat' dir='ltr'><strong>muto.</strong></span> 
     </span>
    </p>
   </div>
   <div class='ocr_carea' id='block_1_88' title="bbox 198 2673 936 2709">
    <p class='ocr_par' dir='ltr' id='par_1_88' title="bbox 198 2673 936 2709">
     <span class='ocr_line' id='line_1_89' title="bbox 198 2673 936 2709; baseline 0.005 -9"><span class='ocrx_word' id='word_1_510' title='bbox 198 2673 243 2709; x_wconf 73' lang='lat'><strong>32)</strong></span> <span class='ocrx_word' id='word_1_511' title='bbox 271 2673 675 2703; x_wconf 74' lang='grc' dir='ltr'>Ἑπτακαιεικοσαπλὰσίονα.</span> <span class='ocrx_word' id='word_1_512' title='bbox 699 2675 736 2701; x_wconf 81' lang='lat' dir='ltr'><strong>ita</strong></span> <span class='ocrx_word' id='word_1_513' title='bbox 765 2677 871 2709; x_wconf 76' lang='lat' dir='ltr'><strong>reposui</strong></span> <span class='ocrx_word' id='word_1_514' title='bbox 899 2682 936 2704; x_wconf 78' lang='lat' dir='ltr'><strong>cx‘</strong></span> 
     </span>
    </p>
   </div>
   <div class='ocr_carea' id='block_1_89' title="bbox 151 2708 934 2745">
    <p class='ocr_par' dir='ltr' id='par_1_89' title="bbox 151 2708 934 2745">
     <span class='ocr_line' id='line_1_90' title="bbox 151 2708 934 2745; baseline 0.004 -10"><span class='ocrx_word' id='word_1_515' title='bbox 151 2708 311 2745; x_wconf 69' lang='lat' dir='ltr'><strong>Plutarcho:</strong></span> <span class='ocrx_word' id='word_1_516' title='bbox 329 2711 365 2738; x_wconf 83' lang='lat' dir='ltr'><strong>ita</strong></span> <span class='ocrx_word' id='word_1_517' title='bbox 383 2711 447 2745; x_wconf 78' lang='lat' dir='ltr'><strong>legit</strong></span> <span class='ocrx_word' id='word_1_518' title='bbox 467 2711 606 2742; x_wconf 83' lang='lat' dir='ltr'><strong>Arniotus,</strong></span> <span class='ocrx_word' id='word_1_519' title='bbox 630 2718 682 2736; x_wconf 90' lang='lat' dir='ltr'><strong>non</strong></span> <span class='ocrx_word' id='word_1_520' title='bbox 704 2708 934 2738; x_wconf 79' lang='grc' dir='ltr'>ὀκτωκαιεικοσα-</span> 
     </span>
    </p>
   </div>
   <div class='ocr_carea' id='block_1_90' title="bbox 150 2744 933 2781">
    <p class='ocr_par' dir='ltr' id='par_1_90' title="bbox 150 2744 933 2781">
     <span class='ocr_line' id='line_1_91' title="bbox 150 2744 933 2781; baseline 0.005 -12"><span class='ocrx_word' id='word_1_521' title='bbox 150 2744 292 2781; x_wconf 74' lang='grc' dir='ltr'>πλασίονα,</span> <span class='ocrx_word' id='word_1_522' title='bbox 305 2750 334 2772; x_wconf 88' lang='lat' dir='ltr'><strong>ut</strong></span> <span class='ocrx_word' id='word_1_523' title='bbox 351 2747 376 2773; x_wconf 88' lang='lat' dir='ltr'><strong>in</strong></span> <span class='ocrx_word' id='word_1_524' title='bbox 389 2744 474 2781; x_wconf 76' lang='lat' dir='ltr'><strong>priori</strong></span> <span class='ocrx_word' id='word_1_525' title='bbox 487 2745 622 2781; x_wconf 78' lang='lat' dir='ltr'><strong>editione;</strong></span> <span class='ocrx_word' id='word_1_526' title='bbox 638 2746 709 2779; x_wconf 86' lang='lat' dir='ltr'><strong>quod</strong></span> <span class='ocrx_word' id='word_1_527' title='bbox 724 2751 812 2772; x_wconf 90' lang='lat' dir='ltr'><strong>tamen</strong></span> <span class='ocrx_word' id='word_1_528' title='bbox 831 2745 933 2781; x_wconf 81' lang='lat' dir='ltr'><strong>Xylan-</strong></span> 
     </span>
    </p>
   </div>
   <div class='ocr_carea' id='block_1_91' title="bbox 151 2780 933 2815">
    <p class='ocr_par' dir='ltr' id='par_1_91' title="bbox 151 2780 933 2815">
     <span class='ocr_line' id='line_1_92' title="bbox 151 2780 933 2815; baseline 0.003 -9"><span class='ocrx_word' id='word_1_529' title='bbox 151 2780 198 2806; x_wconf 88' lang='lat' dir='ltr'><strong>der</strong></span> <span class='ocrx_word' id='word_1_530' title='bbox 211 2786 331 2815; x_wconf 17' lang='lat' dir='ltr'><strong>rsecutus</strong></span> <span class='ocrx_word' id='word_1_531' title='bbox 352 2786 403 2808; x_wconf 87' lang='lat' dir='ltr'><strong>est.</strong></span> <span class='ocrx_word' id='word_1_532' title='bbox 426 2780 545 2807; x_wconf 90' lang='lat' dir='ltr'><strong>Otnnino</strong></span> <span class='ocrx_word' id='word_1_533' title='bbox 567 2780 707 2815; x_wconf 80' lang='lat' dir='ltr'><strong>legendum</strong></span> <span class='ocrx_word' id='word_1_534' title='bbox 727 2781 837 2813; x_wconf 84' lang='grc' dir='ltr'>ὲπτακ.;</span> <span class='ocrx_word' id='word_1_535' title='bbox 854 2780 933 2815; x_wconf 70' lang='lat' dir='ltr'><strong>Supe-</strong></span> 
     </span>
    </p>
   </div>
   <div class='ocr_carea' id='block_1_92' title="bbox 151 2814 933 2851">
    <p class='ocr_par' dir='ltr' id='par_1_92' title="bbox 151 2814 933 2851">
     <span class='ocr_line' id='line_1_93' title="bbox 151 2814 933 2851; baseline 0.001 -9"><span class='ocrx_word' id='word_1_536' title='bbox 151 2814 217 2842; x_wconf 73' lang='lat' dir='ltr'><strong>I‘lOl’l</strong></span> <span class='ocrx_word' id='word_1_537' title='bbox 232 2816 303 2842; x_wconf 86' lang='lat' dir='ltr'><strong>enim</strong></span> <span class='ocrx_word' id='word_1_538' title='bbox 321 2817 407 2851; x_wconf 88' lang='lat' dir='ltr'><strong>capite</strong></span> <span class='ocrx_word' id='word_1_539' title='bbox 431 2815 526 2842; x_wconf 86' lang='lat' dir='ltr'><strong>statuit</strong></span> <span class='ocrx_word' id='word_1_540' title='bbox 543 2814 758 2848; x_wconf 79' lang='lat' dir='ltr'><strong>Anaximander,</strong></span> <span class='ocrx_word' id='word_1_541' title='bbox 782 2817 847 2843; x_wconf 89' lang='lat' dir='ltr'><strong>solis</strong></span> <span class='ocrx_word' id='word_1_542' title='bbox 864 2814 933 2843; x_wconf 79' lang='lat' dir='ltr'><strong>inte-</strong></span> 
     </span>
    </p>
   </div>
   <div class='ocr_carea' id='block_1_93' title="bbox 152 2850 932 2884">
    <p class='ocr_par' dir='ltr' id='par_1_93' title="bbox 152 2850 932 2884">
     <span class='ocr_line' id='line_1_94' title="bbox 152 2850 932 2884; baseline 0.003 -8"><span class='ocrx_word' id='word_1_543' title='bbox 152 2856 227 2884; x_wconf 78' lang='lat' dir='ltr'><strong>grum</strong></span> <span class='ocrx_word' id='word_1_544' title='bbox 244 2850 375 2878; x_wconf 83' lang='lat' dir='ltr'><strong>circulum</strong></span> <span class='ocrx_word' id='word_1_545' title='bbox 390 2859 450 2878; x_wconf 84' lang='lat' dir='ltr'><strong>esse</strong></span> <span class='ocrx_word' id='word_1_546' title='bbox 468 2854 572 2877; x_wconf 86' lang='lat' dir='ltr'><strong>tantum</strong></span> <span class='ocrx_word' id='word_1_547' title='bbox 587 2851 932 2878; x_wconf 82' lang='grc' dir='ltr'>ὀκτωκαιεικοσαπλασίονα</span> 
     </span>
    </p>
   </div>
   <div class='ocr_carea' id='block_1_94' title="bbox 151 2884 931 2925">
    <p class='ocr_par' dir='ltr' id='par_1_94' title="bbox 151 2884 931 2925">
     <span class='ocr_line' id='line_1_95' title="bbox 151 2884 931 2925; baseline 0.006 -15"><span class='ocrx_word' id='word_1_548' title='bbox 151 2884 201 2925; x_wconf 58' lang='grc' dir='ltr'><strong>τῆς</strong></span> <span class='ocrx_word' id='word_1_549' title='bbox 216 2885 276 2925; x_wconf 70' lang='grc' dir='ltr'>γῆς.</span> <span class='ocrx_word' id='word_1_550' title='bbox 298 2885 375 2913; x_wconf 90' lang='lat' dir='ltr'><strong>Nunc</strong></span> <span class='ocrx_word' id='word_1_551' title='bbox 387 2886 452 2913; x_wconf 89' lang='lat' dir='ltr'><strong>solis</strong></span> <span class='ocrx_word' id='word_1_552' title='bbox 466 2893 564 2920; x_wconf 86' lang='lat' dir='ltr'><strong>corpus</strong></span> <span class='ocrx_word' id='word_1_553' title='bbox 580 2886 615 2925; x_wconf 81' lang='lat' dir='ltr'><strong>ab</strong></span> <span class='ocrx_word' id='word_1_554' title='bbox 628 2890 749 2925; x_wconf 52' lang='lat' dir='ltr'><strong>ergtremo</strong></span> <span class='ocrx_word' id='word_1_555' title='bbox 760 2886 862 2914; x_wconf 88' lang='lat' dir='ltr'><strong>circulo</strong></span> <span class='ocrx_word' id='word_1_556' title='bbox 876 2887 931 2915; x_wconf 85' lang='lat' dir='ltr'><strong>dis-</strong></span> 
     </span>
    </p>
   </div>
   <div class='ocr_carea' id='block_1_95' title="bbox 151 2921 723 2956">
    <p class='ocr_par' dir='ltr' id='par_1_95' title="bbox 151 2921 723 2956">
     <span class='ocr_line' id='line_1_96' title="bbox 151 2921 723 2956; baseline 0.002 -10"><span class='ocrx_word' id='word_1_557' title='bbox 151 2921 260 2955; x_wconf 75' lang='lat' dir='ltr'><strong>tinguit,</strong></span> <span class='ocrx_word' id='word_1_558' title='bbox 273 2928 305 2948; x_wconf 90' lang='lat' dir='ltr'><strong>ac</strong></span> <span class='ocrx_word' id='word_1_559' title='bbox 316 2925 393 2949; x_wconf 64' lang='lat' dir='ltr'><strong>terra!</strong></span> <span class='ocrx_word' id='word_1_560' title='bbox 405 2928 518 2956; x_wconf 88' lang='lat' dir='ltr'><strong>prorsus</strong></span> <span class='ocrx_word' id='word_1_561' title='bbox 531 2921 634 2956; x_wconf 64' lang='lat' dir='ltr'><strong>aequale</strong></span> <span class='ocrx_word' id='word_1_562' title='bbox 648 2921 723 2948; x_wconf 74' lang='lat' dir='ltr'><strong>facit.</strong></span> 
     </span>
    </p>
   </div>
   <div class='ocr_carea' id='block_1_96' title="bbox 1198 1891 1548 1928">
    <p class='ocr_par' dir='ltr' id='par_1_96' title="bbox 1198 1891 1548 1928">
     <span class='ocr_line' id='line_1_97' title="bbox 1198 1891 1548 1928; baseline -0.003 -9"><span class='ocrx_word' id='word_1_563' title='bbox 1198 1892 1283 1928; x_wconf 75' lang='lat'><strong>333</strong></span> <span class='ocrx_word' id='word_1_564' title='bbox 1308 1891 1422 1920; x_wconf 82' lang='lat' dir='ltr'><strong>CAPUT</strong></span> <span class='ocrx_word' id='word_1_565' title='bbox 1441 1891 1548 1919; x_wconf 80' lang='lat' dir='ltr'><strong>xxvn.</strong></span> 
     </span>
    </p>
   </div>
   <div class='ocr_carea' id='block_1_97' title="bbox 1222 1938 1544 1973">
    <p class='ocr_par' dir='ltr' id='par_1_97' title="bbox 1222 1938 1544 1973">
     <span class='ocr_line' id='line_1_98' title="bbox 1222 1938 1544 1973; baseline -0.003 -7"><span class='ocrx_word' id='word_1_566' title='bbox 1222 1939 1258 1966; x_wconf 85' lang='lat' dir='ltr'><strong>De</strong></span> <span class='ocrx_word' id='word_1_567' title='bbox 1272 1938 1341 1965; x_wconf 72' lang='lat' dir='ltr'><strong>lunw</strong></span> <span class='ocrx_word' id='word_1_568' title='bbox 1354 1938 1544 1973; x_wconf 79' lang='lat' dir='ltr'><strong>magnitudine.</strong></span> 
     </span>
    </p>
   </div>
   <div class='ocr_carea' id='block_1_98' title="bbox 1028 1985 1773 2021">
    <p class='ocr_par' dir='ltr' id='par_1_98' title="bbox 1028 1985 1773 2021">
     <span class='ocr_line' id='line_1_99' title="bbox 1028 1985 1773 2021; baseline -0.003 -8"><span class='ocrx_word' id='word_1_569' title='bbox 1028 1997 1036 2013; x_wconf 73' lang='grc' dir='ltr'><strong>ι</strong></span> <span class='ocrx_word' id='word_1_570' title='bbox 1056 1986 1151 2018; x_wconf 87' lang='lat' dir='ltr'><strong>Stoici,</strong></span> <span class='ocrx_word' id='word_1_571' title='bbox 1167 1992 1238 2014; x_wconf 87' lang='lat' dir='ltr'><strong>terra</strong></span> <span class='ocrx_word' id='word_1_572' title='bbox 1255 1986 1385 2021; x_wconf 82' lang='lat' dir='ltr'><strong>majorem</strong></span> <span class='ocrx_word' id='word_1_573' title='bbox 1410 1986 1483 2013; x_wconf 86' lang='lat' dir='ltr'><strong>illam</strong></span> <span class='ocrx_word' id='word_1_574' title='bbox 1506 1994 1567 2013; x_wconf 84' lang='lat' dir='ltr'><strong>esse</strong></span> <span class='ocrx_word' id='word_1_575' title='bbox 1586 1985 1773 2020; x_wconf 85' lang='lat' dir='ltr'><strong>pronuntiant,</strong></span> 
     </span>
    </p>
   </div>
   <div class='ocr_carea' id='block_1_99' title="bbox 991 2029 1773 2064">
    <p class='ocr_par' dir='ltr' id='par_1_99' title="bbox 991 2029 1773 2064">
     <span class='ocr_line' id='line_1_100' title="bbox 991 2029 1773 2064; baseline -0.006 -5"><span class='ocrx_word' id='word_1_576' title='bbox 991 2040 1044 2059; x_wconf 90' lang='lat' dir='ltr'><strong>non</strong></span> <span class='ocrx_word' id='word_1_577' title='bbox 1059 2039 1137 2059; x_wconf 86' lang='lat' dir='ltr'><strong>secus</strong></span> <span class='ocrx_word' id='word_1_578' title='bbox 1153 2039 1184 2058; x_wconf 91' lang='lat' dir='ltr'><strong>ac</strong></span> <span class='ocrx_word' id='word_1_579' title='bbox 1196 2031 1289 2058; x_wconf 87' lang='lat' dir='ltr'><strong>solem.</strong></span> <span class='ocrx_word' id='word_1_580' title='bbox 1300 2030 1485 2062; x_wconf 84' lang='lat' dir='ltr'><strong>Parmenides,</strong></span> <span class='ocrx_word' id='word_1_581' title='bbox 1499 2037 1559 2057; x_wconf 90' lang='lat' dir='ltr'><strong>cum</strong></span> <span class='ocrx_word' id='word_1_582' title='bbox 1578 2029 1628 2056; x_wconf 85' lang='lat' dir='ltr'><strong>soli</strong></span> <span class='ocrx_word' id='word_1_583' title='bbox 1642 2029 1773 2064; x_wconf 79' lang='lat' dir='ltr'><strong>:equalem</strong></span> 
     </span>
    </p>
   </div>
   <div class='ocr_carea' id='block_1_100' title="bbox 990 2075 1614 2111">
    <p class='ocr_par' dir='ltr' id='par_1_100' title="bbox 990 2075 1614 2111">
     <span class='ocr_line' id='line_1_101' title="bbox 990 2075 1614 2111; baseline -0.008 -6"><span class='ocrx_word' id='word_1_584' title='bbox 990 2085 1060 2109; x_wconf 58' lang='lat' dir='ltr'><strong>esse,</strong></span> <span class='ocrx_word' id='word_1_585' title='bbox 1072 2081 1127 2104; x_wconf 92' lang='lat' dir='ltr'><strong>tum</strong></span> <span class='ocrx_word' id='word_1_586' title='bbox 1143 2077 1177 2103; x_wconf 89' lang='lat' dir='ltr'><strong>ab</strong></span> <span class='ocrx_word' id='word_1_587' title='bbox 1189 2084 1222 2104; x_wconf 89' lang='lat' dir='ltr'><strong>eo</strong></span> <span class='ocrx_word' id='word_1_588' title='bbox 1232 2084 1339 2111; x_wconf 84' lang='lat' dir='ltr'><strong>quoque</strong></span> <span class='ocrx_word' id='word_1_589' title='bbox 1351 2076 1441 2102; x_wconf 89' lang='lat' dir='ltr'><strong>lumen</strong></span> <span class='ocrx_word' id='word_1_590' title='bbox 1459 2075 1591 2109; x_wconf 88' lang='lat' dir='ltr'><strong>accipere.</strong></span> <span class='ocrx_word' id='word_1_591' title='bbox 1605 2084 1614 2099; x_wconf 75' lang='grc' dir='ltr'><strong>ι</strong></span> 
     </span>
    </p>
   </div>
   <div class='ocr_carea' id='block_1_101' title="bbox 1258 2120 1508 2148">
    <p class='ocr_par' dir='ltr' id='par_1_101' title="bbox 1258 2120 1508 2148">
     <span class='ocr_line' id='line_1_102' title="bbox 1258 2120 1508 2148; baseline -0.008 0"><span class='ocrx_word' id='word_1_592' title='bbox 1258 2120 1371 2148; x_wconf 83' lang='lat' dir='ltr'><strong>CAPUT</strong></span> <span class='ocrx_word' id='word_1_593' title='bbox 1390 2120 1508 2147; x_wconf 82' lang='lat' dir='ltr'><strong>XXVIII.</strong></span> 
     </span>
    </p>
   </div>
   <div class='ocr_carea' id='block_1_102' title="bbox 1271 2165 1498 2200">
    <p class='ocr_par' dir='ltr' id='par_1_102' title="bbox 1271 2165 1498 2200">
     <span class='ocr_line' id='line_1_103' title="bbox 1271 2165 1498 2200; baseline -0.004 -8"><span class='ocrx_word' id='word_1_594' title='bbox 1271 2166 1309 2192; x_wconf 85' lang='lat' dir='ltr'><strong>De</strong></span> <span class='ocrx_word' id='word_1_595' title='bbox 1320 2165 1389 2192; x_wconf 76' lang='lat' dir='ltr'><strong>lunw</strong></span> <span class='ocrx_word' id='word_1_596' title='bbox 1401 2165 1498 2200; x_wconf 84' lang='lat' dir='ltr'><strong>ﬁgura.</strong></span> 
     </span>
    </p>
   </div>
   <div class='ocr_carea' id='block_1_103' title="bbox 1027 2207 1769 2246">
    <p class='ocr_par' dir='ltr' id='par_1_103' title="bbox 1027 2207 1769 2246">
     <span class='ocr_line' id='line_1_104' title="bbox 1027 2207 1769 2246; baseline -0.004 -9"><span class='ocrx_word' id='word_1_597' title='bbox 1027 2220 1037 2237; x_wconf 70' lang='grc' dir='ltr'><strong>α</strong></span> <span class='ocrx_word' id='word_1_598' title='bbox 1053 2212 1147 2243; x_wconf 90' lang='lat' dir='ltr'><strong>Stoici,</strong></span> <span class='ocrx_word' id='word_1_599' title='bbox 1157 2211 1285 2246; x_wconf 64' lang='lat' dir='ltr'><strong>globosae,</strong></span> <span class='ocrx_word' id='word_1_600' title='bbox 1294 2218 1347 2237; x_wconf 87' lang='lat' dir='ltr'><strong>non</strong></span> <span class='ocrx_word' id='word_1_601' title='bbox 1362 2210 1452 2237; x_wconf 92' lang='lat' dir='ltr'><strong>minus</strong></span> <span class='ocrx_word' id='word_1_602' title='bbox 1467 2217 1550 2244; x_wconf 88' lang='lat' dir='ltr'><strong>quam</strong></span> <span class='ocrx_word' id='word_1_603' title='bbox 1562 2209 1657 2242; x_wconf 90' lang='lat' dir='ltr'><strong>solem,</strong></span> <span class='ocrx_word' id='word_1_604' title='bbox 1669 2207 1769 2243; x_wconf 57' lang='lat' dir='ltr'><strong>ﬁgurae.</strong></span> 
     </span>
    </p>
   </div>
   <div class='ocr_carea' id='block_1_104' title="bbox 988 2253 1772 2292">
    <p class='ocr_par' dir='ltr' id='par_1_104' title="bbox 988 2253 1772 2292">
     <span class='ocr_line' id='line_1_105' title="bbox 988 2253 1772 2292; baseline -0.006 -7"><span class='ocrx_word' id='word_1_605' title='bbox 988 2257 1139 2285; x_wconf 79' lang='lat' dir='ltr'><strong>Heraclitus</strong></span> <span class='ocrx_word' id='word_1_606' title='bbox 1155 2257 1272 2292; x_wconf 66' lang='lat' dir='ltr'><strong>scaphas,</strong></span> <span class='ocrx_word' id='word_1_607' title='bbox 1290 2256 1365 2284; x_wconf 87' lang='lat' dir='ltr'><strong>disco</strong></span> <span class='ocrx_word' id='word_1_608' title='bbox 1382 2255 1566 2290; x_wconf 79' lang='lat' dir='ltr'><strong>Empedocles,</strong></span> <span class='ocrx_word' id='word_1_609' title='bbox 1581 2254 1625 2281; x_wconf 89' lang='lat' dir='ltr'><strong>alii</strong></span> <span class='ocrx_word' id='word_1_610' title='bbox 1649 2253 1772 2289; x_wconf 86' lang='lat' dir='ltr'><strong>cylindro</strong></span> 
     </span>
    </p>
   </div>
   <div class='ocr_carea' id='block_1_105' title="bbox 915 2289 1245 2331">
    <p class='ocr_par' dir='ltr' id='par_1_105' title="bbox 915 2289 1245 2331">
     <span class='ocr_line' id='line_1_106' title="bbox 915 2289 1245 2331; baseline -0.003 -1"><span class='ocrx_word' id='word_1_611' title='bbox 915 2289 921 2303; x_wconf 57' lang='lat'>‘</span> <span class='ocrx_word' id='word_1_612' title='bbox 949 2291 971 2319; x_wconf 71' lang='grc' dir='ltr'>ί)</span> <span class='ocrx_word' id='word_1_613' title='bbox 986 2311 1039 2330; x_wconf 92' lang='lat' dir='ltr'><strong>nou</strong></span> <span class='ocrx_word' id='word_1_614' title='bbox 1053 2303 1214 2331; x_wconf 83' lang='lat' dir='ltr'><strong>absimilem.</strong></span> <span class='ocrx_word' id='word_1_615' title='bbox 1236 2312 1245 2329; x_wconf 83' lang='grc'><strong><em>›</em></strong></span> 
     </span>
    </p>
   </div>
   <div class='ocr_carea' id='block_1_106' title="bbox 1268 2346 1496 2373">
    <p class='ocr_par' dir='ltr' id='par_1_106' title="bbox 1268 2346 1496 2373">
     <span class='ocr_line' id='line_1_107' title="bbox 1268 2346 1496 2373; baseline -0.004 0"><span class='ocrx_word' id='word_1_616' title='bbox 1268 2346 1382 2373; x_wconf 73' lang='lat' dir='ltr'><strong>CAPUT</strong></span> <span class='ocrx_word' id='word_1_617' title='bbox 1400 2346 1496 2373; x_wconf 86' lang='lat' dir='ltr'><strong>XXIX.</strong></span> 
     </span>
    </p>
   </div>
   <div class='ocr_carea' id='block_1_107' title="bbox 1217 2393 1556 2420">
    <p class='ocr_par' dir='ltr' id='par_1_107' title="bbox 1217 2393 1556 2420">
     <span class='ocr_line' id='line_1_108' title="bbox 1217 2393 1556 2420; baseline -0.003 0"><span class='ocrx_word' id='word_1_618' title='bbox 1217 2393 1256 2420; x_wconf 80' lang='lat' dir='ltr'><strong>De</strong></span> <span class='ocrx_word' id='word_1_619' title='bbox 1267 2393 1463 2420; x_wconf 76' lang='grc' dir='ltr'>ἰίίιιηιίηαίὶυηε</span> <span class='ocrx_word' id='word_1_620' title='bbox 1478 2393 1556 2419; x_wconf 79' lang='grc' dir='ltr'>ίιιηω.</span> 
     </span>
    </p>
   </div>
   <div class='ocr_carea' id='block_1_108' title="bbox 1025 2437 1772 2471">
    <p class='ocr_par' dir='ltr' id='par_1_108' title="bbox 1025 2437 1772 2471">
     <span class='ocr_line' id='line_1_109' title="bbox 1025 2437 1772 2471; baseline 0 -8"><span class='ocrx_word' id='word_1_621' title='bbox 1025 2447 1033 2463; x_wconf 78' lang='grc' dir='ltr'><strong>ι</strong></span> <span class='ocrx_word' id='word_1_622' title='bbox 1046 2437 1257 2469; x_wconf 81' lang='lat' dir='ltr'><strong>Anaximander,</strong></span> <span class='ocrx_word' id='word_1_623' title='bbox 1271 2446 1349 2465; x_wconf 92' lang='lat' dir='ltr'><strong>suum</strong></span> <span class='ocrx_word' id='word_1_624' title='bbox 1366 2438 1388 2465; x_wconf 86' lang='lat' dir='ltr'><strong>ei</strong></span> <span class='ocrx_word' id='word_1_625' title='bbox 1405 2438 1494 2464; x_wconf 91' lang='lat' dir='ltr'><strong>lumen</strong></span> <span class='ocrx_word' id='word_1_626' title='bbox 1509 2445 1540 2464; x_wconf 90' lang='lat' dir='ltr'><strong>ac</strong></span> <span class='ocrx_word' id='word_1_627' title='bbox 1558 2437 1694 2471; x_wconf 90' lang='lat' dir='ltr'><strong>proprium</strong></span> <span class='ocrx_word' id='word_1_628' title='bbox 1710 2443 1772 2463; x_wconf 79' lang='lat' dir='ltr'><strong>esse</strong></span> 
     </span>
    </p>
   </div>
   <div class='ocr_carea' id='block_1_109' title="bbox 985 2483 1771 2518">
    <p class='ocr_par' dir='ltr' id='par_1_109' title="bbox 985 2483 1771 2518">
     <span class='ocr_line' id='line_1_110' title="bbox 985 2483 1771 2518; baseline 0 -8"><span class='ocrx_word' id='word_1_629' title='bbox 985 2483 1052 2517; x_wconf 88' lang='lat' dir='ltr'><strong>vult,</strong></span> <span class='ocrx_word' id='word_1_630' title='bbox 1069 2484 1115 2510; x_wconf 88' lang='lat' dir='ltr'><strong>sed</strong></span> <span class='ocrx_word' id='word_1_631' title='bbox 1129 2483 1210 2518; x_wconf 90' lang='lat' dir='ltr'><strong>paulo</strong></span> <span class='ocrx_word' id='word_1_632' title='bbox 1224 2484 1324 2511; x_wconf 85' lang='lat' dir='ltr'><strong>rarius.</strong></span> <span class='ocrx_word' id='word_1_633' title='bbox 1341 2484 1491 2518; x_wconf 82' lang='lat' dir='ltr'><strong>Antiphon,</strong></span> <span class='ocrx_word' id='word_1_634' title='bbox 1503 2483 1646 2518; x_wconf 88' lang='lat' dir='ltr'><strong>splendore</strong></span> <span class='ocrx_word' id='word_1_635' title='bbox 1662 2490 1771 2518; x_wconf 84' lang='lat' dir='ltr'><strong>quoque</strong></span> 
     </span>
    </p>
   </div>
   <div class='ocr_carea' id='block_1_110' title="bbox 1020 2605 1682 2641">
    <p class='ocr_par' dir='ltr' id='par_1_110' title="bbox 1020 2605 1682 2641">
     <span class='ocr_line' id='line_1_111' title="bbox 1020 2605 1682 2641; baseline -0.002 -8"><span class='ocrx_word' id='word_1_636' title='bbox 1020 2606 1075 2641; x_wconf 78' lang='lat'><strong>(53)</strong></span> <span class='ocrx_word' id='word_1_637' title='bbox 1096 2605 1296 2639; x_wconf 79' lang='grc' dir='ltr'>Ἀναξιμένης.</span> <span class='ocrx_word' id='word_1_638' title='bbox 1312 2605 1450 2633; x_wconf 86' lang='lat' dir='ltr'><strong>Plutarch.</strong></span> <span class='ocrx_word' id='word_1_639' title='bbox 1469 2605 1547 2637; x_wconf 90' lang='lat' dir='ltr'><strong>ibid.,</strong></span> <span class='ocrx_word' id='word_1_640' title='bbox 1564 2613 1624 2640; x_wconf 88' lang='lat' dir='ltr'><strong>cap.</strong></span> <span class='ocrx_word' id='word_1_641' title='bbox 1637 2605 1682 2632; x_wconf 64' lang='grc' dir='ltr'><strong>εἰ).</strong></span> 
     </span>
    </p>
   </div>
   <div class='ocr_carea' id='block_1_111' title="bbox 1020 2641 1599 2676">
    <p class='ocr_par' dir='ltr' id='par_1_111' title="bbox 1020 2641 1599 2676">
     <span class='ocr_line' id='line_1_112' title="bbox 1020 2641 1599 2676; baseline 0 -8"><span class='ocrx_word' id='word_1_642' title='bbox 1020 2641 1075 2676; x_wconf 73' lang='grc'><strong>(54)</strong></span> <span class='ocrx_word' id='word_1_643' title='bbox 1098 2641 1337 2675; x_wconf 76' lang='grc' dir='ltr'>Ἀναξίμανδρος.</span> <span class='ocrx_word' id='word_1_644' title='bbox 1354 2642 1464 2673; x_wconf 88' lang='lat' dir='ltr'><strong>Ibidem,</strong></span> <span class='ocrx_word' id='word_1_645' title='bbox 1479 2649 1540 2676; x_wconf 87' lang='lat' dir='ltr'><strong>cap.</strong></span> <span class='ocrx_word' id='word_1_646' title='bbox 1555 2641 1599 2668; x_wconf 70' lang='lat'><strong>25.</strong></span> 
     </span>
    </p>
   </div>
   <div class='ocr_carea' id='block_1_112' title="bbox 1019 2675 1768 2712">
    <p class='ocr_par' dir='ltr' id='par_1_112' title="bbox 1019 2675 1768 2712">
     <span class='ocr_line' id='line_1_113' title="bbox 1019 2675 1768 2712; baseline 0.001 -10"><span class='ocrx_word' id='word_1_647' title='bbox 1019 2676 1075 2712; x_wconf 81' lang='grc'>(55)</span> <span class='ocrx_word' id='word_1_648' title='bbox 1091 2676 1144 2702; x_wconf 87' lang='grc' dir='ltr'><strong>Τοῦ</strong></span> <span class='ocrx_word' id='word_1_649' title='bbox 1164 2676 1307 2712; x_wconf 34' lang='grc' dir='ltr'>γεώδους,</span> <span class='ocrx_word' id='word_1_650' title='bbox 1329 2676 1437 2707; x_wconf 83' lang='lat' dir='ltr'><strong>Excusi,</strong></span> <span class='ocrx_word' id='word_1_651' title='bbox 1454 2676 1505 2702; x_wconf 62' lang='grc' dir='ltr'>τοῦ</span> <span class='ocrx_word' id='word_1_652' title='bbox 1525 2676 1673 2712; x_wconf 64' lang='grc' dir='ltr'>πυρώδους,</span> <span class='ocrx_word' id='word_1_653' title='bbox 1695 2675 1768 2710; x_wconf 87' lang='lat' dir='ltr'><strong>quod</strong></span> 
     </span>
    </p>
   </div>
   <div class='ocr_carea' id='block_1_113' title="bbox 983 2710 1769 2746">
    <p class='ocr_par' dir='ltr' id='par_1_113' title="bbox 983 2710 1769 2746">
     <span class='ocr_line' id='line_1_114' title="bbox 983 2710 1769 2746; baseline 0 -9"><span class='ocrx_word' id='word_1_654' title='bbox 983 2710 1107 2738; x_wconf 83' lang='lat' dir='ltr'><strong>Amiotns</strong></span> <span class='ocrx_word' id='word_1_655' title='bbox 1130 2712 1271 2746; x_wconf 90' lang='lat' dir='ltr'><strong>sequitur:</strong></span> <span class='ocrx_word' id='word_1_656' title='bbox 1288 2710 1423 2745; x_wconf 83' lang='lat' dir='ltr'><strong>Xylander</strong></span> <span class='ocrx_word' id='word_1_657' title='bbox 1436 2717 1527 2738; x_wconf 84' lang='lat' dir='ltr'><strong>nostro</strong></span> <span class='ocrx_word' id='word_1_658' title='bbox 1546 2710 1638 2738; x_wconf 70' lang='lat' dir='ltr'><strong>hicrct.</strong></span> <span class='ocrx_word' id='word_1_659' title='bbox 1659 2711 1769 2738; x_wconf 73' lang='lat' dir='ltr'><strong>Rectius</strong></span> 
     </span>
    </p>
   </div>
   <div class='ocr_carea' id='block_1_114' title="bbox 984 2745 1769 2781">
    <p class='ocr_par' dir='ltr' id='par_1_114' title="bbox 984 2745 1769 2781">
     <span class='ocr_line' id='line_1_115' title="bbox 984 2745 1769 2781; baseline 0.001 -9"><span class='ocrx_word' id='word_1_660' title='bbox 984 2751 1073 2773; x_wconf 88' lang='lat' dir='ltr'><strong>tamen</strong></span> <span class='ocrx_word' id='word_1_661' title='bbox 1099 2745 1205 2773; x_wconf 81' lang='lat' dir='ltr'><strong>videtur</strong></span> <span class='ocrx_word' id='word_1_662' title='bbox 1232 2745 1388 2781; x_wconf 81' lang='grc' dir='ltr'>πυρώδους,</span> <span class='ocrx_word' id='word_1_663' title='bbox 1427 2754 1487 2773; x_wconf 91' lang='lat' dir='ltr'><strong>cum</strong></span> <span class='ocrx_word' id='word_1_664' title='bbox 1519 2755 1599 2781; x_wconf 90' lang='lat' dir='ltr'><strong>supra</strong></span> <span class='ocrx_word' id='word_1_665' title='bbox 1628 2754 1687 2781; x_wconf 79' lang='lat' dir='ltr'><strong>pag.</strong></span> <span class='ocrx_word' id='word_1_666' title='bbox 1716 2746 1769 2773; x_wconf 84' lang='lat'><strong>806</strong></span> 
     </span>
    </p>
   </div>
   <div class='ocr_carea' id='block_1_115' title="bbox 982 2781 1767 2816">
    <p class='ocr_par' dir='ltr' id='par_1_115' title="bbox 982 2781 1767 2816">
     <span class='ocr_line' id='line_1_116' title="bbox 982 2781 1767 2816; baseline 0.001 -8"><span class='ocrx_word' id='word_1_667' title='bbox 982 2781 1122 2808; x_wconf 86' lang='lat' dir='ltr'><strong>Platonem</strong></span> <span class='ocrx_word' id='word_1_668' title='bbox 1140 2781 1298 2812; x_wconf 81' lang='lat' dir='ltr'><strong>viderimus,</strong></span> <span class='ocrx_word' id='word_1_669' title='bbox 1319 2783 1455 2808; x_wconf 57' lang='lat' dir='ltr'><strong>cmlestem</strong></span> <span class='ocrx_word' id='word_1_670' title='bbox 1480 2782 1551 2808; x_wconf 88' lang='lat' dir='ltr'><strong>illam</strong></span> <span class='ocrx_word' id='word_1_671' title='bbox 1578 2782 1713 2816; x_wconf 83' lang='lat' dir='ltr'><strong>regionem</strong></span> <span class='ocrx_word' id='word_1_672' title='bbox 1733 2789 1767 2809; x_wconf 77' lang='lat' dir='ltr'><strong>ex</strong></span> 
     </span>
    </p>
   </div>
   <div class='ocr_carea' id='block_1_116' title="bbox 983 2817 1768 2850">
    <p class='ocr_par' dir='ltr' id='par_1_116' title="bbox 983 2817 1768 2850">
     <span class='ocr_line' id='line_1_117' title="bbox 983 2817 1768 2850; baseline 0 -7"><span class='ocrx_word' id='word_1_673' title='bbox 983 2817 1045 2850; x_wconf 74' lang='lat' dir='ltr'><strong>igne</strong></span> <span class='ocrx_word' id='word_1_674' title='bbox 1062 2820 1164 2850; x_wconf 81' lang='lat' dir='ltr'><strong>partem</strong></span> <span class='ocrx_word' id='word_1_675' title='bbox 1181 2817 1328 2843; x_wconf 84' lang='lat' dir='ltr'><strong>maximam</strong></span> <span class='ocrx_word' id='word_1_676' title='bbox 1353 2817 1532 2850; x_wconf 81' lang='lat' dir='ltr'><strong>constituere;</strong></span> <span class='ocrx_word' id='word_1_677' title='bbox 1556 2817 1610 2844; x_wconf 89' lang='lat' dir='ltr'><strong>imo</strong></span> <span class='ocrx_word' id='word_1_678' title='bbox 1637 2817 1716 2843; x_wconf 86' lang='lat' dir='ltr'><strong>etiam</strong></span> <span class='ocrx_word' id='word_1_679' title='bbox 1740 2817 1768 2843; x_wconf 88' lang='lat' dir='ltr'><strong>in</strong></span> 
     </span>
    </p>
   </div>
   <div class='ocr_carea' id='block_1_117' title="bbox 1007 2852 1768 2888">
    <p class='ocr_par' dir='ltr' id='par_1_117' title="bbox 1007 2852 1768 2888">
     <span class='ocr_line' id='line_1_118' title="bbox 1007 2852 1768 2888; baseline 0.001 -11"><span class='ocrx_word' id='word_1_680' title='bbox 1007 2853 1081 2888; x_wconf 62' lang='lat' dir='ltr'><strong>imufo</strong></span> <span class='ocrx_word' id='word_1_681' title='bbox 1096 2852 1262 2888; x_wconf 82' lang='lat' dir='ltr'><strong>audierimus</strong></span> <span class='ocrx_word' id='word_1_682' title='bbox 1280 2852 1366 2888; x_wconf 56' lang='lat' dir='ltr'><strong>astris</strong></span> <span class='ocrx_word' id='word_1_683' title='bbox 1381 2852 1508 2879; x_wconf 88' lang='lat' dir='ltr'><strong>omnibus</strong></span> <span class='ocrx_word' id='word_1_684' title='bbox 1524 2852 1652 2888; x_wconf 83' lang='grc' dir='ltr'>πλείστην</span> <span class='ocrx_word' id='word_1_685' title='bbox 1668 2853 1699 2878; x_wconf 77' lang='grc' dir='ltr'>ἐκ</span> <span class='ocrx_word' id='word_1_686' title='bbox 1715 2860 1768 2878; x_wconf 80' lang='grc' dir='ltr'>πυ-</span> 
     </span>
    </p>
   </div>
   <div class='ocr_carea' id='block_1_118' title="bbox 983 2886 1767 2950">
    <p class='ocr_par' dir='ltr' id='par_1_118' title="bbox 983 2886 1767 2950">
     <span class='ocr_line' id='line_1_119' title="bbox 983 2886 1767 2950; baseline 0.004 -37"><span class='ocrx_word' id='word_1_687' title='bbox 983 2887 1114 2950; x_wconf 53' lang='grc' dir='ltr'><strong>ρὶὺῗῃξέὥν</strong></span> <span class='ocrx_word' id='word_1_688' title='bbox 1130 2887 1257 2915; x_wconf 87' lang='lat' dir='ltr'><strong>tribuere.</strong></span> <span class='ocrx_word' id='word_1_689' title='bbox 1274 2886 1352 2920; x_wconf 86' lang='lat' dir='ltr'><strong>Quod</strong></span> <span class='ocrx_word' id='word_1_690' title='bbox 1369 2888 1456 2923; x_wconf 87' lang='lat' dir='ltr'><strong>ipsum</strong></span> <span class='ocrx_word' id='word_1_691' title='bbox 1473 2888 1543 2915; x_wconf 87' lang='lat' dir='ltr'><strong>intra</strong></span> <span class='ocrx_word' id='word_1_692' title='bbox 1559 2895 1620 2923; x_wconf 81' lang='lat' dir='ltr'><strong>pag.</strong></span> <span class='ocrx_word' id='word_1_693' title='bbox 1632 2886 1687 2915; x_wconf 69' lang='grc'><strong>’859</strong></span> <span class='ocrx_word' id='word_1_694' title='bbox 1701 2894 1767 2916; x_wconf 80' lang='lat' dir='ltr'><strong>cort—</strong></span> 
     </span>
     <span class='ocr_line' id='line_1_120' title="bbox 1003 2931 1115 2949; baseline 0 0"><span class='ocrx_word' id='word_1_695' title='bbox 1003 2931 1016 2949; x_wconf 80' lang='grc' dir='ltr'>ι·</span> <span class='ocrx_word' id='word_1_696' title='bbox 1108 2941 1115 2949; x_wconf 81' lang='grc'><em>.</em></span> 
     </span>
    </p>
   </div>
   <div class='ocr_carea' id='block_1_119' title="bbox 994 2924 1115 2950">
    <p class='ocr_par' dir='ltr' id='par_1_119' title="bbox 994 2924 1115 2950">
     <span class='ocr_line' id='line_1_121' title="bbox 994 2924 1115 2950; baseline 0.008 -1"><span class='ocrx_word' id='word_1_697' title='bbox 994 2924 1115 2950; x_wconf 82' lang='lat' dir='ltr'><strong>irmatur.</strong></span> 
     </span>
    </p>
   </div>
   <div class='ocr_carea' id='block_1_120' title="bbox 4 3216 2014 3687">
    <p class='ocr_par' dir='ltr' id='par_1_120' title="bbox 58 3222 2009 3683">
     <span class='ocr_line' id='line_1_122' title="bbox 58 3222 2009 3683; baseline 0 -229"><span class='ocrx_word' id='word_1_698' title='bbox 79 3222 2009 3683; x_wconf 49' lang='grc' dir='ltr'><strong>μ</strong></span> 
     </span>
    </p>
   </div>
  </div>
