4090 6382
551 298 692 357 1579

1195 303 1466 362 EUSEBII
1501 305 1984 364 CAESARlENSlS
2021 308 2170 364 OPP.
2211 309 2394 366 PARS
2435 310 2500 366 ll.
2532 341 2600 352 —-
2626 312 3124 371 APOLOGETICA.

3687 325 3824 380 1383

551 413 738 470 lunam
765 418 1037 476 collucere
1057 437 1189 477 suo:
1227 423 1384 493 cuius
1415 439 1542 494 pars
1568 439 1652 487 ea,
1683 440 1806 494 (ποτε
1839 425 2111 496 aliquandi

2240 443 2356 498 νην·
2391 427 2451 480 τὺ
2475 428 2520 480 δ’
2549 429 3034 500 ἀποκρυπτόμενον
3056 429 3183 502 περὶ
3200 431 3368 504 αὐτὴν
3391 433 3498 488 ἀπὸ
3528 437 3626 508 τῆς
3657 455 3824 510 προσ-

547 509 700 573 latet,
737 511 870 566 solis
893 528 1115 569 accessu
1141 515 1465 571 obscuretur
1490 535 1504 584 ;
1547 533 1670 572 cum
1704 519 1845 590 ignis
1867 522 2132 577 valentior

549 602 892 658 imbecilliori
921 607 1172 662 tenebras
1199 607 1477 664 effundere
1516 611 1726 666 soleat:
1751 613 1913 684 idque
1935 613 2130 668 sideri-

547 695 653 751 bus
684 697 846 751 etiam
881 698 1002 752 aliis
1031 714 1131 754 usu
1179 704 1382 758 venire.
1419 703 1640 770 Thales,
1669 708 1900 776 ejusque
1950 717 2128 762 secta-

547 797 719 854 tores,
738 792 981 847 eamdem
1001 808 1030 847 a
1047 794 1161 848 sole
1176 795 1359 864 potius
1375 796 1691 852 illuminari.
1707 794 2012 854 Heraclitus
2032 815 2126 854 so-

547 880 617 937 lis
646 883 890 938 eamdem
910 900 974 940 ac
1003 885 1144 941 lunae
1169 887 1434 943 rationem
1453 905 1573 944 esse
1592 909 1609 944 ε
1630 906 1754 945 cum
1779 891 1924 946 enim
1948 893 2125 948 sidera

546 973 678 1038 sint,
708 974 879 1045 ﬁgura
910 981 1126 1047 scapha:
1151 979 1370 1045 similia,
1395 981 1524 1036 dum
1543 983 1914 1040 cxhalationes
1944 985 2124 1039 humi-

545 1064 645 1121 das
679 1068 884 1136 passim
924 1070 1214 1140 recipiunt,
1249 1087 1312 1126 ea
1345 1089 1508 1143 quam
1546 1076 1823 1132 cernimus
1855 1079 1974 1134 luce
2005 1080 2122 1134 col-

545 1158 799 1224 lustrari;
833 1171 885 1216 et
915 1163 1083 1218 solem
1121 1165 1338 1234 quidem
1370 1167 1593 1229 clarius,
1626 1169 1770 1239 quod
1800 1170 2007 1239 puriori
2043 1171 2123 1228 fe-

545 1259 698 1306 ratur
725 1252 777 1307 iu
809 1268 954 1320 aere,
983 1255 1168 1309 lunam
1205 1271 1353 1324 vero,
1381 1257 1525 1328 quod
1560 1258 1613 1312 in
1651 1257 1903 1329 opaCiore
1935 1277 2120 1318 verse~

540 1351 656 1411 tur,
679 1347 968 1403 obscurius
992 1359 1276 1420 propterea
1298 1351 1454 1407 nobis
1483 1352 1819 1410 illucescere.
1852 1374 1870 1406 ›

1116 1521 1345 1580 CAPUT
1379 1524 1552 1582 XXX.

677 1634 750 1688 De
771 1635 1006 1690 siderum
1033 1640 1331 1692 errantium
1363 1639 1738 1711 stabiliumque
1769 1652 1985 1698 natura.

2239 517 2402 593 ϐολῆς
2433 519 2526 572 τοῦ
2561 521 2710 591 ἡλίου
2760 521 3159 594 ἀμαυροῦσθαι,
3195 526 3497 594 πεφυκότος
3544 529 3637 582 τοῦ
3675 531 3825 600 ἰσχυ-

2241 611 2460 682 ροτέρου
2484 612 2656 684 πυρὸς
2686 613 2746 666 τὸ
2769 612 3156 686 ἀσθενέστερον
3201 617 3505 690 ἀμαυροῦν·
3541 620 3650 694 ὃδὴ
3683 641 3822 693 συμ-

2237 701 2407 754 ϐαίνει
2431 703 2525 757 καὶ
2558 707 2684 778 περὶ
2723 707 2802 772 ,τά
2841 708 2976 762 ἀλλα
3025 709 3222 781 ἄστρα.
3269 709 3470 782 Θαλῆς,
3521 714 3615 767 καὶ
3647 717 3694 768 οἱ
3722 717 3818 769 ἀπ’

2235 795 2420 858 αὑτοῦ,
2457 797 2562 850 ὑπὸ
2592 799 2687 852 τοῦ
2719 801 2870 872 ἡλίου
2889 802 3216 871 φωτίζεσθαι
3237 804 3335 874 τὴν
3366 804 3613 877 σελήνην.
3645 807 3817 880 Ἡρά-

2234 887 2461 953 κλειτος,
2485 890 2544 943 τὸ
2568 891 2699 944 αὐτὸ
2731 893 3052 948 πεπονθέναι
3081 895 3172 948 τὸν
3202 896 3354 966 ἥλιον
3385 898 3478 951 καὶ
3507 898 3608 970 τὴν
3659 901 3819 973 σελή-

2232 995 2348 1050 νηνο
2383 982 2719 1049 σκαφοειδεῖς
2747 982 2852 1055 γάρ
2882 984 3041 1049 ὄντας
3061 988 3173 1050 τοῖς
3202 988 3441 1059 σχήμασι
3499 993 3626 1056 τοὺς
3651 994 3816 1048 ἀστέ-

2233 1087 2354 1140 ρας,
2372 1071 2696 1143 δεχομένους
2727 1091 2787 1127 τε
2810 1074 2880 1128 τά
2911 1076 3020 1129 ἀπὸ
3051 1076 3150 1173 τῇς
3175 1077 3348 1149 ὑγρᾶς
3376 1079 3814 1151 ἀναθυμιάσεως,

2231 1163 2558 1232 φωτίζεσθαι
2603 1167 2740 1239 πρὸς
2787 1167 2885 1238 τὴν
2928 1163 3245 1239 φαντασίαν
3284 1171 3663 1248 λαμπρότερον
3714 1178 3818 1248 μὲν

2227 1255 2318 1308 τὸν
2343 1255 2512 1326 ἥλιονο
2545 1259 2602 1311 ὲν
2632 1259 3001 1332 καθαρωτέρῳ
3058 1262 3165 1334 γὰρ
3206 1263 3328 1335 ἀέρι
3377 1266 3662 1338 φέρεσθαι,
3714 1269 3815 1340 τὴν

2226 1345 2284 1398 δὲ
2321 1347 2549 1420 σελήνην
2584 1350 2642 1402 ὲν
2673 1349 3042 1424 θολερωτέρῳ,
3077 1352 3165 1406 διά
3191 1354 3348 1408 τοῦτο
3378 1357 3472 1410 καὶ
3506 1357 3818 1431 ἀμαυροτέ-

2231 1451 2330 1504 ραν
2361 1437 2665 1505 φαίνεσθαι.
2681 1457 2699 1490 ι

2770 1532 3164 1588 ΚΕΦΑΛΑΙΟΝ
3197 1535 3276 1590 A'.

2232 1619 2325 1685 Τίς
2377 1620 2414 1689 ἠ
2459 1623 2640 1676 οὐσία
2716 1624 2835 1678 τῶν
2905 1626 3233 1749 πᾶιανρτων
3300 1629 3536 1698 ἄστρων
3600 1632 3699 1686 καὶ
3743 1632 3817 1689 ἀ-

2894 1711 2939 1749 π
2981 1714 3165 1749 ανων.

2894 1711 3146 1750 πλανων
3152 1739 3165 1750 .

621 1787 640 1818 ι
667 1766 889 1835 Thales,
911 1776 1128 1824 terrena
1165 1772 1382 1842 quidem
1423 1789 1546 1830 esse
1576 1783 1746 1839 astra,
1779 1778 1871 1833 sed
1899 1779 2111 1834 inﬂam-

2300 1802 2319 1834 ι
2356 1784 2540 1854 Θάλης
2573 1784 2706 1857 (56),
2743 1785 2920 1858 γεώδη
2980 1789 3097 1859 μὲν,
3134 1789 3354 1862 ἔμπυρα
3385 1791 3442 1844 δὲ
3492 1792 3560 1846 τά
3608 1793 3808 1864 ἄστρα.

539 1867 706 1912 mata.
728 1857 1079 1927 Empedocles
1105 1859 1280 1930 ignea,
1308 1875 1372 1914 eo
1399 1862 1659 1916 nimirum
1686 1879 1752 1918 ex
1780 1864 1925 1933 igne,
1950 1882 2111 1935 quem

538 1950 709 2004 aether
745 1950 872 2004 olim
914 1951 967 2005 in
1004 1966 1123 2007 sese
1165 1954 1514 2022 complexus,
1548 1957 1652 2010 sub
1672 1957 1902 2026 primam
1937 1975 2120 2014 rerum

539 2041 896 2096 secretionem
945 2042 1246 2097 extriverit.
1299 2044 1679 2118 Anaxagoras,
1725 2049 2120 2106 circumfusum

538 2129 698 2185 nobis
730 2130 952 2195 aethera,
979 2132 1146 2203 839
1167 2148 1290 2187 cum
1323 2134 1499 2204 ignem
1530 2145 1721 2207 suapte
1751 2147 1944 2193 natura
1977 2155 2119 2205 esse,

535 2226 652 2274 tum
673 2220 976 2276 vehementi
994 2231 1046 2277 et
1065 2224 1287 2280 incitato
1302 2228 1887 2300 conversionisimpetu
1905 2233 2124 2289 avulsos

536 2311 637 2367 abs
666 2321 810 2368 terra
849 2313 1058 2384 lapides
1105 2316 1158 2370 in
1189 2318 1375 2374 stellas
1407 2330 1798 2378 commutasse.
1830 2321 2121 2394 Diogenes,

535 2402 715 2458 sidera
763 2406 1041 2474 pumicum
1078 2409 1145 2461 ad
1199 2419 1452 2466 naturam
1497 2415 1780 2482 accedere,
1813 2431 1878 2470 ac
1928 2417 2122 2487 mundi

536 2497 809 2564 spiracula
839 2512 963 2554 esse
993 2499 1326 2557 arbitratur:
1356 2503 1596 2574 itemque
1613 2505 1844 2576 lapides,
1871 2509 1962 2576 qui
1988 2525 2122 2564 ocu-

535 2588 712 2643 lorum
737 2591 906 2645 aciem
938 2591 1168 2663 fugiant,
1192 2596 1397 2666 quique
1421 2599 1622 2668 saepius
1648 2601 1702 2654 iu
1735 2610 1938 2657 terram
1972 2602 2120 2660 deci-

534 2680 725 2737 dentes
761 2683 1198 2755 exstiuguautur,
1231 2688 1539 2757 cujusmodi
1575 2691 1784 2761 lapidea
1829 2695 1918 2748 illa
1964 2697 2117 2752 stella

535 2772 724 2836 fuerit,
767 2791 888 2845 qua:
931 2777 998 2831 ad
1030 2779 1285 2847 oppidum
1320 2780 1452 2835 illud
1495 2782 1652 2854 ignea
1691 2787 1870 2855 specie
1916 2787 2117 2844 decidit

533 2875 674 2929 quos
711 2862 874 2932 vulgo
894 2863 1084 2934 Capra:
1110 2865 1305 2922 ﬂuvios
1333 2870 1702 2930 nominamus.
1737 2873 2113 2945 Empedocles,

533 2951 748 3006 stabilia
771 2954 949 3009 sidera
981 2955 1033 3009 in
1057 2958 1179 3012 caeli
1212 2961 1466 3030 crystallo
1497 2963 1699 3036 illigata
1723 2976 1895 3036 putat,
1927 2983 2115 3024 errau-

2237 1876 2628 1949 Ἐμπεδοκλῆς,
2657 1880 2878 1952 πύρινα,
2913 1882 2979 1935 ἐκ
3005 1882 3098 1936 τοῦ
3130 1884 3427 1956 πυρώδους,
3473 1887 3609 1959 ὅπερ
3642 1887 3812 1959 αἰθὴρ

2223 1969 2281 2021 ἐν
2315 1970 2490 2042 ἑαυτῷ
2536 1973 2804 2042 περιέχων
2862 1973 3196 2045 ἐξανέθλιψε,
3255 1976 3396 2030 κατά
3436 1978 3535 2049 τὴν
3585 1977 3811 2048 πρώτην

2221 2059 2511 2132 διάκρισιν.
2577 2064 2940 2136 Ἀναξαγόρας
2985 2065 3075 2119 τὸν
3136 2068 3515 2139 περικείμενον
3575 2071 3808 2141 αἰῦέρα,

2225 2153 2448 2225 πύρινον
2491 2154 2589 2225 μὲν
2615 2151 2751 2209 εἶναι
2786 2157 2926 2210 κατὰ
2979 2159 3078 2230 τὴν
3127 2159 3338 2226 οὐσίαν,
3393 2164 3458 2232 τῇ
3513 2162 3558 2214 δ’
3592 2163 3810 2235 εὐτονίᾳ

2223 2246 2321 2317 τῆς
2350 2248 2740 2319 περιδινήσεως
2769 2250 3157 2304 ἀνασπάσαντα
3192 2253 3398 2325 πέτρας
3419 2253 3528 2308 ἀπὸ
3551 2254 3654 2324 τῆς
3679 2255 3805 2326 γῆς,

2224 2337 2318 2389 καὶ
2343 2337 2776 2407 καταφλέξαντα,
2831 2341 3031 2405 ταύτας
3093 2343 3458 2414 ἠστερικέναι.
3526 2345 3803 2418 Διογένης,

2225 2426 2532 2500 κισσηρώδη
2559 2429 2627 2482 τά
2655 2430 2850 2502 ἄστρα,
2877 2431 3134 2498 διαπνοὰς
3166 2434 3223 2487 δὲ
3272 2435 3412 2488 αὐτὰ
3454 2435 3667 2506 νομίζει
3709 2435 3803 2490 τοῦ

2223 2520 2449 2591 κόσμου.
2477 2522 2644 2575 Πάλιν
2668 2523 2722 2576 δὲ
2748 2526 2776 2577 ό
2831 2525 3016 2588 αὐτὸς,
3059 2527 3285 2595 ἀφανεῖς
3317 2528 3416 2598 μὲν
3456 2528 3658 2594 λίθους,
3711 2529 3801 2585 πί-

2221 2627 2452 2674 πτοντας
2483 2611 2540 2664 δὲ
2573 2611 2832 2676 πολλάκις
2867 2614 2960 2667 ἐπὶ
3015 2615 3114 2686 τὴν
3161 2616 3262 2687 γῆν
3319 2617 3659 2682 σϐέννυσθαι,
3702 2636 3804 2673 κα-

2221 2705 2394 2777 θάπερ
2448 2705 2541 2758 τὸν
2585 2707 2642 2758 ὲν
2701 2707 2861 2776 Αἰγὸς
2925 2709 3196 2780 Ποταμοῖς
3231 2711 3531 2782 πυροειδῶς
3571 2729 3798 2767 κατενε-

2219 2797 2411 2868 χθέντα
2427 2799 2629 2872 ἀστέρα
2654 2801 2924 2873 πέτρινον.
2942 2801 3333 2874 Ἐμπεδοκλῆς,
3357 2803 3484 2867 τοὺς
3505 2805 3604 2875 μὲν
3630 2804 3797 2858 ἀπλα-

2219 2893 2330 2954 νεῖς
2379 2892 2614 2962 ἀστέρας
2656 2891 2994 2946 συνδεδέσθαι
3041 2892 3119 2964 τῷ
3166 2893 3503 2965 κρυστάλλῳ,
3556 2897 3685 2959 τοὺς
3738 2896 3796 2949 δὲ

2217 2981 2493 3054 πλανήτας
2522 2983 2786 3041 ἀνεῖσθαι.
2852 2985 3099 3050 Πλάτων,
3140 2987 3204 3039 ὲκ
3251 2987 3346 3057 μὲν
3403 2985 3496 3039 τοῦ
3538 2987 3793 3041 πλείστου

533 3045 607 3096 tia
655 3059 785 3099 vero
820 3047 996 3101 soluta
1035 3063 1156 3104 esse
1199 3066 1262 3106 ac
1288 3052 1476 3108 libera.
1523 3053 1701 3123 Plato,
1733 3067 1944 3127 partem
1979 3075 2111 3116 sane

2219 3045 2417 3146 μέρους
2447 3075 2727 3147 πυρίνους,
2761 3045 3095 3148 μετέχοντας
3111 3079 3168 3131 δὲ
3200 3045 3295 3131 καὶ
3320 3078 3428 3131 τῶν
3460 3078 3790 3151 ἀλλων(37),

531 3135 824 3192 maximam
862 3138 1041 3210 ignea,
1075 3157 1196 3212 qua:
1214 3153 1394 3200 tamen
1411 3146 1640 3202 aliorum
1665 3149 1851 3204 itidem
1871 3152 2107 3207 elemen-

2218 3135 2412 3240 κόλλης⁷
2436 3135 2614 3239 δίκην.
2649 3135 2974 3242 Ξενοφάνης,
3002 3135 3082 3225 ὲκ.
3098 3171 3274 3241 νεφῶν
3313 3172 3408 3243 μὲν
3459 3135 3792 3244 πεπυρώμέἐ

531 3236 710 3282 torum
748 3232 1061 3299 particulas,
1103 3237 1259 3304 quasi
1308 3237 1489 3308 gluten
1529 3241 1746 3311 aliquod
1795 3244 2103 3301 admittant.

529 3318 917 3392 Xenophanes,
941 3325 1292 3384 inﬂammatis
1317 3347 1382 3384 ex
1406 3333 1646 3388 nubibus
1673 3351 1766 3390 eas
1787 3338 2103 3405 constituit;

528 3431 651 3486 quae
683 3434 806 3472 cum
836 3421 1251 3490 exstinguantur
1297 3423 1552 3490 interdiu,
1577 3435 1690 3481 tum
1746 3444 1874 3484 vero
1917 3441 2104 3499 noctu,

527 3511 750 3580 quidam
799 3514 954 3581 quasi
991 3516 1278 3581 carbones,
1315 3518 1511 3573 iterum
1547 3521 1947 3581 accendantur:
1989 3526 2101 3596 ipsa

527 3604 673 3656 enim
725 3605 857 3659 oriri
889 3607 1072 3669 modo,
1117 3610 1281 3663 modo
1315 3610 1586 3680 occidere,
1615 3613 1760 3670 aliud
1792 3632 1913 3673 esse
1947 3620 2100 3682 nihil,

527 3711 693 3764 quam
739 3697 929 3751 eadem
986 3698 1313 3756 inﬂammari
1347 3704 1600 3772 subinde,
1641 3708 1979 3781 subindeque
2016 3728 2104 3769 re—

527 3788 755 3858 stingui.
813 3788 1148 3859 Heraclides,
1185 3811 1401 3866 unaque
1454 3796 1772 3870 Pytagorei,
1821 3806 2099 3874 quodlibet

527 3880 679 3936 sidus
718 3882 986 3953 integrum
1035 3901 1156 3942 esse
1202 3890 1484 3954 mundum,
1517 3892 1610 3962 qui
1657 3902 1855 3950 terram
1893 3913 2096 3968 aerem,

525 3983 688 4043 atque
715 3977 934 4040 cmlum,
962 3977 1170 4035 inﬁnito
1191 3983 1422 4052 quodam
1452 3985 1506 4038 in
1537 3987 1714 4056 spatio
1739 3991 2097 4059 comprehen-

2208 3277 2332 3314 νων·
2371 3260 2763 3332 σϐεννυμένους
2787 3263 2844 3316 δὲ
2893 3264 3012 3317 καθ’
3037 3265 3274 3335 ἑκάστην
3312 3267 3547 3337 ἡμέραν,
3577 3265 3788 3329 ἀναζω-

2207 3352 2494 3424 πυρεῖσθαι
2522 3355 2759 3426 νύκτωρ,
2793 3354 3046 3426 καθάπερ
3080 3357 3204 3420 τοὺς
3230 3356 3526 3429 ἄνθρακας-
3556 3357 3656 3421 τάς
3681 3359 3787 3430 γὰρ

2206 3443 2487 3509 ἀνατολὰς,
2523 3447 2616 3498 καὶ
2647 3446 2746 3509 τάς
2766 3446 2946 3512 δύσεις
2980 3447 3197 3518 ἐξάψεις
3241 3444 3376 3502 εἶναι
3426 3451 3517 3503 καὶ
3553 3450 3784 3513 σϐέσεις.

2217 3537 2572 3608 Ἡρακλείδης
2628 3539 2686 3592 δὲ
2739 3540 2833 3593 καὶ
2888 3541 2936 3595 οί
2993 3540 3370 3612 Πυθαγόρειοι,
3410 3542 3640 3596 ἕκαστον
3680 3542 3788 3598 τῶν

2203 3629 2446 3701 ἀστέρων
2480 3629 2684 3701 κόσμον
2726 3631 3011 3702 ὑπάρχειν,
3053 3632 3158 3702 γῆν
3185 3633 3529 3704 περιέχοντα,
3555 3634 3694 3706 ἀέρα
3725 3651 3784 3688 τε

2202 3723 2297 3776 καὶ
2320 3722 2536 3795 αἰθέρα,
2585 3725 2642 3776 ὲν
2674 3723 2753 3795 τῷ
2807 3724 3041 3796 ἀπείρῳ.
3099 3722 3285 3777 Ταῦτα
3344 3723 3414 3777 τὰ
3454 3725 3700 3795 δόγματα
3728 3727 3785 3780 ὲν

2203 3818 2315 3879 τοῖς
2359 3817 2637 3888 Ὀρφικοῖς
2662 3816 2958 3888 ἐμφέρεται
2975 3833 2988 3846 ·
3014 3816 3401 3887 κοσμοποιοῦσι
3420 3817 3528 3890 γάρ
3557 3818 3782 3870 ἕκαστον

2202 3908 2312 3961 τῶν
2344 3909 2608 3981 ἀστέρων.
2637 3909 2956 3979 Ἐπίκουρος
2986 3908 3139 3962 οὐδὲν
3172 3909 3537 3977 ἀπογινώσκει
3557 3909 3779 3973 τούτων,

2204 4000 2459 4070 ἐχόμενος
2482 3999 2576 4052 τοῦ
2609 3999 2974 4070 ἐνδεχομένου.
2989 4018 3007 4051 ι

525 4067 639 4120 dat.
666 4067 842 4136 Atque
873 4068 974 4124 hoc
1034 4071 1228 4140 dogma
1276 4074 1474 4142 passim
1508 4073 1762 4146 Orphicis
1798 4082 2137 4141 carminibus
2176 4067 2504 4155 celebratur,
2558 4105 2680 4160 quae
2713 4067 2946 4161 singulis
2987 4105 3054 4146 ex
3095 4090 3366 4146 sideribus
3399 4091 3638 4147 mundos
3667 4089 3778 4146 είῐὶ-

524 4161 697 4214 ciunt.
757 4160 1024 4231 Epicurus
1073 4165 1268 4220 harum
1313 4169 1706 4226 sententiarum
1745 4174 1949 4230 nullam
2016 4179 2244 4235 omnino
2290 4183 2572 4252 repudiat,
2603 4198 2763 4238 suum
2809 4160 2966 4249 illud,
3032 4184 3150 4238 ﬂeri
3196 4197 3397 4253 posse,
3465 4193 3778 4240 constanter

524 4256 786 4313 retinens.
816 4277 835 4308 ι

1081 4350 1310 4408 CAPUT
1341 4354 1533 4411 XXXI.

1021 4443 1094 4498 De
1112 4445 1344 4500 siderum
1365 4449 1560 4518 ﬁgura.

604 4550 624 4583 ι
651 4531 838 4597 Stoici,
875 4534 1095 4605 globosa
1118 4552 1240 4593 esse
1263 4540 1461 4608 sidera,
1498 4557 1606 4597 non
1636 4559 1794 4601 secus
1831 4563 1895 4604 ac
1935 4565 2094 4604 mun-

522 4623 677 4692 dum,
724 4624 893 4680 solem
934 4634 1098 4698 atque
1143 4629 1348 4686 lunam.
1377 4632 1666 4691 Cleanthes
1701 4637 1824 4693 coni
1865 4641 2095 4710 ﬁguram

523 4712 595 4768 iis
647 4716 911 4771 attribuit.
959 4719 1346 4787 Anaximenes,
1390 4726 1703 4795 crystalliuo
1758 4729 1812 4782 in
1867 4744 2097 4799 corpore

524 4804 801 4860 clavorum
837 4808 892 4861 in
928 4810 1150 4864 modum
1183 4825 1305 4867 esse
1328 4815 1524 4870 defixa.
1575 4815 1830 4872 Nonnulli
1865 4820 2096 4878 laminas

525 4895 787 4964 quasdam
837 4897 1047 4970 igneas,
1078 4918 1200 4973 qua:
1231 4905 1417 4960 caelata
1452 4909 1614 4962 veluti
1670 4910 1824 4980 signa
1859 4913 2090 4968 videane

524 4994 635 5043 tur.
668 5007 688 5040 ι
722 4988 1003 5060 Ejusmodi
1029 5005 1176 5062 sunt,
1198 5013 1320 5067 qum
1342 4998 1406 5054 de
1431 4999 1538 5055 illis
1570 5017 1708 5071 quos
1737 5006 2094 5073 aspectabiles

525 5080 615 5135 isti
643 5081 774 5138 deos
805 5085 1106 5154 nominant,
1131 5089 1348 5159 egregia
1381 5092 1538 5147 nobis
1561 5096 1890 5165 excogitavit
1913 5097 2093 5166 philo-

527 5176 741 5246 sophia.
770 5177 888 5234 Jam
931 5197 1054 5251 quae
1090 5182 1156 5238 de
1188 5185 1444 5240 universo
1470 5201 1689 5257 quoque
1729 5191 2086 5260 pronuntient

523 5264 768 5335 ejusdem
796 5285 863 5324 ex
896 5268 1172 5327 Plutarchi
1211 5275 1392 5332 verbis
1426 5277 1685 5348 intellige.

739 5449 957 5529 θέλῃς.
987 5454 1257 5529 Plutarch.
1283 5458 1403 5513 cod.
1437 5459 1556 5524 lib.,
1582 5475 1700 5529 cap.
1727 5461 1811 5516 15.

594 5519 709 5592 (37)
748 5523 870 5578 Ίὶῐιν
890 5519 1122 5580 ἄλλων.
1151 5527 1426 5586 Plutarch.
1456 5519 1624 5596 addit,
1650 5519 1956 5602 στοιχείων.

2699 4365 3092 4420 ΚΕΦΑΛᾹῘΟΝ
3121 4365 3252 4420 AA'.

2582 4457 2722 4526 Περὶ
2766 4457 3076 4528 σχήματος
3106 4457 3395 4526 ἀστέρων.

2279 4569 2298 4602 ι
2331 4551 2393 4603 Oi
2427 4551 2672 4616 Στωϊκοὶ,
2727 4552 3048 4623 σφαιρικοὺς
3093 4553 3220 4616 τοὺς
3247 4550 3503 4622 ἀστέρας,
3527 4551 3776 4625 καθάπερ

2201 4643 2291 4697 τὸν
2322 4644 2544 4714 κόσμον,
2574 4644 2668 4698 καὶ
2695 4644 2864 4716 ἥλιον,
2901 4645 2994 4697 καὶ
3030 4643 3256 4715 σελήνην
3307 4644 3444 4710 (58).
3472 4645 3774 4717 Κλεάνθης,

2201 4735 2526 4798 κωνοειδεῖς.
2618 4735 2971 4806 Ἀναξιμένης
2995 4778 3008 4799 ,
3097 4734 3239 4805 ἥλων
3309 4734 3464 4806 δίκην
3536 4752 3778 4788 καταπε-

2203 4825 2518 4896 πηγμένους
2538 4823 2616 4895 τῷ
2641 4823 3091 4895 κρυσταλλοειδεῖ.
3135 4825 3304 4877 Ἔνιοι
3331 4823 3389 4877 δὲ
3417 4825 3628 4878 πέταλα
3671 4825 3772 4879 mi-

2205 4933 2328 4989 ρινα
2376 4911 2535 4978 εἶναι,
2583 4915 2769 4987 ὥσπερ
2839 4915 3274 4986 ζωγραφήματα.
3309 4934 3327 4966 ι
3387 4915 3623 4970 Τοιαῦτα
3675 4915 3773 4986 τῆς

2202 5006 2518 5078 θαυμαστῆς
2549 5008 2861 5077 φιλοσοφίας
2909 5007 2977 5059 τά
3012 5006 3140 5078 περ)⁵
3169 4999 3242 5058 ὧν
3285 5024 3412 5075 φασι
3435 5007 3771 5078 φαινομένων

2201 5097 2338 5152 θεῶν
2364 5099 2732 5170 ἐξευρήματα.
2767 5094 2868 5154 Οἷα
2894 5099 2951 5152 δὲ
3002 5099 3096 5152 καὶ
3129 5098 3256 5170 περὶ
3281 5098 3374 5152 τοῦ
3417 5099 3617 5163 παντὸς
3643 5100 3771 5184 διειο-

2199 5189 2454 5263 λήφασιν,
2500 5195 2564 5244 ὲκ
2587 5190 2686 5260 τῆς
2738 5191 2910 5262 αὐτῆς
2968 5189 3204 5262 μάνθανε
3261 5190 3356 5244 τοῦ
3422 5190 3767 5263 Πλουτάρχου

2194 5299 2393 5353 φωνης.

2268 5462 2377 5532 (38)
2417 5463 2526 5518 Καὶ
2587 5461 2877 5529 σελήνην.
2937 5459 3228 5532 Κλεάνθης.
3265 5459 3582 5520 κωνοειδεῖς.
3638 5455 3766 5514 Hac

2196 5533 2504 5589 addidimus
2528 5548 2595 5589 ex
2615 5534 2930 5589 Plutarcho.
