4090 6382
362 328 494 385 1581

886 441 1286 497 ΚΕΦΑΛΑἘΟΝ
1317 443 1440 497 AB'.

750 532 881 600 Πῶς
926 536 1220 588 σύνεστιν
1242 537 1274 588 ό
1302 535 1548 603 κόσμος.

437 649 457 681 ο
506 629 563 683 '0
587 628 763 681 τοίνυν
788 626 991 697 κόσμος
1025 626 1136 697 (59)
1172 626 1653 698 περικεκλασμένῳ
1681 624 1791 695 (40)
1817 619 1942 694 σχή-

364 740 492 793 ματι
522 724 917 792 ἐσχημάτισται
946 722 1037 774 τὸν
1088 721 1290 792 τρόπον
1323 718 1534 772 τοῦτον.
1565 718 1686 770 Τῶν
1719 718 1938 787 ἀτόμων

361 816 628 885 σωμάτων
653 813 983 885 ἀπρονόητον
1010 811 1103 866 καὶ
1150 810 1373 881 τυχαίαν
1400 809 1629 879 ἐχόντων
1657 808 1754 879 τὴν
1780 808 1937 876 κίνη-

360 923 463 967 σιν,
499 906 735 976 συνεχῶς
762 923 821 958 τε
860 906 951 958 καί
996 904 1228 975 τάχιστα
1279 901 1629 973 κινουμένων,
1663 902 1740 963 είς
1769 899 1936 953 ταὺτὸ

358 998 526 1051 πολλὰ
554 996 783 1068 σώματα
818 996 1199 1069 συνηθροίσθη,
1230 995 1323 1048 καὶ
1348 994 1436 1046 διὰ
1480 992 1638 1046 τοῦτο
1666 991 1933 1045 ποικιλίαν

354 1090 543 1160 ἔχοντα
578 1091 871 1159 σχημάτων
913 1089 1008 1142 καὶ
1070 1087 1335 1156 μεγεθῶν.
1394 1080 1815 1156 Ἀθροιζομένων
1874 1083 1930 1136 δέ

354 1181 411 1232 ὲν
438 1178 619 1250 ταύτῷ
651 1179 876 1242 τούτων,
910 1179 981 1231 τὰ
1018 1180 1135 1249 μὲν,
1165 1179 1263 1230 ὃσα
1298 1176 1519 1247 μείζονα
1551 1172 1619 1247 ἦν
1648 1173 1740 1228 καὶ
1765 1166 1931 1245 βαρύ·-

350 1287 489 1324 τατα
510 1271 747 1335 πάντων,
784 1270 1129 1334 ὑπεκάθιζεν·
1165 1270 1265 1322 ὅσα
1323 1268 1379 1320 δὲ
1420 1269 1596 1339 μικρὰ
1625 1268 1719 1320 καὶ
1774 1283 1929 1337 περι-

349 1361 514 1432 φερῆ,
557 1361 649 1413 καὶ
681 1361 817 1425 λεῖα,
848 1362 940 1414 καὶ
966 1360 1232 1424 εὐόλισθα,
1264 1360 1435 1414 ταῦτα
1468 1358 1767 1423 ἐξεθλίϐετο
1787 1356 1927 1411 κατὰ

346 1450 445 1520 τὴν
476 1450 689 1505 σύνοδον
714 1451 819 1505 τῶν
845 1451 1131 1522 σωμάτων,
1159 1450 1239 1514 είς
1264 1467 1323 1503 τε
1344 1450 1403 1502 τὸ
1430 1449 1703 1520 μετέωρον
1727 1448 1923 1517 ἀνεφέ-

344 1559 491 1611 ρετο.
538 1543 625 1605 Ὠς
650 1543 695 1595 δ’
748 1538 840 1596 οὖν
884 1542 1099 1607 ἐξέλιπε
1152 1542 1249 1614 μὲν
1296 1544 1329 1612 ἡ
1390 1540 1663 1611 πληκτικὴ
1695 1537 1923 1613 δύναμις

349 1634 771 1706 μετεωρίζουσα,
802 1636 984 1689 οὐκέτι
1010 1635 1065 1688 δὲ
1095 1631 1227 1706 ἦγεν
1262 1637 1295 1706 ὴ
1326 1634 1506 1706 πληγὴ
1538 1634 1673 1705 πρὸς
1699 1632 1759 1687 τὸ
1795 1652 1921 1704 μετ-

344 1725 538 1796 έωρον,
570 1727 837 1781 ἐκωλύετο
882 1727 938 1780 δέ
976 1726 1149 1780 ταῦτα
1177 1727 1435 1800 φέρεσθαι
1472 1726 1640 1788 κάτω,
1675 1722 1919 1788 ἐπιέζετο

342 1817 479 1886 πρὸς
510 1819 634 1880 τοὺς
666 1819 882 1881 τόπους,
908 1819 1031 1881 τοὺς
1060 1817 1390 1887 δυναμένους
1448 1814 1720 1882 δέξασθαι.
1761 1811 1917 1869 Οὗτοι

340 1906 397 1959 δὲ
418 1902 558 1978 ἦσαν
585 1910 634 1961 οἱ
667 1910 844 1981 πέριξ.
878 1910 987 1963 Καὶ
1016 1910 1150 1982 πρὸς
1179 1909 1399 1973 τούτους
1419 1908 1552 1979 (41),
1600 1906 1662 1959 τὸ
1717 1907 1919 1976 πλῆθος

340 2000 448 2053 τῶν
476 2001 741 2071 σωμάτων
803 2002 1147 2073 περιεκλᾶτο·
1202 2000 1642 2072 περιπλεκόμενα
1671 2000 1727 2054 δέ
1758 2000 1918 2070 ἀλλή-

338 2092 450 2158 λοις
473 2093 614 2147 κατὰ
644 2096 743 2164 τὴν
775 2096 1096 2167 περίκλασιν
1121 2095 1212 2148 τὸν
1246 2094 1475 2167 οὑρανὸν
1507 2094 1785 2165 ἐγέννησε.
1807 2095 1917 2164 Τῆς

334 2184 381 2236 δ’
410 2184 580 2254 αὑτῆς
609 2185 865 2256 ἐχόμεναι
885 2186 1100 2255 φύσεως
1127 2189 1182 2240 αί
1210 2186 1419 2257 ἄτομοι,
1477 2186 1717 2239 ποικίλαι
1738 2182 1913 2251 οὖσαι,

335 2274 517 2339 καθὼς
537 2276 773 2348 εἴρηται,
805 2277 939 2349 πρὸς
963 2277 1024 2330 τὸ
1060 2278 1330 2349 μετέωρον
1393 2276 1779 2347 ἐξωθούμεναι,
1818 2277 1915 2347 τὴν

333 2367 442 2418 τῶν
468 2367 683 2440 άστρων
717 2368 876 2438 φύσιν
898 2369 1210 2422 ἀπετέλουν.
1235 2369 1307 2421 Τὸ
1338 2368 1395 2421 δὲ
1425 2367 1628 2437 πλῆθος
1653 2367 1761 2420 τῶν
1789 2369 1915 2421 ἀνα-

334 2455 692 2527 θυμιωμένων
738 2458 1006 2528 σωμάτων
1042 2458 1345 2529 ἐπέπληττε
1370 2458 1460 2511 τὸν
1491 2459 1649 2529 ἀέρα,
1674 2460 1764 2511 καὶ
1792 2458 1915 2512 τοῦ-

330 2561 425 2597 τον
448 2544 706 2609 ἐξέθλιϐε·
742 2547 1218 2618 πνευματούμενος
1238 2549 1294 2601 δὲ
1326 2540 1482 2611 οὗτος
1524 2550 1665 2603 κατὰ
1696 2550 1793 2621 τὴν
1826 2552 1913 2603 κί-

332 2653 519 2707 νησιν,
584 2638 678 2691 καὶ
738 2639 1156 2710 περιλαμὸάνων
1184 2640 1252 2693 τὰ
1291 2641 1485 2711 ἄστρα,
1541 2643 1915 2713 συμπεριῆγεν

331 2729 493 2793 αὐτὰ,
543 2732 636 2783 καὶ
667 2731 765 2802 τὴν
794 2731 887 2785 νῦν
922 2731 1224 2803 περιφοράν
1252 2732 1430 2785 αὑτῶν
1488 2733 1759 2803 μετέωρον
1786 2735 1915 2803 ἐφύ-

332 2818 511 2873 λαττε.
538 2822 789 2875 Κάπειτα
840 2822 904 2874 ἐκ
942 2822 1039 2893 μὲν
1079 2821 1187 2874 τῶν
1218 2821 1657 2888 ὑποκαθιζόντων
1680 2823 1911 2896 ἐγενήθη

334 2910 489 2982 ἠγῆ,
534 2911 599 2963 ἐκ
640 2912 696 2964 δέ
752 2911 859 2965 τῶν
897 2911 1379 2983 μετεωριζομένων
1412 2914 1441 2965 ό
1470 2914 1717 2985 οὐρανὸς,
1779 2913 1910 2983 πῦρ,

331 3006 458 3076 ἀήρ.
490 3005 694 3077 Πολλῆς
720 3006 775 3058 δὲ
810 3006 941 3077 ὕλης
976 3007 1053 3059 ἐτι
1083 3008 1550 3081 περιειλημμένης
1608 3012 1665 3063 ἐν
1717 3014 1782 3081 τῇ
1816 3014 1909 3081 γῇ,

1479 323 1804 380 ΡῐὶιΕΡΑΒ.
1846 321 2099 378 ΕΫΑΝΟ.
2140 322 2266 376 LIB.
2309 320 2421 376 XV.

1975 443 2022 498 Α
2593 434 2824 493 CAPUT
2858 438 3076 495 XXXII.

3490 329 3628 391 1582

2305 529 2422 595 Qua
2447 531 2649 584 ratione
2678 531 2900 584 mundus
2929 534 2998 583 sit
3032 534 3370 591 constitutus.

2116 643 2133 674 ι
2170 618 2271 677 llic
2317 638 2447 693 ergo
2496 626 2755 688 mundus,
2787 624 3133 679 circumﬂexu
3170 644 3333 696 quam
3373 629 3623 686 videmus

2039 716 2233 788 ﬁgura,
2260 717 2403 770 hunc
2436 716 2491 770 in
2522 717 2742 770 modum
2775 717 3149 772 conformatus
3174 730 3275 773 est.
3314 720 3450 777 Cum
3481 723 3623 779 indi-

2034 802 2198 861 vidua
2241 820 2471 875 corpora
2504 804 2797 859 temerario
2825 806 3060 875 quodam
3095 822 3157 860 ac
3190 805 3417 863 fortuito
3444 820 3619 876 motu,

2032 898 2335 968 eodemque
2348 910 2607 970 perpetuo
2631 900 2790 954 simul
2809 899 2973 971 840
2996 915 3059 953 ac
3082 900 3368 953 celerrimo
3396 917 3621 972 ageren-

2032 998 2144 1056 tur,
2166 1006 2393 1060 corpora
2419 991 2471 1045 in
2497 1007 2665 1045 unum
2686 992 2919 1060 plurima
2939 991 3139 1056 colere,
3159 993 3620 1064 multiplicemque

2031 1092 2316 1151 propterea
2371 1080 2671 1153 ﬁgurarum
2714 1091 2768 1137 et
2812 1083 3250 1152 magnitudinum
3302 1085 3617 1139 varietatem

2028 1169 2290 1228 habuere.
2338 1171 2548 1240 Quibus
2594 1174 2649 1227 in
2696 1189 2865 1229 unum
2912 1174 2984 1227 ita
3026 1173 3452 1242 conﬂuentibus,
3497 1193 3618 1246 quae

2028 1267 2268 1320 maxima
2299 1266 2542 1320 omnium
2585 1274 2741 1319 erant
2772 1275 2933 1335 atque
2973 1267 3319 1337 gravissima,
3362 1269 3615 1324 subside-

2024 1356 2158 1411 bant
2189 1378 2200 1413 :
2229 1372 2351 1427 qua:
2396 1358 2632 1424 minora,
2674 1359 2929 1423 rotunda,
2968 1358 3146 1415 laevia.
3178 1360 3501 1430 dilapsuque
3535 1360 3618 1415 1³³-

2022 1446 2169 1513 cilia,
2197 1464 2467 1505 concursu
2500 1449 2618 1519 ipso
2644 1464 2932 1517 corporum
2956 1451 3153 1504 extrita
3177 1460 3338 1521 atque
3358 1463 3613 1519 protrusa

2022 1539 2255 1594 sublime
2288 1538 2623 1594 ferebantur.
2662 1541 2731 1594 At
2759 1540 2849 1595 ubi
2886 1542 3193 1610 pr0pellens
3225 1559 3286 1596 ea
3320 1543 3401 1598 vis
3428 1554 3481 1598 et
3510 1545 3616 1598 im-

2021 1640 2179 1700 pctus
2220 1622 2557 1701 superibrem
2609 1632 2661 1685 in
2722 1632 2902 1687 locum
2944 1634 3139 1688 eﬂerre
3186 1634 3459 1701 desiisset,
3486 1653 3611 1691 cum

2022 1722 2137 1791 ipsa
2177 1737 2397 1794 quoque
2451 1723 2710 1777 deorsum
2761 1722 2888 1778 ferri
2936 1725 3374 1793 prohiberentur,
3417 1728 3612 1781 vicinis

2020 1813 2227 1867 circum
2270 1814 2322 1867 in
2361 1812 2520 1879 locis,
2579 1812 2781 1883 quibus
2822 1815 3000 1883 excipi
3040 1824 3320 1885 utcunque
3358 1826 3612 1885 poterant

2017 1903 2393 1959 vehementius
2435 1906 2840 1974 premebantur.
2892 1902 2969 1959 Eo
3023 1908 3245 1976 quippe,
3272 1906 3355 1960 vis
3410 1908 3606 1977 ingens

2016 2009 2305 2065 corporum
2319 1995 2668 2051 circumﬂexu
2689 1996 2924 2067 quodam
2952 1999 3244 2069 agebatur;
3274 1998 3325 2051 iu
3346 2015 3454 2068 quo
3474 2001 3604 2054 dum

2018 2087 2121 2140 alia
2171 2102 2297 2141 cum
2336 2089 2458 2142 aliis
2513 2089 2787 2159 implicata
2842 2089 3127 2157 haererent,
3163 2092 3361 2145 caelum
3405 2107 3607 2161 genue-

2018 2187 2169 2233 runt.
2189 2178 2325 2234 Tum
2358 2181 2477 2235 aliae
2510 2197 2699 2236 rursus
2729 2183 2918 2247 atomi,
2943 2182 3130 2238 eadem
3159 2184 3375 2254 quidem
3409 2194 3603 2239 natura

2016 2272 2274 2340 praeditae,
2303 2274 2396 2327 sed
2426 2282 2629 2336 tamen,
2656 2273 2734 2327 uti
2759 2274 2871 2342 jam
2908 2274 3114 2329 dictum
3140 2285 3243 2339 est,
3276 2276 3456 2345 specie
3482 2276 3599 2329 for-

2017 2379 2214 2434 maque
2244 2364 2557 2429 dissimiles,
2582 2365 2818 2436 itemque
2851 2381 3068 2420 sursum
3102 2382 3293 2423 versus
3334 2368 3596 2438 expulsae.

2015 2466 2287 2511 astrorum
2323 2466 2571 2511 naturam
2608 2457 2970 2527 perfecerunt.
2995 2459 3064 2513 At
3086 2474 3377 2530 corporum
3405 2477 3596 2516 eorum

2016 2550 2323 2616 multitudo,
2354 2549 2496 2605 unde
2528 2550 2733 2619 aliquid
2780 2552 3144 2607 exlialationis
3195 2552 3438 2620 eﬂlatur,
3473 2570 3599 2623 per-

2014 2659 2236 2697 cussum
2284 2643 2429 2698 elisit
2478 2659 2691 2707 aerem;
2718 2646 2811 2713 qui
2839 2655 2987 2699 motu
3043 2647 3162 2716 ipso
3204 2664 3504 2703 conversus
3539 2649 3594 2704 in

2014 2742 2257 2800 ventum,
2284 2736 2600 2805 ambituque
2626 2752 2728 2789 suo
2754 2746 2901 2791 astra
2942 2739 3282 2807 complexus,
3310 2755 3373 2794 ea
3409 2756 3598 2795 secum

2014 2825 2069 2879 in
2104 2826 2287 2881 orbem
2315 2828 2441 2897 egit,
2472 2843 2747 2897 quamque
2783 2828 3026 2897 ipsorum
3071 2830 3124 2883 in
3155 2846 3370 2885 summa
3407 2833 3597 2886 mundi

2013 2927 2165 2988 parte
2195 2919 2610 2974 conversionem
2653 2920 2920 2989 hodieque
2963 2923 3263 2987 cernimus,
3306 2938 3599 2977 conserva-

2012 3011 2108 3065 vit.
2147 3010 2324 3081 Atque
2350 3011 2422 3065 ita
2468 3028 2535 3066 ex
2579 3012 2989 3068 subsidentibus
3023 3013 3242 3083 quidem
3276 3016 3598 3085 corporibus

332 3104 708 3177 πυκνουμένης
744 3105 800 3158 δέ
823 3105 1048 3176 ταύτης,
1074 3107 1214 3161 κατὰ
1243 3108 1341 3171 τὰς
1375 3109 1483 3161 ἀπὸ
1532 3108 1640 3161 τῶν
1664 3110 1908 3179 πνευμά-

2014 3111 2265 3169 terra,ex
2296 3103 2363 3158 iis
2398 3118 2546 3169 vero,
2583 3120 2705 3174 qua:
2747 3105 2979 3161 sublime
3011 3106 3185 3160 delata
3212 3115 3357 3171 sunt,
3374 3109 3595 3173 coelum,

328 3212 438 3248 των
497 3196 729 3267 πληγὰς,
800 3200 894 3251 καὶ
957 3199 1055 3262 τὰς
1113 3199 1221 3252 ἀπὸ
1271 3199 1378 3251 τῶν
1413 3201 1655 3271 ἀστέρων
1715 3201 1907 3273 αὔρας,

329 3284 715 3357 προσεθλίϐετο
741 3287 848 3350 πᾶς
865 3289 893 3339 ό
917 3290 1256 3359 μικρομερὴς
1286 3289 1662 3359 σχηματισμὸς
1684 3290 1906 3361 ταύτης,

328 3378 422 3430 καὶ
454 3378 551 3449 τὴν
596 3378 767 3449 ὑγρὰν
819 3379 976 3447 φύσιν
1022 3381 1231 3449 ἐγέννα.
1298 3381 1622 3445 Ῥευστικῶς
1669 3383 1712 3436 δ’
1770 3384 1909 3455 αὕτη

326 3467 670 3539 διακειμένη,
704 3471 1034 3542 κατεφέρετο
1066 3473 1203 3543 πρὸς
1262 3474 1387 3537 τοὺς
1448 3474 1659 3537 κοίλους
1691 3475 1906 3539 τόπους.

326 3559 421 3612 καὶ
439 3560 767 3631 δυναμένους
784 3563 1028 3633 χωρῆσαί
1044 3580 1102 3616 τε
1126 3564 1218 3617 καὶ
1246 3564 1449 3631 στέξαι·
1468 3565 1501 3635 ἢ
1523 3565 1642 3619 καθ’
1660 3568 1817 3620 ἑαυτὸ
1850 3567 1909 3621 τὸ

330 3650 474 3723 ὕδωρ
494 3653 754 3717 ὑποστὰν,
781 3654 1043 3708 ἐκοίλαινε
1068 3656 1195 3719 τοὺς
1226 3655 1621 3727 ὑποκειμένους
1642 3658 1860 3721 τόπους.
1883 3677 1901 3709 ι

2016 3194 2178 3263 ignis,
2212 3210 2304 3249 aer
2331 3196 2611 3253 exstitere.
2639 3197 2706 3251 At
2738 3214 2862 3253 cum
2921 3215 3173 3268 magnam
3206 3201 3384 3255 adhuc
3425 3212 3597 3257 matc-

2016 3288 2109 3342 rize
2136 3289 2347 3358 copiam
2382 3299 2524 3343 terra
2558 3292 2880 3358 contineret,
2920 3307 3093 3362 eaque
3140 3309 3265 3348 cum
3302 3304 3593 3349 ventorum

2012 3381 2394 3449 percussione,
2424 3390 2538 3435 tum
2585 3392 2856 3437 astrorum
2898 3385 3061 3438 etiam
3132 3386 3374 3454 ipsorum
3414 3387 3595 3441 aﬂlatu

2012 3473 2228 3527 densior
2255 3488 2319 3531 ac
2341 3474 2570 3543 spissior
2592 3475 2779 3530 eﬂ'ecta
2805 3486 2970 3544 esset,
2995 3478 3260 3549 quidquid
3292 3479 3594 3533 subtilioris

2010 3578 2076 3617 ac
2107 3565 2368 3619 tenuioris
2398 3563 2587 3620 forma:
2622 3566 2880 3631 habebat,
2911 3583 3232 3638 expressum
3264 3578 3368 3633 est,
3406 3570 3592 3624 humi-

2013 3655 2246 3725 damque
2284 3666 2531 3711 naturam
2585 3660 2909 3727 procreavit.
2952 3659 3083 3726 Quae
3120 3660 3264 3715 ﬂuxa
3294 3678 3417 3715 cum
3447 3676 3594 3718 esset

326 3760 391 3797 ac
421 3746 643 3816 liquida,
677 3748 730 3801 in
759 3763 823 3803 ea
848 3750 1109 3804 continuo
1137 3750 1254 3806 loca
1293 3751 1586 3817 ferebatur,
1620 3768 1741 3822 quae
1772 3767 2008 3808 concava
2063 3752 2226 3806 simul
2278 3761 2481 3818 essent,
2510 3764 2673 3823 atque
2701 3756 2767 3809 ad
2816 3773 2935 3811 eam
2959 3767 3012 3812 et
3044 3759 3359 3828 capiendam
3387 3770 3440 3815 et
3461 3776 3592 3816 cou-

327 3835 602 3892 tinendam
644 3840 838 3894 idonea
868 3859 883 3894 :
910 3842 993 3896 vel
1021 3842 1209 3898 eadem
1244 3856 1392 3898 certe
1421 3859 1518 3914 per
1549 3860 1669 3900 sese
1692 3846 2021 3909 consistens,
2057 3844 2297 3914 subjecta
2330 3846 2447 3900 loca
2478 3847 2781 3901 excavavit.
2810 3868 2827 3899 ι

396 3927 628 4000 Τοιαύτη
658 3931 751 3982 καὶ
781 3934 813 4001 ἡ
845 3931 1147 4003 θαυμάσιος
1178 3934 1358 3987 αὑτῶν
1395 3937 1744 4007 κοσμογονία.
1772 3938 1906 3989 Συν-

326 4018 493 4087 ἧπται
553 4019 609 4071 δέ
654 4021 861 4085 τούτοις
919 4024 1049 4096 άλλη
1079 4044 1163 4090 τις
1216 4026 1441 4098 πλείστη
1464 4027 1764 4099 λογομαχία
1797 4029 1905 4083 τῶν

326 4109 590 4164 παντοίων
617 4114 744 4183 περὶ
773 4115 1087 4185 προτάσεων
1137 4120 1549 4191 ἀπορησάντων.
1590 4124 1652 4175 Εἰ
1679 4122 1786 4195 χρὴ
1840 4124 1900 4177 τὸ

326 4202 434 4253 πᾶν
460 4201 538 4265 ἒν,
566 4204 599 4274 ἢ
642 4204 808 4259 πολλὰ
839 4208 1113 4277 ἡγεῖσθαι·
1152 4212 1246 4263 καὶ
1276 4215 1323 4265 εί
1356 4213 1451 4266 ἕνα.
1488 4215 1579 4268 τὸν
1610 4215 1833 4286 κόσμον,
1864 4216 1896 4287 ἢ

324 4291 559 4360 πλείους·
580 4298 673 4351 καὶ
699 4299 808 4352 είτε
835 4300 1075 4369 ἔμψυχος
1092 4297 1262 4367 οὗτος,
1280 4307 1375 4358 καὶ
1403 4308 1627 4379 προνοίᾳ
1646 4309 1902 4379 τυγχάνει

322 4385 457 4438 Θεοῦ
482 4388 871 4460 διοικούμενος,
917 4393 1025 4445 εἴτε
1059 4394 1151 4445 καὶ
1178 4396 1456 4450 τάναντία·
1493 4402 1587 4453 καὶ
1615 4401 1664 4452 εί
1694 4400 1903 4469 ἄφθαρ-

2004 3962 2007 3963 ν
2088 3933 2244 3990 Hunc
2295 3938 2457 3991 etiam
2511 3938 2600 3993 isti
2654 3940 2812 3995 nobis
2848 3942 3123 4012 egregium
3168 3945 3355 4000 mundi
3406 3956 3586 4004 ortum

2013 4029 2374 4084 somniarunt.
2390 4028 2599 4097 Quibus
2618 4032 2881 4089 immensa
2901 4036 3145 4104 quaedam
3163 4039 3267 4093 alia
3294 4041 3475 4094 verbo:
3493 4059 3583 4096 um

2009 4136 2189 4191 pugna
2231 4124 2616 4194 contentioque
2650 4126 3018 4197 subjungitur,
3047 4130 3330 4185 hominum
3373 4133 3427 4187 in
3463 4134 3585 4188 inli-

2002 4215 2118 4267 nita
2156 4213 2523 4283 quastionum
2588 4216 2721 4271 silva
2774 4217 3172 4273 ﬂuctuantium.
3220 4220 3372 4276 Sitne
3412 4240 3584 4279 unum

2002 4304 2205 4373 aliquid
2256 4304 2565 4359 habendum
2625 4309 2727 4362 hoc
2779 4309 3093 4363 universum
3150 4326 3218 4363 an
3272 4312 3579 4382 multiplex.

2002 4389 2278 4447 Unicusne
2322 4395 2391 4449 sit
2437 4396 2695 4464 mundus,
2723 4412 2789 4451 an
2836 4399 3037 4468 plures.
3090 4398 3240 4455 Sitne
3305 4403 3581 4458 animatus

320 4480 492 4550 τος,ἢ
530 4480 784 4553 φθαρτός·
820 4486 911 4536 καὶ
944 4484 1107 4538 πόθεν
1161 4486 1438 4557 τρέφεται·
1475 4490 1568 4541 καὶ
1612 4491 1719 4543 άπὸ
1742 4490 1895 4543 ποίου

2012 4483 2089 4535 hic
2120 4492 2326 4547 noster,
2364 4483 2567 4556 Deique
2602 4487 2940 4555 providentia
2975 4488 3326 4557 gubernetur,
3351 4505 3417 4543 au
3447 4505 3582 4544 con-

242 4640 249 4645 η
321 4571 521 4643 ἦρξατο
553 4576 581 4627 ό
606 4576 737 4639 θεὸς
792 4583 1160 4649 κοσμοποιεῖν·
1197 4581 1326 4651 περί
1349 4598 1407 4633 τε
1440 4582 1537 4649 τῆς
1563 4582 1766 4648 τάξεως
1803 4583 1895 4636 τοῦ

323 4666 547 4737 κόσμου·
582 4669 675 4722 καὶ
707 4669 841 4741 τίςὴ
873 4673 1020 4725 αἰτία
1049 4672 1141 4725 τοῦ
1176 4673 1336 4726 αὑτὸν
1371 4673 1707 4745 ἐγκλιθῆναι.
1764 4676 1897 4747 Περί

322 4775 380 4811 τε
412 4759 509 4829 τῆς
530 4761 687 4824 ἐκτὸς
737 4762 831 4814 τοῦ
871 4764 1075 4834 κόσμου
1134 4765 1505 4837 περιφερείας
1537 4766 1629 4819 καὶ
1677 4767 1797 4820 τίνα
1830 4768 1898 4821 τὰ

320 4848 467 4915 δεξιὰ
495 4852 587 4904 καὶ
615 4853 681 4905 τὰ
707 4854 972 4927 ἀριστερὰ
991 4854 1084 4907 τοῦ
1120 4855 1344 4926 κόσμου·
1388 4858 1515 4929 περί
1546 4874 1605 4909 τε
1645 4854 1893 4930 ούρανοῦ·

321 4942 578 5012 καὶπρὸς
642 4945 810 4998 ἅπασι
868 4945 1097 5010 τούτοις,
1163 4948 1289 5017 περί
1352 4964 1412 4999 τε
1480 4947 1746 5018 δαιμόνων
1803 4951 1897 5003 καὶ

320 5031 536 5103 ἡρώων·
595 5036 721 5108 περί
749 5054 807 5090 τε
840 5037 991 5107 ὕλης,
1022 5038 1116 5090 καὶ
1146 5041 1272 5111 περὶ
1305 5040 1477 5093 ἰδεῶν·
1511 5042 1637 5111 περὶ
1672 5041 1771 5111 τῆς
1802 5042 1894 5095 τοῦ

320 5124 516 5189 παντὸς
542 5126 765 5192 τάξεως·
809 5128 888 5182 ἔτι
915 5130 1021 5199 μὴν
1079 5133 1205 5203 περὶ
1263 5133 1361 5203 τῆς
1392 5133 1498 5185 τῶν
1549 5133 1761 5204 ἄστρων
1801 5153 1897 5204 φο-

323 5217 421 5286 ρᾶς
453 5233 513 5268 τε
534 5218 625 5270 καὶ
654 5221 937 5291 κινήσεως·
968 5222 1062 5274 καὶ
1093 5223 1255 5275 πόθεν
1282 5224 1606 5293 φωτίζονται
1635 5227 1683 5277 οἱ
1733 5226 1896 5279 ἀστέ-

321 5324 432 5378 ρες·
475 5309 570 5360 καὶ¹
618 5312 745 5382 περὶ
795 5314 902 5367 τῶν
960 5316 1307 5382 καλουμένων
1353 5317 1715 5389 Διοσκούρων·
1768 5320 1895 5391 περὶ

394 5466 503 5536 (59)
542 5467 592 5518 Ὀ
619 5469 1408 5545 mima-affaiwq.Plutarch.
1438 5475 1679 5544 ejusdem
1713 5478 1893 5545 operis

322 5537 416 5613 lib.
458 5553 639 5613 Incap.
670 5539 723 5605 4,
759 5542 848 5613 ubi
876 5537 1187 5605 Democriti,
1224 5544 1441 5613 Epicuri
1466 5537 1540 5599 'ac
1569 5537 1889 5601 caueret-um

321 5607 684 5682 ἁτομιςόντων
718 5612 1027 5679 Opinionem
1064 5607 1302 5682 exponit.

391 5624 684 5730 οῶςοντων
718 5626 1027 5679 opinionem
1064 5624 1302 5682 exponit.

391 5677 416 5758 (_
483 5678 1094 5758 )·Περικεξελασμένφ.
1154 5684 1434 5758 amictus,
1493 5686 1657 5754 ﬁgure
1706 5692 1886 5758 ronde,

317 5744 606 5817 Xylauder,
625 5744 930 5820 'confracta'
954 5744 1142 5809 farina.
1168 5753 1329 5807 Malui
1360 5744 1720 5824 circuiri/laxa.

2000 4580 2105 4625 tra.
2141 4572 2433 4629 lnteritune
2464 4586 2666 4641 careat,
2692 4593 2759 4630 an
2782 4578 2831 4631 ei
2878 4578 2949 4631 sit
2971 4578 3261 4633 obnoxius.
3297 4580 3577 4645 Quoidem

1999 4666 2197 4734 pabulo
2230 4669 2522 4721 nutriatur.
2554 4666 2834 4723 Uudeuam
2861 4669 2980 4738 ejus
3020 4671 3274 4725 moliendi
3300 4670 3445 4727 Deus
3471 4672 3577 4727 iui-

1998 4759 2133 4811 tium
2166 4760 2403 4813 duxerit.
2437 4758 2511 4814 De
2542 4760 2729 4813 mundi
2772 4762 2981 4816 ordine.
3020 4760 3152 4828 Quae
3190 4778 3353 4817 causa
3388 4763 3572 4830 fuerit,

1997 4851 2349 4921 quamobrem
2387 4852 2696 4907 inclinatior
2732 4853 2879 4907 ﬂeret
2927 4864 3089 4923 atque
3128 4854 3453 4923 depressior.
3500 4858 3575 4911 De

1996 4944 2185 4997 mundi
2213 4944 2483 4998 exteriore
2498 4946 2725 4999 ambitu.
2746 4944 3004 5011 Quaenam
3029 4948 3228 5001 dextra:
3253 4948 3395 5003 illius
3407 4949 3569 5023 84],

1996 5044 2178 5102 partes
2221 5035 2358 5101 sint,
2389 5052 2619 5106 quaeque
2666 5038 2924 5091 sinistrae.
2955 5036 3030 5092 De
3060 5040 3221 5094 ctelo.
3256 5038 3330 5095 De
3369 5042 3572 5096 dmino-

1996 5126 2155 5179 nibus
2204 5136 2485 5196 praatcrea,
2516 5130 2690 5197 deque
2727 5129 3001 5185 heroibus.
3035 5130 3110 5186 De
3150 5134 3374 5187 materia
3408 5134 3570 5190 simul

1990 5222 2051 5267 et
2071 5214 2227 5269 ideis.
2262 5204 2337 5269 De
2360 5216 2491 5284 ipso
2526 5217 2690 5270 totius
2725 5218 2961 5273 universi
3003 5222 3214 5276 ordine.
3245 5221 3319 5277 De
3343 5238 3570 5279 conver-

1996 5306 2148 5361 sione
2189 5316 2451 5377 motuquc
2496 5309 2756 5363 siderum.
2800 5308 2956 5365 Unde
3000 5313 3184 5367 lumen
3225 5314 3393 5369 stella:
3418 5316 3567 5373 acci-

2066 5483 2178 5560 (ll)
2206 5484 2313 5537 Kal
2351 5484 2500 5560 πρὸς
2532 5486 2800 5560 τούτους.
2834 5486 2980 5552 ilmc,
3021 5498 3075 5543 et
3101 5506 3220 5559 qua:
3262 5503 3566 5560 sequuntur

1994 5556 2205 5630 omnia,
2238 5570 2408 5630 usque
2436 5558 2502 5630 ad
2536 5558 2582 5630 εἰ
2608 5558 2710 5627 χρὴ
2747 5558 2805 5630 τὸ
2836 5560 2965 5630 πᾶν,
2990 5556 3133 5623 υῑε,
3152 5578 3272 5630 qua:
3300 5556 3565 5619 habentur

1996 5622 2158 5701 ihufra,
2196 5627 2248 5701 i_u
2291 5622 2725 5701 prioricditione
2758 5628 3068 5693 defuerunt,
3106 5622 3229 5701 qua:
3268 5637 3460 5701 partim
3494 5652 3564 5691 ex

1992 5691 2306 5777 Plutarcho,
2348 5697 2539 5777 partim
2572 5712 2635 5749 ex
2658 5696 2897 5777 plantae.
2936 5691 3141 5777 codice;
3168 5691 3563 5777 qui‘nusquam

1994 5766 2112 5830 luit,
2146 5779 2308 5835 quam
2352 5768 2452 5821 hoc
2481 5766 2619 5833 loco,
2658 5768 2953 5835 liberalior,
2987 5766 3374 5843 suppleviiuus.
