4034 7376
532 234 713 330 νιειιῖ»

1204 269 1477 329 EUSEBII
1513 269 1993 327 CESARIENSIS
2029 272 2177 327 OPI’.
2224 271 2402 327 PARS
2440 270 2502 326 ll.
2544 303 2612 312 —
2649 269 3150 325 APOLOGETICA.

3649 268 3761 332 i584

566 394 740 466 piant.
775 392 851 449 De
902 394 969 449 iis
999 408 1137 464 quos
1175 394 1335 464 vulgo
1366 392 1622 450 Castores
1654 395 2020 450 nominamus.
2052 392 2126 450 De

2229 396 2520 467 ἐκλείψεως
2554 395 2700 466 ἡλίου
2751 394 2845 447 καὶ
2900 393 3148 464 σελήνης·
3218 392 3319 445 καὶ
3352 392 3480 462 περὶ
3524 395 3775 461 ἐμφάσεως

566 489 701 545 solis
741 503 805 543 ac
846 488 987 543 lunae
1022 487 1435 544 defeetionibus.
1478 488 1554 543 De
1600 488 1839 559 ejusdem
1873 488 2015 543 lunae
2050 504 2137 544 as-

570 590 746 651 pectu.
777 579 887 635 Cur
918 580 1158 635 terrestri
1189 580 1421 634 similior
1448 590 1721 651 appareat.
1769 579 1846 636 De
1886 581 2134 636 interval-

513 655 535 735 ,ί
566 671 660 739 lis,
684 672 883 743 quibus
914 689 943 726 a
969 673 1082 727 sole
1116 673 1367 741 terraque
1389 671 1574 727 distet.
1601 673 1842 743 Itemque
1865 673 1931 727 de
1953 674 2131 728 annis.

566 760 637 817 At
677 761 790 816 haec
828 761 1032 824 omnia,
1067 761 1340 817 sexcentis
1386 776 1597 828 eorum,
1626 762 1693 817 de
1730 763 1930 832 quibus
1957 762 2137 833 loqui-

494 879 499 884 ·
566 869 711 917 mur,
752 854 1198 923 philosophorum
1248 853 1706 924 disputationibus
1757 854 1978 925 agitata,
2011 870 2135 909 cum

566 946 623 1000 in
649 960 821 1016 pauca
845 943 1169 1001 Plutarchus
1193 945 1265 999 ita
1289 944 1638 1008 contraxerit,
1663 952 1722 998 ut
1749 945 1991 999 omnium
2014 944 2137 999 bre-

565 1038 703 1093 viter
730 1038 1018 1109 opiniones
1043 1039 1377 1109 dissidiaque
1414 1039 1728 1108 complexus
1761 1039 1835 1092 sit
1862 1056 1876 1092 :
1908 1053 2022 1093 rem
2048 1054 2137 1093 me

561 1144 669 1183 non
699 1128 944 1184 inutilem
990 1128 1259 1185 facturum
1295 1131 1569 1196 existimo,
1603 1130 1650 1183 si
1681 1129 1921 1199 ejusdem
1956 1130 2133 1185 verbis

534 1202 653 1274 illa
692 1219 806 1290 ipsa
841 1231 1243 1289 repraesentem,
1276 1231 1336 1274 ut
1373 1236 1536 1289 quam
1566 1219 1691 1289 jure
1722 1235 1786 1274 ac
1814 1220 2009 1291 merito
2043 1236 2132 1275 re—

560 1312 775 1383 pudiari
808 1312 1059 1380 debeant,
1096 1314 1314 1383 planum
1358 1313 1608 1369 efficiam.
1657 1313 1714 1367 Si
1763 1314 1907 1369 enim
1948 1330 2130 1369 secum

561 1401 663 1471 ipsi
683 1410 831 1455 tanta
867 1409 1088 1472 tamque
1115 1402 1377 1471 pertinaci
1416 1403 1757 1458 dissensione
1780 1403 2130 1469 luctatisunt,

560 1494 817 1565 aliudque
847 1494 979 1547 nihil
1003 1503 1198 1564 praater
1229 1495 1602 1551 contentiones
1623 1504 1676 1550 et
1705 1495 1987 1567 pugnasin
2014 1511 2133 1551 sese

561 1596 752 1642 mutuo
795 1586 1213 1653 succenderunt,
1243 1586 1374 1640 dum
1414 1601 1640 1641 suorum
1681 1587 1883 1657 quique
1920 1587 2131 1642 vicino-

559 1691 682 1729 rum
716 1676 1017 1732 sententias
1066 1674 1216 1729 inani
1254 1676 1547 1730 verborum
1581 1676 1877 1731 ambitione
1917 1675 2132 1732 refelle-

2237 489 2423 569 αὐτῆς·
2450 488 2544 540 καὶ
2568 486 2655 540 διὰ
2685 486 2738 539 τί
2764 483 2973 556 γεώδης
3018 485 3295 552 φαίνεταυ
3344 489 3473 552 περὶ
3498 483 3778 556 ἀποστημά.

2237 596 2342 632 των
2373 578 2558 648 αὐτῆς·
2590 577 2669 629 ἔτι
2695 577 2821 647 περὶ
2856 575 3133 629 ἐνιαυτῶν.
3180 572 3375 628 Ταῦτα
3418 572 3475 626 δὲ
3524 576 3685 629 πάντα
3708 580 3780 633 διὰ

2240 669 2443 742 μυρίων
2468 672 2579 731 τοῖς
2599 669 2727 740 περὶ
2753 662 2826 721 ὧν
2850 669 2878 720 6
2927 667 3081 734 λόγος
3105 662 3780 741 κατεσκευασμένα,ἐπειδὴ

2237 760 2470 815 συνελὼν
2499 762 2527 815 6
2560 759 2922 831 Πλούταρχος,
2964 760 3021 811 ἐν
3050 757 3261 825 όλίγοις
3305 754 3499 825 συνῆξε
3524 756 3615 818 τὰς
3635 758 3780 810 ἁπάν-

2235 870 2342 905 των
2399 852 2701 922 ἀποφάσεις
2751 853 2845 904 καὶ
2895 849 2994 913 τὰς
3054 848 3383 918 διαφωνίας·
3432 847 3659 916 ἠγοῦμαι
3700 850 3782 904 οὐκ

2235 942 2505 1012 ἄχρηστον
2530 940 2698 1004 αὐτὰς
2726 938 3052 1011 παραθεῖναι
3106 941 3190 1000 είς
3216 937 3323 1008 τὴν
3367 935 3585 1005 εὔλογον
3635 940 3783 994 αὐτῶν

2237 1032 2582 1105 παραίτησιν.
2614 1033 2678 1085 Et
2704 1032 2811 1103 γὰρ
2835 1031 2987 1083 αὐτοὶ
3013 1030 3149 1101 πρὸς
3177 1030 3331 1094 σφᾶς
3365 1027 3563 1090 αὐτοὺς
3588 1028 3784 1084 ἐναντίοι

2234 1125 2376 1179 κατὰ
2397 1126 2688 1196 διάμετρον
2736 1123 2988 1193 ἔστησαν,
3027 1122 3209 1193 μάχας
3260 1136 3324 1172 τε
3378 1120 3475 1173 καὶ
3530 1119 3783 1190 πολέμους,

2234 1217 2396 1271 πλέον
2455 1217 2499 1270 δ’
2520 1216 2672 1270 οὐδὲν
2722 1213 2844 1268 καθ’
2873 1213 3079 1276 ἑαυτῶν
3133 1212 3370 1282 ἐξῆψαν,
3402 1209 3474 1262 τὰ
3502 1209 3607 1262 τῶν
3648 1211 3785 1276 πέλας

2232 1308 2452 1361 ἔκαστοι
2478 1307 2757 1379 φιλοτιμίᾳ
2780 1305 2953 1375 λόγων
2992 1305 3426 1374 ἀπελέγξαντες·
3462 1301 3581 1366 πῶς
3604 1303 3694 1356 οὐκ
3733 1304 3784 1358 ἂν

2226 1398 2458 1465 ἐἰκότως
2492 1403 2622 1472 ἡμῖν
2657 1400 2871 1471 ἀσφαλῆ
2902 1397 2999 1470 τὴν
3051 1398 3182 1468 περὶ
3217 1396 3437 1451 τούτων
3488 1396 3681 1467 ἐποχὴν
3707 1413 3785 1464 γε·

2232 1492 2443 1559 γονέναι
2506 1493 2615 1555 πᾶς
2664 1490 2911 1544 ὁστισοῦν
2971 1488 3378 1560 όμολογήσειε;
3437 1484 3788 1556 Προσθήσωδέ

2233 1583 2360 1654 ἐξῆς
2390 1586 2503 1647 τοῖς
2536 1581 2866 1655 εἰρημένοις,
2900 1583 2999 1634 ὅσα
3032 1581 3287 1651 καὶπερὶ
3333 1577 3446 1631 τῶν
3476 1577 3790 1648 προσγειοτέ-

2237 1693 2345 1747 ρων
2373 1676 2748 1745 ἐπηπόρησανο
2778 1674 2906 1744 περὶ
2948 1670 3053 1742 γῆς
3106 1674 3416 1741 σχήματος·
3455 1669 3547 1721 καὶ
3580 1667 3695 1740 τερὶ
3719 1668 3789 1721 θέ-

560 1778 682 1823 rent
710 1787 724 1823 :
765 1769 890 1840 quis
918 1783 1027 1823 non
1065 1775 1276 1822 mature
1307 1782 1406 1822 nos
1426 1776 1590 1837 atque
1614 1766 1907 1836 prudenter
1936 1782 2126 1822 assen-

2231 1784 2366 1830 σεως
2423 1767 2517 1819 καὶ
2546 1766 2839 1834 ἐγκλίσεως
2869 1764 3057 1833 αὐτῆς·
3109 1764 3203 1816 καὶ
3250 1761 3336 1814 ἐτι
3368 1761 3498 1831 πρὶ
3527 1759 3787 1829 θαλάσσης⁸

558 1861 769 1917 sionem
810 1861 927 1916 istis
961 1862 1014 1915 in
1058 1861 1221 1914 rebus
1253 1874 1470 1914 omnem
1516 1860 1809 1914 retinuisse
1853 1858 2122 1913 fateatur?

555 1951 675 2008 Jam
708 1969 835 2023 ergo
874 1953 1149 2023 prioribus
1180 1951 1307 2014 illis,
1351 1966 1473 2021 qua:
1519 1952 1586 2007 de
1621 1952 1743 2007 aliis
1774 1952 1941 2006 etiam
1974 1960 2127 2007 terra

556 2043 1038 2114 propinquioribus
1071 2043 1423 2112 disputarunt
1459 2042 1565 2097 hoc
1598 2043 1742 2107 loco,
1769 2043 2125 2113 subjungam;

557 2135 638 2189 uti
666 2135 733 2189 de
757 2144 913 2188 terrae
935 2132 1140 2203 figura:
1170 2134 1237 2187 de
1260 2132 1504 2203 ejusdem
1529 2133 1637 2188 situ
1665 2141 1719 2187 et
1742 2133 2124 2189 inclinatione:

557 2227 796 2295 itemque
820 2225 886 2279 de
915 2224 1087 2278 mari:
1124 2231 1183 2277 ut
1204 2223 1494 2295 intelligas,
1524 2239 1690 2294 quam
1731 2239 1842 2280 non
1884 2224 1937 2278 in
1969 2240 2128 2295 supe-

557 2316 767 2370 riorum
802 2315 965 2369 modo
1013 2329 1077 2368 ac
1125 2313 1432 2368 caelestium
1479 2312 1719 2378 illorum,
1744 2312 1838 2368 sed
1873 2313 2038 2367 etiam
2072 2313 2125 2366 in

558 2421 738 2459 rerum
771 2405 838 2459 ad
872 2414 1047 2460 terras
1072 2404 1459 2474 pertinentium
1492 2404 1849 2473 explicatione
1884 2404 2123 2473 praeclari

557 2495 862 2565 philosophi
886 2494 1263 2550 dissenserint.
1276 2496 1452 2565 Atque
1466 2503 1524 2549 ut
1545 2495 1867 2565 sapientium
1893 2495 2124 2551 istorum

2226 1860 2302 1924 ὠς
2335 1859 2399 1912 ἂν
2422 1858 2638 1928 εἰδείης,
2686 1859 2767 1911 ὅτι
2824 1858 2897 1928 μὴ
2943 1855 3074 1928 περὶ
3135 1854 3318 1925 μόνων
3359 1852 3473 1905 τῶν
3534 1848 3789 1921 μετεώρων

2228 1953 2320 2006 καὶ
2349 1951 2654 2021 μεταρσίων
2700 1951 2749 2002 οἱ
2795 1950 3029 2016 γενναῖοι
3065 1947 3390 2017 διέστησαν,
3451 1941 3564 1995 ἀλλ’
3593 1942 3667 2027 ὅτι
3712 1943 3788 1993 καὶ.

2226 2048 2285 2098 ὲν
2309 2047 2421 2109 τοῖς
2454 2043 2747 2113 περιγείοις
2783 2041 3284 2111 διαπεφωνήκασιν.
3326 2037 3455 2089 Ἵνα
3509 2034 3565 2087 δέ
3593 2032 3690 2084 τῶν
3715 2049 3788 2085 σο-

2228 2135 2342 2206 φῶν
2369 2135 2447 2189 ἐτι
2479 2134 2677 2206 μᾶλλον
2698 2132 2791 2204 τὴν
2821 2132 3013 2202 σοφίαν
3054 2128 3488 2198 ἀποθαυμάσῃς,
3528 2124 3786 2195 προσθήσω

2226 2229 2320 2282 καὶ
2350 2229 2450 2281 ὅσα
2476 2226 2604 2298 περὶ
2648 2225 2844 2295 ψυχῆς,
2877 2225 2971 2276 καὶ
3015 2222 3109 2275 τοῦ
3176 2223 3236 2273 ἐν
3302 2221 3448 2288 αὐτῇ
3493 2214 3785 2287 ἡγεμονικοῦ

2223 2318 2641 2391 διεμαχήσαντο,
2668 2318 2789 2371 οὺδέ
2812 2332 2950 2384 σφας
2978 2315 3174 2376 αὐτοὺς
3203 2311 3530 2380 ἐπιγνόντες
3565 2309 3673 2369 οἵας
3700 2305 3785 2358 εἰσὶ

2227 2411 2460 2481 φύσεως.
2510 2408 2668 2462 Ἀλλὰ
2692 2408 2800 2480 γὰρ
2822 2407 3061 2477 ἀνίωμεν
3095 2407 3187 2459 ἐπὶ
3218 2404 3292 2458 τὰ
3351 2402 3552 2474 πρῶτα
3590 2399 3689 2451 τῶν
3720 2399 3785 2449 εἱ-

2225 2496 2490 2568 ρημένων-

556 2585 873 2654 sapientiam
916 2587 1292 2642 vehementius
1330 2588 1636 2655 admireris,
1681 2605 1742 2642 ea
1783 2605 1999 2659 quoque
2061 2590 2355 2660 proferam,
2385 2604 2506 2661 qua:
2544 2589 2610 2643 de
2649 2588 2853 2655 animo,
2907 2603 2971 2642 ac
3022 2586 3091 2642 de
3126 2584 3385 2657 principe
3441 2579 3605 2636 animi
3636 2578 3782 2632 facul-

555 2686 686 2743 tate,
714 2693 893 2748 pugna
921 2680 1311 2735 sententiarum
1337 2682 1597 2738 acerrima
1650 2683 1972 2752 docuerunt,
2010 2701 2134 2740 cum
2174 2701 2242 2741 ne
2280 2701 2393 2741 sua:
2411 2685 2629 2755 quidem
2668 2684 2770 2755 ipsi
2794 2692 3000 2738 natura:
3037 2681 3414 2737 conditionem
3441 2677 3781 2744 rationemque

555 2780 961 2842 cognoscerent.
1005 2769 1109 2826 Sed
1133 2772 1251 2843 jam
1275 2774 1344 2830 ad
1375 2790 1437 2829 ea
1469 2791 1593 2840 nos,
1629 2792 1750 2845 qua:
1785 2778 1962 2848 primo
1994 2789 2123 2834 sunt
2160 2781 2280 2836 loco
2306 2778 2577 2850 proposita
2609 2775 2930 2833 referamus.

1089 2866 1318 2923 CAPUT
1354 2868 1593 2925 XXXIII.

927 2954 1115 3011 Utrum
1144 2958 1241 3011 hoc
1267 2968 1433 3012 totum
1456 2976 1615 3014 unum
1652 2963 1742 3015 sit.

629 3062 651 3098 ι
675 3043 843 3101 Stoici
871 3062 1038 3101 unum
1061 3062 1187 3115 esse
1215 3050 1502 3118 mundum,
1524 3050 1751 3121 ejusque
1773 3067 1992 3108 nomine
2013 3067 2134 3108 cum
2163 3060 2206 3117 c

537 3137 870 3193 universum
897 3138 1098 3208 ipsum,
1133 3150 1245 3194 tum
1284 3155 1598 3212 corpoream
1632 3159 1849 3213 quoque
1876 3152 2126 3199 naturam

557 3227 940 3296 comprehendi
971 3228 1278 3286 voluerunt.
1311 3229 1663 3301 Empedocles
1713 3248 1882 3287 unum
1907 3233 2126 3304 quidem

554 3334 677 3376 esse
706 3321 971 3376 mundum
1017 3321 1238 3389 fatetur,
1284 3338 1408 3377 eum
1442 3333 1620 3377 tamen
1665 3325 1977 3380 universum
2007 3341 2129 3381 esse

556 3428 667 3467 non
698 3413 834 3476 vult,
865 3411 958 3468 sed
1020 3423 1229 3483 partem
1261 3415 1380 3483 ejus
1428 3423 1635 3469 tantum
1682 3416 1957 3488 exiguam,
1997 3418 2127 3472 reli-

555 3519 723 3574 quum
760 3519 887 3558 vero
918 3504 1136 3558 inanem
1168 3506 1507 3575 otiosamque
1551 3508 1855 3564 materiam.
1890 3508 2043 3563 Plato
2075 3519 2127 3564 et

557 3594 846 3660 mundum,
888 3595 967 3650 uti
1004 3596 1190 3660 sentit,
1219 3598 1439 3652 unicum
1478 3607 1532 3653 et
1571 3615 1740 3654 unum
1781 3600 1984 3670 aliquid
2025 3601 2127 3655 hoc

558 3675 873 3743 universum
906 3703 1048 3754 esse,
1073 3689 1408 3758 argumentis
1428 3692 1649 3761 coniicit
1670 3691 1896 3747 omnino
1920 3692 2122 3758 tribus;

556 3780 703 3850 quod
753 3780 859 3834 nisi
898 3782 1080 3835 omnia
1132 3782 1469 3849 contineret,
1510 3782 1780 3852 perfecws
1815 3783 2126 3855 integerque

556 3886 666 3925 non
704 3870 872 3938 foret;
910 3873 1053 3942 quod
1094 3873 1291 3928 similis
1330 3873 1624 3944 exemplari
1672 3888 1773 3928 suo
1811 3890 1918 3928 non
1956 3884 2120 3940 esset,

557 3963 663 4017 nisi
696 3972 843 4018 esset
890 3965 1164 4034 unigena;
1195 3973 1492 4034 postremo,
1558 3965 1703 4034 quod
1751 3966 1898 4020 omni
1935 3982 2125 4021 corru-

556 4054 740 4123 ptione
764 4053 901 4107 Iiber
923 4069 1046 4108 esse
1078 4070 1185 4108 non
1209 4063 1414 4125 posset,
1447 4055 1491 4109 si
1526 4065 1677 4109 extra
1701 4055 1878 4125 ipsum
1919 4058 2123 4127 aliquid

555 4154 883 4215 superesset.
912 4148 980 4199 At
998 4142 1209 4199 Platoni
1239 4146 1563 4214 respondere
1584 4146 1747 4218 842
1773 4149 1980 4218 possis;
2014 4165 2120 4203 non

552 4236 811 4292 continuo
824 4237 1082 4290 mundum
1096 4251 1214 4291 esse
1224 4236 1542 4306 perfectum,
1556 4248 1615 4293 ut
1628 4242 1811 4292 omnia
1828 4241 2119 4307 contineat;

548 4325 850 4396 perfectum
877 4327 1074 4397 quippe
1096 4327 1372 4382 hominem
1396 4344 1536 4396 esse,
1560 4329 1653 4399 qui
1681 4339 1858 4385 tamen
1878 4344 1985 4384 non
2006 4346 2121 4386 om—

2744 2870 3134 2926 ΚΕΦΑΛΑΙΟΝ
3158 2869 3259 2924 Al"

2782 2965 2854 3016 El
2886 2961 2957 3016 ἓν
2997 2963 3063 3015 τὸ
3095 2959 3237 3015 πᾶν.

2315 3074 2336 3108 ι
2368 3057 2431 3110 Oi
2469 3056 2565 3127 μὲν
2586 3049 2677 3108 οὖν
2708 3052 2817 3107 ἀπὸ
2866 3054 2965 3125 τῆς
2993 3053 3162 3116 Στοᾶς
3187 3051 3301 3124 (42)
3325 3051 3427 3103 ἕνα
3461 3048 3655 3119 κόσμον
3688 3047 3777 3099 ἀπ-

2226 3150 2513 3220 εφήναντο,
2544 3147 2601 3200 δν
2631 3146 2696 3218 δὴ
2730 3147 2822 3200 καὶ
2848 3145 2906 3199 τὸ
2932 3146 3038 3199 πᾶν
3063 3144 3271 3213 ἔφασαν
3295 3139 3459 3204 εἶναι,
3500 3139 3590 3194 καὶ
3613 3137 3673 3190 τὰ
3698 3153 3779 3189 σω-

2230 3240 2434 3314 ματικά
2458 3239 2594 3310 (45).
2640 3237 3008 3309 Ἐμπεδοκλῆς
3026 3236 3103 3303 δὲ,
3133 3237 3340 3306 κόσμον
3373 3234 3495 3297 ἕνα,
3530 3233 3588 3284 οὐ
3620 3230 3774 3300 μέντοι

2223 3335 2286 3388 τὸ
2316 3335 2422 3386 πᾶν
2455 3329 2591 3384 εἶναι
2611 3329 2702 3384 τὸν
2733 3329 2956 3399 κόσμον,
2988 3328 3102 3383 ἀλλ’
3144 3327 3324 3396 ὀλίγον
3376 3344 3430 3379 τι
3464 3321 3557 3377 τοῦ
3605 3320 3775 3383 παντὸς

2229 3426 2413 3498 μέρος,
2446 3422 2507 3476 τό
2529 3422 2585 3475 δέ
2607 3421 2792 3474 λοιπὸν
2822 3421 2997 3492 ἀργὴν
3024 3415 3163 3472 εἶναι
3186 3421 3285 3489 τὴν
3313 3417 3472 3487 ὕλην.
3505 3410 3774 3467 Πλάτωνδε

2226 3516 2578 3588 τεκμαίρεται
2605 3510 2666 3565 τὸ
2693 3510 2909 3577 δοκοῦν,
2937 3512 3018 3563 ὅτι
3066 3504 3147 3573 εἷς
3167 3510 3196 3561 6
3229 3510 3459 3579 κόσμος,
3517 3505 3606 3559 καὶ
3629 3503 3682 3556 ἐν
3722 3500 3773 3553 τὸ

2226 3611 2353 3671 πᾶν,
2387 3608 2450 3659 ὲκ
2496 3603 2682 3676 τριῶνο
2715 3605 2780 3656 ἐκ
2808 3602 2902 3656 τοῦ
2936 3604 3009 3675 μὴ
3040 3603 3257 3656 ἔσεσθαι
3293 3601 3412 3673 (44)
3452 3598 3665 3660 τέλειον,
3694 3594 3773 3647 ἐὰν

2230 3700 2304 3772 μὴ
2343 3704 2517 3757 πάντα
2563 3697 2813 3772 περιέχῃο
2870 3697 2934 3749 ἐκ
2979 3694 3073 3748 τοῦ
3128 3694 3202 3766 μὴ
3256 3692 3483 3747 ἔσεσθαι
3516 3692 3687 3760 ὅμοιον
3707 3702 3771 3754 τῳ

2226 3793 2643 3864 παραδείγματι,
2675 3789 2769 3843 ἐὰν
2798 3787 2871 3860 μὴ
2906 3785 3193 3858 μονογενὴς
3355 3787 3424 3838 ἐκ
3455 3782 3550 3835 τοῦ
3581 3782 3648 3851 μὴ
3671 3779 3771 3831 ἔσε-

2225 3882 2346 3936 σθαι
2366 3882 2526 3936 αὐτὸν
2546 3878 2840 3952 ἄφθαρτον,
2878 3877 2973 3930 ἐάν
3021 3892 3072 3928 τι
3101 3874 3355 3944 ἐξωτέρω
3384 3869 3550 3926 αὐτοῦ
3651 3865 3768 3936 Πρὸς

2221 3975 2277 4027 δὲ
2306 3975 2396 4027 τὸν
2424 3974 2680 4028 Πλάτωνα
2699 3969 2933 4034 λεκτέον,
2951 3970 3030 4022 ὅτι
3063 3968 3124 4021 οὐ
3151 3968 3356 4030 τέλειος
3381 3968 3411 4020 6
3445 3956 3767 4033 κόσμος-(Η),

2221 4067 2341 4119 οὐδὲ
2377 4065 2486 4136 γὰρ
2512 4065 2688 4118 πάντα
2722 4062 2982 4135 περιέχειο
3018 4059 3112 4114 καὶ
3142 4057 3251 4130 γὰρ
3277 4060 3305 4112 ὁ
3339 4054 3622 4128 ἄνθρωπός
3672 4052 3766 4102 ἐστι

2220 4158 2442 4220 τέλειος,
2494 4155 2607 4209 ἀλλ’
2632 4155 2693 4208 οὐ
2728 4154 2907 4207 πάντα
2968 4152 3229 4222 περιέχεν
3275 4151 3371 4203 καὶ
3404 4147 3574 4201 πολλὰ
3619 4157 3767 4213 παρα-

2219 4246 2488 4317 δείγματά
2518 4248 2685 4309 ἐστιν,
2717 4244 2904 4316 ὥσπερ
2933 4244 3019 4295 ἐπ’
3054 4242 3412 4314 ἀνδριάντων,
3450 4240 3544 4294 καὶ
3587 4233 3761 4291 οίκιιῖιν,

2220 4339 2313 4391 καὶ
2343 4338 2689 4409 ζωγραφιῶν·
2727 4337 2842 4400 πῶς
2871 4336 2926 4389 δὲ
2950 4335 3149 4397 τέλειος
3168 4373 3182 4398 ,
3217 4334 3377 4404 εἴπερ
3398 4329 3592 4399 ἔξωθέν
3609 4344 3655 4379 τι
3681 4324 3762 4376 αὖ·

540 4422 642 4476 ‘nia
662 4422 963 4478 contineat:
1000 4422 1328 4494 exemplaria
1377 4440 1540 4494 porro
1590 4428 1758 4481 multa
1797 4408 1938 4495 esse,
1969 4431 2109 4485 utin

2225 4430 2306 4484 τοῦ
2336 4408 2719 4501 περιδινεῖσθαι
2738 4427 2986 4491 δύναται;
3014 4426 3285 4497 ἄφθαρτος
3310 4425 3369 4479 δὲ
3393 4426 3493 4479 οὐκ
3513 4423 3621 4476 ἔστι
3664 4418 3761 4471 οὐδὲ

551 4515 767 4579 statuis,
805 4514 1012 4571 aedibus
1050 4525 1206 4585 atque
1240 4517 1467 4587 picturis
1510 4534 1609 4574 usu
1644 4521 1831 4576 venit:
1867 4522 1960 4592 qui
1988 4537 2117 4577 vero

551 4606 820 4677 perfectus
852 4608 941 4662 ille
970 4608 1203 4675 sit,cum
1239 4620 1389 4664 extra
1421 4611 1597 4681 ipsum
1624 4611 1826 4681 aliquid
1851 4613 1903 4666 in
1930 4612 2114 4668 orbem

549 4699 756 4753 versari
786 4698 1239 4769 queat?denique
1280 4702 1649 4772 corruptionis
1687 4714 1962 4774 expertem
2018 4719 2117 4760 nec

550 4803 671 4843 esse
702 4787 877 4854 illum,
910 4804 1011 4844 nec
1051 4805 1172 4845 esse
1220 4805 1380 4860 posse
1419 4794 1511 4863 qui
1537 4794 1753 4863 genitus
1798 4795 1887 4849 sit.
1919 4794 2117 4850 Metro-

546 4880 734 4947 dorus,
788 4889 897 4934 tatn
945 4881 1238 4936 absurdum
1291 4886 1525 4950 esseait,
1565 4885 1778 4941 infinito
1828 4887 1881 4940 in
1939 4888 2114 4956 spatio

544 4971 810 5024 mundum
840 4970 1117 5026 exstitisse
1143 4987 1335 5038 unum,
1369 4990 1530 5043 quam
1562 4975 1765 5045 ingenti
1794 4977 2027 5047 quodam
2057 4978 2111 5031 in

546 5077 679 5133 agro
724 5062 926 5131 Spicam
979 5062 1245 5118 duntaxat
1298 5082 1460 5119 unam
1505 5068 1771 5137 generari.
1806 5068 1922 5122 Vim
1949 5083 2115 5139 porro

546 5155 871 5210 mundorum
900 5154 1165 5210 inﬁnitam
1204 5172 1342 5224 esse,
1370 5158 1450 5212 vel
1480 5173 1545 5211 ex
1581 5158 1790 5213 inﬁnita
1817 5160 2111 5230 principio-

543 5254 667 5304 rum
697 5246 1041 5301 multitudine
1070 5247 1356 5303 manifeste
1379 5249 1649 5305 concludi.
1678 5249 1813 5305 Nam
1845 5251 1888 5305 si
1926 5251 2111 5308 ﬁnitus

544 5420 576 5439 ._
611 5361 726 5432 (42)
760 5363 825 5414 Οἱ
855 5361 974 5439 μέν
993 5357 1107 5417 οὖν
1133 5360 1387 5439 ἀπὸ-,τῆς
1421 5362 1628 5432 Στοᾶς.
1657 5363 1931 5439 Plutarch.
1964 5364 2111 5435 ejus.

542 5432 667 5488 dem
699 5447 847 5501 oper.
887 5434 978 5486 lib.
1015 5449 1057 5496 ι,
1091 5448 1211 5501 cap.
1244 5432 1297 5485 5.

637 5503 705 5555 43
753 5501 1024 5557 Plutarch.
1058 5502 1119 5555 τὸ
1150 5506 1480 5573 σωματικόν.

637 5501 727 5642 4ιέ
762 5573 1070 5627 Ἔσεσθαι.
1103 5576 1178 5626 Ita
1208 5589 1340 5631 mss.
1376 5576 1480 5631 duo

552 5570 725 5645 ._(44)
762 5573 1070 5627 Ἕσεσθαι.
1103 5576 1178 5626 Ita
1208 5570 1340 5631 mss.
1376 5576 1507 5636 duo.
1551 5590 1673 5631 cum
1704 5574 1961 5645 Montac.,
1999 5592 2106 5631 non

541 5636 715 5705 εἶναι,
739 5653 796 5696 ιιι
821 5645 989 5712 prius.

619 5712 730 5786 (45)
762 5715 843 5766 Οὐ
872 5713 1098 5781 τέλειος
1128 5718 1162 5768 ό
1209 5716 1454 5784 κόσμος,
1488 5724 1589 5771 etc.
1626 5715 1969 5774 Manifestum
2001 5719 2104 5773 loci

2220 4523 2440 4576 δύναται
2492 4517 2650 4586 εἶναι,
2698 4521 2955 4590 γεννητὸς
3002 4519 3094 4572 ὢν.
3127 4518 3496 4590 Μητρόδωρος
3541 4515 3595 4567 δέ
3626 4525 3762 4582 φησιν

2220 4613 2418 4668 ἄτοπον
2479 4607 2643 4676 εἷναι,
2701 4614 2759 4664 ἐν
2793 4610 3010 4682 μεγάλῳ
3061 4610 3231 4681 πεδίῳ
3274 4608 3369 4663 ἕνα
3433 4609 3627 4677 στάχυν
3658 4616 3759 4669 γεν-

2219 4704 2464 4775 νηθῆναι,
2490 4704 2585 4756 καὶ
2612 4704 2707 4757 ἕνα
2735 4703 2936 4773 κόσμον
2963 4702 3020 4755 ἐν
3046 4701 3122 4773 τῷ
3153 4702 3381 4773 ἀπείρῳ.
3410 4702 3532 4754 Ὅτι
3560 4698 3614 4751 δὲ
3638 4694 3762 4748 ἄπει-

2222 4813 2313 4868 ρος
2345 4794 2486 4848 κατὰ
2512 4796 2574 4848 τὸ
2601 4795 2826 4865 πλῆθος,
2855 4793 3013 4864 δῆλον
3067 4795 3133 4847 ἐκ
3169 4792 3264 4846 τοῦ
3294 4793 3499 4863 ἄπειρα
3542 4788 3607 4842 τὰ
3636 4786 3757 4840 αἴτια

2219 4886 2380 4945 εἶναι.
2406 4890 2469 4942 Εἰ
2507 4889 2604 4959 μὲν
2626 4889 2736 4959 γὰρ
2761 4889 2790 4939 6
2815 4887 3018 4958 κόσμος
3057 4886 3493 4957 πεπερασμένος,
3527 4882 3594 4935 τὰ
3615 4879 3665 4932 δὲ
3693 4875 3758 4929 ai-

2217 4999 2305 5035 τια
2339 4982 2515 5035 πάντα
2538 4981 2758 5052 ἄπειρα,
2777 4978 2837 5044 ἐξ
2859 4974 2933 5033 ὧν
2954 4979 3038 5032 ὅδε
3057 4980 3084 5031 6
3104 4978 3304 5048 κόσμος
3321 4977 3562 5046 γέγονεν,
3576 4970 3755 5035 ἀνάγκη

2215 5072 2472 5142 ἀπείρους
2500 5065 2657 5124 εἶναι.
2691 5069 2866 5121 Ὅπου
2896 5068 3003 5138 γὰρ
3038 5068 3107 5121 τὰ
3150 5066 3328 5121 πάντα
3366 5069 3582 5136 γέγονεν
3612 5058 3753 5117 αἴτια,

2214 5166 2330 5217 ἐκεῖ
2358 5163 2452 5216 καὶ
2498 5159 2933 5231 ἀποτελέσματα.
2960 5160 3117 5213 Λίτια
3146 5159 3204 5212 δὲ
3236 5160 3353 5231 ﬁrm
3381 5159 3441 5210 αἱ
3490 5157 3686 5224 ἄτομοι,
3728 5144 3755 5213 ἦ

2211 5254 2281 5307 τὰ
2303 5256 2556 5324 στοιχεῖα.
2572 5272 2590 5304 ι

2213 5367 2378 5437 hujus
2438 5367 2629 5421 vitium
2691 5376 2808 5431 est;
2859 5366 3061 5433 alioqui
3113 5364 3406 5437 pugnantia
3453 5362 3750 5437 loquereluf-

2214 5425 2339 5507 1ιοῖέί
2393 5453 2522 5506 ergo
2569 5438 2760 5505 possit,
2796 5425 2880 5491 ὅτι
2926 5425 3130 5495 τέλειος
3171 5425 3463 5505 ὁ”κόσμος,
3495 5425 3539 5486 εί
3580 5425 3749 5507 καὶιμὴ

2214 5495 2392 5561 πάντα
2422 5495 2687 5579 περιέχει,
2716 5495 2876 5579 quam
2911 5508 3197 5579 lectionem
3244 5495 3556 5579 interpretes
3584 5495 3751 5579 probi};

2214 5586 2439 5657 verunt;
2494 5558 2687 5657 λινοῖ]
2722 5558 2997 5657 ἰτὲλειοςρ
3031 5577 3251 5648 κόσμος,
3296 5558 3416 5657 ὲτξέί
3462 5575 3538 5629 "3|
3585 5558 3639 5657 ἐξ,
3672 5558 3748 5657 ff!

2217 5648 2401 5720 πάντα
2420 5648 2683 5720 περιέχει.
2722 5647 3049 5702 Utrumlibet
3090 5647 3317 5719 legatur,
3355 5648 3494 5702 idem
3534 5647 3639 5695 κατ’
3668 5647 3747 5689 αν·

2214 5718 2589 5790 τιμετάθεσιν,
2620 5735 2814 5775 sensus
2843 5720 3089 5774 exsistet.
