2017 3688
163 163 238 189 1585

743 154 905 183 ΡΠΑΞΡΑΠ.
927 152 1054 182 EVANG.
1078 152 1141 180 LIB.
1162 150 1220 180 XV.

1730 147 1797 178 1336

161 219 275 254 quidem
303 217 422 245 mundus
452 221 502 250 est,
518 216 623 243 inﬁnita
649 222 714 243 vero
731 222 791 249 qua:
816 214 898 249 hujus
929 213 962 240 ad
996 212 1202 247 productionem
1230 216 1395 238 concurrere
1417 209 1561 244 principia,
1584 208 1706 236 intinitos
1739 215 1800 235 esse

164 267 284 295 mundos
301 274 414 294 necesse
430 271 481 293 est.
500 264 552 292 Ubi
566 264 639 292 enim
662 271 753 291 causae
776 270 872 290 omnes
904 261 1083 293 conveniunt,
1105 260 1141 287 ibi
1161 259 1242 287 etiam
1260 258 1355 286 eilecta
1372 262 1479 292 oportet
1500 256 1633 284 exsistere
1659 265 1666 283 :

164 320 257 343 autem
278 321 369 341 causa:
383 317 431 340 aut
443 312 526 339 atomi
541 317 606 339 sunt
621 315 668 338 aut
679 311 823 338 elementa.
839 319 848 336 ι

420 358 616 386 ΚΕΦΑΛᾹΙΟΝ
635 359 695 384 AA’.

165 409 202 436 Et
219 408 356 442 ἔμψυχος
383 406 399 433 ὀ
429 406 560 440 κόσμος,
591 404 641 431 καὶ
670 401 794 437 προοιόίᾳ
827 400 956 429 διοικού·

499 448 599 474 μενος.

205 497 216 513 σ
229 488 261 514 οι
277 487 326 522 μὲν
341 486 414 513 ἄλλοι
435 485 490 520 (ιϐ)
506 486 605 516 πάντες
627 484 757 519 ἔμψυχον,
775 483 823 510 καὶ
844 481 956 517 προνοίᾳ

165 532 359 567 διοικούμενον·
374 531 542 566 Δημόκριτος
554 530 581 557 δὲ
593 530 639 556 καὶ
658 530 827 564 Ἐπίκουρος,
843 528 890 555 καὶ
899 528 956 554 ὅσοι

166 579 201 606 τὰ
212 579 301 614 ἄτομα
319 578 502 613 εἰσηγοῦνται,
518 577 564 604 καὶ
587 577 618 603 τὺ
645 575 733 607 κενὸν,
754 574 808 601 οὒτ’
825 574 955 609 ἔμψυχον,

166 625 230 651 οὔτε
246 624 358 660 προνοίᾳ
371 623 539 653 διοικεῖσθαι,
568 622 647 657 φύσει
657 622 685 648 δέ
698 629 749 648 τινι
765 621 863 655 ἀλόγῳ.
885 620 957 655 Ἀρι-

168 670 308 705 στοτὲλης,
323 669 378 696 οὒτ’
392 669 511 704 ἔμψυχον
526 669 584 695 ὅλον
609 669 641 695 δι’
657 668 735 699 ὅλων,
754 666 814 692 οὔτε
841 665 893 701 μὴν
915 666 958 692 αξ-

168 716 307 752 σθητικὸν,
321 715 382 742 οὔτε
407 715 524 749 λογικὸν,
553 714 614 743 οὔτε
637 714 739 749 νοερὸν,
770 711 830 739 οὔτε
847 712 958 748 προνοίᾳ

166 762 363 798 διοικούμενον.
380 761 419 788 Τὰ
440 762 488 797 μὲν
512 762 566 797 γὰρ
581 761 693 796 οὐράνια
723 759 824 786 τούτων
850 759 957 785 πάντων

167 809 318 839 κοινωνεῖν,
350 807 468 842 σφαίρας
503 806 556 842 γὰρ
582 806 719 841 περιέχειν
748 803 886 839 ἐμψύχους
911 801 957 829 καὶ

168 854 297 886 ζωτικάς
318 853 352 880 τὰ
371 853 398 880 δὲ
421 852 546 888 περίγεια
574 851 686 887 μηδενὸς
716 850 821 877 αὐτῶν·
849 849 898 885 τῆς
912 848 956 875 εὐ-

167 900 263 932 ταξίας
287 900 358 926 κατὰ
385 898 576 935 συμϐεϐηκὸς,
609 898 638 924 οὑ
670 896 882 932 προηγουμένως
908 903 957 930 με·-

167 954 267 981 τεχειν.
275 956 284 971 ι

424 1076 620 1103 ΚΕΦΑΛΑῘΟΝ
639 1073 699 1102 AE'.

377 1124 410 1150 El
427 1123 575 1157 ἄφθαρτος
589 1124 605 1149 ὁ
621 1122 744 1156 κόσμος.

206 1179 215 1196 ι
232 1169 391 1204 Πυθαγόρας
405 1178 434 1195 τε
452 1168 499 1195 καὶ
524 1168 644 1200 Πλάτων,
657 1167 705 1195 καὶ
717 1167 741 1194 οἱ
757 1166 881 1199 Στωϊκοὶ,
899 1175 957 1201 γεν-

168 1216 248 1251 νητὸν
266 1215 317 1241 ὑπὸ
329 1214 397 1241 Θεοῦ
423 1213 467 1240 τὸν
482 1214 592 1249 κόσμον·
610 1213 657 1239 κα)⁴
681 1212 800 1248 φθαρτὸν
814 1213 872 1248 μὲν,
895 1213 957 1238 ὅσον

169 1262 215 1289 ἔπι
227 1262 259 1296 τῇ
275 1260 364 1295 φύσει·
386 1260 512 1294 αἰσθητὸν
527 1259 581 1295 γὰρ
597 1256 676 1291 εἶναι,
697 1258 764 1285 διότι
791 1257 955 1293 σωματικόψ

168 1308 199 1335 σὺ
218 1307 270 1342 μὴν
288 1305 492 1342 φθαρησόμενόν
505 1313 536 1339 γε
553 1305 665 1341 προνοίᾳ
692 1305 739 1331 καὶ
755 1306 852 1340 συνοχῇ
880 1304 955 1330 Θεοῦ.

175 1353 335 1389 Ἐπίκουρος
351 1351 478 1387 φθαρτὸν,
495 1352 535 1378 ὅτι
549 1352 686 1386 γεννητὸν,
711 1351 749 1383 ὡς
765 1351 844 1383 ζῶον,
860 1350 896 1382 ὡς
910 1359 959 1385 φυ-

169 1399 215 1425 τόν
243 1398 395 1434 Ξενοφάνης
412 1398 567 1433 ἀγέννητον.
585 1398 631 1424 καὶ
650 1398 744 1429 ἀΐδιον,
759 1398 806 1424 καὶ
822 1397 959 1434 ἄφθαρτον

170 1446 281 1479 κόσμον.
315 1444 502 1480 Ἀριστοτέλης
532 1442 562 1470 τὸ
592 1443 644 1469 ὑπὸ
677 1443 726 1479 τῆν
762 1443 876 1479 σελήνην
912 1444 958 1471 τοῦ

170 1491 272 1526 κόσμου
291 1490 372 1527 μέρος
403 1489 532 1526 παθητὸν,
545 1490 573 1516 ὲν
588 1486 610 1523 ᾧ
634 1489 682 1516 καὶ
707 1489 741 1516 τὰ
764 1490 892 1525 περίγεια
908 1499 959 1525 κη-

172 1545 302 1572 ραινεται.
310 1546 318 1562 ι

429 1679 624 1708 ΚΕΦΑΛΑῙΟΝ
637 1682 696 1715 AG"
702 1700 708 1707 .

356 1726 452 1754 Πόθεν
467 1726 602 1761 τρέφεται
617 1728 633 1753 ό
648 1727 771 1760 κόσμος.

208 1781 217 1798 t
242 1772 437 1807 Ἀριστοτέλης,
453 1774 477 1799 et
489 1773 618 1808 τρέφεται
634 1773 648 1799 ὁ
666 1772 778 1808 κόσμος,
794 1771 840 1799 καὶ
857 1771 961 1807 φθαρή-

171 1826 256 1844 σεται.
279 1818 358 1844 Ἀλλὰ
386 1819 438 1855 μὴν
464 1819 592 1854 οὐδεμιᾶς
622 1818 757 1845 ἐπιδέεται
780 1818 893 1854 τροφῆς
917 1817 961 1844 διὰ

170 1863 248 1890 τοῦτο
265 1864 311 1890 καὶ
330 1864 423 1895 ἀΐδιος.
450 1864 572 1896 Πλάτων,
595 1864 676 1890 αὐτὸν
703 1863 778 1898 αὑτῷ
799 1863 843 1890 τὸν
860 1863 961 1898 κόσμον

171 1910 203 1945 Ix
217 1909 264 1935 τοῦ
278 1909 416 1944 φθίνοντος
436 1911 507 1937 κατὰ
526 1910 675 1946 μεταϐολὴν
699 1909 729 1936 τὸ
749 1909 848 1945 τρέφον
875 1909 961 1944 παρέ-

170 1956 276 1991 χεσθαι.
295 1956 431 1988 Φιλόλαος,
448 1957 539 1993 διττὴν
550 1956 618 1984 εἶναι
634 1958 683 1993 τὴν
699 1956 812 1992 φθορὰν,
825 1957 885 1984 τοτὲ
899 1957 959 1992 μὲν,

170 2001 200 2034 ta
216 2002 330 2037 οὐρανοῦ
346 2001 431 2037 πυρὸς
447 2002 564 2037 ῥυέντος,
590 2004 649 2030 τοτὲ
661 2003 699 2034 δὲ,
718 2002 747 2034 ἐξ
774 2002 869 2034 ὓδατος
883 2002 961 2038 σελη-

170 2048 264 2074 νιακοῦ
292 2049 459 2083 περιστροφῇ
491 2048 537 2074 τοῦ
576 2048 656 2083 ἀέρος
690 2048 886 2083 ἀποχυθέντος.
914 2048 960 2074 καὶ

170 2094 272 2121 τούτων
300 2092 368 2121 εἶναι
403 2095 450 2126 τὰς
480 2095 677 2129 ἀναθυμιάσεις
712 2095 814 2129 τροφὰς
844 2094 891 2121 τοῦ
916 2094 961 2121 κό-

171 2149 251 2176 σμου.
266 2150 275 2167 ι

434 2185 631 2213 ΚΕΦᾹΛΑΙΟΝ
644 2187 704 2213 ΛΖ¹.

177 2232 247 2260 ’Λπὸ
261 2232 347 2259 ποίου
367 2231 483 2266 πρώτου
498 2232 609 2266 ἤρξατο
634 2234 650 2259 d
667 2232 738 2265 Θεὸς
757 2233 959 2268 κοσμοποιεῖν.

209 2288 218 2303 ι
236 2279 267 2304 οι
285 2278 393 2312 φυσικοὶ
408 2277 462 2304 ἀπὸ
483 2278 535 2311 γῆς
559 2278 691 2313 ἄρξασθαί
708 2287 773 2313 φασι
788 2279 836 2314 τὴν
854 2279 960 2314 γένεσιν

170 2324 217 2351 τοῦ
231 2325 344 2360 κόσμου,
357 2324 482 2359 καθάπερ
499 2324 552 2351 ἀπὸ
563 2326 685 2361 κέντρου·
699 2324 770 2360 ἀρχὴ
785 2324 812 2351 δὲ
831 2326 959 2361 σφαίρας,

1703 254 1799 282 mundi

1263 350 1379 380 CAPUT
1398 350 1518 379 XXXIV.

1079 400 1173 428 Utrum
1189 400 1322 427 animatus
1339 399 1373 425 sit
1390 398 1502 424 mtuth
1517 401 1540 423 et
1559 394 1730 424 Providentia

1319 435 1485 468 gubernetur.

1047 492 1057 509 ι
1073 483 1229 510 Animatum
1242 489 1303 509 esse
1321 480 1451 507 mundum
1467 487 1499 506 ac
1516 477 1688 505 Providentia
1701 477 1800 510 guber~

1011 531 1070 557 nari
1084 534 1244 556 cancrorum
1259 527 1381 555 omnium
1398 526 1531 553 sententia
1544 529 1595 553 est.
1616 524 1796 556 Democritus,

1011 575 1144 611 Epicurus
1169 582 1200 602 ac
1218 574 1315 609 reliqui
1331 578 1484 600 atomorum
1500 572 1634 606 vacuique
1661 571 1798 602 doctores.

1011 626 1157 656 utrumque
1171 624 1280 654 negant,
1292 624 1319 646 et
1333 624 1437 646 natura:
1448 619 1556 645 cuidam
1568 618 1681 645 rationis
1694 617 1798 652 experti

1010 667 1069 702 ejus
1106 666 1368 693 administrationem
1405 665 1580 699 regimenque
1612 664 1796 691 committunt.

1011 713 1171 740 Aristoteles
1196 719 1248 739 nec
1266 711 1390 747 partibus
1407 711 1534 738 omnibus
1552 710 1677 738 universe
1691 710 1798 737 anima-

1011 763 1067 786 tum
1079 766 1139 786 esse
1153 758 1226 790 vult;
1244 766 1293 785 nec
1311 758 1439 784 universe
1455 761 1502 784 aut
1518 764 1612 789 sensu,
1631 761 1678 784 aut
1693 756 1799 784 ratione

1011 806 1163 841 prmditum.
1178 805 1299 838 adeoque
1313 811 1361 830 nec
1375 803 1522 838 spiritalem
1540 803 1666 830 universe
1682 810 1714 830 ac
1729 802 1798 830 Pro-

1012 853 1128 879 videntia
1139 851 1328 886 gubernatum.
1338 850 1399 878 [huc
1413 850 1520 885 quidem
1536 849 1626 876 omnia
1645 848 1799 876 cmlestibus

1012 899 1102 925 inesse
1114 898 1205 930 rebus,
1224 904 1284 932 qua!
1299 897 1419 931 Sphaerus
1433 896 1549 922 habeant
1566 895 1702 922 animatas
1716 902 1746 922 ac
1760 895 1800 921 vi-

1013 944 1099 971 tales:
1118 947 1240 970 terrenas
1256 942 1354 968 borum
1377 949 1490 975 prorsus
1516 941 1616 968 habere
1637 940 1716 973 nihil,
1738 941 1799 975 quis

1012 997 1064 1025 que
1081 990 1108 1016 in
1121 990 1154 1016 iis
1167 989 1234 1016 ordo
1260 989 1404 1023 reperitur,
1418 996 1480 1015 eum
1506 988 1555 1015 abs
1579 988 1637 1015 solo
1651 995 1727 1020 casu,
1744 995 1799 1015 non

972 1039 993 1066 B
1008 1036 1042 1062 ab
1061 1040 1217 1070 antegressa
1235 1034 1288 1061 ulla
1304 1034 1415 1060 ratione
1428 1033 1574 1067 proﬁcisci.
1587 1042 1596 1059 ι

1235 1078 1349 1107 CAPUT
1365 1078 1462 1106 xxxv
1483 1079 1575 1115 343.

1189 1125 1282 1154 Utrum
1294 1125 1406 1152 mundus
1419 1126 1529 1152 interitu
1545 1129 1644 1153 careat.

1047 1182 1056 1199 ι
1074 1172 1254 1208 Pythagoras,
1266 1172 1344 1199 Plato
1361 1176 1387 1199 et
1407 1171 1491 1199 Stoici
1508 1176 1667 1207 generatum
1681 1170 1729 1200 abs
1743 1168 1800 1200 Deo

1009 1218 1140 1246 mundum
1158 1222 1185 1245 et
1201 1222 1297 1253 suapte
1313 1218 1423 1252 quidem
1446 1223 1543 1245 natura
1558 1218 1728 1253 corruptioni
1748 1219 1798 1245 ob-

1009 1263 1132 1297 noxium,
1145 1269 1287 1298 propterea
1300 1263 1372 1298 quod
1387 1262 1426 1290 uti
1443 1270 1591 1298 corporeus
1606 1268 1656 1295 est,
1672 1264 1707 1291 ita
1717 1270 1798 1292 sensu

1008 1317 1118 1345 quoque
1139 1309 1304 1344 percipitur:
1325 1309 1371 1336 Dei
1393 1313 1483 1336 tamen
1500 1309 1670 1344 providentia
1685 1315 1712 1337 et
1732 1317 1799 1338 con-

1009 1356 1161 1383 servatione
1176 1355 1309 1389 futurum,
1323 1359 1352 1382 ut
1367 1363 1506 1390 nunquam
1519 1356 1643 1384 intereat.
1662 1356 1797 1391 Epicurus

1009 1402 1158 1436 periturum
1178 1402 1264 1434 illum,
1284 1402 1349 1437 quia
1374 1403 1482 1437 genitus
1502 1401 1547 1434 sit,
1564 1406 1594 1429 ut
1618 1402 1796 1434 animantem,

1009 1453 1039 1475 ut
1052 1448 1180 1482 plantam.
1200 1448 1394 1483 Xenophanes,
1409 1451 1470 1475 ortu
1489 1455 1583 1475 carere
1600 1455 1632 1475 ac
1652 1448 1797 1483 sempiter-

1008 1503 1073 1522 num
1088 1502 1148 1522 esse
1173 1494 1317 1530 omnisque
1331 1494 1515 1530 corruptionis
1528 1499 1676 1529 expertem.
1688 1493 1797 1521 Aristo‘

1008 1542 1087 1573 teles,
1102 1547 1205 1576 partem
1220 1541 1313 1568 mundi
1328 1541 1399 1568 lunae
1411 1541 1572 1574 subiectam,
1586 1541 1723 1576 patibilem
1736 1548 1798 1569 esse

1009 1587 1054 1614 ubi
1067 1589 1147 1614 etiam
1163 1587 1301 1615 terrestria
1313 1594 1427 1622 quaeque
1439 1586 1514 1614 fatali
1525 1586 1643 1622 quadam
1653 1591 1726 1615 sorte
1737 1594 1799 1614 mo-

1008 1633 1125 1660 riantur.
1139 1643 1148 1659 ι

1272 1678 1387 1707 CAPUT
1408 1676 1531 1707 XXXVI.

1148 1724 1221 1752 Unde
1241 1725 1353 1751 mundus
1367 1724 1522 1751 alimentum
1537 1725 1656 1752 hauriat.

1050 1782 1059 1798 ι
1076 1771 1252 1804 Aristoteles,
1269 1771 1291 1799 si
1308 1770 1427 1798 mundus
1439 1771 1531 1804 alitur,
1544 1771 1644 1807 inquit,
1657 1772 1739 1799 etlam
1753 1771 1797 1799 in-

1012 1818 1121 1852 teribit;
1135 1817 1210 1853 atqui
1228 1818 1301 1845 nullo
1316 1817 1418 1853 indiget
1430 1817 1579 1845 alimento:
1594 1822 1635 1845 est
1659 1817 1741 1853 igitur
1754 1818 1799 1846 ille

1013 1865 1205 1899 sempiternus.
1232 1864 1320 1896 Plato,
1349 1864 1439 1898 ipsum
1470 1864 1522 1891 sibi
1548 1864 1682 1891 mundum
1707 1871 1740 1891 ex
1763 1864 1798 1892 iis

1011 1911 1135 1946 partibus
1163 1918 1223 1945 qua:
1253 1910 1406 1937 mutatione
1438 1914 1651 1945 corrumpuntur
1681 1909 1797 1937 alimen-

1013 1961 1070 1983 tum
1090 1963 1261 1991 comparare.
1285 1955 1435 1988 Philolaus,
1454 1956 1553 1990 duplex
1569 1963 1629 1983 esse
1649 1956 1799 1991 corruptio-

1013 2003 1055 2030 nis
1071 2010 1168 2038 genus,
1185 2002 1300 2029 alterum
1320 2002 1381 2037 igne
1393 2002 1500 2029 coalitus
1514 2001 1666 2035 decidente,
1682 2002 1798 2030 alterum

1012 2049 1101 2077 lunari
1135 2057 1205 2084 aqua
1233 2053 1343 2084 propter
1370 2049 1441 2075 acris
1476 2048 1680 2076 conversionem
1691 2048 1798 2081 effusa;

1012 2100 1155 2135 utriusque
1178 2101 1269 2125 autem
1296 2094 1481 2122 exhalationes
1517 2095 1610 2122 mundi
1637 2095 1797 2123 alimentum

1012 2154 1080 2174 esse.
1099 2155 1108 2172 l

1283 2185 1398 2216 CAPUT
1415 2185 1548 2214 XXXVII.

1049 2229 1185 2263 Undenam
1199 2235 1325 2262 condendi
1343 2233 1436 2261 mundi
1450 2234 1519 2261 Deus
1532 2234 1637 2261 initium
1650 2233 1751 2269 fecerit.

1050 2282 1174 2318 «Physici
1201 2282 1250 2309 abs
1261 2286 1343 2312 terra,
1359 2280 1434 2308 velut
1453 2288 1467 2307 a
1483 2285 1586 2308 centro.
1602 2281 1695 2307 mundi
1707 2286 1798 2308 ortum

1013 2329 1128 2363 cmpissc
1149 2328 1256 2360 volunt,
1285 2326 1357 2360 quod
1385 2331 1508 2354 centrum
1538 2326 1610 2361 globi
1636 2326 1797 2361 principium

170 2370 201 2396 τδ
217 2370 338 2405 κέντρον.
371 2370 541 2406 Πυθαγόρας,
566 2370 620 2397 ἀπὸ
647 2370 741 2406 πυρὸς,
772 2371 817 2397 καὶ
829 2371 874 2398 τοῦ
891 2372 958 2407 πέμ-

1014 2373 1058 2399 sit.
1075 2371 1255 2408 Pythagoras,
1278 2371 1312 2398 ab
1336 2372 1398 2406 igne
1422 2374 1449 2398 et
1462 2371 1558 2406 quinto
1571 2371 1713 2399 elemento.
1732 2372 1798 2398 Em-

173 2425 239 2443 πτου
253 2416 394 2451 στοιχείου.
416 2415 612 2451 Ἐμπεδοκλῆς,
626 2416 670 2442 τὸν
694 2416 742 2452 μὲν
762 2416 857 2452 αἰθέρα
886 2417 961 2453 πρῶ-

170 2469 216 2488 τον
227 2462 411 2498 διακριθῆναι,
425 2460 551 2498 δεύτερον
565 2462 592 2489 δὲ
603 2463 634 2489 τὸ
646 2462 712 2499 πῦρ,
737 2463 780 2497 ἐφ’
795 2460 817 2497 ᾦ
832 2463 882 2499 τὴν
897 2464 959 2499 γῆν,

171 2507 201 2540 ἑξ
216 2505 249 2543 ἦς
258 2508 327 2542 ἄγαν
342 2507 592 2543 περισφιγγομένης
611 2510 644 2544 τῇ
669 2508 743 2545 ῥύμῃ
765 2507 815 2545 τῆς
843 2510 961 2546 σφαίρας

171 2553 320 2581 ἀναϐλῦσαι
335 2553 365 2580 τὸ
381 2553 460 2590 ὕδωρ.
480 2555 524 2587 Ἐξ
546 2550 576 2580 οὗ
603 2554 784 2590 θυμιασθῆναι
805 2554 850 2582 τὸν
880 2555 957 2591 ἀέρα⁸

171 2600 219 2626 καὶ
230 2599 355 2634 γενέσθαι
368 2600 413 2627 τὸν
438 2601 486 2636 μὲν
500 2601 612 2636 οὐρανὸν
635 2602 667 2629 ἐκ
678 2601 724 2628 τοῦ
737 2601 794 2628 αιθέ
799 2611 854 2638 ρος,
873 2602 918 2628 τὸν
931 2602 959 2629 δὲ

171 2644 246 2679 ἣλιον
270 2645 302 2671 ὲκ
322 2645 369 2672 τοῦ
383 2646 478 2681 πυρός·
495 2646 639 2681 πιληθῆναι
656 2646 684 2673 δὲ
701 2647 733 2673 ἐκ
754 2647 808 2673 τῶν
823 2647 909 2674 ἄλλων
925 2647 959 2673 τὰ

173 2691 308 2726 περίγεια.
317 2692 439 2725 Πλάτων,
452 2691 548 2728 ὁρατὸν
560 2692 606 2719 τὸν
622 2693 723 2728 κόσμον
737 2693 877 2727 γεγονέναι
889 2693 958 2728 πρὸς

172 2737 345 2772 παράδειγμα
355 2738 401 2764 τοῦ
424 2738 519 2775 νοητοῦ
534 2739 647 2774 κόσμου’
662 2739 709 2766 τοῦ
725 2739 753 2766 δὲ
775 2738 873 2776 ὁρατοῦ
889 2748 957 2775 προ-

171 2782 252 2817 τέραν
261 2783 309 2818 μὲν
320 2784 368 2819 τὴν
377 2784 475 2820 ψυχὴν,
487 2785 556 2820 μετὰ
569 2785 598 2811 δὲ
609 2784 709 2820 ταύτην
722 2784 752 2812 τὸ
767 2783 956 2821 σωματοειδὲς,

1013 2419 1156 2454 pedocles,
1190 2417 1311 2445 omnium
1346 2417 1496 2452 principatu
1530 2417 1629 2444 aethera
1663 2422 1797 2445 secretum

1010 2472 1082 2497 esse,
1096 2469 1153 2491 tum
1175 2463 1276 2498 ignem,
1291 2462 1389 2490 deinde
1404 2467 1517 2496 terram,
1533 2471 1566 2490 ex
1587 2471 1652 2498 qua,
1670 2463 1734 2490 dum
1752 2464 1795 2490 ni-

1011 2511 1095 2538 mium
1107 2511 1227 2538 incitatae
1239 2510 1426 2538 conversionis
1442 2509 1543 2544 impetu
1557 2510 1796 2544 comprimeretur,

1012 2564 1082 2591 aqua
1106 2557 1277 2592 proruperit;
1303 2565 1335 2585 ex
1360 2564 1438 2591 aqua:
1462 2564 1543 2591 porro
1576 2556 1797 2584 exhalationibus

1011 2611 1101 2631 aerem
1114 2603 1251 2631 exstitisse
1261 2623 1268 2635 ,
1282 2611 1314 2631 ac
1326 2604 1425 2631 celum
1443 2603 1552 2638 quidem
1570 2609 1602 2629 ex
1616 2602 1727 2634 mthere,
1748 2610 1796 2629 so-

1011 2649 1063 2676 lem
1079 2656 1110 2676 cx
1126 2650 1187 2684 igne
1205 2654 1373 2684 procreatum
1388 2658 1396 2681 ;
1414 2648 1519 2675 caeteris
1532 2655 1565 2675 ex
1588 2647 1731 2675 elementis
1754 2648 1795 2674 vi‘

1010 2695 1072 2720 cina
1088 2698 1167 2721 terrae
1182 2701 1295 2728 corpora
1311 2693 1431 2721 densiori
1455 2693 1526 2720 mole
1543 2699 1636 2727 pressa
1657 2692 1797 2719 constitis-

1010 2747 1049 2766 se.
1070 2739 1157 2771 Plato,
1175 2739 1366 2774 aspectabilem
1389 2739 1462 2767 hunc
1480 2739 1611 2766 mundum
1627 2745 1659 2765 ac
1681 2737 1797 2773 spirita-

1011 2784 1045 2811 lis
1066 2784 1204 2820 exemplar
1230 2791 1291 2812 esse
1313 2788 1501 2819 procreatum:
1533 2782 1708 2812 asoectabilis
1733 2788 1797 2809 vero

209 2872 263 2908 (46,
280 2876 310 2901 Ol
331 2874 389 2908 μὲν
409 2875 505 2902 ἄλλοι.
526 2875 663 2903 Plutarch.
688 2875 734 2904 lib.
755 2884 772 2902 It
795 2876 831 2903 De
846 2875 952 2911 placit.,
973 2883 1032 2911 cap.
1049 2875 1076 2903 3.

332 2921 467 2951 ΡΑτιιοι..
485 2922 542 2951 Gn.
562 2922 650 2954 XXI.

1168 3208 1173 3228 Ἃ

445 3237 470 3257 ”
1164 3228 1173 3248 ί
1919 3247 1991 3309 ῃ

893 3339 976 3384 ..ΑΜ

1012 3496 1071 3548 πέζὲ
1095 3516 1108 3548 1.

1072 3548 1092 3564 Ἢ
1368 3544 1389 3576 Ἰιιι

1104 3588 1132 3612 "1
1392 3576 1411 3608 Ἃ

1133 3612 1348 3664 Ἀληθῆ
1408 3608 1431 3656 ‘1.
