4090 6382
493 334 627 385 1387

1129 327 1397 385 EUSEBII
1436 326 1912 383 CESABIENSIS
1950 325 2100 383 OPP.
2142 323 2323 378 PARS
2360 323 2423 377 ll.
2461 356 2532 364 —
2568 322 3068 380 APOLOGETICA.

3618 325 3755 377 1588

490 450 676 502 mundi
708 457 911 518 partem
937 448 1178 501 omnium
1214 446 1444 516 primam
1487 444 1731 499 animum
1765 444 2062 509 exstitisse,

2171 441 2227 494 τὸ
2260 443 2326 495 ἐκ
2360 441 2530 512 πυρὸς
2557 442 2654 511 μὲν
2682 441 2775 494 καὶ
2796 441 2897 512 γῆς
2920 440 3155 512 πρῶτον,
3186 438 3373 502 ὕδατος
3395 437 3451 490 δὲ
3481 438 3574 491 καὶ
3598 439 3758 511 ἀέρος

496 542 720 594 alteram
771 540 966 594 deinde
1010 554 1355 607 corpoream,
1414 553 1479 592 ex
1520 553 1628 607 qua
1680 546 1863 591 tamen
1915 536 2068 605 prius

492 636 621 690 illud
662 635 969 695 emerserit,
1005 632 1148 702 quod
1186 647 1251 685 ex
1286 632 1409 699 igne
1460 640 1716 699 terraque
1763 639 2065 695 constaret,

488 725 633 795 quod
662 740 727 779 ex
765 740 903 793 aqua
953 734 1005 778 et
1053 739 1201 789 aere,
1236 723 1531 792 posterius.
1570 721 1935 793 Pythagoras,
1972 736 2064 775 so-

498 818 618 871 lidae
652 817 835 884 figura:
861 832 983 870 cum
1016 816 1131 869 sint
1154 815 1379 868 omnino
1413 815 1676 883 quinque,
1722 830 1859 883 quas
1899 813 2063 867 etiam

490 909 902 963 mathematicas
938 908 1223 961 nominare
1256 912 1455 970 solent,
1496 906 1803 961 confectam
1832 921 1896 960 ex
1921 907 2065 960 cubo

492 1012 689 1055 terram
717 1016 839 1055 esse
876 1000 970 1063 ait,
1014 1000 1191 1069 ignem
1226 1016 1291 1053 ex
1342 1000 1639 1070 pyramide,
1693 1015 1759 1054 ex
1809 999 2067 1054 octaedro

487 1108 689 1158 aerem,
718 1107 781 1146 ex
808 1092 1091 1146 icosaedro
1113 1107 1332 1161 aquam,
1360 1091 1599 1145 universi
1625 1090 1859 1160 denique
1898 1091 2068 1161 sphae-

2170 535 2441 606 δεύτερον.
2474 535 2815 601 Πυθαγόρας,
2852 534 3013 587 πέντε
3047 533 3343 603 σχημάτων
3378 532 3549 584 ὄντων
3576 548 3758 602 στερε-

2170 628 2267 692 ῶν,
2316 629 2459 699 ἆπερ
2500 627 2745 681 καλεῖται
2810 626 2903 679 καὶ
2962 625 3342 697 μαθηματικὰ,
3402 628 3465 678 ὲκ
3523 627 3619 697 μὲν
3660 614 3757 677 του

2170 721 2334 775 κύϐου
2371 722 2504 790 φησι⁹
2534 721 2810 789 γεγονέναι
2840 719 2938 790 τὴν
2970 720 3094 789 γῆν,
3127 720 3191 771 ἐκ
3243 719 3299 771 δὲ
3327 720 3424 789 τῆς
3455 719 3758 791 πυραμίδος

2166 814 2229 866 τὸ
2262 814 2393 885 πῦρ,
2426 816 2489 867 ὲκ
2526 814 2583 867 δὲ
2637 812 2731 866 τοῦ
2788 812 3079 883 ὀκταέδρου
3117 811 3208 864 τὸν
3243 811 3402 883 ἀέρα,
3451 813 3516 864 ὲκ
3562 811 3617 864 δὲ
3660 825 3755 862 τυυ

2166 908 2514 978 εἰκοσαέδρου
2550 906 2610 958 τὸ
2640 906 2806 975 ὕδωρ,
2866 906 2930 957 ἐκ
2984 904 3041 957 δὲ
3093 902 3189 956 τοῦ
3244 903 3609 974 δωδεκαέδρου
3644 900 3754 971 (47)

2172 999 2270 1071 τὴν
2303 998 2395 1052 τοῦ
2420 1000 2617 1062 παντὸς
2650 1000 2906 1071 σφαῖραν.
2942 996 3167 1049 Πλάτων
3190 995 3247 1048 δὲ
3272 994 3387 1065 (48)
3423 996 3519 1048 καὶ
3548 996 3605 1047 ὲν
3634 991 3758 1045 τού⁴

2173 1110 2287 1157 τοις
2310 1092 2691 1163 Πυθαγορίζει.
2708 1110 2726 1143 ι

489 1203 604 1244 ram
629 1203 692 1242 ex
717 1186 1073 1241 dodecaedro.
1101 1184 1220 1251 Quo
1240 1186 1401 1240 etiam
1445 1185 1498 1239 in
1523 1199 1720 1255 genere
1746 1184 1901 1241 Plato
1932 1185 2268 1258 Pyhagoram
2294 1188 2607 1242 aemulatur.
2651 1205 2669 1238 ι

988 1300 1219 1355 CAPUT
1259 1300 1552 1355 XXXVIII.

988 1392 1062 1446 De
1089 1393 1273 1445 mundi
1299 1393 1505 1445 ordine.

566 1505 583 1536 ι
612 1483 960 1539 Parmenides
1019 1483 1285 1553 quasdam
1336 1482 1501 1536 veluti
1530 1497 1766 1537 coronas
1807 1498 1929 1538 esse
1970 1482 2068 1549 ait,

490 1579 631 1633 inter
677 1592 796 1631 sese
858 1575 1386 1648 complexas,\84&.
1424 1591 1656 1645 quarum
1718 1591 1824 1629 ttna
1868 1576 2069 1631 rariori

488 1686 555 1724 ex
594 1684 823 1738 corpore
868 1669 956 1728 sit.
1006 1670 1175 1723 altera
1210 1684 1274 1721 ex
1314 1668 1553 1723 densiori
1607 1677 1892 1734 contexta;
1928 1684 2065 1737 quas

490 1760 634 1813 inter
693 1760 812 1813 alia:
873 1760 985 1813 sint
1038 1775 1104 1813 ex
1172 1759 1377 1813 lumine
1432 1759 1783 1828 tenebrisque
1839 1759 2062 1814 mistaez

488 1851 634 1918 quod
677 1860 857 1904 autem
891 1851 1173 1904 universas
1214 1850 1515 1913 contineat,
1558 1849 1874 1903 firmitatem
1922 1848 2067 1902 muri

493 1942 723 2010 alicujus
746 1941 1080 1996 simillimam
1113 1942 1383 1994 obtinere.
1422 1922 1728 2009 Leucippus
1761 1953 1925 2010 atque
1966 1939 2069 1994 De-

490 2040 754 2095 mocritus
782 2052 1078 2107 expensam
1129 2035 1333 2088 mundo
1372 2035 1613 2088 tunicam
1658 2034 2069 2088 membranam—

491 2148 596 2202 que
642 2130 1005 2185 circumdant.
1067 2126 1356 2196 Epicurus,
1403 2142 1470 2180 ex
1526 2126 1746 2181 mundis
1802 2126 2067 2182 rariorem

489 2225 628 2279 alios
658 2222 953 2277 terminum
997 2220 1219 2285 habere,
1262 2220 1397 2274 alios
1429 2219 1776 2285 densiorem;
1829 2228 1946 2274 tum
1977 2234 2071 2273 eo-

492 2316 741 2371 rumdem
778 2325 958 2383 partes
996 2315 1132 2369 alias
1178 2314 1410 2378 moveri,
1442 2313 1577 2367 alias
1619 2321 1882 2382 perpetuo
1914 2312 2072 2383 quie-

491 2423 662 2462 scere.
745 2407 898 2461 Plato
971 2408 1207 2477 pritnum
1267 2406 1513 2459 omnium
1573 2406 1751 2476 ignem
1806 2406 2064 2473 collocat,

490 2500 691 2554 aethera
730 2499 944 2566 deinde,
977 2510 1092 2553 tum
1147 2516 1349 2564 aerem,
1398 2514 1592 2569 aquam
1635 2499 1911 2567 deinceps,
1973 2514 2072 2569 po-

491 2601 861 2659 stt-emamque
889 2600 1123 2657 terram;
1180 2590 1321 2643 idem
1359 2598 1541 2643 tamen
1571 2591 1772 2644 aethera
1796 2606 1919 2644 cum
1949 2591 2072 2660 igne

494 2682 787 2752 aliquando
820 2683 1123 2737 consociat.
1174 2681 1496 2736 Aristoteles
1554 2683 1792 2753 primum
1849 2699 2071 2754 quoque

492 2778 735 2829 onmium
779 2776 980 2829 aethera
1019 2776 1228 2838 statuit,
1270 2775 1527 2843 quintum
1568 2776 1846 2845 quoddam
1890 2776 1959 2829 ab
2006 2791 2072 2830 eo

490 2881 690 2935 corpus
721 2866 1081 2930 nominatum,
1118 2874 1281 2936 atque
1308 2867 1375 2921 ab
1406 2867 1554 2919 omni
1596 2867 1837 2935 patiendi
1882 2882 2074 2921 neces-

494 2956 654 3010 sitate
694 2957 1034 3027 sejunctum;
1098 2956 1227 3011 huic
1272 2957 1516 3027 patibilia
1549 2957 1832 3027 subjungit
1865 2960 2071 3023 omnia,

2686 1298 3081 1353 ΚΕΦΔΛΑΙΟΝ
3111 1295 3240 1351 AH'.

2629 1392 2767 1461 Περὶ
2796 1390 3020 1457 τάξεως
3057 1393 3315 1459 κόσμου.

2248 1486 2667 1561 «Παρμενίδης,
2737 1485 3007 1554 στεφάνας
3065 1479 3204 1537 εἶναι
3246 1478 3760 1552 περιπεπλεγμένας

2171 1581 2257 1633 ἐπ’
2292 1580 2563 1651 ἀλλήλαις·
2601 1579 2701 1650 τὴν
2744 1578 2843 1649 μὲν
2883 1579 2948 1630 ἐκ
2981 1576 3074 1629 τοῦ
3109 1575 3326 1647 ἀραιοῦ,
3352 1574 3449 1645 τὴν
3488 1573 3545 1626 δὲ
3570 1576 3633 1625 ὲκ
3664 1569 3759 1625 τοῦ

2172 1672 2396 1725 πυκνοῦ-
2439 1671 2635 1742 μικτὰς
2668 1670 2723 1723 δὲ
2753 1670 2918 1733 ἄλλας
2955 1670 3020 1723 ὲκ
3050 1668 3227 1739 φωτὸς
3256 1668 3348 1721 καὶ
3388 1666 3634 1730 σκότους,
3674 1682 3763 1734 με·

2170 1762 2304 1828 ταξύ
2330 1765 2555 1815 τούτων·
2581 1762 2674 1815 καὶ
2713 1762 2773 1815 τὸ
2799 1761 3051 1833 περιέχον
3085 1759 3141 1812 δὲ
3181 1760 3360 1822 πάσας
3395 1760 3575 1827 τοίχου
3605 1757 3762 1827 δίκην

2174 1856 2390 1927 στερεὸν
2421 1855 2681 1927 ὑπάρχον.
2719 1853 3035 1916 Λεύκιππος
3054 1852 3148 1907 καὶ
3185 1851 3527 1922 Δημόκριτος
3559 1850 3765 1919 χιτῶνα

2172 1950 2356 2019 κύκλῳ
2379 1949 2469 2002 καὶ
2502 1949 2673 2019 ὑμένα
2733 1947 3095 2019 περιτείνουσι
3132 1944 3211 2015 τῷ
3250 1946 3460 2014 κόσμῳ.
3506 1943 3763 1994 Ἐπίκουο

2175 2061 2266 2116 ρος
2290 2043 2422 2113 (49),
2456 2042 2610 2095 ὲνίων
2649 2041 2746 2112 μὲν
2785 2041 3005 2111 κόσμων
3041 2039 3235 2111 ἀραιὸν
3264 2037 3323 2091 τὸ
3365 2037 3559 2109 πέρας,
3602 2035 3765 2087 ὲνίων

2172 2133 2228 2185 δὲ
2256 2134 2477 2186 πυκνόν*
2516 2133 2608 2185 καὶ
2659 2130 2863 2184 τούτων
2894 2130 2963 2184 τὰ
3020 2130 3117 2200 μέν
3160 2144 3281 2181 τινα
3336 2123 3655 2195 κινούμενα,
3696 2122 3766 2174 τὰ

2173 2223 2228 2276 δὲ
2262 2224 2511 2293 ἀκίνητα.
2556 2222 2800 2285 Πλάτων,
2837 2219 2948 2290 πῦρ
2981 2218 3221 2289 πρῶτον,
3250 2211 3367 2268 εἶτα
3404 2212 3618 2283 αἰθέρα,
3646 2210 3765 2282 μεθ’

2172 2316 2230 2369 ὃν
2272 2315 2429 2386 ἀέρα,
2464 2315 2546 2384 ἐφ’
2654 2312 2821 2384 ὕδωρ,
2848 2311 3159 2365 τελευταίαν
3197 2309 3253 2362 δὲ
3300 2307 3423 2377 γῆν.
3471 2303 3673 2355 Ἐνίοτε
3707 2302 3767 2354 δὲ

2172 2410 2265 2461 τὸν
2304 2407 2496 2479 αἰθέρα
2534 2408 2790 2460 συνάπτει
2830 2404 2907 2475 τῷ
2926 2404 3076 2476 πυρί,
3120 2400 3519 2472 Ἀριστοτέλης,
3549 2396 3766 2465 πρῶτον

2178 2501 2275 2571 μὲν
2314 2500 2505 2570 αἰθέρα
2575 2498 2780 2568 ἀπαθῆ,
2839 2496 3084 2567 πέμπτον
3138 2494 3201 2562 γέ
3250 2510 3303 2545 τι
3342 2489 3521 2560 σῶμα·
3587 2487 3703 2558 μεθ’
3738 2485 3765 2538 ὃ

2176 2593 2412 2665 παθητὰ,
2450 2591 2581 2663 πῦρ,
2609 2592 2765 2663 ἀέρα,
2804 2589 2967 2662 ὕδωρ,
3007 2588 3322 2641 τελευταίαν
3361 2585 3416 2637 δὲ
3452 2584 3577 2653 γῆν.
3622 2579 3767 2632 Τού-

2174 2704 2281 2739 των
2302 2686 2356 2737 δὲ
2380 2688 2490 2749 τοῖς
2526 2685 2627 2756 μὲν
2666 2684 2938 2756 οὐρανίοις
2971 2680 3325 2734 ἀποδεδόσθαι
3358 2678 3455 2749 τὴν
3490 2675 3761 2746 κυκλικὴν

2175 2777 2408 2847 κίνησιν,
2445 2776 2551 2827 τῶν
2576 2776 2619 2829 δ’
2652 2775 2741 2828 ὐπ’
2778 2777 2962 2828 ἐκεῖνα
2988 2771 3337 2842 τεταγμένων
3364 2772 3475 2831 τοῖς
3515 2769 3612 2839 μὲν
3639 2765 3764 2820 κού·

2176 2885 2296 2937 φοις
2334 2870 2431 2939 τὴν
2460 2869 2591 2933 ἄνω,
2631 2870 2742 2929 τοῖς
2776 2866 2831 2919 δὲ
2882 2866 3071 2937 βαρέσι
3128 2864 3226 2935 τὴν
3282 2862 3451 2916 κάτω.
3502 2858 3765 2930 Ἐμπεδοο

2176 2962 2329 3033 κλῆς,
2367 2960 2555 3032 μὴδιά
2594 2960 2795 3021 παντὸς
2830 2958 3071 3020 ἑστῶτας
3122 2952 3285 3018 εἶναι,
3330 2954 3465 3026 μηδὲ
3514 2953 3762 3023 ὡρισμέ-

492 3047 692 3116 ignem,
726 3063 927 3113 aerem,
974 3064 1195 3117 aquam,
1229 3058 1672 3119 postremamque
1704 3058 1941 3105 terram:
1992 3067 2057 3107 ex

2171 3071 2286 3117 νους
2310 3055 2437 3116 τοὺς
2470 3052 2668 3114 τόπους
2688 3050 2796 3102 τῶν
2826 3050 3127 3120 στοιχείων,
3160 3045 3297 3101 ἀλλὰ
3318 3045 3495 3099 πάντα
3515 3060 3633 3106 πως
3648 3042 3761 3112 (50)

491 3137 595 3191 illis
622 3152 804 3207 porro.
844 3139 1085 3192 coelestia
1123 3139 1343 3208 quidem
1384 3140 1437 3192 in
1475 3140 1662 3194 orbem
1694 3142 1915 3209 proprie
1946 3156 2056 3196 mo-

2166 3144 2409 3216 ἀλλήλων
2451 3140 2903 3214 μεταλαμᾶάνειν.
2929 3160 2946 3193 ι

489 3230 636 3295 veri;
674 3240 728 3285 at
759 3230 1035 3295 inferiora,
1062 3232 1109 3286 si
1152 3233 1289 3286 levia
1331 3233 1491 3286 modo
1516 3234 1645 3297 sint,
1672 3234 1935 3300 sublime;
1967 3236 2052 3289 sin
2094 3238 2302 3307 gravia,
2348 3237 2603 3291 deorsum
2673 3236 2823 3290 ferri.
2890 3232 3260 3303 Empedocles,
3309 3228 3594 3286 elementis
3651 3241 3759 3281 non

489 3339 587 3379 sua
616 3324 924 3395 quibusque
953 3325 1072 3379 loca
1120 3339 1266 3381 certa

491 3424 694 3487 tuoque
728 3415 1037 3470 succedere.
1054 3434 1071 3465 ι

1020 3508 1249 3564 CAPUT
1289 3508 1532 3565 XXXIX.

491 3626 841 3692 Quamobrem
874 3626 1191 3681 inclinatior
1234 3628 1471 3709 .mundus
1511 3630 1605 3695 sit,
1660 3637 1817 3699 atque
1856 3630 2072 3701 depres-

1198 3715 1327 3752 διον.

568 3811 585 3843 ι
614 3789 880 3858 Diogenes
923 3798 976 3843 et
1006 3790 1383 3861 Anaxagoras,
1432 3801 1675 3846 creatum
1704 3790 1816 3861 jam
1872 3792 2076 3848 conﬂa-

490 3893 715 3952 tutnque
746 3882 1033 3945 mundum,
1065 3884 1438 3939 animantibus
1470 3886 1633 3939 etiam
1667 3901 1734 3939 ex
1779 3895 1922 3940 terra
1948 3903 2069 3957 pro-

490 3975 688 4038 ductis,
725 3974 907 4027 nescio
943 3990 1049 4043 quo
1095 3982 1255 4044 pacto
1299 3990 1489 4028 versus
1540 3974 1831 4029 meridiem
1873 3986 2066 4046 sponte

490 4084 589 4122 sua
614 4066 933 4120 inclinatum
970 4082 1131 4121 esse:
1183 4066 1368 4120 divino
1411 4065 1647 4122 fortasse
1691 4068 1945 4136 consilio,
1987 4069 2063 4124 uti

491 4173 674 4231 partes
700 4160 818 4231 ejus
844 4159 1173 4230 frequentari
1207 4160 1327 4214 alia:
1354 4172 1597 4229 possent,
1632 4161 1753 4215 alia:
1783 4178 1889 4216 non
1927 4177 2061 4231 pos-

490 4260 631 4315 sent,
674 4260 835 4320 prout
878 4251 959 4304 vel
1014 4250 1212 4321 frigore
1248 4260 1450 4305 testuve
1496 4252 1666 4306 nimio
1720 4253 2057 4317 laborarent,

490 4345 573 4399 vel
607 4345 810 4399 salubri
854 4346 1242 4413 temperatione
1273 4354 1618 4399 constarent.
1674 4344 2059 4415 Empedocles,

490 4452 614 4491 aere
647 4437 778 4491 solis
805 4437 873 4490 ad
898 4436 1004 4488 vim
1048 4444 1103 4489 et
1154 4436 1412 4504 impetum
1447 4435 1788 4497 subsidente.
1827 4436 2060 4491 inclina-

1338 3340 1552 3396 semper
1596 3341 1661 3381 ac
1716 3328 1936 3383 definita
1988 3330 2291 3387 consistere

2353 3350 2367 3386 :
2417 3332 2510 3387 sed
2555 3331 2786 3385 aliorum
2864 3329 2919 3384 in
2956 3329 3153 3400 ‘locum
3198 3328 3305 3382 alia
3356 3325 3587 3381 subinde
3630 3339 3745 3378 tnu-

2690 3513 3084 3567 ΚΕΦΑΛΛΙΟΝ
3115 3512 3235 3566 AO’.

2322 3610 2416 3675 Τίς
2444 3608 2479 3676 ἠ
2515 3608 2671 3662 αἰτία
2706 3606 2813 3660 τοῦ
2847 3605 2953 3659 τὸν
2978 3606 3209 3674 κόσμον
3248 3602 3615 3673 ἐγκλιθῆναι.

2254 3807 2272 3839 ι
2310 3786 2584 3857 Διογένης,
2623 3784 3011 3855 Ἀναξαγόρας,
3051 3780 3188 3852 μετὰ
3247 3779 3305 3833 τὸ
3341 3781 3601 3850 συστῆναι
3669 3779 3757 3831 τὸν

2173 3881 2397 3947 κόσμον,
2439 3879 2533 3932 καί
2563 3877 2630 3929 τὰ
2672 3876 2786 3939 ζῶα
2822 3878 2885 3927 ὲκ
2942 3874 3039 3944 τῆς
3068 3872 3171 3943 γῆς
3212 3872 3519 3940 ἐξαγαγεῖν,
3576 3870 3757 3939 ἐγκλι-

2173 3969 2329 4040 θῆναί
2358 3986 2474 4032 πως
2504 3968 2594 4020 τὸν
2619 3967 2820 4037 κόσμον
2849 3967 2914 4018 ὲκ
2965 3963 3058 4017 τοῦ
3092 3962 3402 4033 αὐτομάτου
3447 3963 3528 4025 εἰς
3566 3961 3627 4013 τὸ
3658 3978 3754 4032 με-

2174 4062 2471 4133 σημϐρινὸν
2497 4058 2659 4115 αὐτοῦ
2714 4058 2895 4129 μέρος·
2931 4056 3060 4119 ἴσως
3099 4053 3203 4108 ὐπὸ
3257 4054 3532 4125 προνοίας,
3569 4054 3659 4106 ῖνα
3690 4053 3755 4106 τά

2174 4154 2272 4225 μὲν
2310 4154 2540 4221 ἀοίκητα
2572 4152 2816 4221 γένηται,
2840 4148 2908 4201 τὰ
2929 4149 2983 4202 δὲ
3018 4148 3210 4218 οἰκητά
3237 4148 3375 4217 μέρη
3410 4145 3505 4198 τοῦ
3523 4146 3750 4216 κόσμου,

2170 4246 2309 4300 κατὰ
2331 4245 2511 4315 ψῦξιν,
2548 4244 2642 4297 καὶ
2675 4242 3006 4313 ἐκπύρωσιν,
3062 4242 3155 4295 καὶ
3190 4239 3506 4310 εὐκρασίαν.
3548 4238 3749 4307 Ἐμπε-

2168 4339 2380 4410 δοκλῆς,
2414 4338 2507 4391 τοῦ
2534 4338 2693 4409 ἀέρος
2738 4334 2977 4399 εἴξαντος
3013 4336 3077 4404 τῇ
3111 4331 3203 4385 τοῦ
3249 4331 3396 4402 ἡλίου
3452 4334 3620 4401 ὁρμῇ,
3657 4332 3747 4397 ἐγ-

2168 4434 2414 4504 κλιθῆναι
2463 4431 2560 4493 τὰς
2616 4431 2880 4500 ἄρκτους,
2948 4428 3042 4481 καὶ
3086 4425 3155 4478 τὰ
3197 4423 3381 4494 βόρεια
3444 4422 3746 4491 ὑψωθῆναι,

489 4541 574 4583 tos
606 4544 724 4583 esse
755 4528 943 4598 polos,
994 4530 1067 4582 ita
1119 4528 1339 4596 quidem
1393 4536 1452 4581 ut
1498 4528 1945 4597 septentrionalis
1976 4544 2063 4581 su-

2171 4527 2234 4578 τὰ
2288 4524 2343 4577 δὲ
2407 4522 2559 4575 νότια
2627 4519 3063 4590 ταπεινωθῆναι,
3133 4516 3269 4570 καθὸ
3322 4515 3417 4568 καὶ
3475 4513 3567 4566 τὸν
3629 4515 3747 4567 ὅλον

490 4622 652 4674 hlime
694 4621 992 4685 tolleretur,
1043 4620 1302 4673 australis
1350 4634 1479 4673 vero
1533 4620 1844 4688 depressior
1883 4620 2056 4687 fieret,

488 4716 632 4784 quod
662 4716 837 4783 ipsum
862 4714 1089 4785 proinde
1118 4714 1213 4767 toti
1245 4713 1447 4766 mundo
1477 4713 1775 4767 evenerit.»

1076 4823 1305 4881 CAPUT
1342 4823 1458 4878 XL.

635 4938 821 4993 Utrum
849 4942 1004 4993 inane
1029 4940 1120 5004 sit,
1144 4939 1283 5009 quod
1309 4946 1459 4992 extra
1486 4938 1737 4992 mundum
1777 4949 1876 4995 est.

564 5072 581 5102 ι
610 5052 934 5123 Pythagorei
967 5067 1117 5109 extra
1172 5058 1436 5111 mumlum
1477 5059 1637 5113 inane
1666 5058 1906 5126 spatium
1940 5074 2063 5114 esse

489 5148 695 5211 volunt,
725 5161 833 5215 quo
879 5148 1116 5201 mundus
1167 5156 1328 5216 atque
1382 5148 1523 5201 unde
1557 5150 1807 5217 respiret.
1873 5147 2062 5212 Stoici,

489 5239 763 5292 infinitum
791 5246 843 5291 et
889 5238 1215 5293 immensum
1257 5238 1485 5309 aliquid,
1544 5240 1597 5293 in
1645 5241 1789 5309 quod
1824 5241 2063 5295 mundus

560 5402 672 5470 (47)
718 5400 788 5455 Τὸ
837 5399 1012 5469 ὕδωρ·
1038 5403 1107 5453 ἐκ
1139 5400 1207 5453 δὲ
1245 5398 1351 5452 τοῦ
1386 5396 1813 5465 δωδεκαέδρου.
1857 5396 1990 5470 “me
2011 5396 2067 5449 in

491 5465 664 5538 priori
703 5465 1217 5537 editione'deerant,
1255 5486 1376 5539 qua:
1420 5470 1788 5538 supplevimus
1817 5484 1883 5523 ex
1935 5465 2067 5520 Plun

493 5542 950 5680 “223?.”Jdtw
991 5609 1075 5663 δέ.
1128 5610 1185 5663 In
1225 5608 1443 5672 Timwo,
1497 5608 1587 5662 ubi
1617 5609 1750 5680 hare
1786 5620 2068 5680 ῐηοΓθ-ευο

489 5676 778 5750 pluribus,
828 5698 1063 5752 quorum
1117 5682 1510 5752 physiologiam
1557 5679 1895 5752 aliquantex
1940 5676 2069 5752 Plu-

492 5745 677 5807 iatcho
736 5745 917 5822 petere
970 5745 1133 5817 licet,
1189 5745 1239 5805 in
1292 5745 1681 5815 (lineationibus
1734 5745 2062 5816 I’latonicis,

2167 4620 2391 4690 κόσμον.
2422 4637 2439 4669 ι

2694 4834 2989 4891 ΚΕΦΑΛΑΙ
2997 4833 3087 4887 ΟΝ
3126 4834 3214 4887 Μ’.

2271 4955 2410 5024 Περὶ
2438 4954 2543 5009 τοῦ
2572 4953 2746 5020 ἐκτὸς
2781 4951 2886 5006 τοῦ
2908 4952 3159 5018 κόσμου,
3192 4949 3244 5001 εὶ
3278 4947 3408 5001 ἐστι
3440 4946 3640 5000 κενόν.

2242 5090 2261 5123 t
2294 5071 2357 5124 Ol
2388 5070 2484 5141 μὲν
2522 5068 2629 5122 ἀπὸ
2680 5065 2774 5120 τοῦ
2827 5063 3180 5133 Πυθαγόρου,
3240 5060 3391 5123 ἐκτὸς
3456 5053 3595 5112 εἶναι
3651 5056 3748 5110 τοῦ

2168 5162 2373 5231 κόσμου
2408 5161 2581 5225 κενὸν,
2614 5161 2693 5221 είς
2721 5157 2749 5210 ὃ
2771 5157 3003 5209 ἀναπνεῖ
3053 5155 3081 5205 ό
3120 5152 3343 5223 κόσμος,
3374 5151 3467 5203 καὶ
3500 5149 3557 5215 ἐξ
3583 5141 3663 5201 οὐ·
3698 5151 3744 5199 oi

2166 5254 2221 5305 δὲ
2241 5253 2486 5315 Στωϊκοὶ,
2528 5253 2607 5314 είς
2642 5250 2670 5303 ὃ
2700 5250 2795 5303 καὶ
2826 5250 2892 5317 τῇ
2915 5243 3223 5316 ἐκπυρώσει
3256 5242 3564 5305 ἀναλύεται,
3600 5243 3747 5294 ἀπειο

2168 5416 2364 5545 (1υᾶῗῇ
2404 5407 2786 5541 ἒπίκουρος,
2826 5470 3003 5525 ἐνίων
3055 5469 3172 5539 μὲν
3226 5470 3489 5537 κόσμων.
3532 5463 3595 5519 Ει
3631 5464 3743 5519 hac

2167 5562 2231 5600 ex
2250 5540 2559 5599 Plutarcho
2593 5540 2795 5598 addita.

2242 5616 2352 5687 (50)
2391 5614 2594 5687 [hirta
2640 5630 2783 5679 πως.
2827 5612 2902 5666 Ita
2956 5608 3258 5687 Plut_arch.,
3306 5618 3360 5664 et
3400 5616 3576 5669 recte,
3632 5619 3741 5659 non

2170 5682 2376 5751 πάντας
2408 5684 2650 5752 τούτους,
2683 5695 2740 5740 ut
2777 5687 2929 5755 prius
2962 5682 3259 5753 legebatur.
