4090 6382
361 380 383 432 l
394 379 497 436 51⁵9

1528 373 1851 432 ΡιιΑῖΡΑιι.
1896 377 2150 433 EVANG.
2194 375 2320 432 LIB.
2365 371 2476 432 XV.

3493 373 3626 430 ’σοι

363 519 454 573 ρον
477 500 610 572 (5i).
642 494 1014 564 Ποσειδώνιος,
1051 500 1150 554 οὐκ
1172 500 1420 572 ἄπειρον,
1455 501 1568 555 ἀλλ’
1597 502 1720 555 ὅσον
1745 499 1941 570 αὕταρ-

2051 499 2164 568 ipse
2239 497 2666 569 conﬂagratione
2720 495 3072 551 dissolvatur.
3107 491 3488 558 Possidonius,
3518 507 3628 545 non

360 611 456 657 κες
485 596 565 657 εἰς
592 595 691 664 τὴν
728 593 970 648 διάλυσιν
1017 594 1151 664 (52),
1211 596 1270 647 ὲν
1304 594 1382 666 τῷ
1419 595 1620 667 πρώτῳ
1671 593 1813 662 Περὶ
1853 610 1949 646 κε-

359 685 471 738 νοῦ
507 684 641 753 (55).
711 685 1120 756 Ἀριστοτέλης,
1175 686 1340 756 μηδὲν
1402 681 1543 740 εἶναι
1606 685 1760 738 κενόν
1811 683 1944 754 (54).

362 775 607 838 Πλάτων,
637 776 761 847 μήτ’
785 776 943 838 ὲκτὸς
997 776 1092 828 τοῦ
1127 777 1332 847 κόσμου
1364 776 1529 847 μηδὲν
1584 773 1722 828 εἶναι
1769 773 1946 837 κενὸν,

365 866 489 936 μήτ’
515 867 684 932 ἐντός.
708 885 728 918 ι

856 959 1253 1012 ΚΕΦΑΛΑΙΟΝ
1311 960 1446 1013 MA'.

437 1051 578 1103 Τίνα
613 1047 781 1112 δεξιὰ
827 1048 933 1102 τοῦ
975 1051 1230 1118 κόσμου,
1269 1050 1366 1103 καὶ
1405 1051 1540 1103 τίνα
1573 1047 1874 1118 ἀριστερά.

436 1157 457 1192 ί
501 1141 844 1212 Πυθαγόρας,
902 1141 1146 1207 Πλάτων,
1209 1143 1592 1215 Ἀριστοτέλης
1647 1143 1797 1210 δεξιά
1854 1141 1948 1196 τοῦ

361 1235 568 1306 κόσμου
602 1233 712 1305 (55)
741 1234 807 1286 τά
837 1233 1130 1286 ἀνατολικὰ
1167 1234 1330 1308 μέρη,
1358 1236 1451 1304 ἀφ’
1477 1228 1549 1287 ὧν
1584 1236 1616 1304 ἡ
1662 1235 1803 1305 ἀρχὴ
1853 1235 1951 1305 τῆς

361 1329 644 1397 κινήσεως·
677 1325 941 1396 ἀριστερά
961 1325 1016 1378 δὲ
1046 1326 1114 1380 τὰ
1145 1326 1359 1380 δυτικά.
1378 1325 1769 1396 Ἐμπεδοκλῆς,
1803 1324 1952 1392 δεξιά

366 1417 462 1489 μὲν
487 1417 556 1469 τὰ
594 1417 735 1470 κατά
766 1416 858 1468 τὸν
919 1417 1130 1488 Θερινὸν
1158 1418 1438 1488 τροπικὸν,
1493 1420 1759 1490 ἀριστερὰ
1789 1417 1844 1470 δὲ
1883 1418 1951 1470 τά

363 1510 506 1564 κατά
524 1510 614 1563 τὸν
656 1511 979 1582 χειμερινόν.
1012 1531 1029 1560 ι

861 1603 1264 1658 ΚΕΦΑΛΑΙΟΝ
1315 1603 1449 1656 MB'.

577 1693 717 1762 Περὶ
742 1694 1003 1763 οὐρανοῦ
1023 1736 1038 1760 ,
1075 1697 1166 1761 τίς
1198 1696 1235 1762 ἠ
1291 1697 1506 1749 τούτου
1535 1695 1737 1748 οὐσία.

439 1808 457 1837 ι
494 1787 870 1858 Ἀναξιμένης,
892 1788 988 1858 τὴν
1013 1787 1314 1860 περιφορὰν
1347 1787 1458 1858 (56)
1496 1786 1593 1859 τὴν
1626 1786 1946 1858 ἕξωθεν(57)

2053 591 2327 646 inllnitum
2362 590 2645 661 quiddam,
2680 588 2774 644 sed
2811 587 3080 654 ejusmodi
3121 596 3353 649 tantum,
3395 582 3543 655 quod
3579 583 3629 637 ei

2055 681 2405 736 dissolutioni
2430 681 2682 747 sulliciat,
2713 689 2774 735 ut
2802 679 2958 734 docet
2981 679 3119 732 libro
3148 679 3222 732 De
3251 679 3401 732 inani
3428 678 3624 746 primo.

2049 773 2367 829 Aristoteles
2413 773 2574 828 inane
2629 773 2929 844 quidquam
2981 785 3104 827 esse
3148 781 3342 842 negat;
3393 779 3448 825 et
3473 769 3628 824 Plato

2050 875 2162 920 tam
2186 875 2361 932 extra,
2395 880 2559 935 quam
2595 865 2732 919 intra
2781 863 3070 925 mundum,
3103 863 3266 916 inane
3309 861 3612 931 repudiat.»

2541 955 2706 1027 345
2738 952 2966 1009 CAPUT
2997 951 3133 1006 xu.

2161 1048 2297 1114 Quae
2321 1048 2524 1103 dextra:
2548 1049 2734 1102 mundi
2769 1056 2945 1118 partes
2973 1047 3102 1111 sint,
3127 1061 3244 1115 quae
3269 1044 3517 1099 sinistra.

2128 1161 2146 1194 ι
2175 1142 2536 1214 Pythagoras,
2569 1139 2747 1207 Plato,
2789 1139 3129 1205 Aristoteles,
3158 1140 3407 1193 dextram
3441 1129 3628 1191 mundi

2053 1251 2260 1312 partem
2291 1241 2615 1296 orientalem
2657 1255 2802 1303 esse,
2834 1240 2979 1294 unde
3013 1247 3196 1293 motus
3237 1236 3357 1306 ejus
3398 1235 3630 1291 ducatur

2054 1335 2309 1398 initium;
2387 1333 2692 1397 sinistram,
2771 1331 3184 1387 occidentalem.
3252 1328 3628 1398 Empedocles,

2051 1425 2294 1480 dextram
2331 1423 2398 1477 ad
2445 1423 2695 1477 aestivum
2744 1423 3035 1492 tropicum,
3082 1422 3148 1476 ad
3204 1419 3491 1475 hibernum
3552 1419 3631 1474 si-

2051 1519 2282 1572 nistram
2313 1514 2619 1570 constituit.
2635 1533 2652 1564 ›

2614 1603 2845 1660 CAPUT
2874 1602 3030 1658 XLII.

2528 1697 2606 1752 De
2631 1698 2852 1768 propria
2876 1696 2992 1750 caeli
3025 1705 3240 1749 natura.

2129 1787 2544 1855 «Anaximenes,
2578 1787 2910 1842 exteriorem
2959 1784 3081 1841 coeli
3139 1784 3404 1838 ambitum
3455 1792 3627 1839 terre-

364 1881 560 1952 γηῖνην
584 1876 742 1934 εἶναι.
788 1881 1179 1952 Ἐμπεδοκλῆς,
1213 1880 1531 1952 στερέμνιον
1574 1875 1716 1933 εἶναι
1745 1880 1835 1932 τὸν
1863 1880 1948 1932 οὑ-

2053 1881 2184 1936 stris
2208 1896 2330 1937 esse
2359 1889 2592 1936 naturae.
2642 1879 3021 1950 Empedocles,
3051 1877 3287 1933 solidum
3324 1877 3458 1932 illud
3486 1892 3627 1944 esse,

365 1972 547 2045 ρανὺν,
566 1972 625 2036 ἐξ
656 1972 817 2043 ἀέρος
846 1973 1221 2043 συμπαγέντος
1243 1972 1347 2025 ὑπὸ
1369 1971 1464 2025 τοῦ
1490 1972 1658 2042 πυρὸς
1690 1970 1952 2042 κρυσταλ-

365 2063 603 2131 λοειδῶς,
624 2065 684 2118 τὸ
732 2066 978 2136 πυρῶδες
1024 2066 1117 2118 κα)⁵
1171 2065 1406 2135 ἀερῶδες
1450 2067 1507 2118 ὲν
1547 2063 1793 2135 ἐκατέρῳ
1845 2061 1950 2117 τῶν

365 2158 735 2230 ἡμισφαιρίων
765 2158 1107 2229 περιέχοντα.
1151 2157 1548 2228 Ἀριστοτέλης,
1585 2158 1648 2209 ὲκ
1699 2156 1949 2226 πέμπτου

300 2304 305 2310 ,
366 2252 654 2324 σώματος,
712 2251 745 2321 ἢ
803 2252 866 2304 ἐκ
912 2251 1116 2322 Θερμοῦ
1181 2253 1273 2304 καὶ
1323 2248 1534 2321 ψυχροῦ
1586 2248 1696 2319 (58)
1747 2248 1952 2318 μίγμα-

363 2360 474 2406 τος.
512 2362 531 2395 ι

444 2635 552 2704 (51)
593 2633 950 2695 Ἀναλύεται,
991 2633 1257 2701 ἄπειρον.
1286 2627 1470 2700 Recte,
1503 2647 1625 2686 nam
1665 2633 1717 2686 in
1747 2646 1950 2687 excuso

370 2721 690 2776 perperam,
737 2705 1027 2759 ἀναλύεται
1069 2705 1131 2758 τὸ
1177 2706 1438 2775 ἄπειρον,
1476 2705 1626 2776 nullo
1661 2704 1741 2776 vel
1785 2719 1952 2776 pravo

373 2772 560 2830 sensu.
607 2775 728 2830 Hzec
762 2777 921 2830 lectio
967 2772 1351 2844 interpretibus
1392 2773 1672 2843 imposuit.
1721 2772 1950 2828 Latinus

373 2845 518 2900 enim
556 2846 626 2900 ita
664 2847 861 2910 reddit,
897 2845 1064 2900 Imma
1094 2862 1204 2900 esse
1241 2847 1327 2913 (an
1365 2846 1544 2906 inane,
1575 2844 1634 2896 τὸ
1665 2844 1891 2914 ἄπειρον
1907 2846 1949 2913 ?)

373 2916 430 2969 in
466 2918 602 2986 quod
633 2918 842 2987 quidem
874 2917 1291 2986 conﬂagratione
1330 2933 1426 2968 sua
1461 2915 1685 2968 mundus
1718 2915 1951 2968 dissolu-

375 2996 487 3040 tum
522 2996 628 3040 eat.
675 2987 937 3052 Gallicus,
979 2987 1168 3056 anque!
1209 3003 1307 3054 par
1345 2993 1724 3038 embraaement
1774 3001 1953 3056 seqre:

374 3069 494 3110 aaut
546 3057 759 3128 Pin/ini.
786 3055 1145 3119 0bsecro,ian
1181 3057 1452 3128 inﬁnitum
1479 3056 1533 3128 in
1555 3071 1788 3128 vacuum
1819 3055 1949 3128 illud

373 3138 427 3197 et
497 3125 659 3183 inane
713 3130 948 3197 spatium
1013 3128 1120 3181 ulla
1190 3125 1612 3197 conﬂagratione
1672 3125 1952 3179 solvetur?

377 3195 520 3252 Sane
548 3204 693 3268 quod
730 3194 795 3252 de
829 3199 1155 3254 Possidonio
1195 3199 1464 3268 sequitur,
1505 3194 1719 3268 facilem
1759 3205 1814 3250 et
1857 3212 1951 3249 ex-

375 3270 614 3338 peditam
666 3271 876 3324 mendae
930 3269 1093 3338 hujus
1152 3267 1403 3323 tollenda
1444 3267 1708 3321 rationem
1765 3275 1951 3323 osten-

375 3340 556 3392 debat.

376 3477 409 3529 6
448 3408 559 3476 (59).)
603 3409 910 3464 Διὰλυσιν.
959 3410 1030 3463 Ita
1085 3418 1229 3464 recte
1277 3407 1630 3471 Plutarchus,
1684 3421 1793 3460 non
1832 3406 1950 3462 διάε-

413 3495 554 3529 ασιν.

413 3495 554 3530 ασιν.

450 3549 558 3618 (55)
603 3551 705 3604 Ἐν
740 3547 820 3615 τῷ
852 3549 1058 3617 πρώτῳ
1089 3549 1226 3620 Περὶ
1245 3548 1421 3602 κενοῦ.
1451 3547 1531 3603 Ad
1563 3546 1950 3620 Possidonium

377 3617 481 3673 ista
539 3617 845 3688 pertinent,
902 3636 1008 3674 non
1058 3619 1127 3674 ad
1171 3617 1556 3685 'Aristutelem,
1598 3628 1655 3673 ut
1701 3619 1952 3673 Amiotus

417 3694 605 3744 litavit.

375 3703 994 3829 ιἎριστοτέλης
1010 3759 1202 3827 μηδὲν
1223 3754 1374 3812 εἶναι
1403 3761 1600 3813 κενόν.
1627 3757 1952 3814 Plutarchus

377 3826 586 3893 contra,
617 3826 796 3900 ἔλεγεν
822 3826 961 3884 εἶναι
986 3826 1159 3883 κενόν.
1193 3829 1266 3884 Ita
1295 3831 1440 3900 legit,
1476 3831 1550 3884 ita
1579 3832 1737 3884 vertit
1761 3831 1951 3884 Amio-

379 3909 468 3970 tus
497 3919 510 3953 :
544 3900 817 3970 Xylander
843 3910 1089 3954 nostrum
1116 3899 1462 3969 sequitur.Et
1493 3901 1687 3954 merito
1706 3901 1949 3970 quidem,

381 3969 428 4022 si
457 3969 760 4025 Aristotelis
792 3971 860 4025 de
891 3972 1059 4034 inani,
1090 3987 1184 4025 seu
1207 3987 1401 4034 vacuo,
1420 3969 1744 4026 sententiam
1777 3980 1952 4024 atten-

379 4039 596 4111 damus.
622 4041 760 4110 Lege
775 4052 1027 4109 quartum
1058 4041 1402 4110 Pliysicor.,a
1425 4058 1544 4111 cap.
1569 4041 1602 4095 8
1626 4043 1689 4094 ad
1715 4058 1834 4111 cap.
1863 4041 1949 4107 l4;

381 4124 544 4181 quam
582 4110 696 4178 ipse
723 4113 791 4164 ab
823 4111 973 4164 inani
997 4113 1364 4172 abhorruerit.
1400 4110 1684 4181 intelliges.
1711 4110 1814 4166 Sed
1856 4127 1954 4164 cur

381 4179 661 4233 Platonem
698 4181 957 4234 continuo
995 4191 1171 4249 negat,
1223 4185 1327 4237 hoc
1356 4182 1516 4236 inane
1557 4179 1638 4236 vel
1690 4183 1833 4236 intra
1869 4182 1953 4234 vel

379 4257 533 4302 extra
581 4251 841 4304 mundum
876 4252 1158 4319 posuisse?
1184 4251 1379 4314 Credo,
1410 4253 1556 4321 quod
1603 4252 1950 4306 Aristotelem

380 4327 629 4388 putaret,
661 4321 790 4375 illud
830 4336 895 4374 ex
931 4322 1133 4374 mundo
1157 4323 1333 4376 solum
1369 4325 1573 4386 tollere,
1610 4331 1762 4376 extra
1791 4339 1954 4376 mun-

378 4389 508 4463 dum
541 4392 865 4463 admittere;
897 4401 1058 4463 atque
1093 4391 1162 4444 ita
1193 4392 1475 4463 legendum
1511 4401 1674 4458 esset,
1713 4393 1956 4463 Ἀριστο-

377 4459 537 4530 τέλης
561 4461 710 4525 ἐντὸς
747 4461 911 4532 μηδὲν
952 4459 1090 4515 εἶναι
1130 4459 1305 4515 κενόν.
1353 4460 1538 4531 Neque
1581 4464 1680 4517 hcc
1711 4459 1955 4517 divinare

376 4541 460 4584 est
489 4546 502 4581 :
533 4532 673 4585 idem
702 4535 846 4586 enim
875 4532 1200 4587 Plutarchus
1220 4575 1234 4596 ,
1265 4533 1508 4601 ejusdem
1539 4535 1719 4601 operis
1767 4534 1859 4588 lib.
1897 4550 1944 4598 ι,

376 4615 497 4668 cap.
541 4601 640 4662 l8.
677 4604 744 4656 de
776 4603 969 4657 eodem
1000 4604 1149 4657 inani
1182 4603 1628 4671 philosophorum
1662 4605 1946 4672 opiniones

376 4683 439 4723 ex
451 4687 673 4745 ponens,
700 4674 769 4745 i_ta
803 4674 870 4727 de
893 4674 1183 4745 Aristotele
1209 4673 1948 4745 ηοωὶησιὶιη,ᾊριστοτέλης

376 4741 628 4814 τοσοῦτον
672 4739 810 4796 εἶναι
855 4744 916 4796 τὸ
973 4744 1126 4814 κενὸν
1166 4743 1323 4807 ἐκτὸς
1364 4743 1458 4814 τοῦ
1515 4739 1720 4814 κόσμου
1742 4782 1756 4805 ,
1808 4739 1948 4797 ὥστε

376 4812 636 4884 ἀναπνεῖν
667 4813 758 4866 τὸν
789 4814 1034 4884 οὐρανόν.
1069 4813 1291 4877 Verum,
1321 4824 1380 4868 ut
1410 4813 1600 4878 fatear,
1624 4812 1814 4881 parum
1847 4817 1950 4870 hoc

378 4880 433 4956 i_n_
481 4898 676 4956 genere
721 4880 1161 4956 ἀκριϐήςκὶηιο
1213 4897 1268 4939 et
1318 4886 1421 4940 sibi
1473 4880 1732 4956 constans
1781 4884 1949 4939 fuisse

374 4949 704 5025 Plut-archus
731 4949 962 5008 videtur.
1010 4955 1255 5009 Primum
1293 4957 1439 5009 enim
1479 4956 1567 5025 hic
1595 4954 1948 5025 Pythagoreis

378 5024 604 5095 tribuit,
636 5025 780 5095 quod
814 5025 906 5078 illo
933 5025 1023 5080 lib.
1061 5043 1098 5088 ι,
1132 5043 1248 5094 cap.
1289 5026 1376 5088 18,
1410 5024 1615 5094 allingit
1641 5024 1944 5080 Aristoteli.

375 5090 579 5165 Deinde
609 5090 699 5148 ubi
725 5096 940 5149 tandem
970 5090 1308 5155 Aristoteles,
1335 5107 1430 5150 aut
1449 5090 1646 5150 coelum
1682 5097 1948 5165 respirare

373 5163 589 5230 docuit;
622 5175 735 5238 aut,
762 5165 906 5238 quod
939 5167 1136 5220 ibidem
1173 5167 1436 5236 sequitur,
1462 5166 1704 5238 πύρινον,
1735 5163 1948 5235 igneum

374 5247 495 5286 esse
528 5235 943 5307 tradidit‘llmo,
965 5239 1180 5307 quoties
1213 5235 1264 5290 iii
1293 5239 1444 5293 libris
1472 5235 1697 5290 Decreto
1728 5238 1943 5307 igneum

375 5305 741 5377 pernegavit?)
778 5306 846 5359 At
898 5305 1163 5361 ne’extra
1210 5309 1473 5361 mundum
1521 5305 1946 5377 quidetn‘inane

373 5373 700 5429 collocavit:
731 5375 843 5430 imo
888 5379 1101 5441 negavit
1131 5379 1299 5431 ullum
1349 5394 1491 5432 esse.
1538 5373 1712 5431 Libro
1744 5378 1889 5432 enim
1928 5392 1943 5430 l

373 5443 450 5495 De
478 5444 628 5509 caelo,
680 5461 800 5514 cap.
833 5446 886 5508 9,
923 5449 1132 5502 nullum
1173 5458 1326 5502 extra
1359 5451 1556 5502 coelum
1599 5463 1797 5516 corpus
1825 5462 1946 5502 esse

371 5529 532 5582 posse
567 5516 806 5570 defendit
832 5531 844 5568 :
877 5518 1038 5571 inane
1083 5528 1262 5572 autem
1292 5519 1695 5574 Aristotelicum
1723 5560 1737 5584 ,
1768 5519 1932 5572 ident-

371 5600 478 5654 que
525 5587 744 5656 proprie
768 5586 973 5641 dictum
993 5627 1008 5651 ,
1037 5603 1238 5658 corpus
1280 5597 1398 5650 est,
1435 5606 1530 5644 seu
1569 5593 1718 5642 locus
1745 5603 1942 5657 corpo-

370 5670 498 5729 reus
524 5671 758 5729 corpore
787 5672 1017 5725 vacuus,
1045 5659 1315 5728 ejusmodi
1345 5671 1546 5729 tamen,
1591 5660 1682 5729 qui
1713 5674 1945 5728 corpore

370 5727 583 5800 impleri
627 5727 826 5800 sttapte
862 5727 1292 5800 naturaipossit.
1337 5728 1478 5797 Quin
1527 5741 1580 5784 et
1610 5727 1776 5798 paulo
1817 5727 1945 5798 post

369 5796 593 5870 diserte,
618 5802 743 5870 ἀμα
774 5797 829 5870 δὲ
860 5798 1036 5870 δῆλον,
1074 5796 1280 5870 inquit,
1310 5796 1391 5854 ὅτι
1431 5800 1552 5854 οὐδὲ
1580 5796 1742 5864 τόπος
1763 5841 1776 5864 ,
1820 5796 1943 5852 οὐδὲ

369 5816 593 5862 utserte,
625 5816 659 5851 α
708 5816 743 5850 α
774 5816 829 5850 οε
860 5816 1036 5870 οτμον,
1075 5816 1280 5870 mqutt,
1310 5816 1391 5854 οτι
1431 5816 1552 5854 ουοε
1580 5817 1742 5864 τοπος
1763 5841 1776 5864 ,
1820 5816 1943 5852 ουοε

369 5866 542 5934 κενὸν,
577 5816 703 5922 οὐέ
719 5869 909 5940 χρόνος
933 5871 1079 5925 ἐστὶν
1107 5871 1212 5938 ἔξω
1238 5871 1331 5924 τοῦ
1358 5870 1609 5942 οὐρανοῦ,
1636 5872 1782 5943 quod
1811 5871 1943 5929 sub-

2053 1975 2199 2044 quod
2228 1974 2283 2028 in
2325 1974 2567 2045 crystalli
2601 1973 2824 2027 modum
2858 1987 2922 2027 ex
2949 1986 3075 2026 aere
3102 1969 3250 2040 ignis
3279 1970 3462 2025 calore
3492 1985 3626 2024 con-

2053 2075 2284 2130 cretum,
2317 2066 2584 2135 quidquid
2615 2064 2756 2134 ignis
2797 2072 2852 2118 et
2878 2064 3024 2119 aeris
3071 2073 3308 2132 utroque
3362 2061 3417 2115 in
3455 2061 3633 2116 hemio

2053 2156 2290 2228 sphaerio
2339 2167 2426 2211 est
2473 2155 2925 2226 comprehendat.
2975 2152 3318 2216 Aristoteles,
3371 2151 3514 2206 idem
3563 2165 3630 2206 ex

2051 2252 2246 2323 quinto
2264 2264 2516 2319 corpore,
2546 2248 2629 2303 vel
2656 2263 2721 2303 ex
2751 2247 2912 2303 calidi
2938 2260 3003 2302 ac
3027 2244 3209 2317 frigidi
3240 2241 3632 2314 temperatione

2053 2347 2354 2418 componit.
2367 2367 2386 2400 ι

2052 2631 2180 2688 inde
2230 2633 2452 2688 totidem
2488 2648 2626 2702 pene
2659 2633 2840 2688 verbis
2885 2633 3098 2702 repetit.
3141 2629 3336 2688 Mirum
3379 2644 3514 2689 sane
3546 2635 3634 2690 est

2053 2705 2170 2759 haec
2214 2719 2244 2758 a
2275 2703 2568 2758 Plutarcho
2610 2705 2693 2758 vel
2737 2704 2870 2759 lecta
2918 2719 3023 2757 non
3059 2719 3210 2766 esse,
3259 2705 3341 2760 vel
3373 2721 3494 2760 esse
3534 2721 3632 2760 ne-

2055 2776 2254 2845 glecta.
2303 2773 2626 2845 Quanquam
2684 2774 2774 2828 illa
2836 2775 3115 2828 Plutarchi
3162 2775 3461 2844 opuscula,
3519 2791 3628 2830 non

2054 2844 2314 2910 auctoris,
2365 2844 2473 2916 sed,
2514 2845 2859 2900 librariorum
2909 2854 3117 2916 scatent
3162 2847 3477 2916 erroribus;
3535 2862 3633 2916 pa:

2053 2929 2283 2985 rumque
2329 2915 2555 2970 omnino
2598 2916 2702 2970 sibi
2747 2915 3049 2978 consuluit,
3084 2915 3176 2984 qui
3237 2926 3518 2985 propterea
3538 2915 3632 2969 vel

2056 2985 2180 3040 illos
2199 2984 2204 2985 “
2223 2984 2536 3040 Aristotelis
2562 2986 2730 3041 libros
2764 2987 2816 3040 in
2845 2985 3055 3050 νοθείας
3076 3027 3090 3050 ,
3134 2985 3219 3040 vel
3249 2984 3631 3055 philosophum

2054 3055 2232 3124 ipsum
2283 3057 2337 3109 in
2388 3055 2697 3125 ἀντιλογίας
2743 3057 3112 3126 suspicionem
3166 3057 3396 3110 vocavit.
3448 3055 3630 3112 Plato-

2056 3141 2179 3180 nem
2205 3140 2334 3179 vero
2362 3127 2505 3195 quod
2535 3127 2729 3180 attinet
2755 3169 2768 3190 ,
2799 3128 2846 3182 is
2871 3128 2924 3180 in
2956 3127 3148 3180 Timazo
3170 3167 3184 3191 ,
3211 3142 3332 3195 pag.
3366 3127 3489 3189 538,
3522 3140 3628 3180 non

2055 3197 2288 3267 obscure
2334 3211 2564 3251 vacuum
2609 3213 2770 3252 omne
2816 3199 3142 3265 repudians,
3199 3199 3232 3267 ή
3273 3196 3375 3267 τοῦ
3428 3197 3632 3261 παντὸς

2055 3266 2324 3354 περίοδος,
2355 3267 2551 3352 inquit,
2581 3268 2768 3354 ὲῃειδῂ
2796 3267 3197 3354 συμττεριέλαϐε
3225 3266 3295 3350 ⁷τά
3327 3268 3461 3354 χένῃ
3482 3308 3494 3331 ,
3533 3285 3633 3354 ξυ-

2054 3333 2313 3410 ἶιλοτερὴς
2345 3333 2509 3400 οὖσα,
2544 3340 2638 3392 καὶ
2664 3333 2798 3410 πρὸς
2826 3333 2994 3410 αὖτὴν
3037 3341 3310 3410 πεφυκυῖα
3340 3333 3633 3410 βούλεσθαι

2055 3406 2324 3480 ξυνιέναι,
2346 3410 2582 3480 impluat
2617 3406 2813 3480 πάντα,
2849 3406 3136 3479 καικενὴν
3165 3406 3633 3480 χώρανούδεμίαν

2053 3480 2117 3549 ea
2144 3478 2447 3532 λείπεσθαι.
2486 3478 2612 3533 Haec
2647 3480 2756 3544 ille,
2787 3479 3022 3534 Locrum
3052 3478 3437 3549 praeceptorem
3473 3478 3633 3534 secua

2056 3543 2162 3621 tus,
2206 3550 2298 3618 qui
2338 3565 2532 3621 opusc.
2585 3549 2659 3603 De
2692 3543 2884 3603 natura
2905 3589 2918 3613 ,
2941 3543 3202 3621 ferr—avra
3229 3543 3272 3601 δ’
3304 3543 3402 3616 ὧν,
3433 3551 3631 3621 inquit,

2055 3619 2236 3690 πλήρη
2268 3620 2400 3684 ὲντὶ,
2429 3620 2588 3690 οὐδὲν
2612 3621 2797 3673 κενεὸν
2829 3620 3209 3674 ἀπολείποντα.

2125 3689 2238 3760 (55)
2278 3689 2450 3753 Δεξιίι
2497 3689 2604 3743 τοῦ
2654 3691 2906 3760 κόσμου.
2951 3691 3295 3752 Aristoteles,
3343 3689 3436 3744 lib.
3489 3703 3527 3745 tt
3559 3689 3633 3744 De

2053 3763 2201 3832 coelo,
2234 3776 2352 3832 cap.
2384 3761 2445 3832 2,
2483 3760 2665 3827 Δεξιὸν
2690 3763 2832 3832 γὰρ.
2871 3761 3077 3830 inqttit,
3107 3762 3342 3814 ἑκάστου
3379 3761 3631 3832 λέγομεν,

2053 3831 2173 3911 ὅθεν
2267 3831 2408 3917 ἀρχὴ
2444 3833 2541 3913 τῆς
2573 3831 2715 3885 κατά
2743 3830 3205 3917 τόξονηξινήσεῳς
3226 3849 3244 3917 ς
3272 3831 3366 3884 τοῦ
3389 3830 3634 3917 κδ’ρὺραι

2053 3901 2144 3954 νοῦ
2190 3901 2368 3972 ἀρχὴν
2417 3903 2514 3972 τῆς
2568 3904 2870 3972 περιφορᾶς
2912 3901 3065 3965 ὅθεν,
3117 3903 3189 3972 αἱ
3222 3903 3478 3955 ἀνατολαὶ
3525 3901 3633 3956 τῶν

2052 3965 2482 4043 ἀστρωνῖ-’ὥστέ
2510 3965 2655 4026 τοῦτἶ
2687 3965 2751 4026 ἄν
2772 3965 2866 4043 ἐἴη
2901 3972 3102 4034 δεξιόν·
3133 3965 3194 4025 οὗ
3227 3972 3282 4024 δὲ
3315 3975 3372 4026 αἱ
3410 3972 3592 4036 δύσεις
3613 4007 3630 4038 ,

2053 4041 2362 4114 ἀριστερόν.
2410 4043 2595 4112 Itaque
2647 4041 2958 4108 concludit,
3002 4044 3048 4098 si
3101 4043 3378 4114 principis
3412 4044 3629 4098 orbium

2054 4113 2364 4168 cmlestium
2392 4123 2572 4168 motus
2597 4114 2736 4168 ratio
2769 4115 3053 4176 habeatur,
3070 4128 3170 4168 nos
3188 4114 3282 4182 qui
3299 4113 3402 4167 sub
3426 4116 3632 4168 arctico

2054 4184 2178 4253 polo
2232 4198 2541 4247 versamur,
2602 4183 2917 4239 inferiorem
2982 4200 3046 4239 ac
3098 4184 3380 4239 sinistram
3435 4185 3626 4240 mundi

2053 4262 2262 4324 partem
2303 4269 2601 4322 occupare;
2631 4255 2969 4323 superiorem
3005 4271 3069 4310 ac
3101 4254 3370 4316 dextram,
3405 4255 3499 4324 qui
3527 4256 3632 4310 sub

2053 4325 2370 4379 antarctico.
2405 4324 2498 4378 Sin
2534 4325 2668 4379 alter
2694 4341 2758 4380 ac
2789 4328 3062 4380 secundus
3090 4326 3179 4378 ille
3210 4334 3388 4378 motus
3417 4335 3629 4394 specta-

2054 4396 2222 4460 bitur,
2242 4395 2336 4464 qui
2357 4407 2629 4466 astrorum
2653 4397 2904 4466 proprius
2919 4405 3022 4458 est,
3043 4396 3376 4449 contrarium
3403 4399 3630 4452 omnino

2056 4467 2424 4538 statuendum.
2467 4464 2570 4520 Sed
2609 4464 2769 4520 aliter
2795 4476 2959 4538 atque
2990 4466 3429 4538 aliterastrologi
3453 4503 3468 4531 ,
3501 4482 3630 4537 geo-

2057 4536 2245 4605 graphi
2266 4575 2281 4598 ,
2332 4545 2534 4604 poetae,
2562 4553 2799 4606 augures
2819 4575 2835 4604 ,
2867 4535 2918 4590 in
2953 4538 3092 4592 caelo
3134 4535 3466 4591 dextrumet
3496 4535 3632 4592 sini-

1980 4591 2022 4646 θ
2051 4591 2228 4676 sun-tn
2255 4591 2597 4676 assignarunt
2629 4591 3005 4676 :thtod'nemo
3035 4607 3226 4660 nescit.

2123 4675 2233 4745 (56)
2275 4675 2630 4748 Ιιεριφοράν.
2671 4675 2784 4748 Hoc
2815 4680 2934 4732 loco
2977 4678 3250 4748 περιφορὰ
3279 4685 3364 4730 est
3404 4675 3633 4748 περιφέο

2052 4763 2194 4818 ρεια,
2222 4749 2334 4801 sive
2365 4745 2527 4818 μέρος
2553 4749 2614 4801 τὸ
2641 4747 2766 4813 ἔξω,
2799 4749 2891 4801 καὶ
2920 4745 3378 4819 περιφερόμενον,
3398 4745 3634 4819 βίοᾹιί-

2049 4819 2272 4888 stoteles
2305 4819 2564 4887 loquitur,
2595 4828 2653 4872 ut
2679 4820 2772 4873 lib.
2803 4837 2819 4874 ι
2850 4819 2923 4872 De
2949 4817 3098 4879 coelo,
3124 4817 3246 4886 cap.
3277 4821 3330 4880 9,
3368 4817 3503 4872 Ἕνα
3533 4819 3632 4888 μὲν

2047 4883 2144 4961 οὖν
2166 4883 2399 4961 τρόπον,
2443 4889 2674 4961 οὐρανὸν
2723 4889 2974 4958 λέγομεν,
3015 4890 3114 4961 τῂν
3137 4883 3346 4961 ,οὖσιαν
3391 4890 3489 4959 τὴν
3533 4883 3628 4959 τῆς

2047 4958 2284 5028 ἐσχάτης
2311 4959 2403 5012 τοῦ
2437 4958 2635 5024 παντὸς
2677 4961 2999 5032 περιφορᾶς.
3044 4958 3147 5014 Ubi
3192 4975 3324 5014 sane
3358 4958 3632 5032 περιφορά

2049 5033 2279 5101 quintius
2302 5039 2406 5101 est,
2434 5047 2539 5086 non
2562 5030 2847 5095 convenio,
2877 5030 2982 5084 nisi
3009 5030 3481 5101 καταχρηστικῶς,
3502 5035 3631 5100 quia

2049 5099 2138 5153 hic
2167 5100 2404 5154 ambitus
2434 5112 2692 5169 perpetuo
2722 5102 3076 5169 convertitur.

2119 5169 2231 5240 (57)
2261 5170 2378 5239 Τὴν
2401 5168 2644 5236 ἔξωθεν,
2671 5173 2889 5242 γηΐνην
2909 5168 3081 5226 εἶναι.
3107 5170 3350 5242 Pessime
3377 5170 3430 5223 in
3459 5170 3630 5239 priori

2047 5239 2193 5314 edit.
2215 5239 2517 5314 legebatur,
2553 5243 2652 5312 τῆς
2679 5239 2880 5310 ἔξωθεν
2923 5242 3100 5314 ζώνης
3134 5239 3292 5296 εἶναι.
3325 5241 3628 5302 Plutarch.,

2045 5309 2144 5384 τὴν
2179 5309 2455 5379 ὲξιιῖτκῖιτω,
2493 5309 2731 5384 γηΐνην,
2761 5329 2925 5383 quam
2957 5309 3289 5384 postremam
3319 5325 3633 5384 vqcemap~

2047 5381 2221 5455 prime
2261 5381 3196 5455 necessariatn‘Xylanderomisit,
3222 5393 3326 5455 aut
3367 5381 3632 5455 Eusebiae

2047 5466 2172 5505 nam
2214 5454 2496 5508 lectionem
2533 5453 2750 5510 secutus
2778 5463 2893 5520 est;
2943 5456 3103 5509 vertit
3145 5454 3290 5508 enim
3316 5494 3330 5520 ,
3369 5453 3630 5506 rationem

2045 5537 2155 5595 esse
2177 5525 2398 5595 extremi
2430 5524 2592 5587 orbis,
2622 5526 2764 5595 quod
2797 5526 3315 5595 depravatissﬁimum
3343 5533 3444 5578 est.

2119 5593 2230 5663 (58)
2287 5595 2380 5665 Ἐκ
2415 5591 2756 5663 θερμοῦ’καὶ
2791 5591 3055 5665 ψυχροῦ.
3107 5594 3226 5649 Non
3259 5595 3500 5650 occurrit
3532 5591 3627 5648 ubi

2045 5661 2364 5719 Aristdteles
2395 5661 2625 5719 Βέἐωιο
2661 5666 2732 5719 ita
2773 5661 3015 5720 statuat:
3047 5667 3138 5720 ubi
3169 5667 3506 5721 contrarium
3535 5665 3628 5718 ἀοι

2044 5744 2161 5787 ceat
2187 5776 2202 5798 ,
2237 5735 2386 5790 locos
2446 5736 2612 5790 habes
2649 5737 2703 5791 in
2750 5738 2846 5791 lib.
2890 5737 2968 5792 De
3008 5738 3135 5791 cmto
3188 5746 3242 5791 et
3286 5735 3625 5804 Meteorolog.

2046 5805 2390 5884 complures;
2420 5822 2653 5876 quorum
2690 5810 2853 5865 etiam
2899 5809 3194 5866 nonnullos
3220 5823 3387 5879 supra
3417 5807 3628 5862 indicas

2044 5889 2242 5932 Vtmus.
