2017 3688
191 165 205 192 Ι
210 165 264 193 393

741 163 904 191 PRIEPAR.
922 162 1050 191 EVANG.
1072 162 1136 191 LIB.
1156 162 1223 198 ΧΗ

1759 164 1827 193 ισοι

190 232 240 258 καὶ
254 232 282 257 ὲν
303 231 362 261 ταῖς
379 229 540 264 φαντασίαις
562 228 609 256 τοῦ
624 227 704 261 Θεοῦ,
719 229 843 256 τουτέστι
862 228 909 255 τοῦ
927 228 973 255 νοῦ

1038 229 1162 257 tionibus
1179 228 1323 263 sensisque
1352 228 1512 256 subsistant.
1533 229 1694 257 Aristotcles
1723 228 1826 259 forma;

190 276 364 310 ὑφεστώσας.
384 275 573 311 Ἀριστοτέλης
587 275 644 311 εἴδη
659 275 708 310 μὲν
717 276 833 302 ἀπέλιπε
847 276 893 302 καὶ
904 275 986 309 ἰδέας,

188 324 221 350 οὐ
240 324 293 359 μὴν
309 323 515 359 κεχωρισμένας
539 323 588 357 τῆς
617 322 693 357 ὕλης,
720 322 771 355 ἔξω
791 320 911 356 γεγονὼς
930 321 986 357 (65)

191 369 239 396 τοῦ
254 369 307 395 ὑπὸ
322 368 369 395 τοῦ
387 368 465 395 Θεοῦ.
497 369 528 395 Οἱ
542 369 596 395 ἀπὸ
611 369 734 405 Ζήνωνος
751 368 875 401 Στωϊκοὶ,
892 368 986 404 ἐννοή-

191 425 265 451 ματα
279 416 399 452 ἡμέτερα
418 416 467 447 τὰς
483 415 581 448 ἰδέας.»

435 504 633 531 ΚΕΦΑΛᾹῘΟΝ
648 504 713 537 Mq'

400 551 470 586 Περὶ
485 550 596 583 τάξεως
610 550 754 584 ἀστέρων.

224 608 233 623 ί
254 597 424 633 Ξενοκράτης
455 597 509 633 (66)
542 597 611 624 κατὰ
631 597 693 633 μίαν
718 597 880 632 ἐπιφάνειαν
897 596 982 623 οἴεται

184 644 320 671 κινεῖσθαι
349 645 412 676 τοὺς
439 643 569 679 ἀστέρας·
597 643 621 669 οἱ
642 643 716 670 ἄλλοι
732 643 845 670 Στωϊκοὶ
863 643 916 679 πρὸ
929 643 982 669 τῶν

183 690 288 725 ἑτέρων
300 691 362 717 τοὺς
376 690 496 726 ἑτέρους,
510 691 538 717 ἐν
558 690 620 725 ὕψει
641 691 687 717 καὶ⁸
698 689 785 725 βάθει.
801 690 980 725 Δημόκριτος,

182 736 219 763 τὰ
232 736 280 772 μὲν
297 736 404 771 ἀπλανῆ
421 736 540 772 πρῶτον,
559 737 628 772 μετὰ
642 737 670 763 δὲ
684 736 782 767 ταῦτα.
798 737 861 768 τοὺς
877 736 980 772 πλάνη-

183 790 243 815 τας,
261 783 303 817 ἐφ’
317 779 358 814 οἷς
370 782 456 817 ἥλιον,
469 783 625 818 Φωσφόρον.
635 783 760 818 σελήνην.
777 782 899 814 Πλάτων,
911 781 980 817 μετὰ

183 829 234 864 τὴν
248 829 302 855 τῶν
316 829 444 856 ἀπλανῶν
458 829 542 861 θέσιν,
555 829 662 865 πρῶτον
677 829 808 856 Φαίνοντα
821 829 977 864 λεγόμενον,

183 875 230 902 τὸν
241 875 287 902 τοῦ
304 876 419 911 Κρόνου·
433 876 557 912 δεύτερον
570 875 716 907 Φαέθοντα,
727 876 772 902 τὸν
785 876 831 902 τοῦ
844 876 914 908 Διός·
924 875 979 911 τρί-

184 930 230 947 τον
241 922 390 957 Πυρόεντα,
404 922 450 948 τὸν
469 922 515 948 τοῦ
532 923 640 957 Ἀρεος”
652 921 793 958 τέταρτον,
812 921 974 957 Ἑωσφόρον,

183 966 229 992 τὸν
245 966 295 1002 τῆς
318 966 488 1002 Ἀφροδίτης·
519 967 644 1002 πέμπτον
670 966 827 998 Στίλὸοντα,
860 966 906 993 τὸν
928 966 975 992 τοῦ

189 1012 303 1048 Ἑρμοῦ⁸
319 1013 397 1040 ἕκτον
425 1014 509 1048 ἥλιον·
528 1013 641 1048 ἕϐδομον
660 1013 785 1048 σελήνην.
801 1012 861 1040 Τῶν
886 1012 975 1049 μαθη-

185 1057 306 1093 ματικῶν
319 1067 390 1090 τινες
408 1059 467 1094 μὲν,
481 1059 519 1091 ὡς
532 1059 654 1091 Πλάτων,
667 1059 738 1091 τινὲς
752 1059 790 1091 δὲ,
810 1059 891 1095 μέσον
906 1059 975 1086 πάν-

182 1112 237 1131 των
264 1104 310 1130 τὸν
334 1104 420 1140 ἥλιον.
442 1099 651 1140 Ἀναξίμανδρος
683 1105 729 1132 καὶ
759 1105 941 1141 Μητρόδωρος
961 1106 975 1132 ό

182 1149 258 1182 Χῖος,
273 1150 320 1176 καὶ
347 1150 468 1186 Κράτης,
484 1151 615 1177 ἀνωτάτω
640 1151 688 1186 μὲν
704 1151 813 1178 πάντων
838 1151 883 1178 τὸν
899 1151 974 1186 ἥλιον

181 1195 321 1230 τετάχθαι·
341 1197 399 1231 μετ’
428 1196 508 1222 αὑτὸν
532 1196 581 1231 τὴν
605 1197 730 1233 σελήνην·
750 1197 803 1224 ὑπὸ
818 1198 846 1224 δὲ
863 1199 972 1231 αὐτοὺς,

181 1241 217 1269 τὰ
232 1241 339 1277 ἀπλανῆ
358 1242 411 1268 τῶν
426 1242 533 1278 ἄστρων
551 1243 597 1270 καὶ
610 1244 674 1274 τοὺς
693 1243 856 1279 πλάνητας.)

436 1388 634 1415 ΚΕΦΑΛΑῘΟΝ
648 1389 712 1415 ΜΖ’.

227 1433 297 1468 Περὶ
313 1433 368 1469 τῆς
383 1433 443 1461 τῶν
456 1434 575 1468 ἄστρων
589 1434 684 1469 φορᾶς
702 1434 750 1461 καὶ
768 1434 923 1468 κινήσεως.

218 1490 227 1506 ι
252 1481 445 1516 Ἀναξαγόρας,
458 1481 638 1517 Δημόκριτος,
668 1481 809 1516 Κλεάνθης
819 1501 826 1513 ,
844 1482 891 1509 ἀπ’
905 1482 971 1509 ἀνα-

181 1527 264 1554 τολῶν
279 1528 325 1554 ἐπὶ
341 1527 446 1563 δυσμὰς
473 1527 603 1563 φέρεσθαι
628 1527 731 1559 πάντας
760 1528 824 1559 τοὺς
844 1528 969 1565 ἀστέρας.

187 1573 340 1608 Ἀλκμαίων
353 1574 400 1600 καὶ
414 1575 438 1599 οἱ
454 1573 650 1609 μαθηματικοὶ,
678 1573 740 1605 τοὺς
762 1573 900 1609 πλάνητας
914 1576 970 1606 τοῖς
984 1590 1005 1618 C

180 1619 327 1646 ἀπλανέσιν
343 1619 489 1651 ἐναντίους·
514 1619 568 1646 ἀπὸ
583 1619 637 1655 γὰρ
653 1619 764 1655 δυσμῶν
782 1621 824 1646 ἐπ’
838 1621 970 1653 ἀνατολὰς

179 1664 382 1700 ἀντιφέρεσθαι.
403 1664 624 1700 Ἀναξίμανδρος,
650 1665 702 1691 ὑπὸ
722 1664 776 1691 τῶν
790 1665 897 1692 κύκλων
924 1666 971 1693 καὶ

179 1710 233 1737 τῶν
249 1709 381 1745 σφαιρῶν,
402 1710 445 1745 ἐφ’
461 1707 498 1736 ὧν
514 1710 628 1741 ἕκαστος
640 1709 750 1745 βέϐηκε.
766 1711 895 1746 φέρεσθαι
908 1713 970 1744 τοὺς

179 1755 307 1792 ἀστέρας.
324 1756 435 1783 Πλάτων
454 1757 501 1782 καὶ
528 1756 553 1783 οἱ
579 1756 778 1791 μαθηματικοὶ,
814 1757 971 1792 ἰσοδρόμους

178 1799 248 1830 εἶναι
267 1801 313 1829 τὸν
329 1801 414 1837 ἥλιον,
431 1802 476 1828 τὸν
491 1802 647 1837 Φωσφόρον,
661 1802 705 1829 τὸν
719 1802 871 1829 Στίλὸοντα.
886 1813 895 1828 ι

428 1848 624 1874 ΚΕΦΑΛΑΙΟΝ
653 1849 723 1875 MH’.

339 1894 434 1921 Πόθεν
449 1893 620 1928 φωτίζονται
640 1895 666 1921 οἱ
679 1894 814 1928 ἀστέρες.

217 1949 227 1965 ι
243 1940 436 1975 Μητρόδωρος,
458 1940 581 1971 ἅπαντας
609 1940 671 1972 τοὺς
700 1940 829 1973 ἀπλανεῖς
852 1941 970 1976 ἀστέρας

179 1986 232 2013 ὑπὸ
246 1986 292 2012 τοῦ
310 1986 384 2021 ἡλίου
416 1985 652 2021 καταλάμπεσοαι.
684 1986 859 2022 Ἡράκλειτος
879 1988 925 2015 καὶ
946 1989 969 2014 οἱ

178 2033 304 2062 Στωῑκοὶ,
328 2031 475 2066 τρέφεσθαι
504 2032 567 2063 τοὺς
584 2031 702 2067 ἀστέρας
727 2033 759 2059 ὲκ
783 2033 831 2067 τῆς
849 2033 969 2068 ἐπιγείου

178 2079 397 2113 ἀναθυμιάσεως.
420 2078 616 2114 Ἀριστοτέλης,
632 2077 670 2113 μὴ
686 2078 788 2105 δεῖσθαι
807 2078 843 2105 τὰ
856 2079 969 2115 οὐράνια

177 2124 290 2159 τροφῆςο
307 2123 405 2159 οὐγὰρ
419 2122 537 2158 φθαρτὰ,
566 2123 624 2150 ἀλλ’
647 2123 730 2151 ἀΐδια.
758 2124 886 2157 Πλάτων,
913 2133 969 2151 κοι-

179 2170 232 2201 νῶς
247 2170 294 2196 τὸν
311 2170 412 2205 κόσμον
427 2169 487 2197 ὅλον
510 2170 557 2196 καὶ
573 2170 608 2196 τὰ
636 2170 723 2206 ἄστρα
737 2169 767 2202 ἐξ
781 2171 863 2198 αὑτοῦ
874 2172 969 2207 τρέφε-

179 2216 251 2243 σθαι.
266 2225 276 2242 ι

432 2263 629 2290 ΚΕΦΑΛΔῘΟΝ
652 2264 718 2291 ΜΘ.

292 2308 362 2343 Περὶ
376 2308 434 2335 ’τῶθ⁵
448 2309 641 2344 καλουμένων
650 2311 846 2344 Διοσκούρων.

217 2363 226 2380 ι
243 2354 408 2390 Ξενοφάνης,
429 2355 493 2386 τοὺς
510 2356 556 2382 ἐπὶ
583 2355 638 2382 τῶν
667 2355 767 2383 πλοίων
791 2358 968 2393 φαινομένους

177 2398 233 2427 οἷον
250 2401 366 2436 ἀστέρας
380 2401 490 2435 νεφέλια
515 2399 583 2427 εἶναι
599 2401 671 2428 κατὰ
692 2402 742 2437 τὴν
761 2402 841 2429 ποιὰν
861 2403 967 2438 κίνησιν

178 2446 408 2482 παραλάμποντα.
425 2447 619 2482 Μητρόδωρος,
642 2447 696 2474 τῶν
725 2448 848 2484 ὁρώντων
869 2449 967 2484 ὀφθαλ-

179 2491 238 2526 μῶν
263 2491 332 2527 μετὰ
356 2492 431 2524 δέους
461 2493 507 2519 καὶ
536 2493 731 2530 καταπλήξεως
763 2492 831 2521 εἶναι
860 2494 967 2531 στιλϐη-

177 2537 265 2569 δόνας.
279 2547 288 2563 ι

214 2643 277 2684 (6_5)_
292 2644 370 2684 'E£_w
539 2645 712 2684 Plutarchus.
726 2648 741 2674 ὃ
757 2648 786 2680 ἐξ
799 2645 837 2676 ὧν
855 2650 966 2684 γεγονὸς

176 2679 207 2706 τὸ
232 2679 284 2706 ὑπὸ
309 2680 355 2706 τοῦ
377 2680 457 2708 Θεοῦ.
480 2681 661 2709 Eusebiauam
686 2679 828 2711 lectionem
855 2679 965 2712 secutus

176 2714 283 2750 videtur
302 2715 455 2750 Xylandcr;
473 2717 554 2743 vertit
570 2718 643 2744 enim
654 2738 661 2750 ,
678 2717 753 2744 Idem
768 2720 838 2745 enim
862 2719 964 2746 alienus

176 2749 229 2811 {uit
249 2750 281 2776 ab
302 2749 334 2777 eti
350 2751 486 2785 opinione,
507 2759 566 2786 qua:
583 2752 637 2779 Deo
655 2749 818 2780 creationem
844 2755 963 2782 ascribit.

188 2790 270 2811 taaue
301 2786 481 2811 subintelligit
515 2787 541 2811 in
577 2787 678 2811 Grmcis
696 2808 703 2811 .
738 2788 887 2811 dnaan’wnu
919 2790 963 2811 τὴν

188 2790 270 2824 taque
301 2786 549 2824 subintelligitdu
577 2787 678 2824 Grzet'is
696 2808 703 2819 ,
738 2788 887 2824 ὑποστῆναι
919 2790 965 2816 τὸν

176 2819 288 2856 κρσμον,
302 2821 343 2847 vel
358 2819 459 2856 aliquid
480 2822 577 2849 simile.
603 2823 728 2850 Amiotus
755 2819 899 2851 Plutarcho
915 2833 964 2852 uo-

177 2854 282 2892 biscum
303 2855 390 2892 harsit,
403 2854 564 2889 Legeudum
583 2863 671 2884 tamen
689 2859 811 2889 videtur,
834 2859 872 2891 ὡς
885 2859 914 2892 ἐξ
926 2857 964 2886 ὧν

179 2890 290 2924 γεγονὸς
302 2891 331 2916 τὺ
345 2891 397 2918 ὑπὸ
408 2892 454 2918 τοῦ
465 2892 544 2924 Θεοῦ,
560 2893 601 2920 vel
618 2893 640 2920 si
654 2893 667 2920 ὃ
680 2899 705 2921 et
718 2893 754 2925 ὠς
768 2890 920 2928 sustuleris,
934 2894 964 2928 ἐξ

1018 284 1022 288 ”
1040 276 1170 310 ideasque
1195 275 1305 309 reliquit
1327 275 1372 302 ille
1393 275 1513 310 quidem,
1537 283 1590 302 non
1608 279 1697 303 tamen
1713 284 1728 303 a
1741 282 1827 310 mate—

1038 321 1080 347 ria
1097 324 1249 355 separatas.
1273 327 1388 354 quarum
1411 320 1444 347 ad
1459 321 1608 355 exemplar,
1621 321 1754 356 quidquid
1776 323 1827 350 abs

1038 365 1093 392 Deo
1108 364 1259 400 perfectum
1277 369 1330 396 est,
1348 365 1492 392 exstiterit.
1517 364 1634 393 Profecti
1650 366 1698 394 abs
1716 365 1827 395 Zenone

1038 410 1125 438 Stoici
1158 416 1268 439 nostras
1285 410 1408 445 ipsorum
1422 411 1547 438 notiones
1565 411 1638 439 ideas
1653 419 1714 440 esse
1732 413 1826 441 defen-

1036 456 1130 484 duuLt

1317 501 1432 529 CAPUT
1460 502 1552 529 XLVI.

1277 546 1315 574 De
1328 547 1466 575 stellarum
1482 550 1582 576 ordine.

1078 594 1262 622 «Xenocrates
1274 602 1321 629 per
1336 595 1458 621 camdem
1472 602 1567 623 omnes
1583 596 1753 631 superficiem
1764 604 1823 631 mo,-

1033 641 1089 669 veri
1103 641 1270 675 arbitratur;
1286 645 1314 668 at
1328 641 1425 676 reliqui
1443 640 1526 669 Stoici
1553 643 1658 677 priores
1671 644 1733 672 aliis
1743 645 1822 678 alias,

1033 693 1115 723 prout
1136 688 1247 715 altiores
1263 688 1314 715 illae
1325 688 1545 723 dcpressioresve
1557 689 1623 722 sint,
1640 692 1821 719 constituunt.

1031 734 1218 766 Democritus,
1241 734 1351 761 stabiles
1371 735 1462 768 priore
1482 734 1552 768 loco,
1568 736 1720 770 posteriore
1739 745 1822 772 vagas

1029 785 1209 815 errantesque
1223 781 1309 815 ponit,
1332 781 1433 816 quibus
1451 785 1479 807 et
1505 781 1589 808 solem
1612 786 1640 808 et
1664 781 1820 809 Luciferum

1029 830 1056 852 et
1080 825 1171 852 lunam
1197 831 1369 854 annumerat.
1393 825 1481 859 Plato,
1505 826 1550 854 ubi
1576 827 1687 855 stabiles
1718 829 1821 863 posuit,

1030 877 1087 899 tum
1116 877 1263 906 sequentes
1288 871 1341 899 hoc
1368 872 1464 899 ordine
1485 873 1615 900 collocat:
1632 873 1819 905 Pluenontem.

1029 926 1090 953 quae
1108 917 1220 945 Saturni
1241 918 1318 946 stella
1334 923 1396 952 est;
1426 918 1634 953 Phaethontem,
1647 928 1708 955 qua
1723 920 1819 955 Iovis;

1031 964 1177 1000 Pyroenta,
1205 972 1266 999 quae
1288 963 1584 998 Martis;Luciferum,
1611 974 1672 1001 quae
1690 967 1818 1000 Veneris;

1030 1009 1191 1043 Stilboucm,
1213 1017 1276 1045 quae
1294 1010 1419 1037 Mercurii
1434 1019 1440 1042 ;
1457 1011 1541 1038 solem
1558 1011 1631 1044 inde,
1659 1012 1820 1047 septimam-

1028 1064 1081 1092 que
1097 1057 1201 1083 lunam.
1237 1056 1277 1083 Ex
1302 1056 1502 1084 mathematicis
1532 1056 1672 1085 Platonem
1701 1059 1745 1086 alii
1778 1066 1821 1087 se-

1028 1108 1161 1137 quuntur,
1181 1102 1226 1130 alii
1243 1103 1330 1130 solem
1349 1103 1421 1130 inter
1437 1111 1532 1131 omnes
1556 1103 1676 1131 medium
1690 1112 1751 1132 esse
1769 1113 1819 1133 vo-

1028 1149 1097 1176 lunt.
1117 1149 1322 1176 Anaximander
1349 1154 1376 1176 et
1400 1148 1572 1177 Metrodorus
1595 1149 1690 1182 Chius,
1710 1154 1737 1177 et
1752 1150 1822 1177 Cra-

1027 1198 1068 1222 tes
1088 1193 1250 1221 altissimam
1271 1193 1394 1221 omnium
1422 1194 1473 1222 soli
1489 1195 1627 1230 regionem
1656 1195 1819 1229 attribuunt,

1026 1240 1107 1274 eique
1134 1240 1227 1267 lunam
1246 1240 1373 1274 proxime
1403 1240 1577 1275 subjiciunt;
1595 1240 1728 1276 reliquam
1748 1240 1820 1269 side-

1027 1293 1087 1312 rum
1104 1289 1158 1312 tam
1181 1285 1321 1313 stabilium
1351 1293 1433 1320 quam
1450 1286 1600 1314 errantium
1618 1287 1820 1315 multitudinem

1026 1335 1142 1367 utroque
1154 1331 1310 1360 inferiorem
1322 1332 1490 1360 existimant.
1506 1341 1516 1358 ι

1293 1388 1409 1417 CAPUT
1436 1389 1540 1418 XLVII.

1213 1437 1254 1463 De
1272 1436 1382 1471 proprio
1395 1435 1533 1462 stellarum
1547 1439 1630 1463 motu.

1024 1482 1106 1519 347
1115 1492 1125 1508 ‹
1138 1481 1326 1518 Anaxagoras,
1343 1481 1524 1513 Democritus,
1539 1481 1694 1514 Cleanthes,
1709 1482 1744 1510 ab
1754 1487 1816 1511 ortu

1025 1528 1052 1555 in
1066 1536 1194 1556 occasum
1211 1528 1304 1555 stellas
1328 1535 1424 1555 omnes
1440 1527 1551 1555 deferri.
1568 1527 1688 1555 Alcmaeo
1711 1533 1738 1556 et
1757 1536 1817 1556 ma-

1025 1574 1175 1607 thematici,
1192 1578 1317 1601 errantes
1338 1574 1491 1608 oppositam
1508 1573 1652 1601 stabilibus
1664 1574 1736 1602 viam
1750 1574 1816 1603 insi-

1022 1624 1103 1653 stere,
1117 1619 1169 1647 hoc
1178 1624 1230 1651 est,
1245 1619 1280 1646 ab
1293 1626 1393 1646 occasu
1409 1619 1436 1646 in
1451 1623 1541 1646 ortum
1555 1619 1684 1647 adversas
1701 1620 1813 1647 moveri.

1021 1665 1233 1699 Anaximander,
1241 1665 1275 1692 ab
1290 1665 1323 1692 iis
1335 1664 1446 1692 circulis
1457 1669 1483 1692 et
1495 1665 1617 1699 orbibus,
1629 1666 1662 1693 ad
1676 1673 1745 1701 quos
1759 1666 1816 1693 sin-

1021 1712 1091 1747 gulae
1110 1711 1313 1743 adbazrescunt,
1329 1710 1513 1739 circumferri.
1535 1710 1612 1739 Plato
1633 1720 1740 1747 unaque
1755 1719 1816 1739 ma-

1022 1757 1172 1791 thematici,
1191 1757 1313 1793 aequales
1327 1756 1405 1791 solis,
1420 1756 1547 1790 Veneris,
1560 1762 1586 1785 et
1601 1756 1727 1786 Mercurii
1747 1766 1814 1786 con-

1021 1803 1163 1832 versiones
1177 1812 1249 1832 esse.
1269 1814 1278 1830 ι

1288 1849 1406 1878 CAPUT
1422 1849 1537 1877 XLVIII.

1198 1895 1289 1924 Stella:
1302 1897 1372 1924 unde
1388 1896 1472 1924 lucem
1493 1897 1636 1931 accipiant.

1060 1950 1069 1967 ι
1085 1940 1266 1974 Metrodorus,
1279 1941 1327 1969 abs
1340 1941 1397 1969 sole
1410 1940 1525 1968 stabiles
1540 1949 1636 1968 omnes
1650 1940 1812 1968 illuminari.

1021 1986 1173 2015 Heraclitus
1194 1992 1221 2014 et
1246 1986 1348 2020 Stoici,
1366 1991 1489 2015 terrenas
1511 1987 1698 2014 exbalationes
1727 1986 1814 2014 stellis

1020 2035 1148 2062 omnibus
1163 2034 1294 2061 alimequ
1315 2042 1386 2062 esse.
1412 2033 1576 2061 Aristoteles
1592 2033 1669 2060 nullo
1687 2033 1814 2071 cmlcstes

1020 2085 1134 2109 naturas
1167 2080 1297 2108 alimento
1325 2080 1456 2115 indigere,
1487 2080 1561 2115 quod
1590 2080 1625 2107 ab
1650 2080 1725 2107 omni
1752 2086 1813 2107 cor-

1020 2126 1146 2160 ruptione
1163 2125 1255 2153 liberm
1265 2126 1320 2152 sint
1337 2129 1418 2160 atque
1434 2125 1617 2159 sempiternae.
1630 2124 1718 2158 Plato,
1730 2132 1811 2151 mun-

1019 2172 1085 2199 dum
1102 2171 1272 2204 universum,
1295 2179 1327 2199 ac
1342 2171 1435 2199 stellas
1449 2178 1556 2203 omnes,
1571 2178 1716 2198 commune
1725 2170 1811 2206 quod-

1021 2218 1084 2245 dam
1097 2226 1129 2246 ex
1150 2218 1196 2245 illo
1213 2218 1273 2253 ipso
1287 2218 1448 2245 alimentum
1466 2217 1587 2245 haurire.
1604 2227 1614 2243 ι

1299 2263 1414 2291 CAPUT
1437 2263 1531 2291 XLIX.

1018 2310 1057 2338 De
1082 2311 1127 2344 iis,
1149 2319 1213 2345 quos
1239 2312 1315 2346 vulgo
1340 2310 1463 2337 Castores
1485 2319 1517 2337 ac
1543 2309 1664 2337 Geminos
1685 2308 1808 2335 dicimus.

1056 2366 1065 2382 ι
1084 2356 1280 2391 Xenophanes.
1298 2364 1368 2391 quas
1382 2347 1463 2391 vulgo
1480 2356 1573 2384 stellas
1590 2354 1705 2383 summis
1721 2354 1810 2382 immi—

1018 2410 1082 2430 nere
1107 2403 1223 2431 navibus
1240 2402 1420 2436 arbitrantur,
1442 2402 1592 2430 nubeculas
1615 2408 1676 2429 esse
1701 2401 1810 2436 proprio

1017 2448 1135 2483 quodam
1163 2452 1292 2483 certoque
1317 2453 1393 2476 motu
1423 2448 1599 2484 refulgentes.
1627 2447 1808 2479 Metrodorus,

1017 2494 1150 2530 fulgorem
1168 2495 1313 2530 quemdam
1331 2503 1365 2523 ex
1382 2494 1470 2522 oculis
1484 2502 1546 2522 cum
1575 2498 1651 2522 motu
1665 2501 1698 2521 ac
1712 2492 1804 2520 tormi-

1017 2541 1081 2568 dine
1099 2542 1312 2576 suspicientibus
1325 2543 1533 2577 promicantem.
1551 2550 1560 2567 ι

1017 2650 1054 2680 ὢν
1069 2654 1210 2688 γεγονέναι
1223 2653 1254 2680 τὸ
1269 2654 1322 2680 ὑπὸ
1336 2654 1382 2681 τοῦ
1397 2654 1474 2681 Θεοῦ.
1496 2653 1609 2681 Etiamsi
1625 2652 1699 2680 enim
1716 2651 1808 2679 Plato-

1017 2688 1103 2719 nicas.
1120 2689 1172 2715 hoc
1188 2693 1229 2716 est
1245 2697 1306 2723 quae
1325 2689 1429 2717 Platoni
1445 2690 1527 2724 vulgo
1544 2689 1713 2719 tribuuntur,
1729 2687 1807 2715 ideas

1017 2723 1176 2751 Aristoteles
1200 2724 1356 2758 exploderet
1370 2745 1377 2756 ,
1405 2725 1432 2751 in
1453 2723 1588 2751 eﬂ'éctriee
1612 2728 1703 2750 tamen
1725 2730 1808 2750 causa

1017 2758 1191 2786 informatam
1207 2759 1353 2787 eﬂicieuda:
1369 2760 1407 2786 rei
1423 2760 1562 2787 notionem
1580 2764 1607 2786 et
1622 2759 1709 2786 ideam
1722 2766 1807 2793 agno-

1017 2794 1119 2821 scebat.
1137 2794 1208 2827 Quid
1224 2795 1296 2829 quod
1310 2803 1344 2821 ne
1367 2796 1533 2822 creationem
1548 2795 1659 2829 quidem
1672 2796 1757 2829 ipsam
1773 2801 1808 2821 au

1016 2836 1049 2856 eo
1064 2829 1216 2864 iguoratam
1231 2837 1292 2857 esse
1307 2830 1428 2864 plerique
1444 2829 1613 2858 delendum?

1052 2863 1107 2899 (66)
1127 2863 1320 2898 Ξενοκράτηςῖ.
1341 2865 1505 2893 Plutarchus
1520 2865 1598 2900 ibid.,
1615 2866 1662 2895 lib.
1676 2875 1706 2900 ιι,
1718 2874 1744 2895 c.
1763 2866 1805 2894 15,

363 3208 441 3225 Χ,
712 3208 716 3209 ν
1449 3213 1454 3215 _
1575 3212 1581 3213 ,
1607 3212 1636 3215 ν
1671 3211 1694 3215 _
1776 3214 1780 3232 Ι
1972 3208 2000 3234 L.|_

398 3244 423 3265 ﬂ
1772 3238 1776 3256 ¹
1888 3236 1976 3276 ἔζη-Γ

682 3278 736 3306 ..Α
1770 3300 1772 3316 Ι

1754 3380 1760 3404 ’1
1880 3368 1894 3416 iJ.
1912 3405 1942 3416 ..—_

1748 3416 1752 3444 ε
1936 3428 1942 3434 .

1740 3446 1748 3488 lJ
1936 3448 1950 3488 Γ]

1732 3492 1740 3520 tl
1928 3500 1940 3514 'r

1728 3532 1732 3600 ι

1728 3620 1732 3640 1
1864 3598 1890 3640 ’ῗιι
