4136 6392
447 390 585 447 ltiti-5

1075 508 1308 564 CAPUT
1363 510 1425 565 L.

957 601 1034 655 De
1063 603 1191 655 solis
1218 604 1526 672 defectione.

522 715 540 746 ι
582 693 779 749 Thales
823 695 1069 747 omnium
1122 697 1333 762 primus
1381 694 1570 750 docuit
1612 696 1747 750 solis
1802 706 1916 750 tum
1941 697 2034 750 de-

447 785 742 842 fectionem
796 786 1064 847 accidere,
1097 802 1220 840 cum
1283 789 1432 847 luna,
1470 802 1590 856 qua:
1633 787 1906 842 terrestris
1941 803 2036 842 cu-

443 881 663 951 jusdam
703 891 911 935 naturae
957 881 1048 942 sit,
1086 881 1188 934 sub
1219 895 1344 933 eum
1377 880 1442 933 ad
1473 880 1918 949 perpendiculum
1945 895 2031 935 re-

447 982 644 1043 ctaque
708 973 858 1029 subit
908 992 920 1027 :
969 983 1134 1044 atque
1188 974 1293 1027 hoc
1351 973 1404 1026 in
1462 973 1704 1039 subjecta
1761 973 1922 1042 pelvi,
1958 972 2038 1027 sic

449 1069 706 1130 tanquam
743 1061 796 1115 in
830 1062 1075 1132 specnlo,
1105 1062 1392 1117 manifeste
1441 1063 1797 1132 deprehendi.
1831 1063 2038 1117 Anaxi-

449 1153 700 1219 mander,
725 1156 915 1210 osculo
941 1155 1055 1221 illo,
1080 1171 1176 1225 per
1199 1156 1342 1224 quod
1369 1156 1576 1226 expiret
1608 1155 1768 1224 ignis,
1794 1155 2034 1210 occluso.

451 1241 780 1308 Heraclitus,
812 1262 930 1300 eam
977 1247 1226 1316 corporis
1272 1247 1417 1300 illius
1467 1246 1686 1315 scaphae
1743 1245 2038 1315 persimilis

451 1338 811 1393 conversione
863 1338 1003 1404 fieri,
1037 1354 1160 1392 cum
1202 1353 1326 1407 pars
1360 1338 1479 1407 ejus
1529 1353 1766 1392 concava
1795 1353 2037 1403 sursum,

451 1430 677 1485 incurva
721 1440 775 1486 et
802 1431 1024 1500 globosa
1064 1431 1319 1485 deorsum
1353 1432 1527 1484 oculis
1554 1431 1757 1485 nostris
1803 1431 2037 1485 obverti-

451 1529 561 1574 tur.
609 1520 1000 1591 Xenophanes,
1034 1522 1166 1576 solis
1199 1521 1372 1590 ipsius
1395 1520 1785 1585 exstinctione,
1811 1522 1890 1576 sic
1917 1523 2043 1590 qui-

450 1614 574 1669 dem
609 1624 670 1669 ut
699 1615 840 1670 alius
877 1617 1109 1670 subinde
1157 1631 1349 1671 versus
1397 1615 1662 1670 orientem
1700 1624 2042 1670 renascatur.

449 1707 626 1778 848
673 1706 936 1778 Idemque
989 1695 1247 1778 praeterea
1307 1708 1519 1771 scribit,
1573 1707 1707 1762 solis
1754 1707 2046 1777 aliquando

451 1799 810 1854 defectionem
839 1816 1025 1855 mense
1071 1800 1286 1871 integro
1309 1800 1621 1870 persistere,
1648 1799 1886 1869 itemque
1912 1799 2047 1853 alias

452 1893 672 1964 plenam
721 1909 785 1948 ae
837 1893 1133 1964 perfectam
1167 1895 1436 1958 accidere,
1465 1911 1695 1964 prorsus
1730 1903 1790 1949 ut
1833 1893 1950 1948 dies
1991 1893 2042 1946 in
2082 1880 2119 1933 Β

455 1995 669 2040 noctem
722 1994 930 2038 mutata
968 1985 1238 2040 videatur.
1286 1985 1405 2040 Non
1454 1987 1672 2052 desunt,
1727 1986 1819 2055 qui
1872 1985 2046 2040 nubes

453 2077 721 2147 quasdam
761 2085 1043 2146 aspectum
1072 2077 1344 2146 fugientes
1376 2077 1507 2132 solis
1539 2078 1755 2146 corpori
1790 2093 1909 2132 sese
1950 2077 2047 2130 ob-

448 2171 620 2240 ]icere
659 2171 994 2240 putaverint.
1038 2170 1422 2233 Aristarchus,
1471 2170 1642 2224 solem
1685 2169 1961 2224 stabilium
1992 2169 2045 2222 in

455 2263 696 2319 siderum
740 2261 916 2317 classe
963 2263 1331 2326 constituens,
1369 2261 1555 2314 lunam
1604 2262 1752 2316 circa
1805 2260 1938 2314 solis
1966 2276 2050 2313 or-

457 2355 580 2410 bem
611 2355 816 2408 moveri
857 2355 995 2421 vult,
1033 2363 1197 2424 atque
1226 2355 1299 2408 ita
1329 2355 1494 2408 certis
1523 2353 1852 2423 quibusdam
1888 2353 2047 2407 incli-

455 2446 796 2510 nationibus,
831 2446 950 2515 ejus
988 2447 1205 2517 corpori
1237 2446 1488 2500 umbram
1536 2444 1834 2500 effundere.
1869 2444 2051 2498 Xeno-

457 2540 663 2608 phanes
688 2539 892 2595 multos
921 2549 1184 2610 prreterea
1211 2539 1376 2605 soles,
1410 2539 1720 2608 multasque
1755 2538 1933 2603 lunas,
1953 2553 2051 2606 pro

456 2637 614 2684 terra:
636 2629 1283 2697 climatum,scctionum,
1304 2640 1466 2700 atque
1497 2645 1759 2683 zonarum
1788 2629 2052 2682 varietate

457 2723 612 2790 ponit
643 2738 656 2775 :
691 2722 825 2777 solis
853 2737 983 2794 ergo
1012 2739 1236 2792 corpus,
1272 2734 1420 2777 certo
1453 2722 1692 2792 quodam
1731 2729 1972 2790 tempore
1994 2725 2048 2774 In

1125 390 1398 447 EUSEBII
1439 391 1922 447 CAESARIENSIS
1962 390 2112 446 OPP.
2158 391 2339 446 PARS
2375 391 2436 446 ll.
2477 422 2543 432 —-
2583 387 3087 446 APOLOGETICA.

2074 516 2122 572 A

3593 384 3737 442 1596

2682 503 3075 558 ΚΕΦΑΛΑΙΟΝ
3117 503 3200 556 N'.

2566 598 2703 666 Περὶ
2735 597 3064 664 ἐκλείψεως
3092 595 3291 663 ἡλίου.

2226 713 2243 744 ‹
2285 694 2466 764 Θαλῆς
2495 691 2604 761 (67)
2632 689 2848 761 πρῶτος
2875 689 2977 760 ἔφη
3009 687 3283 742 ἐκλείπειν
3309 686 3400 738 τὸν
3433 683 3607 756 ἥλιον,
3635 685 3737 755 τῆς

2140 788 2367 858 σελήνης
2396 785 2558 838 αὑτὸν
2589 781 2974 854 ὑπερχομένης
3001 780 3142 834 κατά
3178 778 3426 840 κάθετον,
3452 776 3616 848 οῦσ-ης
3638 777 3736 846 φύ-

2141 897 2220 933 σει
2244 878 2496 948 γεώδους·
2529 875 2824 946 βλέπεσθαι
2851 873 2906 926 δὲ
2939 873 3098 925 τοῦτο
3129 870 3513 943 κατοπτρικῶς
3541 871 3735 924 umet.

2141 973 2353 1044 θεμένῳ
2375 969 2454 1041 τῷ
2502 969 2672 1038 δίσκῳ
2718 966 2848 1037 (68).
2894 965 3334 1036 Ἀναξίμανδρος,
3380 964 3474 1018 τοῦ
3510 964 3732 1035 στομίου

2139 1066 2233 1119 τοῦ
2268 1063 2438 1134 πυρὸς
2459 1063 2525 1115 δι’
2561 1059 2799 1129 ἐκπνοῆς
2834 1058 2943 1132 (69)
2975 1058 3422 1128 ἀποκλειομένου.
3453 1057 3737 1128 Ἡράκλει-

2141 1175 2250 1221 τος,
2293 1156 2434 1210 κατά
2459 1153 2556 1226 τὴν
2581 1153 2673 1206 τοῦ
2708 1150 3062 1222 σκαφοειδοῦς
3087 1149 3346 1222 στροφὴν,
3369 1149 3509 1202 ὥστε
3540 1149 3600 1201 τὸ
3633 1151 3733 1219 μὲν

2143 1250 2321 1302 κοῖλον
2351 1250 2461 1303 ἄνω
2496 1247 2763 1316 γίνεσθαι,
2793 1245 2853 1298 τὸ
2907 1244 2964 1297 δὲ
3008 1244 3204 1313 κυρτὸν
3253 1244 3403 1296 κάτω
3441 1241 3578 1314 πρὸς
3634 1241 3734 1312 τὴν

2145 1342 2423 1413 ἡμετέραν
2453 1339 2596 1409 item.
2644 1336 2954 1408 Ξενοφάνης
3001 1335 3142 1389 κατά
3204 1335 3405 1388 σϐέσιν·
3462 1335 3647 1404 ἕτερον
3673 1333 3734 1388 δὲ

2145 1435 2308 1488 πάλιν
2341 1433 2452 1504 (70)
2482 1432 2619 1505 πρὸς
2646 1432 2767 1494 ταῖς
2805 1427 3094 1492 ἀνατολαῖς
3127 1426 3430 1497 γίγνεσθαι.
3463 1425 3734 1500 Παριστόο

2151 1542 2284 1598 ρηκε
2313 1525 2369 1578 δὲ
2414 1525 2509 1578 καὶ
2539 1521 2778 1592 ἔκλειψιν
2827 1522 2978 1593 ἡλίου
3015 1523 3100 1590 ἐφ’
3131 1521 3251 1574 ὅλον
3278 1521 3371 1574 τὸν
3433 1522 3596 1592 μῆνα,
3641 1521 3738 1573 κα)⁸

2150 1619 2312 1673 πάλιν
2343 1617 2588 1686 ἔκλειψιν
2624 1615 2834 1687 ἐντελῆ,
2867 1615 3009 1668 ὥστε
3035 1615 3134 1685 τὴν
3180 1615 3396 1685 ἡμέραν
3434 1614 3602 1667 νύκτα
3633 1630 3738 1682 φα-

2149 1713 2326 1783 νῆναι.
2368 1712 2561 1774 Ἔνιοι,
2623 1709 2893 1780 πύκνωμα
2923 1708 3031 1761 τῶν
3059 1708 3308 1778 ἀοράτων
3328 1707 3738 1778 ἐπερχομένων

2150 1803 2228 1875 τῷ
2249 1805 2415 1874 δίσκῳ
2441 1803 2639 1873 νεφῶν.
2679 1802 3036 1873 Ἀρίσταρχος
3082 1801 3171 1854 τὸν
3209 1800 3360 1870 ἥλιον
3389 1801 3571 1870 ἵστησι
3597 1800 3737 1869 μετά

2150 1897 2258 1951 τῶν
2291 1896 2568 1959 ἀπλανῶν,
2607 1896 2706 1968 τὴν
2760 1895 2817 1948 δὲ
2849 1893 3078 1965 σελήνην
3146 1893 3254 1964 (71)
3292 1895 3432 1945 κινεῖ
3475 1892 3602 1962 περὶ
3644 1891 3739 1943 τὸν

2150 1988 2372 2058 ἡλιακὸν
2423 1987 2644 2052 κύκλον,
2703 1988 2797 2040 καὶ⁸
2855 1988 2998 2040 κατά
3066 1985 3268 2048 ταύτας
3316 1985 3416 2048 τὰς
3463 1984 3740 2053 ἐγκλίσεις

2152 2079 2469 2143 σκιάζεσθαι
2491 2079 2582 2131 τὸν
2611 2079 2814 2132 δίσκον.
2841 2077 3152 2149 Ξενοφάνης
3197 2077 3424 2140 πολλοὺς
3445 2077 3629 2147 ἡλίους
3661 2072 3745 2129 εἶ-

2151 2187 2258 2234 ναι,
2296 2170 2390 2224 καὶ
2415 2170 2640 2241 σελήνας
2668 2171 2810 2223 κατά
2862 2169 3098 2242 κλίματα
3132 2170 3257 2241 γῆς,
3296 2171 3388 2223 καὶ
3435 2171 3742 2240 ἀποτομὰς,

2152 2264 2244 2315 κα)⁴
2274 2261 2470 2326 ζώνας
2499 2264 2640 2317 κατά
2665 2280 2786 2316 τινα
2812 2263 2872 2316 δὲ
2895 2264 3083 2334 καιρὸν
3115 2264 3411 2334 ἐμπίπτειν
3439 2263 3528 2316 τὸν
3556 2263 3744 2317 δίσκον

2149 2356 2228 2420 είς
2289 2373 2412 2410 τινα
2457 2355 2738 2426 ἀποτομὴν
2779 2355 2880 2426 τῆς
2941 2356 3074 2425 γῆς,
3125 2356 3224 2407 οὐκ
3274 2355 3600 2424 οἰκουμένην
3649 2355 3742 2424 ὑφ’

2150 2447 2330 2518 ἡμῶν,
2391 2448 2485 2501 καὶ
2535 2446 2709 2507 οῦτως
2762 2445 2952 2518 ὥσπερ
3014 2444 3453 2516 κενεμϐατοῦντα
3499 2445 3743 2514 ἔκλειψιν

2150 2539 2461 2610 ὑπομένειν.
2507 2540 2564 2592 '0
2619 2539 2664 2592 δ’
2695 2539 2855 2603 αὐτὸς
2901 2539 2994 2592 τὸν
3043 2539 3195 2608 ἥλιον
3235 2539 3330 2608 μὲν
3385 2541 3465 2601 είς
3513 2539 3744 2609 ἄπειρον

2151 2632 2399 2702 προϊέναι
2502 2630 2678 2685 δοκεῖν
2751 2631 2810 2685 δὲ
2883 2631 3199 2685 κυκλεῖσθαι
3273 2630 3363 2684 διὰ
3407 2623 3526 2682 ’τὴν
3599 2632 3744 2684 ἁπό-

2154 2740 2398 2778 στασιν,›

457 2814 696 2885 aliquam
728 2825 888 2872 terrae
944 2819 1281 2886 portionem,
1308 2833 1430 2887 quae
1484 2833 1512 2872 a
1545 2817 1704 2872 nobis
1738 2815 1964 2870 minime
2029 2815 2434 2888 frequentetur,
2471 2821 2731 2887 incidere,
2782 2821 3028 2891 adeoque
3073 2820 3154 2875 sic
3190 2828 3450 2888 tanquam
3521 2834 3613 2888 per
3647 2834 3745 2872 va-

458 2927 621 2966 cuum
665 2913 872 2984 aliquid
905 2926 959 2969 et
1000 2915 1163 2970 inane
1211 2915 1773 2984 delatum,ejusmodi
1799 2911 2159 2970 defectionem
2188 2915 2393 2971 subire.
2428 2915 2573 2972 Idem
2635 2931 2820 2986 porro,
2871 2915 3041 2970 solem
3068 2914 3338 2968 infinitum
3391 2915 3445 2966 in
3505 2912 3742 2982 spatium

459 3007 689 3063 ulterius
733 3024 948 3078 semper
999 3010 1339 3081 ulteriusque
1381 3011 1694 3081 procedere,
1723 3009 1818 3080 qui
1868 3019 2050 3065 tamen
2093 3011 2165 3065 ob
2199 3012 2424 3068 nimiam
2478 3012 2749 3068 intervalli
2777 3011 3094 3067 distantiam
3131 3012 3186 3064 in
3226 3010 3411 3065 orbem
3445 3009 3529 3080 agi
3583 3008 3744 3064 nobis

458 3101 717 3174 volvique
762 3101 1037 3157 videatur.
1076 3122 1095 3154 ι

1083 3191 1314 3250 CAPUT
1348 3193 1433 3249 LI.

976 3285 1049 3340 De
1077 3285 1218 3341 lunae
1245 3287 1537 3356 defectione

537 3398 557 3432 ι
585 3378 1012 3444 Anaximander,
1045 3379 1304 3434 obturato
1335 3389 1471 3434 rotae
1503 3381 1714 3436 osculo.
1754 3382 2052 3450 Berossus,

461 3479 614 3540 parte
645 3469 835 3533 altera,
867 3484 989 3539 quae
1015 3469 1140 3540 igne
1167 3477 1374 3534 careat,
1401 3470 1565 3526 nobis
1597 3471 1846 3527 obversa.
1886 3472 2056 3528 Hera.

461 3562 644 3629 clitus,
697 3561 937 3616 incurvae
985 3561 1158 3630 partis
1190 3560 1517 3631 scaphzrque
1569 3563 1767 3619 similis
1824 3580 2052 3621 conver-

462 3655 638 3714 sione.
675 3653 753 3709 Ex
778 3653 1137 3727 Pythagoreis
1197 3655 1449 3708 nonnulli
1486 3657 1629 3712 hanc
1678 3657 1818 3713 lucis
1851 3659 1934 3713 vel
1972 3676 2056 3714 re-

458 3748 754 3818 jectionem
799 3747 1099 3817 quamdam
1150 3749 1236 3802 vel
1267 3749 1641 3804 exclusionem
1675 3766 1796 3806 esse
1841 3761 2053 3822 putant,

463 3855 631 3912 quam
681 3848 825 3894 terra
869 3839 952 3893 vel
995 3850 1179 3895 nostra
1222 3842 1303 3895 vel
1331 3842 1580 3911 opposita
1622 3842 1839 3898 elliciat.
1867 3844 1936 3899 At
1970 3862 2056 3900 re-

465 3933 756 3996 centiores,
784 3940 954 3986 totum
988 3931 1042 3986 id
1075 3933 1193 3989 fieri
1230 3949 1331 4005 pro
1383 3945 1531 3990 certa
1561 3937 1797 4005 quadam
1827 3936 2057 3992 ﬂammae

465 4021 612 4077 illius
635 4021 1151 4087 counnunicatione,
1171 4041 1293 4094 qua:
1321 4027 1396 4080 uti
1421 4027 1679 4096 paulatim
1703 4029 2057 4096 ordinateque

467 4115 838 4180 succenditur,
863 4115 1042 4170 donec
1087 4117 1359 4188 integrum
1415 4118 1775 4188 plenilunium
1829 4121 2056 4189 efﬁciat;

467 4207 544 4263 ita
601 4207 847 4264 vicissim
895 4225 1022 4265 cum
1091 4211 1275 4280 aliqua
1328 4211 1683 4281 proportione
1755 4213 2056 4281 minuatur,

466 4317 644 4372 usque
676 4302 741 4356 ad
762 4303 883 4373 ejus
905 4320 1032 4359 cum
1058 4304 1172 4359 sole
1205 4319 1585 4376 congressum,
1610 4305 1664 4358 in
1696 4322 1805 4376 quo
1838 4308 2055 4362 demum

467 4395 686 4466 penitus
725 4398 1114 4468 exstinguitur.
1148 4397 1325 4463 Plato,
1377 4399 1723 4463 Aristoteles,
1781 4407 1834 4453 et
1890 4400 2056 4454 Stoici

468 4504 582 4547 uno
627 4505 898 4546 consensu
944 4491 1322 4561 pronuntiant,
1355 4500 1668 4546 menstruas
1725 4491 1944 4560 quidem
1985 4493 2061 4545 la-

2671 3186 3069 3239 ΚΕΦΑΛΑΙΟΝ
3113 3185 3239 3239 NA'.

2551 3279 2691 3348 Περὶ
2725 3279 3056 3347 ἐκλείψεως
3081 3279 3374 3346 σελήνης.

2233 3395 2252 3428 ‹
2296 3372 2716 3443 Ἀναξίμανδρος
2745 3371 2878 3442 (72),
2913 3370 3004 3424 τοῦ
3061 3371 3280 3442 στομίου
3329 3371 3423 3425 τοῦ
3470 3371 3599 3444 περ).
3653 3371 3745 3424 τὸν

2155 3469 2347 3542 τροχὸν
2386 3465 2877 3536 ἐπιφραττομένου.
2938 3464 3253 3536 Βηρωσσὸς,
3289 3463 3429 3517 κατὰ
3463 3462 3561 3534 τὴν
3609 3461 3747 3532 πρὸς

2157 3563 2303 3633 ἡμᾶς
2335 3559 2671 3632 ἐπιστροφὴν
2690 3558 2784 3609 τοῦ
2814 3555 3104 3627 ἀπυρώτου
3136 3555 3355 3627 μέρους.
3373 3554 3743 3627 Ἡράκλειτος,

2157 3654 2298 3708 κατὰ
2319 3653 2418 3724 τὴν
2438 3651 2533 3706 τοῦ
2552 3646 2900 3720 σκαφοειδοῦς
2919 3648 3178 3720 στροφήν.
3198 3647 3318 3700 Τῶν
3361 3645 3747 3716 Πυθαγορείων

2156 3750 2319 3812 τινὲς,
2349 3745 2674 3814 ἀνταύγειαν
2706 3744 2800 3796 καὶ
2833 3727 3122 3813 ὲπίφραξὶν
3157 3740 3256 3811 τῆς
3289 3739 3414 3809 γῆς,
3457 3739 3491 3812 ἡ
3521 3739 3619 3808 τῆς
3653 3739 3749 3790 ἀν-

2157 3841 2420 3912 τίχθονος.
2450 3839 2517 3894 Ol
2563 3839 2620 3891 δέ
2675 3835 2954 3908 νεώτεροι,
2995 3837 3114 3888 κατ’
3171 3833 3496 3904 ἐπινέμησιν
3550 3831 3747 3900 φλογὸς

2159 3934 2301 3986 κατά
2341 3931 2534 4004 μικρὸν
2567 3929 2941 4000 ἐξαπτομένης
2963 3926 3334 3997 τεταγμένως.
3391 3925 3497 3988 ἕως
3525 3923 3591 3978 ἂν
3647 3925 3749 3992 τὴν

2157 4025 2370 4079 τελείαν
2412 4023 2746 4093 πανσέληνον
2770 4020 2974 4092 ἀποδῷ,
3007 4022 3101 4074 καὶ
3125 4019 3292 4097 ,πάλιν
3327 4018 3606 4085 ἀναλόγως
3632 4034 3751 4086 μειο

2160 4119 2397 4191 ουμένης
2428 4117 2588 4188 μέχρι
2608 4116 2706 4185 τῆς
2731 4114 2972 4180 συνόδου,
3015 4113 3136 4166 καθ’
3162 4112 3230 4182 ἣν
3288 4109 3487 4174 τελέως
3521 4111 3748 4163 σϐέννυε-

2161 4229 2270 4266 ται.
2303 4209 2549 4270 Πλάτων,
2596 4207 2989 4280 Ἀριστοτέλης,
3040 4206 3090 4258 οἱ
3120 4203 3348 4258 Στωϊκοὶ
3397 4203 3748 4274 συμφωνοῦσι

2160 4304 2260 4366 τὰς
2290 4303 2386 4373 μὲν
2419 4300 2698 4372 μηνιαίους
2741 4299 3099 4371 ἀποκρύψεις,
3158 4296 3546 4350 συνοδεύουσαν
3579 4297 3748 4367 αὐτὴν

2161 4395 2316 4467 ἡλίῳ,
2383 4395 2478 4448 καὶ
2531 4392 3159 4464 συμπεριλαμπομένην,
3223 4389 3512 4456 ποιεῖσθαι,
3548 4390 3648 4449 τάς
3693 4388 3748 4440 δὲ

2163 4487 2453 4557 ἐκλείψεις,
2487 4488 2567 4550 είς
2593 4485 2653 4538 τὸ
2688 4485 2934 4555 σκίασμα
2961 4484 3058 4555 τῆς
3086 4482 3190 4553 γῆς
3221 4481 3622 4552 ἐμπίπτουσαν,
3657 4497 3751 4550 με-

468 4580 616 4638 tendi
664 4582 811 4637 vices
835 4597 900 4636 ex
931 4598 997 4638 eo
1038 4582 1182 4636 lu’nm
1227 4583 1568 4652 contingere,
1606 4582 1751 4653 quod
1783 4583 1896 4652 ipsa
1929 4599 2051 4637 cum

2166 4582 2296 4647 ταξὺ
2325 4581 2652 4654 ἀμφοτέρων
2679 4578 2786 4633 τῶν
2807 4577 3050 4648 ἀστέρων
3082 4573 3394 4644 γινομένης,
3443 4572 3642 4645 μᾶλλον
3669 4571 3747 4636 δὲ,

470 4673 586 4730 sole
610 4674 989 4744 congrediens,
1015 4673 1313 4728 immodico
1347 4673 1596 4743 ejusdem
1627 4674 1834 4729 lumine
1858 4675 2059 4729 obrua-

2168 4675 2266 4746 τῆς
2299 4673 2528 4745 σελήνης
2558 4669 3080 4743 ἀντιφραττομένης.
3109 4688 3127 4720 ι

470 4779 605 4824 tur:
636 4769 963 4826 defectiones
989 4785 1141 4836 vero,
1177 4785 1272 4824 seu
1296 4770 1439 4840 quod
1477 4770 1529 4824 in
1577 4779 1755 4836 teme,
1799 4770 2084 4840 utriusque
2123 4769 2319 4825 sideris
2367 4769 2421 4823 in
2467 4768 2645 4822 medio
2703 4767 3030 4828 constitutae,
3095 4765 3344 4818 umbram
3390 4762 3613 4827 incidat,
3651 4776 3749 4817 seu

472 4867 655 4929 verius
709 4867 852 4938 quod
910 4868 1103 4930 lumini
1162 4867 1265 4922 hoc
1306 4867 1462 4922 obice
1497 4869 1562 4921 ad
1595 4867 1781 4922 lunam
1807 4882 2063 4921 accessus
2105 4867 2446 4920 obstruatur.
2495 4885 2514 4917 ι

1087 4959 1320 5015 CAPUT
1351 4959 1462 5014 Lll.

473 5105 552 5163 De
595 5104 737 5157 (unm
777 5111 990 5170 aspectu
1023 5110 1071 5154 et
1097 5099 1436 5170 quamobrem
1481 5099 1742 5152 terrestris
1787 5107 2062 5167 appareat.

551 5236 571 5270 ι
606 5216 955 5289 Pythagorei,
1006 5223 1317 5269 terrestrem
1361 5212 1485 5267 ideo
1537 5211 1724 5264 lunam
1779 5225 2064 5280 apparere,

549 5330 663 5401 (67)
705 5329 936 5398 Θαλῆς.
966 5328 1128 5401 lbid.,
1159 5324 1584 5401 lib._l_t,cap._?4:

548 5393 660 5475 (68)
695 5393 1454 5475 ’Υποτίθεμέιςῳᾼτῷιδίοςκῳζ
1488 5393 1786 5475 Χγίοηάει)
1817 5393 1972 5465 idque
2004 5397 2054 5475 ir.

477 5464 702 5544 speculis
737 5472 909 5535 cerui,
945 5464 1134 5544 subjici
1166 5467 1266 5526 soli
1293 5468 1497 5544 discum
1541 5464 1701 5544 luere.
1739 5464 1941 5544 Coacta
1976 5466 2061 5544 ni:

478 5536 586 5599 mis
626 5542 1000 5612 interpretatio
1025 5536 1048 5604 ,⁷
1086 5554 1362 5609 quamque
1400 5537 1680 5592 Plutarchi
1728 5536 1894 5594 verba
1947 5537 2057 5607 pati

480 5628 590 5668 non
618 5613 851 5680 possint.

709 5682 866 5766 [forte
903 5680 1216 5766 διεκπνοῆς-α.

577 5753 668 5820 70)
709 5753 956 5821 Ἕτερον
992 5752 1059 5805 δὲ
1087 5746 1292 5804 πάλιν.
1332 5749 1582 5807 Amiotus
1609 5748 1675 5802 de
1707 5765 1816 5804 uno
1842 5746 2062 5801 eodem-

521 5839 591 5880 ue
632 5823 779 5890 sole,
811 5825 902 5892 qui
953 5824 1120 5876 semel
1149 5823 1451 5878 exstinctus
1505 5823 1684 5875 denuo
1719 5827 2059 5874 renascatur.

483 5840 553 5957 Ἅι
581 5894 744 5957 paulo
777 5904 897 5957 post
927 5894 1127 5949 diserte
1156 5890 1481 5951 Plutarchus
1511 5891 1703 5957 habet,
1751 5890 1934 5957 plures
1957 5887 2059 5944 Xe-

534 5904 553 5949 t
581 5894 744 5967 paulo
766 5887 897 5964 post
927 5894 1127 5949 diserte
1156 5890 1481 5951 Plutarchus
1511 5891 1703 5960 habet,
1751 5890 1934 5964 plures
1957 5887 2062 5944 Xe-

2683 4953 3077 5008 ΚΕΦΑΛΑῙΟΝ
3110 4953 3235 5005 NB’.

2172 5049 2314 5117 Περὶ
2345 5049 2658 5119 ἐμφάσεως
2696 5045 2920 5111 αὐτῆς,
2958 5045 3054 5098 καὶ
3095 5043 3193 5098 διὰ
3242 5045 3300 5096 τί
3355 5042 3577 5113 γεώδης
3615 5045 3750 5113 gal-

2855 5133 2924 5169 νε
2929 5132 3040 5169 ται.

2249 5234 2267 5264 ‹
2310 5215 2372 5267 Οἱ
2397 5212 2780 5283 Πυθαγορειοι,
2815 5209 2988 5281 γεώδη
3043 5207 3331 5276 φαίνεσθαι
3363 5207 3460 5278 τὴν
3494 5207 3744 5278 σελήνην,

2174 5328 2504 5397 nophanem.
2540 5335 2650 5397 tum
2681 5326 2846 5397 so_les,
2876 5331 2987 5397 tum
3020 5323 3180 5397 lunas
3207 5321 3477 5397 posuisse.

2245 5392 2356 5467 (71)
2396 5396 2691 5462 Σελήνην.
2712 5394 3096 5467 Plutarchus,
3131 5393 3234 5467 τὴν
3282 5392 3415 5467 γῆν,
3470 5393 3613 5460 quod
3661 5407 3748 5467 εστ

2166 5463 2355 5539 quitur
2397 5469 2666 5521 Amiotus.
2712 5465 2985 5538 Xylander
3024 5463 3253 5536 σελήνην
3298 5463 3454 5532 legit,
3505 5475 3562 5517 ut
3604 5463 3747 5530 apud

2169 5551 2414 5594 nostrum
2425 5579 2436 5590 .

2239 5605 2880 5681 (72)_’AraEi.uar§poq.
2918 5603 3254 5681 Plutarchus
3294 5603 3474 5681 _ibid:_.
3531 5603 3622 5681 li_b_.
3675 5619 3744 5664 ιι,

2167 5673 2287 5736 cat}.
2330 5673 2435 5743 29,
2487 5673 2862 5747 Ἀναξιμένης.
2916 5675 3019 5747 Sed
3061 5674 3378 5747 retinendus
3427 5673 3750 5747 Ἀναξίμαν-

2169 5751 2322 5823 δρος,
2350 5765 2518 5823 quem
2546 5744 2807 5823 ante‘jam’
2851 5746 3088 5823 vidimus
3113 5787 3128 5807 ,
3159 5745 3264 5798 hoc
3299 5744 3352 5798 in
3383 5747 3497 5799 sole
3528 5754 3584 5798 et
3622 5745 3749 5797 luna

2173 5816 2392 5893 στόμιον
2415 5818 2561 5892 πρὸς
2590 5816 2687 5889 τὴν
2717 5818 2993 5887 ἀναπνοήν
3025 5825 3284 5870 statuere.
