4136 6392
528 372 670 428 I399
1173 371 1437 426 EUSFBlI
1480 370 1966 428 CESABIENSIS
2004 369 2156 429 ΟΡΡ.
2200 370 2382 426 PARS
2419 371 2480 427 ll.
2532 402 2601 414 -——
2638 371 3140 429 APOLOGETICA.
3661 375 3797 432 μου

1107 477 1333 536 CAPUT
1371 477 1506 531 LVI.
2134 483 2176 538 A
2712 483 3109 537 KE<I>AAAION
3141 485 3287 551 NG”.

1052 570 1127 623 De
1173 579 1329 624 terra:
1374 570 1571 640 ﬁgura.
2674 576 2685 625 λ

2674 574 2812 640 Περὶ
2841 573 3150 643 σχήματος
3175 575 3304 644 γῆς·

596 680 616 715 ι
651 661 848 719 Thales
893 676 956 718 ac
992 659 1162 714 Stoici
1219 661 1500 730 globosam
1543 668 1698 715 terra:
1729 659 1961 730 liguram
2008 661 2105 714 tri-

2286 679 2302 710 ‹
2345 661 2524 732 Θαλῆς
2555 665 2648 716 καὶ
2669 665 2717 716 oi
2743 665 2988 729 Στωϊκοὶ,
3016 665 3331 738 σφαιροειδῆ
3361 666 3461 738 τὴν
3482 667 3604 736 γῆν.
3639 668 3794 721 Ἀνα-

524 753 714 810 buunt.
741 753 1152 808 Anaximander
1205 753 1430 822 lapidea:
1461 752 1726 806 columna:
1754 752 1927 821 plana:
1955 752 2107 806 simi-

2209 752 2495 825 ξίμανδρος
2518 754 2650 826 λίθῳ
2670 756 2807 810 κίονι
2839 757 3120 828 προσφερῆ
3158 757 3267 811 τῶν
3320 757 3610 811 ἐπιπέδωνο
3639 760 3793 812 Ἀνα-

521 847 628 901 lem
682 861 802 900 csse
849 846 1074 898 mavult.
1109 845 1476 898 Anaximenes
1535 859 1657 898 cum
1711 859 1922 908 mensa,
1980 859 2104 898 cum

2210 843 2454 918 ξιμένης,
2478 845 2859 919 τραπεζοειδῆ.
2887 845 3222 911 Λεύκιππος,
3249 849 3638 920 τυμπανοειδῆ.
3686 850 3790 919 Δη-

524 948 780 1008 tympano
809 936 1141 1007 Leucippus,
1182 936 1526 991 Democritus
1566 952 1689 990 eum
1727 935 1879 989 disco
1916 936 2104 990 latitu-

2211 940 2489 1011 μόκριτος,
2546 940 2818 1014 δισκοειδῆ
2889 941 2969 1013 τῷ
3034 941 3266 1005 πλάτει,
3341 941 3529 1015 κοίλην
3598 942 3654 996 δὲ
3712 943 3791 1014 τῷ

521 1031 647 1086 dine
675 1039 976 1100 comparat,
1014 1029 1141 1085 licet
1171 1044 1292 1082 eam
1322 1028 1466 1082 circa
1497 1028 1734 1082 medium
1767 1043 1954 1081 cavam
1985 1042 2106 1082 esse
2212 1033 2382 1106 μέσῳ,
2425 1054 2444 1084 ι

521 1121 670 1177 velit.

557 1138 670 1178 ent.
711 1139 733 1178 ι

1090 1210 1320 1268 CAPUT
1376 1209 1535 1266 LVII.

2723 1213 3118 1266 ΚΕΦΑΛΛΙΟΝ
3154 1214 3277 1268 ΝΖ¹.

1101 1304 1175 1358 De
1202 1315 1354 1359 terra:
1389 1305 1517 1357 situ.
2075 1292 2085 1314 ’
2663 1305 2734 1356 Hs.

2075 1292 2085 1314 ’
2663 1303 2799 1370 Περὶ
2829 1301 3050 1369 θέσεως
3079 1301 3184 1369 τῆς
3207 1302 3337 1373 γῆς.

597 1415 616 1449 ι
652 1395 892 1451 Thaletis
921 1396 1194 1466 discipuli,
1249 1397 1484 1450 mediam
1534 1410 1655 1450 esse
1715 1404 1918 1449 terram
1952 1411 1965 1449 ;
1994 1394 2104 1449 Xe-

2281 1414 2299 1444 ε
2338 1395 2400 1447 Oi
2426 1394 2532 1449 ἀπὸ
2561 1393 2765 1458 Θάλεω,
2798 1395 2896 1465 τὴν
2925 1395 3029 1464 γῆν
3059 1397 3248 1465 μέσην.
3277 1395 3604 1467 Ξενοφάνης,
3641 1395 3790 1468 πρώ-

520 1493 802 1560 nuphanes
858 1490 1114 1559 primam,
1163 1506 1283 1559 quae
1339 1489 1548 1546 infinita
1583 1489 1635 1541 in
1668 1489 1951 1542 altitudine
1983 1487 2106 1541 fun-

2204 1498 2325 1553 την·
2374 1485 2452 1546 είς
2485 1482 2707 1554 ἄπειρον
2739 1483 2847 1554 γὰρ
2875 1483 3225 1556 ἐρριζῶσθαι.
3280 1485 3532 1546 Φιλόλαος
3555 1489 3583 1539 ὁ
3606 1487 3787 1538 Πυθα-

519 1583 642 1636 data
700 1581 790 1635 sit.
861 1579 1140 1634 Philolaus
1193 1577 1595 1649 Pythagoreus,
1630 1576 1867 1631 medium
1901 1577 2101 1644 ignem,

2206 1575 2439 1648 γόρειος,
2471 1575 2532 1627 τὸ
2568 1576 2663 1646 μὲν
2691 1574 2802 1646 πῦρ
2838 1575 3019 1645 μέσον·
3044 1575 3203 1628 τοῦτο
3227 1576 3333 1648 γὰρ
3360 1573 3498 1630 εἷναι
3522 1577 3617 1630 τοῦ
3659 1597 3790 1632 παν-

520 1673 664 1742 quod
721 1672 790 1726 sit
839 1671 1078 1724 universi
1133 1668 1287 1723 focus
1321 1667 1657 1722 :secundam
1717 1683 1867 1732 vero,
1899 1679 2100 1721 terram

2205 1664 2296 1726 τὸς
2323 1664 2524 1719 ἑστίαν·
2552 1665 2808 1736 δευτέραν
2842 1665 2898 1718 δὲ
2932 1665 3027 1736 τὴν
3086 1665 3392 1738 ἀντίχθονα⁹
3421 1671 3612 1741 τρίτην
3634 1669 3690 1722 δὲ
3719 1673 3783 1739 ἢν

522 1773 722 1818 nostra:
751 1761 1055 1831 oppositam
1082 1778 1096 1824 ;
1130 1760 1341 1813 tertiam
1389 1760 1551 1824 hanc,
1584 1774 1704 1828 quae
1729 1774 1758 1812 a
1791 1759 1947 1812 nobis
1996 1756 2104 1811 [re-

2205 1756 2466 1826 οἰκοῦμεν
2493 1758 2616 1828 γῆν,
2651 1757 2710 1821 ἐξ
2740 1757 2985 1821 ἐναντίας
3009 1760 3269 1831 κειμένην
3297 1778 3354 1814 τε
3377 1763 3471 1815 καὶ
3499 1779 3788 1834 περιφεροο

520 1863 968 1927 quentatnr,quaa
999 1854 1164 1908 situm
1191 1863 1244 1908 et
1272 1853 1687 1906 conversionem
1719 1852 1912 1906 habeat
1943 1849 2098 1904 alteri
2128 1854 2153 1909 ι

2155 1855 2170 1908 ι
2205 1849 2370 1920 μένην
2401 1852 2468 1921 τῇ
2504 1849 2773 1921 ἁντίχθονι
2801 1851 2931 1922 (8ιί)’
2976 1855 3104 1924 παρ’
3133 1854 3160 1906 ὃ
3187 1853 3280 1907 καὶ
3307 1853 3381 1924 μὴ
3425 1855 3656 1926 ὁρᾶσθαι
3685 1857 3788 1910 ὑπὸ

520 1947 598 2004 illi
651 1946 979 2004 contrariam
1037 1964 1052 2001 :
1100 1961 1276 2018 eoque
1325 1945 1462 2005 fieri,
1496 1953 1558 1998 ut
1590 1945 1680 2012 qui
1707 1953 1998 1997 versantur
2049 1943 2104 1997 in

2207 1942 2316 1995 τῶν
2343 1945 2402 1995 ὲν
2437 1941 2565 2013 τῇδε
2611 1945 2737 2007 τοὺς
2788 1946 2845 1997 ἐν
2906 1945 3108 2018 ἐκείνῃ.
3170 1945 3518 2016 Παρμενίδης
3573 1947 3787 2016 πρῶτος

520 2040 791 2110 opposita,
820 2055 852 2092 a
879 2039 1086 2098 nostris
1111 2038 1276 2106 hujus
1299 2037 1494 2091 incolis
1529 2036 1695 2089 videri
1731 2050 1837 2088 non
1873 2038 2104 2105 possint.

2209 2030 2449 2103 ἀφώρισε
2482 2033 2580 2104 τῆς
2607 2033 2710 2102 γῆς
2737 2035 2861 2096 τοὺς
2886 2035 3236 2104 οἰκουμένους
3298 2035 3499 2099 τόπους
3539 2036 3643 2091 ὑπὸ
3672 2038 3789 2103 ταῖς

517 2131 872 2191 Parmenides
899 2132 1143 2184 omnium
1165 2131 1394 2200 primus,
1417 2146 1480 2182 ea
1513 2139 1669 2183 terra:
1697 2130 1813 2181 loca
1833 2128 2103 2192 distinxit,

1451 2146 1480 2182 a
1513 2139 1669 2183 terra:
1697 2130 1813 2181 loca
1833 2128 2103 2192 distinxit,
2207 2123 2326 2176 δυσὶ
2361 2121 2557 2190 ζώναις
2577 2126 2696 2187 ταῖς
2725 2126 3030 2196 τροπικαῖς.
3061 2143 3078 2174 ι

517 2241 639 2296 qua:
692 2225 1023 2294 frequentari
1082 2224 1314 2294 possint,
1367 2224 1470 2278 sub
1519 2225 1732 2280 duabus
1770 2226 2104 2296 tropicorum

518 2319 674 2379 tonis
710 2318 1024 2375 constituta.
1072 2336 1090 2367 ι
1494 2341 1505 2351 .

1085 2404 1316 2462 CAPUT
1360 2405 1541 2462 LVlll.

2720 2415 3111 2468 ΚΕΦΑΛΑῙΟΝ
3147 2417 3281 2471 Nﬂ'.

1074 2499 1150 2555 De
1185 2509 1338 2553 terra:
1379 2511 1545 2555 motu.
2667 2512 2707 2570 ,1

2667 2507 2823 2575 ,Περὶ
2857 2508 3152 2576 κινήσεως
3180 2509 3311 2579 γῆς.

597 2611 614 2645 ι
652 2593 788 2648 Cum
846 2592 1028 2647 caeteri
1085 2607 1277 2648 omnes
1317 2601 1514 2647 terram
1547 2592 1829 2661 quiescere
1860 2607 2104 2663 pronun-

2283 2622 2298 2652 ι
2333 2603 2392 2653 Oi
2424 2601 2520 2670 μὲν
2549 2599 2718 2662 ἄλλοι,
2765 2599 2946 2670 μένειν
2980 2600 3078 2670 τὴν
3113 2601 3235 2670 γῆν·
3267 2599 3522 2662 Φιλόλαος
3550 2599 3606 2652 δὲ
3627 2601 3655 2651 ὁ
3681 2599 3791 2651 Πυ-

518 2682 996 2745 tiant,Philolaus
1065 2682 1461 2753 Pythagoreus,
1532 2697 1654 2736 eam
1705 2683 1850 2736 circa
1900 2683 2101 2752 ignem,

2206 2695 2508 2764 θαγόρειος,
2552 2692 2735 2762 κύκλῳ
2789 2691 3177 2761 περιφέρεσθαι
3233 2693 3361 2764 περὶ
3393 2691 3453 2745 τὸ
3509 2690 3620 2762 πῦρ
3649 2689 3789 2745 κατά

520 2777 741 2846 obliquo
767 2775 820 2829 in
854 2775 1082 2838 circulo,
1145 2773 1605 2846 quemadmodum
1633 2773 1801 2828 solem
1833 2783 1995 2844 atque
2018 2775 2104 2828 lu-

2205 2786 2405 2840 κύκλου
2431 2783 2606 2849 λοξοῦ,
2635 2783 3007 2857 ὁμοιοτρόπως
3058 2782 3191 2853 ἡλίῳ
3231 2785 3326 2836 κα)⁸
3357 2783 3575 2854 σελήνῃ.
3622 2784 3789 2854 Ἦρα-

517 2881 666 2932 nam,
725 2868 930 2922 moveri
989 2867 1288 2922 existimat.
1354 2865 1668 2921 Heraclides
1717 2865 2001 2928 Ponticus,
2051 2876 2104 2920 et

2205 2877 2417 2948 κλείδης
2437 2880 2464 2930 ὁ
2499 2876 2754 2939 Ποντικὸς
2788 2875 2879 2930 καὶ
2916 2875 3219 2944 Ἔκφαντος
3252 2877 3280 2928 ὁ
3305 2875 3673 2948 Πυθαγόρειος
3706 2895 3789 2929 κι-

517 2959 831 3030 Ecphantus
871 2961 1265 3032 Pythagoreus,
1327 2969 1529 3013 terram
1575 2958 1794 3027 quidem
1839 2959 1970 3013 cieri
2003 2975 2102 3011 vo-

2203 2971 2353 3024 νοῦσι
2381 2972 2477 3042 μὲν
2521 2970 2619 3040 τὴν
2663 2969 2788 3038 γῆν,
2822 2971 2881 3022 οὐ
2945 2970 3050 3038 μήν
3090 2985 3152 3036 γε
3205 2968 3604 3039 μεταϐατικῶς,
3651 2969 3788 3022 ἀλλὰ

517 3049 658 3116 lunt,
683 3052 761 3106 sic
792 3061 994 3114 tamen,
1029 3062 1086 3104 ut
1117 3067 1178 3105 ea
1220 3051 1398 3104 locum
1438 3049 1669 3103 subinde
1706 3048 2102 3118 progredieudo

2203 3059 2479 3128 τροπικῶς
2496 3057 2650 3129 (84'),
2665 3057 2857 3129 τροχοῦ
2880 3058 3033 3126 δίκην
3052 3059 3108 3108 ὲν
3126 3056 3271 3124 ἄξονι
3287 3059 3657 3130 στρεφομένην
3675 3060 3784 3128 (85)

519 3157 629 3200 non
675 3154 866 3208 mutet,
899 3144 992 3199 sed
1032 3153 1164 3197 rota:
1192 3142 1376 3212 potius
1413 3143 1608 3204 instar,
1643 3152 1857 3196 suomet
1893 3142 1945 3196 in
1975 3157 2098 3206 axe,
2129 3199 2152 3218 ί

2152 3199 2167 3218 ,
2207 3146 2315 3199 ἀπὸ
2339 3146 2557 3216 δυσμῶν
2590 3147 2675 3200 ἐπ’
2706 3146 2970 3210 ἀνατολὰς
3027 3147 3154 3217 περὶ
3197 3148 3256 3199 τὸ
3288 3147 3417 3199 ἴδιον
3459 3149 3630 3218 αὐτῆς
3668 3150 3785 3202 κέν-

519 3235 589 3293 ab
614 3249 812 3290 occasu
847 3233 902 3287 in
939 3244 1141 3298 ortum,
1173 3233 1315 3285 circa
1345 3231 1626 3300 proprium
1676 3232 1780 3286 sibi
1827 3242 2095 3300 centrum,
2127 3231 2152 3256 ‘

2152 3234 2169 3255 ⁴
2203 3255 2346 3307 τρον.
2377 3238 2712 3309 Δημόκριτος
2739 3239 2857 3290 κατ’
2881 3237 3055 3310 ἀρχὰς
3086 3239 3182 3310 μὲν
3225 3239 3522 3303 πλάζεσθαι
3549 3241 3658 3312 (86)
3688 3243 3785 3312 τὴν

448 3314 452 3318 ’
519 3328 746 3384 incitata
783 3327 835 3379 in
885 3327 1075 3380 orbem
1121 3325 1480 3379 conversione
1510 3323 1777 3377 volvatur.
1824 3325 2081 3380 Democri-

2202 3331 2327 3401 γῆν,
2349 3331 2437 3384 διά
2457 3348 2516 3383 τε
2547 3331 2849 3402 μικρότητα
2894 3330 2988 3385 καὶ
3025 3331 3354 3402 κουφότητα,
3411 3335 3787 3388 πυκνωθεῖσαν

519 3429 639 3488 tus,
700 3419 856 3474 initio
915 3429 1116 3474 terram
1178 3427 1371 3486 suapte
1431 3432 1553 3471 cum
1613 3417 1939 3486 exiguitate,
1988 3429 2099 3472 tum

2201 3423 2258 3476 δὲ
2291 3423 2366 3493 τῷ
2395 3424 2571 3494 χρόνῳ
2601 3424 2696 3477 καὶ
2742 3423 3094 3494 βαρυνθεῖσαν
3129 3425 3514 3495 καταστῆναι.»
3568 3428 3784 3480 Τούτων

518 3515 681 3569 etiam
733 3513 952 3567 levitate
1004 3512 1111 3567 huc
1162 3510 1290 3564 illuc
1329 3509 1645 3575 llnctuasse,
1701 3517 1757 3562 at
1809 3526 2100 3579 progressu

2204 3517 2298 3570 καὶ
2331 3517 2456 3586 περὶ
2480 3517 2584 3586 γῆς
2611 3516 3105 3587 διαπεφωνημὲνων
3154 3520 3267 3580 τοῖς
3295 3519 3586 3586 γενναίοις,
3621 3519 3782 3574 ἄκουε

517 3605 780 3674 temporis
805 3605 1192 3672 conslipatam,
1217 3618 1281 3655 ac
1315 3599 1508 3670 majori
1538 3601 1800 3668 gravitate
1831 3604 2098 3657 ﬁrmatam

1271 3618 1281 3655 :
1315 3599 1508 3670 majori
1538 3601 1800 3668 gravitate
1831 3604 2098 3657 ﬁrmatam
2206 3608 2427 3661 καὶτῶν
2455 3609 2581 3679 περὶ
2611 3608 2904 3677 θαλάσσης.

521 3697 850 3754 constitisse.
879 3717 898 3750 ι
932 3697 1026 3751 His
1062 3698 1128 3751 de
1155 3697 1320 3751 rebus
1374 3697 1438 3750 ad
1499 3704 1696 3750 terram
1750 3697 2165 3765 pertinentibus,
2207 3703 2534 3759 eximiorum
2599 3703 3050 3772 philosophorum
3113 3704 3355 3761 dissidiis
3411 3702 3647 3758 breviter
3691 3720 3784 3758 ex-

519 3789 737 3860 peditis,
762 3790 830 3844 de
855 3789 989 3843 mari
1019 3805 1180 3857 quam
1224 3788 1396 3842 nihilo
1430 3789 1602 3858 magis
1636 3789 1775 3845 inter
1797 3805 1915 3846 sese
1945 3795 2294 3861 conveniant,
2340 3813 2509 3866 pauca
2546 3799 2659 3853 haec
2684 3797 2888 3865 accipe.

1013 3886 1173 3956 351
1219 3883 1448 3940 CAPUT
1479 3885 1618 3940 LIX.

2731 3894 3120 3947 ΚΕΦΑΑΛΙΟΝ
3149 3893 3274 3950 ΝΘ¹⁸

631 3977 707 4033 De
741 3979 896 4036 mari.
934 3977 1207 4046 Quomodo
1255 3979 1532 4058 coaluerit,
1571 3992 1620 4033 et
1663 3981 1999 4049 quamobmu
2205 3988 2264 4041 Π

2205 3986 2347 4053 Περὶ
2395 3989 2733 4053 θαλασσης.
2786 3984 2917 4050 Πῶς
2977 3985 3285 4058 συνέστη,
3340 3985 3437 4039 καί
3499 3984 3782 4054 πῶςιέστι

1125 4066 1369 4103 amarum
1404 4056 1496 4102 sit.

1462 4059 1496 4102 ί.
2897 4056 3095 4121 πικρά.

599 4160 617 4191 ι
664 4141 1090 4204 Anaximander,
1127 4141 1270 4196 aliud
1307 4141 1444 4195 nihil
1485 4156 1652 4207 mare,
1704 4157 1866 4210 quam
1915 4142 2104 4211 primi-

2286 4163 2304 4194 ‹
2355 4143 2770 4215 Ἀναξίμανδρος
2815 4143 2926 4215 (87)
2967 4145 3064 4212 τὴν
3121 4144 3392 4199 θάλασσάν
3445 4162 3609 4214 φησιν
3646 4142 3779 4199 εἶναι

523 4234 667 4304 genii
702 4235 946 4288 humoris
970 4233 1228 4303 reliquias
1259 4249 1383 4288 esse
1411 4232 1671 4299 defendit,
1700 4234 1856 4303 cujus
1889 4244 2097 4305 partem

2207 4240 2305 4307 τῆς
2337 4239 2557 4310 πρώτης
2611 4238 2875 4308 ὑγρασίας
2925 4237 3190 4307 λείψανον·
3241 4234 3308 4311 ἧς
3362 4239 3422 4290 τὸ
3462 4238 3558 4309 μὲν
3601 4237 3782 4290 πλεῖον

523 4326 819 4380 iunximam
878 4325 1019 4395 ignis
1053 4324 1434 4390 exsiccaverit,
1476 4325 1699 4380 alteram
1747 4341 1868 4395 qua)
1914 4341 2102 4395 supcr-

2212 4329 2376 4400 μέρος
2423 4329 2717 4399 ἀνεξήρανε
2751 4329 2811 4381 τὸ
2851 4327 2983 4401 πῦρ,
3043 4329 3103 4381 τὸ
3129 4328 3183 4380 δὲ
3209 4327 3529 4397 ὑπολειφθὲν
3551 4329 3641 4383 διὰ
3687 4330 3781 4399 τὴν

523 4428 660 4478 erat,
693 4427 860 4472 aestus
908 4417 1104 4471 ardore
1153 4417 1527 4471 commutarit.
1579 4415 1954 4484 Anaxagoras,
1997 4417 2100 4470 hu—

2209 4420 2464 4472 ἔκκαυσιν
2489 4420 2599 4489 (88)
2629 4421 2939 4490 μετέϐαλεν.
2980 4420 3364 4492 Ἀναξαγόρας,
3397 4420 3487 4473 τοῦ
3529 4421 3650 4474 κατ’
3689 4423 3781 4491 ἀρ-

525 4525 732 4564 morcm
757 4511 907 4564 illum
935 4510 1342 4580 primigenium,
1362 4518 1416 4564 et
1442 4509 1616 4579 stagni
1641 4525 1793 4563 more
1821 4509 2100 4574 ditiusnm,
2136 4544 2158 4599 Ι

2148 4544 2178 4599 D
2208 4512 2308 4582 χὲς
2333 4511 2684 4582 λιμνάζοντος
2707 4511 2875 4583 ὑγροῦ
2907 4510 3261 4580 περικαέντος
3293 4511 3398 4563 ὑπὸ
3423 4511 3521 4580 τῆς
3553 4511 3781 4582 ἡλιακῆς

525 4600 721 4655 solaris
764 4599 1144 4655 conversionis
1196 4607 1330 4652 aestu
1379 4597 1764 4668 conﬂagrasse,
1815 4610 1927 4652 tum
1982 4599 2103 4668 pin-
2137 4597 2158 4599 ⁷

2148 4597 2164 4599 ί
2210 4605 2532 4674 περιφορᾶς,
2567 4605 2661 4656 καὶ
2680 4603 2773 4656 τοῦ
2807 4602 3036 4674 λιπαροῦ
3072 4601 3505 4671 ἐξατμισθέντος.
3531 4605 3611 4664 εἰς
3656 4603 3781 4654 ἀλυ-

525 4691 810 4762 gnioribus
838 4692 1086 4762 partibus
1107 4690 1398 4755 exhalatis,
1427 4689 1572 4759 quod
1598 4689 1875 4743 residuum
1904 4688 2102 4754 fuerat,

2207 4694 2331 4746 κίδα
2363 4695 2456 4747 καὶ
2482 4694 2707 4765 πικρίαν
2732 4695 2794 4747 τὸ
2815 4694 2999 4746 λοιπὸν
3028 4692 3347 4760 ὑποστῆναι.
3393 4692 3779 4761 Ἐμπεδοκλῆς,

527 4785 581 4842 in
617 4784 950 4855 salsuginem
1001 4793 1057 4838 et
1111 4783 1536 4837 amaritudinem
1567 4781 1786 4836 abiisse.
1838 4781 2107 4850 Empedo-

2208 4785 2405 4856 ἱδρῶτα
2436 4787 2536 4855 τῆς
2567 4788 2669 4857 γῆς
2718 4785 3075 4856 ἐκκαιομένης
3126 4785 3231 4838 ὑπὸ
3257 4784 3349 4836 τοῦ
3386 4784 3533 4854 ἡλίου
3573 4783 3661 4837 διὰ
3685 4784 3783 4853 τὴν

527 4877 660 4943 cies,
692 4885 847 4930 terrzc
878 4875 1132 4930 sudorem
1164 4889 1306 4937 esse,
1340 4888 1503 4942 quam
1533 4872 1910 4942 superioribus
1939 4874 2102 4926 etiam

2207 4881 2301 4934 ἐπὶ
2324 4880 2384 4933 τὸ
2428 4881 2609 4934 πλεῖον
2660 4880 2874 4950 πίλησιν
2936 4876 3066 4947 (89).
3107 4877 3389 4944 Ἀντιφῶν,
3444 4875 3643 4948 ἱδρῶτα
3690 4874 3783 4928 τοῦ

527 4970 582 5028 ln
618 4969 862 5040 partibus
905 4969 1134 5023 humore
1183 4968 1461 5037 perfusam
1503 4965 1640 5021 solis
1683 4967 1848 5022 ardor
1887 4978 2102 5022 exurat.

2208 4972 2434 5045 θερμοῦ,
2476 4972 2536 5040 ἐξ
2581 4967 2641 5026 οὗ
2667 4972 2753 5030 ,τὸ
2789 4969 3117 5042 περιληφθὲν
3158 4969 3323 5039 ὑγρὸν
3353 4967 3648 5040 ἀπεκρίθη,
3707 4967 3785 5037 τῷ

601 5123 714 5194 (84)
773 5123 1256 5197 Περιφερομένηγ
1302 5121 1378 5193 τῇ
1425 5124 1756 5197 ἀντιχθογςι.
1825 5123 2103 5197 Amiotus,

2281 5127 2390 5197 (86)
2421 5126 2771 5186 Πλάζεσθαι.
2801 5125 3096 5197 Xylander,
3124 5125 3343 5194 efﬁctam
3373 5124 3536 5197 fuisse
3565 5133 3783 5197 terram.

528 5197 616 5266 qui
646 5205 830 5248 tourne
855 5195 1080 5268 l’eutour
1117 5197 1177 5268 de
1204 5195 1257 5247 la
1282 5203 1665 5268 conire-terre.
1697 5194 1808 5268 Hoc
1839 5195 2102 5268 sij'ertim

2211 5194 2362 5268 Legit
2397 5197 2750 5259 πλάσσεσθαι,
2772 5194 3196 5268 νθιπλασθῆναι,
3219 5212 3334 5268 quo?
3363 5195 3498 5268 nihil
3528 5195 3781 5268 alienius.

529 5263 708 5331 esset,
754 5267 924 5319 nostri
954 5266 1104 5320 orbis
1157 5265 1345 5319 incolae
1391 5265 1678 5337 antipodas
1726 5265 1848 5319 illos
1891 5263 2107 5337 facilius
2279 5263 2392 5332 (87)
2447 5266 2921 5337 Ἀναξίμανδρος.
2948 5263 3273 5320 Plutarchus
3305 5265 3460 5328 ibid.,
3491 5279 3572 5337 tu,
3601 5264 3697 5337 _16.

531 5339 711 5390 videre
750 5345 1253 5418 possentatantum
1299 5332 1598 5399 abestfut
1657 5336 1761 5389 ista
1819 5335 2107 5389 conversio

2284 5340 2396 5418 (8_8)
2441 5332 2804 5418 Texantur.
2839 5337 2915 5394 Ex
2968 5338 3259 5392 Plutarcho
3285 5376 3300 5400 ,
3353 5351 3452 5405 pro
3499 5332 3781 5402 ἔγκλισιν,

530 5415 808 5476 aspectum
840 5407 990 5461 illum
1022 5407 1285 5474 impedire
1314 5415 1516 5469 posset.

603 5475 738 5548 (δι’)
792 5477 969 5530 Ἀλλὰ
999 5474 1313 5547 τροπικῶς.
1365 5475 1489 5548 Haec
1515 5473 2104 5548 addendaPlutarcho.

2210 5413 2353 5480 quod
2385 5419 2507 5463 ante
2541 5410 2839 5478 legebatur.

2285 5481 2394 5547 (89,-
2447 5477 2577 5531 Ἐπὶ
2618 5477 2682 5530 τὸ
2715 5477 2928 5530 πλεῖον
2953 5476 3242 5548 πίλησιν.
3270 5473 3628 5548 Plutarchus,
3669 5475 3787 5548 ἐπι-

607 5543 728 5618 (85)’
760 5548 862 5602 Ἐν
888 5543 1057 5612 ἄξονι
1098 5543 1531 5618 στρεφομένην.
1559 5545 1908 5618 Plutarchus,
1941 5543 2107 5618 ὲνξω-
2213 5569 2240 5603 τ

2213 5543 2431 5604 πόλαιον
2476 5548 2704 5608 πλύσιν,
2762 5549 2905 5617 quod
2965 5547 3140 5618 magis
3196 5547 3531 5618 placet;sed
3584 5545 3785 5618 clarius

532 5613 821 5688 νισ⁷μέίθηνν
859 5634 979 5687 quae
1013 5613 1183 5672 Hillili‘
1206 5613 1468 5672 νὸίοδιξ
1496 5617 1653 5672 Ccrle
1691 5615 1965 5687 Xylauder
2001 5613 2110 5666 Ειι-
2214 5630 2533 5682 verteretur,
2569 5613 3065 5688 propter'aquarum
3095 5613 3208 5688 vim:
3240 5619 3357 5686 (seu
3397 5614 3708 5683 eluviouem)
3738 5615 3786 5666 εἰ

532 5685 1048 5757 ςθὺῐυιιιέθίιύὶιιιτς
1083 5690 1204 5744 |icel
1247 5689 1497 5742 AmiOluS
1529 5688 1708 5758 vertit,
1742 5685 1911 5758 extant
1960 5688 2108 5740 euvi—
2212 5685 2579 5758 superfusam,‘
2612 5685 2768 5758 qnasi
2801 5685 2974 5746 dicat.
3009 5689 3148 5741 hanc
3180 5685 3346 5741 fuisse
3375 5701 3620 5758 causam.
3665 5701 3787 5754 qua:

533 5759 745 5818 τοηηέε,
776 5775 973 5833 commc
1011 5776 1282 5833 uue_roue,
1312 5759 1374 5812 de
1407 5759 1623 5833 bqndes.
1649 5757 1744 5814 Hic
1774 5757 2016 5830 profecto
2043 5758 2110 5812 dc
2212 5757 2563 5833 inejnsmodi
2595 5760 2905 5829 opinionem
2937 5757 3316 5826 Empedoclem
3347 5757 3645 5828 impulerit.

534 5837 689 5885 terrae
715 5843 823 5885 non
861 5831 1013 5897 rotis,
1038 5831 1130 5886 scd
1165 5841 1312 5887 motu
1349 5831 1631 5901 agebatur.
