4136 6392
353 402 482 460 ιιιι

1486 400 1803 456 ΡΒᾸΞΡΑΒ.
1845 401 2098 458 EVANG.
2139 401 2271 457 UB.
2311 403 2428 458 XV.

3477 413 3617 469 H02

351 514 722 586 καθεψηθῆναι
751 513 1170 585 παραλυκίσασα
1218 510 1352 583 (90),
1392 513 1546 589 άπερ.
1579 513 1670 565 ,ἐπὶ⁸
1727 514 1904 566 παντο

2032 514 2304 585 Antiphon
2347 517 2634 588 ipsiusmet
2671 529 2837 576 aestus
2876 523 3128 581 sudorem
3193 541 3314 583 esse
3363 533 3611 594 mavult;

357 607 578 679 ἱδρῶτος
612 605 921 676 συμϐαίνει.
945 604 1332 676 Μητρόδωρος,
1360 603 1448 656 διὰ
1496 604 1556 656 τὸ
1585 604 1933 676 διηθηθεῖσαν

350 697 441 751 διὰ
476 697 574 769 τῆς
624 699 726 768 γῆς
770 696 1149 768 μετειληφέναι
1197 695 1292 750 τοῦ
1341 697 1468 767 περὶ
1495 697 1663 769 αὐτὴν
1703 699 1929 769 πάχους,

353 789 602 861 καθάπερ
621 789 689 844 τὰ
714 790 802 843 διά
822 789 922 859 τῆς
955 789 1160 862 τέφρας
1195 787 1506 860 ὑλιζόμενα.
1541 792 1602 843 (Ai
1648 792 1756 846 ἀπὸ
1791 791 1932 846 Πλά-

350 897 538 945 τωνος,
564 880 659 936 τοῦ
689 881 1060 951 στοιχειώδους
1083 881 1273 944 ὓδατος
1300 882 1361 934 τὸ
1389 883 1487 952 μὲν
1515 883 1573 947 ἐξ
1597 884 1756 955 ἀέρος
1789 883 1931 938 κατά

351 971 638 1043 περίψυξιν
688 972 1073 1043 συνιστάμενον
1102 973 1275 1042 γλυκὺ
1340 975 1604 1044 γίνεσθαισ
1643 977 1702 1029 τὸ
1732 976 1788 1030 δὲ
1823 977 1930 1032 ἀπὸ

348 1065 451 1135 γῆς
477 1065 616 1118 κατὰ
650 1065 966 1138 περίκαυσιν
995 1067 1088 1121 καὶ⁵
1117 1069 1428 1139 ἐκπύρωσιν
1462 1068 1928 1140 ἀναθυμιώμενον,

345 1157 642 1230 ἁλμυρόν.»
677 1159 860 1213 Ταῦτα
885 1161 981 1230 μὲν
1006 1155 1099 1214 οῦν
1133 1161 1226 1214 καὶ
1253 1161 1383 1231 περὶ
1410 1159 1706 1232 θαλάσσης.
1740 1162 1928 1223 Ὅπως

343 1250 402 1302 δὲ
434 1252 482 1303 oi
508 1251 634 1322 περὶ
663 1252 754 1304 τοῦ
784 1253 982 1314 παντὸς
1010 1254 1236 1323 κόσμου,
1283 1253 1549 1325 οὐρανίων
1574 1271 1634 1307 τε
1673 1253 1799 1325 πέρι
1833 1253 1925 1306 καὶ

343 1342 620 1416 αἱθερίων,
653 1346 747 1398 καὶ
771 1345 869 1416 τῆς
897 1345 1005 1398 τῶν
1031 1347 1167 1399 ὅλων
1198 1347 1551 1418 καταλήψεως
1581 1347 1921 1416 φυσιολογεῖν

342 1439 819 1510 ἐπαγγειλάμενοι,
849 1441 967 1494 οὐδὲ
998 1441 1067 1494 τὰ
1105 1443 1224 1496 καθ’
1275 1445 1499 1506 ἑαυτοὺς
1564 1443 1778 1514 ᾔδεσαν,
1824 1443 1920 1513 μά-

341 1530 455 1594 θοις
480 1531 546 1584 ἂν
577 1531 634 1599 ἐξ
663 1526 738 1586 ὧν
763 1534 857 1587 καῖ⁹
883 1535 1012 1604 περὶ
1048 1536 1255 1589 τούτων
1282 1530 1383 1590 ὧδέ
1431 1554 1548 1600 πως
1575 1536 1920 1606 διαπεφωνή-

341 1640 526 1678 κασιν.

2042 610 2324 664 humidum
2357 613 2526 675 enim,
2569 614 2712 681 quod
2744 618 2896 684 prius
2925 616 3260 686 includebat,
3309 623 3378 677 ab
3425 639 3492 678 eo
3527 642 3614 679 se-

2038 713 2250 756 cretmn
2297 720 2438 768 esse,
2489 709 2742 774 quodque
2790 709 2843 760 in
2895 709 3043 762 omni
3076 712 3274 765 sudore
3325 717 3610 786 contingit,

2037 795 2350 851 ebullicndo
2376 808 2697 855 concoctum
2731 799 2929 854 salsius
2952 803 3211 857 evasisse.
3247 803 3610 873 Metrodorus,

2037 887 2182 956 quod
2209 903 2306 955 per
2336 900 2534 942 terram
2567 890 2804 944 colatum
2837 909 2985 946 mare
3013 893 3196 955 fuerit,
3223 895 3341 964 ejus
3365 913 3428 952 ex
3460 915 3609 955 cras-

2037 980 2159 1034 sitie
2189 979 2392 1050 aliquid
2420 981 2522 1050 ipsi
2558 983 2873 1048 adhaesisse,
2908 996 2964 1040 ut
2992 987 3044 1041 in
3071 989 3138 1043 iis
3167 1004 3267 1042 usu
3300 991 3462 1051 venit,
3490 1010 3610 1061 qua:

2036 1086 2132 1140 per
2187 1072 2396 1126 medios
2431 1074 2640 1128 cineres
2692 1079 2952 1145 purgandi
2995 1094 3162 1134 causa
3215 1080 3608 1138 transfundun-

2038 1173 2144 1218 tur.
2178 1162 2464 1226 Platonici,
2495 1180 2615 1218 eam
2651 1167 2996 1223 elementaris
3046 1184 3201 1237 aqua
3228 1183 3456 1238 partem,
3491 1188 3609 1240 qua:

2031 1271 2127 1325 per
2172 1255 2638 1326 refrigerationem
2675 1273 2742 1312 ex
2796 1275 2920 1315 aere
2972 1271 3310 1327 concrescat,
3355 1264 3605 1333 dulcem;

2028 1350 2252 1404 alteram
2283 1365 2432 1414 vero,
2463 1365 2626 1419 quam
2663 1360 2806 1405 terra
2851 1362 2983 1407 aestu
3015 1362 3068 1408 et
3107 1357 3300 1410 ardore
3343 1372 3605 1414 succensa

2023 1443 2258 1506 exhalet,
2316 1444 2515 1498 salsam
2573 1459 2708 1499 esse.
2746 1463 2765 1496 ι
2801 1443 3072 1501 Hactenus
3115 1449 3275 1502 etiam
3327 1450 3394 1502 de
3445 1452 3600 1506 mari.

2026 1538 2098 1590 At
2134 1551 2279 1601 vero,
2311 1535 2403 1604 qui
2432 1551 2551 1591 sese
2575 1535 2722 1591 orbis
2759 1537 3019 1600 universi,
3047 1556 3336 1611 rerumque
3356 1543 3602 1602 omnium

2023 1628 2370 1684 aetheriarum
2403 1629 2590 1692 etiam,
2624 1635 2788 1698 atque
2815 1630 3118 1684 cwlestium
3152 1646 3400 1687 naturam
3439 1649 3602 1705 atque

340 1717 604 1784 rationes,
659 1716 984 1787 explicando
1054 1720 1547 1788 comprehensurus
1593 1735 1717 1775 esse
1763 1719 2067 1790 jactabaut,
2121 1720 2157 1774 ii
2208 1735 2373 1788 quam
2431 1736 2498 1776 ue
2544 1720 2794 1775 intestina
2859 1721 3075 1791 quidem
3127 1741 3189 1778 ac
3229 1730 3445 1797 ιιι-ωριτε
3502 1747 3600 1786 no-

337 1811 515 1865 verint
541 1850 555 1875 ,
602 1827 669 1866 ex
704 1814 947 1883 ipsorum
1008 1813 1112 1868 hoc
1153 1814 1315 1867 etiam
1365 1814 1420 1868 in
1455 1829 1651 1885 genere
1691 1813 1921 1870 dissidio
1955 1816 2112 1884 plane
2138 1828 2457 1884 cognosces.

876 1909 1269 1962 ΚΕΦΛΛΑῘΟΝ
1303 1909 1375 1964 Ξ’.

744 2003 880 2069 Περὶ
903 2001 1102 2069 μερῶν
1130 2000 1237 2068 τῆς
1264 2001 1476 2071 ψυχῆς

415 2111 434 2145 ι
469 2093 791 2164 Πυθαγόρας
841 2093 974 2164 (91),
1029 2093 1271 2156 Πλάτων,
1321 2093 1462 2147 κατά
1515 2096 1614 2166 μὲν
1651 2099 1742 2151 τὸν
1776 2099 1920 2153 ἀνω-

331 2185 479 2238 τάτω
498 2185 674 2254 λόγον,
731 2187 925 2256 διμερῆ
980 2186 1079 2256 τὴν
1135 2185 1338 2256 ψυχήν·
1391 2187 1451 2239 τὺ
1504 2189 1602 2258 μὲν
1627 2192 1736 2260 γὰρ
1776 2191 1919 2262 ἔχειν

331 2277 569 2346 λογικὸν,
603 2277 664 2330 τὸ
718 2278 774 2331 δὲ
821 2278 1031 2345 ἄλογον.
1087 2278 1242 2330 Κατὰ
1306 2279 1363 2331 δὲ
1412 2279 1472 2331 τὸ
1514 2282 1778 2352 προσεχὲς
1826 2283 1920 2336 καὶ

329 2369 554 2441 ἀκριϐὲς
581 2370 837 2439 τριμερῆ·
863 2370 924 2421 τὸ
951 2371 1058 2442 γὰρ
1101 2369 1294 2438 ἄλογον
1333 2371 1628 2441 διαιροῦσιν
1660 2376 1740 2437 εἴς
1770 2392 1829 2427 τε
1857 2375 1918 2426 τὸ

329 2463 562 2532 θυμικὸν
588 2462 680 2515 κα)⁸
701 2462 763 2514 τὸ
792 2462 1205 2532 ἐπιθυμητικόν.
1241 2464 1304 2516 Οἱ
1367 2465 1612 2529 Στωῖκοὶ,
1670 2466 1729 2532 ἐξ
1770 2465 1914 2519 όκτὼ

332 2552 516 2621 μερῶν
558 2553 899 2616 συνεστάναι,
939 2553 1098 2607 πέντε
1121 2554 1229 2607 τῶν
1258 2554 1608 2626 αἰσθητικῶν,
1637 2558 1911 2629 ὁρατικοῦ,

326 2643 714 2713 ὀσφραντικοῦ,
746 2645 1096 2706 ἀκουστικοῦ,
1125 2646 1439 2714 γευστικοῦ,
1472 2647 1727 2702 ἁπτικοῦ·
1750 2649 1910 2702 ἕκτου

323 2734 384 2787 δὲ
420 2734 758 2806 φωνητικοῦ,
805 2736 1033 2807 ἐδδόμου
1087 2737 1143 2790 δὲ
1185 2739 1584 2810 σπερματικοῦ,
1629 2740 1813 2807 ὀγδόου
1854 2741 1911 2794 δὲ

325 2825 492 2881 αὐτοῦ
529 2827 620 2880 τοῦ
648 2829 997 2900 ἡγεμονικοῦ,
1024 2829 1115 2898 ἀφ’
1147 2825 1207 2883 οὗ
1235 2830 1409 2885 ταῦτα
1455 2830 1632 2882 πάντα
1653 2831 1908 2885 τέτακται

323 2919 414 2972 διά
447 2921 555 2972 τῶν
587 2920 801 2972 οἰκείων
851 2922 1116 2993 ὀργάνων,
1156 2923 1480 2994 προσφερῶς
1527 2926 1646 2987 ταῖς
1691 2924 1786 2977 τοῦ
1815 2943 1910 2980 πο-

323 3013 550 3076 λύποδος
605 3012 954 3078 πλεκτάναις.
1019 3016 1378 3086 Δημόκριτος,
1426 3016 1781 3087 Ἐπίκουρος,
1831 3019 1908 3070 δι-

328 3103 470 3175 μερῆ
501 3105 598 3173 τὴν
621 3103 820 3176 ψυχὴν,
846 3107 906 3159 τὸ
930 3107 1026 3176 μὲν
1081 3107 1295 3176 λογικὸν
1338 3107 1567 3178 ἔχουσαν
1597 3110 1654 3160 ἐν
1681 3109 1758 3179 τῷ
1798 3109 1903 3162 θώ-

327 3213 453 3266 ρακι
477 3197 886 3268 καθιδρυμένον,
913 3198 975 3250 τὸ
1002 3199 1059 3251 δὲ
1091 3199 1284 3269 ἄλογον
1320 3200 1441 3253 καθ’
1481 3201 1608 3271 ὃλην
1642 3202 1740 3272 τὴν
1775 3201 1903 3270 σύγ-

2622 1908 2851 1964 CAPUT
2887 1909 2994 1963 LX.

2538 2001 2610 2056 De
2628 2004 2864 2070 partibus
2895 2003 3082 2058 animi.

2099 2113 2117 2145 ι
2154 2093 2488 2165 Pythagoras
2519 2104 2573 2149 et
2613 2093 2786 2158 Plato,
2835 2094 2880 2148 si
2914 2110 2943 2148 a
2995 2110 3208 2150 summo
3251 2097 3426 2168 capite
3458 2098 3595 2152 diri-

2023 2185 2232 2241 sionem
2281 2203 2560 2241 arcessere
2607 2187 2788 2250 libeat,
2825 2201 3005 2256 partes
3051 2190 3216 2242 animi
3266 2207 3386 2244 esse
3431 2190 3591 2257 duas,

2022 2280 2233 2332 ratione
2264 2280 2543 2349 praeditam
2581 2279 2828 2341 alteram.
2867 2282 3090 2336 alteram
3135 2283 3317 2335 omnis
3365 2283 3593 2338 rationis

2019 2381 2343 2439 expertem;
2396 2373 2480 2425 sin
2527 2372 2748 2440 propius
2801 2371 3245 2442 enueleatiusque
3295 2382 3588 2442 spectetur,

2021 2464 2192 2518 tribus
2213 2478 2336 2517 eum
2368 2464 2614 2532 partibus
2639 2463 2904 2517 cuntiueri
2934 2482 2945 2517 :
2977 2464 3202 2517 alteram
3236 2465 3380 2519 enim
3417 2465 3586 2531 illam,

2017 2574 2139 2628 qua:
2174 2557 2379 2610 ratione
2411 2562 2612 2620 careat,
2648 2555 2700 2607 in
2744 2553 3034 2616 irascendi,
3066 2566 3120 2609 et
3168 2558 3586 2625 concupiscendi

2015 2649 2124 2700 vim
2161 2648 2485 2716 partiuntur.
2522 2644 2688 2699 Stoici
2742 2660 2804 2699 ex
2842 2645 3086 2714 partibus
3120 2645 3266 2697 illum
3296 2656 3417 2699 octo
3451 2662 3586 2700 con-

2015 2739 2266 2800 stituunt,
2293 2751 2522 2806 quarum
2563 2737 2806 2805 quinque
2850 2750 3108 2790 sensuum
3160 2736 3448 2792 facultates
3483 2754 3586 2791 nu-

2013 2838 2326 2890 merantur,
2364 2826 2602 2887 videndi,
2652 2824 2935 2886 odorandi,
2974 2825 3252 2890 audiendi,
3305 2830 3581 2896 gustandi,

2011 2929 2176 2989 atque
2205 2920 2457 2990 tangendi
2489 2936 2503 2985 ;
2556 2928 2667 2972 tum
2702 2917 2955 2988 loquendi
3006 2929 3180 2981 sexta,
3216 2920 3441 2988 septima
3494 2937 3582 2975 se-

2011 3012 2272 3077 minandi,
2324 3019 2513 3065 octava
2565 3020 2945 3080 postremaque
2984 3008 3148 3081 852
3188 3010 3439 3080 princeps
3494 3012 3581 3066 illa

2008 3105 2448 3173 moderatrixque
2493 3116 2830 3166 camerarum,
2873 3097 2993 3172 Quae
3045 3105 3160 3158 suis
3210 3103 3451 3172 singulas
3495 3104 3580 3156 in-

2007 3201 2327 3256 strumentis
2353 3200 2507 3269 regit,
2533 3198 2989 3266 quemadmodum
3019 3195 3134 3250 suis
3158 3197 3386 3278 polypus
3417 3194 3580 3248 cirris

321 3305 505 3359 κρισιν
530 3288 621 3340 τοῦ
659 3288 906 3360 σώματος
928 3292 1345 3364 διεσπαρμένον.
1376 3294 1432 3346 '0
1457 3293 1514 3345 δὲ
1538 3269 1610 3364 Ar,
1621 3269 1894 3364 μόκριτος,

2009 3307 2069 3346 ac
2096 3290 2334 3344 brachiis
2373 3290 2450 3342 uti
2485 3289 2638 3342 solet.
2674 3285 3012 3340 Democritus
3051 3293 3105 3338 et
3133 3269 3420 3352 Epicurus,
3451 3300 3580 3353 paro

324 3380 502 3434 πάντα
551 3382 796 3452 μετέχειν
843 3384 1001 3453 φύσει
1045 3385 1221 3457 ψυχῆς
1274 3388 1454 3450 ποιᾶς,
1484 3388 1578 3440 καὶ
1606 3387 1673 3440 τὰ
1728 3386 1898 3456 νεκρά

321 3471 432 3523 τῶν
469 3473 758 3542 σωμάτων·
786 3473 920 3528 διότι
954 3477 1174 3544 ἀφανῶς
1218 3478 1328 3548 (92)
1359 3496 1503 3542 τινος
1537 3479 1767 3549 θερμοῦ,
1807 3481 1902 3532 καὶ

321 3562 640 3634 αἰσθητικοῦ
670 3566 906 3636 μετέχει,
940 3569 1033 3620 τοῦ
1058 3570 1297 3634 πλείονος
1333 3572 1776 3641 διαπνεομένου.ι

2006 3394 2087 3438 tes
2118 3383 2164 3436 ei
2196 3383 2332 3435 duas
2362 3381 2685 3442 attribuunt,
2714 3379 2922 3432 ratione
2946 3377 3246 3446 praeditam,
3274 3377 3325 3428 in
3359 3385 3578 3446 pectore

2003 3477 2348 3535 collocatam,
2382 3481 2436 3527 et
2460 3473 2685 3526 rationis
2717 3479 3014 3542 expertem,
3056 3479 3165 3524 tota
3196 3471 3400 3539 passim
3454 3485 3576 3524 cor-

2004 3566 2151 3637 poris
2183 3564 2322 3618 mole
2354 3563 2630 3617 diffusam.
2657 3561 2828 3616 Porro
2859 3560 3202 3615 Democritus
3234 3560 3396 3624 idem,
3442 3574 3578 3613 cun-

319 3667 405 3709 eta
457 3667 649 3727 suapte
683 3667 876 3714 natura
923 3673 1128 3717 certam
1177 3665 1416 3718 animam
1474 3666 1673 3719 habere
1724 3672 1898 3734 putat.
1972 3661 2136 3717 etiam
2192 3656 2456 3713 cadavera
2485 3676 2496 3710 :
2529 3666 2807 3726 propterea
2851 3657 2996 3726 quod
3044 3653 3332 3709 manifeste
3375 3653 3575 3708 calor.s

321 3765 537 3819 semper
569 3767 634 3806 ac
686 3767 883 3808 sensus
924 3757 1123 3823 aliquid
1177 3761 1445 3815 retineant
1494 3762 1609 3831 ipsa
1653 3777 1890 3831 quoque,
1931 3757 2168 3812 inaxima
2199 3755 2324 3810 licet
2355 3763 2506 3824 parte
2527 3753 2638 3822 jam
2671 3753 2898 3820 dilapsa.
2937 3771 2955 3803 ι

835 3846 1228 3901 ΚΕΦΑΑΑΙΟΝ
1263 3849 1381 3904 EA’.

759 3936 898 4002 Περὶ
929 3937 1033 3990 τοῦ
1060 3940 1416 4008 ἡγεμονικοῦ

393 4043 411 4072 ι
447 4023 690 4088 Πλάτων,
715 4027 1047 4099 Δημόκριτος
1069 4069 1082 4091 ,
1126 4032 1304 4102 ἐν’ὃλῃ
1352 4035 1416 4103 τῇ
1459 4032 1688 4104 κεφαλῇ.
1722 4030 1894 4102 Στρά-

317 4134 444 4180 των,
476 4118 532 4169 ὲν
558 4119 870 4189 μεσοφρύῳ.
908 4122 1347 4193 Ἐρασίστρατος,
1375 4125 1502 4196 περὶ
1529 4125 1628 4196 τὴν
1655 4125 1895 4196 μήνιγγα

316 4209 413 4262 τοῦ
447 4210 768 4277 ἐγκεφάλου,
801 4215 868 4281 ἢν
897 4214 1219 4284 ἐπικρανίδα
1267 4214 1436 4281 λέγει.
1482 4216 1787 4285 Ἦκόιριλος,
1835 4215 1894 4266 ὲν

317 4305 384 4373 τῇ
419 4302 511 4354 τοῦ
536 4303 835 4371 ἐγκεφάλου
869 4303 1066 4374 κοιλίᾳ,
1097 4305 1218 4374 ἥτις
1253 4307 1368 4357 ἐστὶ
1407 4305 1499 4357 καὶ
1527 4306 1702 4376 βάσις.
1741 4307 1891 4375 Παρ-

320 4394 567 4465 μενίδης,
601 4397 658 4446 ὲν
687 4395 791 4465 ὅλῳ
822 4395 900 4465 τῷ
923 4395 1150 4465 θώρακι.
1194 4396 1532 4465 Ἐπίκουρος,
1581 4398 1630 4448 oi.
1664 4395 1892 4448 Στωῖκοὶ

318 4485 536 4549 πάντες,
561 4487 618 4540 ὲν
649 4486 745 4558 ὅλῃ
763 4489 828 4557 τῇ
852 4487 1060 4559 καρδίᾳ.
1103 4487 1377 4556 Διογένης,
1409 4489 1466 4540 ὲν
1489 4490 1552 4557 τῇ
1578 4488 1886 4559 ἀρτηριακῇ

315 4577 490 4648 κοιλία
520 4578 616 4646 τῆς
644 4579 894 4650 καρδίας,
941 4580 1060 4649 ἥτις
1107 4581 1222 4632 ἐστὶ
1273 4584 1637 4650 πνευματική.
1682 4581 1884 4649 Ἐμπε-

313 4669 508 4738 δοκλῆς
526 4668 603 4732 δὲ,
632 4672 688 4722 ὲν
706 4673 771 4741 τῇ
811 4670 903 4724 τοῦ
934 4672 1161 4741 αἵματος
1214 4671 1487 4723 συστάσει.
1515 4673 1576 4723 0i
1626 4670 1693 4732 δ’,
1730 4673 1786 4723 ἐν
1810 4671 1886 4742 τῷ

312 4763 706 4833 διαφράγματι.
737 4763 855 4816 Τῶν
894 4763 1172 4834 νεωτέρων
1223 4763 1365 4826 τινὲς
1407 4762 1612 4832 διήκειν
1651 4763 1760 4814 ἀπὸ
1794 4780 1885 4814 κε-

313 4855 488 4924 φαλῆς
523 4855 682 4924 μέχρι
705 4854 799 4907 τοῦ
848 4855 1276 4926 διαφράγματος.
1326 4852 1664 4924 Πυθαγόρας,
1697 4853 1758 4904 τὸ
1787 4852 1884 4922 μὲν

312 4947 537 5010 ζωτικὸν
569 4949 696 5016 περὶ
724 4948 821 5017 τὴν
850 4947 1096 5018 καρδίαν,
1130 4946 1190 4998 τὸ
1216 4945 1271 4999 δὲ
1322 4945 1535 5012 λογικὸν
1577 4945 1670 4997 καὶ
1703 4943 1884 5013 νοερὸν

312 5039 442 5109 περὶ
482 5038 580 5108 τὴν
619 5039 912 5108 κεφαλήν.»
971 5038 1216 5090 Τοσαῦτα
1264 5039 1360 5106 μὲν
1403 5035 1467 5106 δὴ
1513 5038 1606 5087 καὶ
1644 5033 1712 5087 τὰ
1757 5035 1884 5105 περὶ

311 5131 497 5183 τῶνδε.
521 5128 645 5202 Ἆρ’
685 5129 778 5184 οὖν
819 5133 918 5184 οῦκ
970 5132 1028 5184 ἐν
1066 5131 1188 5201 δίκῃ
1262 5148 1344 5183 σοι
1377 5129 1644 5200 δοκοῦμεν
1701 5127 1880 5198 κρίσει

311 5224 403 5275 κει)⁵
454 5222 696 5294 λογισμῷ
740 5224 838 5294 τῆς
879 5222 1083 5275 τούτων
1125 5224 1379 5276 ἁπάντων
1423 5221 1733 5293 ἀνωφελοῦς
1789 5221 1882 5274 καὶ

310 5315 676 5380 πολυπλανοῦς
727 5316 1112 5387 ματαιοπονίας
1135 5317 1608 5387 ἀνακεχωρηκέναι
1629 5333 1644 5380 ;
1663 5316 1754 5369 καὶ
1775 5315 1882 5368 τῶν

311 5408 408 5478 μὲν
458 5409 760 5479 εἰρημένων
815 5410 980 5480 μηδὲν
1016 5408 1517 5479 πολυπραγμονεῖν⁸
1572 5408 1734 5478 (μηδὲ
1773 5407 1881 5478 γὰρ

307 5501 437 5569 ὁρᾷν
460 5498 520 5564 ἐξ
545 5499 724 5552 αὐτῶν
768 5499 827 5553 τὸ
881 5499 1174 5562 λυσιτελὲς,
1207 5499 1301 5551 καὶ
1334 5499 1558 5553 αὐτόθεν
1610 5501 1879 5551 συντεῖνον

309 5589 442 5658 πρὸς
463 5589 750 5657 ὠφέλειαν,
777 5590 870 5642 καὶ
896 5588 1102 5658 ἀγαθοῦ
1129 5590 1317 5660 κτῆσιν
1338 5589 1686 5661 ἀνθρὼποις’)
1713 5589 1880 5660 μόνης

363 5746 474 5813 (90)
529 5746 688 5801 Forte
729 5747 1122 5817 παραλυκίσαν.

351 5820 458 5887 dit)
514 5820 880 5887 Πυθαγόρας.
923 5818 1052 5872 Ibid.
1087 5818 1178 5873 lib.
1207 5834 1280 5884 tv,
1306 5833 1425 5887 cap.
1454 5817 1506 5870 4.

2584 3841 2810 3896 CAPUT
2845 3842 2976 3895 LXI.

2371 3931 2447 3987 De
2471 3932 2701 4002 principe
2728 3934 2892 3986 animi
2931 3934 3208 4002 facultate.

2080 4043 2098 4075 ι
2131 4023 2283 4078 Plato
2311 4035 2366 4078 et
2409 4024 2770 4087 Democritus,
2816 4035 2928 4079 toto
2958 4041 3076 4079 eam
3106 4027 3159 4081 in
3193 4029 3368 4098 capite
3398 4033 3570 4086 collo-

1999 4127 2144 4171 cant.
2175 4118 2378 4180 Strato,
2407 4118 2820 4186 superciliorum
2852 4118 2904 4172 in
2933 4119 3127 4190 medio,
3179 4119 3567 4187 Erasistratus,

1996 4207 2141 4261 circa
2183 4206 2390 4260 cerebri
2424 4207 2819 4273 membranam,
2851 4223 3012 4276 quam
3046 4210 3413 4278 epicranidem
3452 4214 3570 4283 ipse

1997 4299 2262 4352 nominat.
2288 4296 2582 4368 Ecophiltts
2606 4298 2658 4352 in
2681 4299 2888 4352 cerebri
2915 4301 3236 4368 ventriculo,
3269 4319 3380 4372 quo
3400 4306 3564 4359 etiam

1993 4391 2156 4444 veluti
2192 4390 2544 4446 fundamento
2571 4391 2806 4460 quodam
2853 4392 3136 4446 innitatur.
3189 4393 3564 4464 Parmenides,

1994 4491 2107 4536 toto
2130 4482 2182 4535 in
2215 4490 2451 4550 pectore.
2484 4481 2776 4553 Epicurus,
2803 4500 2867 4538 ac
2895 4485 3059 4539 Stoici
3087 4502 3298 4550 omnes,
3326 4488 3378 4540 in
3401 4490 3566 4542 corde

1994 4581 2126 4626 toto.
2166 4571 2453 4643 Diogenes,
2504 4575 2557 4627 in
2608 4575 2792 4629 cordis
2842 4577 3054 4631 arteria:
3105 4592 3366 4639 concavo.
3421 4581 3565 4648 quod

1989 4665 2184 4732 Spiritu
2216 4664 2482 4733 imprimis
2519 4665 2783 4720 abundat.
2833 4667 3207 4737 Erupedocles,
3265 4678 3376 4724 tota
3431 4688 3564 4724 sau-

1988 4755 2167 4825 guinis
2199 4756 2250 4808 in
2307 4757 2465 4810 mole.
2528 4757 2633 4810 Alii
2681 4759 2924 4827 quidam,
2975 4760 3028 4812 in
3078 4761 3393 4815 membrana
3442 4779 3564 4831 qua:

1987 4845 2139 4899 cordi
2200 4847 2546 4915 oppanditur.
2579 4846 2680 4900 Alii
2720 4863 2848 4900 vero
2879 4847 2931 4900 in
2958 4847 3387 4918 diaphragmate.
3417 4847 3562 4903 Nou-

1987 4937 2120 4991 uulli
2161 4953 2227 4992 ex
2280 4939 2715 5005 recentioribus,
2769 4957 2798 4993 a
2841 4941 3019 5009 capite
3075 4939 3140 4993 ad
3188 4949 3558 4996 transversum

1987 5030 2118 5082 illud
2147 5042 2356 5100 septum
2399 5032 2683 5101 pertinere.
2724 5030 3079 5102 Pythagoras,
3107 5030 3326 5086 vitalem
3357 5033 3409 5086 in
3441 5048 3560 5087 cur-

1986 5137 2135 5191 pore.
2170 5123 2382 5177 ratione
2415 5125 2690 5194 praeditam
2739 5133 2901 5193 atque
2947 5124 3244 5193 spiritalem
3295 5124 3348 5177 in
3383 5124 3561 5193 capite

1984 5217 2283 5271 constituit.
2314 5236 2333 5268 ι
2361 5219 2538 5286 Atque
2565 5218 2824 5272 hactenus
2863 5217 3311 5287 philosOphorum
3343 5227 3559 5273 nostro-

1985 5324 2104 5361 rum
2142 5308 2246 5362 lioc
2276 5309 2442 5362 etiam
2477 5324 2658 5362 rerum
2686 5308 2741 5362 in
2781 5324 2977 5378 genere
3011 5308 3262 5363 dissidia.
3297 5307 3557 5379 Nunquid

1983 5416 2112 5470 ergo
2135 5400 2252 5466 tibi,
2281 5410 2432 5456 certo
2456 5400 2685 5470 judicio,
2721 5415 3028 5472 magnaque
3063 5416 3186 5455 cum
3236 5402 3446 5455 ratione
3475 5401 3558 5455 vi-

1982 5491 2206 5558 demur,
2256 5507 2286 5546 a
2336 5502 2446 5545 tam
2494 5491 2664 5558 inani,
2722 5506 3080 5561 errorumque
3128 5491 3280 5560 plena
3337 5491 3553 5545 illorum

1982 5583 2226 5638 omnium
2280 5583 2599 5638 curiositate
2638 5582 2832 5639 merito
2872 5582 3238 5640 discessisse?
3286 5599 3392 5638 non
3427 5583 3553 5649 jure

2051 5757 2162 5828 (92)
2204 5757 2376 5824 Plato,
2403 5758 2699 5836 διαφανῶς.
