4136 6392
566 333 706 386 1405

1202 329 1479 386 EUSEBll
1514 329 1998 386 CAESARIENSIS
2033 331 2186 386 0P9.
2226 333 2411 390 PARS
2445 328 2509 388 ll.
2548 366 2616 377 —
2656 333 3160 395 APOLOGETIGA.

3699 342 3720 396 1
3734 342 3847 397 404

563 451 850 520 superiora
883 451 1064 504 omnia
1099 451 1297 505 habere
1325 467 1529 521 susque
1555 450 1752 522 deque,
1783 453 1877 522 qui
1909 451 2145 507 fructum

2254 455 2305 508 δὲ
2327 455 2425 525 τῆς
2451 457 2594 526 ἀμφὶ
2626 455 2717 508 τὸν
2751 457 2968 509 πάντων
2997 455 3327 528 δημιουργὸν
3363 454 3496 508 θεὸν
3553 455 3848 521 εὐσεϐείας

560 563 626 600 ex
662 546 728 600 iis
761 545 1004 612 nullum,
1041 545 1176 599 nihil
1220 547 1366 616 quod
1408 561 1504 615 per
1529 561 1651 601 sese
1698 546 1908 600 homini
1938 547 2145 600 utilita-

565 646 672 689 tem
709 637 898 702 ullam,
934 637 1172 706 bonique
1191 637 1597 707 possessionem
1638 636 1848 703 aﬂ‘erat,
1879 637 2146 692 exsistere

561 727 891 781 videamus?
937 729 1032 782 sed
1089 744 1253 809 imam
1308 729 1454 782 illam
1509 730 1725 799 potius,
1780 746 1906 800 erga
1961 745 2146 785 rerum

561 819 810 873 omnium
859 821 1167 875 molitorem
1217 822 1386 875 Deum
1421 821 1678 891 pietatem
1720 823 1918 890 colere,
1966 834 2150 880 castae-

560 927 668 981 que
699 913 841 978 vitae,
878 929 942 966 ac
970 923 1137 969 totius
1168 914 1277 969 Deo
1305 917 1479 982 chari,
1511 918 1880 987 virtutemque
1908 918 2148 986 comple-

560 1007 757 1060 ctentis
805 1007 1038 1063 instituti
1087 1010 1415 1077 rationibus,
1464 1012 1641 1067 eidem
1685 1014 2004 1082 praepotenti
2037 1013 2148 1069 Deo

560 1100 776 1169 placere
813 1103 1001 1156 conari
1027 1104 1050 1154 ?
1072 1101 1226 1168 Quod
1257 1104 1302 1158 si
1335 1105 1716 1160 malevolentia
1743 1109 1976 1176 quadam
2007 1107 2148 1160 invi-

561 1192 762 1260 diaque
807 1204 1113 1264 correptus,
1169 1196 1236 1250 ad
1284 1213 1469 1250 verum
1522 1197 1651 1251 illud
1699 1199 1854 1252 nobis
1901 1198 2146 1252 testimo-

563 1285 715 1338 nium
750 1284 1034 1340 ferendum
1069 1302 1210 1358 mgre
1260 1289 1425 1342 niuiis
1464 1305 1528 1343 ac
1569 1290 1795 1343 moleste
1840 1290 2147 1355 adduceris,

564 1378 762 1432 iterum
812 1386 864 1432 te
911 1379 1348 1448 sapientissimus
1396 1382 1486 1436 ille
1534 1382 1845 1436 ercorum
1897 1380 2150 1438 Socrates

562 1479 885 1533 autevertet,
918 1472 1010 1541 qui
1062 1473 1275 1527 sincere
1309 1488 1531 1527 causam
1570 1473 1714 1528 hanc.
1759 1483 2002 1527 nostram
2048 1489 2150 1527 suo

563 1563 771 1618 dudum
823 1563 1084 1635 suﬁ‘ragio
1117 1565 1514 1635 comprobavit.
1567 1564 1705 1620 lstos
1753 1547 2150 1619 enimverolre-

563 1671 686 1710 rum
717 1658 1062 1727 superiorum
1095 1659 1347 1728 garrulos
1373 1668 1725 1723 scrutatores,
1767 1657 2006 1711 insanire
2031 1658 2149 1727 pla-

565 1751 814 1812 nirsime.
848 1767 947 1806 nec
973 1767 1001 1806 a
1037 1753 1258 1807 furiosis
1306 1755 1606 1825 quidquam
1650 1752 1869 1807 diil‘erre
1898 1752 2150 1806 ostende-

2248 548 2487 619 ἔχεσθαι,
2522 552 2616 603 καὶ
2649 550 2737 603 διὰ
2769 550 3046 623 σώφρονος
3097 549 3234 628 βίου,
3271 550 3371 618 τῆς
3404 567 3462 603 τε
3510 548 3676 620 ἄλλης
3717 552 3844 604 κατ’

2247 640 2451 712 ἀρετὴν
2470 641 2749 711 θεοφιλοῦς
2782 642 3057 706 πολιτείας
3091 641 3436 713 ἀρεσκόντως
3466 639 3562 711 ζῇν
3605 641 3850 694 σπουδά-

2250 732 2362 798 ζειν
2394 732 2471 803 τῷ
2505 735 2597 786 ἐπὶ
2627 734 2843 786 πάντων
2883 732 3035 804 Θεῷ;
3090 732 3227 785 Ἀλλ’
3256 734 3306 785 εί
3338 731 3432 784 καὶ
3466 731 3530 783 σὺ
3569 729 3848 800 βασκανίᾳ

2249 824 2344 878 καὶ
2379 824 2558 895 φθόνῳ
2595 824 2691 896 τὴν
2717 823 2893 894 ἀληθῆ
2919 823 3223 896 μαρτυρίαν
3270 824 3402 893 ἡμῖν
3444 820 3748 892 προσέσθαι
3774 820 3847 873 δι’

2249 917 2407 971 ὅκνου
2441 918 2647 988 φέρεις,
2689 917 2884 985 φθάσει
2931 917 2993 985 γέ
3035 933 3094 969 σε
3157 915 3318 969 πάλιν
3343 918 3371 969 ὁ
3397 915 3613 967 πάντων
3651 912 3850 982 Ἐλλή-

2249 1027 2354 1063 νων
2382 1007 2694 1080 σοφώτατος
2739 1009 3035 1080 Σωκράτης
3080 1007 3179 1072 τὰς
3223 1007 3363 1078 ὑπὲρ
3409 1007 3567 1077 ἡμῶν
3620 1005 3846 1074 ψήφους

2250 1101 2559 1172 φιλαλήθως
2588 1100 3032 1172 ἐξενηνεγμένος.
3065 1101 3204 1163 Τοὺς
3233 1099 3363 1167 γοῦν
3398 1097 3850 1168 μετεωρολέσχας

2250 1195 2490 1258 ἐκείνους
2526 1195 2899 1266 μωραίνοντας
2930 1193 3274 1253 ἀπεδείκνυε,
3323 1190 3416 1242 καὶ
3453 1188 3618 1259 μηδὲν
3651 1204 3849 1257 μαινο-

2255 1286 2432 1357 μένων
2457 1283 2974 1356 διαφέρεινλέλεγενο
3029 1281 3349 1351 ἀπελέγχων
3376 1279 3572 1340 αὐτοὺς
3607 1277 3846 1349 διαρρή-

2250 1379 2366 1449 δην,
2403 1380 2462 1431 οὐ
2493 1378 2652 1449 μόνον
2687 1378 2763 1441 ὡς
2815 1377 3123 1447 ἀνεφίκτων
3158 1374 3538 1448 ὀρεγομένους.
3575 1369 3712 1424 ἀλλά
3747 1370 3849 1422 καὶ

2252 1470 2381 1542 περὶ
2414 1471 2661 1541 ἄχρηστα
2683 1469 2779 1522 κα)⁸
2808 1467 3057 1538 ἀνωφελῆ
3080 1465 3158 1538 τῷ
3189 1466 3287 1537 βίῳ
3317 1463 3844 1536 κατατριϐομένους.

2253 1564 2439 1618 Ταῦτα
2466 1563 2525 1617 δέ
2561 1581 2643 1616 σοι
2694 1563 2790 1616 καὶ
2838 1563 2867 1615 ὁ
2893 1560 3127 1634 πρόσθεν
3179 1559 3517 1631 μαρτυρήσει
3565 1554 3846 1623 Ξενοφῶν,

2254 1655 2576 1728 Σωκράτους
2605 1655 2839 1726 ἑταίρων
2873 1651 3318 1724 γνωριμώτατος,
3350 1644 3452 1703 ὦδὲ
3480 1666 3558 1718 πη
3614 1647 3847 1719 γράφων

2254 1749 2311 1802 ὲν
2346 1748 2990 1817 Ἀπομνημονεύμασιν.

563 1844 695 1897 bat:
739 1859 835 1898 eos
880 1845 1056 1914 palam
1091 1845 1254 1916 853
1315 1858 1608 1916 aperteque
1660 1843 1994 1915 coargueris,
2039 1857 2147 1894 non
2188 1839 2349 1894 modo
2377 1838 2521 1909 quod
2552 1838 2668 1892 suis
2693 1838 2852 1908 longe
2880 1835 3089 1890 viribus
3127 1833 3332 1903 majora
3391 1838 3684 1894 tentarent,
3747 1829 3845 1882 sed

562 1936 724 1990 etiam
769 1941 916 2007 quod
952 1939 1005 1992 in
1043 1941 1205 1995 rebus
1246 1941 1607 2003 inanissimis,
1653 1951 1704 1994 et
1754 1942 1822 1994 ab
1857 1937 2009 1993 omni
2079 1937 2331 1990 humanae
2362 1933 2488 1988 vitae
2546 1933 2726 1987 fructu
2763 1931 2972 1996 vacuis,
3033 1928 3270 1983 studium
3326 1939 3660 1995 operamque
3708 1938 3846 1976 con-

563 2037 821 2085 tererent.
849 2030 1022 2102 Hujus
1059 2033 1152 2087 tibi
1193 2034 1267 2088 rei
1301 2044 1577 2090 auctorem
1615 2034 1756 2089 dabo
1800 2035 1913 2104 jam
1983 2032 2264 2086 laudatum
2295 2043 2459 2097 supra
2521 2025 2966 2096 Xenophontem,
3028 2023 3272 2078 Socratis
3325 2020 3630 2074 amicorum
3683 2019 3844 2087 longe

565 2122 938 2190 notissimum,
968 2126 1060 2194 qui
1094 2126 1209 2181 suis
1255 2127 1308 2180 in
1352 2125 1787 2181 Memorabilibus
1830 2127 1933 2180 hoc
1967 2125 2145 2194 ipsum
2185 2118 2369 2174 verbis
2403 2120 2624 2174 totidem
2652 2119 3034 2185 consignatum
3077 2116 3316 2184 reliquit.

1151 2221 1379 2276 CAPUT
1410 2221 1570 2277 LXII.

565 2307 748 2378 Ipsum
761 2312 1229 2382 quoqueSocratem
1241 2317 1421 2371 (Ira-co
1429 2332 1542 2368 rum
1556 2316 1680 2370 olim
1691 2315 2157 2385 sapientissimum,

599 2396 688 2435 eos
712 2385 802 2452 qui
825 2403 997 2458 rerum
1021 2387 1278 2451 ejusmodi
1311 2387 1641 2458 physiologia
1679 2398 1947 2454 tantopere
1971 2386 2159 2438 insoleo

600 2465 820 2520 soerent,
839 2457 914 2510 vel
929 2459 1023 2510 hoc
1047 2459 1252 2511 nomine
1267 2458 1504 2512 vecvrdes
1535 2457 1582 2512 et
1602 2461 1815 2512 insanos
1843 2458 2154 2516 ostendisse,

599 2527 815 2598 quodin
847 2528 998 2581 rebus
1030 2529 1093 2581 ab
1119 2531 1260 2582 omni
1280 2529 1589 2598 vitwfructu
1614 2530 1790 2583 vacuis
1805 2543 1999 2598 suaque
2012 2527 2155 2579 omni

605 2593 1226 2665 facultatesuperioribus
1240 2593 1473 2654 studium
1489 2616 1798 2669 operamque
1809 2593 2150 2652 contererent.

647 2709 665 2742 ι
709 2689 973 2757 Socratis,
1005 2692 1178 2762 inquit
1220 2691 1549 2766 Xenophon,
1583 2708 1742 2747 nemo
1779 2708 2020 2761 unquam
2054 2691 2154 2744 im-

567 2790 715 2861 pium
752 2791 970 2862 aliquod
1015 2801 1068 2845 et
1124 2791 1454 2860 improbum,
1484 2799 1579 2845 aut
1624 2789 1826 2844 factum
1876 2789 2027 2853 vidit,
2062 2796 2157 2842 aut

567 2884 795 2937 verbum
827 2882 1054 2937 audivit.
1087 2882 1196 2938 Nec
1234 2885 1377 2937 enim
1427 2885 1472 2937 is
1499 2923 1513 2945 ,
1557 2892 1615 2937 ut
1661 2883 1903 2954 plerique
1939 2898 2150 2946 omnes,

568 2976 635 3030 de
664 2985 857 3030 natura
902 2991 1081 3030 rerum
1117 2977 1368 3030 universa
1401 2975 1750 3044 disputabat;
1797 2975 2156 3044 quemadmo-

570 3067 698 3120 dum
741 3067 829 3121 hic
864 3081 1006 3133 sese,
1043 3067 1120 3120 uti
1155 3082 1183 3120 a
1216 3067 1482 3136 SOphistis
1511 3075 1756 3131 vocatur,
1790 3067 2028 3120 mundus
2059 3068 2154 3119 ha-

570 3159 716 3221 beat,
759 3167 854 3212 aut
885 3159 1085 3228 quibus
1117 3159 1459 3214 necessitatis
1493 3159 1704 3229 legibus
1733 3159 1974 3214 cmlestia
2005 3175 2154 3228 qua:-

569 3265 678 3318 que
707 3250 860 3315 iiant,
889 3249 1166 3305 curiosius
1200 3249 1554 3319 investigatis.
1592 3248 1704 3302 imo
1732 3265 1879 3316 vero,
1913 3249 2005 3319 qui
2051 3250 2153 3302 hoc

571 3339 626 3391 in
659 3339 1022 3408 quaestionum
1052 3355 1248 3408 genere
1276 3341 1436 3393 anxie
1469 3348 1836 3404 versarentur,
1867 3354 1960 3393 eos
1995 3338 2152 3406 plane

571 3430 814 3485 insanire
837 3429 1175 3485 ostendebat.
1207 3431 1284 3484 Ac
1314 3431 1550 3499 primum
1581 3430 1799 3498 quidem
1830 3430 1882 3483 in
1917 3430 2020 3484 illis
2049 3430 2152 3484 hoc

571 3522 873 3590 spectabat,
931 3531 1113 3576 utrum
1175 3537 1235 3576 se
1285 3538 1466 3575 rerum
1515 3521 1879 3575 humanarum
1936 3522 2152 3576 abunde

572 3613 776 3681 peritos
820 3629 943 3668 esse
976 3613 1104 3677 rati,
1157 3614 1222 3668 ad
1276 3613 1586 3682 superiores
1632 3613 1752 3668 illas
1781 3613 2019 3668 studium
2051 3629 2152 3667 cu-

572 3719 798 3774 ramque
835 3705 1236 3771 transferrent;
1291 3723 1358 3760 an
1401 3722 1549 3771 vero,
1582 3723 1706 3761 cum
1753 3705 2014 3774 neglectis
2048 3705 2152 3758 hu-

574 3797 751 3852 manis
783 3798 965 3854 divina
1015 3799 1365 3865 rimarentur,
1399 3815 1499 3854 suo
1552 3799 1652 3855 sibi
1693 3813 1919 3853 munere
1948 3797 2152 3852 cilicio-

572 3905 680 3960 que
713 3889 866 3961 fungi
896 3893 1228 3946 viderentur.
1264 3892 1469 3946 Deinde
1515 3891 1818 3947 mirabatur
1845 3891 2028 3956 etiam,
2086 3891 2154 3944 ab

575 3981 694 4037 istis
728 3998 795 4036 ne
828 3983 932 4038 hoc
965 3984 1182 4051 quidem
1218 3985 1409 4047 videri,
1441 3999 1613 4054 genus
1645 3984 1697 4038 id
1727 3983 2054 4053 cognitionis
2086 3981 2154 4036 ab

574 4075 891 4131 hominibus
940 4076 1171 4131 obtineri
1211 4092 1316 4130 non
1352 4092 1551 4146 posse:
1601 4091 1724 4130 cum
1757 4075 1831 4130 illi
1883 4075 2006 4145 ipsi,
2059 4076 2152 4145 qui

574 4169 1036 4237 disputationibus
1071 4169 1383 4240 hujusmodi
1424 4177 1707 4238 tantopere
1759 4168 2152 4233 intumescunt,

576 4279 682 4316 non
711 4262 822 4330 jam
858 4262 1000 4317 inter
1051 4277 1169 4317 sese
1199 4262 1548 4326 conveniant,
1577 4261 1670 4316 sed
1703 4261 1882 4330 potius
1915 4259 2154 4316 furioso-

575 4371 695 4409 rum
727 4355 914 4424 utique
956 4370 1108 4409 more
1138 4356 1457 4410 dissideant.
1489 4353 1564 4408 Ex
1611 4354 1835 4409 furiosis
1865 4355 2033 4418 enim,
2063 4351 2154 4406 alii

575 4467 642 4505 ne
674 4451 997 4520 gravissima
1046 4449 1264 4520 quidem
1295 4448 1677 4514 reformidant,
1724 4449 1840 4510 alii,
1865 4463 1985 4518 quae
2019 4446 2152 4501 nihil

574 4544 737 4598 etiam
769 4543 1005 4596 habeant
1041 4543 1288 4612 periculi,
1330 4543 1708 4597 extimescunt.
1755 4540 2040 4596 Nonnullis
2069 4539 2153 4593 vel

574 4637 629 4691 in
662 4636 837 4690 media
863 4636 1043 4700 turba,
1069 4635 1337 4705 quidlibet
1363 4644 1453 4688 aut
1479 4635 1626 4705 loqui
1645 4643 1739 4689 aut
1765 4635 1964 4698 lacere,
1999 4643 2155 4702 turpe

573 4745 686 4786 non
716 4728 971 4784 videtur:
1007 4729 1096 4784 alii
1132 4738 1322 4784 contra
1358 4729 1461 4784 sibi
1493 4743 1559 4782 ne
1608 4729 1889 4782 hominum
1933 4727 2153 4798 quidem

575 4825 630 4880 in
683 4824 998 4880 societatem
1051 4823 1376 4877 veniendum
1425 4836 1547 4875 esse
1616 4820 1965 4889 persuadent.
2018 4817 2157 4874 Sunt

2773 2212 3170 2267 ΚΕΦΑΛΛΙΟΝ
3203 2208 3319 2263 EB’.

2272 2314 2388 2366 'Ou
2441 2313 2536 2368 καὶ
2572 2309 2691 2364 τῶν
2731 2305 3042 2371 Ἑλλήνων
3082 2309 3113 2360 ό
3144 2303 3488 2373 σοφώτατος
3528 2301 3844 2368 Σωκράτης

2330 2384 2472 2449 τοὺς
2496 2383 2594 2435 ἐπὶ
2625 2380 2698 2448 τῇ
2729 2378 2848 2434 τῶν
2875 2376 3322 2449 προσιρημένων⁸
3341 2373 3708 2449 φυσιολογίᾳ
3736 2388 3841 2449 με·

2327 2442 2483 2525 γάλα
2513 2442 3268 2525 δαιμονῶντας,μωραίνοντας
3293 2443 3710 2525 ἀπεδείκνυεν,
3764 2442 3843 2505 ὡς

2330 2513 2463 2593 kept
2495 2513 2770 2592 ἄχρηστα
2797 2513 2876 2586 τῷ
2911 2519 3031 2583 ,βίῳ
3070 2517 3167 2570 καὶ
3209 2513 3604 2582 ἀκατάληπτα
3660 2527 3841 2568 κατα-

2325 2594 2724 2665 τριϐομένους.

2332 2709 2352 2741 ι
2389 2688 2575 2749 Οὐδεὶς
2606 2685 2716 2757 (95)
2754 2683 2811 2737 δὲ
2838 2679 3058 2735 πώποτε
3095 2678 3416 2749 Σωκράτους
3445 2675 3597 2729 οὐδὲν
3625 2674 3839 2737 ἀσεϐὲς,

2255 2783 2375 2838 οὐδὲ
2409 2781 2620 2836 ἀνόσιον
2671 2777 2794 2831 οὔτε
2825 2777 3154 2848 πράττοντος
3197 2767 3356 2834 εἶδεν,
3410 2770 3534 2823 οὔτε
3589 2769 3842 2836 λέγοντος

2255 2878 2505 2947 ἤκουσεν.
2539 2871 2674 2925 Οὐδὲ
2706 2869 2814 2940 γάρ
2841 2869 2969 2938 περὶ
3007 2866 3103 2936 τῆς
3137 2863 3245 2916 τῶν
3294 2861 3550 2916 ἁπάντων
3601 2859 3839 2928 πεύσεως,

2256 2961 2399 3039 ᾗπερ
2419 2964 2526 3016 τῶν
2556 2961 2730 3016 ἄλλων
2758 2961 2806 3011 οἱ
2832 2957 3090 3017 πλεῖστοι,
3129 2951 3417 3020 διελέγετο,
3452 2948 3671 3002 σκοπῶν
3692 2947 3844 3006 ὅπως

2255 3036 2286 3111 δ
2335 3056 2665 3125 καλούμενος
2698 3050 2804 3104 ὑπὸ
2850 3049 2956 3101 τῶν
3007 3043 3274 3116 σοφιστῶν
3322 3042 3524 3112 κόσμος
3579 3038 3717 3109 ἔχει,
3748 3036 3843 3090 καὶ

2253 3151 2394 3204 τίσιν
2428 3148 2692 3214 ἀνάγκαις
2725 3143 2934 3197 ἕκαστα
2961 3141 3169 3208 γίνεται
3198 3136 3304 3190 τῶν
3359 3134 3650 3206 οὐρανίων·
3704 3131 3843 3184 ἀλλά

2255 3245 2347 3298 καὶ
2379 3243 2504 3305 τοὺς
2535 3238 2913 3311 φροντίζοντας
2939 3235 3007 3288 τὰ
3037 3231 3283 3292 τοιαῦτα,
3312 3229 3683 3301 μωραίνοντας
3714 3227 3845 3278 ἀπε-

2256 3335 2489 3389 δείκνυε.
2524 3332 2634 3385 ιςαὶ
2667 3328 2880 3401 πρῶτον
2929 3327 3026 3397 μὲν
3081 3323 3208 3395 περὶ
3245 3321 3424 3374 αὐτῶν
3459 3319 3705 3375 ἐσκόπει,
3744 3316 3841 3368 πό-

2251 3425 2386 3496 τερά
2415 3440 2544 3476 ποτε
2578 3420 2896 3490 νομίσαντες
2947 3415 3145 3478 ἱκανῶς
3174 3413 3274 3484 ἤδη
3306 3410 3375 3464 τά
3416 3407 3734 3480 ἀνθρώπινα
3768 3408 3843 3459 εἰ·

2256 3516 2426 3574 δέναι,
2444 3514 2693 3585 ἔρχονται
2725 3510 2816 3562 ἐπὶ
2841 3507 2901 3561 τὸ
2929 3506 3057 3577 περὶ
3085 3503 3194 3558 τῶν
3226 3501 3484 3555 τοιούτων
3511 3498 3839 3570 φροντίζειν,

2181 3573 2221 3629 C
2256 3604 2289 3674 ἢ
2316 3601 2386 3655 τὰ
2411 3573 2849 3673 μὲνῇάνθρώπινα
2875 3573 3160 3667 παρέντες,
3217 3592 3285 3646 τὰ
3318 3592 3568 3662 δαιμόνια
3613 3590 3671 3642 δὲ
3718 3606 3844 3642 σκο-

2259 3695 2486 3758 ποῦντες
2517 3691 2773 3764 ἡγοῦνται
2805 3688 2874 3742 τά
2924 3689 3266 3760 προσήκοντα
3319 3685 3594 3756 πράττειν.
3644 3681 3839 3735 Ἐθαύ-

2260 3786 2399 3857 μαζε
2419 3785 2495 3847 δὲ,
2521 3786 2568 3836 εί
2592 3783 2666 3855 μὴ
2694 3781 2926 3853 φανερὸν
2959 3780 3141 3841 αὐτοῖς
3167 3780 3300 3839 ἔστι,
3333 3778 3416 3830 ὅτι
3449 3775 3627 3828 ταῦτα
3653 3776 3714 3827 οὐ
3753 3775 3840 3826 δυ-

2257 3877 2416 3932 νατὸν
2445 3873 2754 3946 ἀνθρώποις
2778 3873 2978 3942 εὑρεῖν·
3015 3870 3136 3923 ἐπεὶ
3166 3870 3260 3923 καὶ
3286 3871 3410 3932 τοὺς
3441 3867 3681 3937 μέγιστα
3709 3885 3840 3937 φρο-

2257 3970 2479 4032 νοῦντας
2503 3969 2594 4020 ἐπὶ
2621 3967 2696 4037 τῷ
2719 3964 3070 4036 περὶτούτων
3098 3962 3276 4032 λέγειν
3307 3962 3368 4014 οὐ
3400 3959 3573 4014 ταὺτά
3595 3959 3840 4025 δοξάζειν

2257 4060 2525 4132 ἀλλήλοις,
2559 4058 2691 4112 ἀλλὰ
2742 4058 2974 4119 καὶτοῖς
3008 4053 3352 4127 μαινομένοις
3402 4051 3604 4121 ὁμοίως
3641 4049 3840 4102 διακεί-

2259 4153 2380 4207 σθαι
2414 4152 2550 4223 πρὸς
2585 4149 2864 4219 ἀλλήλους.
2897 4148 3017 4200 Τῶν
3066 4165 3126 4201 τε
3171 4145 3278 4218 γὰρ
3330 4143 3691 4216 μαινομένων,
3715 4143 3839 4204 τοὶς

2261 4246 2358 4316 μὲν
2387 4244 2506 4297 οὐδὲ
2539 4242 2606 4296 τὰ
2631 4242 2780 4296 δεινὰ
2799 4241 3046 4301 δεδιέναι,
3075 4240 3200 4302 τοὺς
3231 4238 3285 4292 δὲ
3317 4235 3497 4291 καὶτὰ
3522 4234 3595 4305 μὴ
3634 4233 3840 4303 φοϐερὰ

2258 4337 2559 4407 φοϐεῖσθαιο
2602 4336 2696 4390 καὶ
2724 4339 2834 4398 τοῖς
2872 4335 2968 4405 μὲν
2998 4333 3106 4387 οὐδ’
3140 4334 3198 4384 ὲν
3229 4330 3368 4401 ὄχλῳ
3391 4331 3569 4382 δοκεῖν
3613 4327 3839 4398 αἰσχρὸν

2257 4429 2395 4485 εἶναι
2431 4431 2610 4499 λέγειν
2658 4429 2690 4501 ἦ
2720 4431 2891 4482 ποιεῖν
2945 4425 3142 4488 ὁτιοῦν,
3166 4427 3279 4488 τοῖς
3320 4423 3377 4477 δὲ
3427 4422 3534 4476 οὐδ’
3567 4420 3839 4491 ἐξιτητέον

2257 4526 2338 4588 είς
2363 4523 2684 4595 ἀνθρώπους
2718 4517 2857 4574 εἶναι
2885 4520 3080 4573 δοκεῖν·
3109 4518 3204 4570 καὶ
3234 4517 3359 4580 τοὺς
3395 4516 3492 4586 μὲν
3523 4514 3637 4568 οὗθ’
3675 4514 3836 4587 ἱερὸν,

2257 4617 2379 4672 οὔτε
2403 4617 2606 4688 βωμὸν,
2640 4615 2751 4668 οὔτ’
2786 4615 2912 4667 ἄλλο
2966 4613 3074 4665 τῶν
3109 4611 3267 4664 θείων
3297 4609 3448 4663 οὐδὲν
3501 4611 3691 4679 τιμᾷν,
3715 4609 3838 4670 τοὺς

2257 4713 2311 4768 δὲ
2333 4713 2425 4766 καὶ
2460 4711 2610 4777 ξύλα,
2638 4711 2732 4765 καὶ
2754 4709 2933 4772 λίθους
2957 4708 3084 4770 τοὺς
3110 4707 3390 4776 τυχόντας,
3434 4704 3528 4757 καὶ
3559 4704 3726 4775 θηρία
3758 4704 3839 4755 σέ-

2258 4807 2468 4860 ϐεσθαι·
2503 4805 2611 4859 τῶν
2658 4821 2718 4857 τε
2770 4805 2898 4876 περὶ
2955 4803 3052 4873 τῆς
3099 4801 3207 4854 τῶν
3242 4800 3457 4853 πάντων
3506 4798 3722 4866 φύσεως
3748 4815 3840 4866 με-

572 4917 665 4988 qui
716 4931 825 4971 non
880 4915 1164 4985 templum,
1208 4929 1315 4968 non
1367 4929 1541 4980 aram,
1576 4913 1741 4985 854
1771 4929 1878 4967 non
1909 4913 2151 4968 divinum

2263 4898 2579 4972 ριμνώντων
2602 4900 2715 4960 τοῖς
2748 4897 2844 4966 μὲν
2875 4897 3052 4948 δοκεῖν
3078 4894 3134 4946 ἓν
3172 4894 3331 4964 μόνον
3351 4892 3410 4944 τὺ
3447 4890 3506 4942 ὃν
3536 4886 3697 4953 εἶναι,
3729 4893 3839 4951 τοῖς

573 5010 800 5064 omnino
850 5010 1145 5079 quidquam
1209 5017 1579 5062 venerentur:
1643 5015 1772 5061 sunt
1839 5007 2000 5062 etiam
2065 5006 2158 5076 qui

573 5101 757 5173 lignis,
803 5102 895 5172 qui
949 5102 1126 5156 obviis
1179 5102 1490 5172 quibusque
1545 5103 1836 5171 lapidibus,
1893 5102 1986 5172 qui
2028 5102 2160 5171 ipsis

571 5210 794 5266 quoque
828 5193 958 5250 feris
992 5195 1196 5249 cultum
1242 5195 1555 5249 exhibeant.
1600 5192 1691 5250 Sic
1738 5195 1966 5249 istorum
1999 5209 2030 5248 e
2061 5209 2162 5248 nu-

573 5303 747 5355 mero,
789 5287 881 5359 qui
925 5295 1176 5342 naturam
1213 5303 1394 5342 rerum
1437 5289 1813 5342 universarum
1849 5287 2156 5357 explorant,

573 5382 712 5438 alios
742 5382 948 5444 Videas,
980 5381 1202 5450 quibus,
1232 5381 1282 5436 id
1310 5397 1472 5436 omne
1499 5383 1645 5452 quod
1675 5392 1776 5448 est,
1795 5399 1963 5436 unum
1994 5381 2158 5435 modo

574 5477 706 5547 quid
745 5490 866 5532 esse
899 5475 1144 5543 placeat;
1195 5473 1354 5540 alios,
1387 5476 1478 5545 qui
1532 5491 1618 5529 res
1652 5475 1998 5529 multitudine
2030 5476 2156 5529 inti-

579 5571 720 5625 nitas
755 5585 874 5625 esse
929 5571 1117 5623 velint.
1172 5568 1407 5635 Quidam
1442 5569 1652 5622 moveri
1702 5583 1917 5636 Semper
1945 5567 2152 5631 omnia,

579 5663 782 5718 moveri
832 5664 968 5717 nihil
1019 5681 1260 5735 unquam
1316 5679 1475 5732 posse
1526 5661 1745 5734 quidam
1797 5662 2150 5716 arbitrantur.

651 5797 760 5868 (93)
802 5798 1032 5865 Οὐδείς.
1069 5799 1392 5869 Xenophon.
1428 5800 1461 5854 l.
1494 5817 1510 5854 ι
1555 5797 1911 5859 Μεηιοναὺὶι..
1943 5813 1994 5867 p.
2029 5796 2150 5851 710.

2257 4994 2314 5046 δὲ
2347 4993 2550 5063 ἄπειρα
2573 4991 2633 5043 τὸ
2657 4990 2878 5059 πλῆθος·
2915 4990 3009 5041 καὶ
3034 4989 3145 5051 τοῖς
3183 4987 3282 5058 μὲν
3333 4983 3422 5037 ἀεὶ
3467 4983 3644 5036 πάντα
3675 4985 3838 5034 κινεῖ-

2259 5085 2404 5147 σθαι,
2437 5087 2547 5147 τοῖς
2575 5084 2629 5136 δὲ
2653 5083 2803 5136 οὐδὲν
2835 5083 2896 5136 ἄν
2929 5098 3058 5133 ποτε
3103 5079 3409 5148 κινηθῆναιο
3445 5077 3540 5130 καὶ
3592 5079 3705 5138 τοῖς
3740 5074 3838 5144 μὲν

2261 5177 2481 5230 ἅπαντα
2504 5174 2748 5243 γίνεσθαί
2787 5193 2846 5228 τε
2893 5174 2987 5226 καὶ
3009 5171 3364 5233 ἀπόλλυσθαι,
3397 5173 3507 5232 τοῖς
3527 5169 3584 5222 δὲ
3610 5167 3722 5221 οὔτ’
3773 5167 3836 5219 ἂν

2259 5265 2509 5336 γενέσθαι
2568 5267 2697 5319 ποτὲ
2752 5266 2921 5329 οὐδὲν,
2983 5264 3105 5318 οὔτε
3141 5263 3456 5319 ἀπολέσθαι.
3499 5259 3754 5313 Ἐσκόπει
3782 5257 3838 5309 δὲ

2267 5361 2394 5432 περὶ
2427 5359 2602 5413 αὐτῶν
2655 5361 2748 5412 καὶ
2801 5361 2946 5414 τάδε·
2997 5356 3121 5430 Ἆρ’
3177 5359 3366 5429 ὥσπερ
3405 5359 3451 5409 oi
3491 5351 3839 5423 τάνθρώπινα

2268 5453 2626 5524 μανθάνοντες
2651 5451 2910 5524 ἡγοῦνται
2928 5450 3075 5504 τοῦθ’
3121 5451 3149 5504 ὃ
3183 5469 3234 5504 τι
3268 5449 3332 5504 ἂν
3360 5447 3601 5520 μάθωσιν
3628 5444 3842 5501 ἑαυτοῖς

2262 5564 2321 5599 τε
2345 5545 2562 5599 καὶτῶν
2590 5544 2764 5598 ἄλλων
2807 5544 2914 5612 ὅτῳ
2961 5545 3025 5596 ἂν
3077 5543 3370 5613 βούλωνται
3402 5540 3666 5610 ποιήσειν’
3700 5534 3841 5588 οὕτω

2263 5642 2357 5696 καὶ
2389 5641 2438 5694 οἱ
2465 5640 2531 5695 τά
2557 5639 2676 5694 θεῖα
2709 5638 2997 5710 ζητοῦντες
3031 5638 3364 5714 νομίζουσιν,
3398 5633 3615 5688 ἐπειδὰν
3641 5631 3841 5701 γνῶσιν
