4136 6392
268 387 410 443 1403

1401 374 1721 431 ΡΒᾸΞΡΑΒ.
1766 371 2018 430 EVANG.
2063 372 2190 428 LIB.
2230 372 2346 428 XV.

3405 373 3545 428 1406

268 502 354 569 αἷς
406 502 672 570 ἀνάγκαις
709 499 916 552 ἕκαστα
949 495 1179 565 γίνεται,
1232 495 1497 565 ποιήσειν,
1551 495 1678 546 ὅταν
1731 491 1856 560 βού-

1968 489 2108 545 Sunt
2160 491 2254 560 qui
2307 499 2360 544 et
2407 488 2559 544 nasci
2607 488 2861 544 universa
2908 488 3111 556 dicant,
3165 499 3220 545 et
3272 490 3542 557 interire,

269 598 490 659 λωνται,
517 594 611 648 καὶ
630 593 890 663 ἀνέμους,
923 589 1018 644 καὶ
1050 588 1240 651 ὕδατα,
1275 587 1368 642 καὶ
1412 587 1582 658 ὥρας,
1609 587 1703 640 καὶ
1732 587 1855 639 ὅτου

269 691 337 744 ἂν
361 688 522 744 ἄλλου
552 686 778 741 δέωνται
810 685 920 738 τῶν
948 683 1206 737 τοιούτων
1230 701 1244 748 ;
1279 680 1546 754 ἤτοιοῦτο
1574 682 1672 753 μὲν
1706 681 1858 735 οὐδὲν

267 782 376 836 οὐδ’
399 779 733 844 ἐλπίζουσιν,
767 778 930 849 ἀρκεῖ
968 777 1013 830 δ’
1047 777 1231 839 αὐτοῖς
1257 775 1459 834 γνῶναι
1497 775 1656 847 μόνον
1749 773 1860 827 τῶν

267 873 523 929 τοιούτων
555 872 762 925 ἕκαστα
784 871 1054 939 γίγνεται.
1090 869 1226 940 Περὶ
1263 867 1362 938 μὲν
1394 863 1488 920 οὖν
1519 866 1627 919 τῶν
1684 866 1858 939 ταῦτα

270 962 805 1034 πραγματευομένων
832 960 1056 1015 τοιαῦτα
1081 961 1287 1029 ἔλεγεν·
1320 960 1483 1023 αὐτὸς
1505 959 1560 1012 δὲ
1595 960 1724 1029 περὶ
1747 959 1854 1012 τῶν

269 1055 626 1127 ἀνθρωπείων
683 1055 773 1109 ἀεὶ
819 1054 1108 1122 διελέγετο,
1167 1051 1386 1106 σκοπῶν
1427 1052 1480 1104 τί
1529 1051 1772 1114 εὐσεϐὲς,
1805 1048 1857 1103 τί

268 1147 484 1211 ἀσεϐές·
519 1149 572 1201 τί
595 1147 778 1212 καλὸν,
806 1146 860 1199 τί
888 1145 1129 1217 αἰσχρόν·
1155 1144 1207 1198 τί
1229 1143 1457 1209 δίκαιον,
1492 1145 1549 1198 τί
1580 1143 1784 1196 ἄδικον·
1805 1141 1860 1194 τί

269 1239 614 1311 σωφροσύνη,
640 1241 692 1294 τί
731 1241 914 1311 μανία.
929 1260 948 1292 ι

1961 592 2091 638 sunt
2122 592 2312 638 contra
2390 581 2482 652 qui
2519 581 2653 636 nihil
2684 590 2778 636 aut
2807 591 2988 636 ortum
3021 599 3258 653 unquam
3319 593 3415 638 aut
3442 598 3545 637 un-

1961 691 2124 747 quam
2161 675 2506 730 interiturum
2539 691 2661 730 esse
2683 674 2992 729 defendant.
3023 673 3140 740 Qua
3163 674 3228 728 de
3261 676 3542 730 hominum

1963 769 2178 823 ratione
2207 767 2483 837 qumrebat
2518 767 2649 821 illud
2701 777 3001 837 praeterea;
3039 783 3165 820 uum
3206 777 3261 820 ut
3312 769 3405 836 qui
3441 769 3544 822 hu-

1964 859 2145 914 manis
2177 859 2387 913 artibus
2413 872 2639 928 operam
2671 869 2889 920 navant,
2919 857 3077 926 cujus
3117 857 3297 926 operis
3325 861 3544 912 modum

1963 952 2343 1020 rationemque
2395 951 2724 1017 didicerint,
2775 949 2827 1004 id
2875 967 2998 1005 cum
3051 951 3173 1015 sibi,
3230 961 3342 1004 tum
3393 951 3547 1004 alteri

1965 1045 2190 1098 cuilibet
2225 1044 2484 1114 perlicere
2517 1059 2576 1098 se
2621 1059 2781 1112 posse
2808 1044 3089 1097 confidunt
3120 1061 3134 1109 ;
3165 1043 3236 1096 ita
3265 1043 3359 1112 qui
3407 1043 3548 1094 divi-

1968 1151 2159 1190 narum
2198 1137 2252 1190 in
2303 1151 2486 1190 rerum
2524 1135 2879 1205 inquisitione
2927 1146 3230 1199 versentur,
3259 1143 3546 1204 postquam

1970 1232 2071 1300 ipsi
2107 1247 2214 1301 qua
2244 1247 2473 1301 qumque
2499 1231 2823 1286 necessitate
2863 1229 3015 1295 liant,
3049 1229 3252 1298 Optime
3285 1244 3551 1296 cognove_

269 1333 400 1401 rint,
436 1342 547 1388 tum
575 1350 636 1388 ea
663 1330 722 1390 se
763 1335 1201 1404 quotiescunque
1249 1331 1491 1395 libuerit,
1541 1340 1756 1395 ventos,
1821 1327 2056 1398 pluvias,
2123 1333 2515 1395 tempestates,
2567 1334 2620 1379 et
2689 1324 2733 1378 si
2781 1339 2891 1392 quo
2935 1323 3200 1393 ejusmodi
3257 1323 3365 1376 alio
3412 1337 3550 1391 opus

272 1425 586 1492 habuerint,
617 1426 828 1482 edicere
881 1441 1042 1496 posse
1087 1426 1442 1488 existiment;
1484 1441 1551 1478 an
1588 1423 1771 1493 potius
1804 1419 1855 1474 id
1899 1434 1963 1474 ne
2028 1427 2247 1488 sperent
2313 1418 2554 1487 quidem,
2599 1432 2704 1486 qua
2759 1416 2933 1469 solum
2965 1415 3204 1485 quidque
3234 1415 3326 1468 ﬁat
3377 1415 3548 1468 ratio-

273 1535 398 1574 nem
440 1527 628 1574 tenere
662 1521 925 1576 contenti.
960 1519 1084 1578 Haec
1133 1521 1220 1575 ille
1280 1536 1402 1575 cum
1443 1520 1510 1574 de
1567 1532 1750 1572 rerum
1819 1516 2050 1569 istarum
2120 1511 2560 1583 exploratoribus
2599 1511 2823 1575 diceret,
2858 1518 2972 1563 tum
3024 1509 3279 1562 humanis
3324 1508 3438 1576 ipse
3482 1506 3549 1560 de

271 1617 437 1671 rebus
467 1626 727 1686 perpetuo
750 1617 1076 1683 disserebat,
1101 1628 1153 1672 et
1178 1617 1308 1687 quid
1333 1617 1482 1687 pium
1508 1624 1602 1670 aut
1626 1614 1878 1683 impium,
1909 1611 2039 1680 quid
2067 1610 2354 1664 honestum
2379 1617 2474 1662 aut
2495 1615 2670 1677 turpe,
2696 1607 2824 1676 quid
2845 1605 3055 1675 justum
3122 1613 3212 1658 aut
3259 1603 3546 1672 injustum,

269 1711 402 1780 quid
431 1727 624 1766 sanum
662 1721 759 1766 aut
793 1713 1050 1768 stolidum
1094 1712 1252 1777 foret,
1284 1712 1609 1780 inquirebat.
1647 1729 1665 1762 ι

343 1803 528 1856 Ταῦτα
564 1803 664 1875 μὲν
684 1801 778 1858 οὖν
807 1804 1123 1876 Σωκράτης.
1154 1804 1307 1858 Μετά
1345 1805 1402 1856 δὲ
1433 1805 1594 1858 αὑτὸν
1642 1804 1690 1855 οἱ
1738 1801 1865 1871 περὶ

2039 1792 2314 1846 Hactenus
2352 1789 2594 1846 Socratis
2631 1799 2863 1844 mentem
2915 1801 3076 1859 atque
3103 1792 3401 1844 orationem
3453 1789 3550 1843 ha-

284 1895 641 1967 Ἃρίστιππον
671 1897 760 1950 τὸν
786 1898 1113 1969 Κυρηναῖον,
1172 1896 1341 1950 ἔπειθ’
1375 1896 1600 1967 ὕστερον
1640 1897 1690 1948 οἱ
1731 1896 1860 1964 περὶ

298 1988 586 2059 Αρίστωνα
608 1988 698 2040 τὸν
722 1989 850 2041 Χῖον
875 1989 1237 2060 ἐπεχείρησαν
1261 1989 1460 2058 λέγειν,
1492 1989 1567 2051 ὡς
1589 1988 1696 2040 δέοι
1724 1988 1862 2057 μόνα

269 2080 341 2133 τὰ
364 2079 531 2150 ἠθικὰ
564 2080 891 2149 φιλοσοφεῖν.
929 2077 1081 2136 Εἶναι
1105 2083 1211 2155 γὰρ
1235 2082 1298 2153 δὴ
1325 2081 1497 2136 ταῦτα
1535 2082 1631 2152 μὲν
1661 2079 1860 2133 δυνατά

273 2174 365 2226 καὶ
389 2173 660 2244 ὠφέλιμαο
708 2173 834 2237 τοὺς
864 2174 1046 2244 μέντοι
1097 2175 1354 2247 περὶτῆς
1396 2177 1612 2244 φύσεως
1673 2174 1862 2242 λόγους

272 2266 381 2320 πᾶν
404 2265 730 2329 τούναντίον,
768 2267 903 2336 μήτε
929 2267 1310 2337 καταληπτοὺς
1333 2263 1493 2332 εἶναι,
1525 2267 1671 2338 μήτ’,
1705 2266 1862 2320 είκαὶ

271 2354 510 2423 ὀφθεῖεν,
542 2355 732 2424 ὄφελος
769 2356 913 2426 ἔχειν
971 2375 1041 2410 τι.
1078 2359 1262 2428 Μηδὲν
1303 2359 1410 2430 γὰρ
1470 2360 1601 2428 ἡμῖν
1644 2358 1863 2412 ἔσεσθαι

273 2449 459 2510 πλέον,
491 2447 610 2501 ἀλλ’
654 2448 762 2502 οὐδ’
788 2451 860 2514 εί,
911 2450 1300 2524 μετεωρότεροι
1336 2450 1429 2504 τοῦ
1469 2452 1724 2524 Περσέως
1759 2451 1862 2522 ἀρ-

273 2541 482 2606 θέντες,

359 2704 541 2776 ’Υπέρ
574 2722 639 2759 τε
693 2706 918 2759 πόντου
972 2706 1141 2776 χεῦμ’
1179 2708 1331 2775 ὺπέρ
1388 2725 1450 2761 τε
1512 2707 1792 2772 Πλειάδα,

353 2796 534 2860 αὐτοῖς
580 2799 692 2860 τοῖς
720 2796 929 2868 ὄμμασι
959 2798 1268 2869 κατίδοιμεν
1294 2798 1384 2852 τὸν
1423 2802 1599 2854 πάντα
1639 2800 1862 2871 κόσμον,

278 2889 373 2941 κα)⁵
388 2889 488 2960 τὴν
503 2888 611 2942 τῶν
638 2888 807 2942 ὄντων
825 2890 1006 2961 φύσιν,
1023 2890 1144 2960 ἥτις
1167 2891 1368 2962 δήποτέ
1385 2893 1547 2944 ἐστιν.
1565 2893 1637 2945 Οὐ
1667 2892 1776 2964 γὰρ
1801 2893 1865 2963 δὴ

273 2979 365 3035 διά
385 2996 449 3048 γε
497 2978 655 3033 τοῦτο
693 2981 1154 3054 φρονιμωτέρους,
1203 2982 1655 3053 ἢδικαιοτέρους,
1702 2982 1734 3052 ἢ
1775 2984 1866 3034 ἁν-

273 3072 685 3143 δρειοτέρους,ῆ
711 3074 1175 3146 σωφρονεστέρους
1209 3075 1357 3144 ἡμᾶς
1381 3072 1617 3126 ἔσεσθαι·
1643 3072 1733 3125 καὶ⁸
1757 3073 1863 3142 μὴν

1966 1885 2178 1938 bemus.
2213 1882 2349 1936 Eum
2375 1881 2685 1950 Aristippus
2709 1880 3024 1952 Cyrenaeus,
3049 1897 3112 1934 ac
3138 1881 3331 1934 deinde
3366 1881 3549 1936 Aristo

1962 1976 2132 2030 Chius
2171 1975 2368 2040 secuti,
2406 1990 2512 2028 nou
2551 1973 2657 2027 nisi
2691 1974 2756 2029 de
2788 1974 3034 2028 moribus
3055 1973 3546 2042 philosophandum

1963 2081 2085 2121 esse
2123 2066 2448 2120 docuerunt.
2494 2063 2673 2118 Unum
2710 2065 2854 2119 enim
2911 2065 3013 2119 hoc
3066 2063 3308 2120 scientia;
3355 2081 3547 2132 genus,

1962 2166 2014 2211 ct
2037 2172 2195 2226 posse
2223 2156 2625 2227 comprehendi,
2648 2167 2700 2211 et
2721 2156 3016 2226 plurimum
3043 2158 3292 2212 utilitatis
3323 2157 3546 2212 alferre:

1965 2250 2086 2305 illas
2118 2250 2184 2305 de
2219 2261 2414 2304 natura
2441 2249 2794 2318 quaestiones,
2844 2257 2897 2303 et
2955 2249 3255 2304 humanum
3292 2265 3550 2320 superare

1965 2350 2208 2412 captum,
2253 2357 2352 2395 nec
2381 2349 2441 2394 ut
2482 2339 2752 2409 pervideri
2797 2341 3093 2410 aliquando
3127 2341 3357 2410 possint,
3395 2357 3550 2397 com-

1965 2434 2146 2505 pendii
2183 2433 2478 2504 quidquam
2515 2433 2734 2488 habere.
2772 2431 2918 2486 Nihil
2949 2435 3148 2504 quippe
3182 2435 3336 2490 nobis
3364 2451 3550 2491 acces-

1966 2541 2178 2587 surum,
2207 2525 2252 2580 si
2279 2525 2359 2580 vel
2387 2525 2571 2589 altius,
2604 2540 2768 2595 quam
2796 2523 3028 2580 Perseus
3051 2527 3186 2597 ipse,
3210 2545 3549 2599 raperentur,

1967 2626 2130 2686 atque
2154 2617 2288 2671 adeo

2148 2707 2414 2779 Pontique
2446 2709 2666 2777 ﬂuctus,
2697 2719 2852 2779 atque
2885 2708 3134 2764 Pleiadas
3171 2729 3354 2781 supra,

1969 2801 2234 2854 mundum
2287 2801 2648 2867 universum,
2699 2802 3010 2872 nudamque
3068 2820 3249 2858 rerum
3298 2814 3546 2860 naturam

1969 2893 2212 2946 omnium
2251 2894 2424 2948 oculis
2458 2908 2826 2948 cerucremus.
2852 2893 2962 2950 Nec
2987 2895 3132 2949 enim
3170 2897 3549 2965 prudentiores

1970 2985 2115 3050 inde,
2148 2985 2428 3053 justiores,
2462 2983 2735 3049 fortiores,
2771 2989 3220 3058 temperantiores
3264 3006 3365 3044 nos
3403 2991 3552 3045 futu-

1970 3093 2085 3141 ros,
2128 3078 2238 3131 imo
2288 3093 2356 3132 ne
2404 3078 2656 3132 robustos
2705 3080 2946 3149 quidem,
2977 3090 3072 3135 aut
3121 3080 3412 3145 formosos,
3457 3093 3553 3136 aut

274 3162 397 3215 οὐδὲ
430 3164 704 3234 ἰσχυροὺς,
737 3165 770 3236 ἢ
797 3165 1014 3230 καλοὺς,
1054 3164 1087 3235 ἢ
1121 3165 1426 3230 πλουσίους,
1464 3158 1538 3218 ὧν
1574 3165 1742 3236 χωρὶς
1768 3167 1863 3234 οὐχ

1969 3169 2426 3238 divites;quibus
2475 3170 2522 3225 si
2569 3170 2732 3225 rebus
2787 3188 3011 3236 careas,
3063 3175 3252 3227 beatus
3288 3189 3406 3228 esse
3442 3190 3550 3228 non

275 3251 390 3308 οἶόν
414 3273 474 3308 τε
503 3256 859 3326 εὐδαιμονεῖν.
894 3257 1057 3310 ’Ὅθεν
1088 3257 1263 3330 ὀρθῶς
1298 3253 1417 3310 εἶπε
1445 3259 1761 3329 Σωκράτης,
1782 3259 1862 3312 ὅτι

276 3347 386 3400 τῶν
416 3346 584 3400 όντων
603 3347 672 3401 τά
695 3349 792 3419 μὲν
830 3350 970 3421 ὑπὲρ
993 3351 1141 3420 ἡμᾶς
1193 3350 1300 3421 εἴη,
1350 3351 1418 3403 τὰ
1459 3349 1514 3402 δὲ
1541 3351 1693 3403 οὐδὲν
1727 3351 1865 3422 πρὸς

278 3440 448 3510 ἡμᾶς.
484 3434 639 3494 Εἶναι
677 3441 784 3513 γὰρ
824 3441 892 3494 τὰ
932 3443 1134 3511 φυσικά
1185 3443 1283 3514 μὲν
1327 3443 1467 3515 ὑπὲρ
1511 3444 1680 3514 ἡμᾶς,
1714 3443 1781 3496 τά
1808 3444 1864 3496 δὲ

281 3531 422 3604 μετὰ
442 3531 671 3586 θάνατον
689 3533 841 3586 οὐδὲν
873 3535 1007 3606 πρὸς
1037 3536 1203 3606 ἡμᾶς’
1230 3536 1366 3605 μόνα
1394 3535 1450 3588 δὲ
1483 3536 1618 3607 πρὸς
1638 3537 1784 3608 ἡμᾶς
1799 3537 1866 3589 τά

279 3623 616 3696 ἀνθρώπινα.
659 3625 843 3699 Ταύτῃ
892 3627 950 3681 δὲ
978 3629 1072 3683 καὶ
1117 3628 1324 3700 χαίρειν
1359 3629 1520 3682 αὐτὸν
1546 3631 1768 3684 εἰπόντα
1797 3633 1865 3703 τῇ

291 3718 654 3790 ’Δναξαγόρου
675 3721 770 3774 καὶ
822 3720 1116 3793 Ἀρχελάου
1153 3722 1493 3794 φυσιολογίᾳ,
1518 3723 1722 3793 ζητεῖν,

286 3989 441 4040 Ὅττι
500 3989 553 4040 οἱ
599 3987 670 4041 ἐν
695 3988 1008 4059 μεγάροισι
1065 3992 1254 4044 κακόν
1318 3993 1365 4044 τ’
1397 3992 1626 4134 ἀγιῖθόν
1673 4008 1736 4046 τε
1782 3991 1870 4044 τέ-

1527 4080 1757 4116 τυκται.

1527 4080 1757 4116 τυκται.

281 4153 394 4206 Καὶ
428 4151 600 4217 ἄλλως
626 4153 682 4206 δὲ
709 4149 847 4206 εἶναι
873 4155 996 4218 τοὺς
1022 4157 1283 4221 φυσικοὺς
1303 4155 1493 4224 λόγους
1517 4157 1577 4208 οὐ
1599 4154 1868 4226 χαλεποὺς

281 4244 404 4297 οὐδὲ
436 4244 729 4308 ἀδυνάτους
759 4245 936 4315 μόνον,
973 4246 1108 4299 ἀλλὰ
1136 4247 1231 4298 καὶ
1261 4248 1478 4310 ἀσεϐεῖς
1518 4248 1612 4300 καὶ
1640 4249 1753 4310 τοῖς
1784 4246 1869 4300 νό-

286 4354 408 4408 μοις
433 4337 808 4401 ὑπεναντίους.
837 4338 976 4402 Τοὺς
1007 4338 1116 4408 γὰρ
1156 4337 1338 4405 ἀξιοῦν
1375 4339 1499 4410 μηδ’
1538 4335 1678 4392 εἷναι
1712 4340 1870 4404 θεοὺς

282 4429 344 4481 τὸ
371 4428 654 4500 παράπαν,
675 4431 804 4492 τοὺς
833 4429 911 4492 δὲ,
939 4430 1188 4502 ἄπειρον,
1231 4431 1262 4501 ἢ
1316 4430 1377 4482 τὸ
1401 4430 1482 4495 ὃν,
1512 4431 1544 4501 ἢ
1578 4432 1639 4484 τὸ
1663 4431 1743 4495 ἓν,
1774 4434 1869 4486 καὶ

283 4519 462 4574 πάντα
499 4521 700 4592 μᾶλλον
734 4523 766 4594 ἢ
790 4524 916 4586 τοὺς
942 4524 1350 4595 νομιζομένους.
1371 4525 1482 4595 Τήν
1505 4527 1550 4577 τ’
1568 4521 1632 4579 αὖ
1660 4525 1866 4595 διαφω-
1899 4505 1942 4560 Ῑ)

281 4611 401 4666 νίαν
434 4613 761 4684 παμπόλλην
783 4611 948 4669 οὖσαν
987 4615 1120 4688 (94).
1181 4617 1322 4679 Τοὺς
1356 4617 1454 4686 μὲν
1491 4617 1596 4688 γὰρ
1643 4617 1867 4689 ἄπειρον

281 4703 604 4770 ἀποφαίνειν
638 4705 699 4758 τὸ
722 4707 847 4769 πᾶν,
875 4707 1002 4766 τοὺς
1053 4707 1110 4760 δὲ
1144 4707 1584 4779 πεπερασμένον·
1615 4708 1709 4761 καὶ
1742 4710 1869 4772 τοὺς

285 4794 385 4866 μὲν
412 4794 597 4861 ἀξιοῦν
623 4797 838 4851 ἅπαντα
867 4798 1153 4862 κινεῖσθαι,
1187 4801 1311 4862 τοὺς
1365 4799 1420 4852 δὲ
1477 4799 1730 4864 καθάπαξ
1765 4818 1870 4872 μη-

280 4885 392 4940 δέν.
421 4888 530 4940 Καὶ
564 4888 670 4960 μὴν
699 4891 752 4943 εί
777 4907 828 4943 τι
867 4892 960 4944 καὶ
989 4891 1134 4955 ἄλλο,
1160 4893 1380 4947 πάντων
1417 4891 1614 4964 ἄριστά
1648 4910 1738 4961 μοι
1785 4892 1870 4944 δο-

283 4983 369 5032 κεῖ
398 4981 526 5052 περὶ
558 4982 763 5036 τούτων
798 4985 977 5038 αὐτῶν
1017 4987 1072 5038 ὲν
1099 4989 1212 5049 τοῖς
1241 4988 1491 5052 Σίλλοις
1517 4987 1612 5039 καὶ
1638 4988 1666 5039 ό
1706 4985 1867 5040 Φλιά-

284 5088 399 5136 σιος
428 5072 615 5144 Τίμων
642 5076 922 5147 εἰρηκέναι
948 5078 1093 5130 τάδε’

293 5253 388 5332 ης
424 5254 534 5332 γᾴρ
563 5257 706 5332 τούς
732 5257 782 5309 δ’
805 5257 956 5332 ὀλοῇ
981 5259 1128 5326 ἔριδι
1156 5259 1418 5328 ξυνέηκε
1446 5261 1771 5332 μάχεσθαι;

297 5323 515 5394 Ἠχοῦς
541 5327 881 5396 σύνδρομος
919 5323 1120 5398 ὄχλος.
1176 5332 1236 5384 '0
1277 5323 1406 5402 γὰρ,
1446 5323 1720 5387 bal}an
1760 5323 1869 5402 77:0-

281 5465 529 5519 Νοῦσον
565 5467 658 5520 ἐπ’
689 5468 909 5539 ἀνέρας
969 5467 1125 5539 ὦρσε
1153 5471 1355 5541 λάλην
1384 5490 1396 5502 ·
1446 5402 1761 5596 agitati???
1803 5472 1869 5525 δὲ

1522 5560 1759 5596 παυο.

1522 5560 1563 5595 π
1569 5560 1734 5597 σάμιοι
1748 5583 1759 5594 .

1522 5544 1759 5597 πολλοί.

293 5627 462 5700 Ὁρᾷς
494 5630 571 5695 ὡς
601 5632 700 5703 ἤδη
727 5634 822 5686 καὶ
850 5633 1116 5704 ἀλλήλους
1153 5543 1575 5688 σκώπτουσιν[οί
1597 5638 1866 5704 γενναῖοι;

285 5720 396 5790 Τὴν
423 5721 553 5789 γοῦν
591 5724 726 5796 πρὸς
759 5725 1020 5797 ἀλλήλους
1077 5728 1405 5798 φιλονεικίαν
1440 5727 1639 5792 αὐτῶν,
1690 5727 1785 5789 τάς
1813 5745 1868 5780 τε

361 5821 473 5889 (94)
516 5818 678 5875 Forte
717 5814 876 5875 εἶναι.

1966 3260 2166 3331 possis.
2200 3259 2482 3328 Quocirca,
2519 3261 2649 3317 illud
2686 3262 2942 3317 Socrates
2974 3264 3154 3318 dicere
3187 3266 3379 3320 solitus
3408 3275 3548 3329 erat,

1965 3370 1996 3408 e
2030 3354 2195 3408 rebus
2230 3353 2368 3408 alias
2397 3369 2560 3424 supra
2615 3371 2716 3410 nos
2757 3371 2899 3419 esse,
2957 3357 3093 3411 alias
3141 3358 3274 3411 nihil
3327 3360 3394 3412 ad
3450 3375 3550 3413 nos

1967 3447 2237 3516 pertinere
2271 3466 2285 3502 :
2333 3447 2588 3518 physicas
2632 3448 2777 3503 enim
2812 3457 2970 3519 captu
3007 3459 3197 3504 nostro
3243 3451 3551 3520 superiores

1967 3552 2135 3603 esse;
2195 3551 2318 3606 quae
2373 3553 2505 3592 vero
2534 3548 2763 3594 mortem
2823 3551 3258 3609 consequantur,
3301 3559 3332 3595 a
3391 3542 3550 3596 nobis

1969 3628 2194 3710 omnino
2239 3628 2584 3699 disjunctas:
2646 3632 2872 3700 proinde
2930 3643 3112 3686 nostra
3176 3635 3550 3687 tantummodo

1972 3717 2240 3774 humanas
2276 3719 2556 3775 interesse.
2607 3720 2771 3791 855
2831 3721 2972 3792 Ergo
3020 3723 3199 3778 valere
3227 3724 3379 3793 jussa
3441 3735 3548 3778 tam

1971 3813 2327 3885 Anaxagorae,
2346 3829 2511 3884 quam
2525 3813 2777 3870 Archelai
2804 3817 3164 3889 physiologia,
3185 3817 3288 3872 hoc
3301 3833 3358 3873 se
3382 3834 3548 3871 unum

1969 3920 2232 3974 quaerere,

1974 3993 2120 4060 Quid
2146 3994 2350 4064 laetum,
2371 3997 2498 4067 quid
2526 3997 2674 4050 triste
2697 3996 2842 4052 domi
2871 4015 2983 4053 sors
3007 4001 3223 4070 propria
3261 4009 3445 4054 verset.

1975 4147 2269 4204 Enimvero
2291 4149 2547 4220 physicas
2571 4150 2691 4206 illas
2713 4149 3129 4221 disputationes,
3155 4169 3262 4206 non
3293 4153 3553 4208 molestas

1971 4255 2095 4296 esse
2127 4240 2415 4306 duntaxat,
2471 4249 2526 4296 et
2577 4241 2814 4296 humana
2864 4241 3120 4297 facultate
3168 4245 3423 4313 majores,
3457 4244 3550 4297 sed

1974 4335 2172 4404 impias
2195 4334 2383 4399 etiam,
2421 4334 2742 4405 legibusque
2774 4338 3099 4391 contrarias.
3152 4337 3303 4390 Alios
3355 4339 3554 4406 quippe

1975 4425 2154 4480 nullos
2183 4426 2340 4495 plane
2372 4426 2504 4482 deos
2542 4428 2870 4495 admittere;
2929 4429 3065 4483 alios
3116 4437 3208 4481 aut
3256 4428 3550 4490 infinitum,

1974 4529 2069 4574 aut
2101 4520 2152 4575 id
2184 4520 2328 4590 quod
2369 4529 2472 4587 est,
2521 4530 2616 4575 aut
2663 4537 2854 4586 unum,
2907 4528 3001 4575 aut
3034 4521 3138 4574 alia
3176 4520 3429 4590 quzelihet
3460 4536 3555 4588 pro

1973 4613 2081 4667 diis
2131 4612 2351 4676 habere,
2403 4628 2565 4683 quam
2603 4614 2697 4684 qui
2734 4614 2898 4684 vulgo
2931 4615 3130 4682 recepti
3179 4621 3325 4666 sunt.
3381 4611 3558 4681 Atque

1975 4705 2076 4760 hos
2127 4704 2267 4758 inter
2326 4720 2577 4774 magnam
2634 4715 2894 4775 prater-ea
2958 4704 3355 4760 dissensionem
3413 4719 3553 4757 esse.

1974 4798 2123 4852 Alios
2161 4796 2307 4851 enim
2338 4797 2653 4852 universum
2685 4798 2954 4852 inlluitum
2984 4813 3207 4867 ponere,
3232 4796 3368 4852 alios
3391 4795 3557 4850 certis

1975 4890 2175 4944 llnihus
2203 4891 2660 4959 comprehensum
2692 4907 2705 4944 :
2745 4890 2984 4960 itemque
3033 4891 3169 4944 alios
3219 4889 3400 4944 omnia
3435 4905 3555 4943 mo-

1975 4987 2088 5040 veri
2144 4994 2426 5051 statuere,
2463 4984 2601 5039 alios
2650 4983 2875 5039 omnino
2920 4983 3077 5037 nihil.
3128 4982 3255 5036 Mihi
3303 4997 3457 5048 vero,
3510 4981 3556 5034 si

1974 5079 2269 5148 quidquam
2303 5079 2474 5142 aliud,
2526 5078 2631 5133 hoc
2661 5092 2794 5132 sane
2823 5076 3026 5145 optime
3058 5076 3126 5130 ab
3181 5077 3273 5129 illo
3331 5075 3559 5130 Timone

1975 5171 2217 5227 Phliasio
2247 5171 2300 5225 in
2334 5170 2485 5226 Sillia
2543 5170 2749 5225 dictum
2785 5170 3020 5232 videtur,

1980 5290 2172 5360 Ecquis
2202 5305 2288 5342 eos
2317 5288 2435 5341 diro
2464 5303 2652 5357 pugnae
2682 5285 3031 5360 inﬂammavit
3071 5287 3296 5360 artiore}

1976 5353 2302 5415 Coucurrens
2329 5353 2818 5429 linguwvfremitus.
2843 5354 3083 5429 Namque
3112 5354 3202 5429 ille
3222 5353 3470 5406 silentum

1979 5431 2293 5501 Impatiens,
2319 5426 2489 5482 morbi
2514 5428 2763 5501 contagia
2794 5426 2932 5495 [adu
2965 5427 3200 5495 loquacis

1979 5499 2250 5555 Irrtmisit:
2286 5517 2422 5554 swvo
2465 5499 2620 5551 multi
2652 5499 2852 5567 periere
2885 5512 3098 5551 ueneno.

1981 5637 2161 5702 Vides,
2193 5635 2657 5707 quemadmodum
2701 5649 2822 5688 sese
2859 5634 3089 5688 invicem
3129 5630 3376 5686 homines
3407 5643 3558 5699 egre-

1977 5732 2049 5802 gii
2081 5730 2375 5786 vellicent?
2402 5727 2617 5783 Mutuas
2659 5729 2876 5798 quidem
2915 5728 3131 5782 illorum
3163 5724 3557 5786 contentiones,
