4136 6392
618 374 756 429 1ιο7

1259 365 1536 424 EUSEBII
1571 361 2052 421 CESARIENSIS
2091 363 2241 418 OPP.
2286 361 2466 418 PARS
2499 361 2562 416 ll.
2604 393 2673 402 —
2710 359 3217 418 APOLOGETICA.

3762 363 3914 416 “03

617 510 830 565 pugnas
912 500 1076 560 atque
1128 489 1353 545 dissidia
1389 529 1404 553 ,
1449 487 1589 542 idem
1639 488 1754 556 ipse
1809 485 1968 540 Timo
2013 493 2206 554 praeter

2312 485 2510 556 μάχας,
2540 482 2634 536 καὶ
2681 481 2781 547 τὰς
2829 483 3172 546 διαστάσεις,
3213 480 3296 534 ἔτι
3328 480 3468 552 πρδς
3521 482 3634 544 τοῖς
3678 481 3915 552 εἰρημὲ-

616 585 869 655 superius
895 580 1049 646 illud,
1080 579 1436 650 sequentibus
1468 578 1722 634 versibus
1756 577 2125 642 adumbravit,

619 788 750 842 Dira
779 789 888 840 lues
921 786 1212 846 hominum,
1247 785 1534 847 contentio,
1564 801 1800 854 vanaque
1819 783 2059 852 jactans,

620 858 988 925 Mortiferique
1015 873 1166 909 soror
1195 855 1338 917 belli,
1363 871 1650 926 pugna'que
1685 856 1953 919 ministra,

621 929 856 990 Invadit,
885 944 1122 996 cwcoque
1151 927 1242 980 diu
1269 938 1424 994 rapta
1449 927 1655 994 impete.
1697 926 1908 978 tandem

621 999 914 1067 Conﬁrmat
939 995 1197 1068 grauitate
1227 1007 1383 1066 caput
1413 1013 1652 1066 spemque
1692 996 1870 1064 objicit
1901 995 2061 1048 ultro.

619 1179 824 1236 Verum
862 1180 1164 1243 enimvero,
1201 1194 1324 1233 cum
1375 1179 1637 1232 hactenus
1676 1185 1729 1230 et
1776 1187 1996 1233 mutuas
2032 1178 2208 1231 homi-

627 1288 759 1326 num
812 1274 1040 1328 islorum
1103 1270 1503 1336 altercationes,
1558 1281 1610 1324 et
1669 1270 1816 1324 illam
1866 1286 1972 1324 non
2027 1271 2208 1326 minus

624 1365 859 1418 alienam
890 1381 919 1419 a
952 1365 1109 1418 nobis
1155 1379 1317 1432 quam
1369 1363 1584 1416 inanem
1621 1378 1716 1432 per
1767 1378 1905 1426 sese,
1965 1363 2208 1431 nullique

624 1457 921 1527 parabilem
978 1439 1300 1510 cancrorum
1355 1455 1633 1522 omnium,
1686 1456 1886 1526 quibus
1939 1457 2208 1525 hodieque

624 1549 932 1619 philosophi
958 1549 1282 1619 gloriantur,
1302 1548 1693 1617 cognitionem,
1715 1563 1820 1601 non
1843 1548 1952 1616 jam
1979 1549 2205 1612 nostris,

623 1641 718 1695 sed
777 1640 1093 1694 domesticis
1165 1639 1384 1692 illorum
1459 1639 1703 1707 ipsorum
1779 1638 2210 1706 clarissimisque

624 1732 974 1796 testimoniis,
1011 1732 1228 1785 abunde
1275 1731 1732 1800 coarguerimus:
1783 1746 2019 1800 cumque
2065 1745 2207 1798 pra:-

2309 595 2418 642 νοις
2454 579 2482 630 ὁ
2519 575 2783 647 δηλωθεὶς
2813 576 2956 648 ἀνὴρ
2987 575 3175 629 τοῦτον
3216 574 3527 646 ὑπογράφει
3549 573 3640 629 τὸν
3661 579 3872 646 τρόπον
3894 592 3910 606 ’

2308 758 2487 827 Φοιτᾷ
2515 759 2584 813 δὲ
2603 758 2995 828 βροτολοιγὸς
3030 759 3177 827 ἔρις,
3203 758 3388 814 κενὸν
3413 759 3729 824 λελακυῖα,

2308 833 2525 896 Νείκης
2553 830 2947 900 ἀνδροφόνοιο
2968 830 3316 900 κασιγνήτη.
3359 830 3456 884 καὶ
3478 830 3692 898 ἔριδος,

2315 902 2392 955 Ἥ
2425 901 2473 952 τ’
2503 901 2660 968 (Mal;
2697 900 2831 968 περὶ
2869 899 3068 954 πάντα
3093 899 3456 954 κυλίνδεται·
3488 900 3675 968 αὐτὰρ
3695 901 3911 955 ἔπειτα

3377 972 3475 1025 καὶ
3540 971 3608 1037 ἐς
3679 971 3908 1024 ἐλπίδα

3513 1041 3791 1114 [βάλλει.

2323 972 2416 1038 Ἐς
2464 971 2685 1039 ,ϐρῖθος
2754 969 3034 1039 ἐστήριξε
3104 969 3298 1040 κάρη.

2323 1178 2485 1232 Ἀλλὰ
2513 1178 2620 1250 γὰρ
2655 1179 2748 1233 καὶ
2775 1178 2876 1249 τῆς
2903 1180 3044 1246 σφᾶς
3083 1178 3279 1241 αὐτοὺς
3305 1176 3744 1247 ἀποδεδεγμένης
3777 1175 3910 1230 πά-

2313 1289 2451 1336 σεως
2479 1274 2570 1325 καὶ
2627 1273 2828 1343 μάχης,
2871 1276 2969 1343 τῆς
3001 1289 3059 1326 τε
3096 1271 3260 1341 μηδὲν
3311 1273 3443 1341 ἡμῖν
3489 1270 3904 1342 προσηκούσης,

2313 1364 2572 1434 περιττῆς
2601 1363 2656 1416 δὲ
2690 1363 2884 1426 ἄλλως,
2914 1363 3009 1416 καὶ
3039 1362 3098 1415 οὐ
3142 1362 3389 1432 γνωστῆς
3421 1360 3676 1424 παιδείας
3709 1377 3770 1412 τε
3810 1361 3906 1414 καὶ

2315 1454 2604 1525 μαθήσεως
2632 1453 2740 1507 τῶν
2785 1453 2989 1506 λοιπῶν
3041 1453 3332 1516 ἁπάντων,
3375 1454 3433 1505 ὲν
3489 1446 3572 1515 οἷς
3608 1451 3778 1503 εἰσέτι
3810 1452 3907 1504 νῦν

2310 1546 2777 1617 ἀποσεμνύνονται
2811 1546 3115 1615 φιλοσόφων
3178 1545 3403 1606 παῖδες,
3443 1542 3906 1612 ἀπεληλεγμένων

2309 1640 2407 1709 οὐχ
2424 1639 2741 1709 ἡμετέραις,
2808 1641 2928 1701 ταῖς
2967 1638 3011 1690 δ’
3040 1638 3270 1700 οἰκείαις
3304 1636 3482 1690 αὐτῶν
3539 1636 3904 1700 ἀποδείξεσιν·

2311 1733 2369 1785 οὐ
2406 1730 2512 1803 μὴν
2537 1731 2675 1784 ἀλλὰ
2715 1731 2930 1801 καὶτῆς
2962 1730 3140 1793 αἰτίας
3178 1733 3258 1793 εἰς
3297 1729 3530 1801 φανερὸν
3550 1729 3824 1798 τεθείσης,
3839 1728 3902 1781 δι’

625 1834 770 1879 terea
830 1839 1054 1879 causam
1091 1823 1238 1877 illam
1288 1822 1544 1877 omnibus
1593 1821 1940 1890 spectandam
1973 1823 2206 1890 protule-

2312 1824 2378 1895 ἥν
2404 1823 2472 1876 τὰ
2493 1822 2656 1876 τῶνδε
2693 1822 3158 1893 ἀποστραφέντες,
3194 1823 3259 1876 τὰ
3300 1821 3566 1893 Ἐϐραίων
3597 1821 3752 1889 λόγια
3775 1839 3907 1892 προ-

627 1917 816 1981 rimus,
844 1932 966 1986 quae
1007 1931 1107 1970 nos
1137 1930 1260 1970 cum
1294 1913 1358 1968 ad
1393 1913 1784 1982 rcpudiandam
1830 1913 2073 1982 ipsorum
2105 1915 2205 1967 do-

625 2009 880 2073 ctrinam,
917 2017 1027 2062 tum
1061 2009 1124 2060 ad
1155 2006 1561 2076 complectenda
1601 2004 1949 2060 Hebraeorum
1982 2006 2204 2061 oracula

625 2101 900 2170 impulerit
929 2121 941 2155 :
975 2099 1143 2170 856
1178 2098 1505 2168 Evangelij
1538 2098 1665 2153 huic
1722 2098 2109 2166 Prwparationi
2139 2099 2204 2152 ti-

625 2191 1073 2264 nem'aliquando
1107 2193 1476 2262 imponamus.
1506 2190 1642 2246 Nam
1671 2208 1792 2261 quae
1821 2192 1887 2246 ad
1921 2190 2208 2261 perfectio-

625 2299 740 2339 retn
778 2284 924 2338 illam
961 2282 1442 2336 Demonstrationis
1469 2281 1798 2353 Evangelij
1825 2282 2205 2338 tractationem

625 2377 920 2447 pertinent,
949 2390 1148 2429 novum
1178 2373 1488 2443 disputandi
1520 2375 1848 2445 principium
1877 2377 2162 2445 requirunt
2189 2393 2203 2442 ;

631 2468 777 2538 quod
815 2467 1035 2537 quidem
1073 2481 1180 2519 non
1220 2465 1458 2529 aliunde,
1496 2482 1660 2535 quam
1697 2466 1765 2520 ab
1813 2482 1898 2534 ea,
1949 2482 2069 2537 qua:
2100 2467 2206 2521 sol-

628 2559 803 2614 venda
835 2559 993 2614 nobis
1031 2567 1298 2628 superest,
1344 2559 1647 2628 quaestione
1691 2561 1972 2615 ducemus.
2020 2558 2208 2615 Restat

630 2663 813 2707 autem
850 2652 902 2706 id
933 2667 1125 2718 unum,
1157 2660 1216 2705 ut
1238 2667 1449 2716 eorum,
1489 2651 1579 2720 qui
1616 2650 2088 2706 circumcisionem
2120 2667 2206 2704 re-

632 2749 828 2810 tinent,
887 2743 1258 2798 criminationi
1292 2744 1756 2812 respondeamus;
1817 2758 1914 2798 (θυι-
1959 2741 2202 2807 tandem,

628 2837 838 2894 externi
871 2845 924 2890 et
955 2835 1269 2902 alienigenae
1291 2849 1413 2888 cum
1445 2833 1636 2897 simus,
1667 2850 1857 2888 eorum
1889 2835 2062 2902 libris,
2100 2836 2207 2889 uti-

629 2944 735 2998 que
771 2927 900 2981 nihil
935 2928 1001 2981 ad
1040 2941 1140 2980 nos
1194 2925 1298 2996 (ut
1336 2924 1438 2996 ipsi
1467 2925 1687 2995 quidem
1721 2925 2048 2996 objiciunt,)
2083 2941 2208 2995 per-

632 3019 956 3086 tinentibus,
999 3019 1293 3072 abutamur
1341 3035 1356 3072 :

632 3115 873 3170 rationes
902 3113 1218 3170 earumdem
1255 3127 1319 3168 ex
1352 3112 1467 3182 lege
1496 3111 1860 3168 moderemur.

2310 1919 2704 1987 τετιμήκαμεν,
2742 1916 2812 1969 τὰ
2865 1916 2961 1986 μὲν
3017 1913 3118 1985 τῆς
3151 1913 3564 1984 Εὐαγτελικῆς
3587 1917 3905 1982 Προπαρα·

2305 2006 2537 2074 σκευῆς
2571 2009 2630 2060 ἐν
2651 2006 2861 2070 τούτοις
2897 2007 3026 2076 ἡμῖν
3060 2005 3442 2077 περιγράφθω.
3492 2003 3575 2056 Τὰ
3601 2005 3660 2058 δὲ
3691 2005 3792 2074 τῆς
3823 2007 3907 2057 ὲν-

2305 2098 2626 2171 τελεστέρας
2656 2096 3039 2167 πραγματείας
3070 2096 3168 2166 τῆς
3193 2096 3334 2149 κατὰ
3367 2094 3464 2165 τὴν
3482 2092 3903 2162 Εὐαγγελικὴν

2321 2190 2686 2255 Ἀπόδειξιν,
2707 2189 2805 2260 ἤδη
2824 2187 3009 2240 λοιπὸν
3034 2187 3390 2239 ἐπισκεπτέον
3412 2187 3504 2255 ἀφ’
3522 2185 3716 2256 ἑτέρας
3732 2183 3904 2250 λόγων

2309 2285 2502 2356 ἀρχῆς,
2520 2285 2619 2352 τῆς
2643 2281 2706 2352 δὴ
2729 2281 3023 2349 λειπούσης
3038 2278 3118 2349 τῷ
3137 2278 3508 2349 προϐλήματι,
3533 2277 3632 2346 τὴν
3655 2277 3905 2330 διδασκα-

2307 2376 2428 2429 λίαν
2455 2375 2859 2446 ποιησομένοις.
2887 2373 3079 2425 Λείπει
3108 2372 3151 2425 δ’
3180 2373 3288 2443 ἄρα
3319 2371 3458 2442 πρὸς
3493 2372 3620 2434 τοὺς
3650 2371 3717 2421 ὲκ
3740 2385 3899 2438 περι-

2307 2472 2481 2540 τομῆς
2548 2467 3036 2540 ὲπιμεμψαμὲνους
3087 2463 3510 2535 ἀποκρίνασθαι,
3571 2463 3625 2515 τι
3674 2461 3740 2532 δή
3776 2477 3901 2514 ποτε

2309 2561 2598 2630 ἀλλόφυλοι
2623 2561 2797 2624 ὄντες,
2838 2561 2932 2613 καὶ
2966 2559 3292 2626 ἀλλογενεῖς,
3326 2559 3448 2618 ταῖς
3487 2555 3670 2608 αὐτῶν
3702 2553 3901 2624 βὶὅλοις

2307 2652 2701 2725 ἀποχρώμεθα,
2737 2652 2901 2724 μηδὲν
2939 2654 3092 2722 ἡμῖν,
3113 2651 3188 2714 ὼς
3227 2650 3292 2703 ἂν
3333 2649 3490 2703 αὐτοὶ
3517 2651 3698 2718 φαῖεν,
3736 2663 3902 2718 προσ-

2305 2745 2588 2816 ηκούσαιςο
2633 2743 2664 2814 ἢ
2708 2744 2761 2796 τί
2799 2743 2863 2813 δὴ
2922 2742 2990 2796 τὰ
3033 2743 3166 2813 παρ’
3199 2741 3379 2802 αὐτοῖς
3412 2738 3792 2808 ἀσπαζόμενοι
3824 2736 3903 2790 λό-

2311 2853 2428 2904 για,
2457 2835 2578 2906 οὐχὶ
2610 2835 2704 2888 καὶ
2734 2835 2826 2887 τὸν
2859 2832 2972 2904 βίον
3003 2831 3294 2886 ἀκόλουθον
3311 2830 3387 2902 τῷ
3412 2829 3542 2900 παρ’
3564 2830 3753 2891 αὐτοῖς
3771 2843 3905 2898 παρ-

2313 2926 2510 2997 έχομεν
2543 2927 2710 2998 νόμῳ.

1405 3027 1498 3072 aut
1553 3033 1650 3073 cur
1699 3018 1940 3088 ipsorum
2002 3021 2223 3076 oracula
2286 3021 2608 3094 litterasque
2659 3021 2972 3094 complexi,
3021 3020 3247 3075 minime
3291 3028 3472 3073 tamen
3526 3015 3655 3070 vitae
3702 3022 3902 3072 nostra
