4136 6392
1345 361 1409 416 Ι).
1451 362 1772 422 SEGUIERI
1817 367 1862 422 A
1902 367 1961 424 S.
2002 369 2339 430 BRlSSONE
2379 377 2615 436 ΝΟΤΛΕ.

1664 649 2292 744 ΜΟΝΙΤΗΜ.

351 769 379 795 ζ
417 797 564 852 Intra
596 797 698 852 hos
724 797 910 853 decem
931 798 1146 855 circiter
1173 816 1347 856 annos
1379 800 1633 857 dominus
1661 801 1974 875 Seguierus,
1997 808 2238 863 marchio
2267 825 2298 865 a
2332 808 2837 883 Sancto-Brissone,
2859 817 3163 878 Academia:
3195 824 3605 898 inscriptionum

346 903 402 950 et
420 895 803 950 humaniorum
833 895 1135 951 litterarum
1167 897 1365 961 socius,
1383 898 1465 953 vir
1487 899 1762 954 natalibus
1783 909 1838 955 et
1855 900 2159 957 eruditione
2178 905 2525 976 clarissimus,
2547 911 2839 967 editionem
2859 911 3277 986 Prwparationis
3300 895 3610 995 evangelica,-

347 991 414 1048 ad
609 992 785 1091 regios
819 994 1069 1049 collatam
1111 1004 1168 1049 et
1208 993 1353 1050 notis
1385 993 1710 1050 illustratam
1742 1012 1865 1051 cum
1897 997 2346 1068 interpretatione
2380 1003 2578 1060 Gallica
2623 1007 2776 1076 prelo
2808 1021 3112 1080 paraverat.
3162 1012 3335 1079 Quam
3366 991 3610 1091 ut'typo-

342 1084 532 1156 graplii
562 1085 692 1157 regii
725 1086 778 1140 in
809 1086 986 1142 lucem
1012 1087 1368 1142 emittendum
1397 1088 1756 1160 susciperent,
1785 1089 1928 1159 apud
1954 1104 2049 1144 eos
2083 1092 2175 1161 qui
2212 1105 2482 1163 praerant
2509 1098 2638 1170 egit.
2676 1079 2823 1155 Cum,
2855 1112 3037 1158 autem
3069 1105 3138 1160 ab
3182 1106 3248 1162 iis
3296 1109 3365 1164 de
3415 1079 3529 1166 die.
3556 1113 3611 1168 in

343 1175 488 1232 diem
508 1179 1019 1248 procrastinaretur,
1053 1197 1140 1238 res
1165 1182 1366 1239 infecta
1401 1185 1621 1240 mansit.
1655 1185 1826 1258 lgitur
1867 1186 2092 1242 editioni
2137 1196 2319 1244 textus
2354 1190 2524 1248 Graeci
2562 1198 2924 1266 supersedens
2975 1201 3230 1256 dominus
3269 1202 3562 1276 Seguierus
3594 1249 3609 1274 ,

343 1270 600 1341 cogitavit
635 1272 701 1326 de
725 1273 938 1329 edenda
981 1274 1430 1346 interpretatione
1470 1276 1690 1344 Gallica,
1732 1294 1895 1348 quam
1921 1278 1989 1333 ad
2028 1277 2214 1334 Gratca
2259 1281 2442 1339 denuo
2488 1289 2761 1344 recensita
2789 1291 3170 1346 adornaverat.
3213 1293 3323 1349 Res
3345 1270 3608 1354 effectum

344 1366 537 1421 sortita
569 1375 653 1421 est
687 1366 998 1438 prodiitque
1027 1369 1366 1439 Prwparatio
1415 1371 1706 1426 vernacula
1754 1372 1937 1445 lingua
1970 1372 2170 1432 Gallica
2215 1393 2361 1434 anno
2396 1379 2555 1444 1846,
2588 1396 2712 1437 cum
2745 1382 2950 1455 ingenti
2982 1394 3236 1441 notarum
3276 1396 3330 1441 et
3359 1390 3612 1446 emenda-

345 1467 554 1522 tionum
583 1476 865 1538 apparatu,
897 1468 1110 1526 duobus
1149 1472 1515 1529 voluminibus
1559 1473 1615 1528 in
1632 1475 1722 1529 ~8°.
1755 1475 1846 1530 Eae
1896 1486 2024 1532 sunt
2062 1487 2205 1534 nota:
2242 1490 2298 1536 et
2343 1479 2758 1535 emendationes
2785 1495 2920 1549 quas
2968 1489 3093 1550 post
3122 1491 3354 1536 mortem
3402 1483 3609 1538 domini

342 1559 585 1632 Seguieri
624 1560 744 1631 ejus
783 1561 1028 1618 haeredes
1068 1572 1393 1633 potestatem
1443 1568 1637 1624 edendi
1692 1570 1852 1625 nobis
1905 1571 2298 1628 humanissime
2353 1573 2636 1638 fecerunt,
2678 1573 2878 1644 quibus
2923 1589 3022 1643 pro
3061 1584 3286 1646 accepto
3340 1577 3608 1634 beneficio

341 1655 540 1728 gratias
573 1655 662 1711 hic
695 1671 854 1728 agere
882 1658 1040 1714 nobis
1074 1658 1252 1715 liceat.
1281 1661 1570 1734 Exemplar
1597 1674 1859 1735 praeterea
1892 1668 1960 1723 ad
1990 1685 2186 1723 manus
2230 1669 2521 1724 habuimus
2591 1669 2846 1725 editionis
2898 1668 3077 1740 Vigeri
3109 1671 3176 1724 ad
3223 1671 3378 1741 cujus
3406 1674 3607 1744 margi-

343 1765 443 1806 nes
468 1751 550 1805 vir
577 1752 914 1809 clarissimus
961 1754 1140 1810 varias
1173 1756 1434 1814 lectiones
1466 1760 1714 1816 codicum
1754 1762 2142 1819 Parisiensium
2194 1766 2558 1835 ascripserat;
2595 1765 2629 1818 ii
2686 1773 2815 1819 sunt
2869 1779 3078 1818 nutum.
3132 1764 3256 1832 465,
3293 1765 3416 1832 466,
3449 1765 3553 1822 467
3589 1811 3601 1832 ,

341 1845 446 1901 468
469 1845 728 1918 insigniti.
758 1847 1074 1906 Contulerat
1099 1851 1261 1907 etiam
1287 1870 1390 1908 ms.
1427 1855 1764 1928 Leydensem
1798 1876 1904 1931 quo
1932 1877 2064 1916 usus
2104 1873 2188 1917 est
2218 1862 2494 1917 Robertus
2522 1862 2856 1932 Stephanus.

413 1941 566 1997 Notis
596 1944 914 2013 subjieimus
953 1947 1197 2017 ejusdem
1223 1949 1323 2004 viri
1355 1951 1656 2008 doctissimi
1684 1955 2134 2013 Dissertationem
2164 1958 2220 2012 in
2267 1958 2572 2030 fragmenta
2603 1954 3103 2012 Sanchoniathonis
3136 1957 3204 2012 ab
3256 1958 3496 2015 Eusebio
3540 1975 3607 2014 ex

339 2033 566 2179 lPhilone
595 2035 780 2107 Byblio
810 2049 1050 2110 accepta,
1082 2041 1152 2097 de
1176 2043 1394 2113 quibus,
1431 2060 1500 2098 an
1539 2046 1773 2118 genuina
1814 2048 1923 2103 sint
1952 2050 2038 2104 vel
2068 2049 2264 2117 aliena,
2300 2051 2470 2105 multa
2499 2050 2773 2121 disputata
2801 2058 2929 2104 sunt
2981 2058 3036 2104 et
3076 2049 3257 2106 adhuc
3291 2051 3393 2106 sub
3424 2051 3606 2122 judice

361 2143 405 2179 IS
442 2139 545 2179 est.

361 2143 405 2183 l5
442 2139 545 2185 85L

339 2266 3358 2298 Μ

896 2373 1380 2490 VARUE
1467 2378 1942 2497 LECTK

2020 2382 2266 2496 ΝΙΕὸ
2354 2385 2536 2496 ET
2618 2383 3054 2500 NOTIE

1113 2683 1414 2746 EUSEBII
1467 2686 2136 2752 PRIEPARATIONEM
2189 2691 2748 2754 EVANGELICAM.

408 2781 524 2840 Col.
552 2781 620 2838 40
646 2782 692 2836 Α
714 2781 770 2837 2.
833 2782 1264 2853 Μητρογαμεῖν.
1308 2784 1466 2841 llune
1514 2786 1769 2842 infamem
1797 2804 1916 2842 mo-

340 2871 486 2919 rem,
519 2853 661 2927 apud
685 2855 876 2927 Persas
911 2854 1146 2927 licitum,
1206 2865 1289 2927 tot
1330 2857 1622 2927 scriptores
1677 2858 1920 2914 referunt

338 2934 399 2982 ut
427 2927 493 2981 de
539 2925 629 2979 illo
664 2941 734 2979 ne
758 2925 840 2980 vel
870 2925 1091 2978 minima
1126 2926 1345 2995 quidem
1380 2925 1644 2982 dubitatio
1672 2929 1912 2989 exsistat.

411 2997 678 3067 Diogenes
717 2995 979 3069 Laertius,
1013 2996 1068 3069 in
1100 2996 1384 3069 Prowmio,
1416 3014 1465 3052 c.
1513 2999 1574 3062 7,
1627 2999 1916 3069 quemdam

337 3077 651 3138 excerptum
673 3082 734 3121 ex
753 3067 1026 3138 Clitareho
1047 3068 1226 3122 locum
1247 3067 1429 3132 refert,
1455 3067 1711 3138 expresse
1740 3070 1920 3124 dicen-

338 3147 470 3202 tem,
503 3137 683 3208 Magos
718 3147 776 3192 ut
803 3137 976 3192 licitas
1035 3149 1270 3193 matrum
1316 3149 1370 3194 et
1422 3137 1650 3194 filiarum
1694 3155 1915 3194 suarum

337 3209 557 3279 nuptias
576 3208 795 3281 habere.
831 3208 1102 3281 Xanthus,
1137 3210 1193 3263 in
1219 3219 1454 3281 tractatu
1479 3210 1555 3264 Τὰ
1578 3209 1805 3281 μαγικὰ
1832 3212 1917 3265 di-

337 3288 447 3344 cto,
501 3288 685 3332 narrat
709 3279 888 3350 Magos
927 3280 1040 3335 suis
1078 3281 1364 3347 matribus,
1435 3279 1913 3347 filiabus,'necnon

336 3349 619 3406 sororibus
670 3349 904 3405 misceri.
950 3351 1154 3406 Auctor
1187 3352 1275 3407 hic
1306 3361 1636 3407 memoratur
1697 3368 1728 3406 a
1790 3352 1916 3408 Cle-

335 3429 520 3492 mente
539 3421 926 3492 Alexandrino,
951 3421 1206 3477 Stromat.
1229 3423 1268 3476 l.
1300 3439 1382 3486 ιιι,
1418 3439 1472 3492 p.
1498 3423 1621 3477 515.
1639 3423 1916 3480 Eudoxius

335 3490 562 3547 Cnidius
634 3508 664 3546 a
719 3491 882 3547 Sexto
943 3493 997 3547 in
1054 3490 1472 3562 Ilypotyposibus
1538 3493 1912 3562 Pyrrhonicis,

334 3562 373 3618 l.
408 3580 445 3628 ι,
479 3579 526 3618 e.
561 3563 646 3624 14,
672 3579 724 3632 p.
758 3564 845 3629 39,
878 3574 1209 3618 memoratus
1238 3565 1367 3619 dicit
1403 3581 1415 3616 :
1478 3583 1496 3615 ι
1552 3564 1804 3618 lllicitum
1835 3576 1919 3620 est

334 3634 536 3706 nostris
566 3635 773 3706 legibus
801 3635 999 3690 dueere
1021 3645 1242 3706 matres,
1274 3649 1397 3689 cum
1422 3635 1563 3705 apud
1581 3636 1775 3690 Persas
1799 3651 1916 3691 mos

335 3705 405 3762 sit
448 3705 850 3761 usitatissimus.
892 3725 911 3757 ι
946 3706 1093 3761 Idem
1119 3705 1314 3761 Sextus
1342 3706 1375 3760 l.
1400 3722 1480 3768 ιιι,
1507 3721 1555 3759 c.
1582 3707 1673 3770 24,
1700 3722 1754 3775 p.
1791 3708 1913 3772 178,

335 3776 502 3831 dicit:
540 3797 558 3829 ι
595 3776 773 3832 Persae
795 3786 851 3830 et
877 3777 1176 3846 praesertim
1211 3777 1301 3846 qui
1325 3776 1468 3846 apud
1502 3775 1622 3831 illos
1647 3778 1918 3832 habentur

335 3849 627 3920 sapientes.
655 3849 707 3902 id
737 3858 820 3902 est
847 3848 1003 3920 Magi,
1041 3848 1249 3920 ducunt
1278 3864 1404 3902 suas
1432 3857 1654 3920 matres.
1685 3867 1710 3920 ν»

408 3917 772 3973 Tertullianus
789 3917 956 3974 etiam
972 3919 1025 3972 in
1043 3918 1391 3989 Apologetico,
1411 3935 1460 3974 c.
1482 3920 1534 3985 9,
1551 3917 1745 3974 Ctesia:
1761 3919 1916 3974 testi-

335 3989 578 4043 monium
602 3989 759 4043 aﬂert
788 3990 891 4044 hoc
913 3991 1073 4045 modo
1099 4009 1110 4042 :
1142 4011 1160 4041 ι
1194 3989 1386 4045 Persas
1412 4006 1534 4045 cum
1567 3991 1680 4045 suis
1725 3991 1916 4044 matri-

334 4058 444 4128 bus
493 4060 711 4114 misceri
761 4059 968 4116 Ctesias
1000 4062 1184 4116 refert.
1226 4081 1244 4112 ι
1282 4060 1536 4116 Strabon.
1571 4061 1607 4118 l.
1653 4077 1742 4126 xv,
1775 4078 1823 4116 c.
1862 4063 1915 4128 3,

335 4127 365 4255 ἓ
396 4130 486 4196 20,
521 4146 575 4200 p.
608 4130 746 4186 755:
787 4151 804 4183 ι
841 4131 998 4202 Apud
1023 4131 1214 4188 Persas
1240 4149 1358 4188 mos
1383 4141 1468 4188 est
1506 4148 1614 4186 non
1647 4127 1921 4186 inhumari

362 4201 536 4255 iuges.
569 4217 797 4255 auorum
817 4218 1043 4255 corpora
1062 4203 1514 4255 derelinquuntur
1528 4203 1718 4255 avibus
1734 4218 1921 4255 eome-

362 4201 536 4273 iagos,
569 4217 797 4273 quorum
817 4201 1043 4272 corpora
1062 4203 1514 4273 derelinquuntur
1528 4203 1718 4258 avibus
1734 4218 1922 4257 come-

335 4272 531 4345 denda.
554 4273 627 4345 Et
641 4272 833 4345 Magos
857 4289 979 4328 cum
1012 4274 1277 4329 matribus
1295 4272 1538 4345 misceri,
1567 4282 1794 4345 mosAest
1811 4288 1919 4345 ipa-

337 4343 496 4406 trius.
535 4362 553 4397 ›
592 4343 687 4400 Illa
735 4342 948 4415 vulgata
979 4345 1163 4415 opinio
1195 4346 1246 4398 in
1272 4361 1432 4400 causa
1453 4344 1555 4399 fuit
1583 4352 1644 4399 ut
1667 4342 1916 4400 Catullus

335 4415 442 4470 hoe
469 4415 799 4488 epigramma
823 4415 1031 4483 ederet,
1064 4416 1205 4488 epig.
1239 4417 1327 4472 90.

331 4547 343 4622 ξ
404 4550 671 4626 Nascatur
695 4551 976 4626 Magusex
1002 4551 1136 4626 Gelli
1161 4554 1450 4626 matrisque
1469 4554 1693 4626 nefando

336 4688 340 4692 I
414 4693 453 4695 μ
478 4622 761 4695 Conjugio,
789 4622 842 4678 et
869 4625 1035 4678 discat
1070 4625 1342 4679 Persicum
1363 4622 1700 4694 aruspicium
1729 4640 1747 4688 ;

404 4693 546 4767 Nam
574 4693 757 4766 Magna
787 4712 856 4767 ea;
878 4704 1046 4749 matre
1074 4706 1121 4748 et
1159 4705 1282 4749 nato
1315 4697 1563 4767 gignatur
1588 4701 1808 4762 oportet,

473 4765 532 4820 Si
565 4765 687 4820 vera
719 4775 792 4820 est
824 4766 1115 4821 Persarum
1148 4765 1570 4840 iinpia'relligio.

404 4922 867 5000 Antisth_en_es,__ut
910 4925 1078 5000 refert
1110 4929 1403 4985 Athenaeus
1432 4930 1468 4984 l.
1503 4947 1554 4992 v,
1592 4947 1648 5000 p.
1679 4931 1785 4986 220
1823 4931 1912 4986 ed.

334 4992 660 5073 Casauboni,
689 4996 742 5073 in
771 4997 907 5073 libro
931 4999 1156 5073 minoris
1177 4999 1320 5073 Cyri,
1339 4992 1674 5056 Alcibiadem
1694 5005 1912 5073 vitupe-

336 5080 464 5128 rans
484 5066 559 5146 .de
582 5067 790 5146 perdita
821 5069 926 5146 vita
955 5071 1175 5146 subdit:
1211 5066 1589 5146 Suvsivatyap
1623 5073 1784 5128 αὑτὸν
1817 5066 1914 5128 Ξςαὶ

338 5137 509 5218 μηςερξ
545 5137 636 5218 καὶ
670 5137 896 5218 ρυγαςρὶ
919 5142 1018 5218 καὶ
1045 5141 1273 5218 ἀδελφῇ,
1305 5142 1378 5207 ὡς
1408 5137 1643 5212 Πέρσᾶς.

410 5206 644 5273 Quintus
668 5206 888 5286 Curtius
917 5213 1096 5286 l_.vm,
1123 5206 1301 5280 2,’1’9,
1334 5206 1912 5286 memorat—quemdam

335 5286 610 5360 satrapam
660 5281 1431 5360 tiomine_Sisiniitlireui,_eth
1461 5287 1570 5342 duo
1623 5281 1694 5360 ex,
1737 5298 1910 5360 matre

335 5349 440 5429 orti
459 5349 552 5403 filii
569 5355 910 5429 erant,_q_uod
928 5357 1140 5429 licitum
1163 5349 1370 5429 habuit.
1386 5358 1654 5429 Tempore
1670 5357 1913 5429 Agathize

336 5421 894 5502 adhuctpraevalebat
924 5427 1013 5502 ille
1045 5445 1198 5502 usus.
1231 5427 1367 5502 Nam
1395 5421 1655 5502 Agatliias
1685 5421 1817 5495 1.”ιι,
1856 5445 1910 5499 p.

333 5491 424 5574 ,
445 5491 580 5573 edit.
614 5493 863 5565 Luparae,
888 5499 968 5574 ait
988 5518 998 5552 :
1027 5519 1045 5551 ι
1068 5499 1187 5553 Non
1205 5500 1378 5574 solum
1397 5491 1576 5574 Pcrsae
1592 5501 1783 5574 ineunt
1799 5491 1916 5554 ini.-

336 5570 594 5619 trimonia
624 5570 1058 5641 cutnsororibus
1086 5579 1141 5624 et
1167 5570 1430 5641 cognatis,
1465 5572 1558 5627 sed
1599 5573 1765 5626 etiam
1814 5587 1913 5641 pa-

335 5643 447 5714 tres
501 5651 630 5691 cum
688 5638 800 5714 suis
851 5640 1081 5706 filiabus,
1124 5638 1359 5714 etquod
1380 5643 1551 5714 magis
1580 5638 1916 5714 pudendum,

337 5706 716 5779 (o‘tempora!
754 5726 787 5765 ο
812 5727 990 5766 mores
1014 5714 1064 5775 i)
1113 5713 1207 5766 lilii
1237 5706 1360 5766 cum
1392 5706 1678 5769 matribus.
1720 5713 1912 5779 )QUOd

335 5776 502 5832 refert
525 5776 782 5853 Agathias
808 5792 1010 5853 pugnat
1033 5784 1292 5838 adversus
1341 5782 1692 5842 Plutarchum
1719 5776 1913 5838 in'tra-

338 5857 486 5920 ctatu
525 5849 598 5921 pe
645 5849 860 5932 fortuna
889 5849 1199 5914 'Alexandri
1229 5869 1277 5910 c.
1316 5853 1368 5920 ξ’),
1397 5869 1520 5909 cum
1550 5856 1699 5922 dicit,
1728 5856 1797 5912 ab
1826 5855 1917 5912 illo

2023 2790 2352 2846 debellatorc
2405 2807 2759 2860 suppressum
2816 2789 2983 2846 fuisse
3042 2791 3190 2847 hunc
3235 2792 3604 2850 incestuosutn

2022 2876 2250 2920 morem.
2295 2863 2380 2917 bis
2405 2865 2629 2918 verbis:
2669 2883 2686 2914 ι
2727 2863 2918 2918 Docuit
2963 2863 3152 2918 Persas
3198 2873 3432 2933 matrum
3465 2881 3606 2920 sua-

2021 2947 2142 2986 rum
2176 2934 2556 2998 reverentiam,
2589 2943 2644 2987 et
2674 2949 2797 2988 cum
2827 2933 2930 2986 illis
2959 2933 3174 2988 misceri
3207 2935 3394 2989 vetuit.
3436 2954 3454 2986 ι

2091 3002 2198 3058 Sed
2225 3005 2336 3072 jam
2368 3004 2562 3058 Strabo
2589 3020 2713 3059 eum
2746 3003 3024 3069 refutavit,
3074 3006 3118 3058 si
3164 3004 3355 3061 Servio
3418 3006 3606 3062 credas

2019 3072 2086 3128 de
2111 3074 2215 3128 hoc
2245 3075 2506 3130 Aineidos
2535 3091 2696 3130 versu
2723 3077 2759 3130 Ι.
2790 3092 2864 3141 vr,
2897 3075 3187 3130 disserenti
3219 3093 3231 3129 :

2089 3188 2189 3242 Hic
2223 3189 2516 3245 thalamum
2542 3189 2736 3248 invasit
2772 3199 2912 3242 nata:
2939 3189 3225 3258 vetitosque
3253 3189 3566 3258 Itymemvos.

2019 3301 2119 3358 Hic
2148 3319 2264 3359 mos
2296 3304 2466 3373 ipsius
2500 3303 2714 3375 vigebat
2745 3311 2990 3372 tempore
3041 3320 3055 3356 :
3107 3303 3349 3359 Dicendo
3385 3303 3568 3358 vetitos
3589 3347 3601 3368 ,

2019 3376 2252 3430 ostendit
2280 3375 2466 3439 fuisse,
2501 3383 2561 3429 ut
2586 3385 2669 3430 est
2697 3377 2840 3444 apud
2864 3375 3056 3428 Persas
3092 3375 3272 3429 hodie.

2089 3444 2261 3500 Graeci
2295 3447 2361 3500 ad
2389 3461 2580 3501 omnes
2608 3446 2838 3516 populos
2865 3444 3274 3498 calumniandos
3289 3445 3467 3514 proni,
3501 3445 3605 3500 hu-

2014 3514 2105 3585 jus
2135 3517 2354 3570 nefandi
2382 3518 2548 3571 moris
2573 3514 2964 3571 insimulabant
3003 3531 3194 3569 omnes
3214 3526 3442 3570 caeteras
3481 3531 3607 3586 gen-

2020 3596 2135 3652 tes;
2169 3597 2224 3642 et
2252 3587 2308 3640 in
2330 3587 2694 3642 Andromache
2720 3603 2865 3642 vers.
2904 3587 3026 3652 175,
3071 3586 3360 3656 Euripides
3389 3587 3560 3641 dixit:

2093 3721 2332 3777 Τοιοῦτο
2353 3721 2476 3776 πᾶν
2502 3724 2565 3776 τὸ
2585 3721 2898 3790 βάρϐαρον
2926 3725 3100 3793 γένος
3123 3738 3136 3793 έ

2089 3792 2294 3861 Πατήρ
2317 3811 2379 3846 τε
2403 3795 2668 3862 θυγατρὶ,
2706 3794 2846 3859 παῖς
2871 3792 2942 3848 τέ
2961 3792 3139 3862 μητρὶ
3160 3794 3468 3863 μίγνυται,

2088 3865 2245 3931 Κόρη
2275 3865 2324 3916 τ’
2347 3863 2586 3933 ἀδελφῷ
2615 3884 2617 3887 ·
2648 3863 2747 3916 διὰ
2772 3866 2972 3933 φόνων
2991 3863 3043 3916 δς
3071 3868 3124 3918 οἱ
3159 3862 3430 3932 φίλτατοι
3549 3862 3570 3902 τ

2088 3935 2355 4004 Χωροῦσι
2380 3935 2477 3990 καὶ
2501 3932 2678 3988 τῶνδ’
2713 3932 2894 3988 οὐδὲν
2918 3934 3172 4004 ἐξείργει
3192 3937 3400 4006 νόμος.

2101 4094 2119 4127 (
2149 4071 2320 4128 Omne
2344 4073 2696 4147 barbarorum
2733 4088 2906 4144 genus
2933 4081 3142 4147 patrem
3174 4089 3298 4147 cum
3328 4074 3454 4147 lilia,
3483 4093 3602 4133 ma-

2026 4154 2162 4200 trem
2195 4162 2317 4200 cum
2351 4156 2498 4205 nato.
2531 4144 2793 4214 virginem
2825 4160 2946 4198 cum
2983 4144 3148 4198 fratre
3183 4144 3402 4200 misceri
3434 4147 3600 4209 sinit;

2023 4217 2238 4286 cognati
2295 4216 2395 4269 sibi
2445 4216 2719 4270 intentant
2775 4224 3045 4279 mortem,
3091 4230 3193 4269 nec
3242 4215 3397 4270 istius
3452 4219 3600 4274 modi

2022 4288 2314 4356 quidquam
2349 4287 2433 4340 lex
2463 4286 2705 4356 impedit.
2735 4304 2752 4336 ›
2786 4286 3056 4340 Lucianus
3086 4287 3140 4339 in
3164 4295 3394 4340 tractatu
3419 4287 3494 4342 De
3518 4307 3603 4343 sa-

2023 4358 2232 4426 criﬁciis
2252 4400 2265 4423 ,
2298 4358 2365 4412 de
2390 4357 2522 4412 Jove
2575 4357 2804 4426 loquens
2823 4399 2837 4421 ,
2875 4359 2950 4412 ait
2975 4376 2987 4411 :
3028 4378 3044 4408 ι
3074 4357 3268 4411 Multas
3293 4357 3445 4412 duxit
3475 4375 3602 4415 uxo-

2022 4443 2112 4484 res
2141 4438 2196 4482 et
2217 4430 2436 4483 tandem
2464 4443 2705 4482 sororem
2741 4444 2894 4482 suam
2917 4428 3208 4493 Iunonem,
3235 4443 3385 4481 more
3407 4428 3601 4486 Persa-

2021 4515 2143 4572 rum
2173 4500 2644 4572 Assyriorumque.
2679 4519 2695 4549 ι
2721 4498 2833 4572 Qui
2863 4500 3051 4572 dicunt
3082 4501 3466 4572 hunemorem
3496 4517 3597 4556 ne-

2021 4569 2244 4625 fandum
2271 4569 2340 4626 ab
2355 4570 2589 4640 Assyriis
2616 4570 2828 4625 initium
2871 4571 3079 4640 cepisse
3108 4569 3392 4624 nominant
3422 4569 3599 4625 Semi-

2022 4643 2307 4707 ramidem,
2326 4658 2446 4712 qua:
2471 4651 2661 4696 necata
2691 4651 2774 4695 est
2806 4645 2948 4710 quod
2975 4657 3098 4695 cum
3124 4656 3223 4695 suo
3256 4640 3601 4712 copularetur

2021 4712 2151 4768 ﬁlio.
2181 4715 2317 4769 lllud
2348 4711 2516 4768 fatum
2555 4729 2664 4766 non
2688 4713 3040 4781 impendisset
3059 4711 3420 4774 Setniramidi,
3466 4713 3601 4768 dixit

2020 4783 2276 4855 Agathias
2295 4786 2330 4840 Ι.
2350 4785 2409 4851 1.,
2431 4786 2472 4839 si
2493 4785 2613 4853 ejus
2638 4783 2834 4855 agendi
2866 4784 3001 4837 ratio
3023 4799 3201 4836 mores
3218 4782 3600 4855 publicosnon

2020 4854 2372 4921 oti'endisset;
2401 4866 2456 4910 et
2481 4855 2605 4925 quia
2621 4854 2756 4925 lllagi
2776 4869 2838 4908 ea
2870 4855 3161 4908 utebantur
3180 4854 3595 4925 consuetudine,

2024 4926 2168 4981 idem
2214 4939 2402 4982 auctor
2437 4923 2575 4981 hanc
2623 4923 2922 4981 doctrinam
2949 4935 3158 4994 putata
3189 4923 3477 4979 Zoroastro
3505 4942 3598 4980 or-

2020 5006 2150 5052 tam.
2168 4999 2472 5054 Herodotus
2491 5008 2690 5062 tameu,
2709 5014 2788 5059 ιιι,
2805 4997 2893 5061 51,
2909 4997 3070 5051 refert
3091 4994 3359 5051 connubia
3373 4995 3599 5066 fratrum

2021 5078 2077 5122 et
2105 5085 2350 5124 sororum
2385 5070 2513 5124 olim
2545 5069 2728 5133 vetita,
2766 5068 3000 5138 primum
3029 5083 3060 5122 a
3088 5066 3355 5138 Cambyse
3383 5065 3599 5133 initium

2019 5156 2248 5196 εθῐηδδρ.

2124 5157 2166 5194 is
2236 5181 2248 5194 .

2084 5156 2384 5282 Iinicique,
2442 5211 2533 5266 hic
2604 5225 2737 5283 usus
2790 5209 3138 5283 praevaluisse
3201 5210 3345 5283 apud
3405 5209 3600 5283 Persas

2019 5280 2270 5344 videtur,
2313 5292 2368 5337 et
2433 5282 2730 5352 prmbuisse
2783 5280 3175 5352 scriptoribus,
3239 5280 3348 5337 tam
3397 5281 3600 5338 Iudaeis

2012 5370 2173 5424 quam
2228 5354 2585 5418 Christianis,
2626 5353 2846 5425 longum
2886 5352 3457 5425 nequeimmeritum
3501 5353 3600 5408 de-

2013 5423 2351 5481 clamationis
2387 5425 2585 5479 locum.
2620 5423 2829 5494 Aguien
2869 5423 3017 5477 ducit
3055 5423 3212 5478 Philo
3264 5423 3319 5477 in
3363 5425 3604 5494 secundo

2016 5506 2249 5552 tractatu
2292 5497 2370 5550 De
2414 5496 2656 5550 examine
2681 5493 2863 5566 tegam
2897 5493 3268 5562 peculiarium,
3305 5493 3598 5566 principio:

2023 5568 2362 5622 «Persarum
2435 5565 2723 5634 optimates
2804 5566 2996 5618 ineunt
3065 5565 3408 5620 matrimonia
3477 5581 3604 5620 cum

2017 5638 2304 5703 matribus,
2342 5647 2398 5693 et
2446 5638 2480 5690 ii
2515 5636 2749 5690 maxime
2799 5635 3019 5707 ingenui
3074 5636 3215 5691 inter
3266 5637 3468 5692 liberos
3503 5637 3605 5692 ba-

2025 5711 2227 5766 bentur
2258 5711 2348 5781 qui
2382 5711 2589 5763 incesto
2617 5716 2957 5781 nascuntur,
2980 5716 3061 5781 et,»
3115 5716 3174 5781 ut
3205 5708 3356 5781 fama
3398 5722 3501 5781 est,
3540 5709 3610 5764 ad

2023 5797 2250 5854 regnum
2275 5777 2651 5836 'destinantur.
2679 5777 2797 5854 ἲῖειε⁸
2828 5778 2960 5854 mihi
2982 5780 3004 5854 1Δ
3029 5777 3172 5854 Quid
3217 5777 3430 5854 turpius
3462 5780 3613 5854 inve:

2024 5849 2132 5908 uiri
2156 5861 2339 5925 potest
2365 5867 2528 5928 quam
2562 5850 2731 5927 patris
2765 5849 3008 5919 defuncti
3043 5849 3244 5905 lectum
3270 5849 3495 5917 ftbdare,
3516 5851 3614 5923 qui
