4136 6392
561 319 698 396 ηδε)

589 457 732 513 otius
763 453 1059 510 venerandi
1089 451 1276 523 templi
1309 449 1479 523 instar
1505 449 1767 506 colendus
1787 449 1903 504 est!
1941 465 1962 499 ›
1993 444 2131 502 Cum

589 474 732 513 otius
763 474 1059 510 venerant“
1089 474 1276 523 templi
1310 474 1479 506 mswr
1505 474 1644 506 cum:

551 474 808 584 ﬁrissone
838 527 958 598 lego
990 523 1152 598 ispdv,
1184 539 1294 598 non
1329 522 1500 598 [sedett
1637 591 1644 596 _

623 589 954 654 Bardesanés
979 589 1238 651 adversus
1254 589 1912 654 Genetbliacos'seribens,
1939 589 2006 645 ab
2021 589 2133 643 Eu-

553 671 703 726 sebio
731 670 934 723 relatus
959 669 1015 722 in
1041 666 1442 734 Prwparatione
1467 663 1786 734 evangelica,
1812 663 1848 715 I.
1868 678 1942 725 γι,
1967 676 2015 715 c.
2044 661 2130 725 10,

553 741 752 812 p.275,
773 739 949 812 dixit:
986 758 1003 790 ι
1024 737 1183 812 Apud
1223 736 1414 791 Persas
1431 735 1517 789 lex
1549 734 1696 812 sinit,
1732 747 2004 803 quemque
2025 746 2136 812 ma-

555 805 691 867 trem
721 819 815 865 aut
853 809 1014 863 ﬁliam
1046 805 1282 871 ducere;
1327 822 1506 877 neque
1543 805 2031 877 patriam_tantum
2067 810 2134 877 et

554 883 802 954 proprias
832 880 990 936 sedes
1025 879 1333 954 habitantes
1354 919 1369 944 ,
1409 873 1503 932 sed
1535 873 1590 931 et
1616 875 1764 954 quia
1789 874 2012 954 Perside
2035 873 2135 954 ab-

555 944 702 1026 sunt,
735 951 1081 1026 Magouseeni
1111 951 1352 1026 nomine,
1380 957 1648 1019 peragunt
1674 947 1762 1001 illa
1788 944 2134 1026 matrimonia

555 1015 739 1078 illicita
752 1041 773 1088 -;
823 1015 1159 1090 Easdemque
1190 1021 1336 1090 leges
1372 1015 1427 1074 et
1455 1015 1635 1090 mores
1663 1017 2041 1090 transmittunt
2067 1015 2132 1090 Ii-

554 1095 719 1159 beris,
757 1085 992 1164 quorum
1020 1085 1202 1164 plures
1229 1085 1436 1164 videret
1465 1099 1548 1164 est
1577 1089 1642 1164 ad
1675 1089 1779 1143 hoc
1827 1097 2039 1164 tempus
2079 1085 2134 1140 in

552 1157 746 1229 Media,
775 1157 1036 1235 Egypto,
1062 1161 1570 1235 PhrygiaLGalatia.
1598 1159 1711 1235 Nee
1747 1169 1926 1235 tamen
1951 1157 2136 1235 Venus

555 1228 780 1291 Martem
836 1228 1151 1306 {rapiemus
1175 1228 1260 1288 'i'n
1309 1232 1527 1287 Saturni
1579 1231 1806 1306 aedibus,
1841 1229 1948 1284 ullo
1973 1228 2135 1284 modo

556 1317 634 1362 tot
664 1315 722 1361 et
749 1303 1154 1361 tantis’ortibus
1173 1320 1410 1376 praeesse
1441 1303 1638 1376 potuit.
1677 1320 1695 1376 ξ

628 1378 729 1435 Hic
755 1377 1081 1432 Bardesanis
1109 1371 1263 1431 locus
1289 1371 1564 1430 invenitur
1593 1375 1648 1426 iu
1679 1371 2134 1444 Recognitionibas

554 1448 1110 1522 pseudo-Clementiuis
1133 1464 1179 1522 a
1199 1463 1317 1522 capt
1341 1447 1407 1502 l9
1438 1460 1611 1522 usque
1639 1445 1702 1499 ad
1735 1460 1853 1522 cap.

629 1521 777 1575 Inter
806 1521 1102 1590 scriptores
1121 1514 1460 1579 Christianos
1480 1514 1592 1587 qui,
1613 1531 1737 1570 eum
1754 1514 2009 1590 Eusebio,
2043 1530 2137 1584 pu-

556 1600 672 1646 tant
725 1586 1106 1662 Christianam
1147 1590 1462 1662 religionem
1486 1586 1739 1662 ticausam
1801 1586 1996 1662 fuisse_
2004 1657 2015 1662 _
2035 1600 2136 1639 cur

557 1663 738 1717 Persa:
758 1671 1036 1718 cessarent
1064 1661 1132 1716 ab
1155 1656 1395 1725 incestis,
1417 1658 1626 1730 primus
1667 1657 1941 1730 invenitur
1955 1656 2137 1730 Theo-

556 1734 798 1796 doretus,
835 1734 927 1801 qui
958 1733 1014 1787 in
1047 1749 1143 1788 sua
1162 1726 1536 1801 Therapedtira
1571 1745 1627 1799 p.
1671 1729 1798 1801 128,
1841 1729 1970 1801 edit.
2015 1726 2136 1801 Syl-

556 1750 798 1796 tloretus,
877 1751 927 1787 [ΙΙ
958 1750 1014 1787 ιιι
1047 1750 1143 1788 sua
1166 1750 1536 1801 merapeuttca
1571 1750 1627 1799 ρ.
1671 1750 1792 1792 ῙΖδ,
1841 1750 1970 1783 εωι.
2016 1750 2136 1799 Byl-

555 1805 734 1876 burg.,
755 1750 1065 1875 Deiegibas,
1087 1803 1253 1876 dixit;
1299 1823 1316 1854 ς
1341 1803 1517 1876 Persae
1532 1803 1660 1856 olim
1681 1799 1880 1854 addicti
1916 1799 2136 1854 Zaradw

561 1873 913 1947 (Zo'roastri)'
965 1875 1174 1947 legibus
1221 1873 1494 1929 ducebant
1545 1882 1766 1947 matres,
1826 1885 2039 1947 sorores
2083 1878 2139 1925 et

560 1941 717 2011 tilias,
747 1956 802 2000 et
837 1941 982 2016 quod
1013 1941 1166 1999 nefas
1202 1954 1304 2008 est,
1327 1955 1585 2016 tanquam
1623 1944 1794 2013 legem
1833 1941 2136 2016 habebant;

563 2017 658 2072 sed
673 2033 740 2072 ex
755 2013 873 2086 quo
889 2025 1134 2087 tempore
1162 2017 1437 2087 apostolos
1465 2014 1749 2087 audierunt
1777 2053 1792 2087 ,
1823 2013 2140 2087 abiecerunt

561 2084 834 2142 Zoroastri
869 2084 1021 2160 leges
1041 2084 1297 2160 tanquam
1330 2085 1592 2140 nefandas
1615 2128 1629 2151 ,
1685 2094 1740 2139 et
1781 2084 1903 2160 laeto
1956 2084 2138 2160 animt)

561 2154 947 2230 evangelicam'
994 2154 1225 2230 amplexi
1295 2166 1423 2212 sunt
1489 2157 1921 2230 temperantiam.
1982 2174 2000 2204 ι
2050 2154 2133 2209 Cf.

509 2274 518 2282 κ
562 2226 784 2285 sanctus
833 2226 1538 2300 Joannes—Chrysestomus
1562 2228 1652 2300 qui
1694 2226 1918 2300 dixitin
1947 2235 2138 2300 octavo

563 2301 737 2371 capite
765 2301 840 2355 De
867 2301 1167 2372 virginitate
1189 2296 1239 2354 ιζ
1257 2299 1344 2372 VI,
1369 2315 1424 2369 p.
1447 2299 1552 2352 248
1575 2299 1661 2352 ed.
1687 2298 1934 2372 Saviliitti
1960 2296 2138 2351 Admi-

566 2369 752 2425 rainur
781 2369 992 2436 Persas,
1022 2372 1112 2441 qui
1140 2387 1248 2426 non
1271 2370 1477 2424 ducunt
1502 2377 1722 2441 matres,
1759 2378 1818 2441 ut
1842 2369 1968 2422 olim
1989 2384 2136 2441 ;_non

567 2443 714 2498 idem
734 2443 801 2496 de
823 2439 1082 2498 Romanis
1109 2441 1399 2496 dicendum
1429 2449 1528 2494 est.
1571 2459 1588 2489 »
1622 2440 1767 2494 lnter
1782 2439 1968 2494 Patres
1989 2439 2141 2494 Grae-

567 2528 662 2567 cos
686 2514 1052 2581 nominandus
1077 2522 1162 2568 est
1192 2512 1510 2566 Theodorus
1535 2509 1968 2580 Mepsuestenus,
1995 2511 2139 2580 apud

568 2584 822 2639 Photium
851 2585 970 2640 cod.
1001 2585 1063 2639 81
1092 2602 1106 2649 ;
1138 2583 1431 2654 Gregorius
1473 2581 1749 2654 Nyssenus
1804 2582 1881 2654 in;
1911 2582 2140 2646 Fatum;

570 2656 611 2709 Τ
617 2655 1026 2734 a_tian.'ed_it.W_i
1036 2651 1281 2734 t‘ceburg'.
1297 2671 1353 2734 ρ.
1377 2654 1477 2734 80_:
1496 2651 1568 2734 ’Ξὸ
1593 2651 1950 2734 συχγςῖξσθαι
1975 2654 2140 2734 {inept

568 2725 853 2798 κάλλιστον
869 2727 1203 2798 ἐπιτήδευμα.
1216 2723 1489 2798 παρὰ-’ξρῖς
1501 2723 1725 2794 Περσῶν
1738 2723 1968 2798 Μάγοις.
1986 2723 2142 2798 Deni-

569 2813 673 2867 que
694 2797 836 2852 inter
855 2794 1094 2863 Latinos,
1119 2794 1340 2867 Sanctus
1359 2794 1719 2867 Hieronymus
1738 2795 1870 2848 Adv.
1901 2794 2141 2848 lavinia-

571 2865 694 2923 nam
717 2869 752 2922 l.
770 2885 841 2923 xi:
869 2869 1092 2934 «Persae,
1120 2867 1280 2932 Medi,
1305 2865 1831 2936 Indi,et./Ethiopes,
1849 2881 2013 2937 regna
2031 2880 2141 2919 non

569 2940 878 3004 mediocria,
905 2950 959 2994 et
985 2939 1228 2994 Romano
1259 2951 1424 3008 regno
1450 2937 1619 3008 paria,
1650 2952 1773 2992 cum
1799 2937 2065 2992 matribus
2090 2943 2145 2990 et

570 3011 740 3082 magis
773 3027 899 3082 cum
942 3011 1166 3082 ﬁliabus
1222 3018 1289 3082 et_
1319 3010 1577 3078 neptibus
1622 3008 1945 3082 copulantur
1979 3024 1994 3082 ἓ
2033 3026 2050 3058 ›
2089 3016 2145 3082 et

569 3078 830 3137 Minutius
863 3081 1014 3137 Felix
1055 3083 1120 3137 51
1150 3099 1162 3135 :
1212 3099 1230 3132 ‹
1263 3079 1361 3135 .Ius
1407 3088 1492 3134 est
1535 3079 1677 3150 apud
1704 3079 1896 3133 Persas
1925 3078 2144 3134 misceri

571 3169 695 3210 cum
728 3153 1011 3210 matribus.
1050 3172 1069 3204 ι
1115 3195 1120 3199 .

640 3224 756 3280 Col.
789 3224 858 3279 40
885 3225 930 3278 Α
952 3225 1004 3278 5.
1035 3219 1531 3291 Ἁνθρωποϐορεῖνν
1558 3221 1811 3286 Σκύθας.
1834 3219 1954 3274 Non
1984 3220 2145 3276 dubi-

575 3307 690 3351 tare
738 3296 866 3350 licet
924 3297 1057 3365 quin
1107 3290 1572 3362 anthropophagia
1614 3291 1780 3345 fuerit
1826 3291 2147 3365 universalis
2201 3348 2204 3351 _

574 3367 929 3432 consuetudo,
944 3363 1252 3435 antequam
1281 3365 1578 3435 humanum
1614 3377 1784 3435 genus
1821 3363 2148 3432 agricultura

571 3439 672 3493 sibi
703 3447 921 3508 pareret
951 3432 1225 3498 alimenta,
1276 3434 1342 3508 ad
1390 3432 1799 3508 sustentandam
1821 3435 2012 3508 __vitam
2045 3449 2146 3488 ne-

570 3503 825 3564 cessaria.
878 3509 1242 3574 Quamobrem
1294 3503 1647 3572 imperiorum
1698 3503 2012 3560 conditores
2051 3521 2144 3560 re-

575 3580 788 3651 ligionis
813 3589 871 3634 et
897 3579 1090 3634 ethicat
1110 3575 1398 3651 prmeepﬁs
1428 3574 1809 3651 agriculturam
1823 3575 2142 3651 junxerunt.

572 3645 914 3720 Agricultura
945 3645 1174 3710 sublata,
1213 3646 1344 3716 quid
1394 3655 1707 3720 superesset
1751 3645 2147 3720 legislatoribus

575 3717 646 3775 ad
667 3720 1023 3790 imponendae
1049 3721 1195 3790 leges
1223 3731 1424 3790 easque
1445 3717 1801 3772 sanciendae?
1828 3717 1971 3772 Nihil
2002 3717 2146 3772 aliud

573 3793 704 3846 dicit
734 3789 988 3846 Horatius
1014 3791 1097 3844 his
1113 3789 1366 3844 versibus
1390 3805 1402 3840 :

645 3861 918 3917 Silvestres
955 3862 1186 3916 homines
1214 3876 1364 3913 sacer
1397 3860 1752 3929 interpresque
1781 3861 2016 3925 deorum,

644 3932 885 3989 Cautibus
911 3943 959 3988 et
989 3933 1136 3989 victu
1166 3931 1311 3986 ﬁndo
1340 3931 1589 3984 deterruit
1607 3929 1860 3999 Orpheus.

644 4004 751 4059 Sed
783 4021 851 4061 ex
877 4020 985 4076 quo
1011 4002 1242 4076 condita:
1277 4001 1498 4076 fuerunt
1522 4002 1704 4067 urbes,
1745 4003 1833 4076 hic
1884 4000 2146 4076 barbarus

567 4092 691 4149 mos
720 4077 865 4149 viget
890 4071 1230 4130 solummodo
1263 4072 1419 4149 apud
1446 4081 1636 4149 gentes
1683 4072 1860 4149 olnnis
1906 4071 2146 4127 scientia:

571 4143 910 4217 'culturaEqne
943 4153 1227 4217 expertes,
1276 4143 1491 4217 Scytha;
1519 4143 1613 4212 qui
1659 4143 1825 4198 vitam
1871 4152 2143 4217 errantem

575 4219 756 4289 potius
801 4214 1104 4289 degerunt,
1179 4214 1383 4289 diutius
1464 4214 1564 4268 hos
1635 4229 1814 4269 mores
1882 4214 2146 4289 nefandos

574 4285 737 4362 quam
789 4285 994 4362 czeteri_
1032 4286 1241 4362 populi
1273 4293 1675 4362 servaverunt,
1731 4285 2146 4362 necessitatibus

572 4355 700 4416 vita:
728 4361 919 4416 coacti.
963 4355 1290 4414 Satis'multi
1318 4356 1611 4425 scriptores
1642 4365 1910 4412 testantur
1935 4358 2039 4412 hoc
2070 4359 2144 4414 ita

579 4442 639 4487 ut
677 4432 734 4487 in
783 4432 1082 4487 Eusebium
1127 4428 1274 4483 nulla
1314 4426 1516 4482 incidat
1565 4427 1930 4483 calumniandi
1968 4431 2147 4502 su3pi-

575 4504 658 4558 cio
690 4511 784 4558 aut
812 4503 1083 4558 voluntas.

573 4588 575 4590 ·
645 4574 904 4630 Herodoti
954 4570 1292 4644 temporibus
1343 4584 1469 4644 pars
1507 4568 1846 4644 Scytharum
1898 4572 2144 4641 quaedam

575 4655 693 4702 erat
719 4640 1185 4716 authropophaga.
1200 4662 1218 4716 ε
1231 4641 1310 4695 Ab
1326 4640 1578 4696 undecim
1596 4640 1746 4697 trans
1765 4640 2144 4716 Panticapeam

575 4717 882 4781 itineribus,
903 4713 1402 4784 ait,'Borysthenem
1425 4728 1603 4779 secus,
1623 4722 1772 4769 vasta
1785 4713 2146 4784 patetin'culta

577 4789 760 4860 regio;
797 4797 856 4860 et
883 4795 1035 4860 trans
1063 4783 1339 4860 desertum
1391 4783 1569 4839 locum
1608 4783 1894 4860 versantur
1917 4787 2145 4860 anthro—

575 4855 827 4931 popliagi.
870 4878 888 4909 ι
928 4858 1234 4931 Herodotus
1277 4855 1408 4909 istos
1435 4857 1670 4931 secernit
1698 4857 1920 4931 quidem
1957 4873 1987 4911 a
2013 4858 2145 4930 Scy-

579 4925 716 4996 iliis,
745 4925 840 4986 s'ed
873 4928 1144 5000 quomodo
1181 4927 1333 4981 ﬁeret
1360 4935 1421 5000 ut
1444 4925 1498 4981 in
1529 4925 1959 5000 media—Scythia
2007 4925 2148 4999 quae-

578 4995 708 5056 dam,
749 4995 1035 5072 exsisteret
1089 5013 1220 5070 gens
1271 4995 1568 5072 a___Scythis
1614 4995 1868 5054 distincta
1902 5013 1957 5058 et
1987 4995 2146 5072 sepa-

581 5073 735 5127 rata?
768 5071 921 5144 (Vide
939 5067 1275 5144 Herodotum
1309 5067 1507 5144 lib-11v,
1533 5085 1652 5144 ραι).
1689 5072 1798 5144 18.)
1828 5072 2021 5128 Strabo
2049 5067 2142 5128 lib.

579 5161 676 5207 vn,
700 5160 754 5215 p.
775 5137 911 5216 '29s,
944 5143 1077 5216 dixit
1112 5161 1124 5196 :
1156 5137 1574 5216 «illareNigrum
1601 5137 2146 5216 abinitiotcognomi-

581 5209 768 5270 natum
825 5215 929 5269 fuit
990 5213 1176 5280 ἄξενος
1224 5210 1257 5282 4(
1274 5209 1579 5282 inhospita)
1653 5215 1722 5268 ob
1773 5209 2147 5272 indesinentes

580 5294 934 5356 tempestates
999 5279 1054 5340 et
1097 5283 1168 5356 ob
1213 5279 1470 5356 ferociam
1508 5279 1747 5355 gentium
1800 5303 1920 5356 quae
1968 5287 2146 5342 littora

582 5351 846 5430 incolunt,
888 5355 1189 5430 praesertim
1229 5351 1552 5422 Scytharum
1580 5357 1672 5430 qui
1698 5351 2148 5430 alienigenosim-

580 5429 805 5493 molunt,
822 5443 985 5482 carne
1004 5429 1239 5483 humana
1265 5435 1562 5479 vescuntur
1578 5437 1631 5482 et
1660 5429 1939 5483 hominum
1967 5431 2148 5484 calva-

584 5499 678 5553 riis
719 5501 1036 5570 poculorum
1068 5499 1241 5552 instar
1281 5503 1560 5553 utuntur»
1607 5499 1877 5556 Lucianus
1907 5501 1975 5555 ad
2004 5503 2149 5558 hunc

581 5571 872 5644 barbarum
887 5570 1211 5644 Scytharum
1228 5580 1449 5644 morem»
1467 5571 1711 5644 alludens
1735 5571 1789 5625 in
1820 5572 2040 5644 Dialogo
2059 5573 2151 5627 Ju-

584 5645 733 5697 nom’s
788 5638 1108 5713 Lamumque
1157 5641 1302 5694 illam
1359 5638 1570 5698 inducit
1633 5638 2079 5699 haecdicentem
2131 5662 2146 5698 :

587 5736 606 5767 ‹
641 5715 795 5782 Quod
843 5724 966 5768 tuos
1011 5714 1209 5769 liberos
1256 5724 1484 5784 spectat,
1525 5729 1685 5769 nemo
1715 5715 1889 5770 nescit
1924 5725 2067 5770 tuam
2094 5717 2150 5770 fi-

557 5852 560 5858 η
583 5787 706 5840 liam
732 5787 785 5839 in
810 5785 1028 5860 Scythia
1048 5784 1486 5860 peregrinantem
1510 5787 1770 5860 didicisse
1783 5785 2043 5860 a_Scythis
2057 5788 2147 5860 qui

580 5867 709 5913 sunt
737 5854 1148 5927 antropophagi,
1184 5857 1330 5911 vesci
1353 5857 1633 5912 trucidatis
1669 5854 2036 5930 alienigenis.»

1573 333 1638 388 D.
1677 328 2004 390 SEGUIERI
2033 329 2082 384 A
2121 328 2181 386 S.
2222 328 2564 388 BHISSONE
2599 328 2831 389 NOTAE.

3680 333 3817 390 N60

2307 445 2465 514 Quod
2494 447 2738 504 referens
2761 491 2776 514 ,
2815 454 2877 502 ut
2907 446 3160 502 omnibus
3194 454 3405 511 notum,
3445 445 3658 502 Plinius
3688 448 3813 506 dicit

2241 517 2398 590 (Hist.
2432 528 2566 584 nat.,
2597 519 2688 590 liv.
2732 534 2956 590 vr,rcap.
2982 519 3070 588 9.0)
3106 536 3118 572 :
3149 537 3166 570 ‹
3192 517 3569 590 Inhabitabilis
3585 518 3810 590 Scythia:

2237 588 2414 660 prima
2437 606 2565 660 pars
2589 605 2618 643 a
2646 588 2901 660 Scythico
2920 590 3290 659 promontorio
3306 589 3376 644 ob
3402 589 3599 660 nives:
3619 588 3807 660 proxi-

2237 651 2575 734 inaineitlta,
2605 651 2808 734 saevitia
2831 651 3070 734 gentium
3104 679 3115 714 :
3147 659 3580 732 anthropophagi
3607 651 3811 734 Scytha:

2238 731 2496 798 insident,
2532 731 2786 787 humanis
2815 731 3134 801 corporibus
3154 741 3460 786 vescentes.
3502 751 3521 782 ι

2310 803 2460 857 Idem
2485 802 2655 857 refert
2679 803 2774 857 lib.
2819 819 2916 868 vu,
2942 818 3061 873 cap.
3094 804 3159 857 2:
3197 803 3331 857 Esse
3380 803 3702 874 Scytharum
3724 818 3811 874 ge-

2238 889 2368 928 nera
2393 884 2450 929 et
2475 874 2692 944 quidem
2742 861 3048 944 pluraqua:
3091 874 3413 942 corporibus
3452 861 3705 929 humanis
3724 861 3817 930 ve-

2240 956 2526 1018 scerentur
2549 945 2906 1018 indicavimus
2929 945 3044 1018 (lib.
3071 946 3259 1018 “326,
3278 954 3330 1018 et
3371 945 3462 999 lib.
3487 962 3571 1018 vi,
3597 947 3709 1015 20).

2311 1015 2547 1081 Solinus,
2583 1016 2747 1084 hujus
2773 1015 3054 1085 scriptoris
3082 1016 3444 1080 abbreviator,
3474 1016 3668 1072 eadem
3692 1031 3814 1071 nar-

2241 1095 2356 1150 rat,
2392 1097 2447 1142 et
2477 1088 2809 1157 Pomponius
2841 1088 3006 1154 Mela,
3033 1087 3110 1142 De
3128 1089 3232 1141 situ
3262 1087 3420 1152 orbis,
3449 1088 3542 1142 lib.
3594 1105 3653 1150 ιι,
3682 1103 3731 1142 c.
3763 1089 3813 1151 I,

2241 1167 2396 1213 notat
2419 1157 3023 1230 peculiareScytharum
3054 1175 3225 1230 genus
3253 1159 3398 1227 quod
3421 1159 3554 1214 dicit
3583 1159 3809 1213 anthro-

2240 1228 2570 1303 pophagum,
2595 1228 2682 1303 his
2712 1228 2921 1303 verbis:
2965 1252 2983 1283 ‹
3003 1228 3664 1303 ApudanthrOpOphagos
3693 1231 3818 1301 ipsa:

2241 1299 2404 1355 etiam
2429 1299 2604 1370 epulae
2634 1299 2934 1356 visceribus
2957 1299 3210 1356 humanis
3239 1299 3595 1371 apparaiiturI
3621 1319 3639 1351 ι

2313 1373 2374 1427 In
2409 1369 2642 1427 silvestri
2684 1373 2992 1443 agrestique
3021 1369 3326 1442 priscorum
3350 1372 3630 1426 hominum
3652 1369 3819 1436 cultu,

2241 1442 2443 1498 bellum
2477 1453 2597 1498 erat
2623 1442 2867 1512 quietiam
2891 1442 3109 1499 venatio
3138 1453 3197 1498 ut
3222 1444 3478 1499 homines
3514 1443 3825 1498 hominibus

2243 1523 2616 1570 vescerentur.
2654 1513 2792 1569 Cum
2817 1516 3030 1586 incipit
3088 1516 3359 1570 humanus
3382 1515 3668 1586 civilisque
3707 1515 3825 1570 cul-

2243 1595 2363 1649 tus,
2398 1585 2860 1657 anthropophagia
2920 1585 2984 1641 ex
3042 1585 3512 1657 bellofsequitur,
3574 1585 3671 1640 sed
3717 1601 3824 1640 non

2240 1657 2473 1727 amplius
2521 1670 2605 1712 est
2658 1656 3024 1724 belli’causa;
3072 1667 3127 1712 et
3190 1656 3282 1711 diu
3333 1656 3657 1728 Scytharum
3699 1671 3830 1727 gens

2243 1728 2480 1784 servavit
2520 1744 2727 1783 morem
2751 1729 3004 1784 vescendi
3021 1744 3185 1784 carne
3204 1728 3544 1784 devictorum
3566 1728 3826 1792 hostium,

2243 1815 2352 1853 non
2380 1800 2536 1854 aliter
2562 1815 2625 1854 ac
2652 1810 2892 1870 agrestes
2930 1801 3196 1862 homines,
3243 1799 3334 1870 qui
3370 1808 3517 1854 trans
3553 1798 3832 1870 Oceanum

2245 1886 2419 1940 nuper
2480 1879 2608 1942 sunt
2644 1869 2903 1942 reperti;
2978 1887 3102 1924 nam
3155 1869 3403 1926 calvariis
3435 1913 3470 1942 ,ν
3504 1869 3829 1942 poculorum

2244 1943 2430 2005 instar,
2458 1952 2513 1996 et
2530 1941 2762 2011 pellibus
2786 1958 2885 2012 pro
2901 1942 3078 1997 linteis
3103 1943 3410 1997 utebantur.
3429 1941 3766 2003 Herodotus,
3793 1941 3828 1993 I.

2245 2029 2316 2086 tv,
2336 2028 2384 2086 c.
2405 2013 2491 2078 64,
2512 2013 2668 2086 dicit:
2708 2034 2726 2064 ι
2756 2012 2970 2086 Scythis
2998 2028 3120 2086 eum
3150 2013 3352 2068 bellum
3392 2022 3620 2086 gerunt,
3667 2012 3832 2086 primi

2245 2084 2415 2138 hostis
2458 2085 2635 2138 necati
2669 2082 2986 2155 sanguinem
3030 2084 3218 2139 bibere
3265 2082 3510 2139 mos'est
3537 2092 3593 2139 et
3630 2082 3833 2155 olIerre

2245 2155 2356 2224 regi
2385 2155 2560 2224 capita
2610 2154 2890 2221 truncata;
2919 2171 3027 2225 quo
3063 2156 3238 2218 facto,
3284 2156 3464 2209 statim
3522 2154 3832 2209 mercedem

2245 2227 2466 2281 habent.
2515 2226 2612 2281 Hic
2652 2235 2737 2280 est
2760 2227 3299 2298 exeoriandi‘modus
3329 2245 3342 2280 :
3371 2226 3606 2298 primum
3633 2225 3832 2298 pellem

2243 2298 2386 2352 circa
2423 2313 2581 2351 aures
2601 2306 2804 2362 secant,
2858 2294 3101 2361 deinde:
3124 2307 3340 2380 arrepto
3373 2294 3560 2366 capite
3585 2337 3600 2361 ,
3637 2294 3834 2350 hostis

2245 2377 2548 2432 truncatur,
2579 2375 2692 2423 tum
2719 2377 2938 2423 utentes
2966 2376 3116 2424 costa
3141 2369 3293 2424 bovis
3329 2383 3547 2423 carnem
3600 2374 3830 2427 exuunt,

2244 2440 2441 2509 pellem
2506 2439 2757 2493 manibus
2811 2440 3102 2504 molliunt,
3186 2455 3349 2507 quam
3415 2439 3522 2509 sic”
3565 2438 3831 2491 mollitam

2245 2508 2566 2574 extendunt,
2590 2517 2648 2564 ut
2679 2510 2767 2563 illa
2796 2519 3020 2564 utantur
3037 2511 3274 2564 mantilis
3297 2511 3483 2565 instar.
3504 2508 3659 2564 Tunc
3682 2509 3832 2562 illam

2245 2581 2585 2650 suspendunt
2613 2581 2681 2636 ad
2701 2589 2863 2651 caput
2889 2581 3033 2650 equi,
3086 2591 3141 2636 et
3170 2581 3358 2652 majori
3395 2579 3724 2652 honoriillis
3749 2586 3833 2633 est

2245 2653 2288 2705 si
2333 2652 2516 2721 plures
2541 2651 2777 2707 habeant
2801 2652 2880 2707 sic
2901 2651 3262 2722 praeparatas.
3289 2652 3427 2707 Sunt
3449 2652 3540 2722 qui
3573 2651 3640 2705 iis
3662 2659 3832 2704 utun-

2248 2729 2334 2794 tur
2382 2730 2637 2794 tantquam
2663 2723 2843 2792 pallio,
2870 2721 2924 2777 et
2968 2721 3198 2778 assuunt
3249 2732 3308 2779 ut
3341 2721 3510 2794 pelles
3555 2721 3826 2794 caprinas.

2245 2792 2502 2847 Nonnulli
2531 2802 2816 2866 amputant
2853 2795 2995 2850 hosti
3022 2795 3286 2860 dextram,
3320 2792 3478 2866 cuius
3502 2794 3644 2866 pelle
3690 2793 3831 2862 pha-

2247 2871 2445 2918 retram
2474 2865 2745 2934 operiunt.

2325 2953 2342 2986 ‹
2382 2933 2861 2990 Infestissimorum
2888 2945 3068 2992 autem
3094 2937 3331 2991 hostium
3361 2934 3558 3006 capita,
3577 2949 3726 2990 serra
3742 2933 3833 3006 de-

2249 3013 2438 3061 secant
2466 3006 2607 3061 infra
2640 3007 3017 3079 supercilium,
3057 3009 3252 3062 deinde
3279 3005 3512 3079 purgant
3553 3023 3709 3079 aqua.
3770 3005 3827 3079 Si

2249 3079 2334 3132 vir
2379 3093 2588 3151 pauper
2634 3076 2788 3133 sitiet
2811 3079 2968 3151 inops
2988 3121 3001 3144 ,
3036 3095 3202 3151 super
3231 3076 3483 3150 imposita
3507 3076 3645 3151 pelle
3673 3076 3831 3130 bovis

2251 3151 2438 3221 cruda,
2466 3150 2549 3204 sic
2571 3159 2784 3214 servat;
2818 3150 2862 3204 si
2884 3151 3054 3216 dives,
3083 3149 3291 3217 eadem,
3310 3149 3457 3221 pelle
3481 3149 3633 3205 bovis
3660 3163 3832 3220 super

2251 3220 2519 3292 imposita,
2550 3221 2643 3274 sed
2669 3221 2814 3275 intus
2845 3231 3051 3286 aurata,
3077 3223 3248 3276 instar
3267 3220 3447 3291 peculi
3479 3221 3664 3276 utitur.
3698 3238 3717 3271 ι

2274 3347 2282 3363 κ
2322 3291 2531 3347 Plinius
2557 3292 2652 3346 lib.
2686 3309 2785 3355 vn,
2819 3307 2940 3363 cap.
2961 3293 3030 3347 Ξῖ
3066 3311 3084 3343 ‹
3113 3293 3330 3347 Priores
3352 3292 3829 3362 anthropophagos

2251 3372 2389 3434 quos
2420 3363 2487 3416 ad
2521 3364 2950 3434 septentrionem
2977 3379 3098 3420 esse
3123 3364 3358 3422 diximus
3395 3365 3586 3418 decem
3617 3365 3828 3418 dierum

2253 3437 2468 3498 itinere,
2491 3450 2652 3506 supra
2666 3435 3057 3506 Borysthenem
3082 3451 3318 3501 amnem,
3339 3435 3554 3490 ossibus
3570 3435 3832 3488 humano-

2253 3523 2372 3560 rum
2391 3505 2628 3574 capitum
2643 3505 2831 3562 bibere
2849 3506 3172 3576 cutibusque
3188 3522 3312 3560 cum
3342 3507 3536 3576 capillo
3567 3521 3665 3576 pro
3681 3519 3831 3576 man-

2253 3579 2449 3632 telibus
2476 3585 2602 3630 ante
2635 3586 2854 3648 pectora
2873 3578 2969 3642 uti,
2995 3575 3240 3649 Isigonus
3258 3575 3512 3649 Nicaenus
3536 3575 3823 3649 prodidit.)

2323 3650 2418 3704 Sat
2454 3656 2539 3702 est
2565 3656 2646 3702 tot
2671 3657 2726 3703 et
2756 3658 3029 3703 tantorum
3063 3648 3516 3703 testimoniorum.

2321 3720 2437 3776 Col.
2471 3720 2538 3774 40
2563 3719 2605 3772 Α
2633 3720 2686 3776 9.
2712 3721 2858 3786 Τοὺς
2885 3720 3084 3781 πάλαι,
3115 3737 3168 3772 κ.
3201 3737 3252 3772 τ.
3287 3719 3336 3774 λ.
3381 3720 3557 3775 Locus
3600 3717 3692 3774 ubi
3720 3719 3831 3773 Eu-

2252 3793 2435 3848 sebius
2461 3789 2696 3861 loquitur
2727 3791 2795 3846 de
2813 3807 2964 3846 more
2994 3790 3225 3846 barbaro
3267 3791 3563 3846 multorum
3601 3789 3831 3861 populo-

2252 3881 2372 3918 rum
2397 3861 2698 3918 trucidandi
2728 3878 2907 3928 senes,
2948 3878 3108 3932 quem
3132 3871 3456 3933 sequuntur
3498 3861 3586 3916 alii
3617 3861 3685 3915 ad
3731 3875 3833 3933 an-

2252 3933 2698 4004 thropophagiam
2724 3934 3027 3995 colendam,
3056 3932 3143 3987 alii
3169 3932 3680 4004 adpermittendum
3705 3932 3833 3986 reli-

2251 4007 2405 4076 quias
2443 4005 2632 4076 avibus
2659 4013 2716 4058 et
2748 4005 2920 4076 feris,
2945 4005 3224 4076 mittentes
3267 4019 3489 4058 omnem
3535 4004 3832 4076 sepultura:

2251 4073 2459 4140 curam,
2508 4075 2636 4129 dum
2678 4075 2926 4130 nonnulli
2970 4075 3239 4145 sepeliunt
3281 4090 3390 4129 una
3433 4091 3555 4130 cum
3602 4073 3832 4145 mortuis

2249 4147 2523 4202 nobilibus
2565 4146 2813 4201 homines
2856 4143 3069 4203 vivosa
3097 4161 3156 4200 se
3201 4145 3446 4210 dilectos,
3479 4145 3716 4200 sumitur
3763 4143 3832 4200 ad

2253 4218 2478 4274 verbum
2510 4233 2573 4272 ex
2599 4225 2841 4289 tractatu
2869 4217 3154 4289 Porphyrii
3182 4217 3260 4272 De
3286 4216 3604 4272 abstinentia
3634 4216 3830 4282 carnis,

2251 4307 2304 4364 p.
2331 4289 2455 4364 ξπ),
2474 4286 2802 4364 _e_d._R_hoer,
2828 4289 2865 4343 l.
2885 4286 3038 4364 tv,_7c.
3056 4286 3152 4343 ‘21.

2319 4360 2435 4416 Col.
2454 4360 2529 4431 _40
2553 4357 2595 4411 Β
2626 4360 2674 4413 I.
2719 4358 3124 4428 Ἰστοροῦνται
3159 4360 3547 4431 Μασσαγέται
3573 4359 3672 4415 καὶ
3694 4358 3833 4430 Δέρ-

2250 4435 2431 4499 ϐικες.
2447 4429 2678 4486 Sanctus
2693 4431 3053 4502 Hieronymus
3075 4446 3140 4486 ex
3156 4432 3347 4488 iisdem
3361 4429 3601 4488 fantibus
3617 4429 3797 4487 hausit
3815 4445 3829 4495 ;

2250 4519 2377 4559 nam
2426 4502 2570 4560 idem
2600 4502 2731 4559 dicit
2779 4503 2970 4558 iisdem
3021 4502 3136 4557 fere
3177 4503 3379 4570 verbis,
3433 4503 3562 4557 Adv.
3593 4503 3833 4558 Iovinia-

2250 4592 2394 4641 num,
2431 4573 2567 4628 libro
2595 4574 2852 4646 secundo.
2909 4594 2928 4628 ε
2982 4573 3293 4646 Massagetae
3335 4584 3390 4630 et
3431 4573 3691 4630 Derbices
3730 4573 3832 4628 mi-

2251 4647 2506 4702 serrimos
2534 4654 2728 4716 putant
2757 4645 2848 4717 qui
2877 4645 3227 4718 aegrotatione
3256 4646 3595 4718 moriuntur,
3643 4655 3701 4704 et
3735 4659 3832 4715 pa-

2251 4725 2452 4779 rentes,
2485 4726 2758 4789 cognatos,
2789 4717 3141 4788 propinquos,
3166 4733 3290 4773 cum
3313 4717 3380 4772 ad
3411 4726 3687 4774 senectam
3703 4728 3832 4789 per-

2250 4789 2521 4852 venerint,
2545 4788 2819 4860 jugulatos
2848 4789 3148 4853 devorant;
3176 4789 3378 4844 rectius
3408 4803 3531 4843 esse
3571 4788 3832 4860 ducentes

2251 4868 2312 4914 ut
2339 4876 2368 4914 a
2394 4874 2452 4915 se
2474 4859 2655 4930 potius
2679 4875 2840 4929 quam
2867 4875 2899 4914 a
2938 4859 3216 4915 vermibus
3269 4859 3645 4915 comedantur.
3680 4859 3833 4928 Tiba-

2251 4931 2369 4985 reni
2395 4946 2532 5003 quos
2557 4931 2862 5003 dilexerunt
2896 4945 3055 5003 senes
3105 4931 3445 5001 suspendunt
3470 4930 3526 4983 in
3553 4931 3828 5003 patibulis.

2252 5001 2472 5058 Hircani
2490 5002 2810 5067 volucribus
2830 5011 2886 5057 et
2909 5002 3135 5057 canibus
3158 5003 3444 5057 semivivos
3470 5001 3825 5071 projiciunt...

2252 5073 2431 5128 Baetri
2447 5073 2672 5129 canibus
2694 5072 2760 5127 ad
2780 5074 2884 5144 hoc
2904 5071 3081 5144 ipsum
3105 5073 3607 5144 nutritis'objiciunt
3637 5087 3828 5136 senes;

2252 5145 2397 5215 quod
2425 5160 2549 5199 cum
2587 5143 2875 5198 Alexandri
2903 5143 3190 5213 praefectus
3214 5144 3232 5210 (
3246 5143 3514 5214 Nicanor)
3541 5145 3831 5199 emendare

2253 5214 2532 5279 voluisset,
2565 5230 2704 5285 pene
2727 5214 2906 5286 amisit
2950 5215 3304 5285 provinciam.
3345 5235 3364 5266 ι
3403 5215 3564 5286 Apud
3607 5215 3828 5270 Strabo-

2252 5302 2400 5354 nem,
2456 5287 2751 5358 Diodorum
2807 5285 3069 5358 Siculum,
3105 5286 3398 5358 Stasanor;
3444 5285 3587 5358 quod
3640 5286 3831 5358 legitur

2255 5359 2418 5414 etiam
2437 5359 2581 5429 apud
2595 5357 2972 5428 Porphyrium,
2996 5358 3032 5410 l.
3052 5373 3114 5423 v;
3133 5357 3483 5424 Theodoret.,
3503 5369 3559 5413 et
3583 5357 3830 5413 sermone

2257 5446 2328 5491 ix,
2362 5445 2480 5501 pag.
2518 5430 2638 5496 1‘29,
2668 5429 3080 5501 Tlterapeutices,
3113 5429 3242 5484 edit.
3263 5429 3508 5501 Sylburg.
3537 5429 3837 5501 Μασσαγέ-

2253 5518 2342 5555 ται
2365 5499 2492 5562 rei};
2514 5501 2890 5572 γεγηρακότας
2919 5499 3066 5572 (idem
3093 5501 3186 5555 καὶ
3205 5499 3485 5572 (iamdabat
3521 5499 3826 5572 ποιησᾴμε-

2253 5572 2540 5644 νφιγνόμον,
2565 5571 2924 5644 gessissem
2944 5571 3043 5644 τὴν
3080 5572 3328 5644 μυᾳαρὰν
3363 5571 3565 5644 ταρτην
3596 5571 3828 5644 ᾼὲδῳδήν.

2255 5615 2550 5719 Ἰῖιᾼϐαρῖνοὶ
2567 5645 2697 5719 fre-2»;
2720 5615 3033 5719 πὶξσὸύταις
3054 5615 3195 5719 ᾖτά
3226 5615 3488 5719 3:911:11)th
3520 5615 3830 5719 ξιαθυςςάτέον

2257 5713 2519 5786 εξίθικότες
2550 5714 2711 5786 ὠθεῖν
2734 5755 2748 5786 ,
2771 5715 2863 5786 τὸν
2898 5713 3277 5786 napzdvqpov'
3303 5713 3832 5786 τέὸῦτονξκατέλυσᾳν

2254 5785 2451 5856 νόμονι-
2481 5787 2581 5840 οὐκ
2614 5785 2694 5839 ἔτι
2725 5785 2770 5838 δ’
2789 5784 2914 5856 οὔτε
2972 5784 3230 5856 ’Υρκακὼὶ
3256 5784 3380 5838 οὔτε
3437 5785 3677 5840 Κάσπιοι
3710 5785 3832 5856 rei);

2253 5855 2424 5921 κύνας
2446 5860 2558 5921 τοῖς
2580 5856 2690 5912 τῶν
2711 5855 3024 5910 τεθνεώτων
3044 5855 3379 5928 ἐκτρέφουσι
3421 5856 3637 5929 σώμασι
3663 5874 3675 5887 ·
3710 5855 3830 5910 οὔτε
