4136 6392
342 329 363 380 1
386 326 480 382 159

341 449 477 502 tium
522 460 739 510 rerum,
771 445 942 501 Deum
988 453 1170 498 autem
1222 442 1454 498 Mentem
1507 459 1628 513 qua:
1675 458 1741 496 ex
1789 459 1928 512 aqua

338 526 534 572 cuncta
575 516 856 588 lingeret.
915 533 957 566 ι.
1014 515 1225 588 Nonne
1287 515 1442 588 adest
1517 513 1928 588 contradictio?

342 583 766 650 Laetantiusfl.
801 605 838 650 ι,
898 601 949 642 c.
1009 587 1075 651 5,
1115 585 1281 640 verba
1333 584 1610 640 Ciceronis
1665 583 1927 638 transcri-

340 660 449 728 psit
484 677 495 712 :
535 678 552 709 (
583 658 779 712 Thales
817 657 1077 712 Milesius.
1103 656 1194 726 qui
1216 671 1368 728 unus
1401 672 1431 709 e
1461 656 1680 728 septem
1709 655 1928 728 sapien-

341 726 457 784 tum
491 745 720 783 numero
752 729 872 788 fuit,
915 729 1115 798 quique
1146 727 1352 796 primus
1381 727 1626 781 omnium
1667 726 1927 798 quiesisse

340 801 408 855 de
439 801 616 855 causis
643 797 981 854 naturalibus
1014 797 1268 860 traditur,
1321 814 1518 867 aquam
1549 813 1670 852 esse
1699 797 1832 851 dixit
1861 813 1929 850 ex

343 887 451 940 qua
481 881 604 926 nata
635 870 743 924 sint
768 870 970 932 omnia,
1001 871 1172 924 Deum
1203 878 1384 924 autem
1413 884 1535 924 esse
1565 876 1805 924 mentem
1835 867 1928 937 qui

342 959 406 997 ex
438 959 576 1012 aqua
610 951 806 995 cuncta
838 940 1172 996 formaverit.
1203 960 1240 1012 ί».

415 1008 542 1067 llzec
568 1013 753 1066 ultima
785 1012 1071 1066 aﬂirmatio
1095 1010 1528 1080 explanationem
1551 1009 1736 1081 exigit.
1796 1008 1928 1081 Nul-

342 1084 427 1139 lus
456 1095 583 1139 ante
611 1084 930 1138 Ciceronem
962 1082 1193 1152 scriptor
1236 1083 1440 1135 dixerat
1487 1080 1710 1135 Thalem
1754 1080 1929 1152 admi-

342 1154 479 1210 sisse
525 1157 694 1208 Deum
739 1166 1040 1209 creatorem
1072 1151 1256 1206 mundi
1285 1195 1297 1212 ,
1335 1170 1364 1206 a
1396 1153 1728 1220 materiaque
1774 1151 1928 1204 iude-

340 1227 694 1296 pendentem.
749 1225 1068 1296 Aristoteles
1118 1224 1278 1296 dicit,
1313 1222 1594 1296 tilctapln,
1631 1224 1667 1296 Ιἴ
1706 1242 1740 1286 ι,
1771 1223 1882 1296 c._.‘3
1916 1239 1925 1272 :

342 1287 455 1360 Τὰς
497 1298 556 1348 ὲν
608 1295 740 1364 ὕλης
795 1296 924 1349 εῖδει
997 1295 1156 1366 μόνον
1219 1287 1493 1366 ᾠήθησαῶ
1539 1293 1713 1365 ἀρχὰς
1790 1287 1930 1366 ,εἷ-νᾳ(

341 1368 579 1422 πάντων.
653 1363 902 1436 Plerique
947 1363 1254 1436 philosophi
1289 1363 1516 1436 causam
1557 1363 1737 1436 rerum
1767 1363 1931 1432 spiri-

342 1439 542 1492 tualeln
566 1435 1043 1501 nonadmiserunt,
1064 1436 1370 1506 Thalesque
1388 1435 1630 1506 profecto
1652 1435 1926 1506 intercus,

343 1519 407 1563 ut
437 1509 601 1577 hujus
632 1508 832 1562 schola:
859 1509 1132 1578 princeps,
1165 1504 1515 1562 annumerari
1548 1507 1727 1578 debet_.
1758 1504 1941 1578 Testi-.

343 1575 588 1634 monium
636 1595 840 1632 novum
860 1575 926 1633 et
967 1575 1079 1632 fere
1119 1579 1324 1633 nullmn
1374 1579 1661 1646 allegatum
1696 1575 1796 1629 fuit
1821 1615 1834 1634 ,
1874 1585 1933 1628 ut

342 1650 623 1705 Ciceronis
666 1650 948 1708 affirmatio
995 1659 1303 1703 tutaretur:
1336 1649 1565 1719 Cyrillus
1608 1646 1930 1719 Alexandri-

341 1738 447 1775 nus
477 1722 530 1774 in
567 1719 840 1774 Invectiris
876 1721 1121 1774 adversus
1149 1717 1426 1772 lulianum
1449 1762 1462 1782 ,
1497 1721 1532 1773 l.
1572 1737 1607 1782 ι,
1645 1734 1692 1772 e.
1725 1718 1776 1780 «ί,
1812 1717 1926 1770 sic:

348 1812 366 1843 ‹
403 1792 602 1846 Thales
633 1791 870 1847 Milesius
895 1791 1023 1845 dicit
1053 1792 1218 1844 Deum
1248 1807 1367 1843 esse
1399 1790 1585 1843 mundi
1621 1799 1877 1842 mentem.
1907 1804 1924 1837 ι

340 1862 448 1917 Sed
491 1862 726 1932 primum
781 1862 896 1915 hrec
942 1862 1104 1916 verba
1152 1878 1258 1914 non
1309 1861 1442 1914 satis
1472 1862 1622 1932 clara
1644 1867 1928 1932 apparent,

340 1946 394 1988 et
427 1930 658 2002 amplius
700 1933 786 1986 hic
837 1933 996 1986 Pater
1042 1948 1148 1984 non
1206 1947 1422 2001 semper
1469 1931 1522 1985 in
1581 1930 1933 2002 citationibus

341 2000 660 2074 scrupulose
681 2004 808 2074 agit,
830 2003 1172 2074 siquidemin
1198 2000 1388 2074 eodem
1411 2017 1575 2074 Opere
1597 2000 1928 2074 Sanchouia-

340 2083 434 2129 ton
464 2071 797 2130 mentionem
843 2075 968 2127 facit
995 2090 1059 2127 ex
1092 2071 1455 2128 Stromatibus
1475 2072 1773 2126 Clementis
1802 2071 1933 2125 Ale-

341 2145 592 2199 xandrini
615 2187 629 2208 ,
663 2154 718 2199 et
749 2161 814 2198 ex
849 2145 1071 2212 Josephi
1121 2146 1368 2197 versione
1402 2162 1414 2195 :
1451 2144 1505 2197 in
1543 2143 1626 2196 his
1656 2158 1818 2212 porro
1865 2142 1932 2196 de

341 2216 749 2271 Sanchoniaton
785 2216 933 2269 nullo
969 2214 1130 2269 modo
1156 2215 1352 2283 agitur.
1414 2214 1669 2285 Virgilius
1717 2213 1932 2285 Anaxa-

341 2303 483 2360 gorae
543 2287 870 2342 sententiam
922 2288 998 2341 sic
1051 2286 1250 2349 tradit,
1305 2284 1530 2340 Ai'neid.
1558 2284 1651 2339 lib.
1681 2300 1772 2349 γι,
1809 2284 1930 2338 7‘26.

729 2399 1012 2470 Totamque
1046 2400 1221 2470 infusa
1248 2417 1342 2469 per
1368 2409 1516 2453 artus

453 2468 601 2523 Mens
629 2471 798 2541 agitat
825 2468 1012 2524 molem
1037 2481 1083 2524 et
1105 2468 1221 2523 toto
1249 2468 1302 2524 se
1336 2487 1551 2541 corpore
1577 2471 1772 2525 miscet.

414 2561 612 2616 Thales
638 2563 1010 2616 exsistentiam
1038 2563 1265 2617 deorum
1289 2564 1611 2618 admittebat
1633 2606 1646 2626 ,
1703 2572 1762 2617 ut
1788 2563 1934 2616 Ana-

345 2633 642 2697 ximander,
683 2634 1067 2695 Anaximenes,
1103 2634 1460 2703 Empedocles
1490 2643 1549 2688 et.
1567 2650 1757 2687 omnes
1796 2633 1934 2703 phy-

344 2704 439 2756 sici
472 2705 561 2774 qui
609 2705 936 2774 principium
985 2720 1166 2760 rerum
1211 2706 1265 2758 in
1299 2705 1525 2760 materia
1571 2705 1931 2774 reponebant,

342 2784 397 2828 et
427 2784 608 2838 certe,
643 2776 999 2846 sinegﬂeorum
1053 2775 1246 2844 injuria
1275 2818 1288 2841 ,
1326 2791 1437 2829 non
1466 2785 1647 2846 potest
1689 2775 1795 2828 dici
1842 2790 1936 2828 eos

342 2846 533 2900 atheos
559 2861 678 2900 esse
695 2855 750 2900 ut
766 2845 1113 2900 Theodorum
1139 2845 1456 2916 Cyrenaeum
1470 2845 1592 2900 aut!
1623 2846 1855 2916 iagorarn
1871 2861 1939 2899 ex

345 2916 522 2971 insula
551 2916 746 2980 Meles;
771 2918 864 2971 sed
882 2916 1282 2971 Christianismi
1303 2917 1565 2971 doctrina:
1585 2916 1844 2970 dill'eruut
1869 2916 1936 2970 ab

343 2990 689 3056 antiquorum
728 2987 1194 3058 opinionibusqui
1226 2997 1517 3058 propterea
1544 3003 1688 3058 smpe
1717 3004 1750 3041 a
1779 2987 1937 3040 nobis

343 3058 485 3111 male
514 3059 871 3113 aestimantur.
943 3057 1040 3122 llic
1070 3057 1234 3114 error
1253 3057 1362 3128 quo
1389 3057 1642 3112 notiones
1670 3059 1937 3112 revelatas

343 3143 468 3200 cum
519 3129 834 3184 notionibus
859 3146 962 3200 ope
994 3129 1514 3185 luminisnaturalis
1542 3129 1773 3184 detectis
1799 3145 1936 3182 cou-

344 3199 644 3262 fundimus,
664 3201 774 3269 jam
807 3199 1026 3256 notatus
1055 3201 1158 3255 fuit
1183 3217 1212 3254 a
1237 3200 1594 3263 Warhurton,
1617 3200 1774 3268 cujus
1798 3216 1937 3269 opus

347 3270 400 3323 in
433 3270 694 3325 Gallicum
733 3272 895 3326 vertit
946 3288 1258 3327 sermonem
1310 3271 1653 3334 Silhouette,
1714 3270 1934 3325 Dissert.

354 3343 440 3406 12,
474 3351 606 3394 tom.
642 3341 714 3400 ll.
749 3358 804 3412 p.
838 3343 954 3396 176.
987 3342 1238 3412 Episcopi
1267 3341 1528 3396 Sherloek
1557 3351 1786 3411 quartus
1817 3359 1937 3396 ser-

346 3429 455 3477 mo,
492 3420 638 3466 totus
667 3413 733 3467 de
771 3415 870 3466 hac
905 3413 1204 3482 quiestione
1237 3423 1338 3468 est.
1399 3413 1488 3466 Sic
1513 3429 1659 3481 saepe
1682 3429 1938 3468 vocamus

346 3485 558 3547 atheos,
584 3483 938 3553 pliilOSOphos
965 3483 1055 3553 qui
1086 3500 1194 3538 non
1226 3483 1566 3538 admiserunt
1593 3485 1763 3538 Deum
1795 3500 1941 3538 crea-

349 3563 542 3615 torem,
586 3557 754 3608 Deum
787 3572 816 3608 e
846 3555 1017 3609 nihilo
1060 3553 1240 3608 omnia
1273 3555 1672 3613 extrahentem.
1708 3565 1801 3609 aut
1829 3555 1939 3607 sal-

349 3635 456 3678 tem
490 3635 728 3680 mentem
759 3626 982 3679 omnino
1009 3634 1310 3694 separatam
1338 3641 1368 3678 a
1395 3627 1619 3679 materia
1641 3642 1802 3695 quam
1835 3626 1940 3678 tin-

347 3697 440 3749 xit.
459 3695 583 3750 ":BC
611 3695 954 3767 Anaxagoras
981 3697 1189 3766 primus
1215 3695 1495 3767 professus
1519 3706 1622 3760 est,
1651 3713 1812 3767 quem
1849 3711 1940 3749 se-

345 3768 455 3820 cuti
489 3768 641 3822 luere
666 3777 720 3822 et
745 3765 997 3822 Socrates
1027 3775 1081 3821 et
1110 3767 1261 3820 Plato
1282 3776 1336 3821 et
1358 3765 1680 3821 Aristoteles
1705 3767 1938 3835 aliique;

345 3838 528 3893 nullus
569 3847 748 3892 autem
773 3881 788 3903 ,
821 3848 947 3893 ante
977 3839 1350 3909 Anaxagoram
1376 3879 1389 3900 ,
1425 3854 1531 3892 nec
1571 3838 1771 3891 Thales
1802 3838 1938 3906 ipse,

347 3909 446 3961 has
474 3909 730 3964 veritates
759 3909 1020 3963 ediderat.
1049 3908 1382 3979 Anaitagorae
1433 3910 1874 3980 apophthegma,
1909 3925 1940 3962 a

347 3979 586 4050 Diogene
617 3981 830 4034 Laértio
857 3981 1078 4034 citatum
1104 3980 1409 4050 iterumque
1435 3997 1464 4034 a
1503 3980 1739 4042 Stobzeo,
1777 3979 1948 4035 refert

347 4052 492 4120 quod
522 4050 635 4120 ipse
663 4051 1027 4120 interrogatus
1050 4051 1178 4121 quid
1211 4061 1355 4106 esset
1378 4051 1676 4121 antiquius.
1712 4065 1940 4118 respon-

349 4122 429 4175 dit
463 4140 474 4174 :
512 4141 530 4168 ι
565 4122 736 4185 Deus,
773 4123 914 4191 quod
952 4138 1062 4175 non
1091 4123 1204 4191 ipse
1234 4133 1544 4191 generatur.
1578 4142 1595 4172 ι
1631 4122 1720 4175 Sic
1749 4123 1943 4175 Cicero

349 4193 427 4246 De
445 4192 659 4262 legibus,
681 4193 716 4245 l.
739 4210 774 4246 ιι
810 4211 822 4245 :
863 4212 879 4243 ι
903 4194 1225 4260 Thales,qui
1255 4193 1690 4260 sapientissimus
1717 4193 1772 4246 in
1803 4192 1943 4261 Sep-

352 4273 460 4318 tem
509 4264 642 4326 fuit,
687 4263 864 4335 aiebat
894 4263 1145 4317 homines
1186 4263 1494 4335 existimare
1518 4274 1794 4335 oportere,
1823 4279 1944 4332 qum

351 4344 728 4398 cernerentur,
757 4334 980 4388 deorum
1013 4348 1136 4388 esse
1167 4334 1345 4403 plena.
1375 4353 1392 4384 ι

427 4405 565 4459 Deos
591 4405 929 4470 admittebat,
967 4421 1077 4460 non
1105 4417 1287 4459 autem
1319 4414 1445 4458 ante
1469 4405 1649 4458 omnia
1673 4405 1944 4459 exsisten-

355 4485 438 4529 tes
463 4492 565 4530 nec
595 4485 888 4530 creatores.
937 4475 1198 4529 Versatur
1227 4475 1282 4528 in
1312 4475 1583 4529 sententia
1608 4476 1826 4530 llomeri
1851 4476 1944 4545 qui

353 4546 614 4616 originem
653 4562 832 4600 rerum
896 4557 952 4601 et
985 4546 1218 4600 Deorum
1249 4561 1445 4616 aquam
1477 4546 1643 4612 dicit,
1685 4546 1847 4601 Iliad.
1881 4545 1942 4611 Ξ,

350 4632 512 4671 versu
536 4618 660 4680 202,
773 4620 802 4687 ᾗ

478 4707 746 4772 Ὠκέανόν,
774 4725 834 4760 τε
860 4707 998 4761 θεῶν
1028 4706 1242 4776 γένεσιν
1267 4707 1363 4761 καὶ
1388 4706 1600 4779 μητέρα
1630 4707 1828 4778 Τηθύν.

360 4797 428 4851 Et
460 4797 679 4863 ibidem,
713 4813 871 4852 versu
897 4797 1002 4852 246
1029 4815 1042 4852 :

479 4889 752 4952 Ὠκεανοῦ,
786 4890 958 4959 ὅσπερ
990 4889 1210 4958 γένεσις
1245 4889 1509 4943 πάντεσσι
1547 4889 1822 4944 τέτυκται.

429 4979 580 5034 Idem
611 4989 799 5033 censet
825 4977 1118 5042 Hesiodus,
1166 4978 1258 5049 qui
1286 4978 1426 5032 Deos
1454 4993 1563 5049 non
1594 4977 1812 5031 exhibet
1842 4978 1944 5030 nisi

360 5059 646 5120 postquam
697 5050 864 5104 chaos
887 5048 1255 5105 ordinatur’et
1308 5049 1410 5120 ipsi
1443 5048 1636 5103 tellure
1667 5049 1940 5114 feruntur,

361 5121 546 5192 Theog.
578 5137 630 5174 ν.
669 5121 770 5174 116
804 5139 816 5172 :

433 5233 590 5288 Ἤτοι.
627 5233 724 5303 μὲν
755 5230 1037 5303 πρώτιστα
1067 5231 1196 5303 χάος
1220 5233 1418 5300 γένετ’,
1473 5230 1650 5303 αὐτὰρ
1683 5230 1876 5286 ἔπειτα

430 5305 470 5358 Γ
474 5307 546 5376 αἶ’
582 5303 960 5376 εὑρύστερνρς,
993 5303 1209 5376 πάνῖων
1249 5303 1366 5367 ἕδος
1392 5303 1769 5376 ᾁσφαλὲς-ᾳξεὶ

445 5373 836 5440 ’Λθανάὲων,οἳ
863 5374 1044 5445 ἔχουσι
1073 5375 1215 5446 κάρη
1254 5374 1529 5443 νιφοέντος
1574 5373 1869 5445 Ὀλύμπου.

433 5468 561 5522 Ηωο
606 5466 792 5536 opinio
853 5467 927 5520 ita
978 5467 1324 5536 pnevalebat,
1353 5475 1413 5520 ut
1456 5465 1848 5535 Aristophanes
1892 5465 1944 5518 in

360 5539 572 5601 Avibus,
606 5555 747 5592 vers.
779 5539 902 5601 477,
933 5538 1106 5592 dicat:
1134 5558 1151 5590 (
1181 5538 1238 5592 Si
1264 5553 1392 5592 aves
1415 5547 1540 5591 ante
1559 5547 1776 5600 terram,
1806 5553 1936 5607 ergo

365 5621 492 5665 ante
532 5611 664 5664 deos
687 5609 854 5663 creati
890 5618 1018 5662 sunt
1045 5627 1056 5661 :

363 5700 572 5758 Οὐκοῦν
615 5692 737 5773 δῆτ’
763 5703 812 5754 εἰ
852 5688 1107 5771 πρότεροι
1146 5699 1245 5771 μὲν
1276 5700 1378 5771 γῆς
1400 5742 1412 5765 ,
1444 5699 1707 5842 πρότῗξοὶ
1725 5697 1781 5750 δὲ
1809 5695 1946 5748 θεῶν

1618 5785 1886 5838 ςγενοντο.
1926 5788 1941 5817 ι

1618 5785 1886 5838 εγενοντο.
1926 5788 1941 5817 ι

435 5864 727 5923 Hesiodum
760 5865 888 5922 dicit
919 5864 1260 5931 Plutarchus,
1299 5862 1374 5918 De
1413 5863 1668 5933 Isidc,c.
1725 5863 1810 5928 57,
1847 5861 1948 5915 alia

1365 322 1422 377 D.
1469 321 1785 378 SEGUIERI
1824 323 1863 376 A
1902 321 1958 378 S.
2003 322 2338 379 BRISSONE
2395 324 2626 381 NOT/E.

3494 324 3662 396 me;

2032 444 2298 514 principia
2329 461 2438 499 non
2472 446 2756 501 admisisse
2801 445 2908 501 dici
2941 459 3117 514 posse,
3147 443 3252 498 nisi
3281 459 3346 498 ea
3368 458 3490 513 qua:
3512 443 3628 513 pri-

2032 532 2121 569 ma
2139 525 2312 578 vocat,
2339 516 2541 571 scilicet
2570 525 2784 579 terram,
2809 517 2996 580 chaos,
3023 524 3282 568 tartarum
3308 524 3363 568 et
3383 514 3625 581 Ἔρωτα,

2033 604 2286 640 amorem.
2321 606 2339 637 ι
2372 587 2659 648 Hesiodus,
2691 597 2744 641 et
2774 602 2967 641 omnes
2997 585 3250 654 theologi,
3283 584 3458 655 inquit
3474 585 3628 640 Aris-

2036 659 2245 723 toteles,
2291 678 2308 710 (
2354 658 2409 712 in
2465 658 2517 711 id
2571 659 2742 712 solum
2785 657 3140 712 attenderuut
3181 657 3323 723 quod
3383 667 3626 710 mentem

2035 728 2299 783 lectorum
2352 739 2605 800 caperet;
2661 729 2790 797 quid
2826 739 3010 800 autem
3040 741 3141 800 nos
3181 727 3629 800 philosophiae-

1985 807 2002 837 θ
2033 801 2160 855 dere
2174 797 2484 871 possumus,
2502 801 2718 870 quando
2733 800 2922 854 dicunt
2946 797 3080 852 alios
3100 798 3232 851 deos
3255 806 3409 871 natos
3439 798 3624 871 fuisse,

2032 867 2463 942 quos—principia
2497 867 2721 932 vocant,
2747 885 3045 942 omnesque
3074 867 3312 942 nectaris
3342 877 3402 942 et
3421 869 3630 942 ambro-

2034 937 2129 998 sia:
2177 937 2516 1013 inexpertes,
2543 959 2662 996 esse
2712 937 3010 1013 mortales?
3038 981 3050 993 .
3085 979 3097 992 .
3133 979 3145 992 .
3180 979 3193 992 .
3247 937 3494 999 Etenim,
3532 940 3631 994 hos

2034 1015 2079 1068 si
2113 1011 2332 1084 gustant
2362 1015 2536 1084 victus
2564 1014 2657 1077 dii,
2690 1011 3195 1084 voluptatiseausa,
3234 1023 3415 1077 neque
3445 1020 3631 1084 nectar

2034 1080 2420 1140 alittttnlirosia
2455 1095 2579 1139 sunt
2615 1080 2944 1138 exsistehtia:
2979 1081 3176 1135 dirime
3196 1095 3410 1141 causae;
3441 1080 3481 1133 si
3509 1097 3633 1133 ron-

2037 1165 2115 1210 tra
2148 1159 2215 1211 ah
2247 1157 2330 1211 bis
2361 1157 2594 1223 vit-tibus
2638 1156 2946 1216 exsistunt,
2998 1155 3274 1222 quomodo
3315 1161 3499 1223 essent
3531 1151 3633 1204 im-

2037 1230 2316 1291 mortales,
2349 1227 2440 1297 qui
2469 1221 2590 1281 ci‘bo
2619 1226 2824 1297 egent?
2877 1225 2983 1297 ista
3019 1221 3634 1297 fabulosasophismata

1996 1299 2125 1354 ‘vix
2155 1293 2460 1354 attentione
2490 1293 2841 1368 digna'suut.
2875 1295 2981 1351 Sed
3013 1295 3082 1350 ab
3113 1293 3181 1368 iis
3211 1293 3303 1363 qui
3343 1293 3634 1368 ratiocina-

2037 1371 2240 1425 tionem
2272 1364 2643 1424 adhibuerhnt
2681 1384 2899 1438 qumro,
2947 1364 3519 1438 quomodogesseutize
3567 1365 3634 1417 ab

2036 1443 2226 1497 eadem
2253 1441 2463 1512 origine
2489 1440 2664 1494 ducta:
2681 1434 2712 1500 ,”
2743 1434 3289 1512 dividuntundeinde
3321 1435 3374 1488 in
3403 1434 3632 1512 inunor-

2037 1514 2174 1568 tales
2205 1506 2399 1567 natui'a
2420 1553 2433 1576 ,
2465 1521 2521 1564 et
2556 1521 2748 1566 natura
2782 1509 3077 1564 mortales?
3126 1507 3184 1560 ln
3241 1507 3342 1560 hac
3386 1506 3631 1560 doctrina

2037 1585 2295 1652 quoniam
2323 1584 2478 1637 adest
2507 1581 2884 1645 contradictio,
2917 1580 3174 1652 hIBCDQII
3206 1587 3343 1652 sunt
3368 1576 3632 1652 principia

2037 1648 2240 1709 rerum.
2295 1653 2675 1723 Empedocles,
2707 1652 2797 1722 qui
2829 1649 3265 1723 sapientissimus
3294 1648 3398 1723 dici
3429 1657 3628 1723 potest,

2038 1725 2092 1778 in
2123 1727 2312 1780 eadem
2345 1719 2773 1779 contradictione
2801 1719 3067 1776 versatur.
3134 1719 3272 1773 Dicit
3307 1719 3632 1786 disputatio-

2039 1812 2162 1850 nem
2197 1797 2438 1864 (νεῖκος),
2473 1793 2863 1849 destructionis
2908 1808 3028 1847 esse
3065 1807 3285 1864 causam
3323 1800 3387 1864 _et
3427 1790 3632 1858 princi-

2039 1860 2219 1936 pium:
2246 1883 2342 1921 cur
2365 1861 2473 1920 non
2505 1876 2687 1920 autem
2719 1865 2907 1918 eadem
2939 1860 3634 1936 essetprineipimulgeue-

2039 1931 2296 1992 ratiouis?
2341 1953 2405 1991 ex
2438 1954 2501 1991 ea
2551 1937 2755 1991 etenim
2808 1935 3024 1991 omnia.
3061 1931 3122 1988 si
3156 1931 3396 2002 excipias
3439 1932 3630 1994 Deum,

2039 2009 2399 2077 proveniunt;
2429 2008 2560 2063 dicit
2594 2008 2738 2062 enim
2769 2027 2779 2060 :
2818 2025 2836 2057 (
2867 2005 3061 2060 Omnia
3091 2020 3212 2074 qua:
3254 2012 3416 2065 sunt,
3451 2002 3632 2077 omnia

2037 2072 2158 2148 quae
2171 2089 2350 2140 erunt,
2369 2072 2438 2133 ab
2464 2080 2579 2149 ipsa
2598 2087 2744 2142 sunt,
2779 2086 2834 2132 et
2849 2086 3029 2140 erunt,
3047 2072 3404 2149 eticrcseuut;
3429 2072 3636 2149 scilicet

2037 2144 2261 2206 arbores
2280 2195 2294 2216 ,
2329 2144 2578 2204 homines
2603 2193 2616 2213 ,
2644 2150 2860 2204 feminae
2885 2191 2897 2202 .
2935 2164 3063 2202 aves
3088 2190 3102 2211 ,
3152 2145 3330 2216 pisces
3361 2145 3451 2213 qui
3489 2144 3636 2197 unda

2037 2237 2220 2276 amara
2269 2221 2609 2285 nutriuntur,
2643 2221 2826 2291 diique
2859 2219 2959 2291 ipsi
2988 2219 3079 2289 qui
3116 2217 3224 2271 vita
3261 2216 3470 2270 inlinita
3501 2232 3636 2285 gau-

2038 2293 2190 2357 dent,
2227 2313 2244 2344 ι
2281 2302 2388 2348 etc.

2112 2363 2200 2418 Sic
2223 2363 2530 2434 philosophi
2561 2363 2652 2432 qui
2680 2371 2807 2416 ante
2843 2359 3218 2434 Anaxagoram
3251 2357 3535 2434 florebant,
3571 2371 3637 2409 ex

2037 2429 2360 2496 Aristoiele,
2384 2429 2593 2488 omnes
2620 2450 2789 2501 usque
2838 2433 2903 2486 ad
2949 2429 3138 2493 unum,
3163 2429 3460 2501 credebant
3502 2429 3636 2501 deo;

2038 2505 2188 2575 ipsos
2251 2522 2280 2560 a
2335 2505 2602 2576 principio
2650 2499 2982 2576 universali,
3037 2501 3342 2576 luateriali,
3404 2499 3634 2576 simplici

2038 2571 2122 2631 vel
2175 2571 2455 2646 multiplici
2478 2618 2490 2634 .
2515 2571 2764 2646 —quidatn
2807 2573 3210 2646 aqua,_quidam
3245 2573 3385 2646 igne,
3418 2571 3636 2646 quidam

2044 2663 2192 2719 aere,
2245 2642 2460 2719 genitos
2493 2642 2712 2719 fuisses
2741 2645 2908 2719 Arist.
2941 2643 3235 2713 Metaphys.
3345 2659 3428 2705 ιιι,
3466 2657 3515 2693 (ι.

2114 2713 2272 2772 lluné
2329 2733 2575 2772 errorem
2636 2717 2844 2785 primus
2875 2716 3221 2785 Anaxagoras
3274 2713 3633 2785 impugnavit.

2041 2788 2169 2843 Post
2197 2789 2394 2859 ipsum,
2416 2782 2760 2847 Chaos,illud
2787 2787 3006 2854 inquam
3030 2782 3494 2859 StlllﬁltnlliillisAt‘l
3529 2782 3637 2835 lie-

2043 2853 2300 2918 siodifut
2326 2859 2656 2929 principium
2688 2853 2973 2929 receptum
3001 2872 3029 2908 a
3059 2854 3378 2929 quibusdam
3410 2853 3530 2905 fuit.

2120 2951 2137 2981 (
2173 2922 2477 2994 Accusilas,
2507 2922 2681 2999 inquit
2715 2922 3182 2999 Damasi-iusllepl
3203 2922 3440 2999 1491031»,
3468 2922 3639 2999 codex

2045 3002 2203 3063 1987,
2234 3003 2360 3057 folio
2393 2993 2516 3064 567,
2546 2993 2664 3054 mea
2691 2999 2981 3054 sententia.
3017 2997 3193 3049 Chaos
3223 2993 3638 3064 primumprin-

2043 3073 2242 3142 cipiutn
2300 3063 2776 3144 putavit’tutpote.
2825 3069 3049 3144 omnino
3113 3063 3386 3138 ignotum;
3443 3063 3640 3144 dcinde

2044 3134 2667 3214 Erebum,'principium'
2703 3140 3062 3214 masculinum
3087 3179 3101 3199 ,
3138 3134 3384 3214 noctem,
3401 3157 3413 3169 -
3435 3134 3640 3214 princi-

2044 3215 2194 3284 pium
2235 3205 2531 3270 feniineuui
2573 3212 2821 3284 admisit;
2864 3225 3095 3284 quorum
3128 3205 3639 3278 prioritnmensita-

2046 3280 2154 3340 tem
2181 3329 2194 3350 ,
2226 3285 2492 3356 posterior
2523 3283 2862 3356 remitinitam
2891 3280 3209 3356 significat.)

2116 3351 2374 3422 Irenarus,
2409 3357 2603 3428 Contra
2636 3354 2959 3428 Htt’rescStl.
2992 3369 3050 3428 tt_,
3089 3367 3137 3404 c.
3169 3351 3201 3404 4
3233 3391 3244 3401 .
3370 3427 3374 3428 ν
3455 3417 3467 3428 1

2122 3449 2139 3480 ι
2175 3417 2512 3499 Antiphanes
2563 3427 2634 3499 in_
2673 3423 2960 3499 theogonia
3011 3423 3087 3499 de_
3116 3428 3276 3499 nocte
3326 3427 3382 3472 et
3417 3417 3640 3499 rsilentio

2045 3498 2224 3553 Chaos
2281 3491 2542 3553 emissum
2585 3497 2776 3570 dicit_'
2807 3491 3430 3570 idehinc_de_Chao_.et
3479 3498 3640 3542 nocte

2046 3570 2379 3639 cupidinem,
2415 3579 2470 3624 et
2498 3586 2562 3624 ex
2597 3569 2698 3622 hoc
2729 3567 2911 3639 lumen
2958 3583 2970 3617 :
3017 3563 3226 3639 dehinc
3259 3560 3519 3639 reliquam
3550 3575 3639 3612 se-

2049 3632 2290 3694 cundum
2317 3632 2441 3694 enm
2470 3641 2698 3710 primam
2723 3637 2988 3712 genesim.
3017 3632 3312 3712 Postquod
3341 3645 3529 3684 rursus
3554 3645 3639 3712 se:

2048 3712 2282 3765 Cundam
2338 3702 2564 3766 deorum
2623 3702 3030 3780 generationem
3082 3703 3389 3780 int_l_uxit__et
3449 3702 3636 3754 mundi

2048 3779 2480 3836 fabricationem.
2573 3772 2780 3834 DC-hiuc
2837 3779 2905 3832 de
2965 3774 3220 3831 secundis
3287 3772 3391 3828 diis
3454 3782 3641 3825 narrat

2050 3853 2332 3926 hominum
2367 3851 2800 3926 plasmationem.
2838 3867 2854 3926 ξ
3275 3913 3285 3926 ο
3423 3913 3436 3926 ἱ
3592 3914 3602 3923 ι

2119 3923 2227 3986 Sic,
2248 3913 2382 3978 ante
2403 3925 2772 3992 Anaxagoram
2805 3921 3071 3992 elementa
3100 3913 3360 3972 materiat,
3388 3913 3636 3992 obscuri-

2050 4004 2134 4050 tas
2169 3985 2224 4050 et
2267 3985 2618 4049 immensitas
2664 3991 2990 4062 principium
3045 4004 3228 4062 rerum
3267 3985 3636 4062 putabantur;

2050 4066 2204 4136 isque
2243 4066 2451 4136 primus
2512 4055 2680 4136 hanc'
2708 4055 3304 4136 opinionetmdeseruit
3332 4098 3344 4117 ,
3385 4055 3638 4136 prosemi-

2050 4125 2403 4208 ne'ntiainque
2454 4135 2622 4190 menti
2677 4125 2924 4208 tribuit:
2963 4129 3088 4208 inde
3146 4127 3272 4208 νοῇς
3322 4125 3637 4208 vocabatur.

2049 4197 2406 4270 Plutarchus,
2440 4207 2491 4260 in
2526 4209 2642 4260 loco
2675 4206 2788 4272 jam
2837 4204 3003 4257 citato
3030 4201 3156 4272 l-"itre
3208 4197 3505 4272 Periclidis,
3534 4197 3644 4272 __di-

2051 4278 2126 4332 cit
2155 4297 2166 4331 :
2205 4299 2222 4330 (
2256 4267 2534 4333 Periclidis
2585 4267 2806 4331 domum
2852 4273 3072 4348 assidue
3099 4271 3246 4348 inter
3290 4269 3423 4321 alios
3453 4267 3644 4348 adibat

2051 4350 2399 4421 Anaxagoras
2447 4351 2834 4421 Clazomenius,
2873 4345 2965 4415 qui
3016 4343 3159 4421 Non;
3217 4339 3641 4421 cognominaba-

2053 4430 2162 4475 tur.
2216 4410 2271 4471 DV
2296 4421 2645 4490 Epitaphiqu
2700 4410 3031 4490 Anaxagora!
3085 4413 3164 4467 sic
3225 4411 3493 4490 legi-mus,
3549 4410 3639 4490 lib.

2052 4508 2170 4554 vui,
2226 4509 2273 4544 c.
2312 4479 2378 4546 11)
2427 4479 2784 4546 Historiarum
2851 4479 3180 4541 diversarum
3233 4480 3432 4554 .tEliani
3484 4498 3494 4531 :
3547 4479 3645 4554 Hie

2047 4551 2196 4632 jacet
2236 4563 2326 4616 ille
2355 4565 2446 4634 qui
2495 4564 2732 4632 promime
2784 4559 3183 4634 adnveritatem-
3211 4553 3430 4615 (tecedit,
3468 4551 3644 4634 quo‘qtl

2052 4619 2413 4688 exsistentiain
2449 4619 2666 4687 etialestis
2706 4631 2888 4705 mundi
2912 4671 2926 4691 ,
2957 4630 3001 4682 is
3034 4635 3108 4680 est
3128 4619 3613 4705 _tl.ttaxugorus.‘t\l

2055 4714 2171 4758 tare
2219 4706 2291 4758 illi
2343 4715 2584 4758 erectqu
2617 4705 2782 4758 fuisse
2813 4703 3006 4757 fertur.
3057 4698 3145 4752 cui
3183 4695 3334 4762 juxta
3381 4692 3642 4762 quosdam

2054 4775 2394 4846 Naugjuxta
2424 4777 2559 4830 alios
2594 4774 2865 4847 Ἀλήθεια,
2892 4768 3309 4825 inscribebatur.

2124 4868 2286 4923 Certe
2327 4869 2462 4922 tales
2507 4868 2743 4922 honores
2792 4879 2901 4920 non
2961 4861 3033 4914 illi
3085 4855 3332 4934 attributi
3367 4853 3640 4934 “fuissent,

2054 4939 2199 5003 Νοῦς
2237 4955 2347 4993 non
2381 4940 2797 5009 cognominatus
2829 4935 3081 5010 _fuisset_,_
3114 4929 3162 5010 si
3191 4943 3313 5010 qua:
3346 4925 3488 5010 dicta
3524 4925 3641 5010 fue:

2058 4996 2235 5064 rant'a
2264 4996 2509 5071 Thalete,
2545 5028 2573 5064 a
2593 5007 2932 5066 Partnenide,
2953 4996 3294 5058 abHesiodo.
3318 5007 3546 5064 antqua:
3577 4996 3645 5049 ab

2056 5081 2396 5137 Hermotimo
2457 5082 2722 5145 audierat,
2787 5086 2997 5133 tantum
3048 5076 3103 5129 in
3173 5071 3347 5124 lucem
3423 5082 3645 5122 revoca-

2052 5162 2224 5208 verat.

2125 5224 2240 5279 Col.
2274 5225 2344 5279 65
2374 5223 2417 5276 D
2446 5225 2498 5278 6.
2541 5223 2665 5292 'Ey‘
2689 5220 2896 5292 ἑστίας
2926 5218 3089 5292 Lege
3119 5214 3213 5292 at?“
3260 5209 3642 5292 ὲστίᾳςκςιιιοᾱ

2049 5296 2161 5365 jam
2196 5295 2329 5350 vidit
2353 5296 2422 5350 de
2449 5279 2636 5350 Rhoei‘
2664 5294 2733 5365 ad
2768 5279 3143 5365 Porphyrium:
3175 5279 3644 5365 ProverbialisJo-

2055 5350 2204 5422 cutio
2233 5377 2317 5422 est
2353 5382 2475 5436 quae
2497 5384 2529 5419 a
2563 5363 2820 5435 principio
2865 5350 3042 5436 sonat.
3093 5351 3509 5436 Hancnexplicat
3537 5350 3642 5436 Ze-

2053 5439 2184 5493 nob.
2221 5422 2470 5492 Provérb.
2505 5422 2664 5501 1,10.
2714 5422 2799 5491 Cf.
2850 5431 3084 5486 (Iasaub.
3245 5423 3504 5501 Strab._t.
3537 5422 3639 5485 ‘24;

2055 5508 2379 5563 Runkenius
2404 5509 2474 5561 ad
2503 5493 2698 5561 scholia
2729 5505 2990 5560 Platonis,
3019 5517 3070 5571 p.
3097 5499 3238 5571 256_._
3257 5493 3411 5548 Hauc
3433 5493 3643 5571 formu-

2053 5580 2158 5634 lam
2193 5582 2323 5635 citat
2346 5579 2666 5633 scholiastes
2687 5565 3158 5645 Aristophanis‘ad
3200 5565 3422 5645 Vequs._
3442 5582 3490 5618 v.
3517 5565 3640 5628 842,

2055 5662 2115 5706 ut
2145 5652 2232 5705 alii
2265 5653 2404 5706 bene
2429 5651 2602 5704 multi.
2627 5650 2690 5702 Oi
2723 5635 2930 5718 πρῶτὶιι
2956 5654 3014 5698 ut
3042 5641 3309 5718 glossema
3338 5635 3485 5718 dele,

2127 5723 2244 5779 Col.
2277 5724 2346 5779 68
2383 5722 2504 5776 A4.
2551 5721 2684 5776 Vide
2738 5706 3071 5780 Eusebium:
3114 5711 3383 5765 Demonst.
3438 5706 3644 5778 Evang.

2057 5795 2150 5848 Iih.
2209 5812 2242 5856 ι,
2283 5811 2337 5861 p.
2387 5794 2456 5847 54
2507 5792 2638 5846 edit.
2666 5789 3003 5861 Moumcutii-
3078 5855 3088 5861 _
3354 5849 3391 5861 η
3438 5849 3446 5858 ο
3559 5849 3568 5859 ο

2127 5849 2242 5921 Col.
2279 5849 2346 5920 ’15
2388 5865 2428 5918 A
2464 5867 2511 5922 7.
2574 5860 2952 5934 Ἀμμοινιέιυν
2983 5855 3304 5930 Πδάμμασι.
3353 5849 3641 5904 Reinesius
