4154 6418
533 310 596 368 11
1662 314 1997 372 EPISTOLA
2040 317 2173 376 NU)‘

2143 317 2613 376 NCUPATOBIA.
3715 325 3782 378 (2

524 428 828 491 voluisset
854 470 870 502 ,
906 446 1041 490 eum
1061 472 1080 503 ,
1113 429 1280 509 quod
1305 428 1564 510 ipsemet
1592 432 1885 494 maluisse
1914 436 2088 496 visus
2115 444 2238 512 est,
2268 438 2436 499 inter
2461 437 2761 518 Origenes
2786 482 2803 514 ,
2838 437 3261 500 Tertullianos
3288 438 3327 513 ,'
3354 438 3767 506 Bardesanss.

532 548 832 610 Tatianos
852 592 870 623 ,
908 558 968 609 et
995 549 1053 611 si
1080 551 1189 629 qui
1206 560 1515 629 praterea
1540 553 1891 617 miserabili
1928 553 2195 619 dissidio
2218 602 2236 634 ,
2276 560 2519 638 ingenii
2550 560 2969 641 doctrinaque
3000 561 3245 622 laudem
3273 582 3313 622 a
3360 564 3691 642 religionis
3713 572 3775 624 et

525 669 672 752 ﬁdei
694 672 904 750 gloria
942 674 1361 754 sejunxerunt
1383 718 1401 747 ,
1432 676 1810 739 numeravit.
1846 677 1926 737 In
1952 695 2073 757 quo
2103 678 2351 760 quidem
2387 680 2455 742 id
2478 681 2766 762 providit
2789 701 2903 744 suo
2932 703 3103 746 more
3131 687 3475 766 sapienter,
3507 699 3579 750 ut
3617 708 3776 771 quo-

523 821 667 864 rum
696 821 774 864 ex
802 802 1005 864 morbi
1043 803 1408 881 contagione
1448 805 1743 885 pericula
1771 825 1986 868 cavere
2025 818 2289 888 posset,
2338 828 2554 871 eorum
2582 810 2916 875 industria
2942 812 3162 894 fructu
3207 832 3333 875 non
3377 825 3642 880 careret.
3684 816 3772 880 Et

523 948 670 991 vero
691 974 709 1004 ,
744 932 871 992 sive
904 930 1257 994 timiditatis
1291 931 1406 993 hoc
1438 933 1566 1013 fuit
1588 977 1605 1007 ,
1647 935 1776 996 sive
1809 935 2061 1015 fraudis
2084 980 2102 1011 ,
2136 937 2361 999 tectius
2391 939 2496 1001 hic
2521 939 2846 1018 aliquanto
2874 957 3058 1020 quam
3087 943 3297 1004 cateri
3319 988 3337 1019 ,
3375 961 3449 1003 ac
3478 961 3779 1005 verecun-

524 1052 669 1115 dius
695 1048 1257 1117 insanire'conatus
1287 1066 1402 1128 est,
1434 1064 1507 1116 ut
1534 1058 1666 1119 suis
1694 1059 1827 1137 ipse
1852 1057 2034 1122 libris
2056 1060 2310 1123 Ariona
2339 1061 2621 1143 perﬁdia
2641 1063 2947 1124 maculam
2977 1081 3311 1144 aspergere
3351 1066 3567 1144 potius
3593 1083 3778 1144 quam

524 1180 779 1240 inurere
839 1174 1146 1238 videatur.
1190 1175 1391 1255 Atque
1429 1185 1501 1236 ut
1531 1174 1604 1236 de
1639 1174 1786 1237 aliis
1811 1177 1923 1238 hoc
1951 1177 2085 1238 loco
2108 1186 2420 1240 taceamus
2443 1224 2461 1255 ,
2495 1179 2775 1261 equidem
2814 1182 2978 1244 hunc
3030 1199 3162 1241 sese
3191 1183 3346 1244 mihi
3378 1185 3778 1262 potissimum

524 1295 822 1359 obtulisse
856 1293 1096 1374 gaudeo
1119 1339 1136 1372 ,
1167 1296 1237 1357 in
1265 1313 1384 1375 quo
1404 1294 1561 1356 labis
1588 1314 1660 1356 ac
1688 1297 1910 1357 veneni
1926 1296 2343 1375 parcissimus
2368 1299 2571 1376 fuerit
2594 1341 2610 1372 ,
2646 1299 2993 1377 exquisitas
3021 1297 3398 1361 eruditionis
3435 1320 3582 1381 opes
3619 1302 3776 1365 libe-

519 1421 647 1483 rali
672 1421 982 1500 plenaque
1023 1437 1213 1480 manu
1242 1417 1644 1495 congesserit.
1689 1416 1851 1477 Sane
1878 1432 2025 1476 vero
2056 1412 2364 1495 quidquid
2419 1417 2535 1480 hoc
2564 1417 2634 1479 in
2657 1434 2879 1496 genere
2907 1416 3125 1480 lavum
3150 1438 3224 1480 ac
3238 1419 3624 1500 ﬂagitiosum
3646 1422 3779 1485 Eu-

520 1542 679 1604 sebii
707 1561 930 1603 manus
952 1540 1254 1602 ulleverat
1280 1582 1299 1613 ,
1328 1538 1397 1600 id
1426 1557 1597 1599 omne
1635 1538 2057 1618 Trapezuntii
2078 1538 2281 1616 pietas
2309 1583 2327 1613 ,
2357 1538 2643 1601 molliore
2661 1539 2760 1601 vel
2786 1538 2948 1620 ston
2974 1542 3318 1608 induxerat
3338 1611 3361 1629 .
3379 1548 3477 1610 vel
3502 1554 3773 1630 spongia

517 1665 869 1734 deleverat;
898 1663 1008 1725 sed
1034 1665 1104 1726 in
1132 1664 1476 1743 interprete
1490 1661 1642 1741 ﬁdes
1668 1664 1866 1741 magis
1897 1660 2321 1724 commendari
2342 1661 2500 1724 solet
2518 1706 2537 1739 ,
2570 1680 2753 1744 quam
2781 1665 3007 1742 pietas.
3030 1666 3401 1751 Quanquam
3429 1693 3541 1735 nec
3589 1678 3756 1740 tanti

517 1805 682 1860 certe
702 1792 1120 1856 dissimulatio
1170 1790 1298 1852 ista
1324 1790 1475 1870 fuit,
1507 1807 1646 1851 cum
1669 1789 2026 1869 prasertim
2064 1805 2194 1849 non
2222 1786 2468 1864 doceat,
2510 1797 2584 1850 ut
2619 1791 2849 1865 cateri,
2894 1810 3023 1852 non
3059 1794 3307 1873 probet,
3339 1815 3467 1857 non
3506 1809 3752 1876 urgeat,

510 1922 625 1985 sed
643 1933 905 1984 mentem
924 1918 1104 1981 modo
1130 1920 1354 1999 furtim
1381 1916 1618 1982 indicet
1647 1919 1990 1998 innuatque
2012 1936 2232 1978 suam:
2272 1917 2456 1998 quasi
2510 1936 2640 1979 non
2688 1921 2822 1982 sine
2878 1922 3130 2001 pudore
3184 1925 3397 2006 aliquo
3450 1927 3772 1989 catholica

510 2054 747 2135 frontis
778 2049 1088 2133 pudorem
1116 2056 1393 2111 exueret.
1425 2043 1508 2107 At
1535 2055 1839 2125 quantum
1863 2044 1964 2105 hic
1994 2062 2074 2105 ex
2098 2042 2407 2123 locuplete
2425 2061 2602 2122 penu
2621 2061 2832 2106 rerum
2883 2056 3068 2126 atque
3101 2047 3381 2109 locorum
3404 2093 3422 2123 ,
3456 2060 3515 2110 et
3537 2060 3774 2128 quanta

516 2196 657 2241 eum
682 2178 987 2240 varietate
1026 2172 1400 2254 protulerit,
1423 2171 1684 2234 suavius
1707 2215 1726 2246 ,
1749 2178 1822 2231 ut
1851 2170 2105 2250 opinor,
2139 2167 2393 2249 legendo
2428 2171 2656 2233 sentiri
2676 2179 2918 2250 potest,
2968 2191 3155 2253 quam
3194 2173 3455 2237 dicendo
3510 2177 3771 2238 uberi...

514 2300 848 2379 explicari.
880 2298 1008 2375 Qui
1032 2297 1279 2379 quidem
1306 2314 1566 2371 sensus,
1605 2296 2033 2358 litteratorum
2060 2295 2334 2356 omnium
2364 2296 2705 2358 communis
2735 2295 2938 2359 adhuc
2982 2297 3262 2380 idemque
3305 2301 3431 2382 fuit
3455 2344 3473 2375 ,
3518 2300 3629 2381 qui
3691 2309 3750 2360 et

512 2432 701 2513 hujus
726 2431 796 2493 in
830 2431 1042 2511 operis
1072 2429 1429 2510 cognitione
1453 2444 1585 2489 non
1606 2424 1908 2489 mediocri
1929 2423 2263 2504 diligentia
2289 2422 2619 2504 studioque
2648 2426 2886 2488 versati
2905 2438 3053 2492 sunt
3074 2472 3092 2502 ,
3132 2438 3191 2490 et
3222 2430 3289 2490 in
3310 2447 3378 2490 eo
3398 2430 3759 2508 nonominus

512 2559 855 2623 Eusebium
875 2559 947 2620 de
968 2559 1340 2639 antiquitate
1363 2558 1527 2637 ipsa,
1559 2573 1741 2635 quam
1769 2553 1844 2615 de
1862 2555 2159 2617 universa
2171 2554 2552 2635 posteritate
2576 2555 2872 2616 meruisse
2886 2553 3288 2634 judicarunt.
3309 2554 3510 2635 Atque
3533 2554 3649 2618 hoc
3660 2555 3769 2636 ju-

516 2690 752 2752 dicium
780 2688 1068 2752 veritatis
1120 2695 1213 2749 est
1231 2731 1251 2764 ,
1271 2703 1400 2747 non
1419 2685 1663 2766 gratia.
1688 2684 1847 2748 Nam
1877 2693 1950 2746 ut
1976 2700 2080 2746 eos
2107 2684 2456 2763 scriptores
2485 2683 2766 2745 omittam
2789 2726 2806 2758 ,
2836 2701 3102 2764 quorum
3125 2693 3523 2747 monumenta
3575 2685 3758 2747 nobis

514 2815 919 2896 superiorum
939 2822 1191 2877 atatum
1214 2830 1329 2874 nec
1371 2810 1625 2874 incuria
1661 2810 1938 2891 eripuit,
1967 2826 2083 2870 nec
2108 2806 2345 2871 invidit
2374 2808 2658 2887 injuria,
2692 2808 2919 2887 quibus
2938 2817 3142 2871 tamen
3168 2810 3269 2872 hic
3312 2828 3471 2871 novo
3499 2809 3767 2891 quodam

517 2954 574 3005 et
603 2943 848 3008 illustri
874 2962 1020 3019 usu,
1052 2943 1455 3005 auctoritatis
1484 2941 1835 3022 plurimum
1865 2948 1925 3002 et
1953 2937 2310 3019 splendoris
2339 2938 2625 3000 accessit.
2664 2936 2822 3014 Quis
2845 2955 2974 2999 non
3000 2938 3165 3001 hunc
3203 2939 3333 3018 ejus
3362 2937 3635 3000 laborem
3654 2979 3674 3014 ,
3697 2948 3767 3001 et

508 3091 725 3156 pmsco
756 3071 857 3137 illi
883 3090 1009 3135 avo
1036 3071 1379 3134 salutarem
1401 3113 1421 3145 ,
1478 3081 1535 3132 et
1565 3080 1784 3133 nostro
1813 3070 1960 3132 huic
1992 3065 2529 3149 jucundissimum
2555 3085 2629 3128 ac
2666 3065 3243 3147 fructuosissimum
3266 3082 3394 3125 esse
3424 3062 3762 3142 intelligat,

511 3215 630 3278 per
657 3215 837 3279 quem
863 3197 1232 3277 superstites
1262 3213 1374 3256 nec
1390 3213 1629 3276 paucas
1649 3239 1667 3270 ,
1706 3212 1819 3256 nec
1851 3193 2112 3272 exiguas
2135 3201 2522 3255 vetustorum
2543 3237 2560 3267 ,
2589 3193 2702 3255 hoc
2736 3200 2827 3253 est
2854 3191 2951 3254 vel
2977 3201 3248 3270 tempore
3280 3190 3417 3269 ipso
3448 3186 3767 3267 pretioso-

513 3338 657 3383 rum
682 3323 1078 3402 ingeniorum
1118 3318 1446 3398 reliquias,
1478 3317 1569 3378 sic
1599 3326 1891 3395 tanquam
1917 3324 2194 3376 servatas
2224 3332 2303 3376 ex
2324 3312 2665 3396 fadissimo
2704 3314 3043 3393 naufragio
3074 3311 3321 3374 tabulas
3371 3311 3702 3372 habeamus
3733 3312 3767 3372 7

514 3442 716 3521 Atque
738 3450 809 3503 ut
839 3441 1040 3504 obiter
1066 3441 1344 3521 beneﬁcii
1365 3448 1611 3521 partem
1635 3440 1910 3517 aliquam
1943 3436 2334 3516 degustemus
2358 3480 2376 3513 ,
2411 3438 2544 3518 ejus
2576 3437 2646 3500 in
2666 3436 2894 3517 primis
2933 3451 3130 3515 opera
3160 3435 3766 3497 Sanchoniathonem

515 3573 730 3649 illum,
778 3573 1084 3635 hominem
1128 3571 1549 3643 Phanicium,
1579 3576 1636 3628 et
1662 3566 1989 3647 Trojanis,
2018 3566 2077 3628 si
2103 3565 2421 3646 plerisque
2451 3564 2638 3644 ﬁdes,
2662 3560 3050 3643 temporibus
3088 3578 3423 3641 supparem
3452 3558 3764 3630 audimus,

514 3694 803 3759 Philonis
831 3690 1187 3771 Bybliensis
1217 3707 1323 3750 ore
1349 3733 1365 3763 ,
1404 3687 1477 3748 de
1506 3672 1947 3767 antiquissima
1974 3685 2334 3748 Phanicum
2357 3682 2670 3763 theologia
2706 3683 3164 3763 disputantem;
3194 3699 3330 3762 qua
3362 3679 3767 3741 llebraorum

522 3839 602 3884 ex
619 3819 899 3901 fontibus
922 3863 939 3896 ,
964 3814 1071 3878 sed
1101 3813 1350 3895 obliquo
1380 3831 1453 3875 ac
1483 3811 1658 3873 devio
1688 3810 1866 3891 ﬂexu
1895 3810 2179 3875 derivata
2201 3857 2218 3888 ,
2262 3814 2331 3874 in
2353 3813 2687 3893 Egyptios
2711 3820 2935 3893 postea
2972 3810 3341 3889 Gracosque
3363 3808 3763 3872 redundavit.

517 3942 822 4003 Audimus
852 3948 908 4001 et
932 3938 1325 4001 OEnomaum
1348 3976 1366 4008 ,
1398 3949 1603 3993 acrem
1622 3975 1639 4007 ,
1668 3931 1938 4021 superi!
1962 3949 2426 4013 pugnacemque
2453 3932 2917 4011 philosophum,
2939 3932 3139 4011 quiab
3160 3932 3452 4013 Apolline
3485 3935 3553 3996 in
3584 3936 3768 4014 frau-

515 4066 655 4128 dem
674 4066 1017 4147 impulsus,
1048 4082 1229 4145 quam
1258 4062 1576 4141 ingeniose
1610 4068 1802 4120 totam
1846 4058 2020 4122 illam
2059 4060 2460 4122 oraculorum
2488 4061 2826 4124 vanitatem
2859 4059 3124 4125 illudit?
3166 4074 3400 4143 quanta
3427 4066 3491 4126 vi
3527 4063 3762 4127 dictio-

514 4198 616 4257 nis
637 4196 820 4258 bilem
847 4215 918 4258 ac
949 4196 1331 4258 stomachum
1356 4195 1424 4258 in
1443 4195 1703 4277 profani
1752 4193 2026 4255 numinis
2049 4201 2239 4272 caput
2262 4194 2584 4273 erumpit?
2608 4191 2778 4270 Quid
2817 4210 3037 4274 graves
3072 4198 3132 4252 et
3187 4192 3467 4252 eruditas
3502 4208 3768 4251 comme-

516 4339 749 4383 morem
788 4321 1117 4401 Origenis,
1161 4320 1545 4399 Diogeniani
1566 4364 1583 4392 ,
1610 4316 1994 4379 Bardesanis
2025 4318 2555 4392 concertationes,
2586 4315 2883 4378 adversus
2909 4319 3162 4398 impiam
3200 4317 3489 4381 'siderum
3528 4318 3767 4396 fatique

513 4443 979 4515 necessitatem,
1008 4458 1129 4520 pro
1153 4441 1434 4502 humana
1472 4437 1784 4503 libertatis
1819 4436 2177 4517 defensione
2232 4439 2607 4517 susceptas?
2656 4437 2825 4513 Quid
2872 4440 3212 4520 Dionysios
3258 4439 3766 4516 Alexandrinos,

520 4567 674 4652 quid
698 4568 1013 4631 Maximos
1040 4614 1056 4644 ,
1087 4566 1494 4628 inveteratam
1530 4563 1707 4627 illam
1731 4565 2071 4626 multorum
2095 4563 2614 4644 philosophorum
2635 4563 2708 4624 de
2728 4568 3004 4628 materia
3032 4568 3384 4628 aternitate
3441 4585 3514 4629 ac
3562 4584 3768 4648 prope

522 4690 855 4753 divinitate
891 4688 1259 4751 sententiam
1278 4731 1295 4763 ,
1325 4687 1770 4767 pulcherrimis
1800 4705 1872 4748 ac
1901 4686 2277 4765 ﬁrmissimis
2307 4685 2664 4748 rationibus
2696 4698 3036 4751 evertentes
3058 4695 3089 4754 ἵ
3118 4694 3240 4755 Dat
3264 4694 3369 4755 ille
3390 4693 3569 4756 nobis
3592 4694 3761 4756 Por—

518 4815 814 4896 phyrium
844 4858 863 4889 ,
897 4833 976 4876 ex
1001 4814 1221 4876 intimo
1263 4821 1542 4874 veterum
1573 4811 1977 4873 oraculorum
2000 4812 2181 4885 sinu,
2211 4829 2440 4874 novum
2472 4812 2813 4876 recondita
2829 4816 3246 4897 philosophia
3290 4835 3487 4897 genus
3540 4836 3763 4879 eruen-

518 4949 661 5002 tem.
698 4938 1006 5001 Producit
1033 4939 1437 5014 Numenium,
1465 4939 1809 5002 Platonica
1856 4941 2183 5005 academia
2208 4951 2408 5005 sectas
2425 4952 2610 5024 atque
2649 4943 2925 5008 divortia
2948 4990 2965 5021 ,
3010 4966 3139 5007 non
3183 4950 3390 5011 minus
3430 4947 3769 5029 diligenter

518 5075 579 5127 et
606 5067 923 5128 enucleate
946 5111 964 5141 ,
988 5084 1172 5147 quam
1205 5064 1489 5147 jucunde
1518 5084 1591 5126 ac
1622 5065 1904 5128 suaviter
1933 5067 2373 5146 explicantem.
2393 5066 2692 5152 Ejusdem
2724 5086 2805 5131 ex
2833 5069 3178 5131 Academia
3215 5073 3444 5151 spatiis
3489 5075 3768 5135 Atticum

515 5189 885 5251 Aristoclem
900 5191 1069 5252 sistit
1089 5207 1167 5250 ex
1188 5189 1406 5270 Lyceo,
1424 5209 1687 5270 quorum
1705 5192 1808 5254 ille
1830 5193 1921 5255 sic
1935 5193 2333 5257 Aristotelem
2349 5192 2662 5257 aPlatone
2687 5193 2955 5272 divellit,
2976 5207 3049 5257 ut
3066 5213 3297 5257 omnem
3317 5198 3484 5259 inter
3508 5217 3609 5260 eos
3620 5199 3768 5280 phi-

517 5314 817 5394 losophia
841 5316 1774 5398 societatemtcommerciumque
1799 5316 2021 5389 tollat;
2049 5320 2150 5382 hic
2179 5330 2386 5382 autem
2411 5321 2777 5384 Aristotelis
2804 5323 2909 5383 sui
2929 5321 3372 5402 defensionem,
3412 5341 3549 5384 cum
3580 5325 3765 5404 longa

518 5450 577 5499 e:
612 5448 913 5501 accurata
949 5455 1162 5498 eorum
1184 5437 1452 5499 maxime
1483 5440 2009 5520 philosophorum
2033 5487 2050 5518 ,
2084 5444 2194 5522 qui
2214 5444 2499 5507 sensibus
2542 5453 2657 5507 aut
2685 5443 2849 5507 nihil
2885 5453 2997 5504 aut
3035 5445 3243 5506 omnia
3270 5446 3634 5523 crederent,
3666 5465 3766 5508 re-

514 5569 929 5647 prehensione
961 5568 1307 5651 conjungit.
1339 5568 1529 5631 Debet
1555 5570 1701 5633 huic
1731 5571 2075 5654 Africanus
2112 5574 2550 5655 Chronologia
2570 5592 2698 5636 sua
2716 5575 3139 5654 fragmentum
3168 5592 3315 5636 sane
3347 5575 3762 5638 luculentum.

526 5695 708 5759 Debet
739 5696 1032 5760 Plotinus
1063 5698 1321 5778 egregia
1349 5696 1806 5790 disputationis
1838 5702 2196 5763 auctarium
2220 5745 2241 5777 ,
2298 5719 2417 5783 qua
2476 5699 2920 5762 immortalium
2974 5700 3321 5763 animorum
3357 5699 3769 5781 purissimam
