2077 3207
186 188 222 217 15
775 193 943 222 EPISTOLA
960 194 1242 224 ΝυΝρυΡΑΤοιιιΑ.
1776 204 1808 231 ιι

184 250 382 291 divinumque
395 255 542 282 naturam
553 273 561 288 ,
578 252 615 282 ab
631 253 715 283 omni
729 262 889 293 corporea
906 258 936 284 et
951 254 1043 284 molis
1058 256 1256 286 concretione
1286 257 1433 296 sejungit.
1452 257 1548 289 Debet
1560 257 1653 290 Philo
1676 260 1806 291 Judmo-

183 324 254 345 rum
269 316 558 355 eloquentissimus,
572 317 819 356 pulcherrimam
832 341 840 354 .
857 319 886 348 si
899 327 997 349 unum
1017 324 1073 350 aut
1086 319 1221 350 aiterum
1238 319 1311 351 inde
1334 330 1454 353 naevum
1470 323 1638 354 sustuleris
1650 345 1658 360 ,
1689 324 1804 356 Provi-

184 380 296 413 dentia:
307 382 420 413 divinae
436 382 700 422 pradicationem.
713 384 774 415 Cui
785 389 886 415 tamen
900 385 929 415 si
944 385 1021 424 quid
1041 385 1148 416 deerat
1165 409 1173 423 ,
1193 386 1226 417 id
1249 391 1349 417 totum
1375 388 1568 427 amplissima
1594 399 1635 421 ea:
1657 390 1807 431 Dionysii

182 441 397 474 Alexandrini
411 453 504 483 opere
517 467 525 481 ,
544 449 607 474 tam
617 446 870 485 pietutis,quam
884 446 1074 478 eruditionis
1092 450 1190 480 omnis
1213 450 1390 481 accessione
1414 451 1595 482 cumulavit.
1619 453 1711 483 Debet
1728 462 1805 493 pos-

183 509 280 535 tremo
293 528 302 542 ,
334 515 401 545 quae
413 516 493 547 pars
511 511 556 538 est
572 508 817 548 Praeparationis
832 509 926 550 hujus
935 511 1153 550 perinsignis,
1180 512 1384 544 Hebrieorum
1408 513 1464 544 illa
1490 515 1577 546 natio
1589 537 1598 551 ,
1623 518 1803 553 memoriam

180 568 304 605 generis
320 576 484 607 rerumque
495 578 625 600 suarum
639 570 909 601 vetustussimam:
921 571 1012 611 cujus
1025 571 1066 601 ad
1078 571 1287 603 celebritatem
1299 595 1308 610 ,
1327 575 1381 612 qui
1394 584 1458 605 non
1469 577 1537 617 ejus
1556 587 1629 609 voce
1643 579 1801 620 ductuque

180 639 349 663 convenere
361 634 376 664 Σ)
392 633 496 664 erci
507 656 515 670 ,
532 633 660 664 barbari
677 637 819 664 oratores
832 656 841 671 ,
855 637 972 673 poetae,
985 634 1149 670 historici,
1166 634 1295 672 Berosi,
1314 636 1547 678 Megasthenes,
1562 642 1713 682 Abydeni,
1730 644 1800 674 Eu.

178 691 312 730 polemi,
329 693 662 731 Hecataei,Demetrii,
676 694 822 729 Choerili,
839 694 1033 731 Ezechieles,
1054 695 1223 735 Artapani.
1252 697 1350 737 Cujus
1377 699 1411 729 in
1439 699 1542 731 laudis
1569 710 1606 732 ac
1627 701 1799 742 diligentia

173 758 300 796 partem
312 777 321 792 ,
336 760 373 786 ut
383 757 539 797 Iosephus
555 757 648 787 etiam
660 758 764 788 veniat
777 779 786 795 ,
804 756 892 797 longe
908 762 1009 787 tamen
1024 762 1070 788 est
1086 759 1214 791 Eusebii
1226 761 1334 799 gratia
1356 761 1523 794 liberalior
1536 774 1547 794 :
1570 768 1600 794 et
1625 773 1658 795 eo
1675 765 1800 804 quidem

175 815 357 846 testimanda
366 817 473 856 pluris
482 839 491 854 ,
508 817 590 857 quod
603 827 643 848 ea:
658 818 723 849 illis
731 819 939 859 profanorum
949 819 1108 851 hominum
1120 821 1318 859 testimoniis,
1334 823 1375 853 ad
1384 833 1481 855 sacrae
1495 825 1636 857 historiw
1648 828 1796 858 notitiam

175 873 350 913 plurimum
365 885 445 916 sape
455 876 535 908 lucis
551 877 746 908 hauriamus.

212 937 286 967 Hoc
298 938 398 977 igitur
409 939 564 969 Eusebius
577 943 639 969 tam
652 940 810 980 frequenti
823 951 859 971 ac
872 946 933 972 tam
946 942 1046 972 nobili
1060 942 1209 974 comitatu
1225 949 1342 983 septus,
1362 945 1403 976 ad
1426 951 1454 976 te
1467 948 1562 984 venit,
1578 947 1795 989 Archipriesul

174 996 397 1037 illustrissime,
409 1004 447 1030 ut
462 1001 546 1039 quod
556 1010 617 1040 per
640 1010 705 1031 sese
726 1010 791 1032 non
814 1007 940 1041 posset,
960 1008 1007 1034 tot
1032 1003 1227 1035 eruditorum
1252 1005 1423 1044 clientium,
1446 1017 1532 1047 quos,
1558 1019 1597 1039 ne
1623 1011 1683 1042 toti
1704 1013 1795 1044 nobis

170 1058 292 1099 sibique
306 1064 515 1097 morerentur,
531 1061 688 1101 singulari
709 1061 813 1092 studio
822 1062 1001 1101 prohibuit,
1019 1063 1194 1102 conjunctis
1209 1063 1336 1095 vocibus
1354 1066 1530 1104 graviorem
1544 1068 1582 1099 ab
1597 1070 1791 1105 humanitate

171 1120 419 1152 tuatemeritatis
433 1129 624 1161 suwpaenam
638 1121 834 1161 deprecetur.
848 1122 921 1154 Non
936 1132 979 1160 es,
993 1127 1030 1153 ut
1044 1120 1150 1163 spero,
1167 1124 1203 1155 in
1215 1134 1284 1155 eum
1299 1126 1413 1158 durior
1426 1132 1456 1158 et
1471 1129 1687 1165 inclementior
1699 1136 1793 1175 futu-

168 1189 237 1217 rus,
256 1190 348 1220 quam
364 1189 498 1210 summos
509 1180 676 1220 pontiﬁces
696 1180 801 1211 eadem
815 1181 850 1211 in
864 1190 960 1211 causa
966 1182 1035 1222 jam
1051 1183 1194 1214 senserit.
1213 1185 1294 1215 Mihi
1306 1186 1389 1225 forte
1403 1189 1510 1220 verior
1525 1194 1682 1226 metuendi
1698 1206 1794 1229 causa

166 1251 278 1284 restat,
296 1256 335 1277 ne
348 1246 548 1286 gravioribus
570 1248 634 1278 tuis
649 1247 920 1287 sanctioribusque
946 1248 1032 1278 curis
1058 1248 1205 1279 molestus
1229 1250 1449 1290 interpellatur
1470 1253 1642 1297 adveniam,
1666 1260 1792 1300 ignotus

163 1312 339 1350 praesertim
353 1320 389 1341 ac
410 1319 509 1341 novus
523 1311 624 1348 homo,
651 1315 714 1344 tam
744 1311 820 1342 mihi
835 1312 999 1342 tenuitatis
1017 1315 1047 1342 et
1059 1312 1174 1351 inopia:
1187 1322 1260 1344 mea;
1276 1314 1432 1352 conscius,
1450 1324 1541 1355 quam
1569 1322 1630 1350 tua
1645 1323 1796 1359 conscius,

164 1373 342 1413 dignitatis.
359 1370 553 1415 Qua-nquam,
569 1374 625 1406 ubi
643 1378 671 1405 te
690 1375 817 1414 penitus
832 1383 993 1414 moresque
1010 1379 1081 1405 tuos
1100 1377 1278 1415 recognovi,
1294 1385 1332 1406 ne
1349 1377 1432 1408 hunc
1446 1380 1570 1419 quidem
1583 1388 1707 1422 metum,
1723 1385 1790 1416 sine

164 1436 271 1475 aliqua
286 1436 456 1475 offensione
471 1436 650 1476 injuriaque
667 1439 722 1465 tua
735 1436 867 1466 retineri
881 1445 972 1476 posse
987 1437 1140 1476 intelligo.
1164 1437 1250 1467 Rara
1263 1447 1336 1468 sane
1357 1438 1425 1468 laus
1440 1442 1470 1468 et
1488 1439 1604 1471 eximia
1617 1442 1789 1475 voluntatis

163 1498 341 1538 indolisque
363 1502 433 1535 tuae,
462 1498 497 1528 in
522 1501 609 1527 tanta
629 1496 730 1528 divini
754 1498 892 1527 muneris
912 1496 1119 1536 amplitudine
1144 1506 1252 1527 cavere
1269 1497 1447 1537 diligenter,
1465 1509 1503 1530 ne
1525 1503 1686 1543 quisquam
1700 1506 1790 1539 aditu

162 1568 195 1588 se
211 1567 439 1597 congressuque
463 1561 530 1594 tuo,
559 1566 595 1587 ac
613 1567 650 1587 ne
676 1557 894 1588 benevolentia:
910 1556 1034 1597 quidem
1053 1561 1113 1588 tua:
1138 1558 1283 1597 beneﬁcio
1310 1560 1474 1600 indignum
1499 1566 1682 1600 arbitretur.
1712 1573 1790 1603 Utar

161 1621 263 1659 igitur
278 1621 335 1651 hoc
350 1623 472 1650 natura?
489 1623 548 1650 tua:
562 1619 654 1657 bono,
673 1619 702 1649 si
719 1624 806 1649 tuum
823 1618 905 1651 illud
929 1624 1032 1651 tamen
1051 1626 1107 1657 est,
1125 1620 1208 1660 quod
1225 1626 1385 1661 acceptum
1408 1633 1427 1654 a
1447 1628 1628 1667 majoribus,
1647 1636 1676 1662 et
1697 1635 1787 1665 novis

157 1693 218 1725 per
233 1690 260 1715 te
276 1683 474 1714 incrementis
489 1688 626 1720 auctum,
643 1687 706 1713 tam
729 1692 887 1715 commune
914 1693 984 1714 cum
1003 1685 1144 1715 omnibus
1169 1695 1233 1716 esse
1247 1687 1387 1719 valuisti.
1415 1689 1478 1720 Nec
1500 1700 1572 1722 vero
1594 1692 1692 1724 solam
1706 1697 1786 1727 hanc

159 1746 322 1786 facilitatis
348 1745 542 1784 aliarumque
567 1746 719 1775 virtutum
741 1746 886 1784 gloriam,
904 1747 938 1776 in
957 1746 1136 1777 clarissima?
1151 1749 1346 1781 GONDIORUM
1358 1752 1485 1791 familiis
1506 1755 1636 1794 stirpem
1651 1758 1787 1796 fontem-

157 1818 214 1848 que
230 1807 389 1848 refudisti.
406 1807 512 1839 Novus
528 1807 568 1836 ad
583 1816 645 1837 eam
662 1815 719 1846 per
735 1813 762 1838 te
778 1808 927 1847 splendor
952 1811 1093 1848 accessit,
1123 1812 1168 1841 ita
1195 1811 1252 1842 tibi
1276 1815 1439 1853 proprius,
1467 1817 1512 1846 ita
1538 1818 1724 1857 singularis,
1751 1827 1786 1851 ut

155 1873 274 1903 socium
291 1873 324 1902 in
338 1882 370 1902 eo
386 1882 565 1913 quemquam
579 1883 634 1904 nec
649 1874 836 1910 habeas,nec
851 1874 1083 1914 haberepossis.
1101 1875 1247 1907 Illustria
1264 1882 1347 1914 sunt,
1364 1888 1419 1908 nec
1435 1879 1537 1910 laudis
1552 1881 1648 1912 ullius
1664 1886 1785 1922 egentia

159 1934 295 1964 nominis
310 1944 345 1964 ac
359 1936 482 1974 generis
500 1938 548 1967 tui
563 1937 686 1975 decora,
702 1939 805 1977 fateor
816 1948 826 1967 :
842 1947 878 1968 ac
893 1947 931 1968 ne
948 1943 1036 1968 tanta
1047 1940 1081 1969 in
1093 1939 1160 1969 luce
1174 1945 1368 1979 quaereretur
1381 1941 1483 1971 vivum
1499 1942 1590 1972 etiam
1606 1953 1642 1973 ac
1657 1946 1784 1984 spirans

156 1998 346 2028 Christiana:
360 1999 556 2030 demissionis
578 2001 763 2040 exemplum,
779 2002 881 2041 frater
893 2001 947 2032 ille
964 2006 1048 2039 tuus,
1066 2012 1096 2032 se
1112 2003 1181 2041 ipso
1197 2012 1290 2039 nunc,
1308 2012 1374 2042 quae
1397 2013 1514 2034 summa
1524 2006 1709 2043 praedicatio
1725 2013 1780 2047 est,

154 2059 271 2097 fortior
288 2064 379 2098 atque
403 2060 552 2096 nobilior,
575 2060 681 2091 Gallia
705 2066 773 2091 tota
789 2062 923 2092 mirante
945 2064 1090 2102 perfecit.
1116 2062 1176 2093 Sed
1204 2064 1356 2103 ejusmodi
1372 2069 1473 2095 tamen
1489 2067 1593 2097 omnia
1618 2073 1702 2105 sunt,
1717 2078 1784 2108 qua:

158 2128 255 2153 (ecum
274 2128 303 2155 et
319 2134 387 2154 cum
403 2125 476 2155 aliis
494 2125 717 2155 communicari
730 2125 905 2164 potuerint.
922 2126 1010 2163 Nam,
1024 2130 1059 2156 ut
1075 2130 1187 2157 cetera
1202 2126 1290 2156 modo
1312 2136 1377 2157 non
1392 2129 1554 2167 attingam,
1570 2141 1705 2162 summus
1728 2132 1781 2163 ille

152 2187 293 2225 profecta
321 2190 366 2216 est
386 2185 552 2225 dignitatis
580 2186 768 2225 honorisque
800 2185 931 2224 gradus,
947 2185 988 2215 ad
1002 2195 1090 2226 quem
1108 2187 1349 2219 Illustrissimus
1365 2189 1537 2220 cardinalis
1550 2192 1775 2233 HENRICUS,

150 2253 253 2291 frater
266 2250 338 2280 item
353 2255 438 2287 tuus,
453 2259 517 2280 non
530 2251 633 2279 minus
648 2250 801 2279 virtutum
829 2258 968 2287 suarum,
984 2260 1075 2290 quam
1094 2250 1246 2283 Ludovici
1261 2253 1348 2283 Iusti
1362 2253 1516 2293 suffragio
1534 2260 1653 2286 evectus
1669 2267 1779 2287 ascen-

151 2309 251 2340 derat.
269 2309 330 2339 Sed
354 2308 441 2340 illum
471 2309 571 2348 ipsum
598 2312 709 2344 tamen,
737 2314 993 2349 quantuscunque
1012 2315 1066 2344 est,
1093 2311 1147 2350 qui
1162 2315 1244 2342 certe
1263 2314 1418 2344 mansimus
1442 2321 1498 2353 est,
1512 2318 1736 2358 quamplurimi
1751 2325 1779 2351 et

150 2377 241 2403 antea
261 2373 421 2403 consecuti
435 2377 521 2409 sunt,
538 2375 567 2402 et
582 2375 692 2411 postea
705 2375 934 2410 consequentur
945 2382 955 2401 :
973 2376 1064 2411 atque
1078 2377 1114 2402 ut
1131 2373 1167 2403 de
1191 2377 1218 2403 te
1245 2374 1314 2413 ipso
1330 2384 1394 2405 non
1417 2377 1481 2408 nisi
1504 2378 1638 2410 modeste
1654 2380 1777 2424 loquar,

150 2439 186 2465 tu
199 2433 322 2474 quidem
350 2443 389 2465 ex
403 2432 469 2464 illis
494 2441 577 2463 unus
596 2441 659 2462 esse
680 2438 782 2471 potes.
807 2431 849 2461 At
870 2432 995 2471 primus
1021 2433 1231 2472 Parisiorum,
1246 2435 1304 2465 hoc
1331 2440 1376 2466 est
1389 2437 1478 2468 urbis
1498 2439 1624 2470 urbium
1642 2442 1777 2473 omnium

145 2497 305 2537 principis
321 2496 588 2535 archiepiscopus,
598 2504 654 2525 nec
664 2494 747 2525 alius
762 2494 816 2524 abs
835 2498 863 2524 te
879 2495 1040 2534 quisquam
1056 2499 1101 2526 tot
1114 2500 1200 2526 retro
1216 2497 1338 2528 swculis
1351 2499 1469 2538 fuerat,
1486 2504 1515 2530 et
1531 2501 1670 2531 omnibus
1685 2502 1775 2533 dein-

147 2570 220 2600 ceps
246 2559 401 2596 atatibus,
417 2563 536 2598 prceter
549 2568 646 2589 unum
661 2562 700 2594 te,
726 2557 808 2588 alius
834 2567 898 2588 esse
915 2567 979 2588 non
1000 2559 1130 2598 poterit.
1159 2558 1258 2599 Cujus
1279 2559 1338 2591 tibi
1364 2561 1566 2600 cogitationis
1595 2571 1628 2592 eo
1647 2565 1777 2595 suavior

147 2626 258 2662 gustus
275 2631 339 2652 esse
354 2621 451 2658 debet,
468 2630 526 2660 quo
537 2621 604 2660 jam
620 2624 648 2650 et
664 2620 818 2650 communi
832 2629 926 2650 sensu
938 2620 1142 2660 populorum,
1155 2626 1183 2651 et
1193 2620 1285 2661 longo
1296 2621 1480 2653 saeculorum
1494 2632 1565 2661 usu,
1581 2625 1637 2655 hac
1647 2635 1774 2666 praem-

1293 2683 1299 2685 μ
1373 2683 1380 2685 .
1478 2683 1483 2685 _
1509 2683 1514 2685 .
1776 2671 1777 2685 \

145 2682 253 2720 gativa
265 2680 431 2720 dignitatis
446 2685 475 2711 et
487 2681 620 2718 ordinis,
637 2681 829 2712 latissimum
842 2681 995 2720 quoddam
1009 2682 1188 2713 sanctitatis
1203 2683 1324 2713 eximia
1333 2683 1380 2713 vel
1390 2683 1577 2722 auspicium,
1594 2686 1642 2716 vel
1650 2689 1773 2727 pra-ju—

145 2744 263 2776 dicium
282 2745 471 2775 continetur.
488 2745 597 2784 Itaque
613 2744 667 2775 abs
684 2749 736 2774 tuo
757 2745 892 2782 nomine,
920 2745 1137 2785 Archiprwsul
1162 2746 1428 2783 recerendissime,
1443 2755 1541 2777 novus
1557 2748 1772 2787 imposterum,

143 2820 181 2842 ac
193 2811 301 2851 priori
318 2811 406 2850 longe
421 2809 571 2847 nobilior,
587 2810 739 2850 majorum
761 2811 939 2841 antistitum
956 2811 1033 2842 ordo
1061 2812 1215 2850 seriesque
1238 2810 1382 2849 ducetur,
1398 2816 1426 2842 et
1440 2813 1559 2851 quoties
1577 2822 1641 2843 non
1652 2817 1772 2843 tantum

145 2874 337 2914 amplissima
351 2874 546 2915 Goxmgiwu
562 2877 687 2914 tuorum
700 2873 832 2912 familia,
849 2873 902 2904 sed
918 2874 1010 2922 etiam
1025 2874 1153 2905 Lutetia
1164 2874 1255 2913 regni
1271 2879 1376 2914 caput,
1389 2874 1425 2905 de
1442 2873 1587 2906 maximis
1598 2875 1772 2907 honoribus
