4154 6410
543 339 610 394 i5
1866 335 2095 393 VIGERI
2133 338 2183 393 Pl

2151 337 2527 416 meamne.
3724 338 3791 392 is

536 464 859 544 titulisque
906 464 1039 524 suis
1088 457 1548 531 recordabitur,
1609 460 1790 520 toties
1837 471 2102 540 utraque
2153 460 2485 522 Francisci
2553 460 2654 519 sui
2703 460 3077 530 memoriam,
3130 476 3313 538 aquo
3363 475 3587 519 novum
3630 458 3793 518 hunc

533 588 901 667 auspicetur
933 585 1314 646 sanctissimi
1342 581 1682 644 sacerdotii
1711 587 2170 664 principatum,
2218 587 2593 646 suavissima
2624 596 2682 645 et
2714 587 3117 648 ornatissima
3165 584 3590 665 gratulatione
3640 588 3793 647 cele-

536 707 763 771 brabit.
797 709 1018 770 Verum
1072 717 1141 768 ut
1189 705 1270 765 ad
1300 725 1390 766 me
1431 718 1740 779 revertar,
1792 727 1902 769 nec
1963 720 2164 769 tamen
2222 710 2328 771 abs
2359 722 2416 770 te
2470 709 2804 783 discedam,
2857 711 3009 771 mihi
3037 708 3304 788 quidem,
3335 712 3392 773 si
3427 709 3606 773 aliud
3633 712 3797 776 nihil

535 839 828 918 ﬁduciam
866 840 1061 899 aleret
1112 841 1463 918 foveretque
1519 859 1734 913 meam,
1789 843 1885 901 vel
1941 861 2007 901 eo
2057 851 2258 902 tamen
2312 844 2550 922 egregie
2602 840 2980 922 sperandum
3017 849 3330 918 putarem,
3374 838 3541 917 quod
3588 859 3659 899 ea
3703 859 3793 899 me

532 967 810 1029 Societas
841 969 908 1029 in
936 968 1066 1027 suis
1091 974 1394 1040 numeret,
1434 968 1539 1030 cui
1589 987 1668 1030 ex
1710 972 1916 1029 animo
1947 969 2095 1030 bene
2125 969 2297 1043 velle,
2353 980 2478 1029 tam
2514 988 2714 1049 prope
2751 969 3213 1030 hareditarium
3241 967 3500 1047 familia:
3533 977 3652 1027 tua
3702 980 3791 1031 est

533 1106 606 1149 ac
636 1085 920 1160 solemne,
971 1106 1152 1166 quam
1191 1107 1442 1151 nomen.
1496 1089 1622 1165 Qui
1652 1108 1891 1162 sensus,
1934 1109 2117 1169 quam
2163 1090 2286 1152 alte
2334 1109 2540 1154 animo
2593 1093 2859 1152 insideat
2906 1093 3251 1171 hareatque
3284 1103 3415 1167 tuo,
3454 1095 3589 1175 jam
3619 1095 3791 1156 ultro

533 1212 760 1290 saepius
801 1231 923 1271 non
980 1221 1223 1274 tantum
1262 1215 1709 1288 amantissime,
1757 1214 1865 1276 sed
1915 1218 2100 1277 etiam
2150 1217 2528 1279 amicissime
2575 1216 2934 1281 declarasti.
2989 1220 3184 1300 Cujus
3239 1220 3583 1283 voluntatis
3615 1241 3691 1283 ne
3729 1232 3790 1282 te

529 1354 798 1416 unquam
823 1338 1148 1416 poeniteat,
1201 1339 1477 1399 Societas
1508 1340 1787 1401 vicissim
1814 1350 2037 1401 nostra
2068 1342 2349 1404 omnibus
2396 1341 2802 1403 observantia
2823 1345 3109 1422 gratique
3140 1349 3334 1408 animi
3367 1350 3618 1428 officiis,
3651 1369 3790 1412 cum

531 1459 762 1519 amoris
787 1459 885 1518 tui
912 1458 1202 1537 bene/icio
1226 1457 1556 1540 studioque
1585 1462 1870 1526 certabit.
1897 1463 2033 1542 Ego
2055 1481 2224 1536 vero,
2251 1472 2320 1522 ut
2345 1466 2617 1524 omnium
2639 1465 3036 1537 novissimus,
3058 1470 3261 1529 animo
3286 1481 3486 1533 tamen
3508 1476 3791 1539 omnibus

531 1583 942 1661 obsequioque
969 1582 1350 1658 simillimus,
1401 1604 1538 1645 cum
1575 1585 1768 1647 .aliud
1796 1589 1949 1649 mihi
1995 1607 2163 1648 nunc
2213 1588 2296 1648 ad
2323 1607 2571 1648 manum
2626 1599 2783 1649 esset
2835 1591 3021 1667 nihil,
3050 1594 3215 1657 hunc
3269 1600 3649 1662 cuicuimodi
3680 1604 3785 1678 sit,

529 1713 764 1775 laboris
804 1715 1012 1774 nostri
1062 1715 1298 1793 fatum,
1352 1713 1780 1792 Amplitudini
1837 1724 1958 1776 true
1992 1716 2380 1797 offerendum
2429 1728 2489 1779 et
2541 1719 3032 1780 consecrandum
3073 1724 3338 1801 putavi:
3393 1735 3459 1785 ut
3515 1742 3691 1802 quem
3721 1728 3789 1789 in

525 1837 724 1900 medio
753 1839 1022 1902 Lutetia:
1056 1850 1174 1901 tua:
1192 1841 1370 1914 sinu,
1406 1841 1807 1920 quotidianus
1861 1844 2029 1904 inter
2060 1841 2324 1906 docendi
2354 1864 2537 1906 curas
2576 1856 2794 1908 natum
2849 1859 3032 1928 atque
3079 1860 3438 1930 susceptum
3489 1855 3786 1916 hactenus

529 1966 810 2041 educavi,
861 1968 915 2028 is
969 1976 1076 2027 tuo
1111 1968 1191 2028 in
1227 1967 1554 2046 complexu
1602 1967 1891 2048 deinceps
1947 1989 2073 2030 non
2121 1970 2300 2031 modo
2352 1973 2626 2052 feliciter
2681 1972 3019 2048 adolescat,
3083 1972 3191 2033 sed
3227 1994 3432 2034 omnes
3476 1977 3659 2034 etiam
3692 1975 3781 2036 vel

530 2091 828 2170 temporis
878 2093 1174 2172 injurias,
1229 2089 1322 2152 vel
1367 2094 1703 2170 petitiones
1754 2095 2027 2170 invidia,
2067 2105 2174 2157 tuo
2209 2099 2568 2178 patrocinio
2627 2108 2824 2162 tectus
2873 2119 2945 2162 ac
2995 2100 3283 2184 defensus
3342 2103 3573 2167 eludat.
3616 2104 3781 2166 l'ale.

530 2215 796 2280 Lutetia
822 2217 1240 2292 Parisiorum,
1274 2238 1438 2281 anno
1468 2222 1720 2286 Domini
1748 2226 2072 2288 millesimo
2095 2229 2552 2290 sexcentesimo
2577 2230 2867 2292 vicesimo
2891 2230 3177 2311 septimo,
3212 2243 3435 2314 quarto
3465 2231 3787 2295 Kalendas

531 2347 844 2415 Octobris.

723 2733 1064 2801 lllustriss.
1105 2758 1178 2802 ac
1213 2741 1644 2808 Reverendiss.
1684 2744 2111 2827 Amplitudini
2149 2748 2293 2808 Tum

2137 2906 2584 2973 Deditissimus

2291 3078 2685 3140 Fusncrscus
2723 3075 3088 3146 VIGERUS,

2233 3199 2476 3244 SOCIET.
2540 3200 2686 3243 JESU
2755 3196 3141 3240 PRESBYTER.

535 3553 2128 3571 ~W_——~W
2167 3554 3747 3572 ﬂmm“

774 3800 926 3889 AD
997 3798 1830 3890 CHRISTIANUM
1905 3799 2056 3889 ET
2129 3800 2762 3891 CANDIDUM
2837 3799 3524 3894 LECTOREM.

583 4340 761 4402 7Com
793 4337 862 4400 in
894 4351 973 4400 eo
1003 4343 1174 4400 esset
1202 4337 1559 4410 Eusebius,
1595 4345 1663 4400 ut
1695 4335 2173 4400 sanctissimum
2198 4337 2577 4399 Christiana)
2611 4337 2946 4415 religionis
2978 4338 3317 4399 Auctorem
3351 4381 3367 4408 ,
3411 4335 3772 4414 perSpicuis

523 4443 586 4501 et
615 4437 1026 4501 evidentibus
1080 4439 1474 4516 argumentis
1507 4438 1830 4501 Christum
1873 4437 2060 4499 illum
2103 4455 2247 4500 esse
2278 4439 2681 4511 ostenderet,
2712 4454 2904 4516 quem
2939 4437 3155 4497 divina
3195 4435 3604 4497 Hebraeorum
3639 4452 3783 4496 ora-

522 4537 668 4600 cula
700 4543 874 4598 tanto
903 4541 1048 4597 ante
1095 4537 1531 4613 cecinissent;
1581 4557 1661 4602 ne
1716 4555 1910 4619 quam
1950 4539 2301 4616 gentilibus
2341 4539 2586 4600 interea
2634 4539 3030 4611 lacessendi,
3083 4546 3274 4616 atque
3325 4537 3775 4616 interpellandi

521 4637 629 4699 sui
672 4634 1078 4698 occasionem
1111 4636 1544 4717 relinqueret,
1577 4656 1802 4701 eorum
1832 4639 1956 4699 sibi
1999 4655 2071 4700 os
2120 4638 2501 4702 frenandum
2547 4639 2727 4717 prius
2781 4648 2970 4719 atque
3023 4638 3452 4701 obturandum
3509 4639 3773 4713 putavit.

520 4737 745 4817 Itaque
781 4733 1054 4798 alterum
1086 4737 1253 4799 illud
1290 4755 1494 4818 Opus,
1529 4739 1704 4818 quod
1755 4739 2075 4818 praacipue
2139 4759 2210 4803 ac
2271 4741 2525 4820 proprie
2588 4741 2802 4804 animo
2862 4739 3277 4819 designabat,
3336 4740 3774 4816 Evangelii-am

519 4836 1125 4901 Demonstrationem
1151 4838 1534 4920 appellavit;
1566 4837 1718 4900 huic
1747 4846 1960 4900 autem
1987 4885 2003 4911 ,
2049 4858 2179 4920 quo
2223 4842 2296 4902 ad
2330 4841 2582 4905 facilem
2629 4848 2945 4919 susceptas
2971 4840 3429 4920 disputationis
3469 4855 3727 4901 cursum
3757 4884 3774 4913 ,

522 4938 776 5021 planam
807 4942 931 5004 sibi
965 4944 1460 5022 expeditamque
1501 4941 1669 5002 viam
1727 4941 2095 5017 muniebat,
2151 4943 2650 5022 Praparationis
2706 4940 3095 5019 Evangelica-
3154 4955 3388 5002 nomen
3442 4939 3775 5016 imposuit.

448 5034 472 5050 ”
497 5043 634 5144 Ἐςι
661 5044 923 5122 quidem
955 5045 1074 5108 hoc
1104 5045 1464 5124 argumenti
1495 5061 1700 5123 genus
1727 5088 1743 5117 ,
1780 5051 1904 5104 tam
1956 5045 2170 5106 Graece
2202 5062 2394 5124 quam
2432 5044 2650 5104 Latine
2679 5086 2696 5114 ,
2730 5043 3287 5104 sanctissimorum
3321 5050 3381 5102 et
3425 5042 3774 5118 sapientis-

493 5143 831 5228 tsimorum
861 5145 1198 5208 hominum
1229 5162 1422 5223 opera
1457 5145 1803 5225 studioque
1841 5153 2194 5206 tractatum.
2232 5147 2354 5208 Sed
2384 5146 2481 5207 illi
2513 5153 2732 5207 'tamen
2756 5187 2772 5216 ,
2817 5143 2911 5203 vel
2946 5143 3140 5204 altera
3163 5143 3464 5203 duntaxat
3504 5143 3567 5204 in
3606 5149 3779 5218 parte

493 5243 930 5321 laborarunt,
965 5251 1065 5312 vel
1111 5259 1446 5330 utramque
1481 5251 1750 5312 strictim
1793 5259 1854 5312 et
1888 5249 2095 5311 obiter
2125 5250 2495 5329 attigerunt.
2527 5251 2615 5311 lta
2650 5250 2879 5310 Noster
2910 5246 3012 5307 hic
3042 5289 3058 5317 ,
3097 5253 3167 5307 ut
3199 5246 3441 5306 caeteris
3479 5245 3780 5307 laud.bus

521 5341 792 5406 inferior
823 5347 927 5419 sit,
964 5347 1358 5409 aliostamen
1397 5350 1737 5427 utriusque
1768 5348 2240 5425 complexione,
2280 5347 2441 5408 alios
2474 5345 2799 5408 scribendi
2837 5351 3120 5406 ubertate
3155 5348 3503 5422 superavit.
3543 5348 3780 5407 Verum

521 5438 645 5504 hoc
675 5441 814 5506 loco
845 5445 1451 5523 Demonstrationem
1491 5458 1796 5521 praetereo
1823 5490 1839 5519 ,
1877 5446 2064 5524 cujus
2101 5462 2212 5520 pro
2265 5447 2515 5523 integro
2540 5446 2849 5524 justoque
2882 5460 3148 5518 corpore
3178 5490 3194 5517 ,
3231 5443 3518 5506 informis
3551 5448 3626 5507 ad
3665 5459 3781 5506 n05

523 5553 788 5606 truncus
815 5589 830 5618 ,
865 5545 1008 5606 sine
1041 5546 1242 5624 capite
1274 5545 1702 5624 cruribusque
1745 5543 2059 5622 pervenit.
2094 5543 2224 5602 Hac
2257 5544 2519 5622 quidem
2568 5544 2634 5603 in
2683 5543 3154 5620 Praparatione
3195 5541 3276 5602 ita
3313 5552 3600 5604 versatus
3642 5551 3735 5602 est
3762 5584 3781 5612 ,

525 5654 593 5707 ut
619 5645 684 5707 in
717 5647 1080 5708 Grmcorum
1123 5644 1214 5706 vel
1247 5645 1574 5707 erroribus
1608 5643 2010 5705 illustrandis
2039 5685 2055 5711 ,
2094 5641 2192 5701 vel
2230 5640 2561 5704 refutanda
2593 5642 2892 5719 superbia
2927 5686 2944 5715 ,
2981 5660 3103 5704 non
3134 5651 3264 5704 tam
3315 5659 3436 5704 suo
3495 5643 3589 5703 vel
3623 5660 3780 5706 suo-

518 5763 701 5825 rum,
742 5765 933 5828 quam
973 5745 1382 5827 pepulerium
1414 5762 1485 5808 ac
1527 5745 2030 5807 domesticorum
2063 5740 2325 5804 teStium
2363 5755 2475 5802 ore
2509 5740 2916 5821 loqueretur:
2951 5757 3228 5819 quorum
3270 5757 3386 5802 nec
3417 5749 3781 5818 suspectam
