4154 6418
424 419 490 478 '.7
1774 417 2007 475 VIGEBI
2045 418 2064 472 Ι

2045 417 2437 476 ΡΒᾸΞΡΑΤΙΟ.
3603 419 3669 474 18

419 540 546 619 ipsi
575 539 762 602 ﬁdem
784 536 1016 600 habere
1048 541 1332 616 possent,
1365 551 1483 598 nec
1513 535 1918 614 prudentiam
1948 533 2340 610 desiderare,
2390 551 2507 598 nec
2537 530 3226 598 alienam'existimare
3275 535 3666 598 voluntatem

419 639 698 702 Tametsi
754 647 1118 701 nostrorum
1158 635 1347 698 etiam
1403 637 1767 711 interdum,
1816 635 1934 698 hoc
1981 645 2077 699 est
2137 637 2646 700 Christianorum
2702 632 3036 694 hominum
3105 634 3410 712 pugnavit
3449 635 3667 700 armis.

417 744 684 802 Prorsus
709 784 724 814 ,
756 751 827 802 ut
849 739 1046 818 hujus
1077 739 1144 800 in
1177 738 1390 816 operis
1420 736 1779 811 molitione,
1815 736 2174 798 sedulitatis
2209 737 2423 815 potius
2459 751 2531 797 ac
2559 734 2948 814 diligentia,
3000 751 3190 812 quam
3249 733 3570 795 facultatis
3603 739 3667 794 et

416 839 665 920 ingenii
722 840 1060 920 quasiisse
1102 839 1355 900 laudem
1381 881 1397 910 ,
1451 854 1568 898 nec
1594 845 1719 897 tam
1752 837 1890 898 suis
1935 837 2074 914 ipse
2109 838 2355 900 viribus
2388 854 2530 898 cum
2563 835 2929 896 adversario
2969 836 3317 913 congredi,
3352 851 3542 908 quam
3585 851 3664 894 ex

415 943 754 1022 peregrino
783 951 844 1004 et
868 941 1260 1004 conductitio
1282 939 1484 1001 milite
1509 939 1711 1000 aciem
1739 939 2057 1001 instruere
2075 982 2090 1011 ,
2120 940 2250 1001 imo
2270 959 2414 1002 cum
2443 941 2622 1002 hoste
2649 939 2894 999 hostem
2919 937 3311 1000 committere
3342 937 3658 999 videatur.

416 1045 724 1105 Caterum
753 1088 768 1116 ,
800 1060 993 1122 quem
1050 1041 1164 1102 ille
1197 1041 1493 1103 ordinem
1530 1039 1644 1100 hac
1681 1037 1746 1098 in
1783 1057 1993 1118 pugna
2032 1043 2375 1103 modumve
2406 1039 2688 1102 tenuerit
2721 1083 2737 1110 ,
2789 1039 2931 1116 ipso
2974 1038 3122 1099 libri
3165 1038 3398 1101 decimi
3448 1038 3660 1117 quinti

414 1144 680 1204 exordio
719 1150 844 1204 tam
875 1143 1207 1204 enucleate
1245 1142 1615 1221 diserteque
1669 1140 2042 1220 complexus
2089 1148 2216 1217 est,
2252 1147 2318 1203 ut
2353 1141 2493 1222 ejus
2527 1139 2736 1203 verbis
2773 1139 2923 1200 addi
2958 1138 3122 1200 nihil
3153 1138 3355 1216 possit
3384 1181 3401 1214 ,
3433 1144 3663 1216 prater

413 1242 693 1304 auctoris
726 1241 1058 1322 injuriam.

490 1341 795 1420 Sequitur
825 1358 976 1420 ergo
1008 1341 1222 1419 potius
1251 1384 1268 1415 ,
1303 1341 1663 1405 Christiane
1697 1343 1920 1404 Lector
1945 1392 1961 1414 ,
1995 1347 2068 1403 ut
2099 1357 2288 1422 quam
2321 1339 2400 1402 de
2431 1339 2544 1402 illo
2578 1339 2740 1402 bene
2775 1339 3009 1402 mereri
3043 1338 3512 1408 studuerimus,
3539 1339 3660 1404 hoc

412 1451 546 1515 est,
581 1443 740 1522 quid
772 1443 838 1504 in
870 1459 1034 1505 nova
1067 1445 1566 1522 Prwparatiom‘s
1598 1444 1790 1524 hujus
1830 1444 2116 1506 editione
2156 1443 2366 1504 conati
2401 1443 2605 1503 simus
2632 1485 2648 1514 ,
2683 1441 2961 1502 breviter
2984 1440 3280 1520 accipias.

487 1543 746 1604 Exstitit
774 1550 920 1605 ante
956 1543 1074 1606 hos
1108 1551 1366 1606 centum
1395 1560 1598 1607 annos
1633 1545 2104 1622 Trapezuntius
2131 1588 2147 1616 ,
2193 1542 2384 1605 homo
2427 1550 2488 1603 et
2525 1541 2782 1604 natione
2818 1543 3079 1605 Gracus
3107 1585 3124 1616 ,
3159 1547 3218 1604 et
3261 1541 3504 1603 Latinis
3557 1541 3660 1605 in-

409 1661 606 1724 super
636 1644 867 1707 litteris
899 1663 1028 1707 non
1061 1647 1470 1710 mediocriter
1509 1646 1924 1708 informatus:
1977 1646 2125 1726 qui,
2163 1645 2218 1706 si
2251 1645 2481 1706 horum
2537 1646 2616 1706 ad
2658 1644 2972 1706 librorum
3023 1645 3655 1722 interpretationem,

409 1752 722 1824 quantum
755 1746 1144 1808 eruditionis
1175 1762 1245 1808 ac
1270 1745 1550 1809 solertia
1575 1747 1918 1821 afferebat,
1951 1752 2195 1808 tantum
2223 1762 2259 1806 a
2289 1747 2462 1807 curis
2497 1745 2900 1824 gravioribus
2935 1745 3241 1823 temporis
3275 1751 3336 1807 et
3361 1745 3478 1807 otii
3507 1760 3660 1808 con-

409 1843 578 1908 ferre
612 1847 977 1924 potuisset;
1009 1847 1195 1908 nobis
1231 1847 1461 1928 utique
1499 1847 1758 1928 legendi
1790 1847 2183 1926 voluptatem
2208 1889 2225 1919 ,
2281 1862 2409 1908 non
2455 1845 2719 1908 alterius
2769 1862 2981 1925 Opera
3017 1843 3464 1908 necessitatem
3497 1842 3651 1906 reli-

410 1945 684 2027 quisset.
719 1949 797 2009 At
827 1949 982 2009 dum
1015 1947 1210 2028 (quod
1243 1948 1516 2026 ipsemet
1551 1947 1652 2010 vel
1683 1949 1959 2028 excipit,
2011 1948 2111 2011 vel
2156 1944 2440 2026 excusat)
2491 1964 2636 2008 cum
2683 1964 2906 2009 eorum
2939 1963 2975 2008 a
3015 1945 3256 2025 quibus
3309 1943 3658 2024 urgebatur

410 2043 736 2105 desiderio
763 2089 778 2117 ,
810 2046 1099 2106 vertendi
1130 2046 1524 2109 celeritatem
1555 2064 1808 2127 aquare
1837 2046 2138 2126 gestiret,
2179 2048 2533 2109 Eusebium
2555 2046 2838 2108 Eusebio
2874 2046 3230 2109 suﬂ‘uratus
3263 2055 3400 2118 est;
3433 2048 3653 2127 itaque

408 2158 528 2203 suo
558 2159 639 2203 ex
665 2160 865 2206 sensu
898 2146 1146 2206 vultum
1175 2146 1233 2208 ei
1269 2148 1684 2228 speciemque
1719 2148 1901 2210 ﬁnxit
1928 2192 1944 2222 ,
1978 2155 2049 2210 ut
2070 2149 2149 2211 ab
2180 2165 2257 2212 eo
2285 2147 2786 2228 Trapezuntium
2819 2147 3038 2210 verius
3071 2165 3262 2227 quam
3300 2149 3652 2210 Eusebium

407 2237 816 2306 haberemus.
843 2246 934 2306 Ita
971 2246 1248 2325 capitum
1295 2248 1593 2310 ordinem
1641 2266 2115 2332 numerumque
2153 2258 2352 2314 mutat
2385 2273 2402 2324 ;
2451 2252 2535 2313 ita
2570 2250 2961 2325 sententias,
3000 2249 3337 2329 periodos,
3389 2249 3652 2328 paginas

405 2359 872 2424 nonnunquam
911 2349 1191 2429 integras
1223 2351 1414 2413 modo
1468 2353 1813 2432 interpolat
1845 2398 1864 2428 ,
1897 2355 2130 2429 modo,
2155 2355 2327 2436 quod
2365 2355 2556 2433 longe
2585 2357 2844 2434 gravius
2875 2359 2972 2416 est
3004 2397 3020 2427 ,
3075 2352 3388 2431 expungit
3440 2368 3510 2413 ac
3541 2368 3648 2412 re-

401 2451 592 2506 secat.
627 2446 886 2509 Librum
924 2456 1094 2512 certe
1127 2451 1448 2514 decimum
1480 2454 1782 2534 quintum
1811 2472 1894 2517 ne
1930 2457 2138 2536 attigit
2190 2455 2477 2536 quidem.
2515 2456 2586 2518 Id
2619 2456 2793 2537 quod
2827 2455 2984 2518 viris
3021 2453 3214 2517 etiam
3256 2452 3649 2515 doctissimis

403 2541 608 2606 fraudi
633 2545 797 2622 fuit,
836 2551 948 2629 qui
979 2569 1125 2613 cum
1173 2555 1438 2618 Eusebii
1497 2557 1711 2619 Grara
1740 2573 1870 2619 non
1904 2556 2258 2636 legissent,
2293 2565 2690 2636 postremum
2719 2556 2892 2618 hunc
2919 2555 3156 2617 librum
3195 2553 3467 2632 periisse
3504 2570 3642 2614 cre-

403 2645 727 2710 dideruut.
759 2651 1138 2716 Ostenderat
1167 2657 1479 2736 Grynaus
1509 2658 1770 2737 quidam
1797 2703 1814 2733 ,
1847 2658 2038 2720 homo
2062 2701 2080 2731 ,
2114 2665 2180 2720 ut
2205 2657 2420 2728 aiunt,
2455 2657 2813 2732 haereticus,
2841 2656 3009 2719 velle
3045 2673 3114 2719 se
3145 2664 3268 2717 tam
3295 2655 3651 2719 inveterato

405 2750 622 2813 morbo
657 2752 990 2815 medicina
1018 2753 1267 2834 aliquid
1308 2755 1556 2831 facere;
1592 2757 1705 2820 sed
1746 2758 2026 2820 ostendit
2057 2775 2124 2820 re
2159 2758 2298 2836 ipsa
2336 2765 2617 2830 tantum,
2652 2758 2892 2838 quippe
2923 2755 3038 2837 qui
3077 2754 3254 2818 labes
3304 2754 3649 2833 hiatusque

403 2849 750 2912 nonnullos
775 2853 1044 2927 sparsim
1081 2854 1386 2917 duntaxat
1409 2873 1481 2918 ac
1517 2874 1684 2935 sape
1715 2857 1900 2919 novis
1931 2858 2258 2920 erroribus
2291 2857 2678 2936 impleverit.

480 2948 1050 3030 Quocircajustum
1082 2953 1282 3016 ambo.
1307 2955 1492 3017 nobis
1524 2956 1978 3035 integrumque
2011 2973 2285 3033 pensum
2319 2957 2684 3034 reliquere;
2719 2971 2799 3018 oe
2835 2972 2964 3036 quo
2998 2953 3160 3018 nihil
3190 2956 3536 3018 admodum
3573 2955 3650 3015 ab

406 3045 706 3124 Homiero
732 3093 748 3122 ,
781 3051 895 3129 qui
950 3058 1312 3114 extremum
1365 3053 1606 3119 librum
1637 3055 2051 3131 Trapezuntii
2098 3055 2340 3116 Latinis
2369 3055 2640 3114 attexuit
2664 3097 2679 3126 ,
2736 3052 2984 3116 detrahi
3021 3052 3308 3131 potuisse
3337 3099 3354 3126 ,
3401 3050 3647 3113 invitus

404 3161 593 3208 nemo
626 3147 1108 3229 fatebitur,qui
1150 3149 1309 3212 hanc
1340 3151 1407 3213 in
1440 3152 1778 3214 lectionem
1813 3153 2000 3215 horas
2047 3171 2126 3214 ex
2158 3153 2290 3214 otio
2319 3167 2438 3212 suo
2468 3150 2714 3230 aliquot
2741 3150 3030 3212 derivare
3063 3149 3362 3212 voluerit.
3407 3152 3644 3212 Novam

404 3262 556 3325 ergo
580 3264 614 3308 a
644 3249 846 3327 capite
880 3249 1471 3328 interpretationem
1504 3251 1814 3329 aggressi,
1850 3251 2015 3313 duos
2046 3271 2126 3315 ex
2149 3251 2542 3314 Bibliotheca
2567 3248 2979 3331 Regia(quod
3006 3253 3080 3311 D.
3114 3250 3369 3330 Rigaltii
3401 3251 3641 3336 doctis-

399 3346 548 3409 simi
580 3355 770 3426 atquc
804 3347 1243 3411 honestissimi
1294 3351 1414 3412 viri
1468 3352 1852 3415 beneficium
1905 3353 2025 3417 est)
2076 3352 2544 3430 manuscriptos
2594 3352 2846 3412 codices
2894 3349 3299 3428 accepimus,
3363 3366 3642 3430 quorum

399 3448 598 3509 altero
623 3449 981 3527 Stephanus
1015 3451 1084 3513 in
1113 3453 1327 3516 Graca
1351 3455 1636 3516 editione
1669 3471 1830 3514 usus
1861 3453 2149 3528 videtur,
2179 3454 2450 3514 alterum
2506 3453 2567 3514 ei
2628 3469 2796 3529 sape
2848 3449 3358 3512 dissimillimum
3403 3449 3640 3527 reperi.

399 3551 840 3612 Accesserunt-
863 3551 1055 3614 varia
1089 3551 1398 3615 lectiones
1437 3571 1516 3614 ex
1547 3552 1844 3614 Richardi
1881 3553 2253 3614 Montacutii
2287 3552 2451 3613 libro
2483 3552 2857 3630 descripta,
2895 3566 3168 3629 quarum
3200 3549 3358 3610 mihi
3391 3548 3640 3627 capiam

395 3647 726 3728 aliquanto
775 3650 986 3711 serius
1029 3648 1179 3711 fecit
1209 3651 1284 3710 D.
1317 3649 1624 3712 Morellus
1660 3654 1684 3709 ὁ
1717 3657 2028 3730 μακαρίτης,
2069 3647 2420 3727 bibliOpola
2463 3647 2710 3726 regius;
2740 3666 2867 3710 usu
2889 3665 3034 3709 cum
3061 3647 3127 3708 in
3149 3647 3296 3728 aliis
3327 3664 3455 3709 non
3480 3663 3638 3709 con-

400 3750 788 3820 temnendo,
827 3758 961 3812 tum
995 3751 1061 3812 in
1092 3749 1343 3815 lacunis
1374 3752 1762 3830 quibusdam
1791 3751 2129 3830 explendis
2164 3750 2298 3814 fere
2332 3753 2678 3830 pracipuo.
2721 3753 2962 3813 Verum
2991 3760 3214 3828 praeter
3235 3765 3639 3812 communem

398 3845 572 3907 illam
607 3847 1062 3926 interpretandi
1093 3848 1449 3916 molestiam
1473 3893 1490 3923 ,
1526 3867 1670 3930 qua
1706 3849 2205 3928 sapientissimis
2237 3851 2612 3912 hominibus
2648 3858 2771 3911 tam
2805 3850 3016 3928 gravis
3059 3867 3313 3929 semper
3335 3865 3405 3910 ac
3429 3847 3643 3927 spissa

399 3947 534 4010 visa
563 3956 710 4020 est...
734 3966 922 4030 quam
942 3966 1108 4027 sape
1144 3951 1544 4025 necessaria;
1577 3949 1860 4013 laborem
1890 3949 2161 4028 insuper
2187 3996 2204 4026 ,
2237 3959 2298 4012 et
2330 3951 2482 4014 huic
2526 3950 2899 4028 scriptionis
2931 3949 3152 4028 generi
3181 3949 3542 4027 proprium,
3579 3955 3642 4006 et

395 4046 595 4110 altero
627 4047 741 4109 illo
773 4049 888 4113 vix.
913 4050 1229 4111 minorem
1279 4049 1720 4114 exhausimus.
1751 4053 1908 4115 Cum
1951 4052 2125 4114 enim
2158 4095 2175 4126 ,
2213 4058 2285 4114 ut
2325 4059 2471 4113 ante
2502 4051 2786 4112 diximus
2808 4093 2825 4124 ,
2859 4049 3102 4111 alienas
3133 4055 3265 4110 toto
3297 4048 3416 4110 hoc
3446 4063 3641 4124 Opere

396 4144 649 4227 linguas
675 4148 995 4214 Eusebius
1026 4157 1357 4211 mutuetur
1378 4193 1396 4225 ,
1429 4166 1707 4228 quorum
1738 4152 1946 4216 adhuc
1975 4153 2257 4214 rivorum
2279 4150 2487 4214 fontes
2519 4150 2924 4222 haberemus,
2954 4147 3286 4210 adeundos
3319 4145 3640 4226 imprimis

392 4264 618 4312 omnes
647 4267 717 4312 ac
753 4251 1042 4313 studiose
1070 4250 1439 4313 lustrandos
1470 4253 1835 4328 putavimus
1869 4275 1886 4326 ;
1917 4269 2193 4332 quorum
2227 4260 2441 4314 autem
2473 4257 2858 4313 exaruerant
2881 4294 2899 4325 ,
2932 4249 3161 4311 horum
3192 4257 3404 4310 tamen
3427 4291 3444 4322 ,
3481 4248 3630 4310 ubi-

391 4365 648 4426 cunque
678 4349 1056 4410 subodorari
1088 4349 1312 4421 licuit,
1342 4347 1443 4410 vel
1496 4351 1879 4413 tenuissima
1942 4351 2214 4429 vestigia
2272 4351 2592 4430 persecuti
2643 4366 2893 4412 sumus.
2956 4351 3032 4410 Et
3072 4348 3365 4427 quamvis
3411 4347 3643 4408 aliena

391 4463 620 4508 manus
665 4464 786 4528 ope
815 4465 887 4511 ac
915 4448 1231 4522 subsidio,
1265 4449 1440 4528 quod
1475 4467 1620 4512 sese
1651 4457 1786 4511 tum
1817 4451 1988 4514 ultro
2016 4468 2293 4529 prasens
2320 4451 2715 4529 obviumque
2746 4451 2952 4524 dabat,
2981 4450 3073 4512 uti
3105 4449 3384 4521 licuerit,
3420 4446 3638 4508 studio

353 4555 601 4610 tamen
637 4557 965 4628 utcunque
1002 4557 1220 4610 nostro
1252 4548 1720 4630 diligentiaque
1755 4550 1911 4624 niti,
1972 4569 2162 4630 quam
2213 4550 2558 4629 precariam
2603 4550 2755 4612 hinc
2804 4551 2954 4614 inde
3013 4551 3246 4629 stipem
3303 4567 3640 4630 corrOgare

392 4647 763 4710 maluimus.
795 4648 1027 4708 Partim
1053 4690 1069 4718 ,
1106 4645 1278 4726 quod
1313 4653 1374 4707 et
1413 4647 1668 4710 delicati
1731 4649 1924 4711 nimis
1949 4693 1966 4724 ,
2000 4657 2073 4712 et,
2093 4666 2314 4727 parum
2366 4649 2654 4711 liberalis
2694 4651 2944 4732 ingenii
2986 4651 3348 4723 videretur,
3375 4650 3484 4710 ubi
3527 4668 3642 4729 per

387 4752 450 4809 te
490 4748 704 4825 ipsum
736 4756 981 4809 tentare
1013 4747 1259 4826 aliquid
1293 4754 1356 4809 et
1387 4749 1670 4827 experiri
1699 4750 1914 4829 possis
1941 4793 1958 4822 ,
2005 4748 2198 4810 alieni
2247 4747 2485 4811 laboris
2522 4749 2737 4814 fructu
2780 4753 2985 4814 otiose
3045 4749 3257 4828 pasci,
3304 4765 3376 4810 ac
3421 4746 3639 4810 facem

392 4845 1310 4912 illam.mendicorumimitari
1341 4894 1358 4923 ,
1391 4851 1506 4931 qui
1538 4849 1750 4914 levius
1801 4858 2162 4930 egestatem.
2199 4849 2416 4914 ferunt
2450 4870 2641 4932 quam
2687 4853 3029 4925 sudorem,
3079 4867 3374 4930 quosque
3430 4847 3640 4911 aliena
3736 4894 3748 4910 .

388 4965 688 5010 crumena
721 4950 940 5011 vivere
965 4993 982 5023 ,
1011 4965 1140 5011 non
1176 4959 1300 5012 tam
1336 4953 1742 5015 necessitatis
1773 4959 1912 5026 est,
1946 4969 2140 5032 quam
2173 4952 2562 5032 voluptatis;
2593 4954 2756 5016 adeo
2787 4953 3044 5032 publica
3077 4949 3472 5028 benignitate
3506 4968 3637 5012 non
3682 4965 3692 5024 ς

382 5049 462 5112 ad
515 5049 977 5113 sublevandam
1038 5053 1363 5132 inepiam,
1408 5055 1524 5118 sed
1573 5057 1652 5118 ad
1712 5055 2053 5120 fovendam
2114 5058 2412 5120 inertiam
2445 5059 2820 5120 abutuntur.
2863 5057 3140 5129 Partim,
3186 5071 3266 5116 ne
3315 5052 3372 5114 si
3404 5060 3639 5116 tantam
3681 5051 3689 5066 "

385 5150 770 5228 scriptorum
802 5150 1176 5219 varietatem
1201 5198 1218 5228 ,
1254 5155 1463 5217 nihilo
1496 5157 1710 5222 minor
1735 5159 2180 5238 interpretum.
2209 5159 2551 5221 diversitas
2593 5159 2960 5235 exciperet,
3003 5172 3132 5219 non
3190 5152 3362 5216 fetus
3394 5152 3636 5232 aliquis

385 5249 570 5313 vultu
601 5250 944 5331 coloreque
975 5268 1140 5322 uno,
1173 5255 1288 5316 sed
1336 5254 1622 5317 deforme
1658 5264 2016 5319 monstrum
2054 5256 2438 5330 exsisteret,
2471 5255 2930 5318 dissimillimis
2956 5272 3035 5316 ex
3065 5252 3351 5332 partibus
3376 5251 3636 5314 formis-

385 5367 514 5432 que
545 5350 908 5414 conﬂatum.
935 5353 1156 5415 Utrum
1189 5354 1530 5431 enim,‘exv
1573 5356 1694 5419 hoc
1725 5366 1945 5419 nostro
1984 5358 2206 5430 cultu,
2243 5356 2552 5419 membris
2599 5373 2860 5436 quoque
2901 5355 3181 5432 singulis
3237 5354 3318 5416 ad
3358 5353 3639 5427 speciem

383 5454 632 5536 aliquid
659 5471 729 5514 ac
761 5453 1032 5517 nitorem
1057 5460 1444 5534 accesserit,
1476 5461 1796 5540 aquitatis
1842 5469 1940 5524 est
1975 5461 2465 5541 prudentiaque
2502 5467 2668 5534 tua,
2723 5461 2946 5520 Lector
3001 5457 3264 5536 Optime,
3311 5463 3592 5517 statuere
3616 5496 3635 5527 ,

385 5575 512 5622 non
553 5557 882 5630 modestia
917 5559 1315 5639 pudorisque
1347 5561 1574 5622 nostri.

467 5665 688 5734 Porro,
725 5662 792 5722 in
823 5661 1131 5722 librorum
1155 5671 1215 5724 et
1235 5663 1514 5741 capitum
1540 5663 1858 5726 lemmatis
1884 5673 2074 5745 atque
2105 5664 2432 5727 indicibus
2456 5663 2880 5742 praﬁgendis,
2901 5661 3414 5723 membranarum
3433 5657 3631 5720 facem

387 5763 780 5843 ductumque
808 5763 1012 5824 secuti
1034 5781 1286 5838 sumus,
1310 5764 1437 5827 nisi
1469 5755 1643 5846 quod
1665 5767 1951 5842 ﬁdenter,
1975 5785 2118 5846 qua
2141 5767 2208 5830 in
2239 5766 2512 5828 alterum
2545 5765 2699 5828 vitia
2729 5779 3197 5842 nonnunquam
3217 5762 3632 5841 irrepseraut,

385 5864 649 5928 alterius
669 5865 1036 5944 integritate
1058 5866 1500 5949 beneﬁcioque
1524 5859 1932 5934 sustulimus.
1958 5873 2033 5935 Et
2051 5871 2354 5954 quoniam
2375 5868 2624 5933 indices
2648 5869 2772 5948 illi,
2795 5886 2913 5935 nec
2933 5863 3105 5930 tituli
3139 5880 3268 5943 pra
3288 5881 3382 5940 se,
3402 5877 3519 5926 nee
3541 5875 3638 5918 ca-
