  <div class='ocr_page' id='page_1' title='image "/cluster/home/n/w/nwhite01/storage/ocr_20150623/21:no.3/coo.31924054873017/023.png"; bbox 0 0 4154 6436; ppageno 0'>
   <div class='ocr_carea' id='block_1_1' title="bbox 453 369 3720 439">
    <p class='ocr_par' dir='ltr' id='par_1_1' title="bbox 453 369 3720 439">
     <span class='ocr_line' id='line_1_1' title="bbox 453 369 3720 439; baseline -0.002 -1"><span class='ocrx_word' id='word_1_1' title='bbox 453 382 522 439; x_wconf 73' lang='grc'><strong>19</strong></span> <span class='ocrx_word' id='word_1_2' title='bbox 1124 377 1395 435; x_wconf 82' lang='lat' dir='ltr'><strong>EUSEBII</strong></span> <span class='ocrx_word' id='word_1_3' title='bbox 1433 375 1910 432; x_wconf 62' lang='lat' dir='ltr'><strong>CESARIENSIS</strong></span> <span class='ocrx_word' id='word_1_4' title='bbox 1954 374 2106 430; x_wconf 86' lang='lat' dir='ltr'><strong>OPP.</strong></span> <span class='ocrx_word' id='word_1_5' title='bbox 2149 373 2332 428; x_wconf 81' lang='lat' dir='ltr'><strong>PARS</strong></span> <span class='ocrx_word' id='word_1_6' title='bbox 2364 373 2425 429; x_wconf 88' lang='grc' dir='ltr'><strong>ιι.</strong></span> <span class='ocrx_word' id='word_1_7' title='bbox 2457 405 2528 416; x_wconf 93' lang='lat'><strong><em>—</em></strong></span> <span class='ocrx_word' id='word_1_8' title='bbox 2559 369 3064 430; x_wconf 78' lang='lat' dir='ltr'><strong>APOLOGETICA.</strong></span> <span class='ocrx_word' id='word_1_9' title='bbox 3645 378 3720 434; x_wconf 73' lang='lat'><strong>20</strong></span> 
     </span>
    </p>
   </div>
   <div class='ocr_carea' id='block_1_2' title="bbox 451 488 3718 579">
    <p class='ocr_par' dir='ltr' id='par_1_2' title="bbox 451 488 3718 579">
     <span class='ocr_line' id='line_1_2' title="bbox 451 488 3718 579; baseline -0.001 -20"><span class='ocrx_word' id='word_1_10' title='bbox 451 497 632 579; x_wconf 86' lang='lat' dir='ltr'><strong>pitis,</strong></span> <span class='ocrx_word' id='word_1_11' title='bbox 660 513 778 558; x_wconf 91' lang='lat' dir='ltr'><strong>nec</strong></span> <span class='ocrx_word' id='word_1_12' title='bbox 803 492 980 557; x_wconf 93' lang='lat' dir='ltr'><strong>aliud</strong></span> <span class='ocrx_word' id='word_1_13' title='bbox 1000 493 1325 574; x_wconf 86' lang='lat' dir='ltr'><strong>ejusmodi</strong></span> <span class='ocrx_word' id='word_1_14' title='bbox 1351 509 1584 555; x_wconf 86' lang='lat' dir='ltr'><strong>nomen</strong></span> <span class='ocrx_word' id='word_1_15' title='bbox 1605 491 1915 565; x_wconf 86' lang='lat' dir='ltr'><strong>ferebant,</strong></span> <span class='ocrx_word' id='word_1_16' title='bbox 1935 490 2108 553; x_wconf 87' lang='lat' dir='ltr'><strong>solas</strong></span> <span class='ocrx_word' id='word_1_17' title='bbox 2125 489 2208 551; x_wconf 89' lang='lat' dir='ltr'><strong>iis</strong></span> <span class='ocrx_word' id='word_1_18' title='bbox 2226 488 2619 562; x_wconf 89' lang='lat' dir='ltr'><strong>numerales,</strong></span> <span class='ocrx_word' id='word_1_19' title='bbox 2641 497 2711 550; x_wconf 93' lang='lat' dir='ltr'><strong>ut</strong></span> <span class='ocrx_word' id='word_1_20' title='bbox 2744 499 2992 563; x_wconf 85' lang='lat' dir='ltr'><strong>vocant,</strong></span> <span class='ocrx_word' id='word_1_21' title='bbox 3013 498 3194 552; x_wconf 91' lang='lat' dir='ltr'><strong>notas</strong></span> <span class='ocrx_word' id='word_1_22' title='bbox 3217 491 3587 556; x_wconf 78' lang='lat' dir='ltr'><strong>addidimus</strong></span> <span class='ocrx_word' id='word_1_23' title='bbox 3607 495 3718 576; x_wconf 88' lang='grc'><strong>(1).</strong></span> 
     </span>
    </p>
   </div>
   <div class='ocr_carea' id='block_1_3' title="bbox 453 588 3715 678">
    <p class='ocr_par' dir='ltr' id='par_1_3' title="bbox 453 588 3715 678">
     <span class='ocr_line' id='line_1_3' title="bbox 453 588 3715 678; baseline -0.001 -16"><span class='ocrx_word' id='word_1_24' title='bbox 453 603 759 678; x_wconf 82' lang='lat' dir='ltr'><strong>Superest</strong></span> <span class='ocrx_word' id='word_1_25' title='bbox 779 606 848 660; x_wconf 93' lang='lat' dir='ltr'><strong>ut</strong></span> <span class='ocrx_word' id='word_1_26' title='bbox 865 596 946 660; x_wconf 91' lang='lat' dir='ltr'><strong>de</strong></span> <span class='ocrx_word' id='word_1_27' title='bbox 965 597 1138 660; x_wconf 90' lang='lat' dir='ltr'><strong>notis</strong></span> <span class='ocrx_word' id='word_1_28' title='bbox 1154 613 1355 659; x_wconf 87' lang='lat' dir='ltr'><strong>unum</strong></span> <span class='ocrx_word' id='word_1_29' title='bbox 1377 602 1484 657; x_wconf 89' lang='lat' dir='ltr'><strong>aut</strong></span> <span class='ocrx_word' id='word_1_30' title='bbox 1502 595 1776 657; x_wconf 91' lang='lat' dir='ltr'><strong>alterum</strong></span> <span class='ocrx_word' id='word_1_31' title='bbox 1793 588 2196 656; x_wconf 56' lang='lat' dir='ltr'><strong>moneamus.’</strong></span> <span class='ocrx_word' id='word_1_32' title='bbox 2215 595 2321 654; x_wconf 69' lang='lat' dir='ltr'><strong>Em</strong></span> <span class='ocrx_word' id='word_1_33' title='bbox 2341 593 2578 670; x_wconf 77' lang='lat' dir='ltr'><strong>triplici</strong></span> <span class='ocrx_word' id='word_1_34' title='bbox 2598 593 3263 673; x_wconf 85' lang='lat' dir='ltr'><strong>potissimum&#39;genere</strong></span> <span class='ocrx_word' id='word_1_35' title='bbox 3279 596 3715 660; x_wconf 73' lang='lat' dir='ltr'><strong>continentur.</strong></span> 
     </span>
    </p>
   </div>
   <div class='ocr_carea' id='block_1_4' title="bbox 451 694 3719 773">
    <p class='ocr_par' dir='ltr' id='par_1_4' title="bbox 451 694 3719 773">
     <span class='ocr_line' id='line_1_4' title="bbox 451 694 3719 773; baseline -0.001 -12"><span class='ocrx_word' id='word_1_36' title='bbox 451 703 582 761; x_wconf 85' lang='lat' dir='ltr'><strong>Aut</strong></span> <span class='ocrx_word' id='word_1_37' title='bbox 614 699 813 771; x_wconf 86' lang='lat' dir='ltr'><strong>enim,</strong></span> <span class='ocrx_word' id='word_1_38' title='bbox 853 698 1060 760; x_wconf 89' lang='lat' dir='ltr'><strong>sicubi</strong></span> <span class='ocrx_word' id='word_1_39' title='bbox 1099 715 1363 760; x_wconf 91' lang='lat' dir='ltr'><strong>necesse</strong></span> <span class='ocrx_word' id='word_1_40' title='bbox 1393 703 1511 770; x_wconf 90' lang='lat' dir='ltr'><strong>est,</strong></span> <span class='ocrx_word' id='word_1_41' title='bbox 1545 699 1782 759; x_wconf 60' lang='lat' dir='ltr'><strong>Graeca;</strong></span> <span class='ocrx_word' id='word_1_42' title='bbox 1824 694 2128 757; x_wconf 83' lang='lat' dir='ltr'><strong>dictionis</strong></span> <span class='ocrx_word' id='word_1_43' title='bbox 2163 694 2289 756; x_wconf 87' lang='lat' dir='ltr'><strong>vim</strong></span> <span class='ocrx_word' id='word_1_44' title='bbox 2319 711 2391 756; x_wconf 90' lang='lat' dir='ltr'><strong>ac</strong></span> <span class='ocrx_word' id='word_1_45' title='bbox 2433 694 2891 772; x_wconf 83' lang='lat' dir='ltr'><strong>proprietatem</strong></span> <span class='ocrx_word' id='word_1_46' title='bbox 2922 695 3317 773; x_wconf 81' lang='lat' dir='ltr'><strong>expendunt,</strong></span> <span class='ocrx_word' id='word_1_47' title='bbox 3355 704 3464 757; x_wconf 90' lang='lat' dir='ltr'><strong>aut</strong></span> <span class='ocrx_word' id='word_1_48' title='bbox 3515 699 3719 759; x_wconf 83' lang='lat' dir='ltr'><strong>varias</strong></span> 
     </span>
    </p>
   </div>
   <div class='ocr_carea' id='block_1_5' title="bbox 454 795 3720 880">
    <p class='ocr_par' dir='ltr' id='par_1_5' title="bbox 454 795 3720 880">
     <span class='ocr_line' id='line_1_5' title="bbox 454 795 3720 880; baseline -0 -19"><span class='ocrx_word' id='word_1_49' title='bbox 454 796 745 862; x_wconf 90' lang='lat' dir='ltr'><strong>locorum</strong></span> <span class='ocrx_word' id='word_1_50' title='bbox 772 800 1035 862; x_wconf 90' lang='lat' dir='ltr'><strong>illorum</strong></span> <span class='ocrx_word' id='word_1_51' title='bbox 1057 817 1203 880; x_wconf 71' lang='lat' dir='ltr'><strong>qum</strong></span> <span class='ocrx_word' id='word_1_52' title='bbox 1231 799 1311 860; x_wconf 91' lang='lat' dir='ltr'><strong>ab</strong></span> <span class='ocrx_word' id='word_1_53' title='bbox 1340 799 1625 862; x_wconf 87' lang='lat' dir='ltr'><strong>Eusebio</strong></span> <span class='ocrx_word' id='word_1_54' title='bbox 1662 798 1902 878; x_wconf 89' lang='lat' dir='ltr'><strong>passim</strong></span> <span class='ocrx_word' id='word_1_55' title='bbox 1923 797 2315 870; x_wconf 68' lang='lat' dir='ltr'><strong>afferuntur,</strong></span> <span class='ocrx_word' id='word_1_56' title='bbox 2347 796 2540 858; x_wconf 93' lang='lat' dir='ltr'><strong>modo</strong></span> <span class='ocrx_word' id='word_1_57' title='bbox 2573 796 2904 868; x_wconf 90' lang='lat' dir='ltr'><strong>lectiones,</strong></span> <span class='ocrx_word' id='word_1_58' title='bbox 2937 796 3129 858; x_wconf 93' lang='lat' dir='ltr'><strong>modo</strong></span> <span class='ocrx_word' id='word_1_59' title='bbox 3159 795 3720 876; x_wconf 85' lang='lat' dir='ltr'><strong>interpretationes</strong></span> 
     </span>
    </p>
   </div>
   <div class='ocr_carea' id='block_1_6' title="bbox 455 897 3717 981">
    <p class='ocr_par' dir='ltr' id='par_1_6' title="bbox 455 897 3717 981">
     <span class='ocr_line' id='line_1_6' title="bbox 455 897 3717 981; baseline -0.001 -19"><span class='ocrx_word' id='word_1_60' title='bbox 455 901 818 976; x_wconf 84' lang='lat' dir='ltr'><strong>excutiunt,</strong></span> <span class='ocrx_word' id='word_1_61' title='bbox 841 903 907 961; x_wconf 89' lang='lat' dir='ltr'><strong>in</strong></span> <span class='ocrx_word' id='word_1_62' title='bbox 932 917 1060 981; x_wconf 92' lang='lat' dir='ltr'><strong>quo</strong></span> <span class='ocrx_word' id='word_1_63' title='bbox 1079 901 1207 963; x_wconf 90' lang='lat' dir='ltr'><strong>dici</strong></span> <span class='ocrx_word' id='word_1_64' title='bbox 1238 900 1346 962; x_wconf 77' lang='lat' dir='ltr'><strong>vix</strong></span> <span class='ocrx_word' id='word_1_65' title='bbox 1373 907 1607 979; x_wconf 91' lang='lat' dir='ltr'><strong>potest,</strong></span> <span class='ocrx_word' id='word_1_66' title='bbox 1639 907 1955 980; x_wconf 88' lang='lat' dir='ltr'><strong>quantum</strong></span> <span class='ocrx_word' id='word_1_67' title='bbox 1979 917 2058 961; x_wconf 81' lang='lat' dir='ltr'><strong>ex</strong></span> <span class='ocrx_word' id='word_1_68' title='bbox 2090 907 2314 961; x_wconf 88' lang='lat' dir='ltr'><strong>mutua</strong></span> <span class='ocrx_word' id='word_1_69' title='bbox 2344 897 2554 960; x_wconf 87' lang='lat' dir='ltr'><strong>Nostri</strong></span> <span class='ocrx_word' id='word_1_70' title='bbox 2619 897 2817 978; x_wconf 86' lang='lat' dir='ltr'><strong>hujus</strong></span> <span class='ocrx_word' id='word_1_71' title='bbox 2845 897 3256 977; x_wconf 88' lang='lat' dir='ltr'><strong>aliorumque</strong></span> <span class='ocrx_word' id='word_1_72' title='bbox 3299 914 3520 976; x_wconf 85' lang='lat' dir='ltr'><strong>Opera,</strong></span> <span class='ocrx_word' id='word_1_73' title='bbox 3551 899 3717 960; x_wconf 91' lang='lat' dir='ltr'><strong>lucis</strong></span> 
     </span>
    </p>
   </div>
   <div class='ocr_carea' id='block_1_7' title="bbox 456 1001 3716 1083">
    <p class='ocr_par' dir='ltr' id='par_1_7' title="bbox 456 1001 3716 1083">
     <span class='ocr_line' id='line_1_7' title="bbox 456 1001 3716 1083; baseline 0.001 -20"><span class='ocrx_word' id='word_1_74' title='bbox 456 1001 526 1063; x_wconf 90' lang='lat' dir='ltr'><strong>in</strong></span> <span class='ocrx_word' id='word_1_75' title='bbox 556 1017 782 1065; x_wconf 92' lang='lat' dir='ltr'><strong>omnes</strong></span> <span class='ocrx_word' id='word_1_76' title='bbox 811 1003 1194 1082; x_wconf 83' lang='lat' dir='ltr'><strong>fructusque</strong></span> <span class='ocrx_word' id='word_1_77' title='bbox 1221 1001 1624 1064; x_wconf 85' lang='lat' dir='ltr'><strong>redundarit.</strong></span> <span class='ocrx_word' id='word_1_78' title='bbox 1648 1007 1780 1063; x_wconf 85' lang='lat' dir='ltr'><strong>&#39;Aut</strong></span> <span class='ocrx_word' id='word_1_79' title='bbox 1809 1001 2118 1080; x_wconf 89' lang='lat' dir='ltr'><strong>denique,</strong></span> <span class='ocrx_word' id='word_1_80' title='bbox 2154 1003 2212 1064; x_wconf 91' lang='lat' dir='ltr'><strong>si</strong></span> <span class='ocrx_word' id='word_1_81' title='bbox 2250 1001 2412 1083; x_wconf 91' lang='lat' dir='ltr'><strong>quid</strong></span> <span class='ocrx_word' id='word_1_82' title='bbox 2443 1001 2521 1062; x_wconf 92' lang='lat' dir='ltr'><strong>ad</strong></span> <span class='ocrx_word' id='word_1_83' title='bbox 2561 1001 2686 1064; x_wconf 90' lang='lat' dir='ltr'><strong>loci</strong></span> <span class='ocrx_word' id='word_1_84' title='bbox 2710 1001 2990 1081; x_wconf 86' lang='lat' dir='ltr'><strong>alicujus</strong></span> <span class='ocrx_word' id='word_1_85' title='bbox 3015 1002 3520 1080; x_wconf 79' lang='lat' dir='ltr'><strong>intelligentiam</strong></span> <span class='ocrx_word' id='word_1_86' title='bbox 3565 1021 3716 1082; x_wconf 83' lang='lat' dir='ltr'><strong>per-</strong></span> 
     </span>
    </p>
   </div>
   <div class='ocr_carea' id='block_1_8' title="bbox 456 1088 3718 1185">
    <p class='ocr_par' dir='ltr' id='par_1_8' title="bbox 456 1088 3718 1185">
     <span class='ocr_line' id='line_1_8' title="bbox 456 1088 3718 1185; baseline 0.001 -21"><span class='ocrx_word' id='word_1_87' title='bbox 456 1105 693 1185; x_wconf 85' lang='lat' dir='ltr'><strong>stringi</strong></span> <span class='ocrx_word' id='word_1_88' title='bbox 742 1108 982 1185; x_wconf 87' lang='lat' dir='ltr'><strong>potius,</strong></span> <span class='ocrx_word' id='word_1_89' title='bbox 1015 1122 1210 1184; x_wconf 89' lang='lat' dir='ltr'><strong>quam</strong></span> <span class='ocrx_word' id='word_1_90' title='bbox 1246 1103 1556 1184; x_wconf 79' lang='lat' dir='ltr'><strong>explicari</strong></span> <span class='ocrx_word' id='word_1_91' title='bbox 1583 1101 1816 1182; x_wconf 87' lang='lat' dir='ltr'><strong>potuit,</strong></span> <span class='ocrx_word' id='word_1_92' title='bbox 1850 1100 2134 1164; x_wconf 80' lang='lat' dir='ltr'><strong>breviter</strong></span> <span class='ocrx_word' id='word_1_93' title='bbox 2159 1103 2539 1183; x_wconf 79' lang='lat' dir='ltr'><strong>expediunt.</strong></span> <span class='ocrx_word' id='word_1_94' title='bbox 2570 1104 2731 1177; x_wconf 71' lang='lat' dir='ltr'><strong>Qum</strong></span> <span class='ocrx_word' id='word_1_95' title='bbox 2765 1102 2864 1164; x_wconf 89' lang='lat' dir='ltr'><strong>vel</strong></span> <span class='ocrx_word' id='word_1_96' title='bbox 2897 1088 3264 1166; x_wconf 78' lang='lat' dir='ltr'><strong>sanctorum</strong></span> <span class='ocrx_word' id='word_1_97' title='bbox 3284 1108 3540 1166; x_wconf 78' lang='lat' dir='ltr'><strong>Patrum</strong></span> <span class='ocrx_word' id='word_1_98' title='bbox 3561 1106 3718 1167; x_wconf 78' lang='lat' dir='ltr'><strong>illu-</strong></span> 
     </span>
    </p>
   </div>
   <div class='ocr_carea' id='block_1_9' title="bbox 456 1203 3719 1285">
    <p class='ocr_par' dir='ltr' id='par_1_9' title="bbox 456 1203 3719 1285">
     <span class='ocr_line' id='line_1_9' title="bbox 456 1203 3719 1285; baseline 0.001 -20"><span class='ocrx_word' id='word_1_99' title='bbox 456 1205 790 1279; x_wconf 87' lang='lat' dir='ltr'><strong>stratione,</strong></span> <span class='ocrx_word' id='word_1_100' title='bbox 831 1206 934 1267; x_wconf 85' lang='lat' dir='ltr'><strong>vel</strong></span> <span class='ocrx_word' id='word_1_101' title='bbox 964 1204 1258 1268; x_wconf 90' lang='lat' dir='ltr'><strong>uberiori</strong></span> <span class='ocrx_word' id='word_1_102' title='bbox 1289 1204 1673 1268; x_wconf 88' lang='lat' dir='ltr'><strong>tractatione</strong></span> <span class='ocrx_word' id='word_1_103' title='bbox 1732 1205 1932 1285; x_wconf 88' lang='lat' dir='ltr'><strong>digna</strong></span> <span class='ocrx_word' id='word_1_104' title='bbox 1984 1203 2395 1278; x_wconf 89' lang='lat' dir='ltr'><strong>videbantur,</strong></span> <span class='ocrx_word' id='word_1_105' title='bbox 2455 1220 2530 1265; x_wconf 91' lang='lat' dir='ltr'><strong>ea</strong></span> <span class='ocrx_word' id='word_1_106' title='bbox 2559 1203 2750 1265; x_wconf 87' lang='lat' dir='ltr'><strong>certis</strong></span> <span class='ocrx_word' id='word_1_107' title='bbox 2810 1203 3719 1284; x_wconf 86' lang='lat' dir='ltr'><strong>0bservationum.capitibus</strong></span> 
     </span>
    </p>
   </div>
   <div class='ocr_carea' id='block_1_10' title="bbox 455 1308 3715 1392">
    <p class='ocr_par' dir='ltr' id='par_1_10' title="bbox 455 1308 3715 1392">
     <span class='ocr_line' id='line_1_10' title="bbox 455 1308 3715 1392; baseline -0.001 -20"><span class='ocrx_word' id='word_1_108' title='bbox 455 1310 916 1390; x_wconf 88' lang='lat' dir='ltr'><strong>comprehensa</strong></span> <span class='ocrx_word' id='word_1_109' title='bbox 950 1310 1100 1373; x_wconf 90' lang='lat' dir='ltr'><strong>dare</strong></span> <span class='ocrx_word' id='word_1_110' title='bbox 1134 1316 1518 1384; x_wconf 82' lang='lat' dir='ltr'><strong>statueram;</strong></span> <span class='ocrx_word' id='word_1_111' title='bbox 1550 1311 1660 1372; x_wconf 93' lang='lat' dir='ltr'><strong>sed</strong></span> <span class='ocrx_word' id='word_1_112' title='bbox 1692 1310 1999 1392; x_wconf 90' lang='lat' dir='ltr'><strong>quoniam</strong></span> <span class='ocrx_word' id='word_1_113' title='bbox 2023 1308 2152 1373; x_wconf 91' lang='lat' dir='ltr'><strong>alio</strong></span> <span class='ocrx_word' id='word_1_114' title='bbox 2184 1325 2284 1370; x_wconf 94' lang='lat' dir='ltr'><strong>me</strong></span> <span class='ocrx_word' id='word_1_115' title='bbox 2315 1309 2575 1372; x_wconf 86' lang='lat' dir='ltr'><strong>interim</strong></span> <span class='ocrx_word' id='word_1_116' title='bbox 2606 1315 2922 1388; x_wconf 73' lang='lat' dir='ltr'><strong>susceptae</strong></span> <span class='ocrx_word' id='word_1_117' title='bbox 2952 1309 3100 1371; x_wconf 64' lang='lat' dir='ltr'><strong>vitai</strong></span> <span class='ocrx_word' id='word_1_118' title='bbox 3126 1309 3409 1371; x_wconf 89' lang='lat' dir='ltr'><strong>rationes</strong></span> <span class='ocrx_word' id='word_1_119' title='bbox 3467 1318 3715 1382; x_wconf 85' lang='lat' dir='ltr'><strong>vocant,</strong></span> 
     </span>
    </p>
   </div>
   <div class='ocr_carea' id='block_1_11' title="bbox 452 1412 3719 1495">
    <p class='ocr_par' dir='ltr' id='par_1_11' title="bbox 452 1412 3719 1495">
     <span class='ocr_line' id='line_1_11' title="bbox 452 1412 3719 1495; baseline 0.001 -19"><span class='ocrx_word' id='word_1_120' title='bbox 452 1413 883 1494; x_wconf 79' lang='lat' dir='ltr'><strong>affectumque</strong></span> <span class='ocrx_word' id='word_1_121' title='bbox 921 1431 1087 1494; x_wconf 86' lang='lat' dir='ltr'><strong>Opus</strong></span> <span class='ocrx_word' id='word_1_122' title='bbox 1115 1414 1354 1477; x_wconf 90' lang='lat' dir='ltr'><strong>ducere</strong></span> <span class='ocrx_word' id='word_1_123' title='bbox 1385 1414 1686 1476; x_wconf 89' lang='lat' dir='ltr'><strong>nonnihil</strong></span> <span class='ocrx_word' id='word_1_124' title='bbox 1717 1432 1788 1477; x_wconf 91' lang='lat' dir='ltr'><strong>ac</strong></span> <span class='ocrx_word' id='word_1_125' title='bbox 1811 1413 2096 1495; x_wconf 79' lang='lat' dir='ltr'><strong>proferre</strong></span> <span class='ocrx_word' id='word_1_126' title='bbox 2120 1413 2491 1493; x_wconf 90' lang='lat' dir='ltr'><strong>cogunt,uti</strong></span> <span class='ocrx_word' id='word_1_127' title='bbox 2516 1413 2652 1493; x_wconf 89' lang='lat' dir='ltr'><strong>jam</strong></span> <span class='ocrx_word' id='word_1_128' title='bbox 2670 1429 2800 1476; x_wconf 91' lang='lat' dir='ltr'><strong>non</strong></span> <span class='ocrx_word' id='word_1_129' title='bbox 2844 1412 3042 1474; x_wconf 86' lang='lat' dir='ltr'><strong>semel</strong></span> <span class='ocrx_word' id='word_1_130' title='bbox 3068 1413 3368 1493; x_wconf 79' lang='lat' dir='ltr'><strong>gravibus</strong></span> <span class='ocrx_word' id='word_1_131' title='bbox 3388 1415 3719 1494; x_wconf 87' lang='lat' dir='ltr'><strong>justisque</strong></span> 
     </span>
    </p>
   </div>
   <div class='ocr_carea' id='block_1_12' title="bbox 453 1513 3717 1597">
    <p class='ocr_par' dir='ltr' id='par_1_12' title="bbox 453 1513 3717 1597">
     <span class='ocr_line' id='line_1_12' title="bbox 453 1513 3717 1597; baseline 0.001 -22"><span class='ocrx_word' id='word_1_132' title='bbox 453 1513 532 1577; x_wconf 92' lang='lat' dir='ltr'><strong>de</strong></span> <span class='ocrx_word' id='word_1_133' title='bbox 563 1515 802 1589; x_wconf 90' lang='lat' dir='ltr'><strong>causis,</strong></span> <span class='ocrx_word' id='word_1_134' title='bbox 843 1524 905 1578; x_wconf 91' lang='lat' dir='ltr'><strong>et</strong></span> <span class='ocrx_word' id='word_1_135' title='bbox 933 1517 1510 1597; x_wconf 86' lang='lat' dir='ltr'><strong>interpretationis,</strong></span> <span class='ocrx_word' id='word_1_136' title='bbox 1542 1525 1602 1580; x_wconf 93' lang='lat' dir='ltr'><strong>et</strong></span> <span class='ocrx_word' id='word_1_137' title='bbox 1632 1518 1847 1596; x_wconf 87' lang='lat' dir='ltr'><strong>ipsius</strong></span> <span class='ocrx_word' id='word_1_138' title='bbox 1871 1517 2179 1580; x_wconf 90' lang='lat' dir='ltr'><strong>editionis</strong></span> <span class='ocrx_word' id='word_1_139' title='bbox 2219 1533 2480 1580; x_wconf 87' lang='lat' dir='ltr'><strong>cursum</strong></span> <span class='ocrx_word' id='word_1_140' title='bbox 2521 1516 2972 1591; x_wconf 84' lang='lat' dir='ltr'><strong>inhibuerunt,</strong></span> <span class='ocrx_word' id='word_1_141' title='bbox 2999 1516 3158 1579; x_wconf 89' lang='lat' dir='ltr'><strong>hanc</strong></span> <span class='ocrx_word' id='word_1_142' title='bbox 3203 1517 3358 1580; x_wconf 90' lang='lat' dir='ltr'><strong>mihi</strong></span> <span class='ocrx_word' id='word_1_143' title='bbox 3421 1518 3574 1580; x_wconf 88' lang='lat' dir='ltr'><strong>dare</strong></span> <span class='ocrx_word' id='word_1_144' title='bbox 3605 1534 3717 1579; x_wconf 90' lang='lat' dir='ltr'><strong>ve-</strong></span> 
     </span>
    </p>
   </div>
   <div class='ocr_carea' id='block_1_13' title="bbox 452 1615 3719 1700">
    <p class='ocr_par' dir='ltr' id='par_1_13' title="bbox 452 1615 3719 1700">
     <span class='ocr_line' id='line_1_13' title="bbox 452 1615 3719 1700; baseline 0.001 -25"><span class='ocrx_word' id='word_1_145' title='bbox 452 1617 623 1677; x_wconf 88' lang='lat' dir='ltr'><strong>niam</strong></span> <span class='ocrx_word' id='word_1_146' title='bbox 655 1615 1074 1680; x_wconf 84' lang='lat' dir='ltr'><strong>humanitatis</strong></span> <span class='ocrx_word' id='word_1_147' title='bbox 1103 1627 1199 1682; x_wconf 88' lang='lat' dir='ltr'><strong>est</strong></span> <span class='ocrx_word' id='word_1_148' title='bbox 1227 1627 1373 1693; x_wconf 63' lang='lat' dir='ltr'><strong>tua),</strong></span> <span class='ocrx_word' id='word_1_149' title='bbox 1398 1627 1468 1682; x_wconf 89' lang='lat' dir='ltr'><strong>ut</strong></span> <span class='ocrx_word' id='word_1_150' title='bbox 1497 1619 1997 1700; x_wconf 89' lang='lat' dir='ltr'><strong>bibli0polarum</strong></span> <span class='ocrx_word' id='word_1_151' title='bbox 2028 1626 2392 1682; x_wconf 89' lang='lat' dir='ltr'><strong>nostrorum</strong></span> <span class='ocrx_word' id='word_1_152' title='bbox 2416 1619 2599 1692; x_wconf 86' lang='lat' dir='ltr'><strong>ﬁdes,</strong></span> <span class='ocrx_word' id='word_1_153' title='bbox 2621 1617 3004 1697; x_wconf 78' lang='lat' dir='ltr'><strong>exterisjam</strong></span> <span class='ocrx_word' id='word_1_154' title='bbox 3036 1617 3394 1696; x_wconf 87' lang='lat' dir='ltr'><strong>provinciis</strong></span> <span class='ocrx_word' id='word_1_155' title='bbox 3416 1617 3719 1696; x_wconf 85' lang='lat' dir='ltr'><strong>obligata,</strong></span> 
     </span>
    </p>
   </div>
   <div class='ocr_carea' id='block_1_14' title="bbox 451 1707 3715 1800">
    <p class='ocr_par' dir='ltr' id='par_1_14' title="bbox 451 1707 3715 1800">
     <span class='ocr_line' id='line_1_14' title="bbox 451 1707 3715 1800; baseline 0.001 -23"><span class='ocrx_word' id='word_1_156' title='bbox 451 1713 594 1778; x_wconf 85' lang='lat' dir='ltr'><strong>sine</strong></span> <span class='ocrx_word' id='word_1_157' title='bbox 625 1714 745 1778; x_wconf 91' lang='lat' dir='ltr'><strong>hoc</strong></span> <span class='ocrx_word' id='word_1_158' title='bbox 763 1717 949 1796; x_wconf 86' lang='lat' dir='ltr'><strong>justi,</strong></span> <span class='ocrx_word' id='word_1_159' title='bbox 984 1707 1052 1780; x_wconf 81' lang='lat' dir='ltr'><strong>ni</strong></span> <span class='ocrx_word' id='word_1_160' title='bbox 1088 1717 1298 1796; x_wconf 85' lang='lat' dir='ltr'><strong>fallor,</strong></span> <span class='ocrx_word' id='word_1_161' title='bbox 1331 1721 1546 1800; x_wconf 81' lang='lat' dir='ltr'><strong>aperis</strong></span> <span class='ocrx_word' id='word_1_162' title='bbox 1578 1721 1888 1796; x_wconf 89' lang='lat' dir='ltr'><strong>auctario,</strong></span> <span class='ocrx_word' id='word_1_163' title='bbox 1915 1721 1993 1783; x_wconf 91' lang='lat' dir='ltr'><strong>ad</strong></span> <span class='ocrx_word' id='word_1_164' title='bbox 2018 1729 2271 1798; x_wconf 90' lang='lat' dir='ltr'><strong>tempus</strong></span> <span class='ocrx_word' id='word_1_165' title='bbox 2303 1719 2562 1780; x_wconf 89' lang='lat' dir='ltr'><strong>liberari</strong></span> <span class='ocrx_word' id='word_1_166' title='bbox 2595 1719 2825 1797; x_wconf 86' lang='lat' dir='ltr'><strong>possit.</strong></span> <span class='ocrx_word' id='word_1_167' title='bbox 2859 1721 2949 1780; x_wconf 84' lang='lat' dir='ltr'><strong>Ne</strong></span> <span class='ocrx_word' id='word_1_168' title='bbox 2974 1727 3185 1780; x_wconf 88' lang='lat' dir='ltr'><strong>tamen</strong></span> <span class='ocrx_word' id='word_1_169' title='bbox 3226 1718 3369 1796; x_wconf 90' lang='lat' dir='ltr'><strong>ipso</strong></span> <span class='ocrx_word' id='word_1_170' title='bbox 3399 1719 3612 1779; x_wconf 86' lang='lat' dir='ltr'><strong>statim</strong></span> <span class='ocrx_word' id='word_1_171' title='bbox 3646 1717 3715 1780; x_wconf 92' lang='lat' dir='ltr'><strong>in</strong></span> 
     </span>
    </p>
   </div>
   <div class='ocr_carea' id='block_1_15' title="bbox 454 1816 3716 1904">
    <p class='ocr_par' dir='ltr' id='par_1_15' title="bbox 454 1816 3716 1904">
     <span class='ocr_line' id='line_1_15' title="bbox 454 1816 3716 1904; baseline 0.002 -29"><span class='ocrx_word' id='word_1_172' title='bbox 454 1816 674 1881; x_wconf 86' lang='lat' dir='ltr'><strong>limine</strong></span> <span class='ocrx_word' id='word_1_173' title='bbox 712 1819 1005 1884; x_wconf 90' lang='lat' dir='ltr'><strong>dubitare</strong></span> <span class='ocrx_word' id='word_1_174' title='bbox 1036 1829 1098 1886; x_wconf 88' lang='lat' dir='ltr'><strong>te</strong></span> <span class='ocrx_word' id='word_1_175' title='bbox 1131 1824 1353 1902; x_wconf 89' lang='lat' dir='ltr'><strong>patiar,</strong></span> <span class='ocrx_word' id='word_1_176' title='bbox 1387 1825 1642 1888; x_wconf 90' lang='lat' dir='ltr'><strong>cuinam</strong></span> <span class='ocrx_word' id='word_1_177' title='bbox 1675 1827 2009 1889; x_wconf 90' lang='lat' dir='ltr'><strong>Theodoto</strong></span> <span class='ocrx_word' id='word_1_178' title='bbox 2051 1824 2590 1904; x_wconf 65' lang='lat' dir='ltr'><strong>Prmparationcm</strong></span> <span class='ocrx_word' id='word_1_179' title='bbox 2613 1823 2774 1886; x_wconf 89' lang='lat' dir='ltr'><strong>hanc</strong></span> <span class='ocrx_word' id='word_1_180' title='bbox 2808 1839 2991 1886; x_wconf 92' lang='lat' dir='ltr'><strong>suam</strong></span> <span class='ocrx_word' id='word_1_181' title='bbox 3019 1822 3344 1884; x_wconf 88' lang='lat' dir='ltr'><strong>Eusebius</strong></span> <span class='ocrx_word' id='word_1_182' title='bbox 3366 1822 3716 1900; x_wconf 79' lang='lat' dir='ltr'><strong>inscripse-</strong></span> 
     </span>
    </p>
   </div>
   <div class='ocr_carea' id='block_1_16' title="bbox 450 1913 3721 2004">
    <p class='ocr_par' dir='ltr' id='par_1_16' title="bbox 450 1913 3721 2004">
     <span class='ocr_line' id='line_1_16' title="bbox 450 1913 3721 2004; baseline 0.002 -26"><span class='ocrx_word' id='word_1_183' title='bbox 450 1913 556 1988; x_wconf 88' lang='lat' dir='ltr'><strong>rit,</strong></span> <span class='ocrx_word' id='word_1_184' title='bbox 593 1914 766 1979; x_wconf 90' lang='lat' dir='ltr'><strong>hunc</strong></span> <span class='ocrx_word' id='word_1_185' title='bbox 794 1935 916 1997; x_wconf 89' lang='lat' dir='ltr'><strong>ego</strong></span> <span class='ocrx_word' id='word_1_186' title='bbox 946 1937 1076 1983; x_wconf 90' lang='lat' dir='ltr'><strong>non</strong></span> <span class='ocrx_word' id='word_1_187' title='bbox 1107 1921 1305 1984; x_wconf 90' lang='lat' dir='ltr'><strong>alium</strong></span> <span class='ocrx_word' id='word_1_188' title='bbox 1332 1924 1625 1998; x_wconf 88' lang='lat' dir='ltr'><strong>arbitror,</strong></span> <span class='ocrx_word' id='word_1_189' title='bbox 1657 1942 1847 2004; x_wconf 92' lang='lat' dir='ltr'><strong>quam</strong></span> <span class='ocrx_word' id='word_1_190' title='bbox 1883 1925 2314 1986; x_wconf 87' lang='lat' dir='ltr'><strong>Laodicenum</strong></span> <span class='ocrx_word' id='word_1_191' title='bbox 2343 1924 2747 2004; x_wconf 89' lang='lat' dir='ltr'><strong>episc0pum,</strong></span> <span class='ocrx_word' id='word_1_192' title='bbox 2779 1924 2919 2004; x_wconf 87' lang='lat' dir='ltr'><strong>qui,</strong></span> <span class='ocrx_word' id='word_1_193' title='bbox 2947 1922 3251 1985; x_wconf 83' lang='lat' dir='ltr'><strong>Marcello</strong></span> <span class='ocrx_word' id='word_1_194' title='bbox 3275 1939 3528 1985; x_wconf 90' lang='lat' dir='ltr'><strong>summo</strong></span> <span class='ocrx_word' id='word_1_195' title='bbox 3561 1939 3721 2001; x_wconf 89' lang='lat' dir='ltr'><strong>pon-</strong></span> 
     </span>
    </p>
   </div>
   <div class='ocr_carea' id='block_1_17' title="bbox 453 2015 3719 2102">
    <p class='ocr_par' dir='ltr' id='par_1_17' title="bbox 453 2015 3719 2102">
     <span class='ocr_line' id='line_1_17' title="bbox 453 2015 3719 2102; baseline 0.004 -32"><span class='ocrx_word' id='word_1_196' title='bbox 453 2015 641 2091; x_wconf 84' lang='lat' dir='ltr'><strong>tiﬁce,</strong></span> <span class='ocrx_word' id='word_1_197' title='bbox 674 2016 798 2078; x_wconf 87' lang='lat' dir='ltr'><strong>sub</strong></span> <span class='ocrx_word' id='word_1_198' title='bbox 817 2033 1062 2081; x_wconf 89' lang='lat' dir='ltr'><strong>annum</strong></span> <span class='ocrx_word' id='word_1_199' title='bbox 1089 2021 1487 2084; x_wconf 89' lang='lat' dir='ltr'><strong>Constantini</strong></span> <span class='ocrx_word' id='word_1_200' title='bbox 1519 2024 1735 2100; x_wconf 83' lang='lat' dir='ltr'><strong>Magni</strong></span> <span class='ocrx_word' id='word_1_201' title='bbox 1763 2024 2048 2097; x_wconf 88' lang='lat' dir='ltr'><strong>tertium,</strong></span> <span class='ocrx_word' id='word_1_202' title='bbox 2075 2022 2396 2100; x_wconf 88' lang='lat' dir='ltr'><strong>Stephano</strong></span> <span class='ocrx_word' id='word_1_203' title='bbox 2425 2023 2494 2084; x_wconf 94' lang='lat' dir='ltr'><strong>in</strong></span> <span class='ocrx_word' id='word_1_204' title='bbox 2526 2025 2905 2102; x_wconf 86' lang='lat' dir='ltr'><strong>episcopatu</strong></span> <span class='ocrx_word' id='word_1_205' title='bbox 2936 2024 3275 2096; x_wconf 90' lang='lat' dir='ltr'><strong>successit,</strong></span> <span class='ocrx_word' id='word_1_206' title='bbox 3313 2023 3564 2084; x_wconf 64' lang='lat' dir='ltr'><strong>Arianae</strong></span> <span class='ocrx_word' id='word_1_207' title='bbox 3601 2024 3719 2084; x_wconf 90' lang='lat' dir='ltr'><strong>im-</strong></span> 
     </span>
    </p>
   </div>
   <div class='ocr_carea' id='block_1_18' title="bbox 447 2115 3722 2208">
    <p class='ocr_par' dir='ltr' id='par_1_18' title="bbox 447 2115 3722 2208">
     <span class='ocr_line' id='line_1_18' title="bbox 447 2115 3722 2208; baseline 0.004 -31"><span class='ocrx_word' id='word_1_208' title='bbox 447 2115 708 2206; x_wconf 82' lang='lat' dir='ltr'><strong>pietatis</strong></span> <span class='ocrx_word' id='word_1_209' title='bbox 730 2119 1048 2184; x_wconf 78' lang='lat' dir='ltr'><strong>fautorem</strong></span> <span class='ocrx_word' id='word_1_210' title='bbox 1077 2125 1483 2201; x_wconf 90' lang='lat' dir='ltr'><strong>acerrimum,</strong></span> <span class='ocrx_word' id='word_1_211' title='bbox 1501 2126 1716 2206; x_wconf 91' lang='lat' dir='ltr'><strong>quode</strong></span> <span class='ocrx_word' id='word_1_212' title='bbox 1745 2126 2058 2207; x_wconf 87' lang='lat' dir='ltr'><strong>legendus</strong></span> <span class='ocrx_word' id='word_1_213' title='bbox 2082 2129 2309 2189; x_wconf 85' lang='lat' dir='ltr'><strong>Noster</strong></span> <span class='ocrx_word' id='word_1_214' title='bbox 2336 2126 2844 2192; x_wconf 73' lang='lat' dir='ltr'><strong>Ecclcs.Histor.</strong></span> <span class='ocrx_word' id='word_1_215' title='bbox 2869 2147 2981 2203; x_wconf 80' lang='lat' dir='ltr'><strong>vn,</strong></span> <span class='ocrx_word' id='word_1_216' title='bbox 3005 2147 3140 2208; x_wconf 91' lang='lat' dir='ltr'><strong>cap.</strong></span> <span class='ocrx_word' id='word_1_217' title='bbox 3168 2128 3314 2203; x_wconf 88' lang='lat' dir='ltr'><strong>ult.,</strong></span> <span class='ocrx_word' id='word_1_218' title='bbox 3342 2135 3405 2191; x_wconf 94' lang='lat' dir='ltr'><strong>et</strong></span> <span class='ocrx_word' id='word_1_219' title='bbox 3424 2127 3722 2190; x_wconf 88' lang='lat' dir='ltr'><strong>Theodo-</strong></span> 
     </span>
    </p>
   </div>
   <div class='ocr_carea' id='block_1_19' title="bbox 453 2221 1627 2310">
    <p class='ocr_par' dir='ltr' id='par_1_19' title="bbox 453 2221 1627 2310">
     <span class='ocr_line' id='line_1_19' title="bbox 453 2221 1627 2310; baseline 0.011 -31"><span class='ocrx_word' id='word_1_220' title='bbox 453 2227 631 2282; x_wconf 90' lang='lat' dir='ltr'><strong>retus</strong></span> <span class='ocrx_word' id='word_1_221' title='bbox 648 2221 864 2308; x_wconf 79' lang='lat' dir='ltr'><strong>ejusd.</strong></span> <span class='ocrx_word' id='word_1_222' title='bbox 892 2227 1145 2290; x_wconf 76' lang='lat' dir='ltr'><strong>Hister.</strong></span> <span class='ocrx_word' id='word_1_223' title='bbox 1179 2228 1296 2291; x_wconf 88' lang='lat' dir='ltr'><strong>lib.</strong></span> <span class='ocrx_word' id='word_1_224' title='bbox 1331 2248 1376 2305; x_wconf 81' lang='grc' dir='ltr'><strong>ι,</strong></span> <span class='ocrx_word' id='word_1_225' title='bbox 1403 2247 1540 2310; x_wconf 84' lang='lat' dir='ltr'><strong>cap.</strong></span> <span class='ocrx_word' id='word_1_226' title='bbox 1568 2231 1627 2292; x_wconf 83' lang='lat'><strong>5.</strong></span> 
     </span>
    </p>
   </div>
   <div class='ocr_carea' id='block_1_20' title="bbox 537 2319 3714 2412">
    <p class='ocr_par' dir='ltr' id='par_1_20' title="bbox 537 2319 3714 2412">
     <span class='ocr_line' id='line_1_20' title="bbox 537 2319 3714 2412; baseline 0.003 -30"><span class='ocrx_word' id='word_1_227' title='bbox 537 2319 632 2383; x_wconf 85' lang='lat' dir='ltr'><strong>Ad</strong></span> <span class='ocrx_word' id='word_1_228' title='bbox 651 2329 1358 2409; x_wconf 81' lang='lat' dir='ltr'><strong>extremum,qu0niam</strong></span> <span class='ocrx_word' id='word_1_229' title='bbox 1393 2330 1691 2393; x_wconf 88' lang='lat' dir='ltr'><strong>homines</strong></span> <span class='ocrx_word' id='word_1_230' title='bbox 1722 2348 1976 2408; x_wconf 89' lang='lat' dir='ltr'><strong>sumus,</strong></span> <span class='ocrx_word' id='word_1_231' title='bbox 2016 2348 2138 2394; x_wconf 91' lang='lat' dir='ltr'><strong>nec</strong></span> <span class='ocrx_word' id='word_1_232' title='bbox 2155 2330 2422 2394; x_wconf 90' lang='lat' dir='ltr'><strong>humani</strong></span> <span class='ocrx_word' id='word_1_233' title='bbox 2458 2333 2820 2412; x_wconf 87' lang='lat' dir='ltr'><strong>quidquam</strong></span> <span class='ocrx_word' id='word_1_234' title='bbox 2869 2349 2908 2395; x_wconf 62' lang='grc' dir='ltr'>α</span> <span class='ocrx_word' id='word_1_235' title='bbox 2936 2332 3122 2394; x_wconf 94' lang='lat' dir='ltr'><strong>nobis</strong></span> <span class='ocrx_word' id='word_1_236' title='bbox 3156 2332 3444 2394; x_wconf 91' lang='lat' dir='ltr'><strong>alienum</strong></span> <span class='ocrx_word' id='word_1_237' title='bbox 3481 2331 3672 2395; x_wconf 80' lang='lat' dir='ltr'><strong>existi</strong></span> <span class='ocrx_word' id='word_1_238' title='bbox 3687 2364 3714 2376; x_wconf 95' lang='lat'><em>-</em></span> 
     </span>
    </p>
   </div>
   <div class='ocr_carea' id='block_1_21' title="bbox 454 2428 3718 2519">
    <p class='ocr_par' dir='ltr' id='par_1_21' title="bbox 454 2428 3718 2519">
     <span class='ocr_line' id='line_1_21' title="bbox 454 2428 3718 2519; baseline 0.004 -33"><span class='ocrx_word' id='word_1_239' title='bbox 454 2443 629 2490; x_wconf 85' lang='lat' dir='ltr'><strong>mare</strong></span> <span class='ocrx_word' id='word_1_240' title='bbox 660 2428 995 2509; x_wconf 82' lang='lat' dir='ltr'><strong>debemus,</strong></span> <span class='ocrx_word' id='word_1_241' title='bbox 1040 2434 1156 2514; x_wconf 92' lang='lat' dir='ltr'><strong>qui</strong></span> <span class='ocrx_word' id='word_1_242' title='bbox 1187 2435 1376 2498; x_wconf 89' lang='lat' dir='ltr'><strong>nobis</strong></span> <span class='ocrx_word' id='word_1_243' title='bbox 1407 2453 1656 2499; x_wconf 91' lang='lat' dir='ltr'><strong>errores</strong></span> <span class='ocrx_word' id='word_1_244' title='bbox 1686 2438 2068 2512; x_wconf 77' lang='lat' dir='ltr'><strong>exciderint,</strong></span> <span class='ocrx_word' id='word_1_245' title='bbox 2100 2454 2213 2499; x_wconf 92' lang='lat' dir='ltr'><strong>eos</strong></span> <span class='ocrx_word' id='word_1_246' title='bbox 2247 2437 2359 2499; x_wconf 90' lang='lat' dir='ltr'><strong>abs</strong></span> <span class='ocrx_word' id='word_1_247' title='bbox 2393 2445 2453 2499; x_wconf 93' lang='lat' dir='ltr'><strong>te</strong></span> <span class='ocrx_word' id='word_1_248' title='bbox 2479 2455 2605 2501; x_wconf 92' lang='lat' dir='ltr'><strong>non</strong></span> <span class='ocrx_word' id='word_1_249' title='bbox 2645 2437 2773 2500; x_wconf 85' lang='lat' dir='ltr'><strong>alia</strong></span> <span class='ocrx_word' id='word_1_250' title='bbox 2819 2455 3010 2519; x_wconf 91' lang='lat' dir='ltr'><strong>quam</strong></span> <span class='ocrx_word' id='word_1_251' title='bbox 3055 2439 3336 2500; x_wconf 90' lang='lat' dir='ltr'><strong>hominis</strong></span> <span class='ocrx_word' id='word_1_252' title='bbox 3385 2445 3445 2500; x_wconf 92' lang='lat' dir='ltr'><strong>et</strong></span> <span class='ocrx_word' id='word_1_253' title='bbox 3504 2437 3718 2500; x_wconf 89' lang='lat' dir='ltr'><strong>Chris-</strong></span> 
     </span>
    </p>
   </div>
   <div class='ocr_carea' id='block_1_22' title="bbox 454 2525 3717 2616">
    <p class='ocr_par' dir='ltr' id='par_1_22' title="bbox 454 2525 3717 2616">
     <span class='ocr_line' id='line_1_22' title="bbox 454 2525 3717 2616; baseline 0.003 -31"><span class='ocrx_word' id='word_1_254' title='bbox 454 2526 612 2587; x_wconf 85' lang='lat' dir='ltr'><strong>tiani</strong></span> <span class='ocrx_word' id='word_1_255' title='bbox 641 2525 924 2592; x_wconf 91' lang='lat' dir='ltr'><strong>hominis</strong></span> <span class='ocrx_word' id='word_1_256' title='bbox 942 2549 1218 2595; x_wconf 90' lang='lat' dir='ltr'><strong>censura</strong></span> <span class='ocrx_word' id='word_1_257' title='bbox 1247 2535 1543 2615; x_wconf 86' lang='lat' dir='ltr'><strong>castigari</strong></span> <span class='ocrx_word' id='word_1_258' title='bbox 1578 2535 1794 2611; x_wconf 85' lang='lat' dir='ltr'><strong>velim,</strong></span> <span class='ocrx_word' id='word_1_259' title='bbox 1827 2554 1946 2598; x_wconf 91' lang='lat' dir='ltr'><strong>nec</strong></span> <span class='ocrx_word' id='word_1_260' title='bbox 1975 2544 2121 2597; x_wconf 90' lang='lat' dir='ltr'><strong>ante</strong></span> <span class='ocrx_word' id='word_1_261' title='bbox 2143 2537 2372 2600; x_wconf 90' lang='lat' dir='ltr'><strong>saltem</strong></span> <span class='ocrx_word' id='word_1_262' title='bbox 2391 2536 2650 2614; x_wconf 88' lang='lat' dir='ltr'><strong>gravius</strong></span> <span class='ocrx_word' id='word_1_263' title='bbox 2675 2535 3040 2614; x_wconf 91' lang='lat' dir='ltr'><strong>duriusque</strong></span> <span class='ocrx_word' id='word_1_264' title='bbox 3072 2536 3329 2614; x_wconf 85' lang='lat' dir='ltr'><strong>conligi,</strong></span> <span class='ocrx_word' id='word_1_265' title='bbox 3378 2551 3569 2616; x_wconf 88' lang='lat' dir='ltr'><strong>quam</strong></span> <span class='ocrx_word' id='word_1_266' title='bbox 3606 2545 3717 2598; x_wconf 77' lang='lat' dir='ltr'><strong>aut</strong></span> 
     </span>
    </p>
   </div>
   <div class='ocr_carea' id='block_1_23' title="bbox 453 2629 3287 2718">
    <p class='ocr_par' dir='ltr' id='par_1_23' title="bbox 453 2629 3287 2718">
     <span class='ocr_line' id='line_1_23' title="bbox 453 2629 3287 2718; baseline 0.003 -28"><span class='ocrx_word' id='word_1_267' title='bbox 453 2634 812 2692; x_wconf 88' lang='lat' dir='ltr'><strong>erratorum</strong></span> <span class='ocrx_word' id='word_1_268' title='bbox 841 2629 906 2693; x_wconf 91' lang='lat' dir='ltr'><strong>in</strong></span> <span class='ocrx_word' id='word_1_269' title='bbox 937 2630 1206 2698; x_wconf 90' lang='lat' dir='ltr'><strong>classem</strong></span> <span class='ocrx_word' id='word_1_270' title='bbox 1240 2636 1533 2716; x_wconf 85' lang='lat' dir='ltr'><strong>rejectos,</strong></span> <span class='ocrx_word' id='word_1_271' title='bbox 1569 2645 1680 2699; x_wconf 89' lang='lat' dir='ltr'><strong>aut</strong></span> <span class='ocrx_word' id='word_1_272' title='bbox 1710 2637 1778 2700; x_wconf 92' lang='lat' dir='ltr'><strong>in</strong></span> <span class='ocrx_word' id='word_1_273' title='bbox 1811 2637 1982 2699; x_wconf 90' lang='lat' dir='ltr'><strong>notis</strong></span> <span class='ocrx_word' id='word_1_274' title='bbox 2013 2637 2175 2716; x_wconf 90' lang='lat' dir='ltr'><strong>ipsis</strong></span> <span class='ocrx_word' id='word_1_275' title='bbox 2201 2637 2521 2700; x_wconf 87' lang='lat' dir='ltr'><strong>indicatos</strong></span> <span class='ocrx_word' id='word_1_276' title='bbox 2552 2653 2681 2700; x_wconf 92' lang='lat' dir='ltr'><strong>non</strong></span> <span class='ocrx_word' id='word_1_277' title='bbox 2702 2654 2848 2701; x_wconf 91' lang='lat' dir='ltr'><strong>esse</strong></span> <span class='ocrx_word' id='word_1_278' title='bbox 2880 2637 3287 2718; x_wconf 86' lang='lat' dir='ltr'><strong>cognoveris.</strong></span> 
     </span>
    </p>
   </div>
   <div class='ocr_carea' id='block_1_24' title="bbox 524 2839 1904 2916">
    <p class='ocr_par' dir='ltr' id='par_1_24' title="bbox 524 2839 1904 2916">
     <span class='ocr_line' id='line_1_24' title="bbox 524 2839 1904 2916; baseline 0.007 -22"><span class='ocrx_word' id='word_1_279' title='bbox 524 2841 603 2911; x_wconf 83' lang='lat' dir='ltr'><strong>(l)</strong></span> <span class='ocrx_word' id='word_1_280' title='bbox 634 2839 745 2898; x_wconf 83' lang='lat' dir='ltr'><strong>Nos</strong></span> <span class='ocrx_word' id='word_1_281' title='bbox 783 2844 840 2900; x_wconf 83' lang='lat' dir='ltr'><strong>in</strong></span> <span class='ocrx_word' id='word_1_282' title='bbox 861 2846 1097 2916; x_wconf 78' lang='lat' dir='ltr'><strong>capitula</strong></span> <span class='ocrx_word' id='word_1_283' title='bbox 1127 2847 1500 2905; x_wconf 78' lang='lat' dir='ltr'><strong>distinximus.</strong></span> <span class='ocrx_word' id='word_1_284' title='bbox 1538 2849 1698 2906; x_wconf 79' lang='lat' dir='ltr'><strong>EDIT.</strong></span> <span class='ocrx_word' id='word_1_285' title='bbox 1733 2851 1904 2906; x_wconf 74' lang='lat' dir='ltr'><strong>Pun.</strong></span> 
     </span>
    </p>
   </div>
  </div>
