4154 6472
470 403 542 457 23
1128 392 1399 450 EUSEBll
1437 391 1914 449 CAESARIENSIS
1947 394 2023 448 0F

2138 394 2322 451 PARS
2355 395 2418 449 11.
2447 426 2518 436 -
2551 393 3051 452 ΑΡοιοσετιεΑ.
3642 398 3714 452 ΞΑ

1052 510 1094 578 ι
1130 505 1360 564 CAPUT
1393 507 1434 562 Ι.

533 599 678 668 Ωιιίά
721 601 856 654 illud
887 603 988 669 sit,
1028 601 1168 672 quod
1207 602 1516 672 evangelij
1556 602 1793 657 materia:
1823 604 1964 656 ratio

1102 672 1398 724 nollicetur.

1102 688 1398 740 powcemr.

526 761 800 830 Cogitanti
849 761 980 815 mihi
1009 761 1333 817 Christianae
1381 763 1661 834 religionis
1699 764 2031 828 institutum,

456 854 565 908 hoc
603 867 797 923 opere,
849 853 996 921 quod
1034 853 1276 907 veritatis
1328 854 1654 923 evangelicae
1693 857 2036 909 demonstra-

455 942 659 996 tionem
737 943 1042 1012 pollicetur,
1113 943 1256 1000 illius
1308 945 1527 1015 ignaros
1575 945 1841 1010 educere;
1891 943 2039 1000 idem

423 1032 580 1100 -tibi,
614 1033 705 1104 qui
748 1049 963 1089 sacrum
1015 1035 1396 1105 episcoporum
1430 1035 1600 1090 decus
1643 1045 1698 1091 et
1743 1049 2036 1090 ornamen-

454 1137 572 1180 tum
605 1141 686 1190 es,
721 1124 1000 1180 Theodote
1039 1127 1389 1182 sanctissime
1416 1125 1638 1196 Deoque
1684 1126 2031 1189 charissima,

455 1217 730 1288 adjunctis
778 1218 939 1272 etiam
1006 1219 1261 1289 precibus
1313 1231 1637 1272 consecrare
1694 1217 1874 1271 visum
1927 1225 2030 1270 est.

454 1308 574 1376 Qua
603 1310 819 1380 quidem
862 1309 917 1363 in
957 1325 1017 1364 re
1042 1311 1146 1365 hoc
1178 1317 1400 1363 secutus
1435 1322 1583 1375 sum,
1613 1315 1675 1361 ut
1705 1307 1828 1381 Opis
1854 1307 1952 1361 abs
1983 1314 2035 1361 te

453 1401 657 1471 aliquid
699 1401 1070 1471 impetrarem,
1128 1401 1330 1470 quippe
1357 1399 1452 1470 qui
1478 1398 1762 1454 sacrificiis
1805 1398 1913 1452 tuis
1951 1397 2035 1452 di-

450 1492 579 1548 vino
611 1508 800 1547 amore
830 1492 1112 1548 succensis
1138 1492 1244 1546 hoc
1269 1491 1368 1547 abs
1408 1507 1496 1547 me
1530 1499 1842 1561 susceptum
1870 1507 2034 1545 evan-

453 1582 642 1654 gelicae
682 1581 945 1636 doctrinae
1001 1589 1382 1650 argumentum
1427 1593 1773 1650 summopere
1811 1593 2034 1649 promo-

450 1675 623 1732 vebis.
653 1674 758 1730 Sed
779 1673 947 1740 enim,
973 1673 1104 1744 quid
1129 1673 1181 1744 2
1207 1673 1338 1729 illud
1370 1673 1473 1729 sibi
1507 1673 1656 1737 velit,
1687 1673 1832 1744 quod
1856 1671 2033 1726 Evan-

450 1767 650 1837 gelium
691 1765 1050 1836 appellamus,
1082 1765 1364 1837 diligenter
1413 1764 1684 1835 imprimis
1740 1764 2031 1820 enucleare

2679 511 3073 566 ΚΕΦΔΛΑΙΟΝ
3111 515 3188 565 A'.

2212 602 2305 666 τίς
2336 603 2373 670 ἡ
2399 602 2510 670 τῆς
2537 601 2931 672 είπητλικῆς
2951 604 3294 668 ὑποθέσεως
3314 603 3657 673 exon-uta.

2212 760 2315 812 Τὸν
2350 759 2814 830 Χριστιανισμὸν,
2865 761 2894 813 ὅ
2940 757 2994 811 τί
3041 759 3170 811 ποτέ
3208 760 3386 822 ἐστιν,
3418 761 3717 830 ἡγούμενος

2136 855 2249 915 τοῖς
2285 853 2383 906 οὐκ
2423 852 2587 905 είδόσι
2625 849 3080 929 παραστήσασθαι
3108 850 3195 902 διὰ
3222 851 3322 919 τῆς
3349 852 3715 923 προκειμένης

2137 942 2518 1012 πραγματείας
2567 941 2664 1012 τήν
2712 941 3068 1012 εὐαγγελικὴν
3124 943 3396 1006 ἀπόδειξιν
3442 941 3714 1012 περιέξειν

2139 1033 2650 1105 ἑπαγγελλομένης,
2687 1035 2844 1105 τήνδε
2906 1051 3023 1099 σοι,
3074 1034 3216 1087 θεῖον
3267 1036 3578 1088 ἐπισκόπων
3610 1036 3713 1108 (1⁸)

2141 1126 2348 1196 χρῆμα,
2385 1125 2762 1195 Θεόδοτε,φίλη
2787 1125 2922 1178 Θεοῦ
2957 1127 3049 1179 καὶ
3080 1127 3200 1197 ἱερὰ
3230 1127 3459 1198 κεφαλὴ,
3492 1130 3586 1181 σὺν
3619 1129 3713 1182 εὐ·

2138 1219 2260 1287 χαῖς
2289 1215 2650 1288 ὲπεφὼνησω
2690 1217 2745 1270 et
2769 1235 2884 1281 πως
2913 1217 3022 1287 ἄρα
3053 1219 3150 1288 τῆς
3183 1219 3334 1290 παρὰ
3369 1220 3461 1272 σού
3494 1220 3716 1292 τύχοιμι

2137 1307 2420 1379 βοηθείας,
2455 1311 2573 1372 ταῖς
2622 1307 2887 1376 φιλοθέοις
2926 1309 3067 1380 ὑπὲρ
3098 1310 3255 1380 ήμῶν
3288 1312 3617 1382 ἱερουργίαις
3645 1311 3716 1366 τὰ

2137 1399 2351 1469 μεγάλα
2387 1418 2475 1470 μοι
2507 1401 2970 1473 συμπράττοντος,
3010 1404 3089 1465 εἰς
3121 1404 3219 1472 τὴν
3262 1403 3714 1475 προϐεϐλημένην

2132 1490 2232 1561 τῆς
2263 1491 2621 1562 εὐαγγελικῆς
2651 1492 2999 1556 διδασκαλίας
3028 1494 3303 1547 ὑπόθεσιν.
3337 1495 3495 1548 Ἀλλὰ
3521 1498 3628 1568 γὰρ
3661 1496 3714 1550 τί

2136 1580 2382 1651 βούλεται
2415 1583 2572 1636 τοῦτο
2604 1583 2819 1653 δηλοῦν,
2844 1585 2872 1637 ὂ
2910 1602 3089 1654 φαμεν
3117 1585 3471 1652 Εὐαγγέλιον,
3499 1587 3717 1660 πρῶτον

2133 1674 2389 1728 ἁπάντων
2415 1675 2747 1747 διαρθρῶσαι
2777 1676 2959 1730 καλόν.
2991 1677 3160 1729 Τούτο
3195 1677 3260 1748 δὴ
3304 1680 3470 1731 πᾶσιν
3502 1678 3713 1750 ἀνθρὼ-

2133 1782 2257 1830 ποις
2299 1766 2400 1837 τὴν
2452 1769 2755 1838 παρουσίαν
2804 1768 2911 1820 τῶν
2956 1768 3246 1821 ἀνωτάτων
3291 1769 3384 1822 καὶ
3441 1770 3715 1840 μεγίστων

436 1858 619 1926 juvat.
653 1854 748 1911 Est
778 1855 944 1926 igitur
975 1854 1348 1926 Evangelium,
1381 1854 1529 1926 quod
1573 1852 1808 1911 faustam
1869 1853 2023 1909 caele-

2133 1855 2385 1924 ὰγαθῶν,
2418 1857 2583 1911 πάλαι
2615 1858 2717 1928 μὲν
2746 1859 3257 1929 προηγορευμένων,
3290 1862 3483 1912 νεωστὶ
3511 1859 3565 1913 δὲ
3599 1862 3714 1923 τοῖς

449 1948 617 2002 stium
675 1948 1156 2017 maximorumque
1206 1947 1477 2004 bonorum
1532 1945 1877 2017 praesentiam
1922 1945 2029 1999 hu-

450 2040 596 2093 mani
659 2038 874 2109 generis
935 2039 1274 2094 universitati
1343 2039 1670 2104 annuntiat;
1727 2052 1848 2108 qua
1902 2052 2028 2091 cum

450 2127 704 2196 praedicta
750 2127 863 2196 jam
912 2126 1042 2182 olim
1089 2126 1361 2194 fuissent,
1403 2137 1520 2183 tum
1560 2141 1687 2184 vero
1733 2127 2031 2182 novissime

447 2217 702 2273 omnibus
728 2218 1038 2274 illuxerunt.
1069 2217 1203 2274 illud
1230 2234 1395 2290 porro
1415 2235 1518 2275 nec
1547 2234 1814 2276 caecarum
1839 2233 2030 2288 opum,

447 2324 550 2364 nec
590 2309 712 2365 vitae
755 2310 920 2378 hujus
958 2311 1294 2366 brevissima:
1343 2326 1406 2367 ac
1444 2311 1769 2368 miserrima:
1815 2312 2026 2382 copiam

446 2399 599 2464 facit,
631 2415 733 2456 nec
767 2401 935 2457 ullius
971 2402 1196 2457 omnino
1232 2402 1308 2456 rei
1350 2418 1474 2473 qua;
1512 2418 1638 2458 cum
1685 2417 1913 2472 corpore
1959 2403 2030 2459 sit

443 2499 501 2547 et
525 2493 876 2562 corruptione
909 2492 1236 2562 conjuncta;
1272 2494 1364 2548 sed
1397 2509 1586 2548 earum
1618 2493 1885 2549 duntaxat
1908 2510 2029 2565 quat

443 2598 572 2638 cum
604 2583 804 2638 animis
850 2583 1185 2653 intelligente
1225 2593 1418 2639 natura
1446 2585 1687 2655 praeditis
1723 2589 2027 2642 necessitu-

445 2675 628 2730 dinem
677 2690 740 2730 ac
787 2676 1105 2731 societatem
1158 2677 1362 2745 iniere;
1413 2692 1453 2732 α
1497 2677 1704 2747 quibus
1755 2693 1857 2747 ea,
1904 2695 2029 2750 quae.

445 2769 694 2839 corporis
740 2767 960 2839 prepria
1011 2779 1162 2835 sunt,
1206 2770 1276 2824 ita
1326 2770 1582 2840 pendent,
1621 2781 1688 2829 ut.
1718 2786 1813 2830 eas
1855 2773 2022 2827 etiam

448 2863 620 2915 instar
663 2861 872 2916 umbrae
911 2872 1337 2932 consequantur.
1379 2862 1558 2934 Caput
1596 2873 1778 2919 autem
1828 2864 2022 2920 horum

444 2951 687 3006 omnium
735 2952 911 3021 pietas
951 2961 1074 3017 est,
1126 2969 1235 3008 non
1284 2953 1396 3024 jam
1461 2956 1606 3023 ista,
1650 2973 1774 3027 quae
1822 2972 2022 3014 nomen

444 3041 704 3097 ementita
747 3058 905 3098 suum
947 3044 1176 3100 inﬁnitis
1222 3046 1501 3102 erroribus
1550 3049 1882 3118 implicatur,
1927 3051 2020 3104 sed

442 3132 732 3202 ejusmodi,
769 3151 889 3204 qua:
916 3137 1056 3194 hanc
1087 3137 1191 3190 sibi
1225 3139 1643 3206 appellationem
1687 3139 2021 3212 suifragante

442 3226 674 3281 veritate
719 3203 979 3284 defendit.
1033 3225 1161 3282 Haec
1212 3203 1312 3284 illa
1341 3240 1426 3286 est
1477 3247 1596 3302 qua:
1649 3247 1776 3296 cum
1820 3203 2088 3292 sensusc

441 3328 660 3374 nostros
704 3319 770 3373 ad
803 3335 951 3385 eum,
998 3335 1162 3390 quem
1210 3337 1378 3376 unum
1427 3337 1491 3377 ac
1548 3325 1750 3389 solum,
1785 3326 1864 3378 uti
1893 3341 2020 3382 vere

441 3419 562 3476 est,
611 3411 796 3466 omnia
839 3411 1008 3467 Deum
1061 3413 1410 3479 confitentur,
1473 3417 1664 3487 erigit;
1739 3426 1854 3472 tum
1896 3420 2021 3474 vitae

444 3511 649 3558 nostris
688 3503 932 3560 rationes
979 3521 1045 3560 ex
1093 3504 1268 3574 ipsius
1317 3522 1538 3576 quoque
1580 3508 1860 3564 voluntate
1901 3524 2020 3565 mo-

440 3593 682 3649 deratur.
738 3593 817 3649 Ex
859 3595 962 3651 hoc
1004 3606 1184 3652 autem
1230 3598 1356 3652 vita:
1397 3615 1592 3669 genere
1637 3601 1880 3655 nascitur
1919 3601 2020 3656 ho-

440 3686 606 3741 minis
643 3701 767 3740 cum
794 3685 905 3742 Deo
937 3688 1199 3754 amicitia,
1246 3690 1335 3746 cui
1377 3699 1460 3744 ter
1499 3691 1590 3752 ille
1624 3689 1772 3755 felix,
1803 3701 1857 3748 et
1902 3692 2018 3746 sin-

440 3777 620 3847 gulari.
638 3778 731 3833 Dei
764 3779 1135 3836 benevolentia
1172 3782 1505 3839 constitutus
1540 3785 1664 3838 finis
1701 3785 2014 3851 comitatur,

439 3870 536 3940 qui
578 3885 701 3925 cum
750 3873 966 3928 coalitus
1018 3889 1086 3928 ex
1130 3890 1312 3932 rerum
1357 3874 1751 3929 immortalium
1806 3890 2014 3930 conne-

437 3959 600 4016 xione
632 3971 792 4032 aptus
831 3973 948 4030 est,
995 3976 1108 4019 tum
1149 3967 1216 4020 ad
1260 3982 1451 4021 earum
1495 3969 1802 4037 exemplum
1838 3983 1904 4022 ac
1942 3967 2018 4022 si-

439 4052 803 4110 militudinem
829 4058 1055 4128 regitur,
1089 4067 1250 4128 atque
1282 4060 1335 4113 in
1365 4059 1433 4114 iis
1464 4068 1766 4128 prostremo
1794 4060 2014 4131 acquie-

437 4145 562 4200 scit.
595 4145 735 4211 Quid
778 4163 909 4201 vero
949 4147 1090 4203 felici
1130 4150 1233 4205 hac
1272 4158 1329 4204 et
1362 4150 1567 4206 divitiis
1615 4152 1872 4212 omnibus
1905 4152 2015 4208 cir-

434 4238 765 4296 cnmﬂuente
814 4241 928 4315 Dei_
962 4243 1202 4298 amicitia
1261 4243 1473 4299 beatius
1531 4244 1760 4316 cogitari
1807 4245 2012 4315 possit?

433 4327 552 4385 Non
589 4331 676 4386 ille
702 4332 845 4398 vitae,
877 4334 1038 4400 lucis,
1066 4336 1330 4401 veritatis,
1359 4335 1737 4407 bonorumque
1764 4339 2009 4392 omnium

433 4431 675 4495 quaestor
699 4426 864 4480 veluti
895 4442 959 4482 ac
983 4427 1327 4498 dispensator
1356 4430 1478 4484 est?
1508 4427 1625 4484 Non
1655 4431 2009 4501 quamobrem

435 4518 620 4571 omnia
648 4517 757 4573 sint
789 4528 953 4589 atque
983 4520 1202 4585 vivant,
1262 4536 1487 4577 causam
1524 4522 1578 4576 in
1613 4538 1671 4578 se
1712 4522 1829 4592 ipse
1859 4538 2009 4577 com-
2039 4541 2085 4597 ι)

434 4607 730 4678 plectitur?
777 4607 882 4674 Qui
933 4623 1063 4680 ergo
1110 4610 1280 4664 semel
1323 4609 1521 4665 divina:
1559 4611 1723 4681 hujus
1754 4612 2011 4668 amicitiae

433 4715 661 4758 munere
689 4709 917 4755 ornatus
946 4700 1036 4765 sit,
1067 4701 1196 4771 quid
1226 4701 1440 4756 tandem
1471 4702 1518 4756 is
1549 4703 1688 4757 ultra
1714 4702 2012 4759 desideret?

433 4788 611 4857 Quid,
653 4789 876 4860 inquam
905 4830 921 4856 ,
961 4789 1009 4844 ei
1053 4791 1228 4859 desit,
1262 4792 1354 4861 qui
1408 4791 1678 4846 bonorum
1730 4803 2008 4848 auctorem

432 4881 675 4934 «mnium
730 4880 840 4935 sibi
883 4878 1192 4934 devinctum
1238 4880 1529 4935 habuerit?
1563 4879 1734 4951 Cujus
1775 4883 2019 4953 denique

433 4970 510 5025 rei
562 4971 769 5025 laboret
815 4970 1019 5041 inopia,
1053 4972 1147 5045 qui
1191 4986 1448 5042 magnum
1499 4973 1652 5028 illum
1689 4972 2006 5041 Praesidem,

429 5076 495 5118 ac
524 5072 906 5132 praepotentem
941 5061 1107 5132 hujus
1152 5063 1560 5120 universitatem
1605 5065 2004 5121 moderatorem

429 5155 485 5210 in
510 5154 682 5224 patris
713 5169 778 5209 ac
808 5155 1004 5210 tutoris
1053 5154 1234 5209 locum
1268 5154 1606 5210 obtinuerit?
1653 5155 1796 5211 Nihil
1824 5157 2007 5226 profe-

505 5265 798 5336 (1⁸)Θεῖον
827 5266 1108 5319 ἐπισκόπ.
1151 5263 1222 5319 Ut
1244 5275 1329 5322 est
1349 5265 1402 5320 in
1429 5269 1598 5330 altero
1620 5285 1722 5329 ms.
1744 5269 2008 5330 Biblioth.

435 5334 635 5410 Bcgfize.
674 5337 730 5391 ld
767 5344 948 5410 autem
980 5337 1145 5410 malui
1179 5353 1343 5404 quam
1377 5337 1644 5410 Gaiwv,pt
1673 5341 1827 5393 habet
1856 5341 2005 5410 prior

429 5408 619 5479 editio,
643 5406 790 5476 quod
819 5406 1269 5479 Ἑλληνικώτερον
1289 5409 1544 5477 putarim.
1574 5408 1761 5464 Dicere
1793 5406 2004 5479 potuis-

429 5487 510 5532 set
547 5477 689 5531 θεῖον
710 5476 1008 5529 ἐπισκόπου
1031 5476 1241 5548 χρῆμα,
1266 5476 1441 5547 potuit
1469 5489 1524 5533 et
1551 5476 1886 5535 ἐπισκόπων.
1912 5480 2004 5537 Sic

429 5548 782 5618 AristOphan.
815 5549 1034 5618 Νεφελί.
1071 5558 1178 5618 act.
1212 5564 1262 5601 ιε

427 5613 496 5672 Ὦ
522 5613 635 5673 Ζεῦ
649 5613 939 5682 βασιλεῦ,
968 5617 1032 5670 τὸ
1055 5617 1257 5687 χρῆμα
1279 5617 1396 5673 τῶν
1415 5617 1669 5728 νυκτῶνῖ
1692 5621 1843 5675 ὅσον
1867 5621 2004 5728 (ξπέ-

1669 5707 1859 5759 ρατον
1879 5707 1888 5742 ι

621 5758 751 5830 quid
781 5759 916 5811 istuc
946 5758 1108 5812 noctis
1147 5770 1241 5821 est,
1275 5777 1529 5831 quamque
1557 5691 1862 5829 animm;

433 5829 575 5888 Idem
603 5829 858 5899 Βατραχ.
895 5836 999 5884 act.
1035 5845 1105 5884 τε

2133 1947 2298 1998 πᾶσιν
2339 1947 2764 2018 ὲπιλαμψάντων
2807 1947 3249 2016 εὐαγγελίζεται·
3281 1951 3340 2002 οὐ
3376 1950 3466 2002 τὸν
3498 1950 3558 2002 οὐ
3593 1947 3713 2019 βλέ-

2133 2053 2301 2091 ποντα
2353 2038 2619 2102 πλοῦτον,
2679 2039 2797 2092 οὐδὲ
2845 2040 2943 2110 τὴν
2990 2039 3230 2110 σμικρὰν
3276 2040 3371 2092 καὶ
3426 2040 3711 2112 πολυπαθῆ

2135 2128 2340 2199 ταύτην
2370 2128 2515 2199 ζωὴν
2568 2129 2884 2201 προξενοῦν,
2916 2130 3024 2184 οὐδ’
3054 2131 3153 2183 ὅσα
3181 2130 3431 2200 σώματος
3455 2131 3546 2183 καὶ
3578 2131 3711 2198 φθο-

2138 2221 2236 2291 ρᾶς
2264 2223 2468 2273 οἰκεῖα·
2500 2219 2567 2274 τὰ
2604 2221 2661 2274 δὲ
2692 2221 2888 2291 ψυχαῖς
2913 2222 3104 2292 νοερὰν
3131 2223 3316 2274 οὐσίαν
3347 2222 3711 2293 κεκτημέναις

2131 2311 2259 2381 φίλα
2282 2329 2342 2366 τε
2373 2313 2465 2366 καὶ
2498 2314 2841 2386 προσήγορα,
2876 2307 2952 2367 ὧν
2980 2316 3073 2368 καὶ
3100 2315 3168 2367 τὰ
3201 2315 3428 2383 σώματα
3455 2315 3708 2384 ἐξῆπται,

2131 2405 2294 2463 σκιᾶς
2316 2405 2632 2474 ἰφεπόμενα
2667 2405 2843 2477 δίκην.
2886 2405 2987 2474 Eia,
3019 2405 3064 2458 δ’
3109 2405 3174 2458 ἂν
3215 2405 3422 2458 τούτων
3454 2407 3512 2458 τὸ
3542 2405 3710 2472 κεζά-

2128 2494 2278 2549 λαιον
2297 2535 2314 2560 ,
2339 2495 2590 2548 εὐσέϐεια
2611 2534 2626 2558 ,
2656 2495 2752 2567 οὐχ
2780 2497 2812 2566 ή
2837 2495 3185 2566 ψευδώνυμος
3215 2498 3306 2549 καὶ
3343 2497 3708 2567 πολυπλανὴς,

2127 2586 2242 2639 ἀλλ’
2276 2587 2309 2658 ἡ
2338 2589 2434 2640 σὺν
2477 2588 2704 2659 ἀληθείᾳ
2737 2590 2836 2660 τὴν
2873 2591 3244 2660 προσηγορίαν
3273 2592 3704 2662 ἐπιγραφομὲνη.

2131 2677 2287 2730 Ἐστι
2315 2678 2372 2730 δὲ
2408 2678 2544 2750 αὐτη
2575 2681 2607 2750 ή
2642 2681 2781 2751 πρὸς
2811 2680 2901 2732 τὸν
2931 2681 3028 2734 ’ἐνα
3074 2683 3166 2733 καὶ
3199 2683 3356 2751 μόνον
3389 2684 3463 2745 ὡς
3493 2682 3710 2752 ἀληθῶς

2127 2769 2557 2841 ὁμολογούμενόν
2598 2789 2654 2824 τε
2698 2773 2792 2830 καὶ
2822 2771 2954 2826 δντσι
2996 2772 3128 2825 Θεὸν
3174 2774 3456 2837 ἀνανευσις
3481 2815 3494 2837 ,
3546 2774 3639 2828 καὶ
3671 2773 3708 2846 ἠ

2127 2860 2265 2913 κατὰ
2291 2860 2482 2915 τοῦτον
2512 2861 2648 2933 ζωή.
2686 2862 2774 2926 Ἐξ
2804 2859 2870 2934 ἧς
2893 2864 2986 2917 καὶ
3015 2866 3047 2934 ἡ
3086 2865 3220 2935 πρὸς
3250 2865 3408 2917 αὐτὸν
3434 2865 3708 2933 ἐγγίνεται

2126 2952 2297 3021 φιλία,
2390 2954 2698 3024 παρέπεται
2730 2955 2791 3008 τὸ
2821 2955 3063 3024 θεοςιλὲς
3090 2957 3257 3019 ὄντως
3288 2956 3382 3008 καὶ
3405 2956 3710 3026 τρισμακά-

2127 3061 2240 3117 ριον
2273 3045 2444 3110 τέλος,
2471 3045 2676 3100 ἄνωθεν
2703 3049 2767 3100 ὲκ
2794 3048 2901 3100 τῶν
2932 3050 3254 3120 κρειττόνων
3279 3051 3511 3119 ἀπῃωρη
3523 3051 3706 3118 μένον,

2123 3137 2217 3190 καὶ
2252 3137 2387 3209 πρὸς
2431 3138 2569 3192 αὐτὰ
2612 3139 3152 3212 διακυϐερνώμενον,
3194 3143 3294 3195 καὶ
3334 3139 3401 3195 αὖ
3439 3143 3597 3194 πάλιν
3623 3144 3704 3205 είς

2119 3228 2258 3290 αὐτὰ
2287 3229 2615 3300 καταλῆγον.
2648 3231 2712 3283 Τί
2743 3227 2835 3285 οὖν
2863 3232 2927 3285 ἂν
2961 3232 3173 3300 γένοιτο
3210 3233 3310 3302 τῆς
3334 3232 3548 3302 ἀγαθῆς
3573 3232 3704 3285 ταύ-

2120 3336 2219 3389 της
2264 3322 2358 3375 καὶ
2401 3321 2688 3375 πανολϐίου
2718 3323 2993 3393 θεοφιλίας
3029 3324 3520 3395 μακαριστὸτερονς
3566 3323 3706 3395 Οὐχὶ

2120 3411 2214 3463 καὶ
2244 3409 2388 3481 ζωῆς
2421 3411 2581 3476 αὐτὸς
2602 3452 2616 3475 ,
2646 3412 2742 3465 καὶ
2773 3413 2947 3481 φωτὸς
2966 3454 2980 3476 ,
3005 3413 3100 3465 καὶ
3132 3413 3408 3483 ἀληθείας,
3442 3415 3535 3467 καὶ
3563 3415 3702 3469 πάν-

2120 3517 2227 3555 των
2259 3503 2480 3570 ἀγαθῶν
2507 3505 2708 3577 ταμίας
2747 3505 2839 3557 καὶ
2869 3505 3102 3576 χορηγὸς
3130 3509 3240 3568 τοῖς
3271 3509 3404 3560 πᾶσι
3435 3507 3704 3578 καθέστηο

2119 3611 2246 3660 κεν;
2275 3595 2408 3665 Οὐχὶ
2435 3597 2530 3648 καὶ
2569 3596 2661 3650 τοῦ
2685 3591 2822 3650 εἶναι
2852 3599 2919 3649 τὰ
2952 3598 3146 3661 πάντα,
3179 3600 3270 3651 καὶ
3296 3598 3386 3651 τοῦ
3414 3599 3516 3669 ζῇν
3537 3597 3699 3663 αὐτὸς

2117 3685 2216 3758 τὴν
2259 3687 2439 3740 αἰτίαν
2480 3689 2832 3759 περιείληφε;
2881 3689 2973 3758 Τῷ
3003 3689 3066 3757 δὴ
3110 3684 3202 3742 οὖν
3232 3691 3329 3760 τὴν
3357 3690 3493 3759 πρὸς
3535 3689 3700 3743 αὐτὸν

2119 3778 2454 3850 στειλαμένῳ
2491 3781 2670 3850 φιλίαν
2714 3783 2766 3834 τί
2814 3783 2879 3835 ἂν
2929 3783 3010 3835 ἔτι
3041 3782 3278 3835 λείποιτο
3304 3799 3317 3846 ;
3347 3782 3491 3844 τίνος
3538 3781 3582 3834 δ’
3629 3781 3698 3835 ἂν

2118 3873 2398 3946 ὑστεροῒτο
2473 3875 2502 3928 ὁ
2569 3876 2677 3929 τῶν
2741 3876 2959 3944 ἀγαθῶν
3026 3877 3119 3929 τὸν
3173 3876 3499 3946 δημιουργὸν
3560 3874 3699 3939 ἐξοι-

2115 3964 2460 4034 κειούμενος;
2512 3966 2545 4035 ἢ
2591 3965 2738 4030 τίνος
2797 3966 2863 4020 ἂν
2914 3966 3181 4036 ὲλαττῷτο
3249 3967 3278 4018 ὀ
3328 3967 3418 4019 καὶ
3493 3965 3699 4038 πατρὸς

2114 4057 2173 4109 ὲν
2213 4055 2369 4130 χώρᾳ
2409 4057 2502 4111 καὶ
2548 4058 2842 4129 κηδεμόνος
2885 4060 2975 4112 τδν
3026 4061 3201 4129 μέγαν
3249 4059 3557 4130 προστάτην
3601 4059 3698 4113 καὶ

2116 4148 2466 4219 παμϐασιλέα
2524 4149 2633 4202 τῶν
2679 4151 2817 4202 ὅλων
2889 4151 3360 4222 ἐπιγραφόμενος
3415 4150 3553 4202 Ἀλλ’
3594 4149 3696 4206 οὐκ

2113 4237 2260 4292 ἔστιν
2292 4240 2487 4302 εἰπεῖν,
2517 4240 2545 4292 ὅ
2573 4256 2622 4291 τι
2666 4239 2741 4310 μὴ
2782 4241 2880 4310 οὐχ
2910 4241 2938 4292 ὀ
2967 4244 3033 4311 τῇ
3067 4241 3303 4293 διαθέσει
3355 4240 3431 4310 τῷ
3475 4240 3696 4310 παμϐα-

2114 4332 2251 4386 σιλεῖ
2292 4332 2415 4403 Θεῷ
2458 4332 2804 4404 πλησιάζων,
2839 4335 2932 4387 καὶ
2970 4334 3068 4404 τῆς
3108 4333 3567 4404 παμμακαρίστου
3607 4349 3695 4402 φι-

2113 4423 2230 4488 λίας
2275 4425 2362 4478 διὰ
2415 4425 2513 4495 τῆς
2557 4425 2985 4496 ὲπιστημονικῆς
3027 4425 3305 4486 εὐσεϐείας
3353 4425 3692 4495 ἠξιωμένος,

2111 4513 2247 4585 όμοῦ
2282 4514 2376 4567 καὶ
2416 4514 2591 4584 ψυχῆς
2625 4516 2718 4568 καὶ
2755 4514 3034 4585 σώματος,
3067 4514 3292 4567 καὶτῶν
3327 4516 3483 4577 ἐκτὸς
3520 4516 3694 4568 ἁπάν-

2113 4622 2220 4658 των
2255 4601 2314 4658 εὖ
2356 4605 2422 4659 ἂν
2465 4606 2595 4676 ἔχοι.
2638 4604 2852 4675 Ταύτην
2900 4605 2964 4675 δὴ
2993 4605 3172 4658 τοίνυν
3213 4605 3309 4676 τὴν
3344 4605 3553 4676 ἀγαθὴν
3599 4605 3695 4660 καὶ

2115 4698 2383 4769 σωτήριον
2439 4698 2574 4768 πρὸς
2620 4697 2752 4749 Θεὸν
2795 4697 3098 4769 ἀνθρώπων
3133 4699 3344 4767 φιλίαν,
3391 4699 3594 4752 ἄνωθεν
3628 4701 3692 4754 ἐκ

2111 4787 2205 4841 τοῦ
2256 4771 2569 4858 παναγάθου
2604 4790 2739 4842 Θεοῦ
2792 4790 3206 4860 καταπεμφθεὶς
3249 4794 3278 4845 ὁ
3320 4791 3450 4852 Θεὸς
3489 4793 3688 4858 Λόγος,

2109 4877 2298 4953 ὥσπερ
2343 4897 2427 4942 τις
2460 4881 2924 4951 ἀπειρομεγὲθους
2956 4881 3133 4948 φωτὸς
3175 4881 3352 4951 αὐγὴ,
3402 4883 3567 4933 πᾶσιν
3597 4883 3692 4932 ἀν.

2110 4971 2348 5046 θρώποις
2392 4973 2831 5040 εὐαγγελίζεται·
2893 4974 2991 5025 οὐκ
3049 4972 3256 5026 ἐνθένδε
3331 4971 3522 5034 ποθὲν,
3577 4972 3690 5032 οὐδ’

2108 5059 2393 5132 ἑτέρωθεν,
2429 5060 2564 5114 ἀλλὰ
2595 5062 2929 5131 πανταχόθεν
2964 5061 3024 5128 ἐξ
3057 5064 3312 5116 ἁπάντων
3352 5064 3520 5116 ἐθνῶν
3553 5065 3688 5136 πρὸς

2108 5149 2199 5205 τὸν
2220 5151 2327 5212 τῶν
2351 5153 2488 5207 ὅλων
2526 5152 2656 5206 Θεὸν
2675 5153 2974 5225 παρορμῶν
3002 5155 3157 5224 ήκειν
3193 5154 3293 5222 (‘2),
3331 5154 3579 5206 σπεύδειν
3603 5169 3688 5218 τε,

2175 5261 2246 5318 Ὦ
2279 5265 2393 5318 Ζεῦ
2417 5266 2705 5330 βασιλεῦ,
2735 5266 2801 5319 τὸ
2828 5265 3026 5336 χρῆμα
3055 5267 3173 5320 τῶν
3197 5268 3401 5321 κόπων
3424 5267 3618 5328 ὅσονι

2267 5347 2465 5404 quanta
2499 5337 2740 5389 laborum
2769 5339 2961 5391 moles!

2105 5406 2262 5478 Quod
2287 5407 2331 5459 si
2357 5407 2677 5460 retineretur
2699 5405 2878 5473 θείων,
2898 5422 3094 5461 εειιειιε
3112 5407 3404 5472 videretur,
3428 5409 3530 5463 hoc
3553 5424 3684 5478 0pc-

2107 5479 2186 5548 ris
2213 5491 2500 5548 opemque
2525 5492 2698 5548 genus
2724 5478 2789 5529 ad
2819 5479 3104 5548 episcopos
3133 5479 3367 5532 maxime
3390 5480 3680 5548 pertinere.

2104 5547 2175 5620 At
2203 5547 2361 5620 iufe_r_.
2402 5545 2596 5620 Plato:
2631 5546 2814 5620 Ορτως
2837 5545 3071 5620 ’ἐμαυτῴ
3104 5548 3257 5613 ἔδοξα
3297 5545 3430 5618 πρὸς
3480 5548 3685 5620 ταύτην

2104 5616 2204 5698 τὴν
2228 5616 2417 5698 σκέψιν
2439 5613 2896 5698 ἁφυήςεῖναιηώς
2925 5613 3076 5670 οὐδὲν
3105 5621 3310 5690 χρῆμα.
3341 5613 3400 5675 id
3422 5613 3532 5682 est,
3573 5613 3681 5678 tein

2106 5688 2334 5757 ineptus,
2356 5703 2514 5757 quam
2542 5688 2632 5756 qui
2666 5689 2914 5757 maxime.

2179 5757 2257 5847 (in)
2298 5755 2427 5847 Post
2474 5758 2648 5827 ήκειν,
2684 5756 2850 5814 Μοιιι.
2907 5759 3010 5847 leg.
3067 5760 3267 5831 σπουδῇ
3311 5777 3366 5812 τε
3403 5760 3556 5840 πάσῃ
3585 5760 3682 5821 καὶ

2112 5827 2401 5898 προθυμίᾳ.
