4154 6474
431 441 506 499 9.5

1646 438 1974 495 PRIEPAR.
2018 438 2270 494 EVANG.
2308 437 2434 494 LIB.
2462 437 2504 491 1.
3634 435 3705 492 26

433 555 530 610 καὶ
566 556 716 630 πάσῃ
773 555 1054 628 προθυμίᾳ
1080 556 1260 627 ψυχῆς
1306 557 1367 611 τὸ
1425 557 1596 630 δῶρον
1636 559 2003 631 ὑποδέχεσθαι,

2119 567 2208 614 cto
2228 559 2334 614 dici
2354 564 2552 628 potest,
2577 570 2686 626 quo
2708 554 2776 610 ad
2796 569 3068 610 summam
3103 555 3548 625 cumulatamque
3587 564 3703 612 tum

438 646 705 718 ’Έλληνας
736 647 870 719 ὁμοῦ
913 648 1006 702 καὶ
1037 647 1365 721 βαρϐάρους,
1416 651 1618 721 ἄνδρας
1658 650 1773 721 ἅμα
1803 651 2019 721 γυναιξὶ

433 739 528 792 καὶ
551 739 783 811 νηπίοις,
833 740 1074 812 πένητάς
1105 757 1164 793 τε
1199 740 1294 794 καὶ
1328 741 1648 807 πλουσίους,
1687 744 1884 812 σοφοὺς
1925 743 2019 796 καὶ

437 828 687 894 ἰδιώτας,
730 830 850 884 οὐδὲ
887 830 950 884 τὸ
1000 832 1268 885 οἰκετικὸν
1313 833 1472 900 γένος
1521 834 1880 904 ὑπερφρονῶν
1919 833 2018 902 τῆς

436 918 702 990 κλήσεως.
735 921 854 973 ’Ὁτι
877 921 939 991 δὴ
966 920 1092 991 μίαν
1121 921 1220 993 τὴν
1247 923 1464 977 πάντων
1489 924 1677 976 οὐσίαν
1708 941 1766 976 τε
1793 923 1887 976 καὶ
1919 923 2020 992 φύ-

435 1026 518 1062 σιν
550 1011 577 1063 ό
606 1010 788 1082 πατὴρ
814 1011 993 1064 αὐτῶν
1018 1014 1443 1084 συστησάμενος,
1484 1015 1614 1082 μιᾶς
1667 1014 1894 1076 εἰκότως
1922 1016 2018 1067 καὶ

431 1099 532 1170 τῆς
560 1101 683 1173 ἴσης
733 1103 939 1168 πάντας
987 1105 1150 1178 πάλιν
1192 1105 1606 1177 μεγαλοδωρεᾶς
1652 1105 1852 1175 ἠξίωσε
1877 1145 1891 1169 ,
1919 1104 2018 1176 τὴν

432 1194 567 1264 πρὸς
625 1196 787 1249 αὐτὸν
831 1197 1032 1265 γνῶσίν
1072 1216 1133 1252 τε
1173 1199 1268 1252 καὶ
1324 1199 1502 1268 φιλίαν
1546 1199 1717 1253 ἆπασι
1759 1202 1869 1262 τοῖς
1917 1199 2019 1251 ύπ-

430 1285 647 1340 ακούειν
678 1288 937 1355 ἐθέλουσι,
974 1291 1068 1344 καὶ
1103 1291 1202 1362 τὴν
1240 1291 1398 1363 χάριν
1421 1291 1677 1362 εὐμαρῶς
1706 1289 2019 1360 ἀσπαζομέ-

431 1395 542 1442 νοις
589 1379 949 1452 δωρούμενος.
998 1382 1215 1453 Ταύτην
1254 1386 1282 1436 ὁ
1323 1383 1561 1454 Χριστοῦ
1595 1383 1767 1452 Λόγος
1910 1379 2016 1456 ἧκε

430 1465 530 1537 τὴν
550 1467 686 1538 πρὸς
710 1469 801 1521 τὸν
829 1469 994 1524 αὐτοῦ
1023 1471 1242 1543 Πατέρα
1275 1471 1456 1541 φιλίαν
1491 1471 1569 1542 τῷ
1605 1471 1878 1544 σύμπαντι
1922 1473 2006 1526 κό-

431 1575 553 1632 σμῳ
604 1563 1109 1636 εὐαγγελιούμενοςο
1148 1586 1166 1617 ‹
1204 1566 1336 1630 Θεὸς
1373 1565 1566 1640 γὰρῆν
1599 1569 1789 1642 κόσμῳ
1816 1571 2018 1624 καταλ-

428 1651 642 1708 λάσσων
675 1657 887 1721 ἑαυτὸν,
924 1658 997 1729 μὴ
1019 1657 1369 1729 λογιζόμενος
1397 1661 1582 1725 αὐτοῖς
1617 1663 1686 1716 τὰ
1716 1662 2018 1735 παραπτώ-

431 1761 616 1816 ματα,
651 1767 671 1798 ι
809 1748 876 1802 τὰ
926 1749 1044 1802 θεῖα
1085 1750 1325 1804 διδάσκει
1384 1750 1562 1820 λόγια.
1610 1771 1628 1803 ι
1679 1751 1878 1805 Ἐλθών
1933 1770 2014 1819 τε,

428 1838 612 1921 φησὶν,
645 1840 1036 1910 εὐηγγελίσατο
1059 1843 1282 1914 εἰρήνην
1318 1845 1430 1908 τοῖς
1464 1844 1703 1914 μακρὰν,
1739 1846 1833 1898 καὶ
1866 1845 2016 1916 εἰρή-

2123 651 2315 714 animi,
2337 659 2452 705 tum
2481 647 2748 719 corporis,
2764 657 3226 718 externorumque
3243 648 3511 702 bonorum
3536 645 3706 701 felici-

2121 749 2288 796 tatem
2327 739 2587 809 indigeat,
2613 739 2708 809 qui
2736 737 2969 809 propius
2989 737 3058 792 ad
3093 754 3275 809 regem
3323 739 3702 793 universorum

2121 832 2290 887 Deum
2327 835 2378 887 vi
2424 832 2709 888 charitatis
2745 831 3060 894 accesserit,
3099 831 3304 900 quique
3341 831 3411 884 ab
3442 845 3508 884 eo
3540 830 3705 885 fuerit

2119 921 2419 976 beatissimi
2445 921 2649 976 amoris
2669 921 2921 990 gratiam,
2942 920 3156 988 pietatis
3179 920 3362 987 hujus,
3378 919 3618 974 scientiae
3639 934 3704 974 ac

2120 1013 2400 1081 sapientiae
2437 1014 2858 1078 conciliatricis,
2913 1012 3109 1066 merito
3163 1023 3508 1066 consecutus.
3551 1009 3704 1066 lianc

2120 1103 2286 1174 igitur
2312 1105 2446 1158 adeo
2471 1105 2647 1158 laetam
2695 1119 2756 1158 ac
2791 1105 3084 1158 salutarem
3113 1103 3393 1157 hominum
3440 1118 3562 1156 cum
3589 1100 3702 1155 Deo

2119 1195 2602 1258 necessitudinem,
2619 1195 2824 1250 missus
2843 1195 2908 1248 ad
2931 1207 3034 1247 nos
3053 1195 3266 1248 ccelitus
3282 1210 3344 1247 ex
3360 1193 3468 1248 Deo
3490 1208 3704 1248 summe

2117 1287 2263 1343 bono
2286 1288 2430 1342 Deus
2442 1287 2703 1352 Verbum,
2725 1289 2803 1344 sic
2828 1297 3084 1356 tanquam
3107 1287 3363 1355 splendor
3385 1287 3583 1355 aliquis
3609 1286 3706 1340 im-

2118 1383 2291 1437 mensi
2317 1383 2560 1448 luminis,
2579 1383 2794 1438 cunctis
2817 1383 3128 1437 hominibus
3151 1381 3374 1436 feliciter
3393 1379 3699 1432 annuntiat.

2119 1475 2170 1530 ls
2189 1492 2295 1530 non
2320 1475 2372 1546 3
2399 1491 2464 1529 ex
2501 1493 2611 1530 uno
2633 1475 2870 1529 alterove
2897 1475 3038 1536 loco,
3066 1475 3158 1529 sed
3183 1489 3248 1528 ex
3284 1471 3538 1526 omnibus
3555 1470 3706 1525 orbis

2118 1568 2361 1622 universi
2383 1568 2696 1622 nationibus
2723 1567 2972 1623 homines
2985 1565 3048 1620 ad
3076 1562 3516 1620 rerumomnium
3533 1561 3702 1616 Deum

2123 1659 2472 1713 vehementer
2509 1658 2721 1722 invitat,
2750 1657 3077 1727 Graecosque
3100 1657 3302 1726 pariter
3331 1670 3395 1709 ac
3417 1653 3703 1721 barbaros,

2123 1751 2267 1806 viros
2293 1751 2477 1816 simul,
2513 1750 2746 1806 feminas
2809 1766 2874 1804 ac
2907 1749 3197 1819 puerulos;
3234 1749 3425 1818 inopes
3456 1761 3610 1815 aeque
3638 1761 3704 1802 ac

2119 1840 2341 1906 divites,
2375 1841 2648 1912 sapientes
2676 1850 2728 1896 et
2758 1840 2976 1906 idiotas,
3010 1848 3402 1910 utproperare,
3431 1837 3706 1892 oblatum-
3737 1876 3743 1880 -

426 1945 527 2000 νην
553 1932 668 1994 τοῖς
696 1933 883 2000 ἐγγύς.
926 1952 945 1984 ι
977 1932 1165 1988 Ταῦτα
1194 1933 1475 2005 πρόπαλαι
1518 1935 1709 1999 παῖδες
1745 1935 2003 2006 Ἑϐραίων

2116 1948 2224 2003 que
2253 1948 2457 1988 munus
2500 1934 2649 1986 omni
2684 1947 2810 1987 cum
2842 1932 3151 1986 animorum
3185 1930 3466 1984 alacritate
3499 1945 3563 1983 ac
3585 1938 3705 1982 stu.-

427 2019 865 2094 θεοφορούμενοι,
903 2025 984 2097 τῷ
1041 2023 1318 2096 σύμπαντι
1357 2027 1553 2099 κόσμῳ
1597 2025 2008 2100 προεθέσπιζον.

439 2112 496 2166 '0
520 2112 620 2185 μέν
657 2133 742 2179 τις
776 2115 915 2187 βοῶν
935 2134 948 2147 ·
969 2130 986 2162 t
1004 2114 1414 2187 Μνησθήσονται
1441 2120 1536 2173 καὶ
1572 2119 2010 2193 ἐπιστραφήσον-

421 2220 514 2261 ται
544 2207 680 2278 πρὸς
695 2207 900 2282 Κύριον
920 2211 1097 2265 πάντα
1115 2209 1184 2264 τὰ
1203 2210 1415 2282 πέρατα
1435 2213 1532 2283 τῆς
1555 2212 1679 2284 γῆς,
1714 2214 1809 2266 καὶ
1837 2229 2010 2284 προσ-

422 2300 750 2371 κυνήσουσιν
782 2302 932 2374 αὐτῷ
962 2307 1130 2359 πᾶσαι
1152 2308 1206 2360 αἱ
1241 2305 1470 2377 πατριαὶ
1489 2304 1597 2357 τῶν
1628 2304 1820 2358 ἐθνῶν.
1853 2324 1872 2356 ›
1898 2306 2010 2359 Καὶ

423 2391 585 2445 πάλιν
609 2409 622 2424 ·
666 2411 685 2444 ‹
729 2394 934 2449 Εἴπατε
969 2397 1028 2449 ὲν
1057 2399 1170 2460 τοῖς
1196 2396 1426 2462 ἔθνεσιν,
1463 2397 1545 2449 ὅτι
1579 2396 1786 2468 Κύριος
1822 2396 2009 2450 ὲσασί-

420 2484 574 2538 λευσε
600 2502 613 2516 ο
653 2486 747 2539 καὶ
771 2487 880 2558 γὰρ
900 2487 1229 2561 κατώρθωσε
1267 2489 1366 2560 τὴν
1390 2489 1734 2561 οἰκουμένην,
1782 2491 1907 2562 ἥτις
1936 2491 1997 2545 οὐ

420 2576 825 2650 σαλευθήσεται.
869 2600 888 2632 ›
927 2582 984 2634 '0
1035 2582 1092 2635 δὲ
1126 2583 1387 2651 φάσκων·
1437 2602 1456 2634 ι
1507 2576 1806 2652 Ἐπιφανὴς
1853 2582 2006 2636 ἔσται

416 2669 617 2742 Κύριος
641 2671 699 2725 ὲν
718 2673 923 2738 αὐτοῖς,
945 2673 1041 2726 καὶ
1065 2673 1437 2746 ἐξολοθρεύσει
1465 2674 1673 2738 πάντας
1699 2676 1825 2738 τοὺς
1850 2674 2006 2738 θεοὺς

412 2760 521 2814 τῶν
548 2762 717 2817 ἐθνῶν
743 2766 842 2836 τῆς
871 2766 994 2837 γῆς,
1028 2767 1121 2820 καὶ
1158 2768 1635 2840 προσκυνήσουσιν
1677 2765 1846 2838 αὐτῷ,
1877 2767 2006 2821 ἓκα-

414 2868 540 2916 στος
578 2855 642 2907 ἐκ
671 2855 764 2908 τοῦ
808 2857 977 2910 τόπου
1017 2858 1204 2913 αὐτοῦ.
1250 2878 1268 2910 ι
1303 2857 1491 2914 Ταῦτα
1524 2859 1805 2932 πρόπαλαι
1839 2858 2006 2924 θείοις

411 2949 683 3016 χρησμοῖς
723 2948 1056 3019 ἀνακείμενα
1079 2990 1094 3014 ,
1155 2949 1250 3003 νῦν
1285 2951 1367 3013 είς
1396 2953 1542 3025 ἡμᾶς
1568 2951 1765 3015 αὐτοὺς
1786 2951 1875 3004 διὰ
1904 2952 2005 3022 τῆς

410 3034 506 3088 τοῦ
533 3037 786 3110 Σωτῆρος
823 3039 980 3110 ὴμῶν
1027 3040 1204 3112 Ἰησοῦ
1240 3043 1477 3114 Χριστοῦ
1510 3043 1860 3107 διδασκαλίας
1907 3043 2006 3096 πέ-

413 3141 584 3198 φηνεν
625 3127 721 3197 (4),
745 3129 820 3193 ὡς
851 3131 952 3201 τὴν
978 3131 1148 3186 πάλαι
1182 3134 1596 3213 κηρυττομένην
1628 3152 1687 3187 τε
1708 3179 1721 3201 ,
1756 3134 1852 3188 καὶ
1890 3137 2004 3198 τοῖς

2115 2024 2206 2079 dio
2237 2024 2519 2093 suspicere
2568 2023 2754 2089 velint,
2788 2023 3103 2082 exstimulat
3129 2037 3226 2078 :ac
3257 2036 3325 2076 ne
3363 2022 3541 2090 ipsum
3575 2018 3703 2088 qui-1

2114 2115 2235 2170 dem
2271 2117 2468 2170 servile
2495 2132 2666 2187 genus
2699 2115 2769 2169 ab
2811 2115 3082 2184 ejusmodi
3113 2113 3372 2167 societate
3401 2111 3703 2168 vocationis

2112 2207 2370 2263 excludit.
2394 2207 2604 2278 Quippe
2627 2207 2881 2278 quienim
2911 2222 3018 2260 una
3044 2205 3346 2274 eademque
3367 2218 3560 2260 omnes
3578 2203 3706 2257 subo

2113 2301 2314 2356 stantia
2363 2311 2670 2371 naturaque
2710 2301 3041 2371 procreavit,
3102 2299 3348 2353 omnium
3389 2313 3606 2366 parens,
3654 2296 3708 2353 is

2106 2393 2232 2464 jure
2259 2408 2452 2449 omnes
2487 2393 2691 2463 pariter
2718 2394 2774 2448 in
2797 2393 2964 2448 unius
3002 2391 3338 2462 mqualisque
3379 2389 3705 2444 muniticen-

2111 2484 2202 2539 tia:
2248 2485 2692 2540 communionem
2757 2484 2976 2544 ascivit,
3033 2484 3284 2538 notitiam
3343 2495 3701 2548 amoremque

2110 2576 2195 2632 sui
2250 2592 2375 2632 eum
2434 2577 2503 2632 iis
2549 2577 2808 2634 omnibus
2841 2577 3054 2647 prolixe
3111 2574 3552 2630 communicatis.
3604 2572 3699 2640 qui

2109 2683 2317 2722 morem
2347 2668 2562 2723 vocanti
2614 2683 2822 2738 gerere,
2855 2669 3155 2738 gratiaeque
3198 2681 3312 2720 sua:
3348 2663 3705 2725 beneﬁcium,

2107 2759 2343 2816 libenter
2372 2760 2620 2830 accipere
2651 2759 3048 2830 complectique
3071 2757 3364 2813 voluerint.
3405 2753 3558 2811 llanc
3593 2755 3701 2810 ita-

2107 2869 2214 2924 que
2235 2852 2491 2908 Christus
2507 2869 2635 2923 erga
2662 2851 2877 2906 Patrem
2904 2868 3064 2907 suum
3097 2851 3418 2906 charitatem
3452 2849 3702 2905 oratione

2107 2962 2206 3003 sua
2231 2947 2329 3002 toti
2357 2946 2560 3016 passim
2592 2946 2711 3000 orbi
2737 2943 3090 3013 praedicatum
3123 2945 3292 2997 venit.
3328 2962 3346 2994 ι
3379 2944 3519 2996 Deus
3549 2943 3700 2998 enim

2106 3045 2226 3091 erat
2257 3037 2310 3089 in
2351 3035 2574 3090 Christo
2605 3036 2849 3106 seipsum
2884 3033 3092 3088 mundo
3122 3033 3442 3097 concilians,
3471 3047 3570 3087 nec
3594 3032 3700 3086 im-

2105 3136 2308 3198 putans
2343 3127 2424 3182 eis
2454 3136 2678 3196 peccata
2711 3141 2810 3181 sua
2837 3125 2879 3191 ¹,
2920 3143 2940 3176 ι
3007 3124 3470 3194 quemadmodum
3505 3124 3698 3178 litteras

414 3215 492 3290 psi-1
515 3217 720 3272 τούτων
749 3220 996 3292 ἀπείροις
1029 3221 1487 3295 προσδοκωμένην
1505 3224 1613 3278 τῶν
1634 3224 1802 3278 ὲθνῶν
1825 3226 2003 3280 ἁπάν-

2106 3219 2306 3275 divinte
2335 3217 2553 3273 docent.
2594 3236 2614 3268 ‹
2652 3217 2791 3272 Cum
2827 3217 3086 3282 venisset,
3126 3217 3320 3286 inquit,
3355 3215 3704 3286 evangeliza:

410 3325 520 3362 των
550 3308 900 3377 θεογνωσίαν,
934 3312 1162 3377 εἰκότως
1195 3315 1328 3386 ἡμῖν
1365 3315 1456 3370 τὸν
1487 3315 1716 3387 ἔναγχος
1748 3315 1807 3383 ἐξ
1836 3317 2002 3388 οὐρα-

407 3395 501 3450 νοῦ
537 3399 779 3470 παρόντα
802 3401 972 3469 Λόγον
990 3402 1462 3472 εὐαγγελίζεσθαι,
1484 3409 1603 3470 ταῖς
1620 3405 1727 3459 τῶν
1754 3405 2000 3461 παλαιῶν

405 3490 612 3557 φωναῖς
642 3488 712 3542 τὰ
742 3489 832 3544 διὰ
859 3490 968 3546 τῶν
999 3492 1179 3566 ἔργων
1221 3496 1637 3568 ἀποτελέσματα
1684 3497 1998 3576 συντρέχειν

404 3578 680 3634 ἐπιδεικνύ
689 3600 869 3652 μενον.

2105 3311 2183 3366 vit
2209 3325 2398 3381 pacem
2433 3309 2499 3365 iis
2528 3309 2619 3379 qui
2645 3309 2834 3379 procul
2856 3319 3031 3372 erant,
3055 3318 3108 3364 et
3132 3325 3316 3378 paceni
3345 3308 3411 3363 iis
3441 3308 3532 3379 qui
3566 3321 3699 3378 pro.

2105 3417 2173 3473 pe
2206 3404 2250 3457 ’.
2279 3421 2298 3454 ι
2336 3401 2514 3472 Atque
2549 3403 2665 3456 hmc
2700 3401 2816 3471 ipsa
2851 3397 3056 3455 mundo
3083 3401 3289 3470 pridem
3315 3400 3568 3455 ‘universo
3592 3397 3698 3454 lle-

2100 3496 2374 3550 brmorum
2401 3494 2568 3564 aliqui
2601 3494 2788 3549 divino
2813 3493 2978 3549 amati
3005 3495 3208 3563 Spiritu
3239 3493 3457 3548 oracula
3489 3491 3697 3547 cecineo

2097 3604 2175 3644 re.
2210 3587 2275 3642 Et
2301 3603 2491 3643 eorum
2532 3587 2753 3658 quidem
2779 3603 2922 3642 unus
2954 3602 3148 3658 magna
3183 3601 3314 3642 voce
3347 3584 3693 3656 pronuntiat.

408 3686 431 3722 ‹
468 3668 940 3742 Reminiscentur,
992 3686 1047 3734 et
1108 3689 1497 3737 convertentur
1556 3681 1624 3737 ad
1689 3680 1981 3736 Dominum
2021 3695 2213 3735 omnes
2245 3681 2381 3735 lines
2431 3685 2610 3743 terraz,
2645 3686 2698 3734 et
2753 3677 3059 3732 adorabunt
3102 3693 3224 3732 eum
3265 3691 3458 3732 omnes
3506 3677 3698 3747 patria

403 3766 650 3835 gentium
676 3767 716 3822 ³.
764 3787 783 3820 ›
815 3769 882 3825 Ει
908 3787 1142 3828 rursus:
1173 3795 1192 3826 ι
1232 3774 1401 3830 Dicite
1433 3777 1486 3830 in
1520 3777 1792 3846 gentibus,
1822 3776 2083 3846 quoniam
2125 3774 2390 3830 Dominus
2435 3774 2685 3846 regnavit
2715 3791 2728 3826 :
2764 3774 2962 3829 etenim
2991 3773 3228 3831 correxit
3268 3773 3458 3832 orbem
3512 3783 3694 3838 terrm,

401 3860 503 3931 qui
541 3876 647 3915 non
692 3866 1121 3921 commovebitur
1149 3866 1220 3920 ⁴.›
1254 3869 1408 3926 Alius
1435 3885 1564 3925 vero
1599 3870 1681 3926 sic
1707 3870 1951 3941 loquitur
1981 3887 1995 3922 :
2044 3887 2062 3920 ι
2088 3867 2434 3945 Conspicuus
2483 3867 2590 3923 erit
2622 3867 2887 3925 Dominus
2943 3868 2996 3922 in
3036 3867 3190 3937 ipsis.
3223 3877 3276 3922 et
3311 3867 3561 3922 funditus
3600 3883 3694 3922 ex-

401 3954 713 4014 tcrminabit
749 3973 940 4015 omnes
981 3961 1114 4020 deos
1157 3964 1439 4020 nationum
1481 3973 1658 4033 terrze,
1694 3966 1986 4036 ipsumque
2023 3964 2329 4021 adorabunt
2357 3962 2557 4034 singuli
2601 3979 2664 4019 ex
2697 3965 2818 4020 loco
2865 3979 2966 4020 suo
2992 3973 3031 4026 δ,
3077 3981 3095 4014 ι
3126 3961 3251 4018 Haec
3302 3964 3556 4018 nimirum
3601 3964 3690 4020 illa

400 4062 550 4113 sunt,
586 4066 708 4120 qua:
749 4053 859 4122 jam
893 4071 1066 4125 usque
1101 4058 1170 4112 ab
1208 4060 1397 4114 ultima
1435 4065 1761 4116 saaculorum
1793 4061 2056 4115 memoria
2095 4059 2296 4114 divinis
2338 4059 2576 4115 oraculis
2620 4059 2874 4114 mandata
2910 4075 3034 4115 cum
3081 4068 3284 4122 essent,
3335 4057 3690 4115 Jesu-Cbristi

402 4137 709 4207 Servatoris
743 4149 912 4202 nostri
935 4150 1200 4207 doctrinae
1239 4153 1502 4211 beneﬁcio
1557 4157 1762 4212 nostris
1813 4156 2110 4227 aliquando
2149 4154 2486 4228 temporibus
2516 4157 2794 4211 exstitere.
2834 4155 2912 4210 Ac
2945 4155 3140 4209 merito
3180 4169 3312 4209 sane
3357 4153 3596 4210 Verbum
3626 4153 3693 4210 il-

403 4233 515 4300 Iud,
550 4239 696 4306 quod
731 4255 905 4308 nuper
943 4243 1009 4296 ad
1041 4259 1141 4298 nos
1164 4259 1194 4299 e
1226 4246 1367 4300 coelo
1415 4246 1697 4316 delapsum
1732 4255 1838 4308 est,
1864 4247 2004 4302 hanc
2043 4256 2123 4303 tot
2151 4247 2359 4318 pridem
2391 4247 2618 4301 vocibus
2662 4247 3034 4316 prmdicatam,
3063 4255 3117 4300 et
3145 4245 3212 4300 ab
3240 4246 3306 4300 iis
3356 4247 3547 4300 saltem
3592 4239 3689 4316 qui

401 4335 456 4392 in
490 4331 806 4403 hujusmodi
849 4337 1010 4392 rebus
1059 4352 1168 4392 non
1205 4341 1447 4409 hospites
1482 4342 1700 4410 penitus
1736 4358 1801 4398 ac
1850 4342 2123 4412 peregrini
2169 4349 2345 4405 erant,
2385 4349 2778 4410 exspectatam,
2824 4356 2922 4413 per
2963 4355 3153 4395 omnes
3187 4341 3418 4410 populos
3462 4338 3555 4396 Dei
3589 4355 3678 4396 no-

398 4427 571 4484 titiam
597 4429 970 4496 annuntiavit,
993 4437 1052 4483 ut
1072 4433 1377 4500 priscorum
1408 4434 1624 4489 illorum
1649 4451 1810 4492 voces
1839 4436 2214 4493 consentiente
2243 4450 2468 4510 operum
2500 4434 2741 4505 ipsorum
2773 4435 2923 4488 exitu
2973 4435 3373 4503 comprobaret.

480 4515 645 4583 Ἀλλὰ
682 4516 734 4570 τί
769 4516 873 4595 χρὴ
905 4518 1178 4583 σπεύδειν,
1207 4520 1476 4590 φθάνοντα
1503 4527 1570 4597 τῇ
1588 4527 1867 4600 προθυμίᾳ
1897 4529 1995 4600 τὴν

2174 4525 2376 4580 Verum
2403 4525 2548 4579 enim
2588 4539 2736 4589 vero,
2763 4541 3027 4593 quorsum
3063 4527 3226 4582 nimis
3256 4528 3479 4583 incitato
3511 4528 3682 4586 animi

398 4606 508 4662 τῶν
529 4607 616 4662 διὰ
647 4609 743 4671 τοῦ
791 4611 956 4678 μέσου
979 4611 1155 4680 λόγων
1191 4613 1514 4669 ἀκολουθίαν
1534 4657 1548 4683 ,
1593 4618 1884 4673 ἀναλαϐεῖν
1932 4621 1992 4688 ἐξ

396 4700 652 4779 ὑπαρχῆς
683 4701 826 4769 δέον,
863 4703 956 4756 καὶ
981 4703 1051 4756 τὰ
1084 4705 1333 4775 ἐμποδὼν
1356 4707 1570 4762 ἅπαντα
1597 4710 1987 4780 διαλύσασθαι;

408 4791 626 4863 Ἐπειδὴ
677 4794 786 4872 γὰρ
824 4795 914 4847 τὸν
940 4796 1366 4867 Χριστιανισμόν
1418 4817 1562 4864 τινες
1610 4801 1798 4855 οὐδένα
1832 4803 1987 4872 λόγον

395 4882 729 4955 ἀποσώζειν,
759 4885 940 4957 ἀλόγῳ
965 4887 1024 4939 δὲ
1067 4886 1247 4942 πίστει
1282 4889 1376 4943 καὶ
1406 4890 1748 4962 ἀνεξετάστῳ
1781 4911 1987 4963 συγκα⁹

391 4975 608 5034 ταοέσει
629 4980 756 5042 τοὺς
773 4981 1148 5052 προσηγορίας
1172 4982 1491 5052 ἐφιεμένους
1511 4985 1570 5037 τὸ
1591 4984 1756 5060 δόξαν.
1781 4987 1981 5060 κυροῦν

391 5070 754 5142 ὑπειλήφασιν
773 5086 786 5098 '
825 5071 993 5143 μηδὲν
1022 5073 1325 5140 φάσκοντες
1362 5075 1620 5135 δύνασθαι
1652 5077 1984 5147 ἀποδείξεως.

2097 4618 2382 4690 gestientis
2411 4618 2614 4688 impetu
2647 4626 3037 4690 congruentem
3077 4619 3413 4675 intermediae
3442 4622 3686 4692 disputa-

2095 4709 2262 4765 tionis
2295 4711 2565 4776 ordinem,
2599 4719 2653 4766 et
2687 4712 3134 4781 consequentiam
3170 4728 3527 4783 occupamus.
3555 4728 3682 4769 cum

2093 4817 2206 4856 rem
2237 4818 2266 4857 a
2298 4803 2475 4880 capite
2506 4819 2804 4869 arcessere,
2832 4819 3063 4875 quaeque
3094 4803 3683 4860 nobisineommodare

2089 4905 2322 4966 possunt
2348 4896 2532 4953 omnia
2563 4897 2896 4952 summoveri
2927 4897 3078 4968 prius
3113 4912 3176 4951 ac
3199 4895 3366 4952 refelli
3399 4898 3684 4965 oporteat?

2088 4987 2224 5042 Nam
2277 5005 2400 5043 cum
2455 4989 2560 5044 hoc
2619 4989 2868 5043 nonnulli
2910 5004 3230 5058 persuasum
3275 4988 3531 5055 habeant,
3567 4989 3680 5045 dis-

2086 5080 2300 5151 ciplina:
2340 5079 2669 5139 Christiana:
2726 5080 3124 5151 professionem
3176 5079 3324 5134 nulla
3367 5095 3528 5149 posse
3589 5097 3678 5138 ra-

389 5163 618 5234 ἐναργὲς
646 5163 909 5235 παρέχειν
950 5166 1250 5238 τεκμήριον
1270 5167 1369 5238 τῆς
1385 5170 1444 5220 ὲν
1469 5171 1580 5234 τοῖς
1600 5170 1978 5242 ἐπαγγελομέ-

385 5271 500 5318 νοις
535 5254 812 5333 ἀληθείας,
841 5254 1020 5309 πίστει
1042 5257 1099 5309 δὲ
1129 5257 1266 5331 μόνῃ
1306 5259 1596 5331 προσέχειν
1641 5246 1822 5326 ἀξιοῦν
1847 5261 1974 5324 τοὺς

390 5348 748 5420 προσιόντας’
799 5349 984 5421 παρ’ὃ
1013 5348 1108 5402 καὶ
1155 5351 1384 5418 πιστοὺς
1438 5342 1818 5424 χρηματίζειν,
1871 5351 1974 5422 τῆς

385 5440 614 5512 ἀκρίτου
667 5440 826 5522 χάριν
875 5443 970 5506 καὶ
1023 5441 1388 5510 ἀϐασανίστου
1438 5429 1701 5510 πίστεως·
1751 5445 1981 5514 εἰκότως,

385 5534 479 5587 ἐπὶ
500 5533 659 5606 τήνδε
688 5528 881 5605 καθεὶς
898 5537 998 5610 τὴν
1027 5537 1415 5610 πραγματείαν
1438 5540 1537 5610 τῆς
1565 5538 1975 5611 Εὐαγγελικῆς

2106 5543 2398 5603 nstitutum
2440 5542 2820 5612 aggregarint,
2862 5541 3087 5599 evidens
3138 5552 3457 5616 certumque
3503 5560 3670 5618 argu-

383 5625 769 5693 ἀποδείξεως,
788 5629 869 5691 είς
895 5631 1349 5702 προκατασκευηὴν
1369 5631 1468 5703 τῆς
1487 5630 1615 5704 ὅλης
1641 5632 1972 5698 ὑποθέσεως,

2106 5642 2329 5697 uentum
2355 5634 2557 5689 habere
2579 5633 2813 5701 nullum,
2843 5649 2954 5701 quo
2982 5650 3165 5692 rerum
3190 5653 3312 5709 quae
3341 5639 3667 5710 promittun-

456 5743 472 5773 ⁸
515 5739 559 5796 11
585 5739 712 5796 Cor.
740 5757 795 5804 v,
826 5741 913 5797 l9.
979 5731 1012 5776 1’
1051 5742 1154 5800 lsa.
1191 5761 1324 5813 Lvn,
1359 5745 1448 5800 l9.
1528 5744 1550 5776 ⁸
1587 5744 1680 5802 Ps.
1710 5761 1825 5809 XXI,
1852 5745 1942 5800 28.
2021 5746 2043 5778 ⁸
2081 5746 2173 5803 Ps.
2205 5747 2442 5814 xcv,10.
2518 5749 2539 5780 ⁵
2583 5745 2752 5817 Soph.
2788 5765 2849 5813 Il,
2882 5749 2968 5804 H.

575 5831 684 5912 Pro
717 5835 1051 5912 6_Xptato§_
1079 5838 1271 5912 Λόγος,
1309 5837 1476 5892 Mont.
1500 5838 1634 5912 _leg.
1669 5839 1903 5896 Χριστὸς
1929 5839 1959 5892 ό
2001 5862 2003 5875 ι

2127 5839 2261 5897 Θεοῦ
2289 5841 2482 5912 Λόγος,
2517 5841 2734 5909 melius,
2766 5851 2826 5898 ut
2861 5841 3096 5898 videtur.

457 5902 536 5975 (4)
575 5901 681 5960 Pro
711 5901 972 5977 πέφηνεν,
1002 5901 1177 5964 Mont.
1209 5901 1312 5979 leg.
1348 5901 1698 5979 πεφοίτηκεν.

2086 5172 2230 5228 tione
2277 5171 2516 5237 defendi,
2549 5172 2642 5228 sed
2685 5173 2777 5242 qui
2817 5189 3016 5228 nomen
3064 5173 3195 5227 illud
3236 5174 3674 5243 amplectantur,

2079 5279 2176 5319 eos
2215 5264 2361 5334 quod
2405 5264 2575 5320 semel
2622 5265 2797 5318 visum
2839 5263 3034 5330 fuerit,
3079 5263 3480 5319 inconsiderata
3534 5265 3671 5332 ﬁde,

2080 5358 2482 5438 negligentique
2522 5354 2578 5430 ἀ.
2616 5373 2680 5413 ac
2728 5359 3016 5419 temeraria
3071 5360 3306 5429 quadam
3351 5361 3674 5418 assensione

2082 5451 2469 5520 comprobare;
2517 5451 2764 5519 adeoque
2805 5459 3141 5516 asseverent,
3180 5452 3273 5522 qui
3306 5468 3426 5508 sese
3457 5453 3524 5508 ad
3566 5455 3672 5512 hoc
