4154 6486
479 418 551 476 27
1152 419 1424 478 EUSEBII
1462 420 1945 479 CESARIENSIS
1979 421 2131 478 OPP.
2169 420 2355 478 PARS
2386 420 2449 475 11.
2490 451 2558 462 -
2587 418 3089 478 Αροιοαετιελ.
3680 415 3754 474 28

482 544 573 588 tur
614 532 895 589 veritatem
949 536 1344 599 demonstrent,
1400 551 1587 591 verum
1625 537 1693 591 ad
1740 552 1907 593 unam
1938 545 2068 592 tan-

2171 535 2411 606 ἡγοῦμαι
2442 536 2552 589 δεῖν
2595 536 2806 609 βραχέα
2842 534 3226 608 προδιαλαϐεἶν
3262 534 3390 605 περὶ
3439 534 3548 588 τῶν
3586 534 3755 606 ζητηο

483 626 768 679 tummodo
795 624 958 680 ﬁdem
992 626 1368 680 adhaerescere
1395 629 1551 691 velle,
1582 628 1915 699 eosdemque
1942 644 2069 699 pro-

482 726 606 786 pter
639 716 801 771 istam
850 716 1006 771 nullo
1044 716 1237 787 iudicii
1277 718 1536 790 nulloque
1558 720 1789 777 rationis
1816 720 2068 776 examine

480 816 803 862 attentatam
840 808 1295 879 exploratamque
1330 809 1491 866 ﬁdem
1511 851 1527 876 ,
1557 811 1745 867 ﬁdeles
1769 811 1934 882 vulgo
1965 825 2069 866 no-

480 897 724 953 minari:
752 899 879 968 jure
910 915 1042 955 sane
1073 916 1137 956 ac
1183 902 1380 958 merito
1412 901 1658 960 facturus
1704 903 1841 957 mihi
1889 918 2068 974 opera:

479 990 715 1060 pretium
741 990 949 1057 videor,
998 993 1046 1048 si
1094 1007 1219 1048 eum
1260 994 1330 1048 ad
1363 994 1468 1049 hoc
1491 996 1803 1065 evangelica:
1832 993 2066 1049 Demon-

480 1079 760 1133 stratiom's
791 1094 931 1149 opus
956 1081 1260 1151 aggrediar,
1298 1097 1473 1153 pauca
1505 1082 1812 1137 sternenda:
1839 1097 1903 1137 ac
1924 1097 2063 1152 prte-

478 1170 792 1226 muniendaa
825 1171 893 1226 ad
937 1174 1252 1229 universam
1301 1173 1444 1229 hanc
1490 1173 1915 1245 disputationem
1964 1174 2068 1228 viae

481 1264 655 1335 gratia
687 1265 755 1319 de
802 1266 966 1321 rebus
1015 1267 1083 1322 iis
1114 1278 1245 1320 ante
1292 1266 1574 1330 deﬁniam,
1603 1266 1670 1321 de
1720 1266 1921 1335 quibus
1948 1274 2063 1320 tum

481 1356 677 1424 Graeci,
712 1368 826 1413 tum
859 1360 956 1429 qui
991 1359 1467 1415 circumcisionem
1509 1357 1854 1428 proﬁtentur,
1886 1367 1981 1413 aut
2017 1358 2063 1413 si

478 1451 571 1520 qui
598 1461 858 1521 prteterea
888 1450 1204 1521 diligentius
1231 1450 1566 1519 propiusque
1612 1463 1701 1503 res
1726 1456 1945 1503 nostras
1977 1449 2065 1502 in-

478 1544 689 1613 spicere
720 1559 787 1599 ac
814 1542 1049 1599 scrutari
1076 1542 1265 1607 velint,
1285 1542 1490 1611 justam
1519 1542 1679 1597 nobis
1705 1542 2062 1612 quaestionem

477 1650 703 1691 movere
734 1650 900 1705 posse
944 1634 1252 1690 videantur.
1286 1633 1495 1688 Etenim
1528 1633 1609 1688 sic
1650 1633 1927 1697 existimo,
1963 1648 2065 1689 no-

478 1737 653 1782 strum
697 1726 844 1781 hunc
899 1740 1208 1781 sermonem
1267 1723 1337 1779 ad
1385 1724 1761 1795 perlectiorem
1827 1723 2061 1779 Demon-

477 1818 754 1871 strationis
789 1817 1102 1887 evangelica
1138 1816 1463 1882 doctrinam,
1492 1816 1919 1886 graviorumque
1964 1815 2064 1870 doc

479 1918 725 1979 guratum
760 1909 1170 1981 intelligentiam
1212 1908 1288 1963 ita
1317 1907 1533 1964 demum
1577 1907 1930 1963 convenienti
1969 1921 2061 1962 or-

2171 625 2375 680 θέντων
2411 625 2477 680 ἂν
2513 628 2650 691 πρὸς
2679 630 2828 699 ἡμᾶς
2856 628 3092 695 εὐλόγως
3120 627 3224 680 om
3248 644 3306 680 τε
3346 627 3634 698 Ἑλλήνων,
3657 627 3752 682 καὶ

2168 716 2280 769 τῶν
2330 719 2396 771 ἐκ
2441 720 2743 789 περιτομῆς
2767 760 2782 781 ,
2838 719 3037 783 παντός
3070 735 3129 773 τε
3179 716 3274 772 τοῦ
3313 718 3451 788 μετά
3489 718 3753 790 ἀκριϐοῦς

2169 807 2469 874 ἐξετάσεως
2507 809 2576 863 τὰ
2604 809 2728 863 καθ’
2762 812 2909 882 ἡμᾶς
2933 810 3375 880 διερευνωμένου.
3412 809 3600 883 Ταύτῃ
3642 811 3751 883 γάρ

2171 915 2262 969 μοι
2287 899 2428 953 δοκῶ
2454 900 2549 953 τόν
2575 900 2733 968 λόγον
2763 901 2822 954 ὲν
2855 899 3007 965 τάξει
3032 904 3300 969 χωρήσειν
3330 900 3409 960 είς
3450 896 3550 968 τὴν
3599 899 3750 951 ιντε-

2168 990 2429 1062 λεστέραν
2443 991 2545 1061 τῆς
2560 990 2972 1061 Εὑαγγελικῆς
2997 988 3362 1054 ἀποδείξεως
3380 988 3749 1052 διδασκαλίαν,

2167 1081 2251 1146 είς
2296 1100 2356 1136 τε
2412 1082 2513 1155 τὴν
2568 1082 2676 1137 τῶν
2716 1082 3051 1154 βαρυτέρωνθ.
3071 1081 3359 1151 δογμάτων
3398 1079 3747 1148 κατανόησιν,

2167 1178 2216 1229 εί
2243 1176 2314 1229 τά
2336 1176 2434 1246 τῆς
2459 1176 2923 1249 προπαρασκευῆς
2940 1177 3071 1246 ἡμῖν
3092 1174 3199 1245 πρὸ
3224 1173 3342 1227 ὁδοῦ
3365 1173 3596 1242 γένοιτο,
3617 1189 3751 1225 στοιο

2167 1266 2439 1336 χειώσεως
2476 1268 2571 1321 καὶ
2603 1267 2911 1336 εἰσαγωγῆς
2934 1266 3201 1336 ἐπέχοντα
3223 1265 3407 1327 τόπον,
3440 1265 3533 1317 καὶ
3559 1266 3671 1327 τοῖς
3692 1263 3752 1329 ἐξ

2166 1358 2337 1412 ἐθνῶν
2374 1359 2500 1430 ἀρτι
2552 1359 2870 1431 προσιοῦσιν
2915 1358 3363 1429 ὲφαρμόττοντα·
3404 1356 3474 1408 τά
3516 1356 3573 1408 δὲ
3611 1355 3751 1425 μετά

2164 1450 2337 1503 ταῦτα
2363 1489 2379 1513 ,
2414 1453 2527 1514 τοῖς
2572 1451 2788 1504 ἐνθένδε
2818 1450 3197 1521 διαϐεϐηκόσι,
3244 1450 3341 1502 καὶ
3384 1448 3481 1515 τὴν
3501 1446 3615 1511 ἕξιν
3648 1448 3749 1519 ἤδη

2166 1541 2708 1613 παρεσκευασμένοις
2756 1543 2836 1604 είς
2878 1540 2977 1612 τὴν
3008 1541 3117 1593 τῶν
3155 1539 3483 1611 κρειττόνων
3515 1536 3751 1608 παραδο-

2165 1633 2289 1703 χὴν,
2331 1633 2429 1704 τὴν
2474 1632 2679 1703 ἀκριϐῆ
2706 1631 2907 1700 γνῶσιν
2936 1630 3276 1703 παραδώσειν
3302 1630 3399 1701 τῆς
3422 1645 3751 1682 συνεκτικω-

2163 1725 2335 1794 τάτης
2365 1725 2509 1778 κατά
2545 1725 2638 1777 τὸν
2689 1724 2919 1794 Σωτῆρα
2963 1725 3056 1777 καὶ
3097 1721 3302 1795 Κύριον
3346 1720 3506 1791 ἡμῶν
3544 1716 3752 1788 Ἰησοῦν

2164 1817 2401 1890 Χριστὸν
2442 1817 2532 1871 τὸν
2571 1816 2706 1869 θεὸν
2743 1815 3013 1887 μυστικῆς
3055 1814 3364 1885 οἰκονομίας
3402 1814 3501 1883 (5).
3546 1810 3752 1883 Ἀρξὼ-

2166 1909 2305 1979 μεθα
2332 1908 2390 1962 δὲ
2417 1909 2518 1979 τῆς
2553 1907 3092 1976 Προπαρασκευῆς,
3122 1907 3192 1961 τά
3240 1908 3378 1977 πρὸς
3410 1906 3557 1976 ἡμᾶς
3605 1903 3756 1956 εὐλό-

479 2000 609 2055 dine
644 2014 1056 2070 processurum,
1086 2000 1131 2056 si
1167 2015 1291 2071 qua:
1321 1999 1388 2055 ad
1424 2000 1878 2071 praeparationem
1912 1999 2060 2054 illam

2171 2019 2280 2070 γως
2311 2002 2417 2056 ὐπό
2446 2018 2507 2055 τε
2550 2000 2840 2073 Ἑλλήνων,
2881 1999 3106 2055 καὶτῶν
3136 2000 3203 2053 ἐκ
3230 1997 3535 2070 περιτομῆς
3557 2037 3573 2059 ,
3616 2012 3755 2049 πανο

477 2092 772 2160 pcrtinent,
806 2091 951 2146 viam
989 2091 1150 2147 nobis
1189 2091 1527 2161 aperuerint,
1561 2091 1766 2161 quippe
1802 2104 1928 2160 qua:
1952 2089 2064 2159 pri-

2171 2094 2265 2158 τός
2299 2110 2362 2148 τε
2391 2093 2488 2148 τοῦ
2530 2093 2669 2166 μετά
2709 2092 2973 2166 ἀκριϐοῦς
3010 2092 3311 2159 ἐξετάσεως
3346 2090 3414 2144 τά
3452 2088 3578 2143 καθ’
3608 2088 3755 2158 ἡμᾶς

479 2196 698 2237 morum
751 2182 1147 2239 elementorum
1205 2198 1271 2240 ac
1322 2182 1586 2238 facilioris
1639 2180 2067 2237 introductionis

2171 2185 2598 2256 διερευνωμένου
2623 2184 2997 2255 λεχθησόμενα
3025 2183 3415 2254 προσάγοντες.

478 2276 603 2332 loco
654 2275 838 2332 futura
868 2277 1001 2343 sint,
1050 2277 1333 2347 magisque
1365 2274 1436 2331 ad
1471 2290 1663 2331 earum
1717 2275 1985 2347 gentium,
2018 2292 2144 2348 quae
2180 2292 2357 2347 nuper
2408 2278 2477 2333 ad
2531 2292 2633 2334 nos
2693 2292 3007 2342 accessere,
3045 2286 3264 2346 captum
3319 2270 3750 2329 accommodata.

479 2372 683 2429 Deinde
734 2388 883 2441 vero,
933 2374 1098 2429 simul
1135 2384 1299 2444 atque
1343 2372 1659 2443 bujusmodi
1716 2372 2027 2429 rudimenta
2084 2377 2415 2445 superarint,
2468 2373 2823 2445 habitumque
2867 2372 3064 2429 mentis
3110 2372 3179 2426 ad
3234 2371 3443 2440 majora
3492 2367 3757 2438 capienda

476 2464 647 2537 probe
689 2465 1078 2535 compararim,
1130 2464 1456 2535 exquisitam
1511 2464 1645 2534 ipsis
1697 2479 1890 2520 eorum
1946 2466 2314 2537 cognitionem
2359 2467 2659 2531 trademus,
2717 2481 2845 2538 quae
2889 2465 2959 2521 ad
2995 2463 3409 2536 perfectissima:
3450 2470 3758 2529 cateraque

476 2559 663 2614 omnia
698 2560 996 2630 complexae
1032 2558 1162 2616 Iesu
1202 2559 1408 2616 Christi
1466 2559 1774 2617 Servatoris
1827 2576 1893 2617 ac
1944 2561 2163 2618 Domini
2214 2562 2420 2635 Deique
2474 2564 2649 2620 nostri
2696 2563 3020 2619 oeconomiae
3081 2560 3340 2632 mysteria
3386 2556 3751 2629 pertinebunt.

477 2652 631 2709 Hanc
662 2654 827 2726 igitur
849 2654 1302 2723 Prwparationem
1334 2657 1404 2712 ab
1438 2657 1506 2712 iis
1539 2659 1908 2728 auspicemur,
1961 2675 2085 2731 qua:
2121 2671 2231 2716 tam
2288 2676 2319 2716 a
2348 2660 2573 2726 Graecis,
2603 2676 2767 2731 quam
2816 2674 2848 2715 a
2881 2657 3086 2713 ludatis
3120 2671 3187 2712 ac
3216 2654 3443 2726 reliquis
3473 2651 3752 2717 omnibus,

478 2746 573 2818 qui
614 2748 869 2805 subtilius
900 2749 954 2804 in
982 2765 1167 2807 mores
1208 2752 1631 2824 institutumque
1660 2762 1913 2810 nostrum
1961 2756 2271 2826 inquirunt,
2302 2756 2721 2814 commemorari
2745 2764 2990 2827 possent.

1105 2865 1336 2922 CAPUT
1392 2867 1460 2924 Il.

477 2975 737 3044 Quwnam
783 2979 937 3051 vulgo
961 2981 1109 3035 nobis
1132 3021 1148 3046 ,
1198 2983 1289 3052 qui
1316 2999 1397 3038 res
1428 2964 1642 3040 nostra:
1684 2986 2061 3052 criminantur,

1026 3051 1253 3122 objicere
1284 3054 1511 3110 soleant.

550 3161 629 3218 Ae
652 3161 889 3233 primum
903 3162 1125 3233 quidem
1152 3179 1262 3220 non
1277 3165 1394 3222 sine
1407 3182 1575 3223 causa
1589 3166 1869 3238 quasierit
1885 3182 1951 3223 ex
1965 3181 2066 3223 no-

479 3254 564 3310 bis
576 3256 868 3327 quispiam,
882 3256 1143 3327 quidnam
1156 3257 1436 3313 hominum
1452 3259 1627 3316 simus
1638 3259 1729 3329 qui
1744 3259 1810 3314 ad
1825 3259 1929 3315 hoc
1938 3259 2069 3315 scri-

2703 2871 3102 2928 ΚΕΦΑΛᾹΙΟΝ
3137 2868 3214 2926 B'.

2180 2987 2322 3041 Τίνα
2359 2983 2512 3055 πρὸς
2532 2982 2689 3055 ἡμᾶς
2708 2984 2972 3052 σύνηθές
2990 2983 3123 3037 ἐστι
3151 2981 3353 3055 ,λέγειν⁸
3378 2981 3502 3047 τοῖς
3536 2980 3606 3034 τὰ
3625 2978 3757 3036 καθ’

2456 3053 2615 3126 ἡμᾶς
2652 3055 3000 3109 διαϐάλλειν
3038 3053 3467 3122 ἐπιχειροῦσιν.

2242 3168 2469 3243 Πρῶτον
2507 3168 2605 3240 μὲν
2625 3167 2738 3239 γὰρ
2767 3166 2991 3230 είκότως
3014 3166 3080 3221 ἀν
3104 3182 3189 3229 τις
3211 3165 3585 3235 διαπορήσειε,
3610 3164 3756 3227 τίνες

2170 3261 2326 3325 ὄντες
2362 3261 2456 3313 ἐπὶ
2482 3260 2583 3330 τὴν
2606 3258 2823 3331 γραφὴν
2853 3256 3309 3330 παρεληλύθαμεν
3332 3273 3346 3285 ·
3372 3256 3597 3326 πότερον
3628 3252 3756 3306 Ἕλ-

479 3345 643 3401 bendi
657 3361 829 3419 genus
843 3347 1171 3403 accedamus
1190 3365 1203 3403 :
1225 3348 1468 3405 Gracine
1486 3365 1554 3404 an
1574 3351 1818 3406 barbari?
1832 3360 1926 3406 aut
1938 3350 2069 3421 quid

2171 3352 2333 3423 ληνες
2363 3351 2398 3421 ἢ
2435 3350 2737 3422 βάρϐαροις
2787 3348 2906 3421 ἢτί
2954 3349 3021 3403 ἂν
3049 3347 3264 3417 γένοιτο
3306 3345 3511 3399 τούτων
3552 3343 3754 3415 μέσον;

480 3437 625 3494 inter
643 3448 906 3510 utrosque
926 3442 1166 3496 medium
1194 3455 1318 3497 esse
1341 3442 1551 3512 queat?
1569 3442 1763 3512 quales
1782 3456 1951 3512 porro
1971 3457 2071 3499 nos

480 3546 603 3587 esse
619 3531 995 3602 proﬁteamur,
1018 3548 1125 3588 non
1150 3533 1341 3604 utique
1366 3535 1609 3601 nomine,
1634 3535 1777 3604 quod
1796 3534 1909 3605 jam
1927 3532 2071 3604 apud

483 3639 675 3681 omnes
693 3625 971 3696 vulgatum
990 3633 1095 3693 est,
1113 3625 1208 3681 sed
1236 3640 1451 3681 morum
1472 3626 1704 3696 vitaeque
1727 3625 2072 3683 rationibus?

483 3712 696 3785 Quippe
723 3730 783 3771 se
806 3730 984 3786 neque
1015 3713 1330 3771 Graecorum
1362 3715 1506 3786 apud
1547 3731 1649 3771 nos
1683 3716 1847 3784 ritus,
1893 3731 2072 3788 neque

485 3806 538 3880 5
567 3808 931 3863 Barbarornm
988 3818 1192 3863 sectam
1246 3807 1415 3862 ullam
1468 3807 1690 3863 intueri.
1742 3808 1888 3876 Quid
1938 3823 2071 3882 ergo

485 3901 615 3957 novi
646 3899 917 3972 professio
950 3910 1139 3957 nostra
1172 3900 1276 3955 sit?
1305 3909 1401 3955 aut
1429 3916 1681 3972 quaenam
1715 3901 1834 3957 haec
1861 3917 2071 3974 nupera

486 3994 706 4051 vivendi
742 4000 976 4054 norma?
1017 3998 1225 4055 Deinde
1257 4010 1412 4061 vero,
1446 3993 1574 4064 quis
1614 4009 1716 4052 nos
1765 4003 1820 4050 et
1851 4010 2070 4051 summe

487 4070 690 4155 impios
717 4102 862 4155 esse,
899 4098 957 4145 et
984 4088 1334 4145 Divinitatem
1372 4088 1622 4145 funditus
1653 4087 1945 4144 sustulisse
1974 4103 2074 4144 ne-

489 4186 600 4249 get,
641 4180 734 4249 qui
772 4195 955 4237 mores
988 4182 1196 4254 patrios
1227 4182 1654 4249 deseruerimus,
1688 4196 1926 4251 quorum
1969 4180 2072 4235 ob-

490 4272 767 4327 servantia
791 4274 976 4330 nullus
998 4290 1107 4331 non
1138 4275 1395 4346 populus,
1421 4289 1529 4329 non
1554 4274 1749 4329 civitas
1773 4282 1900 4329 ante
1920 4273 2070 4328 nulla

491 4361 912 4420 continebatur?
944 4364 1241 4434 Praeterea,
1293 4367 1429 4438 quid
1481 4366 1797 4422 hominibus
1846 4365 1955 4421 illis
2001 4364 2071 4420 ad

492 4467 644 4523 spem
694 4456 860 4512 ullius
889 4456 1019 4513 boni
1063 4461 1407 4524 ostendatur,
1455 4459 1549 4530 qui
1594 4458 1920 4514 tutelaribus
1965 4457 2071 4513 diis

490 4543 695 4601 bellum
727 4548 1124 4616 denuntiarint,
1159 4567 1411 4622 quosque
1446 4559 1527 4606 tot
1549 4551 1940 4607 beneﬁciorum
1972 4566 2074 4605 au-

489 4643 673 4691 ctores
704 4637 926 4703 habent,
961 4640 1345 4711 repudiarint?
1376 4638 1516 4696 Nam
1553 4642 1687 4712 quid
1727 4643 1797 4697 ab
1825 4642 1894 4698 iis
1923 4641 2072 4697 aliud

2173 3442 2438 3504 καὶτίνας
2458 3441 2681 3503 ἑαυτοὺς
2715 3434 2853 3492 εἷναί
2878 3455 3060 3510 φαμεν
3083 3476 3098 3501 ,
3126 3437 3187 3490 οὐ
3221 3438 3318 3507 τὴν
3361 3435 3753 3508 προσηγορίαν,

2170 3533 2254 3587 ὅτι
2281 3534 2377 3585 καὶ
2397 3533 2509 3594 τοῖς
2543 3531 2710 3584 πᾶσιν
2737 3529 2959 3600 ἔκδηλος
2978 3528 3144 3600 αὕτη,
3163 3528 3299 3581 ἀλλά
3316 3529 3407 3582 τὸν
3432 3528 3634 3599 τρόπον
3659 3526 3757 3580 καῖ

2171 3625 2271 3695 τὴν
2301 3621 2620 3694 προαίρεσιν
2656 3619 2751 3673 τοῦ
2781 3620 2898 3691 βίου
2921 3637 2937 3686 ;
2961 3619 3085 3673 οὔτε
3105 3619 3215 3692 γὰρ
3240 3619 3307 3674 τά
3334 3619 3601 3692 Ἐλλήνων
3624 3636 3755 3690 φρο-

2172 3713 2398 3777 νοῦντας
2426 3698 2580 3786 ὁρᾷν,
2606 3711 2731 3766 οὐτε
2763 3712 2832 3765 τὰ
2874 3712 3166 3786 βαρϐαρων
3213 3712 3652 3782 ἐπιτηδεύοντας.
3688 3710 3754 3764 τί

2171 3803 2265 3861 οὖν
2310 3805 2376 3860 ἂν
2409 3806 2619 3875 γένοιτο
2646 3804 2711 3857 τὸ
2733 3804 2853 3857 καθ’
2881 3806 3026 3876 ἡμᾶς
3055 3804 3224 3871 ξένον,
3265 3805 3360 3859 καὶ
3389 3804 3473 3868 τίς
3502 3806 3532 3857 ό
3565 3818 3758 3857 νεωτε-

2172 3898 2369 3972 ρισμὸς
2409 3897 2504 3951 τοῦ
2556 3897 2707 3969 βίου;
2754 3896 2880 3961 Πῶς
2920 3897 2967 3951 δ’
2996 3898 3060 3951 οὐ
3107 3896 3445 3966 πανταχόθεν
3476 3896 3758 3960 δυσσεϐεῖς

2170 3992 2238 4047 ἂν
2270 3987 2379 4045 εἷεν
2407 3991 2501 4046 καὶ
2530 3990 2700 4055 ἄθεοι,
2729 3991 2780 4043 οἱ
2806 3988 2918 4043 τῶν
2955 3989 3197 4060 πατρίων
3224 3989 3363 4042 ἐθῶν
3400 3988 3756 4052 ἀποστάντες,

2170 4085 2239 4139 δι’
2263 4077 2340 4139 ὧν
2375 4085 2484 4140 πᾶν
2523 4083 2676 4147 ἔθνος
2702 4084 2797 4137 καὶ
2842 4085 2993 4137 πᾶσα
3034 4082 3192 4146 πόλις
3216 4082 3577 4153 συνέστηκενς
3607 4081 3677 4133 Ἦ
3705 4080 3759 4134 τί

2173 4177 2340 4232 καλὸν
2367 4177 2585 4231 ἐλπίσαι
2618 4176 2765 4240 εἰκὸς
2790 4177 2917 4241 τούς
2945 4175 3057 4229 τῶν
3095 4174 3376 4246 σωτηρίων
3411 4173 3641 4243 ἐχθροὺς
3664 4172 3760 4226 καὶ

2175 4271 2469 4344 πολεμίους
2532 4270 2932 4334 καταστάντας,
2978 4268 3074 4324 καὶ
3112 4270 3239 4332 τοὺς
3281 4268 3579 4339 εὐεργέτας
3619 4283 3760 4338 παρ-

2172 4365 2521 4436 ωσαμένουςς
2552 4365 2665 4419 Καὶ
2686 4363 2740 4416 τί
2759 4362 2868 4435 γὰρ
2894 4362 3042 4428 ἄλλο,
3065 4361 3099 4433 ἢ
3124 4360 3557 4432 θεομαχοῦντας;
3596 4358 3757 4424 ποίας

2173 4458 2230 4512 δὲ
2260 4458 2356 4511 καὶ
2385 4454 2786 4529 ἀξιωθήσεσθαι
2818 4453 3147 4526 συγγνώμης
3177 4454 3304 4517 τούς
3343 4452 3404 4517 ἐξ
3431 4453 3625 4516 αἰῶνος
3660 4452 3759 4523 μὲν

2176 4550 2329 4622 παρά
2360 4551 2526 4603 πᾶσιν
2557 4548 2784 4619 Ἕλλησι
2820 4548 2916 4603 καὶ
2946 4546 3267 4619 βαρϐάροις,
3297 4545 3439 4600 κατά
3469 4562 3529 4598 τε
3576 4545 3760 4609 πόλεις

2177 4644 2273 4697 καὶ
2302 4643 2507 4715 ἀγροὺς
2534 4641 2810 4705 παντοίοις
2841 4641 3006 4710 ἱεροῖς
3034 4639 3126 4692 καὶ
3156 4637 3399 4702 τελεταῖς
3429 4637 3521 4690 καὶ
3556 4653 3762 4707 μυστη-

490 4727 630 4792 fieri,
656 4744 821 4800 quam
855 4746 981 4786 cum
1006 4732 1115 4787 diis
1142 4732 1276 4802 ipsis
1302 4733 1534 4805 pugnari
1555 4733 1745 4789 dicas?
1767 4730 1884 4799 Qua
1904 4749 2069 4805 porro

2180 4736 2314 4807 ρίοις
2347 4735 2483 4806 πρὸς
2527 4734 2783 4789 ἁπάντων
2824 4732 2961 4803 ὁμοῦ
3006 4730 3268 4803 βασιλέων
3304 4747 3366 4784 τε
3401 4732 3495 4785 καὶ
3531 4729 3759 4800 νομοθε-

491 4819 648 4872 venia
682 4818 879 4890 dignos
911 4820 1048 4887 fore,
1089 4823 1186 4892 qui
1226 4838 1353 4878 eum
1400 4823 1469 4879 ab
1498 4839 1695 4879 eorum
1735 4825 1887 4881 cultu
1917 4822 2072 4880 del'e-

494 4910 693 4977 cerint,
744 4928 886 4982 quos
936 4914 1009 4969 ab
1051 4914 1233 4970 omnis
1267 4915 1369 4971 aevi
1421 4916 1692 4972 memoria
1740 4926 1853 4972 tam
1898 4915 2071 4972 Graeci

493 5015 659 5070 quam
712 5002 937 5058 barbari
988 5006 1196 5074 passim
1248 5007 1515 5075 universi,
1573 5017 1683 5064 tam
1731 5008 1787 5064 in
1844 5010 2074 5065 urbibus

492 5109 656 5163 quam
685 5093 739 5148 in
770 5097 938 5167 agris,
966 5098 1116 5152 omni
1142 5113 1448 5165 sacrorum,
1479 5101 1803 5172 religionum
1851 5117 1918 5157 ac
1954 5119 2074 5175 my-

495 5187 789 5241 steriorum
843 5204 1063 5258 genere,
1123 5193 1516 5263 communique
1558 5211 1747 5266 regum
1799 5195 2071 5263 omnium,

496 5275 916 5348 legumlatorum
955 5296 1021 5336 ae
1054 5280 1506 5353 philosophorum
1525 5286 1916 5356 approbatione
1932 5286 2074 5342 Deos

498 5368 886 5438 celebrarunt;
953 5380 1069 5425 tum
1122 5388 1254 5427 vero
1308 5374 1574 5446 quidquid
1635 5376 1777 5432 inter
1823 5377 2075 5433 homines

496 5460 724 5531 impium
783 5477 848 5518 ac
897 5462 1004 5518 diis
1053 5463 1291 5519 invisum
1340 5476 1488 5531 erat,
1548 5466 1695 5523 ultro
1735 5468 2075 5541 delegerint?

494 5552 708 5619 Quibus
772 5562 952 5609 autem
1006 5555 1045 5609 ii
1097 5555 1219 5626 jure
1281 5572 1392 5612 non
1449 5558 1814 5629 subiiciantur
1855 5560 2069 5630 poenis,

495 5644 593 5716 qui
629 5645 931 5715 patriorum
962 5660 1248 5705 sacrorum
1290 5649 1618 5721 desertores,
1663 5652 1980 5724 peregrinas
2018 5660 2073 5708 et

2176 4827 2284 4880 τῶν
2313 4828 2406 4881 καὶ
2448 4825 2752 4896 φιλοσόφων
2793 4822 3244 4894 θεολογουμένους
3287 4821 3758 4894 ἀποστραφέντας,

2181 4918 2468 4988 ἑλομένους
2502 4916 2560 4972 δὲ
2594 4917 2666 4971 τά
2688 4916 2861 4987 ἀσεϐῆ
2891 4916 2986 4970 καὶ
3028 4915 3163 4969 ἄθεα
3194 4913 3303 4968 τῶν
3333 4915 3391 4967 ὲν
3417 4912 3758 4985 ἀνθρώποις;

2177 5012 2366 5076 Ποίαις
2402 5010 2446 5064 δ’
2486 5010 2589 5064 οὐκ
2635 5010 2702 5065 ἂν
2739 5009 2963 5074 ἐνδίκως
2996 5007 3350 5079 ὑποϐληθεϊεν
3372 5006 3688 5079 τιμωρίαις,
3710 5008 3763 5060 οί

2176 5102 2285 5157 τῶν
2314 5104 2412 5174 μὲν
2442 5100 2689 5174 πατρίων
2718 5101 2953 5172 φυγάδες
2973 5141 2987 5164 ,
3027 5099 3137 5154 τῶν
3167 5099 3211 5152 δ’
3238 5098 3459 5151 ὀθνείων
3493 5099 3584 5150 καὶ
3611 5096 3762 5170 παρά

2178 5197 2311 5249 πᾶσι
2349 5194 2794 5267 διαϐεϐλημένων
2833 5193 3140 5248 Ἰουδαϊκῶν
3175 5191 3639 5264 μυθολογημάτων
3666 5209 3760 5261 γε-

2176 5288 2393 5358 νόμενοι
2441 5286 2717 5358 ζηλωταίς
2764 5284 2882 5349 πῶς
2920 5285 2966 5339 δ’
2999 5286 3061 5339 οὐ
3112 5282 3413 5356 μοχθηρίας
3461 5280 3598 5336 εἶναι
3662 5283 3762 5338 καὶ

2177 5376 2460 5449 εὐχερείας
2503 5376 2772 5447 ἐσχάτης,
2811 5374 2874 5429 τὸ
2919 5374 3247 5447 μεταθέσθαι
3288 5374 3387 5443 μὲν
3425 5374 3663 5437 εὐκόλως
3692 5374 3763 5427 τὰ

2175 5467 2287 5521 τῶν
2322 5467 2559 5532 οἰκείων,
2594 5466 2773 5539 ἀλόγῳ
2794 5467 2851 5521 δὲ
2872 5467 2967 5520 καὶ
2994 5465 3332 5537 ἀνεξετάστῳ
3360 5465 3541 5519 πίστει
3564 5464 3633 5518 τὰ
3656 5464 3763 5518 τῶν

2178 5560 2453 5614 δυσσεϐὦν
2486 5562 2582 5613 καὶ
2629 5562 2795 5613 πᾶσιν
2836 5559 3015 5613 ἔθνεσι
3056 5556 3331 5628 πολεμίων
3363 5556 3611 5621 έλέσθαι;
3651 5556 3762 5610 Καὶ

2185 5652 2308 5723 μηδ’
2336 5650 2486 5723 αὐτῷ
2515 5652 2595 5723 τῷ
2622 5652 2772 5725 παρά
2814 5651 3086 5717 Ἰουδαίοις
3125 5651 3422 5724 τιμωμένῳ
3452 5650 3590 5722 Θεῷ,
3624 5649 3761 5704 κατά

540 5823 646 5907 ’(5)
687 5825 1056 5909 ρικωςοέιὶας.
1102 5826 1251 5886 Trita
1275 5841 1381 5887 vox
1407 5830 1549 5902 apud
1582 5827 1681 5887 SS.
1712 5827 1925 5899 Patres,
1948 5829 2068 5886 ἀντὶ

2171 5850 2204 5897 ,ς
2234 5833 2719 5909 ἐνανθρωπήσεως,
2754 5835 2848 5890 καὶ
2882 5833 3210 5908 σαρκώσεως
3262 5833 3355 5893 τοῦ
3393 5836 3567 5903 Λόγου
3589 5871 3605 5901 ,
3657 5834 3751 5888 καὶ

497 5895 606 5950 τῶν
635 5895 771 5968 πρὸς
797 5895 980 5973 αὐτῆν.
