  <div class='ocr_page' id='page_1' title='image "/cluster/home/n/w/nwhite01/storage/ocr_20150623/21:no.3/coo.31924054873017/028.png"; bbox 0 0 4154 6408; ppageno 0'>
   <div class='ocr_carea' id='block_1_1' title="bbox 424 381 3691 447">
    <p class='ocr_par' dir='ltr' id='par_1_1' title="bbox 424 381 3691 447">
     <span class='ocr_line' id='line_1_1' title="bbox 424 381 3691 447; baseline -0.004 -5"><span class='ocrx_word' id='word_1_1' title='bbox 424 383 497 442; x_wconf 77' lang='lat' dir='ltr'><strong>ss</strong></span> <span class='ocrx_word' id='word_1_2' title='bbox 1630 382 1955 440; x_wconf 63' lang='lat' dir='ltr'><strong>rumpas.</strong></span> <span class='ocrx_word' id='word_1_3' title='bbox 1996 381 2250 439; x_wconf 81' lang='lat' dir='ltr'><strong>EVANG.</strong></span> <span class='ocrx_word' id='word_1_4' title='bbox 2281 382 2410 438; x_wconf 82' lang='lat' dir='ltr'><strong>us.</strong></span> <span class='ocrx_word' id='word_1_5' title='bbox 2447 382 2488 436; x_wconf 86' lang='grc' dir='ltr'>ι.</span> <span class='ocrx_word' id='word_1_6' title='bbox 3618 392 3691 447; x_wconf 68' lang='lat' dir='ltr'><strong>3o</strong></span> 
     </span>
    </p>
   </div>
   <div class='ocr_carea' id='block_1_2' title="bbox 423 496 2006 575">
    <p class='ocr_par' dir='ltr' id='par_1_2' title="bbox 423 499 2006 575">
     <span class='ocr_line' id='line_1_2' title="bbox 423 499 2006 575; baseline -0.003 -19"><span class='ocrx_word' id='word_1_7' title='bbox 423 503 494 556; x_wconf 78' lang='grc' dir='ltr'>τὰ</span> <span class='ocrx_word' id='word_1_8' title='bbox 529 503 656 575; x_wconf 80' lang='grc' dir='ltr'>παρ’</span> <span class='ocrx_word' id='word_1_9' title='bbox 688 501 873 564; x_wconf 83' lang='grc' dir='ltr'>αὐτοῖς</span> <span class='ocrx_word' id='word_1_10' title='bbox 918 500 1276 573; x_wconf 77' lang='grc' dir='ltr'><strong>προσανέχειν</strong></span> <span class='ocrx_word' id='word_1_11' title='bbox 1313 500 1538 571; x_wconf 86' lang='grc' dir='ltr'>νόμιμα·</span> <span class='ocrx_word' id='word_1_12' title='bbox 1578 500 1770 572; x_wconf 80' lang='grc' dir='ltr'>καινὴν</span> <span class='ocrx_word' id='word_1_13' title='bbox 1799 499 1858 554; x_wconf 79' lang='grc' dir='ltr'><strong>δέ</strong></span> <span class='ocrx_word' id='word_1_14' title='bbox 1886 516 2006 553; x_wconf 84' lang='grc' dir='ltr'>τινα</span> 
     </span>
    </p>
   </div>
   <div class='ocr_carea' id='block_1_3' title="bbox 2107 496 3687 575">
    <p class='ocr_par' dir='ltr' id='par_1_3' title="bbox 2111 496 3687 559">
     <span class='ocr_line' id='line_1_3' title="bbox 2111 496 3687 559; baseline 0.004 -6"><span class='ocrx_word' id='word_1_15' title='bbox 2111 499 2357 554; x_wconf 88' lang='lat' dir='ltr'><strong>omnium</strong></span> <span class='ocrx_word' id='word_1_16' title='bbox 2390 498 2669 555; x_wconf 88' lang='lat' dir='ltr'><strong>traductas</strong></span> <span class='ocrx_word' id='word_1_17' title='bbox 2687 497 2918 555; x_wconf 83' lang='lat' dir='ltr'><strong>vocibus</strong></span> <span class='ocrx_word' id='word_1_18' title='bbox 2939 496 3257 555; x_wconf 71' lang='lat' dir='ltr'><strong>Iudaeorum</strong></span> <span class='ocrx_word' id='word_1_19' title='bbox 3281 500 3494 559; x_wconf 80' lang='lat' dir='ltr'><strong>fabulas</strong></span> <span class='ocrx_word' id='word_1_20' title='bbox 3515 519 3687 559; x_wconf 77' lang='lat' dir='ltr'><strong>aemu-</strong></span> 
     </span>
    </p>
   </div>
   <div class='ocr_carea' id='block_1_4' title="bbox 424 589 2006 666">
    <p class='ocr_par' dir='ltr' id='par_1_4' title="bbox 424 590 2005 666">
     <span class='ocr_line' id='line_1_4' title="bbox 424 590 2005 666; baseline -0.002 -19"><span class='ocrx_word' id='word_1_21' title='bbox 424 593 519 648; x_wconf 79' lang='grc' dir='ltr'><strong>καὶ</strong></span> <span class='ocrx_word' id='word_1_22' title='bbox 549 593 762 666; x_wconf 81' lang='grc' dir='ltr'>ἐρήμην</span> <span class='ocrx_word' id='word_1_23' title='bbox 788 592 1002 646; x_wconf 75' lang='grc' dir='ltr'>ἀνοδίαν</span> <span class='ocrx_word' id='word_1_24' title='bbox 1030 593 1243 655; x_wconf 81' lang='grc' dir='ltr'><strong>ἑαυτοῖς</strong></span> <span class='ocrx_word' id='word_1_25' title='bbox 1274 609 1429 645; x_wconf 89' lang='grc' dir='ltr'>συντε</span> <span class='ocrx_word' id='word_1_26' title='bbox 1435 594 1575 662; x_wconf 88' lang='grc' dir='ltr'>μεῖν,</span> <span class='ocrx_word' id='word_1_27' title='bbox 1604 593 1744 663; x_wconf 88' lang='grc' dir='ltr'>μήτε</span> <span class='ocrx_word' id='word_1_28' title='bbox 1773 590 1843 644; x_wconf 83' lang='grc' dir='ltr'>τὰ</span> <span class='ocrx_word' id='word_1_29' title='bbox 1887 590 2005 644; x_wconf 78' lang='grc' dir='ltr'><strong>Ἐλ-</strong></span> 
     </span>
    </p>
   </div>
   <div class='ocr_carea' id='block_1_5' title="bbox 2107 589 3688 666">
    <p class='ocr_par' dir='ltr' id='par_1_5' title="bbox 2109 589 3688 663">
     <span class='ocr_line' id='line_1_5' title="bbox 2109 589 3688 663; baseline 0.002 -18"><span class='ocrx_word' id='word_1_30' title='bbox 2109 591 2328 646; x_wconf 83' lang='lat' dir='ltr'><strong>lentur?</strong></span> <span class='ocrx_word' id='word_1_31' title='bbox 2370 589 2506 657; x_wconf 85' lang='lat' dir='ltr'><strong>Quis</strong></span> <span class='ocrx_word' id='word_1_32' title='bbox 2540 590 2668 645; x_wconf 92' lang='lat' dir='ltr'><strong>item</strong></span> <span class='ocrx_word' id='word_1_33' title='bbox 2705 591 2810 646; x_wconf 85' lang='lat' dir='ltr'><strong>hoc</strong></span> <span class='ocrx_word' id='word_1_34' title='bbox 2844 607 3074 649; x_wconf 62' lang='lat' dir='ltr'><strong>summa:</strong></span> <span class='ocrx_word' id='word_1_35' title='bbox 3100 593 3387 663; x_wconf 87' lang='lat' dir='ltr'><strong>cujusdam</strong></span> <span class='ocrx_word' id='word_1_36' title='bbox 3420 594 3688 663; x_wconf 88' lang='lat' dir='ltr'><strong>improbi-</strong></span> 
     </span>
    </p>
   </div>
   <div class='ocr_carea' id='block_1_6' title="bbox 424 681 2006 756">
    <p class='ocr_par' dir='ltr' id='par_1_6' title="bbox 424 682 1608 756">
     <span class='ocr_line' id='line_1_6' title="bbox 424 682 1608 756; baseline -0.003 -18"><span class='ocrx_word' id='word_1_37' title='bbox 424 682 617 755; x_wconf 85' lang='grc' dir='ltr'><strong>λήνων,</strong></span> <span class='ocrx_word' id='word_1_38' title='bbox 652 685 790 756; x_wconf 85' lang='grc' dir='ltr'>μήτε</span> <span class='ocrx_word' id='word_1_39' title='bbox 809 683 879 737; x_wconf 85' lang='grc' dir='ltr'><strong>τὰ</strong></span> <span class='ocrx_word' id='word_1_40' title='bbox 912 683 1179 738; x_wconf 79' lang='grc' dir='ltr'><strong>Ἰουδαίων</strong></span> <span class='ocrx_word' id='word_1_41' title='bbox 1205 683 1608 754; x_wconf 82' lang='grc' dir='ltr'>φυλάττουσαν;</span> 
     </span>
    </p>
   </div>
   <div class='ocr_carea' id='block_1_7' title="bbox 2107 681 3681 756">
    <p class='ocr_par' dir='ltr' id='par_1_7' title="bbox 2112 681 3681 752">
     <span class='ocr_line' id='line_1_7' title="bbox 2112 681 3681 752; baseline 0.003 -15"><span class='ocrx_word' id='word_1_42' title='bbox 2112 682 2246 737; x_wconf 91' lang='lat' dir='ltr'><strong>tatis</strong></span> <span class='ocrx_word' id='word_1_43' title='bbox 2266 696 2332 737; x_wconf 90' lang='lat' dir='ltr'><strong>ac</strong></span> <span class='ocrx_word' id='word_1_44' title='bbox 2352 681 2676 738; x_wconf 72' lang='lat' dir='ltr'><strong>temeritatis</strong></span> <span class='ocrx_word' id='word_1_45' title='bbox 2701 697 2822 739; x_wconf 91' lang='lat' dir='ltr'><strong>esse</strong></span> <span class='ocrx_word' id='word_1_46' title='bbox 2855 699 2964 741; x_wconf 91' lang='lat' dir='ltr'><strong>non</strong></span> <span class='ocrx_word' id='word_1_47' title='bbox 2998 685 3199 752; x_wconf 84' lang='lat' dir='ltr'><strong>videat,</strong></span> <span class='ocrx_word' id='word_1_48' title='bbox 3232 685 3534 740; x_wconf 89' lang='lat' dir='ltr'><strong>amicorum</strong></span> <span class='ocrx_word' id='word_1_49' title='bbox 3577 701 3681 741; x_wconf 58' lang='lat' dir='ltr'><strong>ne.</strong></span> 
     </span>
    </p>
   </div>
   <div class='ocr_carea' id='block_1_8' title="bbox 428 776 3688 852">
    <p class='ocr_par' dir='ltr' id='par_1_8' title="bbox 428 776 3688 852">
     <span class='ocr_line' id='line_1_8' title="bbox 428 776 3688 852; baseline 0.002 -20"><span class='ocrx_word' id='word_1_50' title='bbox 428 778 905 847; x_wconf 86' lang='lat' dir='ltr'><strong>cessariorumque</strong></span> <span class='ocrx_word' id='word_1_51' title='bbox 951 793 1134 833; x_wconf 91' lang='lat' dir='ltr'><strong>mores</strong></span> <span class='ocrx_word' id='word_1_52' title='bbox 1180 786 1345 848; x_wconf 89' lang='lat' dir='ltr'><strong>atque</strong></span> <span class='ocrx_word' id='word_1_53' title='bbox 1377 776 1516 833; x_wconf 85' lang='lat' dir='ltr'><strong>ritus</strong></span> <span class='ocrx_word' id='word_1_54' title='bbox 1560 777 1961 833; x_wconf 85' lang='lat' dir='ltr'><strong>inconsiderate</strong></span> <span class='ocrx_word' id='word_1_55' title='bbox 1988 792 2055 833; x_wconf 87' lang='lat' dir='ltr'><strong>ac</strong></span> <span class='ocrx_word' id='word_1_56' title='bbox 2092 777 2284 833; x_wconf 87' lang='lat' dir='ltr'><strong>leviter</strong></span> <span class='ocrx_word' id='word_1_57' title='bbox 2338 777 2608 849; x_wconf 89' lang='lat' dir='ltr'><strong>abjicere,</strong></span> <span class='ocrx_word' id='word_1_58' title='bbox 2662 793 2727 834; x_wconf 89' lang='lat' dir='ltr'><strong>ac</strong></span> <span class='ocrx_word' id='word_1_59' title='bbox 2771 793 2893 835; x_wconf 90' lang='lat' dir='ltr'><strong>sese</strong></span> <span class='ocrx_word' id='word_1_60' title='bbox 2934 778 3077 835; x_wconf 82' lang='lat' dir='ltr'><strong>futili</strong></span> <span class='ocrx_word' id='word_1_61' title='bbox 3139 780 3375 851; x_wconf 86' lang='lat' dir='ltr'><strong>quadam</strong></span> <span class='ocrx_word' id='word_1_62' title='bbox 3426 781 3688 852; x_wconf 89' lang='lat' dir='ltr'><strong>nulloque</strong></span> 
     </span>
    </p>
   </div>
   <div class='ocr_carea' id='block_1_9' title="bbox 424 870 3686 946">
    <p class='ocr_par' dir='ltr' id='par_1_9' title="bbox 424 870 3686 946">
     <span class='ocr_line' id='line_1_9' title="bbox 424 870 3686 946; baseline 0.002 -17"><span class='ocrx_word' id='word_1_63' title='bbox 424 872 676 929; x_wconf 78' lang='lat' dir='ltr'><strong>examine</strong></span> <span class='ocrx_word' id='word_1_64' title='bbox 718 872 949 941; x_wconf 85' lang='lat' dir='ltr'><strong>probata</strong></span> <span class='ocrx_word' id='word_1_65' title='bbox 985 870 1089 925; x_wconf 93' lang='lat' dir='ltr'><strong>ﬁde</strong></span> <span class='ocrx_word' id='word_1_66' title='bbox 1129 871 1198 926; x_wconf 91' lang='lat' dir='ltr'><strong>ad</strong></span> <span class='ocrx_word' id='word_1_67' title='bbox 1252 870 1534 926; x_wconf 85' lang='lat' dir='ltr'><strong>hominum</strong></span> <span class='ocrx_word' id='word_1_68' title='bbox 1597 871 1913 941; x_wconf 87' lang='lat' dir='ltr'><strong>impiorum,</strong></span> <span class='ocrx_word' id='word_1_69' title='bbox 1954 871 2296 941; x_wconf 86' lang='lat' dir='ltr'><strong>populosque</strong></span> <span class='ocrx_word' id='word_1_70' title='bbox 2337 886 2528 928; x_wconf 89' lang='lat' dir='ltr'><strong>omnes</strong></span> <span class='ocrx_word' id='word_1_71' title='bbox 2584 873 2767 929; x_wconf 88' lang='lat' dir='ltr'><strong>hostili</strong></span> <span class='ocrx_word' id='word_1_72' title='bbox 2827 876 3271 946; x_wconf 80' lang='lat' dir='ltr'><strong>prosequentium</strong></span> <span class='ocrx_word' id='word_1_73' title='bbox 3307 877 3435 933; x_wconf 92' lang='lat' dir='ltr'><strong>odio</strong></span> <span class='ocrx_word' id='word_1_74' title='bbox 3480 890 3686 934; x_wconf 87' lang='lat' dir='ltr'><strong>sectam</strong></span> 
     </span>
    </p>
   </div>
   <div class='ocr_carea' id='block_1_10' title="bbox 423 961 3689 1038">
    <p class='ocr_par' dir='ltr' id='par_1_10' title="bbox 423 961 3689 1038">
     <span class='ocr_line' id='line_1_10' title="bbox 423 961 3689 1038; baseline 0.003 -20"><span class='ocrx_word' id='word_1_75' title='bbox 423 963 758 1034; x_wconf 81' lang='lat' dir='ltr'><strong>adjungere?</strong></span> <span class='ocrx_word' id='word_1_76' title='bbox 821 961 956 1028; x_wconf 89' lang='lat' dir='ltr'><strong>lmo,</strong></span> <span class='ocrx_word' id='word_1_77' title='bbox 991 978 1063 1017; x_wconf 91' lang='lat' dir='ltr'><strong>ne</strong></span> <span class='ocrx_word' id='word_1_78' title='bbox 1100 962 1268 1018; x_wconf 92' lang='lat' dir='ltr'><strong>Deum</strong></span> <span class='ocrx_word' id='word_1_79' title='bbox 1317 962 1541 1035; x_wconf 90' lang='lat' dir='ltr'><strong>quidem</strong></span> <span class='ocrx_word' id='word_1_80' title='bbox 1591 964 1770 1033; x_wconf 91' lang='lat' dir='ltr'><strong>ipsum</strong></span> <span class='ocrx_word' id='word_1_81' title='bbox 1802 980 1833 1019; x_wconf 89' lang='lat' dir='ltr'><strong>a</strong></span> <span class='ocrx_word' id='word_1_82' title='bbox 1864 962 2068 1020; x_wconf 60' lang='lat' dir='ltr'><strong>Iudaeis</strong></span> <span class='ocrx_word' id='word_1_83' title='bbox 2104 964 2311 1020; x_wconf 91' lang='lat' dir='ltr'><strong>cultum</strong></span> <span class='ocrx_word' id='word_1_84' title='bbox 2365 980 2519 1021; x_wconf 89' lang='lat' dir='ltr'><strong>more</strong></span> <span class='ocrx_word' id='word_1_85' title='bbox 2555 965 2911 1038; x_wconf 88' lang='lat' dir='ltr'><strong>institutoque</strong></span> <span class='ocrx_word' id='word_1_86' title='bbox 2940 966 3251 1025; x_wconf 72' lang='lat' dir='ltr'><strong>Judteorum</strong></span> <span class='ocrx_word' id='word_1_87' title='bbox 3279 973 3525 1027; x_wconf 87' lang='lat' dir='ltr'><strong>venerari</strong></span> <span class='ocrx_word' id='word_1_88' title='bbox 3551 990 3566 1025; x_wconf 92' lang='lat'>:</span> <span class='ocrx_word' id='word_1_89' title='bbox 3591 972 3689 1028; x_wconf 87' lang='lat' dir='ltr'><strong>sed</strong></span> 
     </span>
    </p>
   </div>
   <div class='ocr_carea' id='block_1_11' title="bbox 426 1056 3690 1135">
    <p class='ocr_par' dir='ltr' id='par_1_11' title="bbox 426 1056 3690 1135">
     <span class='ocr_line' id='line_1_11' title="bbox 426 1056 3690 1135; baseline 0.004 -24"><span class='ocrx_word' id='word_1_90' title='bbox 426 1072 625 1111; x_wconf 83' lang='lat' dir='ltr'><strong>novam</strong></span> <span class='ocrx_word' id='word_1_91' title='bbox 652 1071 718 1111; x_wconf 91' lang='lat' dir='ltr'><strong>ac</strong></span> <span class='ocrx_word' id='word_1_92' title='bbox 739 1056 1015 1113; x_wconf 87' lang='lat' dir='ltr'><strong>desertam</strong></span> <span class='ocrx_word' id='word_1_93' title='bbox 1049 1058 1366 1127; x_wconf 80' lang='lat' dir='ltr'><strong>quamdam,</strong></span> <span class='ocrx_word' id='word_1_94' title='bbox 1410 1057 1505 1113; x_wconf 91' lang='lat' dir='ltr'><strong>ubi</strong></span> <span class='ocrx_word' id='word_1_95' title='bbox 1552 1058 1762 1113; x_wconf 92' lang='lat' dir='ltr'><strong>nullum</strong></span> <span class='ocrx_word' id='word_1_96' title='bbox 1818 1066 1916 1113; x_wconf 90' lang='lat' dir='ltr'><strong>aut</strong></span> <span class='ocrx_word' id='word_1_97' title='bbox 1957 1056 2272 1114; x_wconf 84' lang='lat' dir='ltr'><strong>Graecorum</strong></span> <span class='ocrx_word' id='word_1_98' title='bbox 2313 1067 2409 1114; x_wconf 91' lang='lat' dir='ltr'><strong>aut</strong></span> <span class='ocrx_word' id='word_1_99' title='bbox 2474 1060 2835 1116; x_wconf 88' lang='lat' dir='ltr'><strong>barbarorum</strong></span> <span class='ocrx_word' id='word_1_100' title='bbox 2877 1062 3159 1133; x_wconf 77' lang='lat' dir='ltr'><strong>vestigium</strong></span> <span class='ocrx_word' id='word_1_101' title='bbox 3206 1076 3483 1135; x_wconf 84' lang='lat' dir='ltr'><strong>appareat,</strong></span> <span class='ocrx_word' id='word_1_102' title='bbox 3521 1067 3690 1123; x_wconf 89' lang='lat' dir='ltr'><strong>semi-</strong></span> 
     </span>
    </p>
   </div>
   <div class='ocr_carea' id='block_1_12' title="bbox 431 1149 859 1206">
    <p class='ocr_par' dir='ltr' id='par_1_12' title="bbox 431 1149 859 1206">
     <span class='ocr_line' id='line_1_12' title="bbox 431 1149 859 1206; baseline -0.002 -1"><span class='ocrx_word' id='word_1_103' title='bbox 431 1157 545 1206; x_wconf 88' lang='lat' dir='ltr'><strong>tam</strong></span> <span class='ocrx_word' id='word_1_104' title='bbox 569 1149 859 1206; x_wconf 81' lang='lat' dir='ltr'><strong>insistere?</strong></span> 
     </span>
    </p>
   </div>
   <div class='ocr_carea' id='block_1_13' title="bbox 496 1240 2045 1317">
    <p class='ocr_par' dir='ltr' id='par_1_13' title="bbox 496 1240 2045 1317">
     <span class='ocr_line' id='line_1_13' title="bbox 496 1240 2045 1317; baseline 0.001 -19"><span class='ocrx_word' id='word_1_105' title='bbox 496 1244 685 1299; x_wconf 75' lang='grc' dir='ltr'>Ταῦτα</span> <span class='ocrx_word' id='word_1_106' title='bbox 717 1245 817 1316; x_wconf 86' lang='grc' dir='ltr'>μὲν</span> <span class='ocrx_word' id='word_1_107' title='bbox 858 1240 952 1299; x_wconf 81' lang='grc' dir='ltr'>οὖν</span> <span class='ocrx_word' id='word_1_108' title='bbox 999 1245 1224 1309; x_wconf 75' lang='grc' dir='ltr'><strong>εἰκότως</strong></span> <span class='ocrx_word' id='word_1_109' title='bbox 1264 1246 1329 1301; x_wconf 84' lang='grc' dir='ltr'><strong>ἀν</strong></span> <span class='ocrx_word' id='word_1_110' title='bbox 1374 1263 1459 1309; x_wconf 90' lang='grc' dir='ltr'><strong>τις</strong></span> <span class='ocrx_word' id='word_1_111' title='bbox 1499 1244 1788 1317; x_wconf 83' lang='grc' dir='ltr'>Ἑλλήνων,</span> <span class='ocrx_word' id='word_1_112' title='bbox 1840 1243 2007 1317; x_wconf 86' lang='grc' dir='ltr'>μηδὲν</span> <span class='ocrx_word' id='word_1_113' title='bbox 2041 1305 2045 1310; x_wconf 55' lang='grc'><strong>,</strong></span> 
     </span>
    </p>
   </div>
   <div class='ocr_carea' id='block_1_14' title="bbox 425 1335 2009 1409">
    <p class='ocr_par' dir='ltr' id='par_1_14' title="bbox 425 1335 2009 1409">
     <span class='ocr_line' id='line_1_14' title="bbox 425 1335 2009 1409; baseline -0.002 -17"><span class='ocrx_word' id='word_1_114' title='bbox 425 1336 622 1409; x_wconf 84' lang='grc' dir='ltr'>ἀληθὲς</span> <span class='ocrx_word' id='word_1_115' title='bbox 678 1337 812 1409; x_wconf 87' lang='grc' dir='ltr'>μήτε</span> <span class='ocrx_word' id='word_1_116' title='bbox 877 1336 985 1391; x_wconf 86' lang='grc' dir='ltr'><strong>τῶν</strong></span> <span class='ocrx_word' id='word_1_117' title='bbox 1034 1337 1250 1391; x_wconf 77' lang='grc' dir='ltr'><strong>οἰκείων</strong></span> <span class='ocrx_word' id='word_1_118' title='bbox 1273 1378 1287 1404; x_wconf 94' lang='grc'><strong>,</strong></span> <span class='ocrx_word' id='word_1_119' title='bbox 1333 1338 1470 1409; x_wconf 85' lang='grc' dir='ltr'>μήτε</span> <span class='ocrx_word' id='word_1_120' title='bbox 1527 1336 1638 1391; x_wconf 82' lang='grc' dir='ltr'><strong>τῶν</strong></span> <span class='ocrx_word' id='word_1_121' title='bbox 1684 1335 1809 1391; x_wconf 82' lang='grc' dir='ltr'>καθ’</span> <span class='ocrx_word' id='word_1_122' title='bbox 1859 1336 2009 1408; x_wconf 82' lang='grc' dir='ltr'>ἡμᾶς</span> 
     </span>
    </p>
   </div>
   <div class='ocr_carea' id='block_1_15' title="bbox 424 1426 2007 1501">
    <p class='ocr_par' dir='ltr' id='par_1_15' title="bbox 424 1426 2007 1501">
     <span class='ocr_line' id='line_1_15' title="bbox 424 1426 2007 1501; baseline -0.002 -18"><span class='ocrx_word' id='word_1_123' title='bbox 424 1430 652 1495; x_wconf 84' lang='grc' dir='ltr'>ἐπαΐων,</span> <span class='ocrx_word' id='word_1_124' title='bbox 696 1429 833 1500; x_wconf 75' lang='grc' dir='ltr'>πρὸς</span> <span class='ocrx_word' id='word_1_125' title='bbox 875 1429 1026 1499; x_wconf 76' lang='grc' dir='ltr'>ἡμᾶς</span> <span class='ocrx_word' id='word_1_126' title='bbox 1066 1430 1420 1501; x_wconf 86' lang='grc' dir='ltr'>ἀπορήσειεν.</span> <span class='ocrx_word' id='word_1_127' title='bbox 1478 1427 1915 1499; x_wconf 84' lang='grc' dir='ltr'>Ἐπιμέμψαιντο</span> <span class='ocrx_word' id='word_1_128' title='bbox 1960 1426 2007 1480; x_wconf 85' lang='grc' dir='ltr'>δ’</span> 
     </span>
    </p>
   </div>
   <div class='ocr_carea' id='block_1_16' title="bbox 424 1518 2007 1593">
    <p class='ocr_par' dir='ltr' id='par_1_16' title="bbox 424 1518 2007 1593">
     <span class='ocr_line' id='line_1_16' title="bbox 424 1518 2007 1593; baseline -0.003 -17"><span class='ocrx_word' id='word_1_129' title='bbox 424 1521 491 1576; x_wconf 81' lang='grc' dir='ltr'>ἂν</span> <span class='ocrx_word' id='word_1_130' title='bbox 523 1522 655 1592; x_wconf 84' lang='grc' dir='ltr'>ἡμῖν</span> <span class='ocrx_word' id='word_1_131' title='bbox 679 1522 774 1575; x_wconf 76' lang='grc' dir='ltr'>καὶ</span> <span class='ocrx_word' id='word_1_132' title='bbox 811 1519 1080 1593; x_wconf 79' lang='grc' dir='ltr'>Ἐϐραίων</span> <span class='ocrx_word' id='word_1_133' title='bbox 1111 1520 1330 1585; x_wconf 83' lang='grc' dir='ltr'>παῖδες,</span> <span class='ocrx_word' id='word_1_134' title='bbox 1362 1520 1411 1574; x_wconf 83' lang='grc' dir='ltr'><strong>εί</strong></span> <span class='ocrx_word' id='word_1_135' title='bbox 1439 1519 1504 1592; x_wconf 80' lang='grc' dir='ltr'>δὴ</span> <span class='ocrx_word' id='word_1_136' title='bbox 1543 1519 1827 1589; x_wconf 75' lang='grc' dir='ltr'><strong>ἀλλόφυλοι</strong></span> <span class='ocrx_word' id='word_1_137' title='bbox 1854 1518 2007 1583; x_wconf 78' lang='grc' dir='ltr'>ὅντες</span> 
     </span>
    </p>
   </div>
   <div class='ocr_carea' id='block_1_17' title="bbox 2179 1239 3685 1313">
    <p class='ocr_par' dir='ltr' id='par_1_17' title="bbox 2179 1239 3685 1313">
     <span class='ocr_line' id='line_1_17' title="bbox 2179 1239 3685 1313; baseline 0.003 -18"><span class='ocrx_word' id='word_1_138' title='bbox 2179 1241 2361 1310; x_wconf 85' lang='lat' dir='ltr'><strong>Atque</strong></span> <span class='ocrx_word' id='word_1_139' title='bbox 2397 1242 2515 1296; x_wconf 74' lang='lat' dir='ltr'><strong>haec</strong></span> <span class='ocrx_word' id='word_1_140' title='bbox 2541 1239 2857 1296; x_wconf 74' lang='lat' dir='ltr'><strong>Grtecorum</strong></span> <span class='ocrx_word' id='word_1_141' title='bbox 2890 1240 3030 1297; x_wconf 83' lang='lat' dir='ltr'><strong>forte</strong></span> <span class='ocrx_word' id='word_1_142' title='bbox 3064 1242 3362 1312; x_wconf 89' lang='lat' dir='ltr'><strong>quispiam,</strong></span> <span class='ocrx_word' id='word_1_143' title='bbox 3407 1244 3501 1313; x_wconf 89' lang='lat' dir='ltr'><strong>qui</strong></span> <span class='ocrx_word' id='word_1_144' title='bbox 3545 1244 3685 1300; x_wconf 88' lang='lat' dir='ltr'><strong>nihil</strong></span> 
     </span>
    </p>
   </div>
   <div class='ocr_carea' id='block_1_18' title="bbox 2108 1330 3686 1403">
    <p class='ocr_par' dir='ltr' id='par_1_18' title="bbox 2108 1330 3686 1403">
     <span class='ocr_line' id='line_1_18' title="bbox 2108 1330 3686 1403; baseline 0.003 -16"><span class='ocrx_word' id='word_1_145' title='bbox 2108 1346 2343 1403; x_wconf 90' lang='lat' dir='ltr'><strong>usquam</strong></span> <span class='ocrx_word' id='word_1_146' title='bbox 2370 1331 2482 1386; x_wconf 89' lang='lat' dir='ltr'><strong>veri</strong></span> <span class='ocrx_word' id='word_1_147' title='bbox 2514 1330 2583 1387; x_wconf 89' lang='lat' dir='ltr'><strong>de</strong></span> <span class='ocrx_word' id='word_1_148' title='bbox 2625 1331 2742 1387; x_wconf 89' lang='lat' dir='ltr'><strong>suis</strong></span> <span class='ocrx_word' id='word_1_149' title='bbox 2768 1332 3040 1387; x_wconf 82' lang='lat' dir='ltr'><strong>nostrisve</strong></span> <span class='ocrx_word' id='word_1_150' title='bbox 3071 1335 3238 1390; x_wconf 83' lang='lat' dir='ltr'><strong>rebus</strong></span> <span class='ocrx_word' id='word_1_151' title='bbox 3275 1348 3339 1389; x_wconf 89' lang='lat' dir='ltr'><strong>ac</strong></span> <span class='ocrx_word' id='word_1_152' title='bbox 3374 1335 3686 1395; x_wconf 85' lang='lat' dir='ltr'><strong>rationibus</strong></span> 
     </span>
    </p>
   </div>
   <div class='ocr_carea' id='block_1_19' title="bbox 2108 1421 3684 1495">
    <p class='ocr_par' dir='ltr' id='par_1_19' title="bbox 2108 1421 3684 1495">
     <span class='ocr_line' id='line_1_19' title="bbox 2108 1421 3684 1495; baseline 0.004 -18"><span class='ocrx_word' id='word_1_153' title='bbox 2108 1421 2457 1491; x_wconf 84' lang='lat' dir='ltr'><strong>intellexerit,</strong></span> <span class='ocrx_word' id='word_1_154' title='bbox 2482 1422 2643 1479; x_wconf 87' lang='lat' dir='ltr'><strong>nobis</strong></span> <span class='ocrx_word' id='word_1_155' title='bbox 2662 1423 3037 1479; x_wconf 89' lang='lat' dir='ltr'><strong>verisimiliter</strong></span> <span class='ocrx_word' id='word_1_156' title='bbox 3051 1425 3294 1495; x_wconf 90' lang='lat' dir='ltr'><strong>objiciat.</strong></span> <span class='ocrx_word' id='word_1_157' title='bbox 3320 1424 3530 1480; x_wconf 82' lang='lat' dir='ltr'><strong>Hebraei</strong></span> <span class='ocrx_word' id='word_1_158' title='bbox 3551 1442 3684 1484; x_wconf 86' lang='lat' dir='ltr'><strong>vero</strong></span> 
     </span>
    </p>
   </div>
   <div class='ocr_carea' id='block_1_20' title="bbox 2108 1516 3683 1587">
    <p class='ocr_par' dir='ltr' id='par_1_20' title="bbox 2108 1516 3683 1587">
     <span class='ocr_line' id='line_1_20' title="bbox 2108 1516 3683 1587; baseline 0.001 -15"><span class='ocrx_word' id='word_1_159' title='bbox 2108 1524 2301 1572; x_wconf 91' lang='lat' dir='ltr'><strong>contra</strong></span> <span class='ocrx_word' id='word_1_160' title='bbox 2326 1523 2706 1582; x_wconf 87' lang='lat' dir='ltr'><strong>succenseant,</strong></span> <span class='ocrx_word' id='word_1_161' title='bbox 2730 1516 2876 1584; x_wconf 88' lang='lat' dir='ltr'><strong>quod</strong></span> <span class='ocrx_word' id='word_1_162' title='bbox 2904 1518 3115 1571; x_wconf 80' lang='lat' dir='ltr'><strong>externi</strong></span> <span class='ocrx_word' id='word_1_163' title='bbox 3137 1526 3192 1572; x_wconf 92' lang='lat' dir='ltr'><strong>et</strong></span> <span class='ocrx_word' id='word_1_164' title='bbox 3214 1517 3531 1587; x_wconf 74' lang='lat' dir='ltr'><strong>alienigenae</strong></span> <span class='ocrx_word' id='word_1_165' title='bbox 3557 1533 3683 1573; x_wconf 92' lang='lat' dir='ltr'><strong>cum</strong></span> 
     </span>
    </p>
   </div>
   <div class='ocr_carea' id='block_1_21' title="bbox 426 1610 2011 1683">
    <p class='ocr_par' dir='ltr' id='par_1_21' title="bbox 426 1610 2011 1683">
     <span class='ocr_line' id='line_1_21' title="bbox 426 1610 2011 1683; baseline -0.003 -16"><span class='ocrx_word' id='word_1_166' title='bbox 426 1614 520 1667; x_wconf 78' lang='grc' dir='ltr'>καὶ</span> <span class='ocrx_word' id='word_1_167' title='bbox 545 1612 873 1683; x_wconf 85' lang='grc' dir='ltr'>ἀλλογενεῖς,</span> <span class='ocrx_word' id='word_1_168' title='bbox 909 1616 1032 1678; x_wconf 90' lang='grc' dir='ltr'>ταῖς</span> <span class='ocrx_word' id='word_1_169' title='bbox 1060 1612 1239 1668; x_wconf 87' lang='grc' dir='ltr'>αύτῶν</span> <span class='ocrx_word' id='word_1_170' title='bbox 1265 1611 1466 1683; x_wconf 80' lang='grc' dir='ltr'>βίϐλοις</span> <span class='ocrx_word' id='word_1_171' title='bbox 1497 1610 1864 1682; x_wconf 84' lang='grc' dir='ltr'>ἀποχρώμεθα</span> <span class='ocrx_word' id='word_1_172' title='bbox 1905 1627 2011 1681; x_wconf 87' lang='grc' dir='ltr'><strong>μη-</strong></span> 
     </span>
    </p>
   </div>
   <div class='ocr_carea' id='block_1_22' title="bbox 424 1701 2006 1777">
    <p class='ocr_par' dir='ltr' id='par_1_22' title="bbox 424 1701 2006 1777">
     <span class='ocr_line' id='line_1_22' title="bbox 424 1701 2006 1777; baseline -0.001 -20"><span class='ocrx_word' id='word_1_173' title='bbox 424 1704 512 1758; x_wconf 78' lang='grc' dir='ltr'>δὲν</span> <span class='ocrx_word' id='word_1_174' title='bbox 540 1706 671 1776; x_wconf 80' lang='grc' dir='ltr'>ἡμῖν</span> <span class='ocrx_word' id='word_1_175' title='bbox 693 1706 1116 1777; x_wconf 61' lang='grc' dir='ltr'>προσηκούσαις</span> <span class='ocrx_word' id='word_1_176' title='bbox 1149 1707 1232 1759; x_wconf 86' lang='grc' dir='ltr'>ὅτι</span> <span class='ocrx_word' id='word_1_177' title='bbox 1257 1721 1317 1758; x_wconf 90' lang='grc' dir='ltr'><strong>τε</strong></span> <span class='ocrx_word' id='word_1_178' title='bbox 1353 1703 1605 1769; x_wconf 84' lang='grc' dir='ltr'><strong>ἀναιδῶς,</strong></span> <span class='ocrx_word' id='word_1_179' title='bbox 1641 1703 1718 1766; x_wconf 84' lang='grc' dir='ltr'>ὡς</span> <span class='ocrx_word' id='word_1_180' title='bbox 1758 1702 1826 1757; x_wconf 83' lang='grc' dir='ltr'>ἂν</span> <span class='ocrx_word' id='word_1_181' title='bbox 1852 1701 2006 1755; x_wconf 76' lang='grc' dir='ltr'>αὐτοὶ</span> 
     </span>
    </p>
   </div>
   <div class='ocr_carea' id='block_1_23' title="bbox 425 1792 2001 1869">
    <p class='ocr_par' dir='ltr' id='par_1_23' title="bbox 425 1792 2001 1869">
     <span class='ocr_line' id='line_1_23' title="bbox 425 1792 2001 1869; baseline -0.003 -19"><span class='ocrx_word' id='word_1_182' title='bbox 425 1798 603 1865; x_wconf 83' lang='grc' dir='ltr'>φαῖεν,</span> <span class='ocrx_word' id='word_1_183' title='bbox 652 1798 748 1851; x_wconf 77' lang='grc' dir='ltr'><strong>καὶ</strong></span> <span class='ocrx_word' id='word_1_184' title='bbox 791 1798 1165 1869; x_wconf 81' lang='grc' dir='ltr'>ἀναισχύντως</span> <span class='ocrx_word' id='word_1_185' title='bbox 1213 1796 1439 1860; x_wconf 79' lang='grc' dir='ltr'>ἑαυτοὺς</span> <span class='ocrx_word' id='word_1_186' title='bbox 1488 1795 1587 1866; x_wconf 87' lang='grc' dir='ltr'>μὲν</span> <span class='ocrx_word' id='word_1_187' title='bbox 1630 1792 1964 1865; x_wconf 78' lang='grc' dir='ltr'>εἰσωθοῢμεν</span> <span class='ocrx_word' id='word_1_188' title='bbox 1985 1830 2001 1856; x_wconf 96' lang='grc'><strong>,</strong></span> 
     </span>
    </p>
   </div>
   <div class='ocr_carea' id='block_1_24' title="bbox 2108 1607 3689 1679">
    <p class='ocr_par' dir='ltr' id='par_1_24' title="bbox 2108 1607 3689 1679">
     <span class='ocr_line' id='line_1_24' title="bbox 2108 1607 3689 1679; baseline 0.001 -17"><span class='ocrx_word' id='word_1_189' title='bbox 2108 1607 2305 1673; x_wconf 90' lang='lat' dir='ltr'><strong>simus,</strong></span> <span class='ocrx_word' id='word_1_190' title='bbox 2345 1623 2538 1663; x_wconf 89' lang='lat' dir='ltr'><strong>eorum</strong></span> <span class='ocrx_word' id='word_1_191' title='bbox 2559 1616 2746 1663; x_wconf 90' lang='lat' dir='ltr'><strong>tamen</strong></span> <span class='ocrx_word' id='word_1_192' title='bbox 2775 1608 2932 1664; x_wconf 87' lang='lat' dir='ltr'><strong>libris</strong></span> <span class='ocrx_word' id='word_1_193' title='bbox 2956 1608 3093 1663; x_wconf 86' lang='lat' dir='ltr'><strong>nihil</strong></span> <span class='ocrx_word' id='word_1_194' title='bbox 3118 1608 3186 1663; x_wconf 92' lang='lat' dir='ltr'><strong>ad</strong></span> <span class='ocrx_word' id='word_1_195' title='bbox 3220 1624 3325 1664; x_wconf 90' lang='lat' dir='ltr'><strong>nos</strong></span> <span class='ocrx_word' id='word_1_196' title='bbox 3347 1609 3536 1679; x_wconf 88' lang='lat' dir='ltr'><strong>utique</strong></span> <span class='ocrx_word' id='word_1_197' title='bbox 3563 1624 3689 1679; x_wconf 81' lang='lat' dir='ltr'><strong>per-</strong></span> 
     </span>
    </p>
   </div>
   <div class='ocr_carea' id='block_1_25' title="bbox 2106 1696 3688 1771">
    <p class='ocr_par' dir='ltr' id='par_1_25' title="bbox 2106 1696 3688 1771">
     <span class='ocr_line' id='line_1_25' title="bbox 2106 1696 3688 1771; baseline 0.003 -21"><span class='ocrx_word' id='word_1_198' title='bbox 2106 1696 2405 1753; x_wconf 91' lang='lat' dir='ltr'><strong>tinentibus</strong></span> <span class='ocrx_word' id='word_1_199' title='bbox 2447 1699 2775 1763; x_wconf 85' lang='lat' dir='ltr'><strong>abutamur,</strong></span> <span class='ocrx_word' id='word_1_200' title='bbox 2822 1698 3081 1770; x_wconf 91' lang='lat' dir='ltr'><strong>quodque</strong></span> <span class='ocrx_word' id='word_1_201' title='bbox 3132 1714 3234 1755; x_wconf 91' lang='lat' dir='ltr'><strong>nos</strong></span> <span class='ocrx_word' id='word_1_202' title='bbox 3285 1700 3434 1771; x_wconf 92' lang='lat' dir='ltr'><strong>ipsos</strong></span> <span class='ocrx_word' id='word_1_203' title='bbox 3475 1700 3688 1755; x_wconf 89' lang='lat' dir='ltr'><strong>invere-</strong></span> 
     </span>
    </p>
   </div>
   <div class='ocr_carea' id='block_1_26' title="bbox 2103 1790 3685 1862">
    <p class='ocr_par' dir='ltr' id='par_1_26' title="bbox 2103 1790 3685 1862">
     <span class='ocr_line' id='line_1_26' title="bbox 2103 1790 3685 1862; baseline 0.002 -17"><span class='ocrx_word' id='word_1_204' title='bbox 2103 1790 2304 1855; x_wconf 89' lang='lat' dir='ltr'><strong>cunde,</strong></span> <span class='ocrx_word' id='word_1_205' title='bbox 2343 1796 2406 1845; x_wconf 92' lang='lat' dir='ltr'><strong>ut</strong></span> <span class='ocrx_word' id='word_1_206' title='bbox 2438 1790 2544 1860; x_wconf 90' lang='lat' dir='ltr'><strong>ipsi</strong></span> <span class='ocrx_word' id='word_1_207' title='bbox 2571 1790 2889 1861; x_wconf 86' lang='lat' dir='ltr'><strong>loquentur,</strong></span> <span class='ocrx_word' id='word_1_208' title='bbox 2918 1799 2973 1846; x_wconf 91' lang='lat' dir='ltr'><strong>et</strong></span> <span class='ocrx_word' id='word_1_209' title='bbox 3011 1791 3357 1862; x_wconf 88' lang='lat' dir='ltr'><strong>impudenter</strong></span> <span class='ocrx_word' id='word_1_210' title='bbox 3399 1793 3685 1848; x_wconf 91' lang='lat' dir='ltr'><strong>intruden-</strong></span> 
     </span>
    </p>
   </div>
   <div class='ocr_carea' id='block_1_27' title="bbox 425 1863 2006 1957">
    <p class='ocr_par' dir='ltr' id='par_1_27' title="bbox 425 1863 2006 1957">
     <span class='ocr_line' id='line_1_27' title="bbox 425 1863 2006 1957; baseline -0.003 -16"><span class='ocrx_word' id='word_1_211' title='bbox 425 1863 553 1952; x_wconf 77' lang='grc' dir='ltr'>τοὺς</span> <span class='ocrx_word' id='word_1_212' title='bbox 595 1887 655 1941; x_wconf 86' lang='grc' dir='ltr'><strong>δέ</strong></span> <span class='ocrx_word' id='word_1_213' title='bbox 699 1887 935 1952; x_wconf 76' lang='grc' dir='ltr'><strong>οἰκείους</strong></span> <span class='ocrx_word' id='word_1_214' title='bbox 957 1863 1066 1942; x_wconf 45' lang='grc' dir='ltr'><strong>’καὶ</strong></span> <span class='ocrx_word' id='word_1_215' title='bbox 1111 1888 1357 1957; x_wconf 76' lang='grc' dir='ltr'><strong>ἐγγενεῖς</strong></span> <span class='ocrx_word' id='word_1_216' title='bbox 1396 1863 1505 1940; x_wconf 79' lang='grc' dir='ltr'><strong>τῶν</strong></span> <span class='ocrx_word' id='word_1_217' title='bbox 1542 1885 1726 1948; x_wconf 82' lang='grc' dir='ltr'>αὐτοῖς</span> <span class='ocrx_word' id='word_1_218' title='bbox 1761 1863 2006 1956; x_wconf 86' lang='grc' dir='ltr'>πατρίων</span> 
     </span>
    </p>
   </div>
   <div class='ocr_carea' id='block_1_28' title="bbox 2107 1863 3688 1957">
    <p class='ocr_par' dir='ltr' id='par_1_28' title="bbox 2107 1880 3688 1954">
     <span class='ocr_line' id='line_1_28' title="bbox 2107 1880 3688 1954; baseline 0.001 -18"><span class='ocrx_word' id='word_1_219' title='bbox 2107 1889 2211 1947; x_wconf 88' lang='lat' dir='ltr'><strong>tes,</strong></span> <span class='ocrx_word' id='word_1_220' title='bbox 2236 1880 2574 1937; x_wconf 89' lang='lat' dir='ltr'><strong>domesticos</strong></span> <span class='ocrx_word' id='word_1_221' title='bbox 2600 1891 2656 1938; x_wconf 94' lang='lat' dir='ltr'><strong>et</strong></span> <span class='ocrx_word' id='word_1_222' title='bbox 2678 1882 2962 1954; x_wconf 80' lang='lat' dir='ltr'><strong>indigenas</strong></span> <span class='ocrx_word' id='word_1_223' title='bbox 2989 1882 3185 1953; x_wconf 88' lang='lat' dir='ltr'><strong>patriis</strong></span> <span class='ocrx_word' id='word_1_224' title='bbox 3208 1884 3564 1954; x_wconf 83' lang='lat' dir='ltr'><strong>religionibus</strong></span> <span class='ocrx_word' id='word_1_225' title='bbox 3590 1898 3688 1954; x_wconf 89' lang='lat' dir='ltr'><strong>per</strong></span> 
     </span>
    </p>
   </div>
   <div class='ocr_carea' id='block_1_29' title="bbox 427 1975 2007 2051">
    <p class='ocr_par' dir='ltr' id='par_1_29' title="bbox 427 1975 2007 2051">
     <span class='ocr_line' id='line_1_29' title="bbox 427 1975 2007 2051; baseline -0.001 -21"><span class='ocrx_word' id='word_1_226' title='bbox 427 1975 648 2044; x_wconf 77' lang='grc' dir='ltr'>ἐξωθεῖν</span> <span class='ocrx_word' id='word_1_227' title='bbox 690 1978 1162 2051; x_wconf 79' lang='grc' dir='ltr'>παραϐιαζόμεθα.</span> <span class='ocrx_word' id='word_1_228' title='bbox 1206 1978 1332 2032; x_wconf 82' lang='grc' dir='ltr'><strong>Εἴτε</strong></span> <span class='ocrx_word' id='word_1_229' title='bbox 1372 1978 1482 2049; x_wconf 85' lang='grc' dir='ltr'>γάρ</span> <span class='ocrx_word' id='word_1_230' title='bbox 1522 1995 1605 2041; x_wconf 89' lang='grc' dir='ltr'><strong>τις</strong></span> <span class='ocrx_word' id='word_1_231' title='bbox 1648 1975 1732 2048; x_wconf 71' lang='grc' dir='ltr'><strong>εἴη</strong></span> <span class='ocrx_word' id='word_1_232' title='bbox 1771 1975 2007 2048; x_wconf 84' lang='grc' dir='ltr'>Χριστὸς</span> 
     </span>
    </p>
   </div>
   <div class='ocr_carea' id='block_1_30' title="bbox 427 2065 2007 2141">
    <p class='ocr_par' dir='ltr' id='par_1_30' title="bbox 427 2065 2007 2141">
     <span class='ocr_line' id='line_1_30' title="bbox 427 2065 2007 2141; baseline 0.001 -22"><span class='ocrx_word' id='word_1_233' title='bbox 427 2066 847 2139; x_wconf 79' lang='grc' dir='ltr'>θεσπιζόμενος,</span> <span class='ocrx_word' id='word_1_234' title='bbox 895 2069 1032 2124; x_wconf 87' lang='grc' dir='ltr'><strong>ἀλλά</strong></span> <span class='ocrx_word' id='word_1_235' title='bbox 1092 2070 1361 2125; x_wconf 85' lang='grc' dir='ltr'>Ἰουδαίων</span> <span class='ocrx_word' id='word_1_236' title='bbox 1417 2065 1559 2140; x_wconf 75' lang='grc' dir='ltr'>ἦσαν</span> <span class='ocrx_word' id='word_1_237' title='bbox 1619 2068 1895 2141; x_wconf 78' lang='grc' dir='ltr'><strong>προφῆται</strong></span> <span class='ocrx_word' id='word_1_238' title='bbox 1956 2067 2007 2120; x_wconf 78' lang='grc' dir='ltr'>οἱ</span> 
     </span>
    </p>
   </div>
   <div class='ocr_carea' id='block_1_31' title="bbox 424 2157 2008 2234">
    <p class='ocr_par' dir='ltr' id='par_1_31' title="bbox 424 2157 2008 2234">
     <span class='ocr_line' id='line_1_31' title="bbox 424 2157 2008 2234; baseline 0.001 -22"><span class='ocrx_word' id='word_1_239' title='bbox 424 2157 617 2212; x_wconf 84' lang='grc' dir='ltr'>τούτου</span> <span class='ocrx_word' id='word_1_240' title='bbox 646 2159 744 2232; x_wconf 77' lang='grc' dir='ltr'>τὴν</span> <span class='ocrx_word' id='word_1_241' title='bbox 771 2161 952 2230; x_wconf 78' lang='grc' dir='ltr'>ἄφιξιν</span> <span class='ocrx_word' id='word_1_242' title='bbox 965 2160 1427 2234; x_wconf 81' lang='grc' dir='ltr'>προκηρύξαντες,</span> <span class='ocrx_word' id='word_1_243' title='bbox 1445 2162 1494 2215; x_wconf 83' lang='grc' dir='ltr'><strong>οἶ</strong></span> <span class='ocrx_word' id='word_1_244' title='bbox 1512 2162 1604 2215; x_wconf 74' lang='grc' dir='ltr'>καὶ</span> <span class='ocrx_word' id='word_1_245' title='bbox 1614 2158 1889 2231; x_wconf 81' lang='grc' dir='ltr'>λυτρωτὴν</span> <span class='ocrx_word' id='word_1_246' title='bbox 1913 2160 2008 2213; x_wconf 81' lang='grc' dir='ltr'>καὶ</span> 
     </span>
    </p>
   </div>
   <div class='ocr_carea' id='block_1_32' title="bbox 428 2251 2008 2327">
    <p class='ocr_par' dir='ltr' id='par_1_32' title="bbox 428 2251 2008 2327">
     <span class='ocr_line' id='line_1_32' title="bbox 428 2251 2008 2327; baseline 0.001 -22"><span class='ocrx_word' id='word_1_247' title='bbox 428 2251 652 2323; x_wconf 78' lang='grc' dir='ltr'><strong>βασιλέα</strong></span> <span class='ocrx_word' id='word_1_248' title='bbox 687 2253 952 2308; x_wconf 79' lang='grc' dir='ltr'>Ἰουδαίων</span> <span class='ocrx_word' id='word_1_249' title='bbox 984 2251 1132 2325; x_wconf 80' lang='grc' dir='ltr'>ἥξειν</span> <span class='ocrx_word' id='word_1_250' title='bbox 1160 2254 1343 2318; x_wconf 83' lang='grc' dir='ltr'>αὐτὸν,</span> <span class='ocrx_word' id='word_1_251' title='bbox 1374 2254 1494 2324; x_wconf 56' lang='grc' dir='ltr'><strong>ούχλ⁵</strong></span> <span class='ocrx_word' id='word_1_252' title='bbox 1535 2254 1593 2307; x_wconf 82' lang='grc' dir='ltr'>δὲ</span> <span class='ocrx_word' id='word_1_253' title='bbox 1635 2251 1743 2306; x_wconf 84' lang='grc' dir='ltr'><strong>τῶν</strong></span> <span class='ocrx_word' id='word_1_254' title='bbox 1775 2251 2008 2327; x_wconf 74' lang='grc' dir='ltr'>ἀλλοφύ-</span> 
     </span>
    </p>
   </div>
   <div class='ocr_carea' id='block_1_33' title="bbox 423 2341 2007 2417">
    <p class='ocr_par' dir='ltr' id='par_1_33' title="bbox 423 2341 2007 2417">
     <span class='ocr_line' id='line_1_33' title="bbox 423 2341 2007 2417; baseline 0 -21"><span class='ocrx_word' id='word_1_255' title='bbox 423 2341 532 2397; x_wconf 90' lang='grc' dir='ltr'><strong>λων</strong></span> <span class='ocrx_word' id='word_1_256' title='bbox 565 2343 737 2399; x_wconf 82' lang='grc' dir='ltr'>ἐθνῶν</span> <span class='ocrx_word' id='word_1_257' title='bbox 762 2345 1125 2417; x_wconf 79' lang='grc' dir='ltr'>κατήγγειλαν</span> <span class='ocrx_word' id='word_1_258' title='bbox 1147 2360 1160 2374; x_wconf 76' lang='grc' dir='ltr'><strong><em>ο</em></strong></span> <span class='ocrx_word' id='word_1_259' title='bbox 1188 2345 1299 2399; x_wconf 74' lang='grc' dir='ltr'>εἴτε</span> <span class='ocrx_word' id='word_1_260' title='bbox 1354 2343 1475 2398; x_wconf 88' lang='grc' dir='ltr'><strong>τινά</strong></span> <span class='ocrx_word' id='word_1_261' title='bbox 1515 2343 1650 2399; x_wconf 81' lang='grc' dir='ltr'>ἄλλα</span> <span class='ocrx_word' id='word_1_262' title='bbox 1682 2342 2007 2416; x_wconf 84' lang='grc' dir='ltr'>φαιδρότερα</span> 
     </span>
    </p>
   </div>
   <div class='ocr_carea' id='block_1_34' title="bbox 425 2432 2009 2509">
    <p class='ocr_par' dir='ltr' id='par_1_34' title="bbox 425 2432 2009 2509">
     <span class='ocr_line' id='line_1_34' title="bbox 425 2432 2009 2509; baseline -0.001 -23"><span class='ocrx_word' id='word_1_263' title='bbox 425 2432 767 2505; x_wconf 79' lang='grc' dir='ltr'>περιέχουσιν</span> <span class='ocrx_word' id='word_1_264' title='bbox 799 2435 857 2488; x_wconf 78' lang='grc' dir='ltr'><strong>αἱ</strong></span> <span class='ocrx_word' id='word_1_265' title='bbox 876 2435 1105 2509; x_wconf 80' lang='grc' dir='ltr'>Γραφαὶ,</span> <span class='ocrx_word' id='word_1_266' title='bbox 1136 2434 1232 2488; x_wconf 78' lang='grc' dir='ltr'>καὶ</span> <span class='ocrx_word' id='word_1_267' title='bbox 1265 2433 1441 2489; x_wconf 81' lang='grc' dir='ltr'>ταῦτα</span> <span class='ocrx_word' id='word_1_268' title='bbox 1479 2432 1756 2497; x_wconf 80' lang='grc' dir='ltr'>Ἰουδαίοις</span> <span class='ocrx_word' id='word_1_269' title='bbox 1789 2433 2009 2500; x_wconf 78' lang='grc' dir='ltr'>ἀναφω·</span> 
     </span>
    </p>
   </div>
   <div class='ocr_carea' id='block_1_35' title="bbox 423 2517 2001 2598">
    <p class='ocr_par' dir='ltr' id='par_1_35' title="bbox 423 2517 2001 2598">
     <span class='ocr_line' id='line_1_35' title="bbox 423 2517 2001 2598; baseline -0.002 -20"><span class='ocrx_word' id='word_1_270' title='bbox 423 2524 662 2590; x_wconf 77' lang='grc' dir='ltr'>νεῖσθαι,</span> <span class='ocrx_word' id='word_1_271' title='bbox 707 2517 783 2578; x_wconf 83' lang='grc' dir='ltr'>ὧν</span> <span class='ocrx_word' id='word_1_272' title='bbox 823 2526 924 2580; x_wconf 88' lang='grc' dir='ltr'><strong>ούκ</strong></span> <span class='ocrx_word' id='word_1_273' title='bbox 968 2521 1027 2580; x_wconf 82' lang='grc' dir='ltr'>εὖ</span> <span class='ocrx_word' id='word_1_274' title='bbox 1075 2526 1413 2598; x_wconf 82' lang='grc' dir='ltr'>πράττοντας</span> <span class='ocrx_word' id='word_1_275' title='bbox 1460 2522 1794 2597; x_wconf 86' lang='grc' dir='ltr'>παρακούειν</span> <span class='ocrx_word' id='word_1_276' title='bbox 1832 2523 2001 2595; x_wconf 80' lang='grc' dir='ltr'>ἡμᾶς.</span> 
     </span>
    </p>
   </div>
   <div class='ocr_carea' id='block_1_36' title="bbox 423 2612 2004 2689">
    <p class='ocr_par' dir='ltr' id='par_1_36' title="bbox 423 2612 2004 2689">
     <span class='ocr_line' id='line_1_36' title="bbox 423 2612 2004 2689; baseline -0.003 -20"><span class='ocrx_word' id='word_1_277' title='bbox 423 2616 535 2670; x_wconf 77' lang='grc' dir='ltr'><strong>Καὶ</strong></span> <span class='ocrx_word' id='word_1_278' title='bbox 578 2616 784 2689; x_wconf 87' lang='grc' dir='ltr'>σφόδρα</span> <span class='ocrx_word' id='word_1_279' title='bbox 830 2617 1047 2681; x_wconf 86' lang='grc' dir='ltr'>ἀτόπως</span> <span class='ocrx_word' id='word_1_280' title='bbox 1086 2617 1216 2681; x_wconf 83' lang='grc' dir='ltr'>τοὺς</span> <span class='ocrx_word' id='word_1_281' title='bbox 1256 2616 1354 2688; x_wconf 87' lang='grc' dir='ltr'>μὲν</span> <span class='ocrx_word' id='word_1_282' title='bbox 1391 2615 1534 2671; x_wconf 88' lang='grc' dir='ltr'><strong>κατά</strong></span> <span class='ocrx_word' id='word_1_283' title='bbox 1574 2613 1669 2668; x_wconf 84' lang='grc' dir='ltr'><strong>τοῦ</strong></span> <span class='ocrx_word' id='word_1_284' title='bbox 1702 2612 1888 2676; x_wconf 81' lang='grc' dir='ltr'>ἔθνους</span> <span class='ocrx_word' id='word_1_285' title='bbox 1919 2612 2004 2681; x_wconf 81' lang='grc' dir='ltr'><strong>ἐφ’</strong></span> 
     </span>
    </p>
   </div>
   <div class='ocr_carea' id='block_1_37' title="bbox 424 2703 2004 2780">
    <p class='ocr_par' dir='ltr' id='par_1_37' title="bbox 424 2703 2004 2780">
     <span class='ocr_line' id='line_1_37' title="bbox 424 2703 2004 2780; baseline -0.002 -21"><span class='ocrx_word' id='word_1_286' title='bbox 424 2703 505 2771; x_wconf 75' lang='grc' dir='ltr'>οἷς</span> <span class='ocrx_word' id='word_1_287' title='bbox 539 2706 852 2779; x_wconf 75' lang='grc' dir='ltr'>ἡμάρτανον</span> <span class='ocrx_word' id='word_1_288' title='bbox 884 2707 1158 2780; x_wconf 75' lang='grc' dir='ltr'>ἐλέγχους,</span> <span class='ocrx_word' id='word_1_289' title='bbox 1191 2704 1253 2761; x_wconf 82' lang='grc' dir='ltr'>εὖ</span> <span class='ocrx_word' id='word_1_290' title='bbox 1303 2706 1448 2779; x_wconf 81' lang='grc' dir='ltr'>μάλα</span> <span class='ocrx_word' id='word_1_291' title='bbox 1491 2704 1783 2779; x_wconf 77' lang='grc' dir='ltr'>ἁρπαλέως</span> <span class='ocrx_word' id='word_1_292' title='bbox 1809 2703 2004 2758; x_wconf 83' lang='grc' dir='ltr'>ἀποδέ-</span> 
     </span>
    </p>
   </div>
   <div class='ocr_carea' id='block_1_38' title="bbox 424 2795 2008 2869">
    <p class='ocr_par' dir='ltr' id='par_1_38' title="bbox 424 2795 2008 2869">
     <span class='ocr_line' id='line_1_38' title="bbox 424 2795 2008 2869; baseline -0.002 -18"><span class='ocrx_word' id='word_1_293' title='bbox 424 2797 645 2867; x_wconf 88' lang='grc' dir='ltr'>χεσθαι·</span> <span class='ocrx_word' id='word_1_294' title='bbox 677 2797 778 2863; x_wconf 80' lang='grc' dir='ltr'><strong>τὰς</strong></span> <span class='ocrx_word' id='word_1_295' title='bbox 815 2799 872 2853; x_wconf 83' lang='grc' dir='ltr'>δὲ</span> <span class='ocrx_word' id='word_1_296' title='bbox 904 2799 1014 2853; x_wconf 85' lang='grc' dir='ltr'><strong>τῶν</strong></span> <span class='ocrx_word' id='word_1_297' title='bbox 1063 2798 1284 2869; x_wconf 82' lang='grc' dir='ltr'>ἀγαθῶν</span> <span class='ocrx_word' id='word_1_298' title='bbox 1325 2798 1489 2853; x_wconf 80' lang='grc' dir='ltr'>πάλιν</span> <span class='ocrx_word' id='word_1_299' title='bbox 1530 2798 1715 2861; x_wconf 84' lang='grc' dir='ltr'>αὐτοῖς</span> <span class='ocrx_word' id='word_1_300' title='bbox 1755 2795 2008 2861; x_wconf 78' lang='grc' dir='ltr'>θεσπιζο-</span> 
     </span>
    </p>
   </div>
   <div class='ocr_carea' id='block_1_39' title="bbox 426 2886 2005 2962">
    <p class='ocr_par' dir='ltr' id='par_1_39' title="bbox 426 2886 2005 2962">
     <span class='ocr_line' id='line_1_39' title="bbox 426 2886 2005 2962; baseline 0.002 -23"><span class='ocrx_word' id='word_1_301' title='bbox 426 2886 597 2957; x_wconf 82' lang='grc' dir='ltr'>μένας</span> <span class='ocrx_word' id='word_1_302' title='bbox 626 2888 960 2959; x_wconf 77' lang='grc' dir='ltr'>ἐπαγγελίας</span> <span class='ocrx_word' id='word_1_303' title='bbox 997 2891 1354 2962; x_wconf 82' lang='grc' dir='ltr'>ἀποσιωπᾷν,</span> <span class='ocrx_word' id='word_1_304' title='bbox 1405 2889 1604 2962; x_wconf 80' lang='grc' dir='ltr'>μᾶλλον</span> <span class='ocrx_word' id='word_1_305' title='bbox 1646 2889 1704 2942; x_wconf 85' lang='grc' dir='ltr'><strong>δέ</strong></span> <span class='ocrx_word' id='word_1_306' title='bbox 1751 2886 2005 2953; x_wconf 79' lang='grc' dir='ltr'>ἐκϐιάζε-</span> 
     </span>
    </p>
   </div>
   <div class='ocr_carea' id='block_1_40' title="bbox 427 2974 2006 3050">
    <p class='ocr_par' dir='ltr' id='par_1_40' title="bbox 427 2974 2006 3050">
     <span class='ocr_line' id='line_1_40' title="bbox 427 2974 2006 3050; baseline 0.003 -23"><span class='ocrx_word' id='word_1_307' title='bbox 427 2974 553 3029; x_wconf 85' lang='grc' dir='ltr'>σθαι</span> <span class='ocrx_word' id='word_1_308' title='bbox 590 2977 686 3032; x_wconf 64' lang='lat' dir='ltr'><strong>atat</strong></span> <span class='ocrx_word' id='word_1_309' title='bbox 711 2981 791 3043; x_wconf 81' lang='grc' dir='ltr'><strong>είς</strong></span> <span class='ocrx_word' id='word_1_310' title='bbox 827 2981 1055 3044; x_wconf 81' lang='grc' dir='ltr'>ἑαυτοὺς</span> <span class='ocrx_word' id='word_1_311' title='bbox 1102 2979 1452 3050; x_wconf 79' lang='grc' dir='ltr'>μεταφέρειν,</span> <span class='ocrx_word' id='word_1_312' title='bbox 1485 2978 1744 3048; x_wconf 82' lang='grc' dir='ltr'>ἄντικρυς</span> <span class='ocrx_word' id='word_1_313' title='bbox 1788 2975 2006 3031; x_wconf 90' lang='grc' dir='ltr'>πλεονε-</span> 
     </span>
    </p>
   </div>
   <div class='ocr_carea' id='block_1_41' title="bbox 428 3067 2002 3155">
    <p class='ocr_par' dir='ltr' id='par_1_41' title="bbox 428 3067 2002 3155">
     <span class='ocr_line' id='line_1_41' title="bbox 428 3067 2002 3155; baseline 0.008 -36"><span class='ocrx_word' id='word_1_314' title='bbox 428 3067 706 3134; x_wconf 80' lang='grc' dir='ltr'>κτοῦντας,</span> <span class='ocrx_word' id='word_1_315' title='bbox 734 3069 830 3122; x_wconf 73' lang='grc' dir='ltr'><strong>καὶ</strong></span> <span class='ocrx_word' id='word_1_316' title='bbox 871 3070 1023 3123; x_wconf 79' lang='grc' dir='ltr'>οὐδὲν</span> <span class='ocrx_word' id='word_1_317' title='bbox 1055 3071 1246 3136; x_wconf 84' lang='grc' dir='ltr'>πλέον,</span> <span class='ocrx_word' id='word_1_318' title='bbox 1275 3071 1308 3141; x_wconf 82' lang='grc' dir='ltr'><strong>ἢ</strong></span> <span class='ocrx_word' id='word_1_319' title='bbox 1336 3071 1563 3155; x_wconf 77' lang='grc' dir='ltr'>ἑαυτοὺς</span> <span class='ocrx_word' id='word_1_320' title='bbox 1599 3067 2002 3133; x_wconf 82' lang='grc' dir='ltr'>ἐξαπατῶντας-</span> 
     </span>
    </p>
   </div>
   <div class='ocr_carea' id='block_1_42' title="bbox 2106 1972 3688 2040">
    <p class='ocr_par' dir='ltr' id='par_1_42' title="bbox 2106 1972 3688 2040">
     <span class='ocr_line' id='line_1_42' title="bbox 2106 1972 3688 2040; baseline 0.002 -13"><span class='ocrx_word' id='word_1_321' title='bbox 2106 1972 2218 2027; x_wconf 87' lang='lat' dir='ltr'><strong>vim</strong></span> <span class='ocrx_word' id='word_1_322' title='bbox 2263 1973 2557 2030; x_wconf 79' lang='lat' dir='ltr'><strong>exturbare</strong></span> <span class='ocrx_word' id='word_1_323' title='bbox 2598 1988 2884 2029; x_wconf 87' lang='lat' dir='ltr'><strong>conemur.</strong></span> <span class='ocrx_word' id='word_1_324' title='bbox 2938 1972 3253 2040; x_wconf 85' lang='lat' dir='ltr'><strong>Enimvero,</strong></span> <span class='ocrx_word' id='word_1_325' title='bbox 3292 1976 3407 2030; x_wconf 88' lang='lat' dir='ltr'><strong>sive</strong></span> <span class='ocrx_word' id='word_1_326' title='bbox 3436 1976 3688 2031; x_wconf 83' lang='lat' dir='ltr'><strong>Christus</strong></span> 
     </span>
    </p>
   </div>
   <div class='ocr_carea' id='block_1_43' title="bbox 2107 2063 3687 2136">
    <p class='ocr_par' dir='ltr' id='par_1_43' title="bbox 2107 2063 3687 2136">
     <span class='ocr_line' id='line_1_43' title="bbox 2107 2063 3687 2136; baseline 0.003 -18"><span class='ocrx_word' id='word_1_327' title='bbox 2107 2063 2306 2134; x_wconf 86' lang='lat' dir='ltr'><strong>aliquis</strong></span> <span class='ocrx_word' id='word_1_328' title='bbox 2348 2064 2612 2120; x_wconf 91' lang='lat' dir='ltr'><strong>divinitus</strong></span> <span class='ocrx_word' id='word_1_329' title='bbox 2659 2065 2791 2119; x_wconf 91' lang='lat' dir='ltr'><strong>olim</strong></span> <span class='ocrx_word' id='word_1_330' title='bbox 2835 2066 3234 2136; x_wconf 72' lang='lat' dir='ltr'><strong>pmnuntiatus</strong></span> <span class='ocrx_word' id='word_1_331' title='bbox 3276 2066 3572 2132; x_wconf 85' lang='lat' dir='ltr'><strong>habeatur,</strong></span> <span class='ocrx_word' id='word_1_332' title='bbox 3620 2082 3687 2123; x_wconf 78' lang='lat' dir='ltr'><strong>ex</strong></span> 
     </span>
    </p>
   </div>
   <div class='ocr_carea' id='block_1_44' title="bbox 2105 2153 3684 2232">
    <p class='ocr_par' dir='ltr' id='par_1_44' title="bbox 2105 2153 3684 2232">
     <span class='ocr_line' id='line_1_44' title="bbox 2105 2153 3684 2232; baseline 0.004 -22"><span class='ocrx_word' id='word_1_333' title='bbox 2105 2153 2310 2211; x_wconf 62' lang='lat' dir='ltr'><strong>Iudaeis</strong></span> <span class='ocrx_word' id='word_1_334' title='bbox 2329 2163 2488 2232; x_wconf 76' lang='lat' dir='ltr'><strong>certe</strong></span> <span class='ocrx_word' id='word_1_335' title='bbox 2516 2157 2814 2227; x_wconf 86' lang='lat' dir='ltr'><strong>prophetas</strong></span> <span class='ocrx_word' id='word_1_336' title='bbox 2860 2157 2988 2215; x_wconf 92' lang='lat' dir='ltr'><strong>illos</strong></span> <span class='ocrx_word' id='word_1_337' title='bbox 3018 2157 3211 2227; x_wconf 83' lang='lat' dir='ltr'><strong>fuisse,</strong></span> <span class='ocrx_word' id='word_1_338' title='bbox 3256 2161 3350 2230; x_wconf 90' lang='lat' dir='ltr'><strong>qui</strong></span> <span class='ocrx_word' id='word_1_339' title='bbox 3392 2161 3684 2217; x_wconf 86' lang='lat' dir='ltr'><strong>adventum</strong></span> 
     </span>
    </p>
   </div>
   <div class='ocr_carea' id='block_1_45' title="bbox 2106 2246 3686 2322">
    <p class='ocr_par' dir='ltr' id='par_1_45' title="bbox 2106 2246 3686 2322">
     <span class='ocr_line' id='line_1_45' title="bbox 2106 2246 3686 2322; baseline 0.003 -17"><span class='ocrx_word' id='word_1_340' title='bbox 2106 2246 2227 2319; x_wconf 88' lang='lat' dir='ltr'><strong>ejus</strong></span> <span class='ocrx_word' id='word_1_341' title='bbox 2252 2247 2577 2320; x_wconf 74' lang='lat' dir='ltr'><strong>praedixere,</strong></span> <span class='ocrx_word' id='word_1_342' title='bbox 2619 2249 2716 2320; x_wconf 88' lang='lat' dir='ltr'><strong>qui</strong></span> <span class='ocrx_word' id='word_1_343' title='bbox 2760 2250 2928 2307; x_wconf 90' lang='lat' dir='ltr'><strong>simul</strong></span> <span class='ocrx_word' id='word_1_344' title='bbox 2962 2250 3142 2322; x_wconf 92' lang='lat' dir='ltr'><strong>ipsum</strong></span> <span class='ocrx_word' id='word_1_345' title='bbox 3178 2250 3401 2318; x_wconf 72' lang='lat' dir='ltr'><strong>Iudaeis,</strong></span> <span class='ocrx_word' id='word_1_346' title='bbox 3431 2268 3540 2308; x_wconf 92' lang='lat' dir='ltr'><strong>non</strong></span> <span class='ocrx_word' id='word_1_347' title='bbox 3581 2269 3686 2319; x_wconf 89' lang='lat' dir='ltr'><strong>au-</strong></span> 
     </span>
    </p>
   </div>
   <div class='ocr_carea' id='block_1_46' title="bbox 2106 2342 3687 2416">
    <p class='ocr_par' dir='ltr' id='par_1_46' title="bbox 2106 2342 3687 2416">
     <span class='ocr_line' id='line_1_46' title="bbox 2106 2342 3687 2416; baseline 0.003 -19"><span class='ocrx_word' id='word_1_348' title='bbox 2106 2350 2214 2397; x_wconf 88' lang='lat' dir='ltr'><strong>tem</strong></span> <span class='ocrx_word' id='word_1_349' title='bbox 2249 2342 2468 2413; x_wconf 86' lang='lat' dir='ltr'><strong>populis</strong></span> <span class='ocrx_word' id='word_1_350' title='bbox 2497 2343 2820 2414; x_wconf 84' lang='lat' dir='ltr'><strong>alienigenis</strong></span> <span class='ocrx_word' id='word_1_351' title='bbox 2847 2342 3268 2415; x_wconf 82' lang='lat' dir='ltr'><strong>Redemptorem</strong></span> <span class='ocrx_word' id='word_1_352' title='bbox 3302 2361 3425 2401; x_wconf 90' lang='lat' dir='ltr'><strong>esse</strong></span> <span class='ocrx_word' id='word_1_353' title='bbox 3453 2345 3687 2416; x_wconf 79' lang='lat' dir='ltr'><strong>Regem-</strong></span> 
     </span>
    </p>
   </div>
   <div class='ocr_carea' id='block_1_47' title="bbox 2108 2435 3686 2507">
    <p class='ocr_par' dir='ltr' id='par_1_47' title="bbox 2108 2435 3686 2507">
     <span class='ocr_line' id='line_1_47' title="bbox 2108 2435 3686 2507; baseline 0.002 -16"><span class='ocrx_word' id='word_1_354' title='bbox 2108 2449 2218 2506; x_wconf 88' lang='lat' dir='ltr'><strong>que</strong></span> <span class='ocrx_word' id='word_1_355' title='bbox 2247 2443 2543 2490; x_wconf 70' lang='lat' dir='ltr'><strong>venturum</strong></span> <span class='ocrx_word' id='word_1_356' title='bbox 2581 2435 2832 2491; x_wconf 86' lang='lat' dir='ltr'><strong>cecinere</strong></span> <span class='ocrx_word' id='word_1_357' title='bbox 2861 2454 2876 2490; x_wconf 92' lang='lat'><strong>:</strong></span> <span class='ocrx_word' id='word_1_358' title='bbox 2910 2435 3025 2493; x_wconf 87' lang='lat' dir='ltr'><strong>sive</strong></span> <span class='ocrx_word' id='word_1_359' title='bbox 3059 2437 3166 2492; x_wconf 89' lang='lat' dir='ltr'><strong>alia</strong></span> <span class='ocrx_word' id='word_1_360' title='bbox 3195 2440 3444 2507; x_wconf 60' lang='lat' dir='ltr'><strong>quaedam</strong></span> <span class='ocrx_word' id='word_1_361' title='bbox 3477 2437 3686 2494; x_wconf 83' lang='lat' dir='ltr'><strong>laetiora</strong></span> 
     </span>
    </p>
   </div>
   <div class='ocr_carea' id='block_1_48' title="bbox 2107 2525 3685 2599">
    <p class='ocr_par' dir='ltr' id='par_1_48' title="bbox 2107 2525 3685 2599">
     <span class='ocr_line' id='line_1_48' title="bbox 2107 2525 3685 2599; baseline 0.001 -16"><span class='ocrx_word' id='word_1_362' title='bbox 2107 2541 2284 2583; x_wconf 65' lang='lat' dir='ltr'><strong>sacra;</strong></span> <span class='ocrx_word' id='word_1_363' title='bbox 2318 2525 2514 2583; x_wconf 65' lang='lat' dir='ltr'><strong>littera:</strong></span> <span class='ocrx_word' id='word_1_364' title='bbox 2551 2526 2888 2593; x_wconf 88' lang='lat' dir='ltr'><strong>contineant,</strong></span> <span class='ocrx_word' id='word_1_365' title='bbox 2934 2543 2999 2584; x_wconf 89' lang='lat' dir='ltr'><strong>ea</strong></span> <span class='ocrx_word' id='word_1_366' title='bbox 3043 2543 3264 2599; x_wconf 90' lang='lat' dir='ltr'><strong>quoque</strong></span> <span class='ocrx_word' id='word_1_367' title='bbox 3309 2527 3514 2585; x_wconf 64' lang='lat' dir='ltr'><strong>Judais</strong></span> <span class='ocrx_word' id='word_1_368' title='bbox 3555 2544 3685 2599; x_wconf 89' lang='lat' dir='ltr'><strong>pro-</strong></span> 
     </span>
    </p>
   </div>
   <div class='ocr_carea' id='block_1_49' title="bbox 2106 2616 3685 2689">
    <p class='ocr_par' dir='ltr' id='par_1_49' title="bbox 2106 2616 3685 2689">
     <span class='ocr_line' id='line_1_49' title="bbox 2106 2616 3685 2689; baseline 0.002 -18"><span class='ocrx_word' id='word_1_369' title='bbox 2106 2616 2361 2673; x_wconf 87' lang='lat' dir='ltr'><strong>nuntiata</strong></span> <span class='ocrx_word' id='word_1_370' title='bbox 2404 2631 2562 2683; x_wconf 87' lang='lat' dir='ltr'><strong>esse,</strong></span> <span class='ocrx_word' id='word_1_371' title='bbox 2604 2616 2848 2688; x_wconf 88' lang='lat' dir='ltr'><strong>adeoque</strong></span> <span class='ocrx_word' id='word_1_372' title='bbox 2890 2617 3076 2674; x_wconf 87' lang='lat' dir='ltr'><strong>minus</strong></span> <span class='ocrx_word' id='word_1_373' title='bbox 3115 2617 3262 2689; x_wconf 86' lang='lat' dir='ltr'><strong>juste</strong></span> <span class='ocrx_word' id='word_1_374' title='bbox 3315 2633 3418 2675; x_wconf 90' lang='lat' dir='ltr'><strong>nos</strong></span> <span class='ocrx_word' id='word_1_375' title='bbox 3473 2618 3685 2688; x_wconf 77' lang='lat' dir='ltr'><strong>facere,</strong></span> 
     </span>
    </p>
   </div>
   <div class='ocr_carea' id='block_1_50' title="bbox 2107 2709 3688 2782">
    <p class='ocr_par' dir='ltr' id='par_1_50' title="bbox 2107 2709 3688 2782">
     <span class='ocr_line' id='line_1_50' title="bbox 2107 2709 3688 2782; baseline 0.003 -19"><span class='ocrx_word' id='word_1_376' title='bbox 2107 2709 2203 2779; x_wconf 91' lang='lat' dir='ltr'><strong>qui</strong></span> <span class='ocrx_word' id='word_1_377' title='bbox 2240 2723 2528 2780; x_wconf 87' lang='lat' dir='ltr'><strong>perperam</strong></span> <span class='ocrx_word' id='word_1_378' title='bbox 2553 2709 2745 2765; x_wconf 87' lang='lat' dir='ltr'><strong>eadem</strong></span> <span class='ocrx_word' id='word_1_379' title='bbox 2788 2719 2845 2765; x_wconf 91' lang='lat' dir='ltr'><strong>et</strong></span> <span class='ocrx_word' id='word_1_380' title='bbox 2889 2709 3070 2766; x_wconf 91' lang='lat' dir='ltr'><strong>alieno</strong></span> <span class='ocrx_word' id='word_1_381' title='bbox 3106 2711 3268 2781; x_wconf 88' lang='lat' dir='ltr'><strong>plane</strong></span> <span class='ocrx_word' id='word_1_382' title='bbox 3304 2726 3470 2767; x_wconf 89' lang='lat' dir='ltr'><strong>sensu</strong></span> <span class='ocrx_word' id='word_1_383' title='bbox 3502 2711 3688 2782; x_wconf 83' lang='lat' dir='ltr'><strong>capia-</strong></span> 
     </span>
    </p>
   </div>
   <div class='ocr_carea' id='block_1_51' title="bbox 2106 2799 3686 2873">
    <p class='ocr_par' dir='ltr' id='par_1_51' title="bbox 2106 2799 3686 2873">
     <span class='ocr_line' id='line_1_51' title="bbox 2106 2799 3686 2873; baseline 0.002 -17"><span class='ocrx_word' id='word_1_384' title='bbox 2106 2817 2251 2858; x_wconf 89' lang='lat' dir='ltr'><strong>mus.</strong></span> <span class='ocrx_word' id='word_1_385' title='bbox 2282 2802 2341 2873; x_wconf 75' lang='lat'><strong><em>6</em></strong></span> <span class='ocrx_word' id='word_1_386' title='bbox 2369 2799 2508 2857; x_wconf 84' lang='lat' dir='ltr'><strong>illud</strong></span> <span class='ocrx_word' id='word_1_387' title='bbox 2547 2800 2717 2857; x_wconf 90' lang='lat' dir='ltr'><strong>etiam</strong></span> <span class='ocrx_word' id='word_1_388' title='bbox 2782 2801 3182 2872; x_wconf 88' lang='lat' dir='ltr'><strong>perabsurdum</strong></span> <span class='ocrx_word' id='word_1_389' title='bbox 3224 2817 3368 2870; x_wconf 89' lang='lat' dir='ltr'><strong>esse,</strong></span> <span class='ocrx_word' id='word_1_390' title='bbox 3413 2803 3558 2873; x_wconf 89' lang='lat' dir='ltr'><strong>quod</strong></span> <span class='ocrx_word' id='word_1_391' title='bbox 3590 2818 3686 2859; x_wconf 88' lang='lat' dir='ltr'><strong>eas</strong></span> 
     </span>
    </p>
   </div>
   <div class='ocr_carea' id='block_1_52' title="bbox 2107 2890 3687 2963">
    <p class='ocr_par' dir='ltr' id='par_1_52' title="bbox 2107 2890 3687 2963">
     <span class='ocr_line' id='line_1_52' title="bbox 2107 2890 3687 2963; baseline 0.003 -18"><span class='ocrx_word' id='word_1_392' title='bbox 2107 2891 2332 2962; x_wconf 87' lang='lat' dir='ltr'><strong>quidem</strong></span> <span class='ocrx_word' id='word_1_393' title='bbox 2374 2890 2854 2960; x_wconf 86' lang='lat' dir='ltr'><strong>reprehensiones,</strong></span> <span class='ocrx_word' id='word_1_394' title='bbox 2892 2892 3094 2960; x_wconf 90' lang='lat' dir='ltr'><strong>quibus</strong></span> <span class='ocrx_word' id='word_1_395' title='bbox 3127 2891 3367 2949; x_wconf 89' lang='lat' dir='ltr'><strong>nationis</strong></span> <span class='ocrx_word' id='word_1_396' title='bbox 3394 2892 3557 2963; x_wconf 89' lang='lat' dir='ltr'><strong>hujus</strong></span> <span class='ocrx_word' id='word_1_397' title='bbox 3589 2893 3687 2950; x_wconf 88' lang='lat' dir='ltr'><strong>de-</strong></span> 
     </span>
    </p>
   </div>
   <div class='ocr_carea' id='block_1_53' title="bbox 2107 2981 3686 3056">
    <p class='ocr_par' dir='ltr' id='par_1_53' title="bbox 2107 2981 3686 3056">
     <span class='ocr_line' id='line_1_53' title="bbox 2107 2981 3686 3056; baseline 0.004 -22"><span class='ocrx_word' id='word_1_398' title='bbox 2107 2981 2235 3037; x_wconf 88' lang='lat' dir='ltr'><strong>licta</strong></span> <span class='ocrx_word' id='word_1_399' title='bbox 2286 2988 2679 3053; x_wconf 86' lang='lat' dir='ltr'><strong>coarguuntur,</strong></span> <span class='ocrx_word' id='word_1_400' title='bbox 2720 2981 2916 3052; x_wconf 91' lang='lat' dir='ltr'><strong>cupide</strong></span> <span class='ocrx_word' id='word_1_401' title='bbox 2953 2982 3251 3037; x_wconf 89' lang='lat' dir='ltr'><strong>admodum</strong></span> <span class='ocrx_word' id='word_1_402' title='bbox 3291 2984 3557 3056; x_wconf 87' lang='lat' dir='ltr'><strong>avideque</strong></span> <span class='ocrx_word' id='word_1_403' title='bbox 3595 3001 3686 3040; x_wconf 89' lang='lat' dir='ltr'><strong>ar-</strong></span> 
     </span>
    </p>
   </div>
   <div class='ocr_carea' id='block_1_54' title="bbox 2107 3069 3686 3143">
    <p class='ocr_par' dir='ltr' id='par_1_54' title="bbox 2107 3069 3686 3143">
     <span class='ocr_line' id='line_1_54' title="bbox 2107 3069 3686 3143; baseline 0.004 -17"><span class='ocrx_word' id='word_1_404' title='bbox 2107 3069 2411 3142; x_wconf 90' lang='lat' dir='ltr'><strong>ripiamus;</strong></span> <span class='ocrx_word' id='word_1_405' title='bbox 2459 3087 2583 3142; x_wconf 83' lang='lat' dir='ltr'><strong>quae</strong></span> <span class='ocrx_word' id='word_1_406' title='bbox 2620 3086 2753 3127; x_wconf 89' lang='lat' dir='ltr'><strong>vero</strong></span> <span class='ocrx_word' id='word_1_407' title='bbox 2808 3073 3083 3143; x_wconf 88' lang='lat' dir='ltr'><strong>promissa</strong></span> <span class='ocrx_word' id='word_1_408' title='bbox 3135 3074 3403 3131; x_wconf 85' lang='lat' dir='ltr'><strong>divinitus</strong></span> <span class='ocrx_word' id='word_1_409' title='bbox 3445 3077 3495 3131; x_wconf 90' lang='lat' dir='ltr'><strong>ei</strong></span> <span class='ocrx_word' id='word_1_410' title='bbox 3542 3077 3686 3134; x_wconf 88' lang='lat' dir='ltr'><strong>bona</strong></span> 
     </span>
    </p>
   </div>
   <div class='ocr_carea' id='block_1_55' title="bbox 428 3155 2006 3258">
    <p class='ocr_par' dir='ltr' id='par_1_55' title="bbox 428 3155 2005 3233">
     <span class='ocr_line' id='line_1_55' title="bbox 428 3155 2005 3233; baseline 0.002 -22"><span class='ocrx_word' id='word_1_411' title='bbox 428 3157 503 3212; x_wconf 85' lang='grc' dir='ltr'><strong>Τὸ</strong></span> <span class='ocrx_word' id='word_1_412' title='bbox 549 3158 607 3212; x_wconf 85' lang='grc' dir='ltr'>δὲ</span> <span class='ocrx_word' id='word_1_413' title='bbox 655 3155 749 3214; x_wconf 82' lang='grc' dir='ltr'>οὖν</span> <span class='ocrx_word' id='word_1_414' title='bbox 793 3161 1050 3215; x_wconf 82' lang='grc' dir='ltr'>ἁπάντων</span> <span class='ocrx_word' id='word_1_415' title='bbox 1099 3161 1577 3233; x_wconf 86' lang='grc' dir='ltr'>παραλογώτατον,</span> <span class='ocrx_word' id='word_1_416' title='bbox 1625 3161 1709 3215; x_wconf 83' lang='grc' dir='ltr'>ὅτι</span> <span class='ocrx_word' id='word_1_417' title='bbox 1757 3160 1892 3232; x_wconf 86' lang='grc' dir='ltr'>μηδέ</span> <span class='ocrx_word' id='word_1_418' title='bbox 1935 3160 2005 3214; x_wconf 83' lang='grc' dir='ltr'>τὰ</span> 
     </span>
    </p>
   </div>
   <div class='ocr_carea' id='block_1_56' title="bbox 2107 3155 3689 3258">
    <p class='ocr_par' dir='ltr' id='par_1_56' title="bbox 2108 3164 3689 3240">
     <span class='ocr_line' id='line_1_56' title="bbox 2108 3164 3689 3240; baseline 0.003 -21"><span class='ocrx_word' id='word_1_419' title='bbox 2108 3173 2259 3227; x_wconf 91' lang='lat' dir='ltr'><strong>sunt,</strong></span> <span class='ocrx_word' id='word_1_420' title='bbox 2312 3164 2538 3219; x_wconf 88' lang='lat' dir='ltr'><strong>omnino</strong></span> <span class='ocrx_word' id='word_1_421' title='bbox 2585 3164 2934 3229; x_wconf 89' lang='lat' dir='ltr'><strong>reticeamus,</strong></span> <span class='ocrx_word' id='word_1_422' title='bbox 2988 3166 3072 3221; x_wconf 90' lang='lat' dir='ltr'><strong>vel</strong></span> <span class='ocrx_word' id='word_1_423' title='bbox 3119 3166 3302 3237; x_wconf 92' lang='lat' dir='ltr'><strong>potius</strong></span> <span class='ocrx_word' id='word_1_424' title='bbox 3334 3178 3544 3223; x_wconf 81' lang='lat' dir='ltr'><strong>extorta</strong></span> <span class='ocrx_word' id='word_1_425' title='bbox 3589 3184 3689 3240; x_wconf 89' lang='lat' dir='ltr'><strong>per</strong></span> 
     </span>
    </p>
   </div>
   <div class='ocr_carea' id='block_1_57' title="bbox 426 3247 2005 3325">
    <p class='ocr_par' dir='ltr' id='par_1_57' title="bbox 426 3247 2005 3325">
     <span class='ocr_line' id='line_1_57' title="bbox 426 3247 2005 3325; baseline 0.004 -27"><span class='ocrx_word' id='word_1_426' title='bbox 426 3247 634 3320; x_wconf 85' lang='grc' dir='ltr'>νόμιμα</span> <span class='ocrx_word' id='word_1_427' title='bbox 666 3250 1064 3323; x_wconf 88' lang='grc' dir='ltr'>παραπλησίως</span> <span class='ocrx_word' id='word_1_428' title='bbox 1091 3253 1274 3318; x_wconf 81' lang='grc' dir='ltr'>αὐτοῖς</span> <span class='ocrx_word' id='word_1_429' title='bbox 1303 3252 1677 3325; x_wconf 77' lang='grc' dir='ltr'>περιέποντες,</span> <span class='ocrx_word' id='word_1_430' title='bbox 1707 3250 1843 3305; x_wconf 89' lang='grc' dir='ltr'><strong>ἀλλά</strong></span> <span class='ocrx_word' id='word_1_431' title='bbox 1868 3269 2005 3324; x_wconf 88' lang='grc' dir='ltr'>προ-</span> 
     </span>
    </p>
   </div>
   <div class='ocr_carea' id='block_1_58' title="bbox 2111 3256 3683 3330">
    <p class='ocr_par' dir='ltr' id='par_1_58' title="bbox 2111 3256 3683 3330">
     <span class='ocr_line' id='line_1_58' title="bbox 2111 3256 3683 3330; baseline 0.004 -20"><span class='ocrx_word' id='word_1_432' title='bbox 2111 3256 2222 3310; x_wconf 92' lang='lat' dir='ltr'><strong>vim</strong></span> <span class='ocrx_word' id='word_1_433' title='bbox 2257 3256 2312 3310; x_wconf 90' lang='lat' dir='ltr'><strong>in</strong></span> <span class='ocrx_word' id='word_1_434' title='bbox 2342 3271 2444 3312; x_wconf 93' lang='lat' dir='ltr'><strong>nos</strong></span> <span class='ocrx_word' id='word_1_435' title='bbox 2483 3257 2634 3327; x_wconf 89' lang='lat' dir='ltr'><strong>ipsos</strong></span> <span class='ocrx_word' id='word_1_436' title='bbox 2674 3256 3112 3313; x_wconf 79' lang='lat' dir='ltr'><strong>transferamus:</strong></span> <span class='ocrx_word' id='word_1_437' title='bbox 3145 3259 3293 3329; x_wconf 93' lang='lat' dir='ltr'><strong>quod</strong></span> <span class='ocrx_word' id='word_1_438' title='bbox 3337 3275 3470 3315; x_wconf 89' lang='lat' dir='ltr'><strong>sane</strong></span> <span class='ocrx_word' id='word_1_439' title='bbox 3504 3261 3683 3330; x_wconf 88' lang='lat' dir='ltr'><strong>palam</strong></span> 
     </span>
    </p>
   </div>
   <div class='ocr_carea' id='block_1_59' title="bbox 427 3342 2006 3420">
    <p class='ocr_par' dir='ltr' id='par_1_59' title="bbox 427 3342 2005 3418">
     <span class='ocr_line' id='line_1_59' title="bbox 427 3342 2005 3418; baseline 0.004 -25"><span class='ocrx_word' id='word_1_440' title='bbox 427 3342 612 3408; x_wconf 80' lang='grc' dir='ltr'>φανῶς</span> <span class='ocrx_word' id='word_1_441' title='bbox 650 3343 1114 3416; x_wconf 80' lang='grc' dir='ltr'>παρανομοῦντες,</span> <span class='ocrx_word' id='word_1_442' title='bbox 1156 3346 1257 3411; x_wconf 87' lang='grc' dir='ltr'><strong>τάς</strong></span> <span class='ocrx_word' id='word_1_443' title='bbox 1297 3346 1714 3418; x_wconf 81' lang='grc' dir='ltr'>ἐπηγγελμένας</span> <span class='ocrx_word' id='word_1_444' title='bbox 1754 3348 1869 3410; x_wconf 86' lang='grc' dir='ltr'>τοῖς</span> <span class='ocrx_word' id='word_1_445' title='bbox 1896 3346 2005 3400; x_wconf 86' lang='grc' dir='ltr'><strong>τῶν</strong></span> 
     </span>
    </p>
   </div>
   <div class='ocr_carea' id='block_1_60' title="bbox 2107 3342 3688 3420">
    <p class='ocr_par' dir='ltr' id='par_1_60' title="bbox 2111 3345 3688 3420">
     <span class='ocr_line' id='line_1_60' title="bbox 2111 3345 3688 3420; baseline 0.006 -20"><span class='ocrx_word' id='word_1_446' title='bbox 2111 3354 2319 3401; x_wconf 89' lang='lat' dir='ltr'><strong>etcum</strong></span> <span class='ocrx_word' id='word_1_447' title='bbox 2366 3346 2601 3401; x_wconf 89' lang='lat' dir='ltr'><strong>aliorum</strong></span> <span class='ocrx_word' id='word_1_448' title='bbox 2633 3345 2835 3417; x_wconf 90' lang='lat' dir='ltr'><strong>injuria</strong></span> <span class='ocrx_word' id='word_1_449' title='bbox 2875 3363 2990 3403; x_wconf 70' lang='lat' dir='ltr'><strong>suae</strong></span> <span class='ocrx_word' id='word_1_450' title='bbox 3026 3349 3312 3420; x_wconf 88' lang='lat' dir='ltr'><strong>cupiditati</strong></span> <span class='ocrx_word' id='word_1_451' title='bbox 3355 3352 3582 3420; x_wconf 89' lang='lat' dir='ltr'><strong>servire,</strong></span> <span class='ocrx_word' id='word_1_452' title='bbox 3621 3368 3688 3409; x_wconf 90' lang='lat' dir='ltr'><strong>ac</strong></span> 
     </span>
    </p>
   </div>
   <div class='ocr_carea' id='block_1_61' title="bbox 424 3429 2006 3507">
    <p class='ocr_par' dir='ltr' id='par_1_61' title="bbox 424 3429 2006 3507">
     <span class='ocr_line' id='line_1_61' title="bbox 424 3429 2006 3507; baseline 0.004 -23"><span class='ocrx_word' id='word_1_453' title='bbox 424 3429 605 3502; x_wconf 86' lang='grc' dir='ltr'>νόμων</span> <span class='ocrx_word' id='word_1_454' title='bbox 665 3433 858 3502; x_wconf 77' lang='grc' dir='ltr'>φύλαξι</span> <span class='ocrx_word' id='word_1_455' title='bbox 905 3436 1276 3507; x_wconf 86' lang='grc' dir='ltr'>χρηστοτέρας</span> <span class='ocrx_word' id='word_1_456' title='bbox 1340 3435 1576 3506; x_wconf 76' lang='grc' dir='ltr'>ἀμοιϐὰς</span> <span class='ocrx_word' id='word_1_457' title='bbox 1641 3436 1722 3500; x_wconf 85' lang='grc' dir='ltr'><strong>είς</strong></span> <span class='ocrx_word' id='word_1_458' title='bbox 1781 3436 2006 3499; x_wconf 76' lang='grc' dir='ltr'>ἑαυτοὺς</span> 
     </span>
    </p>
   </div>
   <div class='ocr_carea' id='block_1_62' title="bbox 2107 3429 3684 3507">
    <p class='ocr_par' dir='ltr' id='par_1_62' title="bbox 2114 3435 3684 3506">
     <span class='ocr_line' id='line_1_62' title="bbox 2114 3435 3684 3506; baseline 0.004 -15"><span class='ocrx_word' id='word_1_459' title='bbox 2114 3451 2173 3491; x_wconf 88' lang='lat' dir='ltr'><strong>se</strong></span> <span class='ocrx_word' id='word_1_460' title='bbox 2202 3435 2382 3506; x_wconf 91' lang='lat' dir='ltr'><strong>ipsum</strong></span> <span class='ocrx_word' id='word_1_461' title='bbox 2424 3436 2481 3490; x_wconf 92' lang='lat' dir='ltr'><strong>in</strong></span> <span class='ocrx_word' id='word_1_462' title='bbox 2510 3450 2752 3492; x_wconf 87' lang='lat' dir='ltr'><strong>errorem</strong></span> <span class='ocrx_word' id='word_1_463' title='bbox 2788 3445 2844 3492; x_wconf 92' lang='lat' dir='ltr'><strong>et</strong></span> <span class='ocrx_word' id='word_1_464' title='bbox 2872 3437 3121 3494; x_wconf 82' lang='lat' dir='ltr'><strong>fraudem</strong></span> <span class='ocrx_word' id='word_1_465' title='bbox 3153 3439 3414 3496; x_wconf 88' lang='lat' dir='ltr'><strong>inducere</strong></span> <span class='ocrx_word' id='word_1_466' title='bbox 3442 3449 3546 3498; x_wconf 89' lang='lat' dir='ltr'><strong>est.</strong></span> <span class='ocrx_word' id='word_1_467' title='bbox 3578 3442 3684 3498; x_wconf 87' lang='lat' dir='ltr'><strong>De-</strong></span> 
     </span>
    </p>
   </div>
   <div class='ocr_carea' id='block_1_63' title="bbox 425 3520 2006 3598">
    <p class='ocr_par' dir='ltr' id='par_1_63' title="bbox 425 3520 805 3594">
     <span class='ocr_line' id='line_1_63' title="bbox 425 3520 805 3594; baseline 0.018 -21"><span class='ocrx_word' id='word_1_468' title='bbox 425 3520 805 3594; x_wconf 84' lang='grc' dir='ltr'>ἐπισπώμεθα.</span> 
     </span>
    </p>
   </div>
   <div class='ocr_carea' id='block_1_64' title="bbox 2107 3520 3685 3598">
    <p class='ocr_par' dir='ltr' id='par_1_64' title="bbox 2112 3527 3685 3598">
     <span class='ocr_line' id='line_1_64' title="bbox 2112 3527 3685 3598; baseline 0.003 -17"><span class='ocrx_word' id='word_1_469' title='bbox 2112 3529 2279 3598; x_wconf 90' lang='lat' dir='ltr'><strong>nique</strong></span> <span class='ocrx_word' id='word_1_470' title='bbox 2317 3527 2423 3583; x_wconf 88' lang='lat' dir='ltr'><strong>hoc</strong></span> <span class='ocrx_word' id='word_1_471' title='bbox 2449 3527 2520 3582; x_wconf 88' lang='lat' dir='ltr'><strong>ab</strong></span> <span class='ocrx_word' id='word_1_472' title='bbox 2558 3528 2706 3583; x_wconf 91' lang='lat' dir='ltr'><strong>omni</strong></span> <span class='ocrx_word' id='word_1_473' title='bbox 2734 3527 2947 3584; x_wconf 88' lang='lat' dir='ltr'><strong>ratione</strong></span> <span class='ocrx_word' id='word_1_474' title='bbox 2990 3529 3229 3585; x_wconf 83' lang='lat' dir='ltr'><strong>maxime</strong></span> <span class='ocrx_word' id='word_1_475' title='bbox 3263 3531 3502 3585; x_wconf 89' lang='lat' dir='ltr'><strong>alienum</strong></span> <span class='ocrx_word' id='word_1_476' title='bbox 3542 3546 3685 3598; x_wconf 90' lang='lat' dir='ltr'><strong>esse,</strong></span> 
     </span>
    </p>
   </div>
   <div class='ocr_carea' id='block_1_65' title="bbox 424 3618 3685 3696">
    <p class='ocr_par' dir='ltr' id='par_1_65' title="bbox 424 3618 3685 3696">
     <span class='ocr_line' id='line_1_65' title="bbox 424 3618 3685 3696; baseline 0.003 -26"><span class='ocrx_word' id='word_1_477' title='bbox 424 3618 569 3687; x_wconf 86' lang='lat' dir='ltr'><strong>quod</strong></span> <span class='ocrx_word' id='word_1_478' title='bbox 631 3635 756 3676; x_wconf 88' lang='lat' dir='ltr'><strong>cum</strong></span> <span class='ocrx_word' id='word_1_479' title='bbox 801 3636 873 3679; x_wconf 91' lang='lat' dir='ltr'><strong>ne</strong></span> <span class='ocrx_word' id='word_1_480' title='bbox 919 3622 1012 3678; x_wconf 88' lang='lat' dir='ltr'><strong>illa</strong></span> <span class='ocrx_word' id='word_1_481' title='bbox 1060 3623 1303 3693; x_wconf 85' lang='lat' dir='ltr'><strong>quidem,</strong></span> <span class='ocrx_word' id='word_1_482' title='bbox 1330 3624 1466 3696; x_wconf 69' lang='lat' dir='ltr'><strong>quae</strong></span> <span class='ocrx_word' id='word_1_483' title='bbox 1503 3621 1815 3680; x_wconf 64' lang='lat' dir='ltr'><strong>Iudaeorum</strong></span> <span class='ocrx_word' id='word_1_484' title='bbox 1878 3622 2090 3695; x_wconf 81' lang='lat' dir='ltr'><strong>legibus</strong></span> <span class='ocrx_word' id='word_1_485' title='bbox 2128 3623 2423 3680; x_wconf 87' lang='lat' dir='ltr'><strong>constituta</strong></span> <span class='ocrx_word' id='word_1_486' title='bbox 2479 3631 2640 3691; x_wconf 90' lang='lat' dir='ltr'><strong>sunt,</strong></span> <span class='ocrx_word' id='word_1_487' title='bbox 2700 3624 2891 3680; x_wconf 89' lang='lat' dir='ltr'><strong>eodem</strong></span> <span class='ocrx_word' id='word_1_488' title='bbox 2951 3624 3061 3680; x_wconf 89' lang='lat' dir='ltr'><strong>ritu</strong></span> <span class='ocrx_word' id='word_1_489' title='bbox 3113 3640 3431 3693; x_wconf 85' lang='lat' dir='ltr'><strong>servemus,</strong></span> <span class='ocrx_word' id='word_1_490' title='bbox 3487 3627 3582 3681; x_wconf 89' lang='lat' dir='ltr'><strong>sed</strong></span> <span class='ocrx_word' id='word_1_491' title='bbox 3630 3627 3685 3680; x_wconf 93' lang='lat' dir='ltr'><strong>in</strong></span> 
     </span>
    </p>
   </div>
   <div class='ocr_carea' id='block_1_66' title="bbox 426 3714 3688 3792">
    <p class='ocr_par' dir='ltr' id='par_1_66' title="bbox 426 3714 3688 3792">
     <span class='ocr_line' id='line_1_66' title="bbox 426 3714 3688 3792; baseline 0.003 -26"><span class='ocrx_word' id='word_1_492' title='bbox 426 3714 671 3770; x_wconf 90' lang='lat' dir='ltr'><strong>omnium</strong></span> <span class='ocrx_word' id='word_1_493' title='bbox 713 3717 888 3774; x_wconf 91' lang='lat' dir='ltr'><strong>oculis</strong></span> <span class='ocrx_word' id='word_1_494' title='bbox 938 3718 1226 3776; x_wconf 88' lang='lat' dir='ltr'><strong>adversum</strong></span> <span class='ocrx_word' id='word_1_495' title='bbox 1276 3735 1341 3775; x_wconf 92' lang='lat' dir='ltr'><strong>ea</strong></span> <span class='ocrx_word' id='word_1_496' title='bbox 1390 3719 1806 3791; x_wconf 89' lang='lat' dir='ltr'><strong>delinquamus;</strong></span> <span class='ocrx_word' id='word_1_497' title='bbox 1853 3719 2123 3790; x_wconf 88' lang='lat' dir='ltr'><strong>promissa</strong></span> <span class='ocrx_word' id='word_1_498' title='bbox 2168 3726 2351 3775; x_wconf 90' lang='lat' dir='ltr'><strong>tamen</strong></span> <span class='ocrx_word' id='word_1_499' title='bbox 2390 3719 2460 3774; x_wconf 92' lang='lat' dir='ltr'><strong>iis</strong></span> <span class='ocrx_word' id='word_1_500' title='bbox 2513 3719 2608 3790; x_wconf 93' lang='lat' dir='ltr'><strong>qui</strong></span> <span class='ocrx_word' id='word_1_501' title='bbox 2635 3718 2848 3791; x_wconf 81' lang='lat' dir='ltr'><strong>legibus</strong></span> <span class='ocrx_word' id='word_1_502' title='bbox 2889 3719 3267 3791; x_wconf 86' lang='lat' dir='ltr'><strong>obtemperant</strong></span> <span class='ocrx_word' id='word_1_503' title='bbox 3296 3720 3501 3792; x_wconf 86' lang='lat' dir='ltr'><strong>optima</strong></span> <span class='ocrx_word' id='word_1_504' title='bbox 3534 3736 3688 3792; x_wconf 84' lang='lat' dir='ltr'><strong>quae-</strong></span> 
     </span>
    </p>
   </div>
   <div class='ocr_carea' id='block_1_67' title="bbox 425 3809 1357 3881">
    <p class='ocr_par' dir='ltr' id='par_1_67' title="bbox 425 3809 1357 3881">
     <span class='ocr_line' id='line_1_67' title="bbox 425 3809 1357 3881; baseline 0.006 -18"><span class='ocrx_word' id='word_1_505' title='bbox 425 3823 532 3875; x_wconf 88' lang='lat' dir='ltr'><strong>que</strong></span> <span class='ocrx_word' id='word_1_506' title='bbox 557 3809 714 3866; x_wconf 89' lang='lat' dir='ltr'><strong>nobis</strong></span> <span class='ocrx_word' id='word_1_507' title='bbox 743 3811 966 3881; x_wconf 69' lang='lat' dir='ltr'><strong>praemia</strong></span> <span class='ocrx_word' id='word_1_508' title='bbox 996 3812 1357 3869; x_wconf 76' lang='lat' dir='ltr'><strong>vindicamus.</strong></span> 
     </span>
    </p>
   </div>
   <div class='ocr_carea' id='block_1_68' title="bbox 962 3905 1472 3961">
    <p class='ocr_par' dir='ltr' id='par_1_68' title="bbox 962 3905 1472 3961">
     <span class='ocr_line' id='line_1_68' title="bbox 962 3905 1472 3961; baseline -0.004 0"><span class='ocrx_word' id='word_1_509' title='bbox 962 3905 1360 3961; x_wconf 78' lang='grc' dir='ltr'><strong>ΚΕΦᾹΛΑῙΟΝ</strong></span> <span class='ocrx_word' id='word_1_510' title='bbox 1397 3905 1472 3959; x_wconf 86' lang='grc' dir='ltr'><strong>Γ’.</strong></span> 
     </span>
    </p>
   </div>
   <div class='ocr_carea' id='block_1_69' title="bbox 465 3992 1972 4068">
    <p class='ocr_par' dir='ltr' id='par_1_69' title="bbox 465 3992 1972 4068">
     <span class='ocr_line' id='line_1_69' title="bbox 465 3992 1972 4068; baseline 0.007 -24"><span class='ocrx_word' id='word_1_511' title='bbox 465 3992 585 4046; x_wconf 83' lang='grc' dir='ltr'>Ὅτι</span> <span class='ocrx_word' id='word_1_512' title='bbox 624 3992 712 4062; x_wconf 80' lang='grc' dir='ltr'>μὴ</span> <span class='ocrx_word' id='word_1_513' title='bbox 749 3994 1164 4068; x_wconf 78' lang='grc' dir='ltr'>ἀνεξετάστως</span> <span class='ocrx_word' id='word_1_514' title='bbox 1206 3998 1281 4052; x_wconf 81' lang='grc' dir='ltr'>τὰ</span> <span class='ocrx_word' id='word_1_515' title='bbox 1310 3998 1418 4052; x_wconf 80' lang='grc' dir='ltr'>τοῦ</span> <span class='ocrx_word' id='word_1_516' title='bbox 1447 4000 1746 4068; x_wconf 78' lang='grc' dir='ltr'>σωτηρίου</span> <span class='ocrx_word' id='word_1_517' title='bbox 1784 3999 1972 4068; x_wconf 71' lang='grc' dir='ltr'>λόγου</span> 
     </span>
    </p>
   </div>
   <div class='ocr_carea' id='block_1_70' title="bbox 932 4067 1503 4141">
    <p class='ocr_par' dir='ltr' id='par_1_70' title="bbox 932 4067 1503 4141">
     <span class='ocr_line' id='line_1_70' title="bbox 932 4067 1503 4141; baseline -0.002 -19"><span class='ocrx_word' id='word_1_518' title='bbox 932 4067 1177 4135; x_wconf 68' lang='grc' dir='ltr'>φρονεῖν</span> <span class='ocrx_word' id='word_1_519' title='bbox 1205 4069 1503 4141; x_wconf 66' lang='grc' dir='ltr'>εἱλόμεθα.</span> 
     </span>
    </p>
   </div>
   <div class='ocr_carea' id='block_1_71' title="bbox 496 4152 2015 4234">
    <p class='ocr_par' dir='ltr' id='par_1_71' title="bbox 496 4152 2015 4234">
     <span class='ocr_line' id='line_1_71' title="bbox 496 4152 2015 4234; baseline 0.006 -28"><span class='ocrx_word' id='word_1_520' title='bbox 496 4152 714 4208; x_wconf 88' lang='grc' dir='ltr'>Τούτων</span> <span class='ocrx_word' id='word_1_521' title='bbox 741 4153 977 4225; x_wconf 77' lang='grc' dir='ltr'>εὐλόγως</span> <span class='ocrx_word' id='word_1_522' title='bbox 996 4157 1062 4213; x_wconf 83' lang='grc' dir='ltr'>ἂν</span> <span class='ocrx_word' id='word_1_523' title='bbox 1089 4158 1248 4231; x_wconf 82' lang='grc' dir='ltr'>ἡμῶν</span> <span class='ocrx_word' id='word_1_524' title='bbox 1280 4171 1306 4201; x_wconf 71' lang='grc' dir='ltr'><strong>ο</strong></span> <span class='ocrx_word' id='word_1_525' title='bbox 1335 4163 1395 4215; x_wconf 84' lang='grc' dir='ltr'><strong>ἐν</strong></span> <span class='ocrx_word' id='word_1_526' title='bbox 1440 4160 1678 4233; x_wconf 83' lang='grc' dir='ltr'>πρώτοις</span> <span class='ocrx_word' id='word_1_527' title='bbox 1714 4159 2015 4234; x_wconf 80' lang='grc' dir='ltr'>ἀπορηθέν-</span> 
     </span>
    </p>
   </div>
   <div class='ocr_carea' id='block_1_72' title="bbox 426 4243 2013 4322">
    <p class='ocr_par' dir='ltr' id='par_1_72' title="bbox 426 4243 2013 4322">
     <span class='ocr_line' id='line_1_72' title="bbox 426 4243 2013 4322; baseline 0.007 -28"><span class='ocrx_word' id='word_1_528' title='bbox 426 4256 555 4307; x_wconf 88' lang='grc' dir='ltr'>των,</span> <span class='ocrx_word' id='word_1_529' title='bbox 603 4243 759 4314; x_wconf 86' lang='grc' dir='ltr'>φέρε,</span> <span class='ocrx_word' id='word_1_530' title='bbox 816 4245 908 4299; x_wconf 87' lang='grc' dir='ltr'>τὸν</span> <span class='ocrx_word' id='word_1_531' title='bbox 949 4247 1058 4301; x_wconf 82' lang='grc' dir='ltr'><strong>τῶν</strong></span> <span class='ocrx_word' id='word_1_532' title='bbox 1098 4246 1235 4302; x_wconf 85' lang='grc' dir='ltr'>ὅλων</span> <span class='ocrx_word' id='word_1_533' title='bbox 1273 4248 1428 4313; x_wconf 83' lang='grc' dir='ltr'>Θεὸν,</span> <span class='ocrx_word' id='word_1_534' title='bbox 1476 4249 1565 4304; x_wconf 85' lang='grc' dir='ltr'><strong>διά</strong></span> <span class='ocrx_word' id='word_1_535' title='bbox 1611 4249 1706 4304; x_wconf 81' lang='grc' dir='ltr'><strong>τοῦ</strong></span> <span class='ocrx_word' id='word_1_536' title='bbox 1761 4250 2013 4322; x_wconf 86' lang='grc' dir='ltr'>Σωτῆρος</span> 
     </span>
    </p>
   </div>
   <div class='ocr_carea' id='block_1_73' title="bbox 426 4333 2015 4414">
    <p class='ocr_par' dir='ltr' id='par_1_73' title="bbox 426 4333 2015 4414">
     <span class='ocr_line' id='line_1_73' title="bbox 426 4333 2015 4414; baseline 0.006 -27"><span class='ocrx_word' id='word_1_537' title='bbox 426 4333 604 4405; x_wconf 79' lang='grc' dir='ltr'>ἡμῶν,</span> <span class='ocrx_word' id='word_1_538' title='bbox 636 4335 731 4389; x_wconf 78' lang='grc' dir='ltr'><strong>τοῦ</strong></span> <span class='ocrx_word' id='word_1_539' title='bbox 773 4336 939 4391; x_wconf 80' lang='grc' dir='ltr'>αὐτοῦ</span> <span class='ocrx_word' id='word_1_540' title='bbox 966 4339 1140 4408; x_wconf 88' lang='grc' dir='ltr'>Λόγου</span> <span class='ocrx_word' id='word_1_541' title='bbox 1161 4377 1177 4405; x_wconf 93' lang='grc'><strong>,</strong></span> <span class='ocrx_word' id='word_1_542' title='bbox 1211 4339 1286 4404; x_wconf 86' lang='grc' dir='ltr'><strong>ὡς</strong></span> <span class='ocrx_word' id='word_1_543' title='bbox 1336 4334 1404 4388; x_wconf 86' lang='grc' dir='ltr'><strong>δι’</strong></span> <span class='ocrx_word' id='word_1_544' title='bbox 1459 4341 1794 4414; x_wconf 86' lang='grc' dir='ltr'>ἀρχιερέως,</span> <span class='ocrx_word' id='word_1_545' title='bbox 1822 4342 2015 4396; x_wconf 88' lang='grc' dir='ltr'>ἐπικα-</span> 
     </span>
    </p>
   </div>
   <div class='ocr_carea' id='block_1_74' title="bbox 425 4422 2014 4507">
    <p class='ocr_par' dir='ltr' id='par_1_74' title="bbox 425 4422 2014 4507">
     <span class='ocr_line' id='line_1_74' title="bbox 425 4422 2014 4507; baseline 0.007 -29"><span class='ocrx_word' id='word_1_546' title='bbox 425 4422 743 4498; x_wconf 77' lang='grc' dir='ltr'>λεσάμενοι,</span> <span class='ocrx_word' id='word_1_547' title='bbox 790 4429 852 4482; x_wconf 84' lang='grc' dir='ltr'>τὸ</span> <span class='ocrx_word' id='word_1_548' title='bbox 902 4428 1119 4502; x_wconf 84' lang='grc' dir='ltr'>πρῶτον</span> <span class='ocrx_word' id='word_1_549' title='bbox 1165 4430 1275 4507; x_wconf 72' lang='grc' dir='ltr'>τῷν</span> <span class='ocrx_word' id='word_1_550' title='bbox 1319 4434 1691 4505; x_wconf 86' lang='grc' dir='ltr'>προτεθέντων</span> <span class='ocrx_word' id='word_1_551' title='bbox 1737 4434 2014 4489; x_wconf 86' lang='grc' dir='ltr'>ἀποκαθά-</span> 
     </span>
    </p>
   </div>
   <div class='ocr_carea' id='block_1_75' title="bbox 2699 3890 3096 3957">
    <p class='ocr_par' dir='ltr' id='par_1_75' title="bbox 2699 3890 3096 3957">
     <span class='ocr_line' id='line_1_75' title="bbox 2699 3890 3096 3957; baseline 0.005 -3"><span class='ocrx_word' id='word_1_552' title='bbox 2699 3890 2705 3897; x_wconf 72' lang='grc'><strong>’</strong></span> <span class='ocrx_word' id='word_1_553' title='bbox 2732 3897 2965 3957; x_wconf 83' lang='lat' dir='ltr'><strong>CAPUT</strong></span> <span class='ocrx_word' id='word_1_554' title='bbox 3003 3898 3096 3956; x_wconf 84' lang='lat' dir='ltr'><strong>Ill.</strong></span> 
     </span>
    </p>
   </div>
   <div class='ocr_carea' id='block_1_76' title="bbox 2115 3985 3688 4062">
    <p class='ocr_par' dir='ltr' id='par_1_76' title="bbox 2115 3985 3688 4062">
     <span class='ocr_line' id='line_1_76' title="bbox 2115 3985 3688 4062; baseline -0.004 -17"><span class='ocrx_word' id='word_1_555' title='bbox 2115 3990 2240 4047; x_wconf 87' lang='lat' dir='ltr'><strong>Non</strong></span> <span class='ocrx_word' id='word_1_556' title='bbox 2287 4001 2478 4047; x_wconf 80' lang='lat' dir='ltr'><strong>temere</strong></span> <span class='ocrx_word' id='word_1_557' title='bbox 2511 3999 2809 4062; x_wconf 76' lang='lat' dir='ltr'><strong>susceptam</strong></span> <span class='ocrx_word' id='word_1_558' title='bbox 2850 4006 2883 4044; x_wconf 88' lang='grc' dir='ltr'><strong>ιι</strong></span> <span class='ocrx_word' id='word_1_559' title='bbox 2923 3988 3074 4044; x_wconf 76' lang='lat' dir='ltr'><strong>nobis</strong></span> <span class='ocrx_word' id='word_1_560' title='bbox 3117 4004 3230 4045; x_wconf 82' lang='lat' dir='ltr'><strong>esse</strong></span> <span class='ocrx_word' id='word_1_561' title='bbox 3275 3989 3533 4043; x_wconf 80' lang='lat' dir='ltr'><strong>salutaris</strong></span> <span class='ocrx_word' id='word_1_562' title='bbox 3589 3985 3688 4040; x_wconf 86' lang='lat' dir='ltr'><strong>do-</strong></span> 
     </span>
    </p>
   </div>
   <div class='ocr_carea' id='block_1_77' title="bbox 2648 4063 3151 4116">
    <p class='ocr_par' dir='ltr' id='par_1_77' title="bbox 2648 4063 3151 4116">
     <span class='ocr_line' id='line_1_77' title="bbox 2648 4063 3151 4116; baseline -0.004 -1"><span class='ocrx_word' id='word_1_563' title='bbox 2648 4063 2835 4116; x_wconf 74' lang='lat' dir='ltr'><strong>ctrina:</strong></span> <span class='ocrx_word' id='word_1_564' title='bbox 2856 4064 3151 4115; x_wconf 77' lang='lat' dir='ltr'><strong>veritatem.</strong></span> 
     </span>
    </p>
   </div>
   <div class='ocr_carea' id='block_1_78' title="bbox 2182 4149 3685 4222">
    <p class='ocr_par' dir='ltr' id='par_1_78' title="bbox 2182 4149 3685 4222">
     <span class='ocr_line' id='line_1_78' title="bbox 2182 4149 3685 4222; baseline -0.003 -16"><span class='ocrx_word' id='word_1_565' title='bbox 2182 4152 2451 4209; x_wconf 85' lang='lat' dir='ltr'><strong>Adductis</strong></span> <span class='ocrx_word' id='word_1_566' title='bbox 2482 4152 2538 4207; x_wconf 91' lang='lat' dir='ltr'><strong>in</strong></span> <span class='ocrx_word' id='word_1_567' title='bbox 2571 4150 2815 4207; x_wconf 88' lang='lat' dir='ltr'><strong>medium</strong></span> <span class='ocrx_word' id='word_1_568' title='bbox 2846 4152 2939 4221; x_wconf 92' lang='lat' dir='ltr'><strong>iis,</strong></span> <span class='ocrx_word' id='word_1_569' title='bbox 2963 4151 3031 4207; x_wconf 89' lang='lat' dir='ltr'><strong>de</strong></span> <span class='ocrx_word' id='word_1_570' title='bbox 3054 4152 3256 4222; x_wconf 89' lang='lat' dir='ltr'><strong>quibus</strong></span> <span class='ocrx_word' id='word_1_571' title='bbox 3284 4149 3525 4206; x_wconf 87' lang='lat' dir='ltr'><strong>dubitari</strong></span> <span class='ocrx_word' id='word_1_572' title='bbox 3559 4163 3685 4204; x_wconf 82' lang='lat' dir='ltr'><strong>cum</strong></span> 
     </span>
    </p>
   </div>
   <div class='ocr_carea' id='block_1_79' title="bbox 2115 4240 3690 4315">
    <p class='ocr_par' dir='ltr' id='par_1_79' title="bbox 2115 4240 3690 4315">
     <span class='ocr_line' id='line_1_79' title="bbox 2115 4240 3690 4315; baseline -0.001 -17"><span class='ocrx_word' id='word_1_573' title='bbox 2115 4244 2300 4314; x_wconf 86' lang='lat' dir='ltr'><strong>aliqua</strong></span> <span class='ocrx_word' id='word_1_574' title='bbox 2321 4243 2708 4315; x_wconf 85' lang='lat' dir='ltr'><strong>probabilitate</strong></span> <span class='ocrx_word' id='word_1_575' title='bbox 2727 4244 2927 4315; x_wconf 90' lang='lat' dir='ltr'><strong>possit,</strong></span> <span class='ocrx_word' id='word_1_576' title='bbox 2946 4258 3046 4314; x_wconf 82' lang='lat' dir='ltr'><strong>age</strong></span> <span class='ocrx_word' id='word_1_577' title='bbox 3064 4242 3494 4314; x_wconf 86' lang='lat' dir='ltr'><strong>jam,implorato</strong></span> <span class='ocrx_word' id='word_1_578' title='bbox 3523 4240 3690 4312; x_wconf 86' lang='lat' dir='ltr'><strong>hujus</strong></span> 
     </span>
    </p>
   </div>
   <div class='ocr_carea' id='block_1_80' title="bbox 2112 4333 3688 4405">
    <p class='ocr_par' dir='ltr' id='par_1_80' title="bbox 2112 4333 3688 4405">
     <span class='ocr_line' id='line_1_80' title="bbox 2112 4333 3688 4405; baseline -0.001 -15"><span class='ocrx_word' id='word_1_579' title='bbox 2112 4336 2488 4392; x_wconf 86' lang='lat' dir='ltr'><strong>universitatis</strong></span> <span class='ocrx_word' id='word_1_580' title='bbox 2534 4334 2629 4390; x_wconf 88' lang='lat' dir='ltr'><strong>Dei</strong></span> <span class='ocrx_word' id='word_1_581' title='bbox 2669 4350 2767 4405; x_wconf 88' lang='lat' dir='ltr'><strong>per</strong></span> <span class='ocrx_word' id='word_1_582' title='bbox 2812 4334 3159 4391; x_wconf 88' lang='lat' dir='ltr'><strong>Servatorem</strong></span> <span class='ocrx_word' id='word_1_583' title='bbox 3213 4343 3463 4390; x_wconf 90' lang='lat' dir='ltr'><strong>nostrum</strong></span> <span class='ocrx_word' id='word_1_584' title='bbox 3513 4333 3688 4404; x_wconf 87' lang='lat' dir='ltr'><strong>ipsius</strong></span> 
     </span>
    </p>
   </div>
   <div class='ocr_carea' id='block_1_81' title="bbox 2114 4425 3687 4499">
    <p class='ocr_par' dir='ltr' id='par_1_81' title="bbox 2114 4425 3687 4499">
     <span class='ocr_line' id='line_1_81' title="bbox 2114 4425 3687 4499; baseline -0.002 -16"><span class='ocrx_word' id='word_1_585' title='bbox 2114 4427 2374 4497; x_wconf 86' lang='lat' dir='ltr'><strong>Verbum,</strong></span> <span class='ocrx_word' id='word_1_586' title='bbox 2407 4436 2667 4499; x_wconf 89' lang='lat' dir='ltr'><strong>tanquam</strong></span> <span class='ocrx_word' id='word_1_587' title='bbox 2710 4443 2809 4499; x_wconf 86' lang='lat' dir='ltr'><strong>per</strong></span> <span class='ocrx_word' id='word_1_588' title='bbox 2841 4442 3119 4485; x_wconf 90' lang='lat' dir='ltr'><strong>summum</strong></span> <span class='ocrx_word' id='word_1_589' title='bbox 3158 4425 3493 4497; x_wconf 88' lang='lat' dir='ltr'><strong>pontiﬁcem,</strong></span> <span class='ocrx_word' id='word_1_590' title='bbox 3525 4425 3687 4481; x_wconf 77' lang='lat' dir='ltr'><strong>auxi-</strong></span> 
     </span>
    </p>
   </div>
   <div class='ocr_carea' id='block_1_82' title="bbox 430 4518 2006 4597">
    <p class='ocr_par' dir='ltr' id='par_1_82' title="bbox 430 4521 2006 4597">
     <span class='ocr_line' id='line_1_82' title="bbox 430 4521 2006 4597; baseline 0.004 -26"><span class='ocrx_word' id='word_1_591' title='bbox 430 4532 613 4589; x_wconf 87' lang='grc' dir='ltr'>ρωμεν</span> <span class='ocrx_word' id='word_1_592' title='bbox 632 4557 648 4584; x_wconf 92' lang='grc'><strong>,</strong></span> <span class='ocrx_word' id='word_1_593' title='bbox 723 4521 1063 4591; x_wconf 82' lang='grc' dir='ltr'>συκοφάντας</span> <span class='ocrx_word' id='word_1_594' title='bbox 1120 4523 1606 4595; x_wconf 84' lang='grc' dir='ltr'>προαποδειξαντες</span> <span class='ocrx_word' id='word_1_595' title='bbox 1666 4525 1793 4589; x_wconf 79' lang='grc' dir='ltr'>τοὺς</span> <span class='ocrx_word' id='word_1_596' title='bbox 1847 4525 2006 4597; x_wconf 84' lang='grc' dir='ltr'>μηδὲν</span> 
     </span>
    </p>
   </div>
   <div class='ocr_carea' id='block_1_83' title="bbox 2107 4518 3688 4597">
    <p class='ocr_par' dir='ltr' id='par_1_83' title="bbox 2115 4518 3688 4591">
     <span class='ocr_line' id='line_1_83' title="bbox 2115 4518 3688 4591; baseline -0.003 -16"><span class='ocrx_word' id='word_1_597' title='bbox 2115 4520 2223 4588; x_wconf 91' lang='lat' dir='ltr'><strong>lio;</strong></span> <span class='ocrx_word' id='word_1_598' title='bbox 2260 4519 2404 4591; x_wconf 92' lang='lat' dir='ltr'><strong>quod</strong></span> <span class='ocrx_word' id='word_1_599' title='bbox 2448 4519 2687 4590; x_wconf 91' lang='lat' dir='ltr'><strong>primum</strong></span> <span class='ocrx_word' id='word_1_600' title='bbox 2728 4519 2892 4576; x_wconf 88' lang='lat' dir='ltr'><strong>nobis</strong></span> <span class='ocrx_word' id='word_1_601' title='bbox 2929 4518 3205 4590; x_wconf 89' lang='lat' dir='ltr'><strong>objectum</strong></span> <span class='ocrx_word' id='word_1_602' title='bbox 3241 4526 3328 4575; x_wconf 91' lang='lat' dir='ltr'><strong>est</strong></span> <span class='ocrx_word' id='word_1_603' title='bbox 3369 4519 3444 4574; x_wconf 90' lang='lat' dir='ltr'><strong>ita</strong></span> <span class='ocrx_word' id='word_1_604' title='bbox 3489 4532 3688 4589; x_wconf 78' lang='lat' dir='ltr'><strong>purge-</strong></span> 
     </span>
    </p>
   </div>
   <div class='ocr_carea' id='block_1_84' title="bbox 425 4608 2007 4687">
    <p class='ocr_par' dir='ltr' id='par_1_84' title="bbox 425 4608 2007 4687">
     <span class='ocr_line' id='line_1_84' title="bbox 425 4608 2007 4687; baseline 0.005 -26"><span class='ocrx_word' id='word_1_605' title='bbox 425 4608 569 4681; x_wconf 79' lang='grc' dir='ltr'>εχειν</span> <span class='ocrx_word' id='word_1_606' title='bbox 618 4612 766 4683; x_wconf 77' lang='grc' dir='ltr'>ἡμᾶς</span> <span class='ocrx_word' id='word_1_607' title='bbox 815 4613 881 4668; x_wconf 85' lang='grc' dir='ltr'><strong>δι’</strong></span> <span class='ocrx_word' id='word_1_608' title='bbox 925 4613 1255 4680; x_wconf 81' lang='grc' dir='ltr'>ἀποδείξεως</span> <span class='ocrx_word' id='word_1_609' title='bbox 1304 4615 1634 4687; x_wconf 84' lang='grc' dir='ltr'>παριστάναι</span> <span class='ocrx_word' id='word_1_610' title='bbox 1657 4655 1673 4681; x_wconf 90' lang='grc'><strong>,</strong></span> <span class='ocrx_word' id='word_1_611' title='bbox 1718 4615 1897 4687; x_wconf 83' lang='grc' dir='ltr'>ἀλόγῳ</span> <span class='ocrx_word' id='word_1_612' title='bbox 1949 4615 2007 4669; x_wconf 82' lang='grc' dir='ltr'>δὲ</span> 
     </span>
    </p>
   </div>
   <div class='ocr_carea' id='block_1_85' title="bbox 428 4703 2007 4779">
    <p class='ocr_par' dir='ltr' id='par_1_85' title="bbox 428 4703 2007 4779">
     <span class='ocr_line' id='line_1_85' title="bbox 428 4703 2007 4779; baseline 0.002 -23"><span class='ocrx_word' id='word_1_613' title='bbox 428 4703 609 4757; x_wconf 85' lang='grc' dir='ltr'>πίστει</span> <span class='ocrx_word' id='word_1_614' title='bbox 657 4705 943 4777; x_wconf 86' lang='grc' dir='ltr'>προσέχειν</span> <span class='ocrx_word' id='word_1_615' title='bbox 993 4705 1466 4777; x_wconf 62' lang='grc' dir='ltr'>ἀποφηναμένους</span> <span class='ocrx_word' id='word_1_616' title='bbox 1525 4706 1760 4761; x_wconf 83' lang='grc' dir='ltr'>Αύτόθεν</span> <span class='ocrx_word' id='word_1_617' title='bbox 1805 4705 1879 4779; x_wconf 87' lang='grc'><strong>(6)</strong></span> <span class='ocrx_word' id='word_1_618' title='bbox 1940 4705 2007 4777; x_wconf 84' lang='grc' dir='ltr'>δὴ</span> 
     </span>
    </p>
   </div>
   <div class='ocr_carea' id='block_1_86' title="bbox 428 4790 2006 4872">
    <p class='ocr_par' dir='ltr' id='par_1_86' title="bbox 428 4790 2006 4872">
     <span class='ocr_line' id='line_1_86' title="bbox 428 4790 2006 4872; baseline 0.001 -23"><span class='ocrx_word' id='word_1_619' title='bbox 428 4790 520 4850; x_wconf 77' lang='grc' dir='ltr'><strong>οὖν</strong></span> <span class='ocrx_word' id='word_1_620' title='bbox 550 4794 712 4850; x_wconf 81' lang='grc' dir='ltr'>τοῦτο</span> <span class='ocrx_word' id='word_1_621' title='bbox 755 4798 849 4853; x_wconf 73' lang='grc' dir='ltr'>καὶ</span> <span class='ocrx_word' id='word_1_622' title='bbox 880 4797 981 4852; x_wconf 86' lang='grc' dir='ltr'><strong>ούκ</strong></span> <span class='ocrx_word' id='word_1_623' title='bbox 1012 4799 1079 4853; x_wconf 86' lang='grc' dir='ltr'><strong>ἐκ</strong></span> <span class='ocrx_word' id='word_1_624' title='bbox 1111 4797 1325 4872; x_wconf 79' lang='grc' dir='ltr'>μακροῦ</span> <span class='ocrx_word' id='word_1_625' title='bbox 1351 4798 1718 4870; x_wconf 80' lang='grc' dir='ltr'>διελέγξομεν,</span> <span class='ocrx_word' id='word_1_626' title='bbox 1745 4798 1811 4852; x_wconf 75' lang='grc' dir='ltr'><strong>ἐκ</strong></span> <span class='ocrx_word' id='word_1_627' title='bbox 1839 4815 1899 4852; x_wconf 91' lang='grc' dir='ltr'><strong>τε</strong></span> <span class='ocrx_word' id='word_1_628' title='bbox 1928 4791 2006 4853; x_wconf 82' lang='grc' dir='ltr'>ὧν</span> 
     </span>
    </p>
   </div>
   <div class='ocr_carea' id='block_1_87' title="bbox 429 4886 2008 4963">
    <p class='ocr_par' dir='ltr' id='par_1_87' title="bbox 429 4886 2008 4963">
     <span class='ocr_line' id='line_1_87' title="bbox 429 4886 2008 4963; baseline -0.012 -5"><span class='ocrx_word' id='word_1_629' title='bbox 429 4886 687 4958; x_wconf 78' lang='grc' dir='ltr'>χρώμεθα</span> <span class='ocrx_word' id='word_1_630' title='bbox 727 4889 864 4961; x_wconf 82' lang='grc' dir='ltr'>πρὸς</span> <span class='ocrx_word' id='word_1_631' title='bbox 901 4890 1028 4955; x_wconf 79' lang='grc' dir='ltr'>τοὺς</span> <span class='ocrx_word' id='word_1_632' title='bbox 1071 4891 1164 4944; x_wconf 76' lang='grc' dir='ltr'>ἐπὶ</span> <span class='ocrx_word' id='word_1_633' title='bbox 1209 4890 1527 4963; x_wconf 70' lang='grc' dir='ltr'>διδασκαλίᾳ</span> <span class='ocrx_word' id='word_1_634' title='bbox 1564 4890 1674 4945; x_wconf 84' lang='grc' dir='ltr'><strong>τῶν</strong></span> <span class='ocrx_word' id='word_1_635' title='bbox 1700 4890 1824 4946; x_wconf 90' lang='grc' dir='ltr'>καθ’</span> <span class='ocrx_word' id='word_1_636' title='bbox 1859 4892 2008 4963; x_wconf 77' lang='grc' dir='ltr'>ἡμᾶς</span> 
     </span>
    </p>
   </div>
   <div class='ocr_carea' id='block_1_88' title="bbox 428 4977 2009 5056">
    <p class='ocr_par' dir='ltr' id='par_1_88' title="bbox 428 4977 2009 5056">
     <span class='ocr_line' id='line_1_88' title="bbox 428 4977 2009 5056; baseline 0.005 -25"><span class='ocrx_word' id='word_1_637' title='bbox 428 4977 602 5047; x_wconf 89' lang='grc' dir='ltr'>λόγων</span> <span class='ocrx_word' id='word_1_638' title='bbox 638 4981 968 5053; x_wconf 84' lang='grc' dir='ltr'>προσιόντας</span> <span class='ocrx_word' id='word_1_639' title='bbox 1010 4981 1365 5050; x_wconf 80' lang='grc' dir='ltr'>ἀποδείξεων,</span> <span class='ocrx_word' id='word_1_640' title='bbox 1411 4984 1506 5037; x_wconf 80' lang='grc' dir='ltr'>καὶ</span> <span class='ocrx_word' id='word_1_641' title='bbox 1548 4983 1659 5036; x_wconf 84' lang='grc' dir='ltr'><strong>τῶν</strong></span> <span class='ocrx_word' id='word_1_642' title='bbox 1699 4983 1837 5056; x_wconf 83' lang='grc' dir='ltr'>πρὸς</span> <span class='ocrx_word' id='word_1_643' title='bbox 1880 4985 2009 5049; x_wconf 82' lang='grc' dir='ltr'>τοὺς</span> 
     </span>
    </p>
   </div>
   <div class='ocr_carea' id='block_1_89' title="bbox 497 5159 829 5233">
    <p class='ocr_par' dir='ltr' id='par_1_89' title="bbox 497 5159 829 5233">
     <span class='ocr_line' id='line_1_89' title="bbox 497 5159 829 5233; baseline 0 -20"><span class='ocrx_word' id='word_1_644' title='bbox 497 5171 523 5200; x_wconf 74' lang='grc' dir='ltr'>ι</span> <span class='ocrx_word' id='word_1_645' title='bbox 563 5159 652 5214; x_wconf 84' lang='grc' dir='ltr'><strong>ἵσ.</strong></span> <span class='ocrx_word' id='word_1_646' title='bbox 680 5161 829 5233; x_wconf 78' lang='grc' dir='ltr'>ἡμῖν.</span> 
     </span>
    </p>
   </div>
   <div class='ocr_carea' id='block_1_90' title="bbox 996 5218 1090 5269">
    <p class='ocr_par' dir='ltr' id='par_1_90' title="bbox 996 5218 1090 5269">
     <span class='ocr_line' id='line_1_90' title="bbox 996 5218 1090 5269; baseline 0 0"><span class='ocrx_word' id='word_1_647' title='bbox 996 5218 1090 5269; x_wconf 53' lang='lat'><strong>6:&quot;</strong></span> 
     </span>
    </p>
   </div>
   <div class='ocr_carea' id='block_1_91' title="bbox 502 5314 2005 5391">
    <p class='ocr_par' dir='ltr' id='par_1_91' title="bbox 502 5314 2005 5391">
     <span class='ocr_line' id='line_1_91' title="bbox 502 5314 2005 5391; baseline 0.004 -21"><span class='ocrx_word' id='word_1_648' title='bbox 502 5314 580 5387; x_wconf 87' lang='grc'><strong>(6)</strong></span> <span class='ocrx_word' id='word_1_649' title='bbox 598 5317 935 5391; x_wconf 42' lang='grc' dir='ltr'>,Αὐτόθενθ</span> <span class='ocrx_word' id='word_1_650' title='bbox 946 5318 1144 5391; x_wconf 75' lang='lat' dir='ltr'><strong>Budan</strong></span> <span class='ocrx_word' id='word_1_651' title='bbox 1169 5319 1246 5391; x_wconf 82' lang='grc' dir='ltr'><strong>τῷ</strong></span> <span class='ocrx_word' id='word_1_652' title='bbox 1270 5321 1434 5385; x_wconf 82' lang='grc' dir='ltr'>πάνυ,</span> <span class='ocrx_word' id='word_1_653' title='bbox 1467 5320 1752 5377; x_wconf 87' lang='lat' dir='ltr'><strong>observata</strong></span> <span class='ocrx_word' id='word_1_654' title='bbox 1763 5322 1876 5391; x_wconf 87' lang='lat' dir='ltr'><strong>jam</strong></span> <span class='ocrx_word' id='word_1_655' title='bbox 1899 5322 2005 5376; x_wconf 85' lang='lat' dir='ltr'><strong>hu—</strong></span> 
     </span>
    </p>
   </div>
   <div class='ocr_carea' id='block_1_92' title="bbox 426 5386 2007 5462">
    <p class='ocr_par' dir='ltr' id='par_1_92' title="bbox 426 5386 2007 5462">
     <span class='ocr_line' id='line_1_92' title="bbox 426 5386 2007 5462; baseline 0.004 -21"><span class='ocrx_word' id='word_1_656' title='bbox 426 5386 519 5462; x_wconf 72' lang='lat' dir='ltr'><strong>jus</strong></span> <span class='ocrx_word' id='word_1_657' title='bbox 548 5386 1231 5462; x_wconf 22' lang='lat' dir='ltr'><strong>adverb:_signiﬁcatiq,‘inf</strong></span> <span class='ocrx_word' id='word_1_658' title='bbox 1255 5401 1527 5462; x_wconf 87' lang='lat' dir='ltr'><strong>promptu,</strong></span> <span class='ocrx_word' id='word_1_659' title='bbox 1561 5406 1592 5446; x_wconf 89' lang='lat' dir='ltr'><strong>e</strong></span> <span class='ocrx_word' id='word_1_660' title='bbox 1620 5407 1678 5447; x_wconf 89' lang='lat' dir='ltr'><strong>re</strong></span> <span class='ocrx_word' id='word_1_661' title='bbox 1701 5386 1851 5447; x_wconf 77' lang='lat' dir='ltr'><strong>nata.</strong></span> <span class='ocrx_word' id='word_1_662' title='bbox 1900 5391 2007 5447; x_wconf 88' lang='lat' dir='ltr'><strong>Sed</strong></span> 
     </span>
    </p>
   </div>
   <div class='ocr_carea' id='block_1_93' title="bbox 432 5456 2008 5533">
    <p class='ocr_par' dir='ltr' id='par_1_93' title="bbox 432 5456 2008 5533">
     <span class='ocr_line' id='line_1_93' title="bbox 432 5456 2008 5533; baseline 0.004 -24"><span class='ocrx_word' id='word_1_663' title='bbox 432 5456 598 5533; x_wconf 76' lang='lat' dir='ltr'><strong>infra,</strong></span> <span class='ocrx_word' id='word_1_664' title='bbox 617 5456 1043 5533; x_wconf 53' lang='lat' dir='ltr'><strong>_a61605v&#39;_7:pbg</strong></span> <span class='ocrx_word' id='word_1_665' title='bbox 1072 5456 1326 5533; x_wconf 76' lang='grc' dir='ltr'>εὖςωῖαν,</span> <span class='ocrx_word' id='word_1_666' title='bbox 1358 5456 1610 5533; x_wconf 46' lang='grc' dir='ltr'><strong>σιδηραῖ</strong></span> <span class='ocrx_word' id='word_1_667' title='bbox 1656 5478 1784 5533; x_wconf 72' lang='lat' dir='ltr'><strong>sese,</strong></span> <span class='ocrx_word' id='word_1_668' title='bbox 1821 5472 2008 5533; x_wconf 79' lang='lat' dir='ltr'><strong>suapte</strong></span> 
     </span>
    </p>
   </div>
   <div class='ocr_carea' id='block_1_94' title="bbox 430 5527 2009 5601">
    <p class='ocr_par' dir='ltr' id='par_1_94' title="bbox 430 5527 2009 5601">
     <span class='ocr_line' id='line_1_94' title="bbox 430 5527 2009 5601; baseline 0.005 -21"><span class='ocrx_word' id='word_1_669' title='bbox 430 5528 502 5601; x_wconf 67' lang='lat' dir='ltr'><strong>ui,</strong></span> <span class='ocrx_word' id='word_1_670' title='bbox 543 5527 680 5592; x_wconf 77' lang='lat' dir='ltr'><strong>suis,</strong></span> <span class='ocrx_word' id='word_1_671' title='bbox 714 5527 1031 5601; x_wconf 70' lang='lat' dir='ltr'><strong>non_aliehis</strong></span> <span class='ocrx_word' id='word_1_672' title='bbox 1058 5531 1365 5601; x_wconf 37' lang='lat' dir='ltr'><strong>opibusset</strong></span> <span class='ocrx_word' id='word_1_673' title='bbox 1402 5548 1419 5585; x_wconf 90' lang='lat'><strong>:</strong></span> <span class='ocrx_word' id='word_1_674' title='bbox 1453 5527 1525 5584; x_wconf 71' lang='grc' dir='ltr'><strong>τδ</strong></span> <span class='ocrx_word' id='word_1_675' title='bbox 1554 5527 1779 5585; x_wconf 83' lang='grc' dir='ltr'>αὐτόθεν</span> <span class='ocrx_word' id='word_1_676' title='bbox 1839 5527 2009 5588; x_wconf 78' lang='grc' dir='ltr'>ὑπεσ-</span> 
     </span>
    </p>
   </div>
   <div class='ocr_carea' id='block_1_95' title="bbox 430 5595 2004 5672">
    <p class='ocr_par' dir='ltr' id='par_1_95' title="bbox 430 5595 2004 5672">
     <span class='ocr_line' id='line_1_95' title="bbox 430 5595 2004 5672; baseline 0.004 -22"><span class='ocrx_word' id='word_1_677' title='bbox 430 5595 574 5672; x_wconf 61' lang='grc' dir='ltr'>έχον,</span> <span class='ocrx_word' id='word_1_678' title='bbox 593 5597 860 5672; x_wconf 52' lang='lat' dir='ltr'><strong>etc.,epd.</strong></span> <span class='ocrx_word' id='word_1_679' title='bbox 887 5595 1256 5672; x_wconf 37' lang='lat' dir='ltr'><strong>sensur&#39;Apud</strong></span> <span class='ocrx_word' id='word_1_680' title='bbox 1286 5600 1346 5672; x_wconf 73' lang='grc' dir='ltr'><strong>Β.</strong></span> <span class='ocrx_word' id='word_1_681' title='bbox 1370 5601 1843 5672; x_wconf 46' lang='grc' dir='ltr'>Οιιι-γεοειησεηη.</span> <span class='ocrx_word' id='word_1_682' title='bbox 1862 5603 1926 5656; x_wconf 82' lang='lat' dir='ltr'><strong>de</strong></span> <span class='ocrx_word' id='word_1_683' title='bbox 1938 5601 2004 5672; x_wconf 65' lang='grc' dir='ltr'><strong>ξ.</strong></span> 
     </span>
    </p>
   </div>
   <div class='ocr_carea' id='block_1_96' title="bbox 433 5664 2003 5742">
    <p class='ocr_par' dir='ltr' id='par_1_96' title="bbox 433 5664 2003 5742">
     <span class='ocr_line' id='line_1_96' title="bbox 433 5664 2003 5742; baseline 0.004 -24"><span class='ocrx_word' id='word_1_684' title='bbox 433 5664 648 5742; x_wconf 40' lang='grc' dir='ltr'><strong>βρόμια·</strong></span> <span class='ocrx_word' id='word_1_685' title='bbox 672 5683 690 5720; x_wconf 87' lang='lat'><strong><em>:</em></strong></span> <span class='ocrx_word' id='word_1_686' title='bbox 714 5665 847 5742; x_wconf 70' lang='grc' dir='ltr'>Τότε</span> <span class='ocrx_word' id='word_1_687' title='bbox 880 5666 937 5720; x_wconf 75' lang='grc' dir='ltr'><strong>δέ</strong></span> <span class='ocrx_word' id='word_1_688' title='bbox 958 5664 1182 5723; x_wconf 75' lang='grc' dir='ltr'>αὐτόθεν</span> <span class='ocrx_word' id='word_1_689' title='bbox 1206 5664 1502 5742; x_wconf 62' lang='grc' dir='ltr'>ἐδείκνυτο,</span> <span class='ocrx_word' id='word_1_690' title='bbox 1524 5671 1605 5723; x_wconf 82' lang='grc' dir='ltr'>ὅτι</span> <span class='ocrx_word' id='word_1_691' title='bbox 1656 5671 1925 5742; x_wconf 85' lang='grc' dir='ltr'>δαιμόνων</span> <span class='ocrx_word' id='word_1_692' title='bbox 1935 5667 2003 5742; x_wconf 83' lang='grc' dir='ltr'>ἦν</span> 
     </span>
    </p>
   </div>
   <div class='ocr_carea' id='block_1_97' title="bbox 432 5736 2004 5811">
    <p class='ocr_par' dir='ltr' id='par_1_97' title="bbox 432 5736 2004 5811">
     <span class='ocr_line' id='line_1_97' title="bbox 432 5736 2004 5811; baseline 0.004 -23"><span class='ocrx_word' id='word_1_693' title='bbox 432 5736 570 5807; x_wconf 77' lang='grc' dir='ltr'>ἔργα</span> <span class='ocrx_word' id='word_1_694' title='bbox 597 5736 664 5790; x_wconf 80' lang='grc' dir='ltr'><strong>τὰ</strong></span> <span class='ocrx_word' id='word_1_695' title='bbox 691 5736 1010 5811; x_wconf 73' lang='grc' dir='ltr'>τελούμενα,</span> <span class='ocrx_word' id='word_1_696' title='bbox 1034 5749 1163 5805; x_wconf 90' lang='lat' dir='ltr'><strong>etc.,</strong></span> <span class='ocrx_word' id='word_1_697' title='bbox 1195 5741 1459 5795; x_wconf 83' lang='lat' dir='ltr'><strong>omissum</strong></span> <span class='ocrx_word' id='word_1_698' title='bbox 1488 5736 1792 5811; x_wconf 83' lang='lat' dir='ltr'><strong>interpreti.</strong></span> <span class='ocrx_word' id='word_1_699' title='bbox 1821 5736 2004 5811; x_wconf 76' lang='lat' dir='ltr'><strong>ld_est,</strong></span> 
     </span>
    </p>
   </div>
   <div class='ocr_carea' id='block_1_98' title="bbox 434 5807 2005 5879">
    <p class='ocr_par' dir='ltr' id='par_1_98' title="bbox 434 5807 2005 5879">
     <span class='ocr_line' id='line_1_98' title="bbox 434 5807 2005 5879; baseline 0.004 -20"><span class='ocrx_word' id='word_1_700' title='bbox 434 5823 516 5863; x_wconf 71' lang='lat' dir='ltr'><strong>res</strong></span> <span class='ocrx_word' id='word_1_701' title='bbox 546 5822 630 5872; x_wconf 71' lang='lat' dir='ltr'><strong>per</strong></span> <span class='ocrx_word' id='word_1_702' title='bbox 685 5823 794 5863; x_wconf 78' lang='lat' dir='ltr'><strong>sese</strong></span> <span class='ocrx_word' id='word_1_703' title='bbox 840 5807 1169 5879; x_wconf 78' lang='lat' dir='ltr'><strong>loquebatur,</strong></span> <span class='ocrx_word' id='word_1_704' title='bbox 1192 5826 1349 5879; x_wconf 82' lang='lat' dir='ltr'><strong>opera</strong></span> <span class='ocrx_word' id='word_1_705' title='bbox 1380 5827 1491 5866; x_wconf 75' lang='lat' dir='ltr'><strong>esse</strong></span> <span class='ocrx_word' id='word_1_706' title='bbox 1523 5807 1840 5866; x_wconf 62' lang='lat' dir='ltr'><strong>dtu-tironum.</strong></span> <span class='ocrx_word' id='word_1_707' title='bbox 1878 5809 2005 5866; x_wconf 87' lang='lat' dir='ltr'><strong>Plu-</strong></span> 
     </span>
    </p>
   </div>
   <div class='ocr_carea' id='block_1_99' title="bbox 2107 4609 3687 4678">
    <p class='ocr_par' dir='ltr' id='par_1_99' title="bbox 2107 4609 3687 4678">
     <span class='ocr_line' id='line_1_99' title="bbox 2107 4609 3687 4678; baseline -0.003 -12"><span class='ocrx_word' id='word_1_708' title='bbox 2107 4626 2253 4678; x_wconf 91' lang='lat' dir='ltr'><strong>mus,</strong></span> <span class='ocrx_word' id='word_1_709' title='bbox 2310 4619 2374 4667; x_wconf 91' lang='lat' dir='ltr'><strong>ut</strong></span> <span class='ocrx_word' id='word_1_710' title='bbox 2420 4626 2518 4667; x_wconf 90' lang='lat' dir='ltr'><strong>eos</strong></span> <span class='ocrx_word' id='word_1_711' title='bbox 2566 4619 2695 4669; x_wconf 88' lang='lat' dir='ltr'><strong>ante</strong></span> <span class='ocrx_word' id='word_1_712' title='bbox 2740 4611 2926 4669; x_wconf 89' lang='lat' dir='ltr'><strong>omnia</strong></span> <span class='ocrx_word' id='word_1_713' title='bbox 2964 4610 3289 4667; x_wconf 86' lang='lat' dir='ltr'><strong>calumniari</strong></span> <span class='ocrx_word' id='word_1_714' title='bbox 3340 4609 3687 4666; x_wconf 86' lang='lat' dir='ltr'><strong>demonstre-</strong></span> 
     </span>
    </p>
   </div>
   <div class='ocr_carea' id='block_1_100' title="bbox 2107 4702 3687 4774">
    <p class='ocr_par' dir='ltr' id='par_1_100' title="bbox 2107 4702 3687 4774">
     <span class='ocr_line' id='line_1_100' title="bbox 2107 4702 3687 4774; baseline -0.003 -16"><span class='ocrx_word' id='word_1_715' title='bbox 2107 4718 2257 4771; x_wconf 88' lang='lat' dir='ltr'><strong>mus,</strong></span> <span class='ocrx_word' id='word_1_716' title='bbox 2283 4702 2379 4774; x_wconf 89' lang='lat' dir='ltr'><strong>qui</strong></span> <span class='ocrx_word' id='word_1_717' title='bbox 2410 4702 2549 4759; x_wconf 91' lang='lat' dir='ltr'><strong>nihil</strong></span> <span class='ocrx_word' id='word_1_718' title='bbox 2577 4717 2609 4758; x_wconf 89' lang='lat' dir='ltr'><strong>a</strong></span> <span class='ocrx_word' id='word_1_719' title='bbox 2646 4704 2808 4760; x_wconf 89' lang='lat' dir='ltr'><strong>nobis</strong></span> <span class='ocrx_word' id='word_1_720' title='bbox 2828 4713 2978 4761; x_wconf 89' lang='lat' dir='ltr'><strong>certo</strong></span> <span class='ocrx_word' id='word_1_721' title='bbox 3014 4718 3178 4774; x_wconf 89' lang='lat' dir='ltr'><strong>posse</strong></span> <span class='ocrx_word' id='word_1_722' title='bbox 3210 4709 3530 4773; x_wconf 89' lang='lat' dir='ltr'><strong>argumento</strong></span> <span class='ocrx_word' id='word_1_723' title='bbox 3554 4715 3687 4755; x_wconf 86' lang='lat' dir='ltr'><strong>con-</strong></span> 
     </span>
    </p>
   </div>
   <div class='ocr_carea' id='block_1_101' title="bbox 2106 4792 3690 4863">
    <p class='ocr_par' dir='ltr' id='par_1_101' title="bbox 2106 4792 3690 4863">
     <span class='ocr_line' id='line_1_101' title="bbox 2106 4792 3690 4863; baseline -0.003 -12"><span class='ocrx_word' id='word_1_724' title='bbox 2106 4794 2337 4863; x_wconf 87' lang='lat' dir='ltr'><strong>ﬁrmari,</strong></span> <span class='ocrx_word' id='word_1_725' title='bbox 2382 4795 2478 4851; x_wconf 89' lang='lat' dir='ltr'><strong>sed</strong></span> <span class='ocrx_word' id='word_1_726' title='bbox 2526 4795 2654 4851; x_wconf 87' lang='lat' dir='ltr'><strong>ﬁdei</strong></span> <span class='ocrx_word' id='word_1_727' title='bbox 2696 4796 2914 4852; x_wconf 90' lang='lat' dir='ltr'><strong>cuidam</strong></span> <span class='ocrx_word' id='word_1_728' title='bbox 2962 4795 3033 4851; x_wconf 88' lang='lat' dir='ltr'><strong>ab</strong></span> <span class='ocrx_word' id='word_1_729' title='bbox 3071 4795 3328 4851; x_wconf 90' lang='lat' dir='ltr'><strong>omnibus</strong></span> <span class='ocrx_word' id='word_1_730' title='bbox 3376 4792 3690 4853; x_wconf 79' lang='lat' dir='ltr'><strong>rationibus</strong></span> 
     </span>
    </p>
   </div>
   <div class='ocr_carea' id='block_1_102' title="bbox 2108 4881 3682 4956">
    <p class='ocr_par' dir='ltr' id='par_1_102' title="bbox 2108 4881 3682 4956">
     <span class='ocr_line' id='line_1_102' title="bbox 2108 4881 3682 4956; baseline 0.001 -18"><span class='ocrx_word' id='word_1_731' title='bbox 2108 4883 2395 4956; x_wconf 58' lang='lat' dir='ltr'><strong>imparatis</strong></span> <span class='ocrx_word' id='word_1_732' title='bbox 2417 4885 2668 4942; x_wconf 89' lang='lat' dir='ltr'><strong>addictos</strong></span> <span class='ocrx_word' id='word_1_733' title='bbox 2692 4902 2797 4943; x_wconf 92' lang='lat' dir='ltr'><strong>nos</strong></span> <span class='ocrx_word' id='word_1_734' title='bbox 2833 4901 2955 4943; x_wconf 90' lang='lat' dir='ltr'><strong>esse</strong></span> <span class='ocrx_word' id='word_1_735' title='bbox 2976 4886 3277 4955; x_wconf 79' lang='lat' dir='ltr'><strong>allixosque</strong></span> <span class='ocrx_word' id='word_1_736' title='bbox 3306 4881 3682 4954; x_wconf 88' lang='lat' dir='ltr'><strong>pronuntiant.</strong></span> 
     </span>
    </p>
   </div>
   <div class='ocr_carea' id='block_1_103' title="bbox 2107 4976 3685 5050">
    <p class='ocr_par' dir='ltr' id='par_1_103' title="bbox 2107 4976 3685 5050">
     <span class='ocr_line' id='line_1_103' title="bbox 2107 4976 3685 5050; baseline 0.001 -17"><span class='ocrx_word' id='word_1_737' title='bbox 2107 4976 2296 5050; x_wconf 81' lang='lat' dir='ltr'><strong>Neque</strong></span> <span class='ocrx_word' id='word_1_738' title='bbox 2347 4993 2480 5036; x_wconf 87' lang='lat' dir='ltr'><strong>vero</strong></span> <span class='ocrx_word' id='word_1_739' title='bbox 2536 4988 2909 5036; x_wconf 88' lang='lat' dir='ltr'><strong>commentum</strong></span> <span class='ocrx_word' id='word_1_740' title='bbox 2965 4980 3112 5035; x_wconf 91' lang='lat' dir='ltr'><strong>istuc</strong></span> <span class='ocrx_word' id='word_1_741' title='bbox 3164 4976 3384 5047; x_wconf 84' lang='lat' dir='ltr'><strong>longius</strong></span> <span class='ocrx_word' id='word_1_742' title='bbox 3438 4977 3685 5047; x_wconf 79' lang='lat' dir='ltr'><strong>repetitis</strong></span> 
     </span>
    </p>
   </div>
   <div class='ocr_carea' id='block_1_104' title="bbox 2110 5301 3684 5377">
    <p class='ocr_par' dir='ltr' id='par_1_104' title="bbox 2110 5301 3684 5377">
     <span class='ocr_line' id='line_1_104' title="bbox 2110 5301 3684 5377; baseline -0.005 -12"><span class='ocrx_word' id='word_1_743' title='bbox 2110 5310 2286 5365; x_wconf 86' lang='lat' dir='ltr'><strong>tarch.</strong></span> <span class='ocrx_word' id='word_1_744' title='bbox 2305 5303 2619 5377; x_wconf 88' lang='lat' dir='ltr'><strong>Comparat.</strong></span> <span class='ocrx_word' id='word_1_745' title='bbox 2652 5307 2868 5362; x_wconf 90' lang='lat' dir='ltr'><strong>Solonis</strong></span> <span class='ocrx_word' id='word_1_746' title='bbox 2897 5314 2955 5377; x_wconf 86' lang='lat' dir='ltr'><strong>et</strong></span> <span class='ocrx_word' id='word_1_747' title='bbox 2978 5303 3288 5377; x_wconf 68' lang='lat' dir='ltr'><strong>Publicolae,</strong></span> <span class='ocrx_word' id='word_1_748' title='bbox 3309 5303 3512 5377; x_wconf 79' lang='lat' dir='ltr'><strong>p._lll,</strong></span> <span class='ocrx_word' id='word_1_749' title='bbox 3533 5301 3568 5358; x_wconf 89' lang='lat' dir='ltr'><strong>b</strong></span> <span class='ocrx_word' id='word_1_750' title='bbox 3593 5302 3684 5377; x_wconf 72' lang='grc' dir='ltr'><strong>ςὈ</strong></span> 
     </span>
    </p>
   </div>
   <div class='ocr_carea' id='block_1_105' title="bbox 2107 5373 3686 5500">
    <p class='ocr_par' dir='ltr' id='par_1_105' title="bbox 2107 5373 3686 5500">
     <span class='ocr_line' id='line_1_105' title="bbox 2107 5373 3686 5500; baseline -0.005 -66"><span class='ocrx_word' id='word_1_751' title='bbox 2107 5380 2164 5434; x_wconf 82' lang='grc' dir='ltr'>δὲ</span> <span class='ocrx_word' id='word_1_752' title='bbox 2186 5379 2409 5439; x_wconf 78' lang='grc' dir='ltr'>αὐτόθεν</span> <span class='ocrx_word' id='word_1_753' title='bbox 2430 5373 2735 5500; x_wconf 65' lang='grc' dir='ltr'>ἀναρρίψας</span> <span class='ocrx_word' id='word_1_754' title='bbox 2760 5377 2852 5429; x_wconf 83' lang='grc' dir='ltr'>τὸν</span> <span class='ocrx_word' id='word_1_755' title='bbox 2876 5375 2970 5456; x_wconf 65' lang='grc' dir='ltr'><strong>ἐπὶ</strong></span> <span class='ocrx_word' id='word_1_756' title='bbox 2995 5373 3264 5454; x_wconf 85' lang='grc' dir='ltr'>μεγίστων</span> <span class='ocrx_word' id='word_1_757' title='bbox 3286 5373 3547 5435; x_wconf 86' lang='grc' dir='ltr'>κίνδυνον,</span> <span class='ocrx_word' id='word_1_758' title='bbox 3592 5373 3686 5426; x_wconf 79' lang='grc' dir='ltr'>ἐπ-</span> 
     </span>
     <span class='ocr_line' id='line_1_106' title="bbox 2108 5446 3685 5500; baseline -0.003 0"><span class='ocrx_word' id='word_1_759' title='bbox 2108 5451 2306 5500; x_wconf 76' lang='grc' dir='ltr'>ανέσττι</span> <span class='ocrx_word' id='word_1_760' title='bbox 2341 5450 2559 5500; x_wconf 86' lang='grc' dir='ltr'>Ταοκυν</span> <span class='ocrx_word' id='word_1_761' title='bbox 2585 5466 2648 5500; x_wconf 90' lang='grc' dir='ltr'>ω.</span> <span class='ocrx_word' id='word_1_762' title='bbox 2690 5446 2962 5500; x_wconf 64' lang='lat' dir='ltr'><strong>confestim</strong></span> <span class='ocrx_word' id='word_1_763' title='bbox 2994 5460 3049 5497; x_wconf 83' lang='grc' dir='ltr'>ιη</span> <span class='ocrx_word' id='word_1_764' title='bbox 3089 5453 3324 5500; x_wconf 68' lang='lat' dir='ltr'><strong>avertam</strong></span> <span class='ocrx_word' id='word_1_765' title='bbox 3368 5459 3476 5497; x_wconf 82' lang='lat' dir='ltr'><strong>sese</strong></span> <span class='ocrx_word' id='word_1_766' title='bbox 3508 5455 3685 5496; x_wconf 66' lang='lat' dir='ltr'><strong>rerum</strong></span> 
     </span>
    </p>
   </div>
   <div class='ocr_carea' id='block_1_106' title="bbox 2108 5446 3685 5519">
    <p class='ocr_par' dir='ltr' id='par_1_106' title="bbox 2108 5446 3685 5519">
     <span class='ocr_line' id='line_1_107' title="bbox 2108 5446 3685 5519; baseline -0.006 -15"><span class='ocrx_word' id='word_1_767' title='bbox 2108 5451 2307 5519; x_wconf 84' lang='grc' dir='ltr'>ανέστη</span> <span class='ocrx_word' id='word_1_768' title='bbox 2341 5446 2655 5519; x_wconf 72' lang='grc' dir='ltr'>Ταρκυνίῳ,</span> <span class='ocrx_word' id='word_1_769' title='bbox 2690 5446 2967 5519; x_wconf 63' lang='lat' dir='ltr'><strong>confestim</strong></span> <span class='ocrx_word' id='word_1_770' title='bbox 2994 5446 3049 5519; x_wconf 73' lang='lat' dir='ltr'><strong>in</strong></span> <span class='ocrx_word' id='word_1_771' title='bbox 3089 5453 3324 5519; x_wconf 74' lang='lat' dir='ltr'><strong>ape_rlum</strong></span> <span class='ocrx_word' id='word_1_772' title='bbox 3362 5459 3476 5519; x_wconf 70' lang='lat' dir='ltr'><strong>sese</strong></span> <span class='ocrx_word' id='word_1_773' title='bbox 3504 5455 3685 5519; x_wconf 52' lang='lat' dir='ltr'><strong>rerum</strong></span> 
     </span>
    </p>
   </div>
   <div class='ocr_carea' id='block_1_107' title="bbox 2108 5512 3682 5583">
    <p class='ocr_par' dir='ltr' id='par_1_107' title="bbox 2108 5512 3682 5583">
     <span class='ocr_line' id='line_1_108' title="bbox 2108 5512 3682 5583; baseline -0.005 -12"><span class='ocrx_word' id='word_1_774' title='bbox 2108 5512 2463 5573; x_wconf 60' lang='lat' dir='ltr'><strong>maximarum</strong></span> <span class='ocrx_word' id='word_1_775' title='bbox 2493 5512 2797 5571; x_wconf 61' lang='lat' dir='ltr'><strong>discrimen</strong></span> <span class='ocrx_word' id='word_1_776' title='bbox 2829 5512 3131 5582; x_wconf 61' lang='lat' dir='ltr'><strong>conﬁciens;</strong></span> <span class='ocrx_word' id='word_1_777' title='bbox 3163 5513 3400 5583; x_wconf 88' lang='lat' dir='ltr'><strong>Opponit</strong></span> <span class='ocrx_word' id='word_1_778' title='bbox 3431 5513 3579 5583; x_wconf 84' lang='lat' dir='ltr'><strong>enim</strong></span> <span class='ocrx_word' id='word_1_779' title='bbox 3609 5512 3682 5583; x_wconf 73' lang='lat' dir='ltr'><strong>il.-</strong></span> 
     </span>
    </p>
   </div>
   <div class='ocr_carea' id='block_1_108' title="bbox 2109 5581 3681 5662">
    <p class='ocr_par' dir='ltr' id='par_1_108' title="bbox 2109 5581 3681 5662">
     <span class='ocr_line' id='line_1_109' title="bbox 2109 5581 3681 5662; baseline -0.006 -20"><span class='ocrx_word' id='word_1_780' title='bbox 2109 5589 2200 5642; x_wconf 92' lang='lat' dir='ltr'><strong>lud</strong></span> <span class='ocrx_word' id='word_1_781' title='bbox 2239 5585 2486 5662; x_wconf 77' lang='grc' dir='ltr'>αὐτόθεν,</span> <span class='ocrx_word' id='word_1_782' title='bbox 2518 5584 2870 5662; x_wconf 44' lang='grc' dir='ltr'><strong>δοίολιίξητῷ-</strong></span> <span class='ocrx_word' id='word_1_783' title='bbox 2908 5581 3333 5662; x_wconf 75' lang='grc' dir='ltr'>προσποιήματι,</span> <span class='ocrx_word' id='word_1_784' title='bbox 3362 5591 3422 5662; x_wconf 81' lang='lat' dir='ltr'><strong>_et</strong></span> 
     </span>
    </p>
   </div>
   <div class='ocr_carea' id='block_1_109' title="bbox 2107 5653 3680 5728">
    <p class='ocr_par' dir='ltr' id='par_1_109' title="bbox 2107 5653 3680 5728">
     <span class='ocr_line' id='line_1_110' title="bbox 2107 5653 3680 5728; baseline -0.002 -18"><span class='ocrx_word' id='word_1_785' title='bbox 2107 5676 2214 5728; x_wconf 77' lang='grc' dir='ltr'>τινι</span> <span class='ocrx_word' id='word_1_786' title='bbox 2245 5658 2452 5728; x_wconf 77' lang='grc' dir='ltr'>τρόπῳ,</span> <span class='ocrx_word' id='word_1_787' title='bbox 2476 5672 2600 5712; x_wconf 92' lang='lat' dir='ltr'><strong>cum</strong></span> <span class='ocrx_word' id='word_1_788' title='bbox 2631 5653 2908 5713; x_wconf 86' lang='lat' dir='ltr'><strong>Publicola</strong></span> <span class='ocrx_word' id='word_1_789' title='bbox 2931 5653 3046 5711; x_wconf 84' lang='lat' dir='ltr'><strong>sine</strong></span> <span class='ocrx_word' id='word_1_790' title='bbox 3071 5653 3220 5709; x_wconf 85' lang='lat' dir='ltr'><strong>larva</strong></span> <span class='ocrx_word' id='word_1_791' title='bbox 3249 5662 3302 5709; x_wconf 92' lang='lat' dir='ltr'><strong>ct</strong></span> <span class='ocrx_word' id='word_1_792' title='bbox 3332 5653 3680 5711; x_wconf 82' lang='lat' dir='ltr'><strong>simulatione</strong></span> 
     </span>
    </p>
   </div>
   <div class='ocr_carea' id='block_1_110' title="bbox 2111 5727 2724 5799">
    <p class='ocr_par' dir='ltr' id='par_1_110' title="bbox 2111 5727 2724 5799">
     <span class='ocr_line' id='line_1_111' title="bbox 2111 5727 2724 5799; baseline -0.007 -16"><span class='ocrx_word' id='word_1_793' title='bbox 2111 5727 2471 5799; x_wconf 84' lang='lat' dir='ltr'><strong>Tarquinium</strong></span> <span class='ocrx_word' id='word_1_794' title='bbox 2501 5738 2724 5798; x_wconf 85' lang='lat' dir='ltr'><strong>peteret.</strong></span> 
     </span>
    </p>
   </div>
  </div>
