4154 6442
452 415 517 473 δι
1079 409 1354 469 EUSEBII
1396 405 1873 465 CESARIENSIS
1907 404 2058 462 OPP.
2089 402 2272 461 PARS
2307 401 2370 459 ΙΙ.
2413 431 2483 444 --
2515 395 3016 456 APOLOGETICA.
3645 388 3722 445 32

456 525 894 599 probationibus,
930 523 1025 580 sed
1053 539 1085 579 e
1115 539 1176 579 re
1213 532 1342 578 nata
1383 522 1562 577 ductis
1600 520 2029 592 redarguemus;

2133 514 2658 586 ἀντιδιατιθεμένους
2698 514 2832 584 ἡμῖν
2871 512 2932 599 ἐν
2972 511 3092 574 ταῖς
3129 506 3517 599 λογικωτέραις
3552 504 3722 599 ξητίξο

454 619 651 689 partim
693 617 947 671 videlicet
987 631 1054 671 eo
1086 614 1613 670 demonstrationum
1659 629 1879 684 genere,
1920 626 2033 681 quo

455 710 596 779 apud
628 709 752 763 illos
778 709 1007 771 utimur,
1048 708 1143 777 qui
1188 706 1543 776 percipiendae
1582 719 1899 759 sermonum
1934 718 2033 758 eo-

452 817 574 857 rum
622 817 765 872 quos
815 801 883 856 de
933 800 1097 854 rebus
1142 799 1347 854 nostris
1395 798 1737 853 instituimus
1767 796 2033 850 doctrina!

455 893 630 964 gratia
658 891 996 947 conveniunt
1030 908 1042 944 :
1074 890 1270 959 partim
1301 904 1367 944 ex
1406 888 1707 959 responsis,
1740 887 1941 958 quibus
1975 887 2031 941 in

451 982 850 1053 questionibus
873 997 936 1035 ex
978 980 1251 1034 subtiliori
1283 979 1585 1047 logieorum
1620 988 1737 1032 arte
1763 978 2031 1032 discussis

453 1074 892 1129 adversariorum
928 1082 1246 1143 argumenta
1284 1069 1614 1137 refellimus;
1648 1070 1847 1141 partim
1873 1070 2031 1125 deni-

454 1178 563 1233 que
600 1178 662 1216 ex
715 1162 1179 1234 disputationibus
1212 1162 1341 1228 illis,
1384 1177 1523 1231 quas
1564 1170 1827 1230 tanquam
1872 1160 2032 1215 nobis

453 1255 802 1319 ltonoritlcas,
850 1265 961 1310 tam
1005 1256 1211 1326 scripto
1261 1269 1425 1324 quam
1478 1254 1598 1308 sine
1643 1253 1868 1323 scripto,
1916 1253 2033 1308 sive

453 1347 704 1416 privatim
732 1362 855 1401 cum
882 1346 1114 1417 singulis
1138 1347 1232 1417 qui
1260 1361 1361 1401 nos
1390 1346 1750 1416 interrogant,
1782 1347 1897 1402 sive
1922 1362 2033 1416 pu-

452 1438 593 1492 blice
631 1439 696 1492 ad
730 1438 991 1508 populum
1034 1439 1179 1493 ultro
1210 1438 1411 1492 habere
1444 1439 1856 1493 consuevimus.
1889 1438 2031 1505 Qui-

452 1533 554 1587 bus
586 1532 785 1586 merito
815 1547 949 1585 sane
972 1529 1118 1594 libri,
1142 1545 1282 1599 quos
1311 1545 1424 1600 prae
1454 1531 1711 1586 manibus
1743 1531 2030 1597 habemus,

448 1623 571 1678 addi
600 1631 851 1691 possunt,
890 1629 1075 1690 utpote
1104 1622 1197 1691 qui
1234 1622 1552 1678 universum
1579 1623 1894 1698 evangelicae
1932 1622 2034 1678 De-

449 1713 848 1766 monstrationis
891 1726 1029 1782 opus
1060 1713 1544 1781 comprehendant.
1592 1712 1685 1768 Sic
1724 1716 1870 1769 enim
1918 1729 2034 1769 ma-

448 1811 667 1857 nantem
723 1818 787 1857 ex
828 1802 940 1858 Deo
993 1803 1265 1874 gratiam,
1315 1818 1379 1858 ac
1420 1804 1662 1859 cmlestis
1713 1804 2034 1860 munificen-

446 1894 539 1949 tia:
592 1894 744 1961 vim,
797 1902 1057 1964 tanquam
1115 1894 1245 1949 felix
1293 1896 1562 1960 nuntius,
1616 1896 1875 1951 universo
1926 1898 2030 1950 ho-
2063 1875 2103 1931 Β

449 1985 660 2039 minum
720 1986 904 2055 generi
970 1993 1261 2054 susceptus
1318 2001 1348 2040 a
1403 1986 1566 2041 nobis
1614 2001 1795 2041 sermo
1845 1987 2030 2041 decla-

450 2089 555 2142 rat,
603 2087 663 2131 ut
705 2077 854 2131 illam
900 2093 1120 2146 quoque
1166 2078 1298 2133 Jesu
1344 2077 1549 2135 Christi
1598 2078 1692 2133 Dei
1734 2078 1855 2135 Filii
1907 2079 2034 2134 Ser-

449 2168 660 2223 vatoris
714 2167 1040 2236 nominique
1091 2169 1265 2224 nostri
1324 2170 1687 2224 oeconomiam
1743 2169 2031 2225 subtiliore

451 2259 811 2331 plurimorum
839 2269 893 2315 et
919 2260 1425 2316 illustrissimorum
1458 2271 1907 2330 argumentorum
1932 2259 2031 2316 de-

450 2353 848 2407 monstratione
882 2352 1189 2407 conﬁrmet.
1237 2352 1315 2407 Ae
1365 2351 1621 2422 permulti
1670 2352 1888 2423 quidem
1932 2368 2031 2407 an-

447 2449 501 2496 te
531 2443 580 2512 ’1
615 2459 714 2499 nos
756 2443 810 2497 in
859 2444 967 2498 alio
1000 2459 1143 2513 saepe
1171 2444 1479 2515 disputandi
1512 2454 1708 2514 genere
1733 2445 2031 2500 studiosius

446 2532 833 2601 elaborarunt;
875 2551 969 2590 seu
1018 2538 1237 2607 scriptis
1271 2538 1641 2594 voluminibus
1685 2537 2032 2593 adversario-

448 2638 570 2680 rum
604 2636 913 2681 nostrorum
941 2627 1279 2696 ohjectioues
1308 2627 1693 2693 confutarent,
1745 2643 1841 2683 seu
1885 2642 2033 2684 com-

450 2714 733 2768 mentariis
779 2715 1106 2783 quibusdam
1168 2724 1223 2771 et
1281 2717 1605 2773 tractatibus
1646 2717 1921 2788 sigillatim
1974 2717 2029 2773 in

447 2813 595 2859 certa
625 2806 869 2861 membra
900 2807 1146 2878 digestis,
1179 2807 1474 2877 inspiratas
1517 2809 1785 2865 divinitus
1814 2825 2032 2866 sacras-

447 2909 555 2964 que
581 2895 788 2951 litteras
825 2897 1112 2967 diligenter
1139 2900 1518 2968 explanarent,
1552 2916 1650 2958 seu
1698 2900 1932 2973 denique
1962 2902 2030 2957 fl-

448 2983 534 3071 dei
567 2997 765 3044 nostra:
795 2986 1048 3057 dogmata
1095 2991 1488 3045 vehementiori
1531 2992 1884 3048 contentione
1929 2994 2029 3051 ἀοι

445 3073 748 3133 fendereut.
806 3077 1129 3149 Hnjusmodi
1189 3092 1370 3138 tamen
1418 3084 1576 3151 quasi
1630 3086 1910 3156 proprium
1965 3101 2029 3143 ac

445 3169 722 3239 singu!are
748 3185 1129 3241 argumentum
1158 3190 1188 3230 a
1219 3177 1377 3232 nobis
1402 3192 1526 3233 cum
1550 3177 1718 3232 animi
1751 3180 2028 3248 voluptate

446 3268 734 3315 tractatur.
785 3260 1104 3331 Quanquam
1140 3266 1384 3320 omnium
1434 3282 1568 3321 sane
1599 3269 1851 3339 princeps
1884 3268 2028 3325 Pau-

445 3348 535 3406 lus
562 3351 651 3405 ille
676 3368 830 3408 sacer
858 3355 1139 3423 apostolus
1162 3396 1178 3419 ,
1214 3357 1512 3425 repudiatis
1542 3357 1827 3416 fallacibus
1850 3375 1917 3416 ac
1948 3358 2034 3414 fu-

447 3449 626 3496 catam
651 3443 1049 3512 probabilitatis
1093 3445 1328 3514 speciem
1364 3448 1778 3505 ostendentibus
1811 3451 2035 3506 concluo

446 3530 750 3596 siunculis,
792 3542 970 3590 certas
1003 3543 1057 3588 et
1110 3535 1180 3589 ab
1225 3536 1373 3590 omni
1421 3538 1776 3607 ambiguitate
1828 3556 2033 3597 vacuas

447 3620 945 3680 demonstrationes
997 3625 1298 3692 adhibens,
1356 3627 1437 3683 sic
1489 3628 1691 3684 alicubi
1741 3631 2030 3701 loquitur:

454 3728 476 3764 ι
511 3711 575 3767 Ει
600 3729 778 3774 sermo
805 3731 960 3771 meus
991 3725 1043 3771 et
1070 3717 1385 3787 praedicatio
1412 3735 1530 3775 mea
1561 3736 1670 3776 non
1712 3723 1765 3777 in
1801 3739 2031 3794 persua-

450 3801 700 3859 sibilibus
751 3804 1002 3860 humana:
1034 3807 1313 3876 sapientia:
1338 3809 1553 3875 verbis,
1592 3812 1687 3867 sed
1741 3813 1797 3867 in
1849 3823 2032 3869 osten-

449 3894 605 3950 sione
633 3895 860 3965 spiritus
888 3904 943 3950 et
971 3895 1189 3952 virtutis
1222 3897 1264 3953 ⁸.
1308 3917 1328 3951 ι
1376 3897 1588 3965 Quibus
1620 3901 1735 3957 haec
1766 3903 2027 3974 subjicit:

454 4004 478 4039 ι
519 3987 852 4056 Sapientiam
886 3997 1069 4042 autem
1116 3988 1394 4060 loquimur
1428 3993 1569 4047 inter
1589 3992 1898 4063 perfectos;
1936 4010 2029 4051 sa-

448 4077 707 4148 pientiam
755 4092 885 4133 vero
930 4096 1036 4133 non
1069 4078 1233 4148 hujus
1276 4082 1482 4147 stt-culi,
1512 4098 1687 4154 neque
1718 4086 2027 4155 principum

450 4166 616 4236 hujus
647 4158 827 4222 siec'uli
855 4207 870 4233 ,
905 4170 999 4239 qui
1048 4170 1451 4225 destruuntur:
1492 4173 1585 4228 sed
1626 4173 1904 4244 loquimur
1935 4176 2028 4232 Dei

449 4257 772 4327 sapientiam
798 4259 850 4312 in
886 4260 1165 4330 mysterio,
1196 4274 1320 4329 quae
1354 4262 1674 4317 abscondita
1701 4272 1786 4318 est
1812 4264 1854 4321 ⁷.
1893 4284 1912 4318 ι
1949 4264 2028 4320 Ac

445 4364 666 4405 rursum
695 4368 710 4405 :
743 4368 763 4402 ‹
800 4349 1130 4408 Sufﬁcientia
1183 4365 1371 4410 nostra
1392 4396 1407 4420 ,
1444 4356 1642 4426 inquit,
1675 4371 1739 4411 ex
1771 4355 1880 4411 Deo
1904 4344 1989 4413 est
2009 4400 2024 4426 ,

444 4441 541 4511 qui
593 4450 648 4496 et
707 4443 931 4499 idoneos
982 4460 1082 4502 nos
1150 4444 1278 4502 fecit
1330 4447 1612 4503 ministros
1654 4450 1784 4504 novi
1837 4447 2028 4505 Testa-

2136 625 2284 662 σεσιν
2328 606 2730 678 ἀντιρρήσεων·
2765 604 2833 658 δι’
2863 595 2937 656 ὧν
2980 617 3041 654 τε
3088 597 3515 669 φιλοτιμούμεθα
3549 597 3719 648 ποιεῖ-

2136 700 2261 753 σθαι
2290 699 2557 770 ἀγράφων
2590 714 2649 750 τε
2697 696 2791 750 καὶ
2835 695 3145 766 ἐγγράφων,
3192 690 3300 762 ἰδίᾳ
3328 706 3388 743 τε
3432 690 3524 743 καί
3586 686 3721 758 πρὸς

2133 793 2367 847 ἕκαστον
2400 790 2511 844 τῶν
2548 786 2899 860 ἐρωτώντων,
2943 786 3039 838 καὶ
3072 786 3224 853 κοινῇ
3261 781 3396 852 πρός
3440 780 3508 833 τά
3540 778 3719 848 πλήθη

2132 884 2442 950 διαλέξεων.
2487 883 2591 935 Ναὶ
2625 881 2730 952 μὴν
2764 880 2858 932 καὶ
2892 876 2980 931 διά
3016 876 3124 929 τῶν
3165 877 3223 926 ὲν
3252 873 3408 943 χερσὶ
3437 887 3720 940 συγγραμ-

2137 979 2357 1050 μάτων,
2391 976 2490 1047 τὴν
2533 973 2763 1028 καθόλου
2805 968 3187 1042 πραγματείαν
3229 965 3590 1036 περιεχόντων
3618 962 3719 1033 τῆς

2135 1066 2545 1140 Εὐαγγελικῆς
2576 1065 2955 1128 ἀποδείξεως-ο
2985 1063 3041 1114 ἐν
3150 1061 3329 1114 πᾶσαν
3352 1057 3449 1127 τὴν
3483 1059 3547 1110 ἐκ
3582 1053 3718 1109 Θεοῦ

2133 1162 2314 1234 χάριν,
2360 1159 2457 1213 καὶ
2500 1158 2599 1229 τὴν
2643 1157 2892 1227 οὐράνιον
2919 1152 3256 1223 εὐεργεσίαν,
3287 1151 3317 1203 ό
3346 1148 3533 1220 παρὼν
3563 1146 3720 1214 λόγος

2136 1256 2348 1318 πάντας
2372 1250 2693 1322 ἀνθρώπους
2727 1249 2823 1320 (6')
2861 1246 3288 1315 εὐαγγελίζεται,
3326 1245 3421 1313 τὴν
3455 1241 3596 1295 κατά
3626 1240 3720 1294 τὸν

2135 1347 2363 1417 Σωτῆρα
2388 1345 2481 1397 καὶ
2500 1343 2702 1414 Κύριον
2719 1344 2752 1413 ἡ
2761 1341 2875 1412 μῶν
2902 1339 3108 1409 Ἰησοῦν
3122 1339 3164 1391 Χ
3174 1337 3458 1408 ριστδνξτὸν
3472 1334 3599 1389 Υἱδν
3624 1331 3717 1386 τοῦ

2135 1437 2272 1492 Θεοῦ
2296 1436 2610 1506 οἰκονομίαν
2653 1432 3011 1505 λογικώτερον
3037 1431 3123 1484 διά
3146 1429 3411 1483 πλείστων
3443 1426 3538 1480 καὶ
3564 1428 3712 1496 ἐναρ-

2132 1531 2246 1601 γῶν
2280 1528 2604 1594 ἀποδείξεων
2640 1525 3017 1593 πιστούμενος.
3057 1521 3448 1576 Ἐσποὺδασται
3498 1519 3594 1590 μὲν
3625 1513 3719 1572 οὖν

2134 1622 2406 1686 πλείστοις
2442 1622 2552 1675 τῶν
2595 1619 2700 1691 πρό
2741 1619 2900 1689 ⁴ἡμῶν
2943 1615 3111 1686 πολλή
3160 1631 3244 1677 τις
3285 1613 3420 1682 άλλη
3459 1626 3716 1681 πριιγμα⁸

2132 1716 2273 1781 τεία,
2317 1715 2439 1769 τοτὲ
2484 1714 2581 1785 μὲν
2624 1711 2878 1781 ἐλέγχους
2922 1709 3018 1762 καὶ
3065 1707 3414 1777 ἀντιρρήσεις
3458 1701 3715 1756 ἐναντίων

2134 1809 2264 1879 ἡμῖν
2307 1807 2478 1875 λόγων
2510 1802 2947 1873 συνταξαμένοις,
2993 1800 3115 1852 τοτέ
3140 1799 3197 1851 δὲ
3230 1797 3328 1859 τάς
3371 1795 3587 1857 ἐνθέους
3621 1791 3717 1845 καί⁵

2135 1899 2287 1970 ίεράς
2331 1897 2554 1970 Γραφάς
2606 1895 2953 1964 ἐξηγητικοῖς
3007 1890 3396 1961 ὑπομνήμασι,
3447 1886 3542 1939 καὶ
3595 1884 3718 1947 ταῖς

2131 1991 2273 2046 κατὰ
2303 1992 2465 2062 μέρος
2491 1987 2729 2059 ὁμιλίαις
2755 1982 3199 2054 διερμηνεὺσασι,
3227 1980 3348 2033 τοτὲ
3371 1979 3426 2031 δέ
3452 1979 3563 2040 τοῖς
3590 1974 3715 2029 καθ’

2128 2085 2279 2156 ἡμᾶς
2307 2083 2570 2153 δόγμασιν
2602 2074 3101 2147 ἀγωνιστικώτερον
3131 2070 3548 2144 πρεσόεύσασιν·
3581 2069 3716 2139 ἡμῖν

2130 2192 2198 2245 γε
2223 2174 2327 2246 μὴν
2366 2174 2509 2236 ἰδίως
2546 2172 2580 2242 ἡ
2614 2169 2750 2241 μετά
2775 2169 2951 2239 χαρᾶς
2987 2166 3063 2236 (7)
3090 2167 3399 2219 ἐκπονείται
3434 2162 3712 2232 πρόθεσις.

2130 2267 2355 2340 Πρῶτός
2382 2265 2445 2335 γέ
2470 2282 2552 2318 τοι
2581 2264 2797 2317 πάντων
2823 2262 2851 2313 ό
2873 2259 3017 2329 ἱερός
3042 2257 3333 2319 ἀπόστολος
3360 2254 3587 2316 Παῦλος,
3609 2250 3709 2316 τὰς

2134 2361 2233 2433 μὲν
2260 2356 2543 2428 ἀωτηλάς
2561 2357 2655 2410 καὶ
2679 2350 2993 2422 σοφιστικὰς
3018 2347 3394 2416 πιθανολογίας
3419 2342 3714 2416 παραιτού-

2132 2468 2310 2524 μενος,
2328 2448 2715 2520 ἀναμφιλόγοις
2727 2445 2783 2499 δὲ
2800 2442 3080 2513 χρώμενος
3097 2443 3216 2503 ταῖς
3229 2439 3552 2503 ἀποδείξεσιν
3578 2433 3713 2506 φησι

2129 2559 2253 2597 που·
2291 2562 2309 2593 ι
2335 2543 2448 2596 Καὶ
2472 2542 2501 2594 ό
2524 2538 2683 2607 λόγος
2719 2536 2898 2606 ἡμῶν,
2930 2535 3024 2588 καὶ
3051 2533 3111 2586 τὸ
3131 2533 3390 2602 κήρυγμα
3404 2530 3502 2581 οὐκ
3525 2528 3580 2579 ἐν
3597 2541 3717 2578 πει-

2131 2634 2216 2689 θοῖ
2265 2631 2613 2702 ἀνθρωπίνης
2665 2628 2856 2696 σοφίας
2909 2625 3109 2693 λόγων,
3171 2621 3284 2676 ἀλλ’
3336 2622 3393 2672 ἐν
3444 2615 3716 2683 ἀποδείξει

2130 2722 2441 2793 πνεύματος
2461 2721 2555 2775 καὶ
2579 2718 2879 2789 δυνάμεως.
2915 2735 2934 2767 ι
2967 2710 3060 2777 Οἷς
3080 2711 3320 2781 ἐπιλέγει
3343 2727 3358 2741 ·
3395 2728 3414 2760 ι
3440 2709 3637 2776 Zosimi
3654 2705 3715 2759 δὲ

2129 2812 2396 2883 λαλοῦμεν
2434 2811 2493 2863 ἐν
2525 2812 2639 2873 τοῖς
2675 2807 2919 2869 τελείοις·
2960 2805 3153 2873 σοφίαν
3186 2803 3263 2863 δὲ,
3299 2801 3357 2853 οὗ
3384 2798 3478 2853 τοῦ
3521 2796 3716 2860 αἰῶνας

2130 2904 2342 2963 τούτου.
2368 2901 2488 2956 οὐδὲ
2510 2899 2619 2953 τῶν
2645 2898 2920 2970 ἀρχόντων
2941 2896 3050 2949 τῶν
3077 2890 3554 2963 καταργουμένων·
3579 2885 3717 2940 ἀ).λά

2129 2993 2398 3066 λαλοῦμεν
2426 2991 2561 3046 Θεοῦ
2605 2991 2795 3060 σοφίαν
2828 2990 2885 3042 ἐν
2922 2985 3207 3059 μυστηρίῳ
3233 2984 3333 3055 τὴν
3364 2982 3718 3050 ἀποκεκρυμ-

2133 3065 2318 3159 μένην.
2349 3102 2369 3135 ι
2411 3084 2519 3136 Καὶ
2558 3077 2740 3145 αὖθις
2776 3099 2794 3131 ι
2842 3078 2904 3132 Ἡ
2951 3077 3204 3145 ἱκανότης
3265 3072 3420 3143 ἡμῶν
3464 3069 3573 3123 ἀπὸ
3619 3065 3715 3159 τοῦ

2129 3157 2286 3239 Θεοῦ,
2318 3173 2377 3237 δς
2398 3173 2490 3227 καὶ
2522 3172 2784 3225 ἱκάνωσεν
2810 3170 2953 3240 ἡμᾶς
2982 3167 3259 3226 διακόνους
3293 3161 3497 3231 Χαινῆς
3520 3157 3717 3230 Διαθῆ-

2131 3286 2255 3339 κης.
2297 3287 2317 3319 ι
2349 3266 2589 3329 Εἰκότως
2636 3264 2771 3335 δῆτα
2809 3264 2941 3333 ἡμῖν
2988 3262 3046 3314 ἐν
3098 3259 3267 3312 eum
3312 3253 3714 3325 παρήγγελται,

2132 3360 2378 3430 ἑτοίμους
2425 3354 2561 3410 εἶναι
2604 3356 2684 3418 είς
2709 3352 3002 3421 ἀπολογίαν
3049 3348 3212 3404 παντὶ
3250 3345 3329 3417 τῷ
3371 3341 3718 3413 ἐπερωτῶντι

2132 3452 2277 3522 ἡμᾶς
2297 3448 2452 3517 λόγον
2483 3447 2613 3518 περὶ
2644 3445 2743 3516 τῆς
2785 3445 2843 3497 ἐν
2867 3444 2999 3514 ἡμῖν
3035 3439 3269 3502 ἐλπίδος.
3300 3435 3463 3490 Ὅθεν
3491 3434 3585 3487 καὶ
3604 3432 3716 3522 τῷν

2130 3519 2265 3591 νέων
2308 3534 2666 3607 συγγραφέων
2709 3531 2908 3603 μυρίας
2955 3530 3106 3592 ὅσας,
3140 3528 3215 3590 ὡς
3257 3524 3490 3597 εἴρηται,
3518 3519 3720 3575 πανσό-

2132 3646 2265 3700 φους
2285 3628 2378 3682 καί⁵
2403 3629 2650 3699 ἐναργεῖς
2677 3624 2814 3696 μετά
2838 3619 3212 3691 συλλογισμῶν
3232 3618 3550 3683 ἀποδείξεις,
3576 3616 3718 3688 ὑπὲρ

2129 3723 2222 3777 τοῦ
2247 3720 2367 3775 καθ’
2409 3720 2559 3791 ἡμᾶς
2578 3718 2878 3791 γραφείσας
2912 3715 3092 3783 λόγου,
3113 3712 3403 3782 διαγνῶναι
3432 3709 3715 3779 πάρεστιν,

2133 3811 2506 3884 ὑπομνήματά
2526 3828 2585 3863 τε
2624 3810 2724 3863 οὑκ
2752 3808 2908 3877 ὀλίγα
2948 3808 3028 3870 είς
3051 3805 3152 3868 τάς
3182 3802 3332 3874 ίεράς
3371 3800 3465 3854 καὶ
3502 3798 3717 3861 ἐνθέους

2128 3903 2353 3976 Γραφάς
2384 3901 2760 3973 πεπονημένα,
2796 3898 2856 3953 τὺ
2883 3897 3114 3968 ἀψευδές
3153 3912 3212 3948 τε
3245 3895 3340 3947 καὶ
3381 3891 3718 3945 ἀδιάπτωτον

2130 3995 2239 4049 τῶν
2262 3994 2502 4067 ἀρχῆθεν
2524 3991 2996 4061 καταγγειλάντων
3023 3990 3153 4059 ἡμῖν
3177 3987 3266 4039 τὸν
3287 3985 3386 4055 τῆς
3408 3981 3718 4043 θεοσεϐείας

2130 4087 2311 4155 λόγον,
2366 4087 2714 4159 γραμμικαϊς
2761 4081 3066 4147 ἀποδείξεσι
3151 4077 3521 4151 παριστῶντα.
3566 4071 3718 4142 Πλὴν

2129 4178 2265 4234 ἀλλά
2298 4179 2541 4249 περιττοῖ
2576 4178 2633 4231 oi
2650 4176 2799 4245 λόγοι
2831 4175 3049 4238 πάντες,
3079 4164 3154 4225 ὧν
3191 4170 3393 4243 ἐναργῆ
3421 4168 3521 4221 καὶ·
3546 4162 3716 4233 σαφέ-

2129 4290 2296 4345 στερα
2326 4270 2395 4325 τά
2428 4271 2586 4344 ἐργα,
2623 4268 2766 4340 ᾶπερ
2786 4269 2823 4338 ἡ·
2842 4266 2961 4320 θεία
2999 4265 3091 4319 καὶ
3122 4263 3370 4336 οὐράνιος
3412 4259 3507 4312 τοῦ
3532 4257 3716 4327 Σωτῆ-

2133 4382 2223 4437 ρος
2276 4363 2436 4435 ήμῶν
2475 4363 2723 4432 δύναμις,
2774 4360 2979 4424 πάντας
3028 4356 3345 4429 ἀνθρώπους
3386 4354 3485 4424 τὴν
3535 4350 3717 4404 ἔνθεον

2129 4460 2224 4513 καὶ
2249 4458 2499 4527 οὐράνιον
2525 4455 2669 4527 ζωὴν
2698 4451 3177 4524 εὐαγγελιζομένη,
3207 4448 3503 4523 διαρρήδην
3545 4444 3714 4500 εἰσέτι

444 4531 616 4586 menti
647 4531 690 4587 ⁸.
726 4551 747 4584 ι
787 4530 1077 4589 Enimvero
1122 4535 1244 4605 jure
1289 4536 1445 4592 nobis
1479 4537 1620 4592 inter
1667 4552 1859 4593 omnes
1890 4553 2027 4609 prae-

2131 4550 2224 4602 καὶ
2250 4546 2345 4601 νῦν
2387 4546 2773 4599 ἐπιδείκνυται.
2799 4543 3007 4597 Αὐτίκα
3049 4540 3180 4610 γοῦν
3224 4539 3323 4612 τὴν
3367 4535 3714 4591 διδασκαλίαν

444 4632 659 4692 ceptum
691 4623 795 4678 hoc
816 4632 931 4690 est,
984 4633 1045 4679 ut
1069 4627 1381 4696 quicunque
1432 4628 1650 4682 demum
1688 4629 1835 4684 illius
1867 4629 2019 4700 spei,

421 4730 567 4786 ,qua:
596 4716 859 4786 religione
889 4726 1074 4772 nostra
1103 4718 1418 4774 continetur
1436 4760 1452 4788 ,
1484 4720 1749 4775 rationem
1774 4735 1840 4775 ex
1864 4721 2023 4777 nobis

422 4796 720 4877 'requirat,
772 4809 840 4864 ad
886 4811 1287 4881 suscipiendam
1331 4812 1453 4883 ejus
1501 4813 1876 4870 defensionem
1927 4829 2026 4884 pa-

440 4901 548 4955 rati
582 4904 844 4958 continuo
897 4920 953 4961 et
994 4907 1228 4975 expediti
1286 4908 1479 4963 simus.
1532 4903 1900 4972 Quamobrem
1927 4920 2026 4961 ex-

439 4991 655 5063 plorare
699 4996 872 5051 cuivis
915 5012 978 5051 ac
1008 4997 1283 5056 discutere
1334 5000 1499 5067 licet,
1540 5013 1666 5053 cum
1717 4998 2029 5054 innumera-

440 5085 601 5169 biles,
632 5095 692 5141 ut
714 5098 839 5143 ante
866 5088 1112 5145 dicebam
1140 5131 1156 5157 ,
1203 5107 1343 5162 quas
1395 5092 1732 5148 recentiores
1776 5091 2027 5163 plerique

443 5179 792 5237 acutissimas
823 5188 878 5235 et
904 5181 1345 5239 evidentissimus
1396 5183 1462 5238 ad
1511 5183 1776 5239 doctrinae
1821 5192 2029 5239 nostra:

373 5294 379 5299 ο
444 5268 915 5325 confirmationem
940 5282 1387 5345 argumentorum
1407 5273 1759 5345 probationes
1785 5274 2026 5343 edidere;

419 5374 430 5414 ἰ
520 5379 542 5410 ⁶
578 5375 601 5432 ι
631 5377 764 5435 Cor.
798 5395 860 5444 ll,
885 5380 942 5437 4.
1015 5382 1037 5415 ⁷
1092 5385 1225 5441 ibid.
1258 5383 1313 5450 6,
1347 5380 1401 5437 7.
1467 5380 1489 5413 ⁸
1514 5397 1553 5435 ιι
1578 5383 1705 5440 Cor.
1731 5398 1813 5449 Ill.
1838 5381 1894 5447 5:
1925 5384 1983 5441 6ο

519 5491 908 5566 (ϐ’)μηάνταςῖ
930 5494 1298 5566 ἀνθρώπους.
1344 5492 1441 5549 Est
1482 5495 1583 5566 qui
1634 5495 1812 5566 legere
1855 5498 2030 5563 malit,

448 5563 529 5627 εις
577 5563 787 5636 πάντας
820 5563 1157 5636 ἀνθρώπους.
1196 5565 1323 5619 Mihi
1357 5565 1493 5618 nihil
1512 5563 1841 5636 mutandum
1876 5569 2031 5622 video

449 5641 575 5701 tur;
606 5632 863 5704 frequens
894 5632 1039 5688 enim
1079 5650 1210 5689 usus
1259 5644 1340 5690 est
1386 5636 1533 5689 verbi
1580 5635 2032 5704 εὐαγγελίζεσθαι

452 5719 577 5759 cum
613 5716 856 5759 accusat.
895 5705 1106 5774 tamrei
1131 5720 1292 5774 quam
1323 5720 1585 5774 personae.
1635 5706 1709 5760 Ita
1761 5724 1883 5760 inox
1927 5724 2032 5762 no.

452 5784 593 5859 ater:
616 5773 1173 5859 Πάνταςάνθρώπους
1192 5773 1487 5859 etv-@1650);
1509 5776 1603 5828 καὶ
1615 5776 1865 5859 οὐράνιον
1887 5775 2032 5859 ζωῂν

449 5844 937 5917 εὐαγγελιζομένη·
958 5844 1032 5902 ει
1060 5844 1201 5901 infra
1228 5864 1240 5899 :
1272 5845 1354 5899 Τά
1401 5844 1653 5916 μέγιστα,
1683 5844 1781 5901 καὶ
1814 5844 2031 5919 ἀληθῶς

2135 4637 2300 4694 αὐτοῦ
2343 4635 2787 4710 κηρυχθήσεσθαι
2813 4633 3047 4704 καθόλης
3072 4633 3168 4702 τῆς
3195 4629 3497 4701 ἀνθρώπιον
3531 4628 3713 4680 οίκου-

2129 4729 2316 4801 μένης,
2352 4730 2432 4791 είς
2462 4726 2758 4800 μαρτύριον
2804 4726 2938 4778 πᾶσι
2978 4726 3090 4787 τοῖς
3118 4723 3292 4776 ἔθνεσι
3336 4720 3714 4781 θεσπίσαντος,

2124 4823 2225 4894 τήν
2252 4838 2313 4875 τε
2342 4821 2568 4893 ὕστερόν
2619 4835 2748 4873 ποτε
2781 4818 3053 4871 συστᾶσαν
3081 4819 3147 4887 τῇ
3179 4814 3342 4868 αὑτοῦ
3385 4813 3611 4882 δυνάμει
3653 4809 3715 4876 ἐξ

2126 4917 2382 4971 ἀπάντων
2422 4912 2532 4967 τῶν
2559 4910 2728 4965 ἐθνῶν
2765 4909 3111 4982 Ἐκκλησίαν,
3137 4907 3289 4962 οὔπω
3325 4907 3447 4960 τότε
3474 4904 3595 4957 καθ’
3619 4902 3714 4968 οῢς

2127 5007 2540 5082 ἐνηνθρωπήκει
2586 5006 2809 5078 χρόνους
2855 5004 3160 5077 ὁρωμένην,
3200 5001 3323 5055 οὐδὲ
3369 4996 3713 5052 συνεστῶσάν

2127 5117 2237 5165 πω,
2271 5098 2439 5170 ἐνθέῳ
2477 5094 2785 5169 προγνώσει
2830 5095 3099 5167 ἀήττητον
3148 5092 3243 5147 καὶ
3289 5090 3714 5161 ἀκαταμάγητον

2129 5187 2367 5253 ἔσεσθαι,
2395 5188 2489 5242 καὶ
2514 5185 2874 5259 μηδεπώποτε
2900 5185 3006 5239 ὑπὸ
3042 5183 3273 5237 θανάτου
3300 5180 3713 5252 νικηθήσεσθαι,

2132 5281 2352 5336 ἑστάναι
2376 5279 2435 5334 δὲ
2479 5280 2573 5333 καὶ
2641 5278 2825 5355 μένειν
2865 5279 3134 5339 ἄσειστον,
3178 5273 3329 5331 ώσάν
3355 5275 3441 5333 ἐπῗ
3477 5274 3715 5346 ἀσείστῳ

2136 5496 2318 5568 ἀγαθά
2341 5496 2548 5562 πάντας
2571 5494 2889 5568 ἀνθρώπους
2919 5492 3377 5568 είιαγγελίσασθαι
3517 5490 3717 5564 ἡμέτε-

2141 5564 2440 5639 ρονλόγον,
2474 5578 2528 5621 ct
2579 5564 2708 5621 alibi
2761 5582 2921 5636 Sat-pe.
2955 5566 3109 5639 Quod
3140 5566 3201 5639 in
3225 5566 3359 5639 aliis
3382 5564 3711 5639 quibusdam

2136 5631 2624 5718 verbis'reeeptum
2654 5645 2757 5695 est.
2786 5631 2851 5693 ut
2873 5639 2927 5692 in
2957 5631 3152 5701 ποιεῖν,
3188 5634 3538 5707 ἐργάζεσθαι,
3563 5641 3616 5688 et
3643 5631 3714 5688 si»

2140 5707 2539 5849 ω’έίῗῗιὶψπ
2577 5776 2734 5836 ιιοιιῑε
2766 5777 3054 5850 legendum
3086 5778 3295 5850 χεῖρας.
3328 5776 3485 5832 Eutr.
