4154 6404
445 319 518 377 53
1098 313 1370 374 EUSEBII
1407 317 1888 376 CESARIENSIS
1924 320 2073 377 OPP.
2113 323 2297 382 PARS
2330 327 2395 383 η.
2439 359 2508 370 -
2546 328 3055 390 Αροιοοετιεε.
3648 341 3719 395 56

444 437 624 492 nicem
653 445 817 507 caput
860 434 1098 499 attollit,
1145 450 1211 491 ac
1266 436 1423 490 novis
1453 436 1699 505 quotidie
1738 437 2015 509 dignitatis

2127 441 2340 513 ἐχθροῖς
2373 445 2470 497 καὶ
2502 445 2786 517 πολεμίοις
2832 446 3103 502 δουλεξαν.
3144 450 3214 504 ’Δ
3254 452 3349 507 καὶ
3385 454 3504 519 ταῖς
3550 458 3722 529 Mop-

444 526 798 583 incrementis
829 538 1012 590 aucta,
1038 525 1271 596 spiritali
1306 540 1371 580 ac
1400 526 1589 581 divino
1609 529 1919 597 praedicata:
1959 529 2030 584 ab

445 618 542 675 illo
572 618 789 689 pietatis
828 616 1041 689 fulgore
1068 618 1270 687 passim
1296 618 1371 672 ita
1399 626 1746 685 coruscat,ut
1768 635 1879 676 non
1907 621 2028 677 suis

445 720 659 766 tantum
694 710 967 775 hostibus,
1000 710 1093 764 sed
1128 725 1196 764 ne
1242 710 1374 779 ipsis
1395 711 1617 781 quidem
1662 713 1860 768 mortis
1896 712 2029 770 fori-

444 802 550 856 bus
582 801 663 855 vel
691 801 960 855 tantillum
991 800 1268 855 debilitata
1300 801 1583 856 concedat.
1626 801 1760 867 Qua:
1804 803 2026 873 quidem

442 898 629 950 omnia
662 896 789 950 huic
820 895 912 949 uni
963 894 1033 949 ab
1083 908 1147 948 eo
1190 894 1466 964 quondam
1507 896 1731 965 prolata:
1780 898 1899 952 voci
1931 913 2026 954 ac-

438 996 596 1057 cepta
618 987 833 1041 ferenda
872 988 1038 1041 sunt’
1067 1005 1082 1041 :
1110 1004 1129 1038 ι
1158 985 1333 1057 Super
1353 987 1494 1041 hanc
1516 997 1724 1057 petram
1746 990 2027 1046 aedificabo

437 1078 742 1134 Ecclesiam
771 1094 977 1145 meam,
1023 1088 1077 1133 et
1107 1087 1279 1148 porta:
1322 1078 1481 1133 inferi
1513 1095 1620 1134 non
1652 1080 2025 1150 prmvalebunt

437 1170 704 1225 adversus
737 1185 879 1224 eam.
934 1188 955 1222 ι
995 1169 1264 1224 (Σαλιετιηιι
1323 1170 1534 1224 inﬁnita
1583 1181 1713 1226 sunt
1762 1172 1814 1226 id
1849 1187 2023 1242 genus

436 1260 545 1315 alia
566 1300 581 1325 ,
631 1274 663 1313 a
697 1257 988 1314 Servatore
1020 1267 1212 1313 nostro
1269 1259 1634 1329 praenuntiata
1658 1300 1674 1325 ,
1734 1259 1937 1329 quibus
1966 1260 2023 1314 in

434 1352 717 1423 proprium
742 1367 808 1407 ac
836 1350 1117 1421 singulare
1146 1359 1530 1421 argumentum
1564 1351 1859 1422 locumque
1884 1366 2022 1406 cono

434 1448 624 1515 gestis,
662 1445 796 1499 dum
847 1454 1214 1513 congruentes
1259 1452 1314 1499 et
1365 1453 1767 1500 consentaneos
1816 1443 2022 1500 divinis

433 1530 552 1601 ejus
608 1531 1074 1601 praesensionibus
1120 1547 1305 1587 rerum
1357 1534 1602 1603 ipsarum
1653 1534 1835 1590 exitus
1893 1542 2021 1589 ante

431 1621 625 1677 oculos
654 1621 932 1692 ponimus,
963 1638 1156 1678 eorum
1185 1638 1305 1692 quae
1337 1622 1500 1677 nobis
1527 1622 1595 1677 de
1635 1622 1751 1693 ipso
1786 1638 2018 1692 persua-

433 1713 650 1779 demus,
696 1716 986 1770 certiorem
1019 1716 1170 1770 omni
1197 1715 1538 1770 dubitatione
1563 1715 1847 1770 veritatem
1896 1730 2019 1772 esse

2138 530 2362 601 ρήσεσιν
2405 534 2737 603 ἀκολούθως,
2786 536 2925 606 μετὰ
2975 537 3076 609 τὴν
3118 538 3216 593 τοῦ
3262 540 3516 614 Σωτῆρος
3563 545 3722 616 ἡμῶν

2136 624 2461 693 παρουσίαν,
2497 625 2775 693 φαίνονται
2810 627 3158 694 πεπονθότες.
3203 630 3328 684 Ἐπὶ
3368 632 3602 701 τούτοις,
3635 636 3721 703 τίς

2134 714 2237 767 οὐκ
2290 714 2355 768 ἂν
2402 716 2699 789 ἐκπλαγείη
2747 719 2857 772 τῶν
2906 719 3084 771 αὐτῶν
3136 720 3351 776 ἀκούων
3401 726 3720 797 προφητῶν,

2138 804 2275 875 μετά
2306 806 2409 877 τὴν
2442 808 2681 880 Χριστοῦ
2709 810 3032 880 παρουσίαν,
3056 811 3153 882 τὴν
3179 811 3286 865 τῶν
3301 814 3567 869 Ἰουδαίων
3593 817 3724 872 ἁπό-

2133 913 2361 963 πτωσιν,
2395 899 2495 970 τὴν
2529 899 2637 953 τῶν
2677 899 2850 953 ἐθνῶν
2880 902 3089 973 κλῆσιν,
3127 902 3408 976 λαμπραῖς
3437 908 3533 960 καὶ
3562 908 3717 963 διαυ-

2131 989 2252 1057 γέσι
2283 993 2486 1059 φωναῖς
2520 993 3014 1064 εὐαγγελιζομένην
3046 994 3159 1067 (8);
3194 998 3266 1050 Ἦ
3298 999 3394 1050 καὶ
3440 1000 3578 1071 αὐτὴ
3623 1001 3719 1056 ἀν-

2129 1097 2321 1151 τικρυς
2359 1084 2440 1144 είς
2468 1082 2628 1155 ἔργον
2665 1084 2911 1156 ἐχώρησε
2942 1088 3065 1149 ταῖς
3099 1088 3458 1159 προφητείαις
3487 1091 3713 1146 ἀκολού-

2131 1168 2259 1234 θως,
2290 1170 2378 1224 διά
2402 1171 2503 1241 τῆς
2541 1172 2635 1225 τοῦ
2671 1174 2922 1245 Σωτῆρος
2950 1173 3110 1244 ήμῶν
3146 1175 3513 1243 διδασκαλίας,
3551 1179 3620 1233 δι’
3648 1173 3712 1235 οὗ

2131 1262 2196 1313 ἐκ
2227 1262 2425 1325 παντὸς
2451 1263 2643 1332 γένους
2678 1263 2979 1336 ἀνθρώπων
3007 1267 3190 1338 μυρίοι
3221 1267 3334 1320 ὅσοι
3361 1267 3459 1340 τὴν
3489 1267 3600 1322 τῶν
3628 1270 3710 1324 ει-

2126 1350 2310 1405 δὼλων
2335 1353 2779 1423 ἀποστραφέντες
2806 1355 3033 1425 πλάνην,
3068 1357 3162 1410 τοῦ
3197 1357 3295 1410 ἐπὶ
3329 1358 3547 1414 πάντων
3573 1359 3712 1415 Θεοῦ

2126 1442 2225 1513 τὴν
2256 1443 2432 1515 ἀληθῆ
2461 1444 2661 1513 γνῶσίν
2685 1462 2746 1498 τε
2775 1446 2867 1499 καλ⁵
2902 1447 3186 1501 εὐσέϐειαν
3214 1449 3589 1515 κατεδέξαντο,
3616 1466 3715 1521 μο-

2126 1535 2336 1604 νονουχὶ
2388 1535 2735 1608 πιστούμενοι
2781 1539 2910 1601 τοὺς
2955 1537 3064 1591 τῶν
3113 1538 3358 1592 παλαιῶν
3404 1541 3709 1611 χρησμοὺς,

2124 1625 2249 1690 τούς
2276 1643 2337 1678 τε
2357 1627 2568 1691 ἄλλους,
2600 1629 2692 1681 καὶ
2714 1628 2777 1700 δὴ
2806 1629 2895 1681 τὸν
2922 1628 3010 1682 διά
3037 1629 3132 1682 τοῦ
3170 1631 3437 1702 Ἰερεμίου
3466 1631 3560 1684 τοῦ
3586 1648 3713 1703 προ-

2124 1719 2317 1789 φήτου,
2355 1719 2657 1789 φήσαντος·
2690 1738 2711 1771 t
2750 1719 2920 1791 Κύριε
2949 1721 2976 1773 ό
3001 1720 3134 1784 Θεός
3165 1737 3288 1791 μου,
3324 1721 3461 1791 πρὸς
3490 1721 3549 1774 σὲ
3582 1722 3707 1795 ἔθνη

429 1804 898 1863 demonstramus.
932 1805 1119 1877 Neque
1159 1822 1289 1862 vero
1333 1807 1466 1863 levis
1516 1816 1571 1861 et
1624 1807 2015 1862 contemnenda

2125 1810 2343 1880 ἥξουσιν
2370 1811 2465 1863 ἀπ’
2499 1812 2726 1882 ἐσχάτου
2752 1813 2852 1884 τῆς
2877 1812 3004 1881 γῆς,
3041 1814 3134 1866 καὶ
3165 1814 3401 1884 ἐροῦσιν,
3427 1815 3503 1879 ὠς
3535 1816 3704 1888 ψευδῆ

429 1908 535 1964 est,
559 1899 606 1954 si
639 1898 709 1953 ad
744 1901 1053 1970 superiores
1087 1900 1452 1971 adjungatur,
1479 1899 1656 1954 eidem
1688 1897 1903 1953 veritati
1929 1913 2021 1954 as-

429 1991 675 2045 serenda;
705 1991 862 2055 fides,
887 2007 1054 2061 quam
1084 2007 1153 2046 ex
1174 1990 1565 2046 Hebraicarum
1592 1992 1898 2046 litterarum
1933 2000 2013 2046 te-

2131 1901 2431 1971 ἐκτήσαντο
2469 1902 2518 1955 οξ
2558 1902 2794 1973 πατέρες
2839 1902 3000 1973 ἡμῶν
3044 1903 3260 1967 εἴδωλα,
3296 1903 3392 1957 καὶ
3430 1906 3528 1957 οὐκ
3555 1901 3622 1975 ἦν
3647 1909 3708 1961 ἐν

2117 1993 2301 2056 αὐτοῖς
2332 1993 2590 2075 ὠφέλεια.
2622 1994 2685 2047 Εἰ
2717 1995 2995 2065 ποιήσειεν
3026 1995 3176 2066 αὑτῷ
3201 1996 3485 2068 ἄνθρωπος
3527 1997 3706 2063 θεοὺς,

427 2082 690 2138 stimonio
719 2083 1074 2151 arcessimus,
1111 2099 1236 2138 eum
1268 2083 1336 2138 iis
1369 2091 1495 2138 ante
1545 2091 1626 2136 tot
1665 2097 1841 2136 annos
1874 2096 2011 2152 pra-

2119 2080 2212 2133 xa‘t
2235 2081 2335 2133 οὐκ
2356 2081 2493 2133 εἰσὶν
2523 2098 2671 2135 ουτοι
2697 2080 2841 2148 θεοί;
2879 2101 2899 2135 ι

428 2173 666 2229 sentium
718 2172 989 2227 honorum
1036 2172 1458 2242 promissionem
1516 2169 1728 2226 Hebraei
1776 2171 2051 2241 propheta
2089 2170 2271 2239 generi
2324 2171 2634 2226 mortalium
2690 2173 2945 2229 universo
2989 2176 3357 2244 praedicarim,
3422 2177 3707 2251 ipsiusque

429 2266 570 2322 adeo
595 2265 798 2321 Christi
834 2265 1076 2320 nominis
1121 2265 1197 2320 ita
1230 2263 1614 2327 meminerint,
1654 2272 1717 2318 ut
1762 2263 2009 2318 futurum
2049 2262 2216 2317 simul
2265 2262 2333 2316 ad
2382 2262 2632 2319 homines
2685 2265 2932 2334 ejusdem
2987 2267 3280 2322 adventum
3333 2269 3705 2338 praedixerint.

426 2357 578 2412 Adde
611 2357 759 2428 quod
798 2372 999 2412 novum
1050 2358 1218 2412 etiam
1282 2366 1337 2412 et
1377 2357 1649 2421 insolens,
1679 2371 1804 2427 qua
1847 2372 1944 2426 per
1985 2370 2179 2411 omnes
2222 2355 2454 2425 populos
2488 2355 2827 2420 funderetur,
2866 2358 3126 2414 doctrina:
3177 2377 3349 2431 genus
3374 2361 3704 2427 indicarunt.

334 2466 341 2475 ·
426 2449 669 2506 futuram
703 2466 924 2521 quoque
971 2450 1212 2507 Judaicaa
1260 2452 1501 2507 nationis
1549 2452 1982 2507 incredulitatem
2024 2463 2082 2507 et
2118 2452 2466 2507 obﬁrmatam
2520 2452 2577 2508 in
2632 2453 2989 2524 repugnando
3060 2459 3462 2512 contumaciam
3509 2457 3709 2527 prmdi~

425 2555 632 2614 centes,
659 2562 760 2601 nec
795 2562 905 2602 non
932 2547 1195 2618 quidquid
1220 2548 1483 2604 adversus
1513 2563 1639 2602 eum
1662 2548 1828 2618 impie
1865 2548 2053 2603 molita
2091 2557 2195 2612 est,
2224 2561 2290 2602 ac
2331 2562 2672 2619 quaecunque
2700 2548 2849 2603 illam
2886 2557 3169 2619 propterea
3205 2565 3316 2606 non
3354 2550 3535 2606 dilatae
3579 2550 3707 2606 lon'

423 2642 578 2711 gius,
646 2642 705 2713 9
762 2644 858 2698 sed
899 2646 1057 2714 quasi
1101 2658 1134 2698 e
1176 2645 1408 2716 vestigio
1454 2654 1655 2701 secuta
1697 2645 2037 2700 calamitates
2094 2659 2419 2714 oppressere
2470 2661 2485 2698 :
2551 2660 2864 2714 supremam
2932 2644 3175 2716 intelligo
3238 2646 3402 2716 regia:
3457 2645 3702 2715 ipsorum

421 2739 742 2809 metropolis
765 2739 1127 2805 obsidionem,
1182 2739 1469 2811 ipsamque
1508 2740 1642 2795 adeo
1680 2740 1831 2810 regni
1890 2740 2136 2795 funditus
2168 2739 2341 2795 excisi
2384 2743 2746 2805 eversionem,
2791 2755 2917 2794 cum
2967 2756 3160 2795 eorum
3190 2756 3288 2811 per
3322 2756 3512 2795 omnes
3563 2754 3698 2810 gen-

421 2838 506 2885 tes
522 2831 886 2902 dispersione,
913 2848 1189 2905 quamque
1213 2835 1315 2889 sub
1343 2835 1692 2891 inimicorum
1720 2845 1773 2891 et
1814 2835 2050 2890 hostium
2095 2835 2379 2889 dominatu
2400 2836 2684 2905 patiuntur
2733 2836 2980 2893 servituti
3016 2837 3385 2906 conjunctam.
3413 2834 3545 2902 Quae
3582 2850 3703 2890 cet-

424 2934 479 2978 te
516 2924 966 2994 praedictionibus
1007 2925 1113 2981 illis
1152 2935 1543 2993 consentanea,
1586 2935 1711 2997 post
1763 2927 2007 2996 ejusdem
2049 2926 2223 2980 nostri
2271 2923 2577 2981 Servatoris
2627 2926 2943 2993 adventum,
2990 2927 3042 2980 in
3078 2928 3327 2981 omnium
3364 2927 3539 2981 oculis
3572 2942 3701 2997 per-

422 3021 617 3077 tulere.
643 3020 763 3076 Jam
794 3036 924 3077 vero
951 3022 1076 3093 quis
1118 3038 1229 3078 non
1285 3023 1527 3078 illustres
1560 3023 1681 3078 illas
1714 3031 1880 3093 atque
1916 3022 2235 3093 perspicuas
2278 3020 2595 3076 earumdem
2636 3021 3030 3090 prophetarum
3073 3037 3257 3085 voces,
3301 3022 3505 3092 quibus
3546 3021 3696 3076 futu-

420 3133 567 3185 ram,
597 3117 820 3172 Christo
857 3117 970 3188 jam
1000 3133 1069 3174 ex
1107 3119 1273 3175 rebus
1319 3119 1576 3174 humanis
1626 3119 1918 3185 subducto,
1965 3133 2091 3173 cum
2129 3116 2444 3173 Iudaeorum
2489 3115 2890 3187 prolapsionem
2950 3131 3016 3172 ac
3061 3116 3516 3187 repudiationem,
3580 3124 3697 3170 tum

422 3210 664 3281 gentium
717 3209 1057 3264 vocationem
1127 3206 1361 3264 feliciter
1410 3210 1880 3281 praenuntiarunt,
1952 3208 2317 3264 admiratione
2387 3206 2600 3262 deﬁxus
2649 3207 3033 3277 Obstupescat,
3093 3221 3220 3262 cum
3281 3207 3396 3261 ha:c
3447 3207 3699 3262 similiter

422 3304 729 3360 Servatoris
768 3304 941 3358 nostri
981 3304 1246 3360 doctrina:
1292 3305 1576 3370 beneﬁcio,
1619 3306 1803 3376 palam
1836 3304 2043 3359 exitum
2083 3313 2243 3358 nacta
2296 3302 2460 3358 fuerit
2513 3316 2639 3358 cum
2680 3302 2897 3357 illorum
2947 3301 3249 3372 prophettis
3305 3301 3532 3355 omnino
3564 3315 3693 3357 con-

416 3400 730 3473 gruentem?
754 3399 857 3454 Per
905 3398 1082 3470 ipsum
1119 3401 1265 3455 enim
1316 3400 1568 3457 eﬂ‘ectum
1624 3409 1729 3469 est,
1754 3408 1814 3453 ut
1851 3399 2264 3455 innumerabilis
2291 3414 2359 3454 ex
2406 3397 2556 3453 omni
2585 3397 2870 3452 hominum
2920 3410 3118 3465 genere
3155 3394 3447 3448 multitudo
3483 3393 3702 3463 rejectis

421 3498 695 3552 idolorum
742 3495 1042 3561 erroribus,
1099 3512 1283 3551 veram
1318 3496 1668 3568 prazpotentis
1707 3511 1891 3551 rerum
1930 3496 2176 3550 omnium
2226 3494 2589 3549 moderatoris
2625 3491 2720 3546 Dei
2769 3492 3020 3544 notitiam
3066 3489 3490 3559 religionemque
3523 3488 3699 3542 susci-

418 3600 607 3662 peret,
659 3605 894 3660 cumque
931 3600 1250 3646 cancrorum
1310 3607 1433 3662 quae
1494 3591 1662 3662 prisci
1711 3591 1964 3647 homines
2020 3590 2279 3646 fuderunt
2328 3589 2697 3654 oraculorum,
2748 3598 2866 3642 tum
2915 3586 3081 3656 hujus
3132 3585 3401 3654 imprimis
3448 3581 3699 3639 Ieremia

419 3685 718 3756 prophetiae
749 3685 910 3740 ﬁdem
962 3685 1366 3756 quodammodo
1397 3686 1585 3743 facere
1610 3687 1891 3742 videretur
1919 3704 1935 3742 :
1971 3705 1991 3739 ι
2038 3686 2269 3742 Domine
2290 3679 2435 3742 Deus
2484 3700 2660 3749 meus,
2683 3683 2752 3739 ad
2780 3693 2834 3741 te
2872 3692 3060 3754 gentes
3117 3681 3332 3736 venient
3360 3682 3429 3735 ab
3451 3690 3697 3735 extremo

418 3787 599 3847 terrae,
632 3790 687 3834 et
733 3779 936 3849 dicent,
978 3779 1125 3850 quod
1176 3779 1311 3835 falsa
1351 3791 1533 3850 patres
1582 3779 1754 3836 nostri
1778 3779 1922 3835 idola
1978 3778 2360 3849 possederunt,
2392 3793 2493 3835 nec
2536 3786 2657 3834 erat
2708 3778 2765 3832 in
2804 3776 2938 3847 ipsis
2985 3773 3214 3828 utilitas.
3269 3772 3327 3827 Si
3386 3772 3547 3826 faciet
3587 3771 3693 3827 sihi

419 3872 587 3929 homo
616 3874 770 3939 deos,
801 3886 856 3931 et
887 3874 989 3946 ipsi
1018 3889 1128 3930 non
1156 3882 1285 3928 sunt
1305 3873 1382 3928 dii
1411 3873 1491 3926 “‘1
1529 3890 1551 3925 ι

1033 3987 1263 4045 CAPUT
1300 3986 1392 4045 ιν.
2037 3984 2082 4043 C

428 4099 547 4160 Non
575 4104 965 4160 inconsiderate
996 4121 1089 4159 nos
1112 4104 1181 4158 ad
1209 4120 1384 4159 rerum
1412 4103 1822 4157 ulilissimarum
1850 4101 2011 4173 ﬁdem

2654 3974 3050 4030 ΚΕΦΑΛΛΙΟΝ
3082 3975 3156 4025 Δ’.

2114 4097 2237 4151 Ὅτι
2259 4094 2346 4165 μὴ
2374 4091 2630 4160 ἀκρίτως
2652 4087 2809 4165 ’ἡμῖν
2841 4088 2882 4165 ἠ.
2904 4085 3040 4155 περὶ
3068 4083 3187 4165 rei)?
3224 4079 3694 4165 ὠξελιμωτάτων

2288 4155 2491 4229 πίστὶς
2525 4155 2677 4215 κατὰ
2704 4155 2930 4227 semper
2968 4155 3510 4224 παραλαμϐάνεται.

836 4193 934 4230 suo
971 4187 1199 4247 tempore
1226 4175 1598 4230 adhaerescere.

491 4270 620 4328 Haec
640 4272 807 4343 igitur
833 4273 925 4329 illa
948 4285 1100 4338 sunt,
1131 4273 1333 4344 quibus
1366 4271 1604 4326 instituti
1646 4270 1818 4326 nostri
1870 4270 2009 4325 ratio

421 4364 498 4420 ita
517 4364 896 4429 confirmatur,
921 4374 980 4419 ut
1010 4365 1195 4435 quivis
1225 4363 1491 4433 intelligat
1521 4376 1642 4415 eam
1679 4375 1789 4415 non
1813 4360 2009 4415 huma-

420 4467 496 4509 no
525 4453 763 4524 quodam
792 4453 994 4523 impetu
1022 4454 1411 4523 excogitatam,
1442 4451 1535 4506 sed
1551 4452 1833 4520 praevisam
1864 4449 2006 4504 divi-

418 4546 592 4610 nitus,
626 4546 955 4616 scriptisque
988 4545 1226 4599 oraculis
1258 4542 1520 4598 divinitus
1561 4540 2004 4611 praenuntiatam,

418 4636 690 4707 longeque
720 4638 856 4692 adeo
890 4636 1063 4706 magis
1089 4634 1359 4690 universis
1388 4632 1703 4687 hominibus
1732 4646 1762 4685 a
1805 4630 2006 4685 Serva-

418 4734 540 4783 tore
580 4736 773 4783 nostro
819 4727 1083 4782 divinitus
1112 4725 1351 4780 oblatam
1384 4723 1573 4779 fuisse.
1604 4720 1865 4776 Praeterea
1899 4737 2005 4774 nu-

418 4823 568 4876 mine
595 4822 754 4891 plane
776 4820 963 4875 divino
986 4819 1156 4873 robur
1190 4816 1310 4886 ejus
1332 4831 1397 4871 ac
1433 4814 1749 4868 firmitatem
1801 4812 2006 4868 consti—

418 4914 574 4977 tisse,
602 4928 726 4968 eum
756 4920 947 4966 vexata
981 4919 1059 4965 tot
1101 4924 1296 4975 annos,
1329 4907 1639 4978 partimque
1692 4905 2003 4960 diemonum

418 5006 515 5077 qui
546 5005 715 5061 videri
743 5019 851 5058 non
875 5010 1129 5073 possunt,
1159 5000 1361 5071 partim
1396 5013 1591 5053 eorum
1629 4997 1725 5067 qui
1766 5011 1866 5066 pro
1908 5011 2004 5050 va-

418 5098 614 5151 rietate
677 5103 983 5163 temporum
1046 5091 1248 5147 diversi
1290 5089 1650 5159 imperabant,
1719 5087 2003 5156 oculisque

420 5188 786 5244 cernebantur
808 5188 1112 5255 principum
1134 5183 1430 5237 acerbitate
1447 5181 1672 5249 jactata,
1698 5179 2002 5248 majoribus

421 5279 476 5333 in
491 5279 608 5333 dies
625 5278 968 5331 ornamentis
982 5285 1035 5329 et
1053 5273 1333 5328 illustriori
1356 5272 1645 5342 splendore
1668 5270 1999 5339 conjunctis,

2179 4258 2367 4311 Πάντα
2399 4254 2465 4326 δὴ
2496 4251 2669 4309 ταῦςα
2698 4250 2790 4303 τὸν
2816 4251 2947 4320 περὶ
2972 4247 3079 4300 τῶν
3107 4245 3229 4300 καθ’
3263 4245 3409 4315 ἡμᾶς
3438 4239 3695 4314 πραγμάε

2107 4368 2217 4404 των
2244 4345 2530 4401 πιστοῦται
2557 4345 2735 4414 λόγον,
2780 4341 2857 4404 ὼς
2886 4341 2987 4393 οὐκ
3025 4337 3085 4403 ἐξ
3116 4336 3465 4409 ἀνθρωπίνης
3511 4332 3692 4405 ὁρμῆς

2108 4439 2546 4510 ἐπιτηδευθέντα,
2589 4435 2770 4489 θεόθεν
2811 4433 2868 4487 δὲ
2909 4429 3349 4504 προῃωσθέντα,
3378 4427 3473 4481 καὶ
3505 4424 3689 4479 θεόθεν

2105 4534 2193 4587 διὰ
2223 4532 2331 4586 τῶν
2363 4531 2655 4601 ἐγγράφων
2697 4525 2960 4599 χρησμῶν
3004 4518 3553 4594 προαναφωνηθέντα,
3595 4516 3690 4571 καὶ

2108 4625 2246 4677 πολὺ
2280 4623 2441 4676 πλέον
2466 4622 2552 4674 ἐτι
2579 4619 2762 4673 θεόθεν
2799 4618 2888 4671 διά
2914 4615 3007 4669 τοῦ
3036 4614 3290 4685 Σωτῆρος
3321 4610 3481 4683 ημῶν
3521 4611 3689 4663 πᾶσιν

2106 4712 2413 4785 ἀνθρώποις
2454 4709 2919 4782 προὸεδλημὲνον,
2952 4702 3106 4770 αὖθίς
3139 4721 3199 4758 τε
3243 4705 3308 4756 ἐκ
3352 4700 3488 4755 Θεοῦ
3526 4700 3688 4755 δυνα-

2108 4805 2208 4878 μού
2217 4822 2376 4875 μενον
2407 4804 2499 4857 καὶ
2526 4801 2860 4863 συνεστῶτα,
2895 4799 2971 4861 ὼς
3003 4799 3063 4851 ἐν
3091 4794 3369 4858 τοσούτοις
3402 4792 3538 4847 ἐτῶν
3567 4791 3688 4865 χρό-

2103 4912 2214 4958 νοις
2267 4894 2625 4964 ἐλαυνόμενον
2665 4891 2802 4964 πρός
2846 4906 2908 4943 τε
2946 4887 3056 4942 τῶν
3099 4886 3348 4958 ἀοράτων
3395 4883 3683 4955 δαιμόνων,

2104 4986 2199 5040 καὶ
2231 4986 2366 5058 πρὸς
2397 4984 2511 5038 τῶν
2539 4983 2680 5038 κατὰ
2713 4982 2936 5054 χρόνους
2970 4978 3181 5050 ὁρατῶν
3221 4977 3518 5049 ἀρχόντων,
3547 4974 3684 5030 πολὺ

2104 5079 2265 5132 πλέον
2324 5077 2645 5146 διαλάμπειν
2664 5113 2681 5138 ,
2734 5073 3005 5144 ὁσημέραι
3030 5089 3084 5125 τι
3105 5082 3130 5111 ι
3154 5066 3474 5137 διαπρέπειν
3495 5065 3587 5117 καὶ
3608 5066 3701 5119 ai-

2104 5171 2235 5237 ξειν,
2265 5171 2359 5223 καὶ
2389 5168 2520 5222 πολὺ
2565 5166 2765 5238 μᾶλλον
2790 5161 3047 5235 πληθύειν
3072 5179 3087 5193 ·
3116 5162 3374 5232 ἄντικρυς
3405 5157 3503 5229 τῆς
3534 5157 3679 5213 ἀνω-

2103 5261 2195 5315 θεν
2218 5264 2282 5313 ἐκ
2308 5259 2403 5313 τοῦ
2435 5259 2544 5313 τῶν
2567 5258 2705 5311 ὅλων
2737 5254 2873 5309 Θεοῦ
2907 5253 3218 5325 συνεργίας,
3252 5250 3314 5304 τὸ
3346 5256 3557 5321 ἄμαχον
3588 5246 3683 5301 καὶ

421 5368 816 5438 hominumque
846 5365 1202 5436 frequentiori
1233 5364 1578 5419 multitudine
1608 5370 1893 5433 augeatur.
1926 5357 1998 5416 Ut

2119 5354 2388 5425 ιήττητον,
2419 5350 2479 5405 τό
2511 5367 2573 5403 τε
2601 5347 2742 5403 κατά
2770 5346 2877 5400 τῶν
2917 5345 3127 5417 ἐχθρῶν
3172 5341 3447 5415 νικητικὸν
3487 5341 3556 5413 τῇ
3585 5334 3681 5393 τοῦ

492 5521 522 5553 ι
561 5509 651 5564 ισ.
672 5524 753 5591 τε.

488 5626 513 5659 ⁸
552 5619 967 5683 Matth.xvl,ls.
1002 5614 1254 5672 "Jerem.
1284 5630 1399 5679 xvi,
1436 5612 1523 5668 19.

462 5739 565 5820 *(8)
597 5731 1169 5820 βύατγελιζομένῃν.
1226 5728 1386 5820 Σθτιί
1446 5726 1672 5815 perinde
1721 5737 1788 5779 ac
1819 5719 1883 5797 _si
1941 5718 2015 5776 ha

2119 5723 2267 5784 etur,
2323 5708 2865 5781 εὐαγγελιζομένων,
2915 5714 2975 5760 ιιι
3028 5703 3295 5762 referatur
3354 5699 3419 5755 ad
3468 5706 3676 5767 προφη-

417 5799 559 5865 τῶνί
583 5799 859 5880 Διίιιιέἶιε
894 5799 999 5874 leg.
1031 5805 1197 5859 etiam
1226 5799 1396 5858 lout.
1462 5808 1469 5815 '
