4154 6408
394 332 471 387 Ξῖ
1602 323 1927 381 Pii/EPAR.
1969 322 2224 380 EVANG.
2252 321 2386 378 LIB.
2426 322 2466 377 ι.
3601 326 3671 380 58

376 457 631 525 Σωτηρος
662 456 819 524 ημων
844 452 1162 519 διδασκαλίᾳ
1197 464 1256 501 τε
1301 457 1397 501 και
1431 459 1773 518 προσηγορια
1818 458 1964 512 παρ-

2080 447 2243 518 plane
2260 445 2508 502 dubitare
2529 457 2693 500 nemo
2711 444 2885 513 possit
2903 443 3038 515 quin
3062 443 3208 499 Deus
3237 443 3327 499 ille
3343 458 3529 500 rerum
3550 457 3666 500 mo-

373 544 634 616 εχούσης.
670 544 781 597 Καὶ
807 542 868 595 τὺ
892 540 1115 595 αὐτόθεν
1139 539 1199 593 δὲ
1240 538 1379 610 πρὸς
1410 535 1643 600 εύζωῒαν
1678 536 1843 589 πᾶσιν
1874 536 1968 588 ἀν-

377 632 639 707 θρώποις,
673 635 735 687 ού
773 633 933 704 μόνον
974 633 1041 685 ἐκ
1065 631 1176 684 τῶν
1224 628 1520 700 προφανῶν
1558 627 1723 681 αὑτοῦ
1769 626 1967 695 λόγων,

378 722 515 778 ἀλλὰ
555 723 652 777 καὶ
702 722 763 787 ἐξ
813 723 1131 794 ἀπορρήτου
1175 719 1457 790 δυνάμεως
1504 717 1967 789 προϐεϐλημένον,

388 816 499 881 πῶς
533 818 633 871 οὐκ
664 815 729 870 ἂν
755 814 967 884 γένοιτο
998 814 1096 885 τῆς
1128 811 1314 866 ἐνθέου
1348 812 1629 881 δυνάμεως
1652 809 1820 863 αὑτοῦ
1854 826 1966 863 πα-

386 908 742 978 ραστατικόν;
770 906 932 970 Θείας
963 906 1060 977 μὲν
1089 903 1197 974 γὰρ
1217 904 1311 956 καὶ⁸
1340 903 1656 974 ἀπορρήτου
1687 900 1969 971 δυνάμεως

386 997 471 1073 ἢν,
506 1000 567 1053 τὸ
596 999 713 1071 ἅμα
742 998 818 1070 τῷ
846 996 1011 1051 αὐτοῦ
1040 995 1205 1065 λόγῳ,
1240 994 1336 1047 καὶ
1370 992 1467 1046 σὺν
1506 994 1573 1062 τῇ
1604 991 1733 1062 περὶ
1765 1006 1969 1061 μοναρ-

387 1093 505 1164 χίας
542 1093 660 1154 ἐνὸς
688 1091 783 1144 τοῦ
819 1091 911 1144 ἐπὶ
943 1090 1161 1144 πάντων
1200 1084 1335 1139 Θεοῦ
1378 1083 1794 1157 προϐεϐλημένη
1826 1082 1972 1136 διδα-

386 1185 584 1256 σκαλία
628 1183 814 1247 αὐτοῦ,
848 1181 985 1254 ὁμοῦ
1036 1181 1132 1233 καὶ
1164 1179 1267 1249 τῆς
1301 1176 1677 1240 πολυπλανοῦς
1714 1176 1808 1229 καὶ
1849 1176 1969 1228 δαι-

386 1276 614 1350 μονικῆς
652 1274 955 1348 ἐνεργείας,
989 1271 1126 1343 ὁμοῦ
1172 1272 1267 1325 καὶ
1307 1270 1407 1340 τῆς
1437 1269 1547 1323 τῶν
1592 1267 1762 1321 ἐθνῶν
1807 1266 1971 1321 πολυ-

385 1368 580 1440 αρχίας
612 1367 895 1439 ἐλεύθερον
929 1364 1267 1434 καταστῆναι
1297 1362 1359 1414 τὸ
1393 1360 1501 1414 τῶν
1533 1358 1835 1433 ἀνθρώπων
1878 1356 1974 1428 γι-

385 1477 507 1524 νος·
556 1459 762 1531 μυρίων
807 1456 939 1527 γοῦν
988 1457 1050 1510 τὸ
1102 1454 1331 1509 παλαιὸν
1378 1451 1501 1507 καθ’
1542 1452 1773 1506 ἕκαστον
1818 1448 1973 1514 ἔθνος

386 1552 649 1623 βασιλέων
688 1551 783 1604 καὶ
810 1547 1103 1620 τοπαρχῶν
1130 1544 1573 1617 ἐπικρατούντων
1615 1543 1757 1598 κατὰ
1790 1542 1973 1606 πόλεις

384 1645 481 1699 καὶ
520 1643 725 1716 χώρας,
758 1642 853 1695 καὶ
883 1640 995 1694 τῶν
1032 1639 1129 1711 μὲν
1170 1635 1722 1709 δημοκρατουμένων,
1762 1633 1873 1687 τῶν
1913 1632 1974 1687 δὲ

386 1734 853 1807 τυραννουμένων,
900 1731 1010 1785 τῶν
1055 1730 1115 1783 δὲ
1153 1728 1462 1801 πολυαρχου
1471 1726 1671 1799 μένων,
1717 1723 1973 1794 πολέμων

2079 540 2300 595 derator
2314 537 2583 604 omnium,
2606 537 2911 593 Servatoris
2928 537 3102 592 nostri
3120 535 3386 592 doctrina:
3445 533 3551 602 10
3599 550 3665 592 ac

2080 630 2292 687 nomini
2310 630 2421 685 vim
2446 630 2742 701 quamdam
2766 630 2914 685 omni
2943 636 3144 685 conatu
3174 636 3229 682 et
3254 625 3665 698 oppugnatione

2080 724 2442 795 superiorem,
2465 734 2898 793 cunctarumque
2917 722 3197 777 victricem
3229 720 3468 774 hostium
3497 718 3663 774 cmic-

2079 818 2149 872 sti
2170 816 2376 871 auxilio
2400 816 2686 886 largiatur.
2712 813 2830 869 Jam
2854 829 2983 869 vero
3003 812 3134 866 illud
3157 812 3358 880 ipsum,
3382 810 3526 879 quod
3546 825 3665 865 om-

2078 909 2242 963 nibus
2271 924 2369 978 per
2408 923 2530 963 sese
2568 908 2882 962 hominibus
2910 905 2974 959 ad
3004 905 3141 958 bene
3172 903 3440 971 beateque
3473 901 3662 955 vive-n-

2078 1001 2230 1065 dum,
2261 998 2461 1070 partim
2492 998 2819 1066 clarissimis
2841 997 3016 1066 ipsius
3042 995 3240 1061 verbis,
3272 994 3471 1065 partim
3497 992 3547 1046 vi
3573 1006 3665 1048 oc-

2078 1092 2312 1147 cultiore
2339 1089 2767 1162 proponebatur,
2791 1088 3075 1157 cujus'nou
3096 1088 3268 1142 oculis
3287 1086 3525 1141 divinam
3543 1083 3665 1152 ejus

2081 1190 2407 1254 potestatem
2440 1184 2808 1251 virtutemque
2859 1178 3163 1249 subjiciat?
3205 1177 3417 1233 Etenim
3467 1176 3665 1231 divinae

2073 1272 2319 1345 profecto
2346 1287 2670 1343 arcaoaaque
2692 1271 2977 1341 petestatis
3001 1269 3053 1324 id
3075 1267 3200 1334 fuit,
3222 1275 3283 1322 ut
3310 1266 3473 1321 simul
3496 1274 3661 1335 atque

2074 1368 2304 1422 verbum
2344 1366 2513 1432 illius,
2541 1365 2717 1433 deque
2741 1362 2943 1419 summi
2985 1362 3149 1417 unius
3179 1368 3389 1415 tantum
3422 1357 3539 1422 Dei,
3561 1356 3660 1427 qui

2073 1460 2242 1514 rebus
2264 1469 2525 1528 praeesset
2551 1456 2830 1523 omnibus,
2847 1456 3181 1527 principatu,
3198 1452 3444 1508 doctrina
3467 1465 3667 1521 propo-

2075 1558 2320 1614 neretur,
2348 1550 2614 1604 continuo
2636 1563 2809 1617 genus
2828 1547 3113 1602 hominum
3141 1546 3196 1599 in
3220 1546 3485 1615 integram
3505 1544 3668 1599 liber-

2074 1650 2243 1697 tatem
2276 1657 2401 1696 cum
2425 1657 2457 1696 a
2477 1639 2826 1695 fraudulenta
2846 1640 3155 1695 daemonum
3182 1638 3527 1703 eﬂicacitate,
3550 1648 3666 1693 tum

2075 1744 2112 1789 a
2135 1732 2423 1803 multiplici
2451 1732 2691 1803 gentium
2709 1731 2990 1786 dominatu
3013 1730 3406 1785 vindicaretur.
3431 1730 3668 1784 Prmser-

386 1844 446 1881 τε
485 1826 625 1881 κατὰ
649 1825 713 1879 τὸ
751 1826 896 1888 εἰκὸς
939 1825 1007 1877 ἐκ
1048 1821 1239 1876 τούτου
1281 1820 1551 1874 παντοίων
1601 1814 1972 1881 συνεστώτων,

2078 1824 2199 1888 tim,
2230 1836 2357 1878 cum
2385 1824 2627 1879 sexcenti
2653 1822 2785 1877 olim
2835 1837 2992 1892 reges
3030 1821 3265 1891 singulis
3308 1820 3365 1875 in
3415 1821 3659 1875 nationi-

389 1918 560 1973 ἐθνῶν
612 1917 787 1971 ἔθνεσι
844 1915 1343 1986 προσρηγνυμένων
1365 1950 1381 1976 ,
1429 1912 1526 1965 καὶ
1575 1907 1813 1978 συνεχῶς
1861 1908 1975 1972 τοῖς

386 2009 784 2083 πλησιοχώροις
825 2007 1289 2079 ἐπανισταμένων,
1310 2004 1580 2079 δῃούντων
1610 2019 1671 2057 τε
1696 2001 1790 2056 καὶ¹
1814 2000 1975 2072 δῃου-

389 2102 589 2174 μένων,
635 2103 756 2164 ταῖς
787 2100 905 2154 κατ’
935 2098 1181 2171 ἀλλήλων
1214 2096 1552 2167 πολιορκίαις
1591 2095 1978 2165 ἐπιστρατευο-

388 2193 589 2264 μένων,
621 2192 763 2246 ῶστε
786 2191 874 2245 διὰ
906 2190 1081 2244 ταῦτα
1110 2188 1381 2260 πανδημεὶ
1408 2188 1613 2249 πάντας
1633 2184 1760 2248 τούς
1786 2200 1845 2237 τε
1872 2182 1973 2246 τὰς

384 2284 570 2349 πόλεις
595 2283 898 2347 οἰκοῦντας,
924 2283 1019 2336 καὶ
1046 2283 1105 2334 ἐν
1129 2282 1318 2351 ἀγροῖς
1351 2276 1774 2351 γεηπονοῦντας,
1803 2274 1865 2340 ἐξ
1890 2273 1972 2328 ἔτι

382 2375 587 2430 παίδων
617 2374 689 2429 τὰ
718 2372 993 2445 πολεμικὰ
1017 2369 1386 2433 διδάσκεσθαι,
1422 2369 1742 2439 ξιφηφορεῖν
1767 2382 1826 2420 τε
1854 2365 1972 2419 δια-

382 2467 585 2531 παντὸς
630 2465 773 2520 κατά
808 2482 868 2519 τε
912 2464 1013 2528 τὰς
1052 2460 1392 2533 λεωιρόρους,
1429 2458 1525 2514 καὶ
1570 2457 1716 2512 κατὰ
1755 2455 1971 2527 κώμας,

384 2561 480 2614 καὶ
508 2558 731 2632 ἀγρούς.
764 2556 981 2628 Ἐπειδὴ
1010 2554 1193 2626 παρῆν
1227 2553 1257 2607 ὁ
1281 2552 1517 2624 Χριστὸς
1543 2549 1699 2621 (περὶ
1725 2541 1785 2603 οὗ
1803 2548 1972 2603 πάλαι

380 2649 468 2704 διὰ
484 2648 592 2703 τῶν
606 2646 900 2720 προφητῶν
926 2645 1183 2717 ἀνείρητο
1207 2659 1222 2674 ο
1255 2662 1274 2694 ι
1308 2642 1582 2697 Ἀνατελεί
1605 2644 1662 2695 ἐν
1688 2644 1809 2705 ταῖς
1838 2639 1974 2711 ἡμέ-

387 2758 507 2814 ραις
566 2740 732 2796 αύτοῦ
781 2741 1117 2810 δικαιοσύνη,
1165 2736 1262 2791 καὶ
1306 2734 1512 2807 πλῆθος
1582 2735 1843 2806 εἰρήνης·
1880 2732 1974 2787 καί

387 2832 746 2902 συγκόψουσιν
789 2831 888 2895 τὰς
940 2829 1214 2902 μαχαίρας
1262 2827 1439 2882 αὐτῶν
1496 2828 1579 2890 εἰς
1613 2825 1838 2897 ἄροτρα,
1880 2825 1974 2878 καὶ

2074 1914 2202 1981 bus,
2234 1915 2291 1970 in
2317 1913 2549 1969 urbibus
2582 1922 2765 1969 autem
2789 1928 2853 1969 ac
2881 1913 3195 1984 regionibus
3221 1913 3511 1983 imperium
3536 1913 3663 1970 infi-

2074 2008 2179 2063 niti
2219 2006 2395 2077 reguli
2434 2005 3026 2074 obtinerent?;aliique
3055 2004 3262 2074 pepuli,
3301 2013 3662 2075 tyrannorum

2074 2099 2188 2165 alii,
2230 2098 2326 2153 alii
2359 2097 2597 2167 denique
2629 2094 2870 2165 plurium
2915 2094 3199 2148 dominatu
3238 2105 3658 2163 premerentur;

2072 2206 2311 2262 cumque
2350 2188 2478 2244 inde
2505 2188 2684 2243 omnis
2713 2186 2928 2258 generis
2969 2186 3130 2252 bella,
3162 2197 3220 2241 ut
3244 2201 3342 2255 par
3365 2193 3504 2250 erat,
3523 2188 3663 2242 exsi-

2069 2292 2295 2349 sterent,
2325 2278 2638 2337 commissis
2672 2279 2813 2334 inter
2857 2293 2981 2341 sese
3024 2278 3300 2348 gentibus,
3341 2278 3661 2347 vicinosque

2070 2377 2300 2447 populos
2331 2374 2546 2430 infestis
2580 2388 2799 2444 semper
2833 2373 3004 2427 armis
3031 2371 3371 2441 petentibus.
3411 2378 3661 2424 mutuas-

2070 2484 2178 2539 que
2219 2467 2468 2523 vicissim
2513 2466 2695 2522 clades
2747 2473 3068 2534 stragesque
3094 2461 3480 2528 subeuntibus,
3511 2463 3659 2532 quod

2069 2559 2277 2615 mutuis
2332 2560 2472 2615 alios
2521 2558 2615 2614 alii
2678 2548 3069 2613 'obsidiouibus
3138 2553 3660 2623 incursionibusque

2071 2660 2331 2705 vexarent
2363 2691 2376 2704 .
2403 2648 2479 2703 Ex
2505 2664 2614 2719 quo
2660 2647 2889 2718 proinde
2918 2646 3099 2711 ﬁebat,
3143 2654 3203 2700 ut
3258 2659 3369 2699 non
3402 2644 3442 2698 ii
3495 2643 3660 2699 modo

2069 2744 2164 2814 qui
2187 2742 2439 2798 civitates
2466 2741 2802 2807 incolebant,
2841 2739 2935 2796 sed
2961 2741 3127 2794 etiam
3175 2737 3216 2792 ii
3271 2737 3368 2806 qui
3394 2738 3452 2791 in
3494 2752 3659 2808 agro-

2072 2852 2196 2892 rum
2225 2851 2292 2893 ac
2326 2845 2483 2891 terrae
2514 2836 2729 2891 cultura
2776 2834 3160 2896 versabantur,
3202 2846 3319 2887 rem
3364 2829 3659 2886 militarem

383 2926 481 2989 τὰς
536 2922 757 2987 ζιϐύνας
816 2921 997 2975 αὐτῶν
1038 2923 1118 2984 είς
1158 2921 1402 2992 δρέπανα
1426 2936 1440 2949 ⁸
1483 2918 1580 2972 καὶ
1632 2917 1691 2971 οὐ
1743 2916 1972 2985 λήψεται

2075 2930 2180 3001 iam
2205 2928 2332 2984 inde
2360 2943 2392 2983 a
2416 2927 2602 2999 pueris
2629 2926 2995 2991 addiscerem,
3036 2924 3360 2995 gladiosque
3382 2923 3662 2979 continen-

386 3011 538 3075 ιθνος
565 3011 651 3064 ἐπ’
678 3010 830 3073 ἔθνος
862 3010 1157 3081 μάχαιραν,
1186 3009 1282 3061 κα)⁵
1301 3008 1363 3060 οὐ
1400 3007 1475 3077 μὴ
1508 3005 1751 3077 μάθωσιν
1775 3004 1855 3057 ἔτι
1877 3021 1975 3057 πο-

2075 3030 2176 3084 ter,
2219 3034 2287 3076 ac
2310 3019 2475 3089 vulgo
2503 3034 2599 3088 per
2620 3018 2738 3074 vias
2768 3016 3038 3088 publicas,
3085 3029 3278 3085 pagos,
3310 3030 3585 3084 agrosque
3604 3024 3662 3071 et

388 3101 572 3174 λεμεῖν
605 3121 623 3153 ι
654 3102 696 3172 ),
733 3099 1001 3161 ἀκόλουθα
1040 3101 1163 3162 ταῖς
1204 3100 1576 3170 προρρήσεσιν
1622 3095 1974 3167 ἐπηκολούθει

2075 3126 2203 3166 rura
2224 3119 2521 3181 gestarent.
2554 3109 2626 3164 At
2650 3123 2781 3165 vero
2812 3122 2942 3163 cum
2982 3121 3106 3162 sese
3142 3106 3382 3176 primum
3402 3104 3659 3161 Christus

383 3193 456 3248 τὰ
478 3193 634 3268 ἔργα,
658 3195 812 3247 πᾶσα
835 3193 931 3263 μὲν
957 3191 1159 3246 αὐτίκα
1183 3192 1498 3262 περιῃρεῖτο
1514 3188 1819 3259 πολυαρχία
1843 3189 1977 3242 Ῥω-

388 3285 582 3358 μαίων,
616 3283 930 3354 Αὐγούστου
986 3283 1128 3337 κατὰ
1173 3282 1236 3336 τὸ
1282 3281 1417 3336 αὐτὸ
1465 3283 1532 3352 τῇ
1578 3279 1674 3333 τοῦ
1724 3280 1981 3351 Σωτῆρος

384 3374 542 3446 ἡμῶν
570 3373 861 3445 ἐπιφανείᾳ
901 3374 1367 3443 μοναρχήσαντος.
1408 3370 1501 3436 Ἐξ
1531 3368 1740 3423 ἐκείνου
1783 3369 1841 3423 δὲ
1880 3370 1977 3424 καὶ

384 3467 465 3530 είς
507 3464 667 3535 δεῦρο
694 3464 796 3518 οὐκ
829 3463 895 3518 ἂν
934 3464 1085 3528 ἴδοις,
1123 3463 1201 3526 ὡς
1241 3460 1304 3516 τδ
1352 3462 1504 3534 πρὶν,
1550 3461 1735 3527 πόλεις
1780 3463 1973 3516 πόλεσι

383 3556 747 3630 πολεμούσας,
789 3556 898 3609 οὐδ’
928 3554 1084 3619 ἔθνος
1122 3553 1266 3611 ἔθνει
1303 3552 1728 3625 διαμαχόμενον,
1762 3553 1881 3607 ούδέ
1908 3570 1973 3623 γε

382 3648 473 3702 τὸν
518 3646 631 3718 βίον
668 3649 728 3700 ἐν
761 3645 913 3719 πάσῃ
960 3650 1222 3717 συγχύσει
1257 3644 1739 3719 κατατριϐόμενον.
1775 3645 1971 3699 Καίτοι

384 3741 502 3807 πῶς
528 3742 630 3795 οὐκ
658 3739 806 3807 ἄξιον
856 3738 1156 3809 θαυμάζειν
1202 3739 1624 3810 ἐπιστήσαντας,
1655 3736 1707 3791 τί
1737 3736 1800 3809 δή
1840 3754 1973 3790 ποτε

383 3834 445 3889 τὸ
480 3834 579 3905 μὲν
607 3832 868 3896 παλαιὸν,
894 3832 985 3884 ὅτε
1017 3829 1125 3883 τῶν
1158 3829 1328 3885 ἐθνῶν
1360 3830 1618 3884 ἁπάντων
1643 3829 1975 3902 κατετυράν-

383 3944 508 3981 νουν
538 3927 588 3979 οί
615 3924 889 3995 δαίμονες,
914 3923 1010 3977 καὶ
1040 3921 1207 3994 πολλή
1237 3939 1323 3986 τις
1348 3917 1418 3994 ἦν
1444 3921 1747 3995 ἀνθρώπων
1775 3924 1809 3994 ἡ
1841 3908 1974 3995 περὶ

384 4015 582 4079 αὐτοὺς
598 4012 882 4083 θεραπεία,
903 4012 1039 4084 πρὸς
1054 4011 1231 4065 αὐτῶν
1250 4011 1361 4066 τῶν
1376 4009 1513 4065 θεῶν
1538 4010 1815 4083 ἐξοιστρού
1823 4028 1975 4083 μενοι

384 4109 479 4162 ἐπὶ
501 4107 630 4170 τοὺς
656 4105 778 4158 κατ’
805 4103 1052 4176 ἀλλήλων
1074 4102 1158 4170 ἐξε
1168 4104 1418 4174 μαίνοντο
1438 4101 1728 4173 πολέμους·
1756 4102 1832 4166 ὡς
1851 4102 1976 4156 τοτὲ

388 4201 490 4272 μὲν
533 4198 799 4268 Ἕλληνας
855 4196 1042 4259 αὐτοῖς
1093 4194 1339 4265 Ἕλλησι,
1385 4194 1508 4248 τοτὲ
1552 4194 1611 4247 δέ
1649 4193 1979 4263 Αἰγυπτίους

387 4290 726 4360 Αἰγυπτίοις,
761 4289 856 4343 καὶ
892 4286 1099 4358 Σύρους
1141 4286 1354 4357 Σύροις,
1393 4284 1701 4356 Ῥωμαίους
1740 4302 1799 4339 τε
1838 4287 1975 4339 Ῥω·

389 4383 571 4453 μαίοις
611 4380 890 4451 πολεμεῖν,
936 4377 1420 4450 ἀνδραποδίζεσθαι
1470 4394 1530 4429 τε
1578 4376 1842 4448 ἀλλήλους
1883 4376 1979 4432 καὶ

2074 3199 2405 3256 ostendisset
2430 3199 2520 3271 (de
2548 3213 2660 3270 quo
2684 3198 2961 3269 prophetae
2983 3196 3113 3252 olim
3152 3196 3258 3250 ista
3296 3195 3609 3252 cecinerunt
3640 3212 3655 3250 :

2082 3309 2102 3344 ι
2132 3288 2353 3347 Orietur
2372 3290 2428 3344 in
2462 3289 2657 3345 diebus
2693 3289 2865 3358 ipsius
2884 3288 3099 3359 justitia
3125 3295 3182 3343 et
3222 3286 3517 3342 multitudo
3559 3300 3662 3357 pa-

2071 3382 2154 3439 cis
2193 3401 2209 3437 :
2254 3388 2310 3437 ct
2332 3380 2882 3451 conﬂabuntgladios
2908 3394 3040 3435 suos
3072 3380 3126 3434 in
3164 3394 3441 3444 vomeres,
3471 3387 3525 3433 et
3540 3378 3661 3432 lan-

2076 3490 2204 3532 ccas
2230 3489 2364 3532 suas
2401 3474 2455 3529 in
2484 3472 2675 3541 falces,
2698 3487 2809 3527 non
2842 3481 3024 3527 sumet
3052 3486 3184 3540 gens
3213 3470 3479 3525 adversus
3529 3483 3662 3539 gen-

2072 3574 2181 3620 tem
2244 3560 2506 3634 gladium,
2548 3576 2651 3616 nec
2679 3560 2893 3616 discent
2969 3560 3206 3630 amplius
3248 3560 3453 3616 bellum
3504 3573 3661 3629 gere—

2070 3669 2132 3710 re
2186 3653 2231 3686 “
2286 3652 2334 3723 ι)
2360 3692 2377 3719 ,
2428 3651 2781 3708 oraculorum
2830 3651 3118 3706 veritatem
3171 3650 3432 3706 continuo
3475 3664 3661 3704 rerum

2068 3746 2253 3803 exitus
2268 3743 2664 3814 comprobavit.
2704 3741 2918 3798 Etenim
2948 3742 3236 3812 multiplex
3257 3741 3349 3797 ille
3374 3740 3660 3797 Romano-

2070 3854 2194 3893 rum
2221 3837 2560 3908 principatus
2598 3835 2750 3890 illico
2792 3834 3041 3890 sublatus
3062 3843 3147 3890 est
3171 3849 3333 3901 ,cum
3376 3835 3659 3904 Augustus

2072 3932 2177 3990 sub
2198 3932 2381 4002 ipsum
2451 3928 2627 3984 nostri
2656 3926 2967 3983 Servatoris
3031 3927 3325 3981 adventum
3380 3939 3656 3981 summam

2072 4038 2259 4079 rerum
2317 4036 2464 4077 unus
2503 4019 2826 4090 accepisset.
2869 4016 2950 4072 Ex
2986 4031 3055 4072 eo
3114 4032 3245 4072 vero
3290 4026 3539 4087 tempore
3590 4015 3662 4070 ad

2071 4124 2288 4170 aetatem
2317 4127 2492 4184 usque
2518 4120 2790 4178 nostram,
2835 4108 3091 4165 civitates
3132 4116 3194 4164 ut
3234 4117 3395 4162 antea
3429 4121 3555 4162 cum
3584 4106 3664 4163 ci-

2072 4206 2336 4263 vitatibus
2363 4204 2712 4267 dimicantes,
2744 4201 3091 4274 populosque
3116 4213 3242 4255 cum
3265 4197 3482 4267 populis
3511 4212 3661 4251 com-

2074 4298 2298 4364 missos,
2324 4295 2611 4351 hominum
2668 4292 2905 4363 denique
2949 4291 3118 4346 vitam
3180 4304 3361 4343 rerum
3411 4288 3660 4343 omnium

2080 4386 2491 4459 perturbatione
2562 4384 2853 4441 contritam
2902 4395 3067 4437 nemo
3128 4380 3287 4437 vidit.
3342 4379 3479 4446 Quis
3532 4394 3662 4451 ergo

388 4472 746 4544 κατατρύχειν
788 4475 911 4535 ταῖς
994 4471 1365 4543 πολιορκίαις,
1421 4468 1707 4541 ὼσπεροῢν
1751 4470 1805 4523 αί
1849 4472 1974 4543 περὶ

2080 4495 2190 4535 non
2208 4480 2330 4551 jure
2350 4478 2602 4544 miretur,
2630 4476 2679 4532 si
2739 4475 3028 4545 diligenter
3074 4488 3263 4531 secum
3298 4473 3412 4543 ipse
3434 4473 3657 4544 cogitet,

390 4571 583 4626 τούτων
622 4567 840 4638 δηλοῦσι
878 4565 987 4619 τῶν
1034 4564 1278 4618 παλαιῶν
1327 4564 1560 4635 ἱστορίαι
1584 4580 1599 4594 ο
1650 4562 1769 4633 ἅμα
1805 4562 1863 4616 δὲ
1907 4566 1976 4635 τῇ

393 4659 478 4716 τοῦ
518 4659 770 4729 Σωτῆρος
815 4655 975 4727 ἡμῶν
1020 4654 1385 4727 εὐσεϐεστάτη
1433 4654 1528 4706 καὶ¹
1577 4654 1979 4726 είρηνικωτάτῃ

390 4750 742 4821 διδασκαλίᾳ,
783 4748 885 4819 τῆς
937 4748 1035 4819 μὲν
1089 4745 1354 4800 πολυθέου
1405 4745 1614 4816 πλάνης
1658 4745 1979 4816 καθαίρεσις

396 4843 720 4907 ἐπετελεῖτο,
746 4841 816 4895 τὰ
862 4841 919 4894 δὲ
964 4841 1063 4911 τῆς
1102 4839 1211 4892 τῶν
1251 4838 1421 4892 ἐθνῶν
1458 4838 1790 4901 διαστάσεως
1840 4837 1981 4890 παῦ-

398 4936 497 4991 λαν
526 4935 724 4990 αὐτίκα
748 4930 993 4986 παλαιῶν
1020 4929 1206 4984 κακῶν
1232 4928 1652 5001 ἀπελάμϐανενς
1675 4927 1704 4982 ὃ
1741 4930 1835 4983 καὶ
1871 4928 1979 4999 μά-

392 5029 550 5082 λιστα
575 5025 830 5097 μέγιστον
864 5022 1107 5096 ἡγοῦμαι
1138 5025 1436 5095 τεκμήριον
1459 5023 1747 5093 τυγχάνειν
1768 5022 1868 5092 τῆς
1890 5022 1979 5074 ἐν-

390 5118 514 5171 θέου
561 5116 657 5170 καὶ
693 5116 1007 5187 ἀπορρήτου
1055 5112 1336 5183 δυνάμεως
1375 5111 1470 5164 τοῦ
1519 5110 1770 5181 Σωτῆρος
1798 5110 1977 5182 ἡμῶν.

398 5208 505 5276 Γῆς
529 5205 574 5259 δ’
604 5206 668 5258 ἐκ
700 5204 807 5260 τῶν
837 5202 1001 5258 αὐτοῦ
1038 5203 1214 5272 λόγων
1240 5202 1681 5275 προφαινομένης
1711 5201 1978 5271 ὠφελείας

390 5297 586 5365 δεῖγμα
620 5293 849 5365 ἐναργὲς
881 5292 1013 5356 ἴδοις
1040 5291 1127 5357 ἂν,
1164 5292 1486 5363 ἐπιστήσας,
1512 5291 1591 5355 ὡς
1626 5289 1747 5343 οὐδὲ
1787 5288 1979 5344 ἄλλοτέ

389 5405 479 5440 πω
522 5386 581 5454 ἐξ
627 5385 842 5449 αίῶνος,
882 5384 993 5439 οὐδ’
1022 5385 1128 5438 ὑπό
1155 5401 1301 5447 τινος
1342 5381 1452 5435 τῶν
1481 5381 1650 5435 πάλαι
1675 5379 1973 5450 διαφανῶν,

389 5480 454 5533 ἐκ
492 5479 669 5551 μόνων
707 5477 767 5531 δὲ
797 5475 906 5530 τῶν
930 5475 1096 5529 αὑτοῦ
1136 5474 1352 5546 φωνῶν,
1390 5473 1488 5529 καὶ
1527 5474 1627 5545 τῆς
1654 5472 1758 5527 ἀνὰ
1795 5473 1977 5525 πᾶσαν

390 5572 488 5641 τῆν
540 5569 873 5641 οἰκουμένην
910 5566 1247 5639 διαδοθείσης
1291 5566 1636 5630 διδασκαλίας
1685 5563 1873 5627 αύτοῦ,
1913 5557 1976 5619 εὖ

465 5792 514 5826 ⁸⁸
551 5794 651 5846 lsa.
692 5807 748 5858 ιι,
785 5790 837 5843 4.

2064 4571 2209 4643 quid
2232 4585 2417 4626 causa:
2435 4567 2622 4636 fuerit,
2649 4566 3008 4639 quamobrem
3032 4566 3285 4623 homines
3334 4566 3489 4633 olim,
3539 4578 3653 4635 quo

2078 4674 2322 4734 tempore
2366 4671 2555 4733 gentes
2602 4661 2891 4717 universas
2912 4661 3191 4716 daemones
3231 4657 3519 4731 tyrannide
3559 4671 3658 4725 op-

2077 4772 2297 4827 pressas
2332 4754 2609 4820 tenebant,
2640 4763 2694 4810 et
2717 4768 2935 4811 summo
2991 4755 3205 4810 cunctis
3256 4767 3287 4807 a
3336 4748 3659 4804 mortalibus

2078 4849 2228 4905 cultu
2266 4847 2702 4913 celebrabantur,
2736 4846 2964 4903 deorum
2989 4846 3233 4915 ipsorum
3252 4850 3424 4896 (nstro
3451 4838 3656 4909 percit.

2074 4951 2138 4997 tn
2155 4948 2346 4994 mutua
2386 4938 2527 4993 bella
2559 4937 2771 4993 furioso
2792 4936 3031 5007 quodam
3068 4935 3272 5004 impetu
3302 4936 3561 4983 ruerent:
3587 4929 3667 4983 sic

2080 5042 2142 5089 ut
2161 5032 2323 5087 modo
2353 5030 2527 5087 Graeci
2543 5045 2668 5085 cum
2693 5028 2917 5096 Graecis,
2939 5027 3103 5083 modo
3126 5039 3250 5081 cum
3267 5020 3536 5091 Egyptiis
3564 5019 3667 5075 ιΕ-

2081 5125 2247 5198 gyptii
2302 5125 2401 5194 ιι
2433 5163 2448 5189 ,
2482 5123 2604 5194 Syri
2634 5137 2759 5177 cum
2790 5121 2943 5193 Syris
2971 5161 2986 5185 ,
3039 5133 3168 5174 cum
3197 5114 3459 5170 Romanis
3497 5113 3653 5169 deni-

2081 5223 2189 5291 que
2212 5217 2445 5273 Romani
2484 5217 2587 5287 ipsi
2612 5216 2755 5270 bella
2781 5215 3142 5283 susciperent,
3166 5208 3367 5277 aliique
3412 5205 3656 5262 vicissim

2082 5311 2221 5366 alios
2249 5311 2337 5365 vel
2359 5310 2416 5363 in
2445 5308 2762 5363 servitutem
2786 5304 3138 5361 abducerent,
3161 5300 3248 5355 vel
3278 5296 3653 5353 obsidionibus

2083 5405 2434 5465 conﬁcerent,
2470 5395 2928 5470 quemadmodum
2958 5401 3169 5446 veteres
3196 5389 3414 5443 illorum
3448 5395 3650 5452 tempoo

2084 5511 2207 5550 rum
2242 5491 2487 5547 historiis
2531 5485 2912 5553 consignatum
2962 5495 3027 5534 ac
3059 5488 3313 5535 teStatum
3366 5474 3657 5542 reliquere;

2085 5592 2148 5636 ut
2200 5584 2439 5655 primum
2481 5589 2665 5635 autem
2705 5572 3115 5642 religiosissima
3158 5568 3420 5638 pacisque
3456 5571 3655 5617 aman-
