4154 6406
473 309 544 365 59
1112 306 1386 364 EUSEBII
1438 301 1923 363 CESABIENSIS
1961 299 2114 356 OPP.
2154 299 2336 355 PARS
2373 298 2437 354 ll.
2480 331 2549 341 —-
2593 298 3097 358 APOLOCETICA.
3706 310 3779 366 ,ιο

477 428 690 484 tissima
739 426 1048 482 Servatoris
1088 427 1263 483 nostri
1301 425 1552 481 doetrina
1599 422 1904 486 increbuit,
1952 436 2058 476 non

2165 416 2234 471 τά
2265 417 2443 471 πάντα
2475 417 2586 471 τῶν
2629 418 2800 472 ἐθνῶν
2847 419 3053 490 νόμιμα
3082 422 3283 484 κεῖται,
3317 421 3458 476 αὑτά
3484 424 3669 479 ἐκεῖνα
3705 426 3777 482 τὰ

481 522 574 580 ille
605 528 818 574 tantum
849 536 1005 575 error
1032 560 1047 584 ,
1084 509 1178 590 qui
1210 520 1437 575 deorum
1483 515 1889 572 multitudinem
1923 515 2073 570 inve-

479 611 664 674 hebat,
700 609 950 666 funditus
987 611 1268 666 tolleretur
1299 629 1312 676 ;
1346 625 1533 664 verum
1568 613 1732 662 etiam
1757 608 2073 676 importata:

477 701 682 758 dudum
707 718 801 773 per
829 702 931 757 ista
962 703 1283 771 populorum
1309 701 1533 754 dissidia
1581 699 1927 754 calamitates
1977 714 2072 753 su-

477 796 592 851 bito
645 797 1138 867 conquiescerem?
1199 795 1465 864 Equidem
1524 794 1576 849 id
1626 795 1712 849 vel
1769 793 2070 847 maximum

477 890 714 945 arbitror
765 891 964 946 divinae
1025 905 1346 960 areanzeque
1408 887 1718 943 Servatoris
1759 885 1929 941 nostri
1976 901 2074 955 po-

476 983 693 1038 testatis
749 991 1149 1053 argumentum.
1187 981 1339 1037 Illius
1388 991 1571 1036 autem
1620 979 1872 1033 utilitatis
1902 1017 1918 1042 ,
1951 992 2073 1046 qua:

477 1076 657 1146 palam
722 1076 984 1130 docti-inte
1055 1075 1221 1146 hujus
1285 1074 1726 1146 pra‘dicationem
1775 1078 2072 1126 consecuta

481 1175 602 1228 est,
653 1179 824 1218 cntvts
875 1180 988 1217 rem
1040 1181 1223 1217 secum
1272 1173 1477 1219 attente
1533 1175 1805 1233 reputanti
1845 1181 2056 1218 ciarum

484 1257 592 1313 hoc
632 1257 685 1310 in
736 1258 925 1323 primis
955 1268 1009 1310 et
1054 1256 1260 1310 illustre
1295 1257 1569 1322 specimen
1605 1255 1807 1310 intueri
1845 1257 2005 1309 liceat
2042 1275 2056 1311 :

475 1344 621 1413 quod
649 1358 749 1398 nec
771 1344 912 1399 alias
935 1361 1178 1414 unquam
1203 1362 1267 1401 ex
1291 1346 1441 1400 omni
1469 1345 1755 1399 hominum
1782 1344 2068 1408 memoria,

471 1450 577 1490 nec
605 1435 674 1489 ab
715 1449 907 1489 eorum
946 1437 1060 1490 ullo
1082 1479 1096 1502 ,
1130 1438 1224 1506 qui
1253 1436 1400 1491 fama
1431 1436 1709 1506 quondam
1748 1435 1986 1490 nominis
2017 1444 2072 1490 et

471 1529 880 1583 existimatione
909 1528 1213 1584 ﬂoruerunt
1242 1544 1256 1582 :
1295 1529 1390 1584 sed
1427 1537 1636 1582 tantum
1665 1543 1730 1582 ex
1760 1544 1872 1597 quo
1897 1528 2070 1598 ipsius

471 1620 738 1676 doctrinae
784 1637 880 1691 per
930 1621 1246 1675 universum
1299 1621 1488 1674 orbem
1542 1619 1754 1676 ditiusa!
1797 1623 1982 1676 verbis
2016 1631 2070 1677 et

472 1711 836 1768 concionibus
869 1712 1149 1766 hominum
1197 1727 1358 1766 aures
1390 1711 1561 1766 aﬂlari
1595 1727 1808 1782 coepere
1834 1752 1849 1776 ,
1889 1714 2068 1768 conti-

472 1818 584 1858 nuo
630 1801 833 1857 factum
869 1802 960 1865 sit,
1011 1811 1070 1856 ut
1095 1801 1191 1871 qui
1229 1800 1388 1855 ferini
1421 1801 1574 1871 prius
1621 1818 1684 1857 ac
1714 1803 1934 1857 barbari
1962 1819 2064 1858 na—

472 1895 685 1950 tionum
714 1893 961 1948 omnium
994 1909 1175 1948 mores
1201 1893 1448 1958 fuerant,
1478 1894 1641 1948 iidem
1670 1894 1971 1951 lenioribus
2010 1905 2065 1950 et

475 1986 898 2042 humanioribus
941 1984 1207 2038 institutis
1240 1993 1711 2040 mansuescerent.
1743 1984 1932 2055 Itaque
1965 2003 2064 2043 nec

471 2077 674 2140 Persae,
715 2078 809 2146 qui
846 2078 1012 2132 semel
1043 2077 1164 2146 ejus
1193 2077 1500 2148 disciplinae
1533 2096 1732 2137 nomen
1763 2083 2062 2149 dederunt,

471 2171 692 2241 nuptias
723 2171 960 2240 amplius
984 2185 1107 2222 cum
1136 2170 1402 2224 matribus
1429 2171 1655 2228 ineunt:
1697 2189 1797 2228 nec
1827 2173 2062 2246 Scythae,

471 2263 620 2334 quod
678 2264 732 2317 in
781 2278 972 2318 eorum
1023 2279 1246 2333 quoque
1294 2265 1568 2333 regionem
1627 2263 1832 2320 Christi
1881 2282 2064 2322 sermo

471 2355 814 2425 penetrarit,
868 2354 1117 2420 humana
1178 2354 1290 2426 jam
1343 2369 1508 2410 carne
1572 2367 1913 2425 pascuntur;
1962 2373 2062 2413 nec

469 2443 576 2498 alia
618 2445 980 2500 barbarorum
1015 2460 1216 2516 genera
1268 2446 1477 2500 incesto
1525 2446 1761 2502 ﬁliarum
1809 2463 1872 2503 ac
1901 2463 2056 2504 soro-

468 2551 594 2592 rum
640 2537 934 2592 concubitu
980 2539 1343 2608 polluuntur:
1378 2555 1480 2594 nec
1513 2539 1581 2594 ad
1626 2555 1806 2596 mares
1849 2540 2058 2597 furioso

473 2627 719 2682 libidinis
759 2637 894 2683 aestu
931 2644 1111 2684 mares
1145 2629 1246 2698 ipsi
1286 2629 1577 2698 rapiuntur
1601 2667 1618 2694 ,
1649 2645 1750 2684 nec
1795 2640 2019 2687 caeteras
2041 2671 2056 2694 ,

468 2733 595 2791 qua:
626 2728 838 2774 natura:
865 2721 1010 2790 leges
1041 2720 1275 2785 violant,
1311 2721 1558 2791 corporis
1590 2721 1897 2792 voluptates
1936 2739 2060 2793 per-

469 2820 816 2882 sequuntur,
865 2827 966 2867 nec
1015 2813 1244 2868 canibus
1289 2823 1455 2882 atque
1502 2813 1816 2870 volucribus
1866 2831 2057 2871 neces-

466 2905 740 2959 sariorum
772 2919 838 2957 ac
881 2904 1313 2974 propinquorum
1347 2921 1572 2961 suorum
1602 2907 1888 2975 cadavera,
1928 2909 2053 2979 qui-

466 2995 572 3050 bus
620 2994 673 3049 id
707 2996 983 3065 quondam
1037 2997 1093 3051 in
1136 3013 1290 3053 more
1342 2998 1562 3068 fuerat,
1596 3000 1902 3070 objiciunt:
1953 3019 2056 3059 nec

2176 508 2307 580 πρὶν
2338 508 2575 580 Θηριώδη
2617 511 2710 563 καὶ
2744 509 3016 583 βάρϐαρα.
3064 511 3152 575 Ὧς
3186 514 3387 584 μηκέτι
3421 515 3639 587 Πέρσας
3670 536 3776 590 μη-

2174 604 2492 671 τρογαμεῖν,
2524 603 2651 664 τοὺς
2691 601 2839 672 αὑτῷ
2871 602 3312 674 μαθητευθέντας
3334 623 3346 636 ·
3387 607 3509 678 μηδ’
3567 609 3777 682 ἀνθρω-

2175 693 2428 764 ποϐορεῖν
2458 693 2672 757 Σκύθας
2699 694 2785 748 διὰ
2816 695 2906 748 τὸν
2937 697 3028 748 καὶ
3080 697 3275 768 μέχρις
3319 699 3498 751 αὐτῶν
3548 702 3773 756 ἐλθόντα

2172 784 2264 837 τὸν
2301 785 2537 856 Χριστοῦ
2578 786 2756 853 λόγον,
2804 787 2935 857 μηδὲ
2976 788 3109 840 ἄλλα
3162 790 3293 861 γένη
3345 791 3641 863 βαρϐάρων
3679 797 3772 847 ἐκ-

2176 875 2394 945 θέσμως
2455 875 2758 946 θυγατράσι
2833 877 2925 929 καὶ
2971 877 3227 947 ἀδελφαῖς
3278 880 3588 948 μίγνυσθαι.
3634 882 3776 953 Μηδ’

2173 965 2411 1037 ἄρρενας
2452 965 2678 1037 ἄρρεσιν
2710 968 3114 1037 ἐπιμαίνεσθαι,
3149 970 3242 1022 καὶ
3280 971 3379 1034 τὰς
3423 973 3572 1042 παρά
3612 973 3772 1042 φύσιν

2171 1057 2367 1129 ἡδονάς
2396 1059 2637 1128 μετιέναι
2659 1076 2671 1089 ·
2709 1059 2841 1130 μηδὲ
2873 1063 2999 1114 κυσὶ
3030 1063 3124 1115 καὶ
3143 1064 3359 1126 οίωνοῖς
3385 1067 3512 1128 τοὺς
3536 1066 3769 1131 οἰκείους

2172 1150 2401 1220 νεκροὺς
2448 1150 2763 1220 προτιθέναι
2813 1154 2939 1216 τοὺς
2983 1152 3151 1206 πάλαι
3196 1154 3356 1208 τοῦτο
3405 1156 3766 1227 πράττοντας,

2176 1241 2297 1313 μηδ’
2326 1243 2532 1316 ἀγχόνῃ
2565 1245 2693 1308 τοὺς
2719 1247 3120 1316 γεγηρακότας,
3147 1247 3340 1320 ῶσπερ
3369 1244 3437 1319 ἦν
3480 1251 3766 1324 πρότερον,

2175 1336 2506 1390 ἐπιϐάλλειν·
2564 1337 2697 1409 μηδὲ
2727 1339 2934 1410 σάρκας
2963 1340 3172 1413 νεκρῶν
3200 1342 3307 1394 τῶν
3339 1342 3607 1411 φιλτάτων
3629 1345 3770 1399 κατά

2171 1429 2233 1481 τὸ
2274 1429 2498 1482 παλαιὸν
2546 1429 2667 1493 ἔθος
2709 1429 3022 1484 θοινᾶσθαι·
3059 1433 3181 1504 μηδ’
3214 1433 3654 1505 ἀνθρωποθυτεῖν
3690 1437 3768 1500 ὡς

2173 1519 2315 1584 θεοῖς
2343 1525 2455 1585 τοῖς
2479 1521 2698 1592 δαίμοσι
2724 1523 2865 1576 κατά
2894 1526 3022 1587 τοὺς
3054 1525 3335 1588 παλαιοὺς,
3371 1527 3506 1598 μηδὲ
3535 1528 3604 1580 τά
3646 1529 3766 1597 φίλ-

2170 1631 2310 1666 τατα
2353 1615 2754 1683 κατασφάττειν
2794 1616 3077 1680 εὐσεϐείας
3109 1618 3394 1688 ὑπολήψει.
3443 1619 3628 1672 Ταῦτα
3657 1619 3765 1690 γάρ

2170 1702 2238 1776 ἦν
2271 1707 2366 1760 καὶ
2397 1708 2633 1777 συγγενῆ
2661 1707 2872 1771 τούτοις
2903 1709 3075 1780 μυρία
3103 1709 3172 1762 τά
3205 1710 3375 1764 πάλαι
3404 1712 3493 1764 τὸν
3522 1712 3629 1765 τῶν
3664 1715 3761 1767 ἀν-

2097 1770 2139 1824 B
2169 1770 2403 1870 θ’ρὼπων
2440 1770 2552 1868 βίον
2590 1770 2997 1870 λυμαινόμενα..
3022 1801 3380 1872 ’ἱστοροῦνται
3407 1804 3761 1872 Μασσαγέται

2167 1891 2262 1942 καὶ
2291 1888 2554 1960 Δέρϐικες
2578 1890 2941 1956 ἀθλιωτάτους
2967 1893 3216 1963 ἡγεῖσθαι
3245 1893 3351 1946 τῶν
3383 1895 3602 1948 οἰκείων
3631 1898 3760 1958 τοὺς

2166 1981 2491 2052 αὐτομάτως
2528 1981 2972 2052 τελευτήσαντας.
3010 1985 3101 2037 Διὸ
3134 1985 3227 2038 καὶ
3261 1984 3565 2054 φθάσαντες
3628 2004 3760 2040 κατ-

2165 2072 2342 2136 έθυον,
2363 2074 2458 2126 καὶ
2488 2073 2767 2126 εἱστιῶντο
2793 2074 2901 2127 τῶν
2919 2074 3186 2144 φιλτάτων
3204 2077 3330 2139 τοὺς
3357 2079 3759 2148 παρακμάσαν-

2162 2182 2282 2229 τας.
2311 2165 2534 2236 Τιϐαροὶ
2563 2165 2634 2235 (9)
2660 2166 2715 2218 δὲ
2747 2165 2953 2229 ζῶντας
2984 2166 3421 2238 κατεκρήμνιζον
3443 2169 3570 2234 τοὺς
3598 2171 3756 2237 ἐγγυ·

2161 2259 2308 2312 τάτω
2330 2258 2611 2329 γέροντας.
2653 2259 2910 2330 Ὑρκανοὶ
2934 2259 2991 2312 δέ
3022 2261 3116 2312 καὶ
3145 2260 3405 2326 Κάσπιοι,
3436 2262 3487 2312 οἱ
3515 2262 3611 2331 μὲν
3639 2263 3758 2314 οἰω-

2161 2351 2274 2411 νοῖς
2321 2350 2413 2401 καὶ
2441 2349 2569 2402 κυσὶ⁵
2609 2349 2951 2420 παρέϐαλλον
2994 2349 3223 2413 ζῶντας,
3265 2351 3316 2403 οἱ
3346 2350 3402 2403 δὲ
3432 2350 3750 2414 τεθνεῶτας.

2162 2439 2367 2492 Σκύθαι
2408 2438 2463 2493 δὲ
2509 2440 2963 2512 συγκατώρυττον
3012 2440 3242 2505 ζῶντας,
3271 2444 3363 2495 καὶ
3411 2443 3752 2512 ἐπέσσαττον

2159 2534 2280 2594 ταῖς
2309 2535 2510 2602 πυραῖς
2549 2531 2641 2594 οὓς
2673 2533 2903 2600 ἠγάπων
2933 2535 2983 2586 οἱ
3025 2532 3324 2596 τεθνεῶτες
3355 2535 3611 2603 μάλιστα.
3644 2535 3755 2587 Καὶ

2162 2623 2419 2695 Βάκτριοι
2467 2623 2579 2692 (10)
2627 2623 2684 2676 δὲ
2715 2627 2825 2687 τοῖς
2860 2625 2987 2677 κυσὶ
3019 2624 3355 2696 παρέϐαλλον
3390 2623 3598 2689 ζῶντας
3624 2627 3753 2689 τοὺς

2158 2715 2441 2787 γέροντας.
2487 2715 2646 2770 Ἀλλά
2684 2715 2858 2768 ταῦτα
2891 2716 2988 2785 μὲν
3021 2715 3187 2768 πάλαι
3215 2711 3281 2786 ἧν
3319 2716 3602 2788 πρότερον,
3634 2719 3753 2771 νυνὶ

2157 2808 2214 2862 δὲ
2241 2807 2423 2862 οὐκέθ’
2453 2809 2653 2879 ὁμοίως
2708 2807 2877 2872 ἐστὶν,
2910 2808 3027 2872 ἐνὸς
3047 2807 3141 2860 τοῦ
3175 2809 3441 2879 σωτηρίου
3464 2810 3625 2880 νόμου
3649 2812 3747 2879 τῆς

2163 2899 2532 2970 εὑαγγελικῆς
2561 2897 2841 2969 δυνάμεως
2869 2898 2966 2968 τὴν
2995 2897 3234 2969 θηριώδη
3263 2900 3356 2952 καὶ
3383 2899 3750 2971 ἀπάνθρωπον

2156 2995 2362 3046 τούτων
2383 2991 2520 3044 ὅλων
2548 2990 2948 3053 καταλύσαντος
2977 2990 3147 3042 νόσον.
3181 2991 3254 3043 Τὸ
3281 2990 3339 3044 δὲ
3375 2992 3571 3061 μηκέτι
3593 2991 3752 3054 Θεοῖς

466 3088 752 3156 seniojam
777 3087 1068 3155 confectis,
1100 3098 1158 3144 ut
1179 3101 1358 3159 antea,
1392 3093 1619 3162 laqueos
1651 3095 1923 3164 iujiciunt,
1953 3112 2054 3153 nec

2160 3086 2414 3157 ⁴ἡγεῖσθαι
2463 3084 2582 3154 ἦτοι
2632 3082 2700 3135 τά
2745 3080 2914 3153 νεκρά
2944 3081 3038 3135 καὶ
3067 3080 3226 3151 κωφά
3255 3080 3437 3146 ξόανα,
3470 3083 3503 3153 ἢ
3533 3084 3660 3148 τοὺς
3694 3085 3752 3136 ἐν

464 3179 569 3233 sibi
604 3178 1069 3234 amicissimorum
1103 3195 1268 3237 carne
1298 3192 1423 3252 post
1452 3184 1661 3239 obitum
1693 3186 1919 3256 antiquo
1948 3188 2055 3243 ritu

465 3270 822 3340 saginantur:
857 3287 957 3326 nec
985 3272 1254 3342 majorum
1289 3275 1542 3330 instituto
1569 3276 1913 3333 daemonibus
1943 3289 2058 3334 tan-

463 3375 632 3430 quam
679 3361 784 3416 diis
818 3362 1068 3418 homines
1096 3363 1423 3434 immolant,
1462 3382 1566 3422 nec
1597 3368 1701 3423 sibi
1735 3369 2056 3424 carissimos

462 3452 718 3523 jugulant
756 3452 895 3510 falsa
925 3455 1146 3526 pietatis
1189 3457 1447 3526 Opinione
1475 3459 1673 3515 delusi.
1721 3459 1848 3516 Hinc
1891 3462 2056 3516 nimi-

465 3559 590 3598 rum
638 3545 728 3599 illa
758 3555 907 3610 sunt,
940 3546 1158 3618 aliaque
1201 3547 1254 3601 id
1281 3564 1454 3618 genus
1503 3552 1894 3621 propemodum
1927 3553 2053 3607 inli-

464 3637 604 3702 nita,
638 3639 841 3708 quibus
874 3639 1073 3694 infesta
1107 3639 1386 3710 quondam
1421 3641 1707 3697 hominum
1739 3644 1851 3700 vita
1881 3644 2052 3701 habe-

465 3729 648 3784 batur.
683 3730 762 3785 Ac
801 3729 1119 3802 Massagetae
1169 3732 1389 3801 quidem
1434 3741 1598 3803 atque
1646 3733 1904 3792 Derbices
1931 3778 1946 3802 ,
1994 3748 2056 3794 ut

465 3820 822 3876 historiarum
858 3822 962 3877 ﬁde
993 3823 1270 3893 proditum
1301 3834 1417 3891 est,
1453 3827 1888 3898 pr0pinquorum
1920 3845 2053 3886 suo-

465 3925 588 3965 rum
630 3912 790 3983 longe
821 3915 1162 3970 miserrimos
1190 3931 1288 3972 eos
1351 3918 1658 3988 putabant,
1692 3920 1787 3990 qui
1818 3925 2054 3979 naturali

463 3998 580 4055 fato
625 4016 941 4072 supremum
992 4005 1116 4058 vitae
1163 4007 1305 4060 diem
1359 4007 1627 4064 obiissent
1655 4047 1670 4072 ,
1717 4010 1876 4080 cujus
1927 4023 2055 4069 ante

464 4101 753 4163 propterea
782 4095 1164 4150 necessitatem
1195 4111 1548 4166 occupantes,
1587 4116 1726 4170 quos
1757 4103 2053 4158 vehemen-

463 4184 574 4239 tius
604 4185 929 4254 diligerent,
963 4203 1058 4242 eos
1089 4197 1248 4244 aelate
1291 4189 1406 4259 jam
1451 4189 1664 4247 emotos
1706 4208 1814 4248 non
1850 4195 2052 4250 immo-

461 4275 648 4332 labant
680 4281 876 4343 ntodo,
916 4281 1008 4334 sed
1038 4281 1105 4336 iis
1136 4283 1299 4336 etiam
1329 4285 1486 4353 quasi
1525 4285 1848 4343 lautissimis
1876 4289 2053 4358 epulis

462 4370 776 4423 utebantur.
824 4371 896 4424 At
921 4387 1052 4426 vero
1080 4371 1338 4429 Tibareni
1365 4413 1382 4439 ,
1409 4391 1568 4431 senes
1595 4378 1832 4432 maxima
1863 4393 2048 4434 secum

2162 3175 2371 3240 τούτοις
2412 3174 2771 3247 ἐνεργοῦντας
2815 3177 3086 3246 πονηροὺς
3131 3175 3412 3246 δαίμονας,
3443 3175 3477 3247 ἢ
3507 3177 3574 3229 τά
3607 3179 3748 3249 μέρη

2157 3270 2253 3324 τοῦ
2282 3256 2607 3341 φαινομένου
2636 3268 2864 3340 κόσμου,
2899 3269 2931 3340 ἦ
2962 3269 3062 3331 τὰς
3089 3269 3197 3322 τῶν
3225 3269 3393 3322 πάλαι
3431 3269 3754 3340 κατοιχομέ-

2160 3361 2272 3415 νῶν
2309 3360 2519 3434 θνητῶν
2545 3360 2744 3431 ψυχὰς,
2780 3361 2814 3431 ἢ
2852 3360 2962 3412 τῶν
3009 3360 3220 3428 ἀλόγων
3249 3360 3403 3424 ζώων
3431 3360 3501 3414 τά
3532 3361 3754 3430 βλαπτι-

2158 3453 2406 3527 κώτερα·
2441 3455 2563 3508 ἀντὶ
2610 3454 2667 3506 δὲ
2707 3453 2913 3506 τούτων
2959 3453 3216 3507 ἀπάντων
3254 3453 3342 3506 διά
3371 3455 3499 3524 μιᾶς
3527 3453 3628 3523 τῆς
3655 3454 3750 3507 τοῦ

2158 3548 2412 3619 Σωτῆρος
2453 3545 2611 3618 ἡμῶν
2656 3546 3018 3618 εὑαγγελικῆς
3060 3545 3429 3610 διδασκαλίας,
3482 3545 3750 3618 ’Έλληνας

2153 3638 2291 3711 ὁμοῦ
2317 3639 2408 3692 καὶ
2435 3638 2764 3709 βαρϐάρους,
2791 3638 2920 3701 τοὺς
2948 3638 3212 3710 γνησίως,
3247 3639 3360 3692 ἀλλ’
3392 3639 3491 3691 οὑκ
3516 3639 3753 3694 ἐπιπλά-

2159 3748 2301 3794 στως
2348 3729 2517 3784 αὑτοῦ
2563 3729 2642 3800 τῷ
2677 3730 2822 3801 λόγῳ
2874 3729 3327 3801 προσανέχοντας,
3377 3731 3458 3794 εἰς
3497 3730 3750 3784 τοσοῦτον

2156 3824 2334 3895 ἄκρας
2357 3822 2674 3892 φιλοσοφίας
2695 3821 2890 3884 ἐλθεῖν,
2913 3821 2989 3886 ὡς
3019 3822 3178 3893 μόνον
3197 3823 3288 3876 τὸν
3310 3824 3570 3878 ἀνωτάτω
3591 3823 3746 3883 Θεὸν.

2155 3914 2316 3968 αὑτὸν
2359 3916 2566 3967 ἐκεῖνον
2594 3913 2686 3966 τὸν
2725 3913 2981 3966 ἐπέκεινα
3009 3912 3116 3964 τῶν
3144 3912 3300 3979 ὅλων,
3335 3914 3425 3967 τὸν
3469 3915 3750 3985 παμϐασι-

2155 4008 2255 4061 λέα
2287 4008 2378 4062 καὶ
2400 4007 2589 4078 κύριον
2618 4005 2849 4077 οὐρανοῦ
2878 4007 2972 4059 καὶ
2997 4005 3123 4076 γῆς,
3141 4006 3294 4077 ἡλίου
3315 4024 3373 4060 τε
3392 4009 3484 4061 καὶ
3507 4009 3746 4081 ἄστρων,

2155 4099 2380 4153 καὶτοῦ
2427 4099 2744 4169 σύμπαντος
2789 4098 2996 4169 κόσμου
3041 4098 3372 4170 δημιουργὸν
3417 4100 3616 4165 σέϐειν,
3655 4101 3749 4154 καὶ

2156 4193 2367 4264 ὑμνεῖν,
2413 4193 2508 4245 καὶ
2557 4190 2852 4258 θεολογεῖν·
2883 4189 3030 4260 βιοῦν
3049 4208 3108 4244 τε
3153 4191 3398 4262 ἀκριϐῶς
3431 4191 3572 4246 οὕτω
3609 4210 3747 4262 μαν-

2156 4283 2360 4347 θάνειν,
2401 4283 2477 4346 ὡς
2516 4283 2679 4354 μέχρι
2719 4283 2813 4336 καὶ
2848 4282 2943 4335 τοῦ
2973 4282 3267 4354 ἐμϐλέπειν
3309 4287 3421 4346 τοῖς
3451 4283 3749 4355 ὀφθαλμοῖς

2157 4376 2645 4445 παιδαγωγεῖσθαι,
2695 4377 2787 4429 καὶ
2832 4375 2996 4447 μηδὲν
3044 4375 3340 4429 ἀκόλαστον
3381 4378 3446 4429 ἐκ
3485 4376 3580 4430 τοῦ
3628 4377 3747 4449 μετ’

460 4458 723 4515 aﬂinitate
747 4462 1070 4530 conjunctos
1091 4465 1396 4535 praecipites
1421 4483 1612 4536 agere:
1640 4466 1878 4538 Hyrcani
1901 4472 2054 4526 vivos

2160 4469 2454 4540 ἐπιθυμίας
2490 4471 2644 4540 όρᾷν,
2675 4471 2874 4522 ἐννοεῖν
2894 4501 2908 4523 ,
2947 4467 3242 4540 πρόρριζον
3267 4469 3312 4522 δ’
3341 4468 3402 4534 ἐξ
3433 4470 3604 4541 αὐτῆς
3629 4469 3747 4524 δια-

461 4549 683 4606 eosdem
715 4567 780 4606 ac
807 4554 1098 4622 spirantes,
1127 4556 1311 4625 Caspii
1341 4556 1456 4625 jam
1487 4569 1661 4613 morte
1689 4558 1908 4615 functos
1936 4561 2054 4615 avi-

462 4640 568 4696 bus
588 4643 927 4713 canibusque
950 4661 1071 4714 qua:
1087 4649 1284 4700 mortui
1311 4663 1658 4719 summopere
1680 4651 2050 4720 adamassent,

463 4729 712 4801 ipsorum
754 4734 856 4802 12
903 4736 971 4790 ad
1020 4751 1182 4805 rogos
1227 4737 1521 4808 jugulare,
1562 4735 1764 4794 Bactrii
1819 4741 2054 4812 denique

467 4824 715 4881 seniores
749 4828 930 4882 adhuc
975 4829 1297 4897 superstites
1344 4830 1576 4886 canibus
1611 4831 1798 4886 itidem
1839 4832 2054 4888 lanian-

463 4918 566 4974 dos
600 4919 865 4990 projicere
904 4932 1324 4977 consueverant.
1363 4922 1487 4978 Haec
1513 4964 1530 4990 ,
1564 4923 1787 4994 inquam
1816 4964 1832 4991 ,
1867 4928 2052 4983 omnia

467 5015 851 5082 superioribus
901 5015 1008 5070 illis
1054 5017 1393 5085 temporibus
1443 5017 1874 5087 grassabantur,
1906 5035 2054 5075 nunc

468 5116 646 5162 autem
679 5107 795 5160 ﬁeri
827 5107 1054 5162 omnino
1086 5107 1322 5173 desiere,
1357 5108 1584 5162 immani
1611 5124 1675 5163 ac
1701 5109 1938 5164 helluina
1973 5121 2053 5166 tot

467 5197 736 5252 malorum
789 5210 941 5268 peste
1005 5199 1264 5255 salutaris
1322 5199 1486 5255 unius
1541 5201 1868 5270 evangelicae
1914 5203 2050 5274 legis

467 5288 673 5344 viribus
705 5291 1007 5360 proﬂigata.
1044 5290 1165 5346 Jam
1209 5307 1342 5347 vero
1365 5334 1378 5356 ,
1408 5293 1553 5362 quod
1589 5308 1766 5363 neque
1808 5298 2049 5366 expertia

464 5385 589 5438 vitae
635 5386 910 5454 surdaque
962 5383 1290 5449 simulacra,
1343 5401 1520 5454 neque
1551 5388 1902 5442 conscelerati
1938 5389 2048 5444 da:-

464 5491 658 5532 mones
688 5493 915 5533 suarum
947 5479 1002 5532 in
1049 5479 1117 5533 iis
1152 5479 1550 5548 priestigiarum
1585 5481 1695 5534 vim
1720 5465 2044 5551 exerentes,

464 5583 643 5640 neque
669 5580 852 5640 partes
887 5571 1077 5626 mundi
1119 5572 1284 5642 hujus
1314 5571 1663 5641 aspectabilis
1684 5612 1700 5639 ,
1743 5589 1919 5647 neque
1950 5576 2050 5631 ho-

539 5706 614 5778 (9)
659 5710 904 5787 Τιϐαρρί.
948 5709 1266 5787 Existimavi
1298 5712 1413 5787 leg.
1434 5709 1752 5787 Τιϐαρηνοί,
1784 5732 1947 5787 quam
1979 5717 2047 5774 le-

465 5780 705 5837 ctionem
734 5781 788 5838 in
823 5781 990 5840 Mont.
1015 5792 1204 5854 postea
1237 5780 1583 5854 deprehendi.

2163 4562 2312 4625 νοίας
2337 4563 2445 4614 πᾶν
2471 4561 2695 4632 αἰσχρὸν
2719 4560 3118 4632 ὑποτέμνεσθαι
3148 4561 3319 4625 πάθος
3335 4579 3347 4592 ·
3373 4561 3546 4616 ταῦτα
3569 4563 3751 4618 πάντα

2157 4656 2278 4720 πῶς
2318 4657 2418 4709 οὑκ
2455 4655 2521 4710 ἂν
2569 4657 2682 4717 τοῖς
2727 4656 2861 4707 πᾶσι
2909 4653 3270 4723 συμϐάλλοιτο
3306 4654 3442 4726 πρὸς
3477 4653 3742 4719 εὑζωῖαυς

2157 4750 2254 4802 καὶ
2280 4748 2341 4801 τὸ
2375 4747 2540 4819 μηδὲν
2569 4746 2825 4817 εὐορκίας
2850 4745 3078 4808 δεῖσθαι,
3111 4744 3306 4798 πολλοῦ
3354 4762 3418 4814 γε
3453 4745 3534 4798 δεῖ
3560 4748 3741 4818 ἐπιορο

2156 4845 2274 4895 κεῖν
2299 4883 2314 4907 ,
2361 4839 2452 4892 διὰ
2494 4839 2556 4891 τὸ
2598 4838 2736 4908 πρὸς
2779 4834 2944 4890 αὑτοῦ
2997 4835 3287 4906 μανθάνειν
3339 4835 3473 4906 μηδὲ
3517 4835 3743 4907 ὀμνύναι

2155 4933 2312 4996 ὅλως,
2345 4935 2402 4985 ἐν
2432 4933 2566 4985 πᾶσι
2595 4929 2653 4982 δὲ
2684 4929 2936 4998 ἀψευδεῖν
2977 4929 3072 4981 καὶ
3113 4927 3418 4997 ἀληθεύειν,
3453 4928 3528 4991 ὡς
3558 4929 3745 5000 ἀρκεῖ-

2157 5026 2280 5079 σθαι
2309 5025 2386 5096 τῷ
2415 5024 2536 5087 ναὶ,
2571 5024 2666 5077 καὶ
2694 5021 2773 5093 τῷ
2798 5024 2890 5085 οὺ,
2920 5023 3123 5084 παντὸς
3149 5022 3315 5092 ὅρκου
3355 5021 3454 5092 τὴν
3485 5025 3746 5094 προαίρε-

2156 5135 2239 5172 σιν
2286 5118 2635 5191 βεϐαιοτέραν
2685 5115 3240 5188 παρασκευάζονταςς
3288 5114 3362 5167 Τὸ
3409 5114 3467 5168 δὲ
3518 5116 3639 5186 μηδ’
3686 5118 3746 5172 ἑν

2152 5211 2326 5281 ψιλοῖς
2373 5210 2662 5281 ῥηματίοις
2707 5210 2802 5262 καὶ
2844 5211 2964 5271 ταῖς
3009 5210 3217 5271 κοιναῖς
3254 5206 3490 5277 ὁμιλίαις
3521 5209 3740 5278 ἀδιαφο-

2157 5305 2294 5374 ρεῖν,
2340 5300 2815 5375 ἀκριϐολογεῖσθαι
2847 5301 2904 5353 δὲ
2934 5301 3028 5353 καὶ
3058 5301 3222 5372 μέχρι
3248 5301 3471 5366 τούτων,
3497 5304 3571 5368 ὡς
3605 5306 3678 5376 μή
3693 5322 3742 5355 :at

2151 5395 2370 5465 ψεῦδος,
2406 5396 2541 5466 μήτε
2573 5393 2862 5465 λοιδορίαν,
2905 5394 3041 5464 μήτε
3082 5411 3134 5446 τι
3169 5395 3392 5466 αἰσχρὸν
3440 5398 3534 5450 καὶ
3574 5397 3743 5468 ἄσχη-

2154 5503 2256 5559 μον
2293 5487 2578 5559 προῗεσθαι
2607 5489 2671 5558 τῇ
2707 5488 2880 5557 φωνῇ,
2909 5484 2998 5538 διά
3039 5486 3139 5557 τὴν
3167 5487 3331 5540 αὑτοῦ
3364 5488 3527 5542 πάλιν
3558 5505 3736 5560 παρα-

2151 5577 2422 5642 κέλευσιν,
2461 5576 2526 5629 δι’
2555 5573 2623 5648 ἧς
2651 5575 2842 5645 ἔφησε,
2895 5594 2914 5628 ι
2953 5575 3089 5647 Περὶ
3124 5577 3325 5640 παντὸς
3350 5575 3522 5649 ἀργοῦ
3559 5579 3738 5648 ῥήμα-

2225 5713 2338 5784 (lO)
2377 5712 2668 5787 Βάκτριοι.
2714 5712 3018 5781 Legebalur
3064 5714 3329 5787 Βάκριοι,
3382 5717 3474 5772 sed
3525 5716 3737 5787 praetuli

2152 5787 2378 5852 alterius
2409 5801 2511 5842 ms.
2541 5786 2850 5842 lectionem.
