4154 6412
534 410 608 466 £3
1173 406 1443 466 EUSEBII
1472 405 1954 463 CzESARlENSlS
1991 405 2118 462 OPP

2219 406 2368 464 'ARS
2407 406 2471 464 11.
2504 440 2576 453 -
2612 408 3117 470 ΑΡοιοιῑΕτιοΑ.
3751 423 3823 479 44

534 540 753 579 versum
816 539 922 579 non
960 521 1279 579 Graecorum
1315 523 1624 587 modo,.sed
1654 522 2123 580 ferocissimorum
2161 524 2326 580 etiam
2358 526 2744 597 barbarorum,
2777 538 2834 585 et
2874 545 3066 587 eorum
3093 533 3188 604 qui
3250 534 3304 589 in
3363 541 3625 596 extremis
3661 548 3823 596 terra:

532 616 736 671 ﬁnibus
763 614 1052 686 degebant,
1089 629 1121 669 a
1164 614 1379 669 vecordi
1414 611 1705 683 feriuoque
1746 613 1857 668 ritu
1936 612 2251 679 abduxerit,
2314 625 2482 685 atque
2539 617 2608 671 ad
2673 619 2975 675 sententias
3029 621 3371 694 philosophis
3420 627 3578 695 plane
3617 629 3818 701 dignas

534 705 1240 779 tr_aduxerit?Cujusmodi
1283 714 1516 760 sunteas
1561 720 1702 776 quas
1741 704 1809 760 de
1838 704 2007 759 animi
2041 705 2451 762 immortalitate
2520 708 2744 778 vitaque
2793 709 2907 778 illa,
2996 729 3121 783 qua
3175 727 3469 787 postquam
3513 721 3812 791 migratum

531 806 663 862 hinc
692 803 858 859 fuerit
889 803 1002 859 Deo
1034 804 1232 859 charos
1267 802 1518 857 homines
1558 800 1701 872 apud
1754 801 1933 871 ipsum
2000 800 2159 871 quasi
2234 802 2514 858 recondita
2562 813 2768 870 manet,
2820 805 3386 882 imbiberunt:cujus
3436 831 3624 873 amore
3675 822 3821 893 capti

533 905 745 951 tantum
785 897 839 951 in
879 896 1060 952 brevis
1128 894 1295 965 hujus
1364 894 1638 965 ﬂuxaaque
1692 895 1821 949 vita:
1878 902 2193 964 contemptu
2270 897 2646 954 meditationis
2700 915 2763 955 ac
2819 901 2984 956 studii
3029 918 3301 973 posuere,
3357 917 3417 963 ut
3442 925 3569 966 vere
3619 928 3823 984 pueros

533 997 806 1060 quotquot
827 990 956 1044 olim
980 988 1275 1044 maximam
1314 1002 1382 1044 ex
1446 988 1795 1059 philosophia
1856 988 2072 1043 laudem
2099 988 2203 1043 sibi
2243 987 2556 1060 famamque
2614 1003 2957 1063 pepererant,
3004 997 3262 1067 illamque
3310 1000 3577 1070 jactatam
3627 1008 3819 1075 perdiu

533 1092 766 1137 mortem
790 1097 853 1137 ac
872 1081 1319 1151 philosophorum
1343 1082 1590 1136 omnium
1621 1096 1716 1137 ore
1744 1081 2112 1147 decantatam,
2153 1082 2290 1135 nihil
2345 1083 2453 1138 nisi
2518 1087 2782 1153 puerilem
2813 1089 3107 1158 quamdam
3144 1090 3409 1148 lusionem
3443 1094 3612 1152 fuisse
3634 1110 3822 1156 osten-

532 1172 904 1237 derint;cum
953 1171 1086 1241 ipsa
1134 1186 1355 1242 quoque
1397 1170 1541 1242 apud
1603 1186 1705 1227 nos
1771 1172 1967 1242 puellae
2025 1171 2307 1241 tenerique
2342 1174 2622 1243 pusiones,
2681 1178 2929 1249 adeoque
2974 1179 3192 1237 barbari
3231 1183 3504 1253 homines,
3540 1188 3817 1261 iidemque

533 1267 579 1323 si
601 1267 774 1323 oculis
803 1264 1233 1332 aestimarentur,
1268 1266 1407 1321 viles
1437 1274 1493 1320 et
1532 1266 1754 1336 abjecti,
1813 1265 2123 1321 Scrvatoris
2161 1266 2335 1321 nostri
2360 1266 2570 1324 viribus
2603 1271 2922 1341 auxilioque
2973 1271 3119 1334 freti.
3153 1275 3316 1345 hujus
3376 1278 3443 1332 de
3501 1282 3815 1338 animorum

532 1357 947 1413 immortalitate
987 1357 1251 1414 doctrina:
1307 1359 1596 1414 veritatem
1665 1374 1724 1413 re
1769 1358 1887 1428 ipsa
1929 1357 2113 1428 potius
2152 1373 2318 1427 quam
2358 1359 2607 1415 oratione
2670 1363 3114 1432 comprobarint?
3164 1365 3488 1438 Cujusmodi
3561 1374 3820 1431 etiamil-

529 1451 622 1509 lud
672 1459 777 1517 est,
822 1452 971 1522 quod
1013 1452 1255 1508 universi
1307 1453 1510 1523 passim
1562 1452 1836 1518 homines,
1868 1453 1961 1506 ubi
2013 1451 2104 1505 ubi
2142 1451 2383 1522 gentium
2450 1452 2555 1522 ipsi
2602 1453 2823 1526 degant,
2852 1473 2918 1513 ex
2986 1459 3232 1529 ejusdem
3292 1462 3600 1523 Servatoris
3639 1470 3818 1524 nostri

526 1546 833 1616 disciplina:
891 1548 1179 1617 praeceptis
1219 1562 1416 1602 sanum
1464 1554 1519 1601 et
1589 1553 1930 1601 constantem
1988 1545 2186 1600 divinae
2213 1547 2566 1614 providentiae
2595 1547 2738 1603 hanc
2772 1564 2958 1605 rerum
3008 1554 3419 1611 universitatem
3462 1560 3811 1617 moderantis

527 1658 753 1701 sensum
814 1642 1093 1710 hauriant,
1145 1643 1249 1715 14
1278 1643 1535 1714 quodque
1577 1656 1739 1696 nemo
1780 1657 1887 1696 non
1921 1657 2007 1705 ea,
2042 1642 2259 1711 quaejde
2296 1643 2556 1697 tribunali
2591 1644 2912 1715 judicioque
2958 1648 3149 1703 divino
3184 1652 3572 1722 praedicantur,
3633 1666 3816 1711 mento

524 1740 830 1812 percipiat,
872 1751 1048 1808 eoque
1097 1735 1758 1807 plurimuminstituendae
1806 1736 1932 1790 vita:
1957 1734 2233 1790 cautionis
2281 1736 2557 1806 adhibeat,
2587 1746 2645 1794 et
2687 1739 2758 1794 ab
2789 1741 2940 1795 omni
2976 1744 3198 1800 sceleris
3225 1745 3698 1820 improbitatisque
3726 1765 3820 1822 ge-

527 1848 659 1888 nere
689 1829 953 1901 singulari
985 1828 1167 1885 studio
1201 1844 1266 1884 ac
1287 1828 1601 1898 provisione
1623 1828 1897 1884 declinet?

1120 1940 1127 1945 '
1154 1922 1385 1979 CAPUT
1419 1922 1481 1980 V.

530 2036 655 2092 Non
683 2038 797 2091 sine
835 2035 1085 2107 prudenti
1130 2046 1442 2105 matureque
1476 2035 1687 2107 judicio
1731 2052 1827 2091 nos
1862 2052 1896 2089 a
1937 2051 2121 2104 super-

603 2110 813 2164 stitioso
849 2107 1116 2176 majorum
1163 2118 1470 2161 nostrorum
1506 2123 1685 2162 errore
1725 2108 2049 2161 discessisse.

596 2200 671 2253 At
701 2212 830 2253 vero
887 2195 1146 2267 praecipui
1190 2196 1529 2267 maximique
1577 2193 1849 2261 beneﬁcii,
1886 2196 2034 2266 quod
2088 2210 2120 2250 a

526 2286 749 2344 salutari
771 2286 1159 2357 przedicatione
1188 2285 1497 2357 profectum
1528 2297 1633 2352 est,
1653 2288 1728 2341 ita
1765 2285 1923 2341 facile
1969 2300 2123 2341 sum-

528 2395 677 2436 mam
720 2379 1016 2449 intelligas,
1080 2378 1127 2434 si
1174 2378 1619 2448 superstitiosum
1672 2378 1826 2432 illum
1876 2392 2119 2433 errorem

528 2471 734 2528 veteris
771 2470 1094 2526 idololatria:
1145 2476 1327 2525 tecum
1373 2468 1487 2539 ipse
1520 2477 1763 2539 reputes,
1794 2483 1903 2539 qua
1948 2484 2121 2539 genus

526 2562 833 2619 humanum
861 2561 1198 2620 .universum
1252 2568 1479 2632 prapter
1529 2561 1641 2614 vim
1679 2575 1745 2616 ac
1800 2560 2118 2615 violentiam

526 2655 841 2709 daemonum
904 2663 1064 2709 antea
1115 2653 1576 2724 pessumdabatur
1613 2671 1627 2707 :
1671 2668 1738 2708 ex
1768 2668 1879 2723 qua
1933 2663 2118 2707 tamen

525 2747 622 2803 illa
646 2748 725 2804 sic
743 2754 1006 2816 tanquam
1034 2760 1103 2801 ex
1127 2745 1403 2801 teterrima
1439 2745 1672 2816 caligine
1697 2744 1921 2801 Grabcos
1953 2744 2117 2799 simul

524 2855 591 2896 ac
624 2840 893 2896 barbaros
920 2838 1108 2894 divino
1148 2838 1373 2893 numine
1403 2837 1687 2903 liberatos,
1723 2836 1792 2891 ad
1817 2837 2117 2907 spiritalem

523 2932 885 3003 eamdemque
945 2930 1311 2987 clarissimam
1340 2944 1484 2985 vera:
1529 2944 1657 3001 erga
1688 2928 1860 2984 Deum
1908 2943 2121 3000 praepo-

525 3034 726 3081 tentem
760 3040 942 3080 rerum
970 3023 1218 3080 omnium
1263 3021 1465 3095 Regem
1492 3023 1707 3094 pietatis
1730 3022 1908 3078 lucem
1941 3022 2116 3076 vindi-

524 3114 688 3169 cavit.
722 3113 829 3170 Sed
844 3114 1013 3182 enim,
1048 3113 1180 3185 quid
1224 3115 1418 3169 attinet
1458 3115 1564 3170 hoc
1611 3114 1733 3171 loco
1770 3113 2023 3184 pluribus
2051 3113 2106 3168 id

524 3208 738 3275 conari,
762 3217 823 3263 ut
848 3207 1396 3265 noninconsideratte
1439 3207 1659 3264 cuidam
1709 3222 1775 3263 ac
1804 3207 2115 3263 temeraria:

529 3298 680 3365 ﬁdei,
726 3274 827 3354 sed
871 3298 1092 3354 consilii
1144 3299 1508 3369 utilitatisque
1547 3298 1724 3369 plenis
1785 3298 2112 3363 rationibus,
2145 3274 2189 3329 Β

525 3403 760 3459 quaeque
785 3403 924 3445 verae
945 3389 1163 3460 pietatis
1191 3388 1426 3445 formam
1454 3398 1505 3445 et
1533 3389 1844 3444 institutum
1875 3389 2117 3459 comple-

529 3491 771 3548 ctantur,
811 3497 912 3538 nos
937 3482 1089 3554 ipsos
1109 3481 1387 3538 addixisse
1418 3481 1819 3537 ostendamus?
1848 3479 2114 3552 Equidem

528 3591 655 3630 cum
680 3575 938 3630 universo
972 3575 1078 3630 hoc
1117 3588 1283 3644 opere
1335 3574 1387 3629 id
1421 3581 1616 3645 agatur
1642 3588 1835 3638 unum,
1868 3574 1964 3644 qui
2003 3574 2114 3628 vim

527 3682 595 3722 ac
621 3676 896 3722 momenta
950 3666 1226 3721 rationum
1282 3679 1479 3735 capere
1518 3673 1574 3719 et
1609 3664 1832 3734 assequi
1860 3674 2115 3734 possunt,

526 3773 626 3815 eos
655 3767 716 3813 ut
766 3758 822 3813 in
872 3756 1263 3830 pervidendam
1320 3765 1772 3827 argumentorum
1820 3758 2113 3812 sanitatem

528 3849 871 3916 incumbant,
904 3860 966 3905 ut
990 3862 1129 3920 quas
1149 3848 1425 3919 accipiunt
1446 3847 1764 3918 dogmatum
1799 3857 2115 3903 nostrorum

528 3942 1030 3999 demonstrationes
1055 3942 1320 3997 attentius
1375 3955 1441 3996 ac
1480 3941 1741 3997 subtilius
1767 3941 2114 4007 examinent,

533 4034 613 4089 uti
643 4036 881 4105 denique
911 4035 979 4091 ad
1031 4033 1461 4105 suscipiendam,
1502 4032 1818 4104 quicunque
1845 4033 2116 4089 rationem

527 4143 596 4183 ex
633 4127 793 4183 nobis
822 4135 1034 4198 quaerat
1059 4165 1075 4191 ,
1110 4126 1279 4189 illius,
1307 4140 1430 4196 quae
1462 4125 1727 4196 religione
1752 4134 1942 4181 nostra
1982 4140 2119 4180 con-

528 4219 756 4287 tinetur,
806 4218 923 4289 spei
956 4217 1358 4285 delensionem,
1409 4224 1691 4286 promptos
1716 4230 1839 4271 sese
1864 4230 1931 4271 ac
1954 4230 2119 4285 para-

527 4320 616 4367 tos
641 4311 958 4375 exhibeant,
975 4310 1140 4366 etiam
1164 4319 1331 4381 atque
1357 4310 1523 4366 etiam
1556 4308 1937 4363 adhortamur.
1956 4305 2118 4362 Nunc

526 4418 684 4470 vero,
716 4403 976 4473 quoniam
1008 4403 1257 4458 omnium
1309 4416 1373 4457 ea
1406 4401 1640 4457 facultas
1661 4410 1715 4457 et
1743 4400 1965 4457 solertia
2005 4415 2117 4456 non

529 4507 645 4563 est,
697 4511 823 4551 cum
868 4496 1141 4565 ejusmodi
1189 4495 1263 4550 sit
1308 4503 1531 4565 tamque
1578 4508 1771 4549 amans
1830 4493 2116 4549 hominum

2757 1921 3156 1977 ΚΕΦᾹΛΑῙΟΝ
3200 1925 3277 1980 Ε’.

2225 2034 2345 2088 Ὅτι
2386 2031 2474 2110 gi)
2531 2032 2680 2110 tiret:
2715 2033 3035 2110 σώφρονος
3074 2038 3370 2107 λογισμοῦ
3406 2037 3523 2110 ,τῆς
3564 2040 3821 2110 πατρίου

2403 2103 2855 2173 δεισιδαίμονος
2884 2106 3126 2175 πλάνης
3147 2103 3608 2178 ἀνεκωρήσαμεν
3622 2150 3637 2164 .

2292 2216 2605 2287 Κεφάλαιον
2640 2218 2697 2271 δὲ
2732 2219 2831 2288 τῆς
2874 2218 3098 2290 πρώτης
3128 2219 3224 2274 καὶ
3274 2221 3541 2292 μεγίστης
3575 2218 3811 2292 εὐεργι-

2224 2309 2345 2374 σίας
2376 2309 2470 2363 τοῦ
2523 2311 2792 2382 σωτηρίου
2844 2310 3004 2380 λόγου
3028 2313 3217 2384 γνοίης
3243 2311 3329 2375 ἄν,
3361 2314 3410 2365 εἰ
3436 2315 3493 2366 ἐν
3522 2314 3597 2384 νῷ
3629 2315 3816 2381 λάϐοις

2221 2401 2321 2473 τὴν
2335 2400 2707 2472 δεισιδαίμονα
2723 2400 2931 2473 πλάνην
2955 2401 3055 2472 τῆς
3084 2404 3322 2467 παλαιᾶς
3350 2402 3812 2477 εἰδωλολατρείας,

2221 2488 2256 2568 ᾗ
2314 2492 2376 2546 τὸ
2418 2492 2640 2564 σύμπαν
2688 2493 2993 2566 ἀνθρώπων
3044 2497 3201 2565 γένος
3233 2497 3500 2569 δαιμόνων
3545 2501 3813 2569 ἀνάγκαις

2223 2579 2390 2633 πάλαι
2416 2581 2681 2653 πρότερον
2706 2582 3089 2655 κατετρύχετο.
3110 2580 3218 2650 Ἦς
3238 2586 3428 2659 ῶσπερ
3460 2590 3566 2642 ἀπὸ
3592 2591 3810 2655 σκοτίας

2222 2667 2609 2743 ζοφερωτάτης
2636 2672 2905 2744 Ἕλληνας
2942 2675 3079 2746 ὁμοῦ
3107 2677 3199 2730 καὶ
3242 2677 3551 2750 βαρϐάρους
3581 2682 3811 2753 δυνάμει

2221 2760 2342 2833 θείᾳ
2387 2764 2892 2836 μεταστησάμενος,
2929 2767 3023 2820 ἐπὶ
3067 2768 3259 2840 νοεράν
3281 2772 3376 2825 καὶ
3410 2775 3813 2846 φωτεινοτάτην

2218 2851 2436 2922 ἡμέραν
2482 2852 2584 2924 τῆς
2638 2855 2874 2926 ἀληθοῦς
2928 2858 3213 2924 εὐσεϐείας
3261 2861 3356 2914 τοῦ
3418 2864 3813 2933 παμϐασιλέως

2220 2945 2357 2999 Θεοῦ
2380 2948 2508 3010 τοὺς
2538 2947 2748 3012 πάντας
2776 2952 3139 3021 μετηγάγετο.
3176 2954 3287 3007 Καὶ
3308 2955 3360 3006 τί
3387 2956 3490 3026 χρὴ
3524 2958 3808 3028 μηκύνειν,

2219 3037 2605 3092 ἀποδεικνύναι
2651 3040 3024 3111 πειρωμένους
3062 3044 3143 3097 ὅτι
3168 3043 3242 3115 μὴ
3267 3044 3446 3115 ἀλόγῳ
3472 3047 3653 3107 πίστει
3683 3050 3810 3105 ἐαυσ

2220 3128 2349 3193 τοὺς
2376 3128 2756 3201 ἀνεθήκαμεν,
2793 3129 3033 3204 σώφροσι
3070 3133 3126 3187 δὲ
3164 3134 3259 3187 καὶ
3297 3134 3597 3207 ὠφελίμοις
3631 3138 3814 3208 λόγοις

2219 3219 2311 3274 τὸν
2342 3220 2443 3291 τῆς
2476 3220 2713 3292 ἀληθοῦς
2759 3223 3042 3289 εὐσεϐείας
3087 3226 3289 3298 τρόπον
3322 3231 3666 3300 περιέχουσις
3711 3233 3811 3305 τῆς

2223 3313 2505 3386 παρούσης
2543 3314 2851 3379 ὑποθέσεως
2871 3317 3003 3370 αὐτὸ
3032 3317 3097 3389 δὴ
3111 3318 3269 3373 τοῦτο
3285 3320 3513 3375 καθόλου
3550 3341 3810 3395 πραγμα-

2218 3406 2557 3477 τευομένης,
2617 3409 2742 3471 τοὺς
2795 3408 2894 3479 μὲν
2948 3408 3271 3481 ἐπιτηδείως
3314 3411 3532 3482 ῑχοντας
3583 3416 3815 3473 ἔπεσθαι

2219 3494 2395 3566 λόγων
2446 3499 2778 3567 ἀποδείξεσι,
2823 3501 3204 3574 προτρέπομεν
3253 3506 3347 3558 καὶ
3385 3508 3814 3580 παρακαλοῦμεν

2219 3588 2394 3661 λόγων
2421 3593 2738 3664 φρονήσεως
2762 3594 3153 3665 ἐπιμέλεσθαι,
3185 3599 3279 3652 καὶ
3312 3599 3671 3672 λογικώτερον
3694 3618 3813 3658 ’.ων

2217 3680 2505 3752 δογμάτων
2528 3682 2629 3747 τὰς
2651 3685 2956 3752 ἀποδείξεις
2971 3687 3444 3759 παραλαμϐάνειν,
3477 3693 3728 3763 ἑτοίμους
3749 3710 3812 3748 τε

2218 3772 2361 3829 εἶναι
2412 3774 2549 3847 πρὸς
2588 3775 2886 3844 ἀπολογίαν
2944 3780 3106 3831 παντὶ
3152 3779 3231 3850 τῷ
3272 3784 3616 3853 ἐπερωτῶντι
3665 3786 3813 3856 ἡμᾶς

2217 3863 2311 3919 τὸν
2340 3865 2500 3936 λόγον
2524 3865 2627 3938 τῆς
2659 3868 2783 3922 καθ’
2808 3871 2956 3940 ἡμᾶς
2990 3869 3205 3935 ἐλπίδος
3225 3888 3239 3901 ·
3266 3874 3389 3926 ἐπεὶ
3409 3875 3467 3927 δέ
3506 3877 3580 3945 μὴ
3608 3877 3812 3943 πάντες

2217 3956 2447 4011 τοιοῦτοι
2465 3997 2483 4024 ,
2515 3957 2899 4031 φιλανθρώπου
2938 3961 3299 4031 τυγχάνοντος
3334 3963 3427 4016 τοῦ
3470 3965 3667 4033 Λόγου,
3718 3968 3812 4022 καὶ

2223 4047 2428 4120 μηδένα
2478 4047 2746 4120 μηδαμῶς
2778 4050 3254 4123 ἀποτρεπομένου,
3298 4056 3479 4109 πάντα
3509 4056 3567 4109 δὲ
3600 4058 3813 4131 ἀνθρω-

2219 4157 2321 4193 πον
2364 4142 2479 4205 τοῖς
2509 4141 2871 4213 καταλλήλοις
2911 4144 3147 4215 ἰωμένου
3196 4147 3530 4218 φαρμάκοις,
3582 4150 3677 4203 καὶ
3717 4151 3812 4204 τὸν

2217 4232 2404 4305 ἀμαθῆ
2444 4234 2540 4288 καὶ
2595 4233 2812 4308 ἰδιώτην
2852 4236 2945 4289 ἐπὶ
2980 4237 3083 4309 τὴν
3138 4241 3453 4312 πραοτέραν
3507 4240 3809 4314 θεραπείαν

2218 4325 2686 4395 παρακαλοῦντοςο
2704 4327 2929 4393 εἰκότως
2945 4330 3003 4383 ἐν
3031 4330 3307 4403 εἰσαγωγῇ
3333 4333 3459 4396 τοὺς
3474 4333 3810 4405 ἀρχομένους

2218 4414 2331 4468 τῶν
2389 4416 2854 4490 ίδιωτικωτέρων,
2904 4422 3171 4489 γυναῖκας
3212 4423 3308 4476 καὶ
3351 4424 3569 4488 παῖδας,
3611 4426 3705 4478 καί⁵
3748 4426 3810 4479 τὸ

2219 4504 2328 4558 τῶν
2369 4506 2640 4575 ἀγελαίων
2679 4508 2905 4578 πλῆθος⁶
2932 4510 3025 4563 ἐπὶ
3049 4510 3142 4564 τὸν
3174 4511 3376 4584 εὐσεϐῆ
3404 4513 3518 4583 βίον
3546 4531 3812 4586 χειραγω-

529 4587 698 4643 Verbi
724 4587 895 4641 divini
916 4587 1184 4651 suavitas,
1212 4594 1271 4640 ut
1296 4589 1571 4647 neminem
1592 4585 1819 4642 omnino
1845 4584 2114 4656 repudiet,

2220 4593 2461 4663 γοῦντες,
2477 4594 2554 4659 ὼς
2570 4598 2627 4649 ἐν
2650 4597 2943 4667 φαρμάκου
2960 4598 3146 4670 μοίρᾳ,
3170 4599 3270 4669 τὴν
3289 4599 3417 4669 ὑγιῆ
3435 4584 3617 4653 πίστιν
3633 4584 3810 4671 παρα-

528 4679 625 4736 sed
650 4680 832 4751 potius
870 4679 1098 4735 cuilibet
1122 4678 1371 4734 sanando
1395 4693 1694 4749 congruam
1719 4687 1775 4733 et
1789 4678 2118 4733 convenien-

528 4784 640 4830 tem
687 4773 1016 4830 medicinam
1072 4774 1329 4829 adhibeat
1367 4788 1381 4824 :
1428 4772 1679 4842 adeoque
1723 4771 2011 4842 imperitos
2060 4780 2117 4826 et

528 4867 728 4924 idiotas
780 4868 849 4923 ad
901 4867 1159 4923 leviorem
1208 4865 1517 4922 curationis
1570 4865 1839 4921 rationem
1892 4865 2113 4931 invitet;

524 4960 652 5031 jure
688 4974 822 5015 sane
856 4973 923 5015 ac
959 4957 1157 5014 merito
1201 4956 1294 5029 qui
1325 4972 1395 5012 ex
1434 4956 1752 5011 rudioribus
1802 4956 2114 5024 initiantur,

529 5051 791 5107 mulieres
814 5050 1067 5106 videlicet
1093 5065 1159 5105 ac
1183 5063 1409 5120 pueros,
1456 5048 1875 5120 vulgariumque
1906 5063 1970 5103 ac
2002 5048 2117 5118 ple-

529 5143 777 5199 beiorum
831 5142 1118 5199 hominum
1179 5140 1586 5197 multitudinem
1662 5141 1731 5196 ad
1787 5141 2117 5196 Christiana:

528 5235 655 5289 vita:
683 5235 938 5305 pietatem
967 5236 1127 5306 quasi
1153 5250 1321 5290 manu
1348 5232 1704 5298 adducentes,
1725 5234 1993 5305 integram
2026 5250 2117 5291 sa-

528 5341 765 5397 namque
794 5327 955 5382 ﬁdem
986 5327 1258 5398 principio
1304 5328 1390 5383 sic
1434 5335 1699 5397 tanquam
1734 5327 2114 5383 medicamen-

531 5426 645 5474 tum
663 5419 885 5485 aliquod
908 5420 1257 5487 adhibemus,
1290 5433 1595 5489 eorumque
1622 5420 1896 5475 mentibus
1935 5420 2003 5476 de
2033 5421 2118 5477 di-

528 5512 655 5567 vina
684 5514 1044 5583 providentia,
1059 5513 1126 5569 de
1149 5514 1461 5568 animorum
1487 5512 1919 5578 immortalitate,
1939 5513 2118 5582 deque

527 5606 641 5661 vita
653 5607 718 5661 ad
730 5606 950 5662 virtutis
964 5622 1212 5663 normam
1225 5606 1511 5678 exigenda,
1530 5605 1632 5677 15
1647 5616 1824 5662 rectas
1840 5606 2120 5676 cogitatio-

529 5712 631 5755 nes
658 5700 970 5756 inserimus.
1000 5698 1140 5767 Quid
1169 5700 1393 5755 autem?
1434 5714 1616 5755 annon
1660 5714 1757 5755 eos
1777 5699 1942 5754 etiam
1970 5699 2118 5754 vide-

532 5805 680 5857 mus,
703 5791 796 5862 qui
825 5793 1084 5848 curandis
1115 5808 1405 5864 eorporum
1426 5791 1875 5863 aegrotationibus
1892 5806 2115 5861 operam

531 5882 771 5939 scienter
788 5894 1005 5953 navant,
1028 5898 1369 5958 quaecunque
1391 5884 1458 5941 ad
1475 5883 1807 5965 exquisitam
1828 5883 2114 5942 medicina:

2219 4685 2593 4757 λαμϐάνομεν,
2640 4686 2809 4759 ὀρθάς
2857 4687 3016 4755 δόξας
3065 4690 3196 4762 περὶ
3221 4689 3359 4744 Θεοῦ
3409 4692 3686 4762 προνοίας,
3714 4694 3811 4746 καὶ

2219 4778 2350 4851 περί
2373 4780 2550 4851 ψυχῆς
2562 4778 2882 4843 ἀθανασίας,
2909 4782 3004 4835 καὶ
3027 4781 3271 4853 περὶτοῦ
3318 4785 3441 4836 κατ’
3461 4783 3663 4856 ἀρετὴν
3688 4784 3806 4855 βίου

2219 4871 2517 4937 ἐντιθέντες
2550 4871 2753 4936 αὐτοῖς.
2789 4872 2860 4925 Ἦ
2893 4873 2990 4943 οὐχ
3018 4873 3192 4937 οὕτως
3223 4874 3320 4927 καὶ
3349 4874 3475 4938 τοὺς
3508 4875 3575 4927 τὰ
3621 4877 3809 4949 σωμάο

2217 4979 2325 5016 των
2370 4961 2479 5017 τῶν
2513 4962 2832 5033 καμνόντων
2860 4963 3122 5034 ἰωμένους
3144 4964 3525 5035 ἐπιστημόνως
3566 4965 3805 5040 ὁρῶμεν,

2217 5055 2413 5119 αὐτοὺς
2446 5055 2546 5126 μὲν
2576 5055 2666 5110 διά
2694 5055 2955 5130 πλείστης
2980 5059 3269 5128 ἀσκήσεως
3291 5059 3387 5111 καὶ
3409 5058 3659 5122 παιδείας
3682 5060 3810 5126 τοὺς

2215 5147 2361 5202 κατά
2394 5148 2641 5222 ἰατρικὴν
2677 5148 2870 5219 λόγους
2901 5147 3279 5223 ἀνειληφότας,
3313 5151 3410 5203 καὶ
3448 5151 3627 5205 πάντα
3663 5151 3812 5221 λογι-

2217 5240 2329 5305 κῶς
2352 5241 2829 5315 χειρουργοῦντας·
2855 5243 2981 5307 τούς
3003 5260 3068 5312 γε
3101 5243 3207 5315 μὴν
3233 5244 3326 5296 ἐπὶ
3350 5242 3619 5316 θεραπείᾳ
3639 5261 3810 5318 προσ-

2219 5331 2398 5395 ιόντας
2420 5333 2625 5396 αὐτοῖς,
2651 5332 2830 5385 πίστει
2850 5332 3075 5395 ἑαυτοὺς
3097 5332 3193 5385 καὶ
3214 5334 3279 5403 τῇ
3305 5332 3412 5386 τῶν
3431 5335 3810 5407 χρηστοτέρων

2217 5422 2413 5489 ἐλπίδι,
2439 5424 2800 5495 παρέχοντας*
2827 5423 2923 5478 καὶ
2947 5423 3056 5477 τῶν
3079 5424 3180 5495 μὲν
3209 5425 3350 5479 κατά
3376 5426 3473 5497 τὴν
3493 5427 3809 5498 ἐπιστήμην

2219 5514 2593 5590 θεωρημάτων
2621 5516 2787 5588 μηδὲν
2812 5517 3055 5590 ἀκριϐῶς
3084 5519 3393 5582 ἐπαϊοντας,
3429 5519 3597 5590 μόνης
3627 5519 3683 5574 δέ
3704 5520 3807 5591 ’τῆς

2219 5607 2432 5679 ἀγαθῆς
2473 5608 2687 5672 ἐλπίδος
2724 5625 2783 5661 τε
2816 5609 2912 5663 καὶ
2958 5609 3195 5673 πίστεως
3233 5609 3656 5682 ἐξηρτημένουςς
3694 5612 3808 5666 Καὶ

2218 5703 2248 5753 ὁ
2279 5700 2376 5770 μὲν
2402 5700 2510 5755 τῶν
2550 5701 2750 5773 ἰατρῶν
2780 5703 2999 5775 ἀριστος
3030 5704 3111 5767 εἰς
3156 5704 3322 5775 μέσον
3361 5703 3668 5775 παρελθὼν,
3708 5705 3807 5759 ars

2219 5792 2324 5863 χρὴ
2352 5793 2825 5864 προφυλάττεσθαι
2848 5794 2942 5849 καὶ
2975 5794 3011 5849 ἀ
3040 5797 3312 5866 προσήκει
3337 5794 3489 5865 δρᾷν,
3520 5793 3708 5866 ὥσπερ
3723 5811 3809 5858 τις

2219 5889 2400 5958 ἄρχων
2423 5888 2508 5943 καὶ
2549 5887 2735 5958 κύριος
2762 5889 2878 5959 μετ’
2901 5890 3210 5959 ἐπιστήμης
3232 5889 3577 5958 προστάττειο
3607 5888 3637 5941 ό
3663 5887 3707 5942 δ’
3728 5886 3808 5953 ὡς
