4154 6414
336 479 404 534 ιδ
1013 474 1019 485 ’
1526 471 1850 528 PRIEPAR.

1987 468 2143 525 ANG.
2190 469 2315 525 LIB.
2352 468 2395 524 1.
3508 467 3577 522 46

332 595 543 667 βασιλεῖ
579 595 673 650 καὶ
714 594 978 669 νομοθέτῃ
1015 594 1281 660 πείθεται,
1331 592 1601 647 πιστεύων
1643 590 1887 645 συνοίσειε

2012 599 2145 642 artis
2190 587 2559 659 cognitionem
2609 594 2886 658 pertinent
2936 585 3099 658 longo
3146 576 3251 640 usu
3298 585 3578 655 multaque

327 687 479 760 αὑτῷ
519 689 579 741 τὸ
615 688 1105 761 προστεταγμένον.
1154 686 1311 741 Οὕτω
1344 686 1438 739 καὶ
1484 683 1723 757 μαθηταὶ
1754 684 1908 755 παρά

326 776 661 832 διδασκάλων
688 777 878 846 λόγους
906 777 1153 841 παιδείας
1174 776 1544 847 ἀποδέχονται,
1578 774 1907 828 πιστεύσαν-

325 883 418 931 τες
460 866 660 935 ἀγαθὸν
689 867 871 930 αὑτοῖς
900 865 1116 919 ἔσεσθαι
1158 866 1217 919 τὸ
1252 866 1497 936 μάθημα.
1526 866 1635 918 Ναὶ
1671 864 1776 936 μὴν
1815 865 1907 917 καὶ

327 954 642 1024 φιλοσοφίας
671 956 731 1008 οὑ
758 955 1019 1027 πρότερόν
1044 973 1128 1019 τις
1149 956 1399 1025 sedul/au?
1423 955 1510 1020 ἂν,
1545 956 1578 1025 ἢ
1613 955 1905 1019 πιστεύσας

331 1046 595 1099 συνοίσειν
621 1047 770 1117 αὑτῷ
788 1047 848 1100 τὸ
879 1048 1219 1118 ἐπάγγελμα.
1245 1048 1356 1101 Καὶ
1384 1049 1413 1100 ὁ
1446 1047 1543 1118 μέν
1570 1065 1654 1111 τις
1683 1048 1905 1101 αὐτόθεν

327 1138 496 1191 εἵλετο
528 1138 594 1193 τὰ
640 1139 981 1210 Ἐπικούρου·
1016 1142 1045 1192 ὁ
1074 1141 1132 1193 δὲ
1182 1141 1272 1193 τὸν
1316 1140 1549 1194 Κυνικὸν
1586 1140 1739 1212 ζηλοῖ
1765 1142 1899 1212 βίον,

325 1228 482 1292 ἄλλος
530 1230 667 1283 κατά
706 1231 965 1284 Πλάτωνα
1007 1231 1313 1301 φιλοσοφεῖ,
1356 1233 1478 1286 κατ’
1528 1232 1902 1307 Ἀριστοτέλην

324 1318 528 1390 ἕτερος,
572 1321 665 1373 καὶ
707 1321 865 1375 πάλιν
894 1322 1050 1387 ἄλλος
1088 1324 1302 1377 πάντων
1334 1324 1402 1378 τὰ
1432 1327 1647 1380 Στωϊκὰ
1688 1328 1903 1397 προετί-

325 1427 520 1481 μησεν,
551 1411 777 1465 ἑκάστου
806 1415 1143 1486 χρηστοτέρα
1174 1415 1349 1469 ἐλπίδι
1380 1434 1436 1469 τε
1475 1418 1568 1471 καὶ
1613 1418 1793 1472 πίστει
1839 1420 1901 1473 τὸ

321 1498 479 1564 δόξαν
522 1500 598 1566 ὡς
641 1506 879 1555 συνοῖσον
920 1505 1325 1577 ἀγαπήσαντος.
1373 1509 1527 1563 Οὕτω
1577 1512 1669 1564 καὶ
1707 1511 1900 1582 τέχνας

322 1590 599 1662 ἄνθρωποι
637 1594 735 1657 τὰς
769 1594 941 1665 μέσας
987 1598 1268 1668 μετῆλθον,
1313 1602 1406 1654 καὶ
1437 1601 1583 1656 ἄλλοι
1610 1604 1701 1657 τὸν
1737 1621 1899 1676 στρα-

321 1683 593 1746 τιωτικὸν,
621 1683 769 1738 ἄλλοι
799 1685 855 1738 δὲ
886 1685 979 1740 τὸν
1021 1689 1317 1760 ἐμπορικὸν
1353 1690 1485 1761 βίον,
1523 1694 1701 1747 πίστει
1730 1695 1896 1749 πάλαι

324 1772 714 1843 προειληφότες
739 1774 1133 1847 βιοποριστικὺν
1167 1778 1349 1841 αὐτοῖς
1379 1779 1592 1834 ἔσεσθαι
1622 1781 1681 1834 τὸ
1708 1783 1898 1854 ἐπιτή-

323 1860 518 1932 δευμα.
564 1864 675 1917 Καὶ
739 1866 935 1936 γάμων
992 1866 1050 1919 δὲ
1106 1869 1160 1919 αἱ
1230 1870 1444 1940 πρῶται
1489 1871 1695 1926 σύνοδοι
1721 1914 1737 1938 ,
1796 1874 1894 1927 καὶ

2008 680 2253 736 doctrina
2280 680 2607 750 perdiscere.
2640 680 2936 750 omniaque
2956 680 3166 754 ratione
3191 687 3425 733 tractare
3452 678 3578 748 :qui

2006 786 2137 826 vero
2167 771 2235 825 ad
2255 771 2474 827 eosdem
2514 771 2769 828 curandas
2790 771 2962 841 gratia
2981 769 3309 825 valetudinis
3334 785 3578 825 accesse-

2006 862 2137 925 rint,
2163 861 2288 917 illos
2325 861 2449 916 ﬁdei
2478 862 2695 916 cuidam
2727 863 3011 932 exitusque
3040 860 3263 917 laetioris
3293 868 3579 927 exspecta--

2007 952 2141 1006 tioni
2172 967 2290 1006 sese
2315 953 2389 1006 ita
2421 953 2754 1021 permittere,
2785 963 2847 1007 ut
2873 967 2998 1007 cum
3054 967 3119 1006 ex
3147 953 3306 1008 istius
3336 951 3579 1007 scientias

2004 1042 2287 1114 praeceptis
2320 1044 2622 1113 intelligere
2648 1043 2780 1115 nihil
2816 1052 3070 1098 accurate
3084 1042 3427 1113 perfecteque
3450 1058 3565 1113 pos-

2006 1132 2134 1195 sint,
2169 1148 2277 1187 non
2311 1132 2419 1187 nisi
2454 1148 2515 1187 ex
2552 1141 2785 1202 utraque
2830 1148 3129 1203 suspensas
3161 1134 3399 1189 habeant
3424 1134 3549 1189 inco

2004 1221 2271 1277 lumitatis
2327 1238 2439 1276 suae
2478 1222 2757 1279 rationes?
2805 1222 2886 1278 Ac
2941 1224 3310 1293 peritissimus
3355 1225 3574 1295 quidem

2003 1313 2246 1368 medicus
2269 1313 2322 1366 in
2352 1314 2589 1368 medium
2637 1312 2915 1384 prodiens,
2958 1314 3091 1383 quid
3134 1324 3229 1369 aut
3254 1330 3447 1370 cavere
3481 1324 3577 1370 aut

2002 1403 2181 1459 facere
2209 1414 2477 1474 Oporteat,
2515 1404 2596 1461 sic
2625 1414 2886 1476 tanquam
2929 1409 3184 1477 princeps
3215 1421 3280 1462 ac
3318 1408 3574 1463 dominus

2002 1497 2199 1567 aliquis
2224 1497 2456 1552 scienter
2478 1497 2723 1566 praecipit
2740 1515 2753 1550 :
2773 1507 3007 1567 aegrotus
3025 1505 3203 1552 autem
3228 1499 3328 1568 ipsi
3352 1499 3575 1569 perinde

2003 1603 2070 1644 ac
2097 1589 2212 1659 regi
2243 1597 2297 1643 et
2329 1588 2623 1660 legislatori
2674 1589 3015 1659 obsequitur,
3051 1589 3196 1658 quod
3248 1590 3351 1646 sibi
3408 1589 3572 1661 quid-

2000 1678 2130 1748 quid
2167 1688 2493 1749 praeceptum
2522 1679 2591 1733 ab
2614 1693 2680 1733 eo
2705 1677 2897 1751 fuerit,
2928 1679 3060 1735 utile
3080 1695 3298 1751 quoque
3325 1680 3572 1736 futurum

1998 1748 2181 1837 putet.
2206 1766 2286 1822 Ita
2329 1768 2583 1837 discipuli
2635 1748 2880 1837 cujusvis
2940 1748 3495 1840 doctrinae-praecepta
3539 1784 3572 1824 ιι

1998 1856 2275 1926 magistris
2310 1856 2611 1926 excipiunt,
2636 1856 2780 1925 quod
2807 1857 2877 1912 ab
2904 1857 3012 1913 illis
3033 1858 3342 1925 didicerint,
3384 1861 3437 1914 id
3465 1861 3572 1916 sibi

326 1952 600 2034 κοινωνίαι
650 1952 752 2024 τῆς
802 1955 944 2008 κατὰ
990 1936 1331 2012 παιδοποιίαν
1376 1960 1606 2027 ἐλπίδος,
1653 1936 1730 2028 ἐξ.
1759 1964 1887 2034 ἀγα-

1998 1946 2254 2015 expedire
2279 1947 2403 2001 rati.
2436 1948 2554 2001 lmo
2589 1962 2721 2003 vero
2749 1963 2820 2004 ne
2858 1948 3031 2019 ipsius
3053 1948 3275 2020 quidem
3322 1950 3569 2020 philoso-

323 2029 441 2112 θῆξ
487 2043 780 2115 ὲνήρξαντο
848 2048 1103 2112 πίστεως.
1150 2050 1260 2102 Καὶ
1317 2051 1440 2106 πλεῖ
1490 2071 1575 2118 τις
1622 2051 1775 2120 αὖθις
1807 2029 1898 2121 εἰς

322 2132 540 2205 ἄδηλον,
586 2135 696 2189 οὐδ’
726 2136 890 2209 ἄλλην
910 2140 1180 2213 προ6ε6λη
1190 2142 1347 2212 μένος
1374 2145 1474 2215 τῆς
1508 2147 1775 2219 σωτηρίας
1793 2149 1895 2217 ἀγ-

321 2242 518 2298 κυραν,
548 2227 580 2299 ἦ
620 2230 788 2300 μόνην
838 2230 935 2303 τὴν
971 2234 1153 2289 πίστιν
1184 2238 1277 2289 καὶ
1306 2238 1406 2307 τὴν
1431 2239 1640 2312 ἀγαθὴν
1667 2240 1876 2297 ἐλπίδα.

322 2314 436 2370 Καὶ
478 2321 718 2389 γεωργεῖ
765 2317 926 2373 πάλιν
956 2320 1133 2386 ἀλλος,
1176 2324 1270 2377 καὶ
1310 2324 1400 2377 τὸν
1441 2325 1637 2397 σπόρον
1677 2329 1757 2391 είς
1788 2329 1894 2399 γῆν

320 2406 629 2479 ἀπορρίψας
663 2408 917 2480 κάθηται,
946 2411 1045 2482 τῆς
1067 2411 1215 2483 ὥρας
1249 2413 1348 2485 τὴν
1372 2415 1577 2487 τροπὴν
1610 2417 1897 2490 ἐκδεχόμε-

318 2514 428 2563 νος,
465 2499 736 2553 πιστεύων
777 2501 837 2555 τὸ
878 2501 1082 2575 φθαρὲν
1116 2505 1209 2558 ἐπὶ
1247 2505 1352 2575 γῆς
1390 2506 1486 2560 καὶ
1517 2506 1896 2583 πλημμυρίσιν

316 2588 485 2644 ὑετῶν
515 2591 806 2661 καλυφθὲν,
845 2589 1001 2658 αὖθις
1030 2594 1218 2668 ῶσπερ
1249 2599 1315 2650 ὲκ
1347 2598 1555 2670 νεκρῶν
1598 2601 1897 2657 ἀναϐιώσε-

316 2676 459 2731 σθαι.
482 2680 714 2752 Πορείαν
757 2682 815 2736 δέ
850 2701 933 2747 τις
975 2687 1189 2759 μακρὰν
1229 2688 1317 2741 ἐπ’
1357 2688 1657 2764 ἀλλοδαπὴν
1697 2694 1763 2747 ὲκ
1793 2694 1897 2765 τῆς

315 2769 518 2834 οἰκείας
549 2772 917 2844 στελλόμενος,
943 2776 1105 2831 πάλιν
1131 2778 1231 2849 τὴν
1265 2779 1454 2835 ἐλπίδα
1474 2782 1569 2835 καὶ
1592 2784 1690 2852 τὴν
1714 2784 1894 2840 πίστιν

314 2855 523 2922 ἀγαθὰς
562 2860 789 2930 ὁδηγοὺς
815 2862 996 2933 ἑαυτῷ
1023 2866 1401 2935 συνεπάγεται.
1435 2869 1544 2924 Καὶ
1568 2871 1621 2924 τί
1645 2872 1754 2942 γὰρ
1778 2873 1894 2928 ἀλλ’

315 2946 350 3018 ἢ
380 2947 470 3000 τὸν
502 2948 676 3004 πάντα
707 2954 818 3009 τῶν
843 2953 1143 3027 ἀνθρώπων
1186 2957 1297 3027 βίον
1322 2959 1468 3013 δυοῖν
1497 2960 1702 3016 τούτων
1728 2964 1895 3037 ἀνηρ-

318 3052 385 3107 τη
394 3038 571 3107 μένον,
594 3040 805 3109 ἐλπίδος
821 3062 881 3098 τε
896 3048 990 3099 καὶ
1007 3044 1263 3111 πίστεως,
1283 3050 1769 3124 καταλαμϐάνομεν
1787 3072 1801 3120 ;
1822 3055 1888 3109 Τί

319 3125 388 3197 δὴ
404 3125 718 3200 θαυμάζεις,
736 3137 785 3187 εί
800 3136 893 3190 καὶ
906 3136 973 3191 τὰ
988 3138 1266 3209 κρείττονα
1286 3140 1426 3194 κατά
1443 3142 1541 3213 τὴν
1558 3144 1753 3216 ψυχὴν,
1781 3148 1895 3212 τοῖς

324 3217 422 3286 μὲν
442 3218 529 3273 διὰ
554 3222 788 3288 πίστεως
819 3227 1184 3301 παραδίδοται,
1219 3227 1302 3295 οἷς
1332 3234 1392 3285 οὐ
1419 3234 1581 3306 σχολὴ
1603 3234 1892 3303 λογικώτε-

323 3323 415 3376 ρον
441 3309 506 3364 τά
533 3313 672 3366 κατά
707 3316 872 3386 μέρος
895 3318 1263 3387 παιδεύεσθαι,
1294 3325 1404 3387 τοῖς
1432 3323 1491 3377 δὲ
1527 3326 1621 3379 καὶ
1647 3329 1772 3392 τοὺς
1799 3328 1889 3383 λό-

316 3414 445 3466 γους
475 3403 669 3468 αὐτοὺς
689 3407 916 3477 πάρεστι
943 3410 1202 3480 μετιέναι,
1225 3413 1439 3480 καὶτὰς
1463 3417 1763 3485 ἀποδείξεις
1779 3420 1886 3475 τῶν

315 3491 759 3567 πρεσϐευομένων
795 3500 1119 3570 μανθάνειν;
1158 3502 1315 3557 Ἀλλά
1340 3505 1449 3578 γὰρ
1480 3508 1537 3562 ὲν
1566 3508 1730 3581 όλῖγῳ
1766 3510 1888 3564 τοὺ-

311 3596 421 3637 των
438 3585 567 3655 ἡμῖν
585 3588 683 3642 οὐκ
712 3592 791 3653 είς
818 3590 1086 3663 ἄχρηστον
1110 3598 1696 3668 προγεγυμνασμένων,
1724 3601 1886 3657 ἀνίω-

316 3690 415 3745 μεν
448 3676 540 3730 ἐπὶ
566 3678 662 3750 τὴν
687 3681 909 3754 πρώτην
932 3687 1282 3757 κατηγορίαν
1318 3691 1412 3743 καὶ
1438 3689 1581 3754 τίνες
1610 3692 1760 3756 ὀντες
1790 3697 1885 3749 καὶ

311 3767 474 3822 πόθεν
513 3771 842 3844 ὁρμώμενοι,
875 3779 987 3841 τοῖς
1021 3778 1410 3853 διερωτήσασιν
1439 3781 1879 3854 ἀποκρινώμεθα.

312 3856 433 3913 ’Ότι
467 3861 567 3930 μὲν
592 3857 684 3917 οὑν
706 3864 768 3918 τὸ
796 3867 951 3936 γένος
983 3871 1239 3942 Ἕλληνες
1264 3871 1432 3936 ὄντες,
1463 3872 1557 3926 καὶ
1586 3872 1657 3927 τὰ
1694 3872 1882 3947 Ἑλλή-

308 3966 417 4004 νων
450 3954 791 4023 φρονοῦντες,
826 3959 891 4011 ἐκ
942 3962 1209 4016 παντοίων
1255 3980 1315 4016 τε
1357 3961 1545 4027 ἐθνῶν,
1585 3963 1731 4018 ὡσάν
1767 3983 1883 4020 νεο-

306 4036 498 4094 λέκτου
535 4047 791 4115 στρατιᾶς
820 4046 1038 4116 λογάδες
1072 4049 1488 4121 συνειλεγμένοι,
1522 4050 1622 4121 τῆς
1652 4051 1879 4122 πατρίου

309 4129 723 4204 δεισιδαιμονίας
750 4137 1048 4192 ἀποστάται
1068 4139 1496 4211 καθεστήκαμεν,
1527 4140 1712 4195 οὐδ’ἀν
1727 4141 1879 4195 αὑτοί

310 4237 445 4276 ποτε
479 4223 861 4298 ἀρνηθείημεψ
891 4228 1029 4282 ἀλλά
1069 4230 1162 4283 καὶ
1192 4231 1274 4283 ὅτι
1302 4235 1418 4296 ταῖς
1453 4233 1761 4298 Ἰουδαῖκαῖς
1795 4234 1877 4304 βί-

308 4314 454 4380 ϐλοις
479 4318 923 4389 προσανέχοντες,
942 4320 1051 4373 κάκ
1062 4319 1169 4375 τῶν
1186 4322 1316 4394 παρ’
1332 4323 1515 4386 αὑτοῖς
1532 4325 1878 4396 προφητειῶν

305 4406 377 4462 τά
410 4406 635 4463 πλεῖστα
660 4409 754 4464 τοῦ
783 4410 903 4465 καθ’
936 4414 1083 4484 ἡμᾶς
1111 4412 1266 4482 λόγου
1305 4414 1643 4483 συνάγοντες,
1671 4417 1771 4470 οὑκ
1798 4416 1873 4471 ἔθ’

303 4498 503 4568 ὁμοίιος
536 4498 636 4570 ζῇν
666 4504 778 4565 τοῖς
820 4503 884 4555 ὲκ
909 4504 1210 4574 περιτομῆς
1239 4506 1530 4575 προσφιλὲς
1571 4507 1871 4579 ἡγούμεθα,

1996 2037 2138 2107 pbize
2164 2046 2374 2108 partem
2404 2039 2573 2093 ullam
2616 2041 2906 2110 quisquam
2952 2042 3262 2113 attingeret,
3306 2043 3411 2099 nisi
3443 2043 3566 2113 ejus

1996 2127 2392 2196 professionem
2422 2128 2546 2184 usui
2566 2140 2689 2185 ante
2716 2130 2821 2186 sibi
2858 2129 2974 2186 fore
2994 2133 3255 2188 crederet.
3282 2134 3462 2204 Atque
3493 2136 3571 2189 ita

1994 2215 2200 2272 factum
2230 2210 2606 2285 videmus,‘ut
2645 2220 2786 2275 alius
2819 2219 3042 2290 Epicuri
3074 2233 3281 2278 sectam
3324 2223 3567 2295 eligeret,

1996 2306 2142 2363 alius
2174 2307 2426 2378 cynicum
2470 2306 2685 2362 vivendi
2730 2323 2902 2378 genus
2941 2309 3308 2378 aemularetur,
3343 2311 3411 2366 ad
3438 2309 3568 2366 Pla-

1998 2400 2163 2466 tonis,
2196 2399 2263 2453 ad
2297 2398 2606 2454 Aristotelis
2653 2399 2797 2455 alius
2836 2415 2956 2457 sese
2984 2400 3323 2473 disciplinam
3367 2403 3568 2472 adjun-

1996 2498 2164 2559 geret,
2211 2488 2352 2545 alius
2404 2489 2641 2561 denique
2681 2490 2994 2547 Stoicorum
3044 2494 3297 2565 dogmata
3354 2497 3569 2553 caeteris

1996 2577 2256 2633 omnibus
2284 2578 2582 2635 anteferret
2615 2598 2631 2637 :
2661 2581 2743 2637 sic
2767 2591 2826 2637 ut
2846 2584 3044 2654 singuli
3073 2584 3339 2657 quidquid
3364 2588 3566 2657 proba-

1995 2679 2136 2735 rent,
2170 2671 2225 2726 id
2266 2672 2369 2727 ﬁde
2394 2672 2629 2742 quadam
2661 2688 2865 2744 speque
2895 2675 3107 2731 meliori
3145 2686 3406 2748 tanquam
3457 2680 3566 2737 sibi

1994 2761 2340 2830 profuturum
2366 2772 2613 2818 amarent
2636 2772 2799 2835 atque
2835 2769 3148 2823 retinerent.
3165 2767 3257 2825 Sic
3278 2781 3424 2826 artes
3446 2788 3564 2840 eas,

1996 2866 2117 2921 quae
2145 2851 2335 2906 mediae
2375 2853 2745 2921 nominantur,
2794 2855 3044 2912 homines
3087 2860 3357 2927 persecuti
3384 2870 3513 2915 sunt
3546 2877 3561 2913 :

1994 2950 2049 2996 et
2075 2941 2166 2996 alii
2195 2944 2411 3012 quidem
2442 2946 2524 2998 rei
2554 2946 2776 2999 militari
2836 2961 2896 3001 se
2939 2946 3172 3014 dedere;
3199 2960 3560 3006 mercaturam

1996 3032 2084 3086 alii
2101 3031 2347 3089 factitare
2371 3035 2702 3102 maluerunt,
2723 3052 2786 3091 ea
2828 3037 3089 3111 nimirum
3118 3039 3224 3094 ﬁde
3250 3055 3316 3096 ac
3337 3056 3564 3111 persua-

1995 3123 2151 3178 sione
2172 3125 2342 3180 multo
2369 3135 2493 3180 ante
2539 3126 2779 3190 adducti,
2800 3108 2946 3197 quod
2974 3129 3242 3199 ejusmodi
3268 3108 3393 3185 vitae
3420 3132 3564 3188 ratio

1994 3214 2289 3282 plurimum
2321 3217 2424 3271 sibi
2481 3218 2546 3273 ad
2570 3232 2689 3272 eam
2738 3217 2992 3273 tuendam
3015 3223 3136 3290 opis
3159 3230 3306 3278 esset
3325 3236 3391 3278 ac
3409 3238 3562 3279 com-

1991 3305 2269 3361 moditatis
2324 3307 2569 3362 allatura.
2628 3305 2949 3378 Nuptiarum
3006 3310 3170 3365 etiam
3219 3311 3411 3381 primat
3452 3312 3560 3368 illa}

1988 3398 2423 3470 cengressiones,
2457 3400 2685 3471 ejusque
2730 3401 2846 3471 spei
2883 3417 3005 3475 quae
3038 3403 3244 3460 sobolis
3281 3419 3557 3477 propaga-

1986 3490 2189 3545 tionem
2218 3491 2464 3547 intuetur
2508 3492 2925 3562 conjunctiones
2982 3502 3210 3560 mutuae,
3242 3510 3312 3552 ex
3343 3497 3557 3554 sincera

1984 3582 2219 3651 quadam
2247 3583 2571 3654 egregiaque
2616 3584 2724 3639 ﬁde
2778 3574 2995 3639 initium
3037 3586 3366 3644 habuerunt.
3415 3588 3558 3646 Prae-

1983 3681 2131 3728 terea
2153 3674 2551 3744 navigationem
2584 3677 2709 3745 quis
2739 3675 2974 3732 adornat
3001 3680 3224 3749 ancipiti
3258 3682 3431 3750 exitu,
3456 3688 3553 3754 qui

1983 3780 2093 3821 non
2123 3766 2228 3820 alia
2281 3767 2434 3836 prius
2469 3768 2699 3822 salutem
2755 3784 2911 3824 suam
2940 3785 3110 3840 quam
3143 3772 3267 3828 ﬁdei
3307 3775 3554 3846 latasque

1983 3857 2099 3926 spei
2124 3857 2365 3914 anchora
2419 3856 2946 3917 fundaverit?Alius
2996 3862 3128 3918 item
3160 3863 3551 3934 agriculturam

1980 3956 2217 4013 exercet,
2270 3948 2527 4019 jactoque
2558 3951 2612 4004 in
2661 3958 2863 4006 terram
2920 3953 3133 4008 semine
3187 3953 3337 4010 domi
3377 3957 3549 4025 sedet,

1982 4040 2317 4109 tempestatis
2347 4040 2759 4096 conversionem
2806 4050 3149 4113 exspwtans,
3194 4042 3552 4118 futurumque

1980 4133 2083 4188 sibi
2112 4137 2464 4206 persuadens,
2499 4148 2562 4195 ut
2590 4155 2775 4197 semen
2816 4141 2946 4196 illud
2972 4140 3087 4210 jam
3135 4142 3195 4196 in
3241 4151 3400 4198 terra:
3421 4159 3547 4214 gre-

1978 4227 2091 4281 mio
2123 4239 2458 4299 corruptum,
2485 4245 2553 4286 ac
2574 4231 2880 4307 pluviarum
2914 4230 3358 4286 inundationibus
3379 4234 3549 4287 obru-

1978 4326 2114 4383 tum,
2143 4319 2324 4375 denuo
2342 4330 2601 4391 tanquam
2619 4336 2689 4375 ex
2716 4321 2832 4391 ipsa
2861 4330 3034 4376 morte
3053 4316 3361 4377 reviviscat.
3389 4323 3546 4379 Alius

1976 4422 2139 4476 porro
2166 4409 2387 4480 longum
2417 4426 2481 4465 ex
2529 4410 2702 4480 patria
2723 4411 2777 4463 in
2806 4419 3050 4466 exteram
3104 4411 3343 4482 aliquam
3365 4413 3544 4484 regio-

1975 4516 2100 4557 nem
2127 4502 2229 4558 iter
2253 4503 2567 4572 instituens,
2606 4518 2756 4573 spem
2784 4504 3038 4561 similiter
3063 4515 3229 4576 atque
3246 4503 3405 4562 ﬁdem
3434 4506 3540 4562 sibi

304 4590 396 4642 καὶ
436 4589 581 4644 τοῦτ’
607 4590 674 4646 ἀν
707 4592 931 4647 αὐτόθεν
947 4593 1395 4667 ὁμολογήσαιμεν.
1425 4597 1561 4670 Ὥρα
1590 4603 1875 4673 τοιγαροῦν

1987 4592 2246 4663 adjungit,
2302 4592 2513 4651 faustas
2556 4596 2746 4665 utique
2793 4595 2899 4652 sibi
2931 4595 3034 4652 vim
3089 4597 3257 4654 duces
3302 4595 3539 4656 futuras.

301 4680 504 4737 τούτων
531 4683 622 4737 τὸν
637 4683 1033 4756 αἰτιολογισμὺν
1056 4688 1331 4759 ὑποσχεῖν.
1346 4689 1471 4753 Πῶς
1496 4686 1589 4744 οὖν
1609 4690 1678 4746 ἂν
1701 4693 1874 4759 ἄλλως

299 4771 551 4844 δόξαιμεν
578 4770 636 4829 εὗ
682 4777 1038 4849 πεποιηκέναι
1072 4777 1141 4832 τά
1178 4779 1384 4852 πάτρια
1422 4782 1871 4854 καταλείψαντες,

297 4860 336 4933 ἢ
366 4864 579 4931 πρῶτον
602 4867 680 4930 εἰς
706 4865 868 4937 μέσον
889 4866 1030 4922 αὑτά
1048 4868 1438 4942 παραθέμενοι,
1462 4874 1554 4928 καὶ
1578 4875 1875 4944 ἀγαγόντες

298 4955 394 5009 ὑπ’
436 4955 557 5026 ὄψιν
587 4957 695 5011 τῶν
735 4957 1164 5030 ὲντευξομένωνς
1206 4961 1362 5017 Οὕτω
1406 4962 1515 5035 γὰρ
1555 4965 1624 5020 ἂν
1666 4966 1873 5034 γένοιτο

295 5048 508 5120 φανερά
535 5051 629 5104 καὶ
660 5052 760 5121 τῆς
794 5050 1154 5123 εὐαγγελικῆς
1185 5054 1511 5121 ἀποδείξεως
1551 5058 1584 5127 ὴ
1624 5056 1743 5111 θεία
1780 5058 1901 5112 δύ-“

295 5156 479 5210 ναμις,
513 5142 562 5194 εἰ
582 5143 694 5206 τοῖς
721 5143 855 5196 πᾶσι
889 5142 997 5215 πρὸ
1026 5142 1321 5216 ὀφθαλμῶν
1346 5146 1551 5218 τεθείη,
1581 5146 1741 5203 τίνων
1774 5149 1869 5204 καὶ

291 5231 492 5287 ὁποίων
513 5233 698 5287 κακῶν
717 5233 817 5305 τὴν
851 5234 994 5289 ῐασιν
1029 5236 1456 5305 εὐαγγελίζεται.
1483 5237 1608 5302 Πῶς
1633 5238 1678 5293 δ’
1712 5238 1778 5294 ἂν
1810 5239 1871 5294 τὺ

292 5321 511 5392 εὔλογον
539 5323 637 5396 τῆς
666 5323 774 5379 τῶν
808 5325 1107 5379 Ἰουδαϊκῶν
1135 5328 1473 5398 γραμμάτων
1500 5329 1871 5400 μεταδιώξεως

291 5413 507 5485 φανείη,
534 5412 608 5486 μὴ
627 5415 746 5486 οὐχὶ
767 5417 859 5469 καὶ
879 5416 982 5486 τῆς
1001 5416 1204 5472 τούτων
1223 5419 1422 5490 ἀρετῆς
1439 5420 1866 5492 ἀποδειχθείσης;

290 5502 410 5557 Τίνι
449 5520 510 5557 τε
531 5504 674 5577 λόγῳ
708 5506 808 5570 τάς
842 5508 971 5579 παρ’
1005 5508 1188 5574 αὐτοῖς
1222 5509 1438 5582 γραφὰς
1477 5511 1865 5583 ἀσπαζόμενοι,

290 5593 383 5648 τόν
420 5595 605 5666 ὅμοιον
632 5596 725 5651 τοῦ
768 5596 884 5668 βίου
921 5601 1123 5671 τρόπον
1163 5601 1545 5672 ἀποκλίνομεν,
1587 5603 1771 5669 καλῶς
1800 5605 1869 5659 ἂν

289 5684 403 5757 ἔχοι
435 5686 678 5743 διελθεῖν*
709 5691 805 5745 καὶ
842 5692 935 5747 ἐπὶ
970 5695 1124 5759 πᾶσι,
1153 5695 1235 5759 τίς
1260 5697 1289 5749 ό
1321 5694 1443 5748 καθ’
1469 5696 1615 5767 ἡμᾶς
1643 5696 1746 5766 τῆς
1773 5697 1866 5751 εὑ-

289 5779 588 5853 αγγελικῆς
620 5783 928 5848 ὑποθέσεως
961 5784 1137 5854 λόγος,
1180 5786 1276 5840 καὶ
1306 5787 1390 5849 τίς
1436 5786 1503 5840 ἂν
1546 5788 1749 5857 κυρίως
1779 5787 1868 5840 λε-

288 5870 443 5947 χθείη
479 5876 510 5928 ό
550 5876 992 5948 Χριστιανισμδς,
1036 5877 1148 5932 οὗθ’
1193 5876 1546 5951 Ἑλληνισμὸς
1595 5876 1690 5946 ὢν,
1736 5876 1860 5932 οὑτε

1973 4684 2115 4752 Quid
2141 4685 2288 4741 aliud
2340 4687 2575 4757 denique
2629 4686 2884 4753 manibus
2936 4687 3218 4759 oculisque
3267 4696 3542 4753 tenemus,

1971 4793 2136 4848 quam
2171 4778 2335 4833 vitam
2378 4779 2659 4833 hominum
2688 4780 2999 4835 universam
3028 4794 3096 4835 ex
3127 4781 3340 4837 duabus
3387 4781 3544 4837 hisee

1971 4869 2159 4934 rebus,
2186 4884 2281 4939 spe
2300 4869 2557 4924 nimirum
2588 4868 2823 4938 ﬁdeque,
2844 4884 3164 4941 suspensam
3195 4870 3402 4926 teneri?
3434 4871 3545 4942 ιθ

1971 4958 2112 5027 Quid
2135 4975 2266 5030 ergo
2292 4974 2473 5015 causa
2502 4969 2588 5015 est
2614 4962 2971 5031 quamobrem
2997 4962 3135 5019 adeo
3158 4962 3393 5028 mireris,
3411 4949 3539 5032 q'ui-

1970 5052 2075 5108 bus
2101 5065 2212 5105 non
2240 5059 2398 5106 vacat
2449 5050 2633 5106 omnia
2675 5051 2949 5120 sigillatim
2985 5064 3048 5106 ac
3096 5051 3352 5112 subtilius
3379 5051 3539 5107 addi-

1970 5159 2144 5212 scere,
2167 5144 2475 5201 illisdivina
2525 5145 2662 5211 haec,
2716 5145 3026 5214 quibusque
3077 5137 3289 5199 tantum
3318 5145 3539 5203 animus

1969 5232 2317 5301 informatur,
2346 5243 2616 5305 praecepta
2637 5234 2764 5291 ﬁdei
2809 5249 2974 5290 manu
3026 5233 3198 5300 tradi;
3234 5233 3357 5290 aliis
3409 5249 3539 5291 vero

1968 5325 2134 5381 licere
2169 5333 2428 5395 praeterea
2464 5325 2613 5395 ipsas
2634 5339 2855 5396 quoque
2894 5322 3162 5395 vestigare
3188 5326 3451 5393 rationes,
3481 5336 3541 5382 et

1968 5431 2158 5475 eorum
2211 5430 2333 5487 qua)
2392 5427 2716 5473 asseruntur
2763 5416 3140 5486 docemurque
3194 5416 3537 5473 demonstra-

1968 5509 2143 5564 tiones
2166 5508 2459 5578 indagare?
2484 5506 2591 5562 Sed
2622 5507 2769 5562 enim
2813 5522 2987 5577 pauca
3025 5509 3141 5567 haec
3164 5508 3322 5577 quasi
3345 5507 3538 5577 prolu-

1967 5599 2135 5655 sionis
2158 5612 2325 5654 causa
2355 5612 2457 5653 nec
2485 5597 2603 5653 sine
2651 5597 2884 5654 utilitate
2933 5597 3164 5669 praefati,
3196 5597 3266 5653 ad
3294 5599 3535 5667 primum

1966 5687 2331 5745 accusationis
2358 5696 2524 5758 caput
2553 5688 2854 5765 aliquando
2890 5690 3201 5750 redeamus,
3225 5698 3281 5743 et
3307 5687 3535 5755 quinam

1965 5783 2162 5846 simus,
2199 5794 2403 5853 quasve
2446 5780 2617 5837 secuti
2670 5790 2827 5837 antea
2883 5782 3007 5837 vitae
3043 5777 3302 5842 rationes,
3332 5775 3401 5829 iis
3437 5776 3535 5843 qui

1964 5884 2257 5943 utrumque
2279 5885 2346 5942 ex
2373 5871 2533 5930 nobis
2551 5886 2793 5942 querere
2832 5873 3012 5929 solent
3032 5909 3050 5937 ,
3086 5865 3537 5930 respondeamus.
