4154 6416
542 417 615 474 47
1182 416 1456 475 EUSEBll
1494 415 1971 474 CIESARIENSIS
2004 415 2154 473 OPP.
2206 416 2388 474 PARS
2426 415 2489 472 11.
2531 447 2603 459 —-
2639 416 3144 475 APOLOGETICA.
3747 418 3819 474 48

538 529 652 590 Nos
679 533 840 605 igitur
868 542 922 589 et
945 549 1142 605 genere
1166 532 1387 591 Grarcos
1401 549 1542 600 esse,
1566 542 1619 590 et
1647 533 1961 591 Graecorum
1985 535 2111 591 olim

2232 535 2582 606 Ἱουδαῖσμδς,
2600 534 2751 597 ,ἀλλά
2774 551 2859 599 τις
2891 535 3052 606 καινὴ
3082 534 3174 587 καὶ
3198 531 3407 606 ἀληθὴς
3442 529 3719 599 θεοσοςία,
3756 528 3821 595 ιε

538 623 839 683 sententias
866 641 1157 697 moresque
1194 627 1507 698 complexos
1551 625 1742 694 fuisse,
1762 643 1908 682 nunc
1933 638 2118 682 autem

537 731 607 772 ex
629 717 904 774 universis
950 719 1285 781 nationibus,
1339 728 1598 789 tanquam
1656 718 1956 774 novissime
1987 733 2121 774 con-

537 808 729 880 scripti
763 810 1038 866 exercitus
1095 810 1327 865 selectos
1371 810 1715 880 eximiosquc
1756 810 1956 865 milites
1982 826 2118 866 con-

537 911 844 974 gregatosa
876 902 1049 971 patria
1105 901 1497 971 superstitione
1550 900 1836 968 defecisse,
1894 916 1963 955 ne
2012 901 2117 972 ipsi

536 994 759 1065 quidem
781 994 1177 1065 negaverimus.
1214 992 1483 1049 Praeterea
1526 994 1852 1058 uobis,cum
1896 991 2119 1049 Judan-

535 1101 660 1142 rum
711 1080 917 1142 litieras
970 1086 1358 1156 approbemus,
1409 1087 1817 1157 maximamque
1855 1086 2118 1142 doctrinae

2221 628 2395 698 αὐτῆς
2429 628 2529 699 τῆς
2561 629 2931 700 προσηγορίας
2963 628 3063 699 τὴν
3087 624 3440 696 καινοτομίαν
3475 622 3814 693 ἐπαγομένη.

2222 720 2358 791 Φέρε
2380 714 2474 773 οὖν
2499 718 2564 789 δὴ
2595 720 2810 790 πρῶτον
2831 718 3088 773 ἁπάντων
3120 716 3218 781 τὰς
3244 716 3613 778 παλαιοτάτας
3637 713 3730 768 καὶ
3751 713 3817 785 δὴ

2224 812 2318 866 καὶ
2343 811 2441 875 τὰς
2464 812 2727 884 πατρίους
2757 811 2916 882 ἡμῶν
2940 810 3120 864 αὐτῶν
3149 809 3451 877 θεολογίας,
3473 807 3614 861 κατά
3637 808 3817 861 πᾶσαν

2226 902 2380 955 πόλιν
2415 902 2583 956 εἰσέτι
2610 903 2706 956 καὶ
2723 902 2818 956 νῦν
2847 901 3112 974 τεθρυλλη
3124 902 3291 972 μένας
3321 900 3812 971 ἐπιθεωρήσωμεν,

2223 992 2320 1056 τάς
2341 1009 2399 1045 τε
2430 1009 2487 1046 σε
2496 992 2751 1064 μνάςτῶν
2768 994 3028 1060 γενναίων
3047 993 3351 1063 φιλοσόφων
3382 991 3510 1061 περί
3531 1007 3589 1043 τε
3608 989 3816 1060 κόσμου

2225 1084 2536 1147 συστάσεως
2550 1084 2646 1138 καὶ
2661 1086 2789 1157 περὶ
2804 1085 2942 1139 θεῶν
2958 1085 3353 1156 διαλήψειςῖνα
3363 1083 3580 1152 γνῶμεν
3596 1080 3706 1135 εἴτε
3722 1079 3817 1134 καὶ

2220 1174 2394 1246 ὀρθῶς
2410 1175 2728 1247 ἀπέστημεν
2745 1177 2948 1241 αὐτῶν,
2963 1178 3072 1230 εἴτε
3093 1178 3186 1231 καὶ
3204 1176 3466 1248 μή.Θήσω
3487 1176 3543 1230 δὲ
3563 1172 3818 1247 οὑκὲμάς

2221 1266 2404 1334 φωνὰς
2427 1268 2486 1320 ὲν
2507 1270 2571 1338 τῇ
2594 1267 2701 1321 τῶν
2727 1268 3074 1340 δηλουμένων
3104 1272 3387 1339 ὲκςςάνσει,
3413 1268 3525 1322 ἀλλ’
3547 1265 3726 1321 αὐτῶν
3749 1265 3816 1336 δὴ

534 1186 741 1234 nostrae
788 1184 995 1247 partem
1042 1191 1110 1232 ex
1152 1191 1345 1232 eorum
1415 1177 1716 1248 prophetiis
1770 1177 2114 1248 colligamus,

534 1285 642 1324 non
661 1268 801 1324 idem
834 1278 1017 1323 tamen
1072 1268 1331 1339 amplius,
1387 1283 1499 1339 quo
1543 1268 1981 1323 eircumcisiouis
2019 1268 2114 1324 dc-

532 1358 780 1415 fensores
811 1360 1204 1426 utuntur,vit:e
1231 1374 1403 1430 genus
1433 1359 1668 1429 placere,
1702 1360 1753 1414 id
1776 1374 1904 1414 vero
1921 1369 2111 1429 sponte

2217 1357 2326 1410 τῶν
2358 1357 2592 1429 μάλιστα
2613 1358 2711 1430 τὴν
2726 1361 2855 1432 περὶ
2881 1360 2976 1425 οὓς
3004 1379 3135 1430 φασι
3152 1361 3327 1426 θεοὺς,
3356 1360 3637 1414 εὐσέϐειαν
3655 1374 3817 1429 περι·-

530 1465 752 1521 quoque
782 1450 1037 1521 ultroque
1079 1449 1372 1506 fateamur.
1419 1447 1576 1505 Nunc
1604 1466 1733 1519 ergo
1766 1458 1983 1520 tempus
2029 1459 2111 1505 est

2221 1450 2559 1503 σπούδαστον
2583 1452 2984 1522 πεποιηκότων,
3008 1453 3084 1517 ὡς
3113 1453 3223 1507 ave
3247 1453 3403 1522 λόγος
3419 1451 3638 1522 ἀπάσης
3660 1447 3819 1511 ἐκτὸς

533 1541 761 1596 istorum
782 1541 1028 1596 omnium
1053 1540 1314 1596 reddendi
1332 1541 1622 1595 rationem.
1648 1539 1898 1607 Quonam
1929 1550 2109 1596 autem

2215 1541 2317 1613 τῆς
2351 1544 2481 1614 περὶ
2516 1543 2612 1597 τοῦ
2656 1545 2990 1599 πλάττεσθαι
3031 1548 3180 1616 ἡμᾶς
3204 1546 3460 1609 ὑπονοίας
3483 1543 3816 1614 κατασταίη.

528 1637 638 1692 alio
702 1636 968 1706 consequi
1001 1636 1165 1692 modo
1220 1637 1539 1705 poterimus,
1595 1645 1655 1690 ut
1705 1636 1844 1691 ritus
1898 1637 2106 1707 patrios
2140 1636 2265 1707 jure
2333 1653 2398 1692 ac
2469 1640 2667 1694 merito
2708 1640 3019 1695 deseruisse
3069 1641 3371 1705 videamur,
3408 1654 3572 1709 quam
3607 1638 3651 1693 si
3694 1636 3819 1693 illos

527 1728 682 1801 ipsos
714 1730 771 1785 in
804 1730 1043 1787 medium
1085 1730 1491 1801 producamus,
1526 1738 1584 1785 et
1617 1744 1833 1792 eorum.
1868 1731 1961 1800 qui
2006 1731 2109 1786 bos
2148 1732 2202 1784 in
2260 1731 2433 1787 libros
2467 1732 2779 1797 inciderint,
2821 1734 2893 1788 ob
2963 1726 3153 1788 oculos
3205 1731 3517 1804 ponamus?
3546 1729 3637 1786 Sic
3666 1728 3815 1785 enim

526 1822 854 1894 evangelica
896 1836 1116 1893 quoque
1167 1822 1654 1879 demonstrationis
1684 1823 1767 1878 vis
1800 1823 1893 1878 illa
1924 1824 2108 1879 divina
2147 1825 2354 1881 clarius
2420 1827 2711 1889 elucescet,
2745 1828 2791 1882 si
2820 1829 2997 1883 oculis
3036 1843 3230 1881 omnes
3279 1839 3550 1895 usurpare
3615 1836 3815 1895 potue-

525 1916 661 1983 rint,
706 1932 942 1987 quorum
989 1917 1207 1973 tandem
1248 1925 1306 1974 et
1364 1917 1676 1989 cujusmodi
1737 1919 2006 1975 malorum
2048 1934 2110 1974 ea
2184 1920 2514 1976 medicinam
2554 1920 2784 1976 feliciter
2831 1922 3135 1976 ammntiet.
3164 1919 3286 1987 Quo
3330 1928 3489 1990 pacto
3550 1928 3814 1988 praeterea

528 2025 633 2066 nos
678 2024 1017 2081 magnacum
1045 2010 1260 2067 ratione
1306 2008 1623 2067 Judaeorum
1669 2012 1879 2068 litteras
1950 2024 2274 2082 persecutos
2321 2031 2444 2072 esse
2509 2017 2802 2079 constabit,
2873 2017 2978 2071 nisi
3019 2032 3208 2071 earum
3261 2015 3426 2070 etiam
3487 2014 3598 2068 vim
3645 2022 3816 2084 atque

528 2106 910 2164 auctoritatem
946 2107 1341 2164 ostendamus?
1398 2106 1518 2163 Jam
1558 2123 1690 2164 vero
1727 2109 2054 2180 praeclarum
2112 2111 2273 2165 simul
2324 2111 2507 2179 fuerit,
2539 2128 2705 2183 quam
2771 2113 2842 2167 ob
2878 2128 3100 2167 causam
3170 2110 3263 2182 qui
3317 2110 3562 2180 ipsorum
3622 2122 3817 2162 monu—

527 2211 714 2258 menta
739 2200 1194 2272 complectamur,
1224 2202 1462 2259 similem
1527 2211 1710 2258 tamen
1744 2204 1872 2259 vita:
1941 2207 2395 2262 consuetudinem
2458 2209 2832 2279 repudiemus,
2862 2208 3184 2273 ostendere;
3249 2204 3317 2262 ad
3348 2215 3655 2260 extremum
3690 2218 3815 2274 qua

525 2306 715 2355 nostra
774 2298 849 2353 sit
900 2298 1229 2370 evangelicae
1282 2298 1550 2353 doctrinae
1600 2299 1763 2362 ratio.
1797 2301 1923 2371 quis
1982 2301 2111 2358 item
2181 2303 2400 2373 pr0prie
2459 2302 2918 2358 Cltt'istianistuus
2956 2302 3293 2366 nominetur,
3337 2302 3537 2369 quippe
3566 2297 3661 2368 qui
3710 2312 3811 2352 ne-

527 2407 634 2464 que
662 2392 977 2450 Grecorum
1010 2394 1102 2459 sit,
1132 2408 1309 2465 neque
1347 2392 1662 2450 Judaeorum
1699 2396 2036 2465 institutum,
2077 2398 2171 2453 sed
2215 2412 2406 2454 recens
2430 2398 2688 2469 quaedam
2716 2416 2953 2469 veraque
2983 2398 3076 2453 Dei
3114 2397 3403 2468 sapientia,
3428 2411 3551 2466 qute
3580 2395 3665 2449 vel
3694 2394 3813 2465 ipso

523 2489 748 2545 nomine
792 2488 1148 2554 professionis
1181 2504 1295 2545 suas
1354 2491 1652 2546 novitatem
1699 2507 1813 2562 prae
1839 2508 1898 2547 se
1948 2493 2106 2548 ferat.
2148 2493 2262 2565 Age
2301 2494 2516 2565 itaque,
2576 2497 2980 2552 vetustissimas
3019 2496 3267 2565 adeoque
3305 2494 3426 2548 illas
3470 2494 3639 2563 ipsas,
3672 2508 3813 2564 quas

526 2597 558 2639 a
615 2583 921 2654 majoribus
973 2585 1285 2654 accepimus
1313 2585 1382 2641 de
1411 2584 1639 2641 deorum
1692 2595 1886 2642 natura
1932 2588 2254 2653 sententias,
2300 2603 2531 2659 quaeque
2571 2589 2625 2642 in
2690 2588 2947 2644 omnibus
3003 2590 3209 2659 passim
3247 2589 3474 2644 urbibus
3511 2593 3812 2645 etiamnum

522 2677 719 2748 jactari
734 2678 1175 2749 solent;unaque
1190 2682 1613 2752 pergravesillas
1629 2684 1971 2753 egregiorum
2006 2685 2478 2755 philosophorum,
2516 2683 2585 2739 de
2603 2685 2789 2739 mundi
2827 2700 2891 2739 ac
2914 2685 3140 2739 deorum
3183 2686 3425 2755 ipsorum
3444 2686 3812 2755 origine,dis-

520 2771 985 2843 putationesante
1030 2772 1214 2827 omnia
1234 2774 1666 2844 contemplemur
1698 2793 1710 2829 :
1740 2775 1824 2830 sic
1857 2775 2005 2830 enitn
2039 2776 2426 2848 intelligemus,
2458 2777 2654 2845 jurene
2713 2792 2782 2829 an
2836 2792 2996 2831 secus
3051 2776 3122 2830 ab
3174 2777 3366 2831 iisdem
3399 2778 3808 2832 recesserimus.

526 2865 630 2936 17
649 2862 839 2920 Verbis
858 2873 1062 2933 autem,
1086 2865 1140 2921 in
1163 2865 1232 2921 iis
1253 2882 1376 2936 qua:
1408 2868 1506 2924 abs
1548 2884 1634 2924 me
1677 2871 1975 2941 prodentur
2012 2882 2175 2942 atque
2197 2872 2590 2943 vulgabuntur,
2637 2884 2747 2926 non
2782 2872 2921 2926 meis
2952 2882 3095 2935 utar,
3134 2872 3227 2927 sed
3270 2874 3511 2939 illorum,
3546 2873 3636 2940 qui
3670 2886 3812 2942 quos

524 2957 626 3027 ipsi
656 2957 789 3014 deos
813 2969 1032 3027 vocant,
1079 2974 1273 3015 eorum
1309 2961 1516 3017 cultum
1548 2964 1813 3036 singulari
1863 2981 1927 3021 ac
1961 2969 2233 3039 prmcipua
2266 2967 2616 3023 contentione
2672 2968 2963 3039 studioque
3015 2966 3395 3036 defenderunt,
3445 2979 3505 3024 ut
3552 2969 3622 3024 ab
3660 2965 3810 3024 omni

523 3048 759 3121 ﬁngendi
792 3048 1273 3121 calumniandiqtm
1306 3053 1620 3122 suspicione
1649 3066 1841 3111 nostra
1882 3056 1995 3112 haec
2023 3056 2325 3129 disputatio
2359 3057 2690 3113 vindicetur.

1131 3143 1364 3202 CAPUT
1400 3146 1490 3202 VI.

560 3259 639 3315 De
665 3259 901 3330 principe
931 3257 1239 3314 Phoenicum
1266 3259 1750 3333 aﬂgyptiorumque
1788 3262 2074 3335 theologia.

591 3370 887 3429 Phoenices
910 3371 1129 3442 quidem
1161 3379 1217 3427 et
1242 3370 1529 3443 Egyptios
1554 3374 1802 3429 omnium
1838 3374 2114 3446 principes

524 3467 649 3534 soli,
685 3465 829 3521 luna:
854 3479 920 3520 ac
941 3463 1115 3519 stellis
1142 3464 1481 3520 divinitatem
1520 3466 1803 3534 tribuisse,
1830 3468 2113 3538 vulgatum

525 3570 643 3627 est;
675 3558 853 3629 iisque
892 3557 1027 3615 solis
1069 3572 1254 3614 rerum
1295 3557 1544 3615 omnium
1569 3568 1721 3615 ortus
1751 3561 2115 3633 interitusque

525 3665 748 3707 causam
780 3648 1120 3721 assignasse;
1152 3649 1350 3705 deinde
1374 3665 1504 3706 vero
1529 3667 1654 3721 qua:
1676 3653 1883 3722 passim
1913 3663 1968 3708 et
1990 3653 2114 3709 ubi-

524 3759 634 3815 que
672 3744 950 3815 jactantur
986 3742 1219 3799 deorum
1266 3751 1379 3798 tam
1437 3744 1751 3801 molitiones
1782 3760 1948 3816 quam
1978 3761 2112 3816 pro-

524 3835 835 3893 creationes
866 3835 924 3890 in
962 3834 1246 3893 hominum
1300 3850 1473 3906 genus
1530 3835 1803 3892 invexisse
1843 3854 1859 3890 :
1918 3836 2110 3891 saltem

525 3937 652 3983 ante
679 3928 823 3996 illos,
848 3942 1015 3998 supra
1044 3941 1134 3983 res
1164 3942 1260 3984 eas
1300 3943 1425 3996 qua:
1457 3929 1512 3983 in
1541 3928 1683 3983 caelo
1708 3927 1881 3983 videri
1910 3927 2110 3995 solent,

496 4060 502 4069 .
524 4020 884 4091 intelligentia
902 4020 987 4075 vel
996 4020 1277 4076 tantillum
1292 4036 1642 4091 progressum
1658 4036 1782 4077 esse
1802 4020 2075 4075 neminem
2093 4038 2109 4089 ;

522 4113 572 4168 si
600 4122 779 4167 tamen
810 4127 1017 4183 paucos
1050 4112 1260 4183 aliquot
1276 4114 1545 4185 excipias,
1571 4129 1807 4184 quorum
1831 4114 1974 4185 apud
2002 4112 2107 4170 He-

522 4203 701 4259 braeos
732 4203 1003 4260 memoria
1027 4204 1355 4270 celebratur,
1385 4206 1481 4276 qui
1509 4214 1682 4261 totum
1714 4205 1770 4261 id
1797 4207 1951 4276 quod
1986 4206 2111 4263 visu

524 4293 842 4365 percipitur,
882 4293 1047 4365 longe
1095 4294 1394 4366 purissimo
1417 4293 1618 4350 mentis
1661 4292 1822 4349 oculo
1844 4309 2113 4363 superan-

519 4395 629 4450 tes,
684 4388 865 4457 ipsum
914 4387 1105 4443 mundi
1137 4385 1484 4452 Ell‘ectorem,
1516 4400 1582 4441 ac
1630 4400 1812 4441 rerum
1862 4386 2110 4442 omnium

522 4475 834 4532 molitorem
863 4489 1051 4532 sancte
1069 4476 1265 4547 pieque
1287 4475 1609 4543 coluerunt;
1640 4490 1768 4531 cum
1796 4485 2006 4532 tantam
2036 4476 2107 4531 il-

2746 3152 3146 3207 KEtbAAAlON
3176 3154 3266 3220 cr.

2216 3267 2357 3337 Περὶ
2389 3266 2685 3321 Φοινίκων
2710 3266 2807 3321 καί
2838 3267 3179 3336 Αιγυπτίων
3214 3266 3527 3336 θεολογίας
3553 3265 3790 3334 πρώτης

2285 3381 2545 3444 Φοίνικας
2569 3379 2860 3452 τοιγαροῦν
2887 3380 2980 3433 καὶ
3003 3379 3333 3448 Αἰγυπτίους
3360 3377 3608 3450 πρώτους
3634 3378 3805 3432 ἀπάν-

2215 3488 2326 3526 των
2366 3471 2588 3542 κατέχει
2623 3471 2801 3540 λόγος,
2835 3471 2986 3541 ἥλιον
3027 3471 3123 3533 καὶ
3170 3469 3402 3542 σελήνην
3449 3470 3543 3521 καὶ
3576 3469 3809 3542 ἀστέρας

2217 3563 2373 3628 θεοὺς
2398 3563 2698 3634 ἀποφῆναι,
2731 3562 2925 3633 μόνους
2951 3578 3013 3615 τε
3052 3558 3193 3615 εἶναι
3218 3562 3317 3633 τῆς
3344 3561 3452 3615 τῶν
3477 3560 3615 3614 ὅλων
3657 3559 3800 3629 γενέ-

2218 3654 2356 3721 σεώς
2391 3672 2453 3709 τε
2485 3655 2581 3709 καὶ
2618 3654 2825 3726 φθορᾶς
2865 3653 3107 3717 αἰτίους·
3145 3648 3267 3707 εἶτα
3302 3653 3360 3706 δὲ
3385 3652 3482 3716 τὰς
3511 3653 3661 3725 παρά
3696 3654 3807 3719 τοῖς

2216 3750 2351 3802 πᾶσι
2398 3746 2679 3819 βοωμένας
2712 3745 2988 3811 θεοποιίας
3034 3762 3093 3799 τε
3127 3746 3221 3799 καὶ
3259 3744 3537 3814 θεογονίας
3588 3747 3804 3816 εἰσηγη-

2216 3840 2414 3895 σασθαι
2438 3839 2518 3912 τῷ
2543 3839 2663 3911 βίῳο
2694 3839 2800 3911 πρὸ
2823 3838 2881 3892 δέ
2905 3855 2969 3907 γε
2994 3837 3197 3892 τούτων
3225 3838 3428 3910 μηδένα
3456 3838 3620 3908 μηδὲν
3649 3837 3806 3890 πλέον

2213 3930 2322 3984 τῶν
2360 3931 2482 3985 κατ’
2509 3929 2741 4001 οὐρανὸν
2777 3930 3121 4001 φαινομένων
3154 3930 3375 3994 εἰδέναι,
3415 3929 3610 3997 ὀλίγων
3652 3927 3806 3991 ἐκτὸς

2215 4020 2424 4093 ἀνδρῶν
2451 4020 2559 4074 τῶν
2587 4021 2718 4092 παρ’
2754 4020 3030 4092 Ἐὃραίοις
3067 4020 3582 4092 μνημονευομένων,
3612 4020 3661 4072 οἳ
3688 4018 3798 4072 δια-

2213 4114 2361 4179 νοίας
2405 4113 2817 4185 καθαρωτάτοις
2842 4115 3055 4185 ὄμμασι
3092 4114 3200 4167 πᾶν
3240 4113 3303 4167 τὸ
3328 4111 3606 4185 ὁρώμενον
3634 4112 3801 4182 ὑπερ⁴

2213 4206 2505 4277 κύψαντες,
2548 4205 2640 4260 τὸν
2671 4205 3001 4277 κοσμοποιδν
3037 4206 3133 4260 καὶ
3166 4206 3259 4260 τὸν
3299 4205 3436 4259 ὅλων
3478 4204 3810 4275 δημιουργὸν

2212 4295 2613 4366 ἐσεϐάσθησαν,
2643 4296 3167 4368 ὑπερθαυμάσαντες
3204 4295 3306 4366 τῆς
3334 4294 3604 4365 τοσαύτης
3644 4295 3809 4349 αὐτὸν

2214 4389 2407 4460 σοφίας
2431 4404 2491 4441 τε
2512 4389 2606 4442 καὶ
2630 4388 2932 4459 δυνάμεως,
2949 4388 3015 4458 ἣν
3042 4390 3105 4442 εκ
3130 4387 3240 4441 τῶν
3263 4387 3440 4461 ἔργων
3467 4387 3810 4457 ἐφαντάσθηση

2215 4496 2337 4543 σαν,
2364 4479 2461 4533 καὶ
2495 4478 2654 4549 μόνον
2681 4474 2819 4533 εἶναι
2848 4480 2981 4541 Θεὸν
3009 4477 3343 4543 πεισθέντες,
3392 4478 3554 4550 μόνον
3581 4478 3807 4543 εἰκότως

521 4568 632 4625 lius
664 4568 989 4638 sapientiam
1023 4576 1187 4638 atque
1232 4577 1585 4638 potestatem,
1617 4584 1785 4639 quam
1832 4578 2111 4639 utcunque

2215 4569 2595 4641 ὲθεολόγησαν,
2630 4570 2729 4642 τὴν
2769 4570 2944 4642 άληθῆ
2977 4571 3073 4623 καὶ
3106 4569 3352 4642 πρώτην,
3384 4572 3476 4631 καὶ
3506 4572 3675 4643 μόνην
3709 4572 3804 4625 εὐ-

521 4660 631 4717 sibi
681 4675 747 4714 ex
791 4659 1048 4729 operibus
1079 4658 1215 4729 ipsis
1264 4659 1450 4716 animo
1482 4668 1536 4716 et
1573 4660 1905 4731 cogitatione
1935 4659 2106 4731 tinge—

521 4752 678 4817 bant,
716 4750 981 4823 singulari
1013 4752 1253 4821 quadam
1299 4751 1662 4808 admiratione
1706 4766 2105 4823 prosequeren-

519 4850 611 4899 tur
635 4861 652 4897 :
677 4855 917 4913 cumque
941 4857 1110 4897 unum
1135 4842 1289 4897 illum
1313 4840 1482 4898 Deum
1508 4841 1677 4898 semel
1699 4856 1822 4897 esse
1842 4842 2109 4898 credidis-

521 4939 667 4999 simt,
694 4934 952 4991 eumdem
982 4950 1205 5005 quoque
1229 4934 1401 4989 Deum
1428 4949 1624 4998 unum,
1657 4942 1717 4989 ut
1744 4949 1842 5004 par
1864 4942 2004 4999 erat,
2030 4933 2108 4989 ita

519 5025 925 5097 pradicarunt,
975 5034 1037 5082 ut
1080 5039 1269 5081 veram
1318 5025 1466 5080 illam
1503 5039 1570 5081 ac
1608 5025 1909 5095 principem
1951 5039 2108 5082 eam-

519 5119 756 5193 demque
801 5118 976 5175 solam
1006 5116 1285 5189 pietatem,
1323 5131 1488 5187 quam
1528 5131 1560 5171 a
1601 5118 1920 5187 parentibus
1949 5132 2109 5174 acce-

522 5216 739 5280 perant,
772 5208 1017 5265 studiose
1042 5207 1198 5263 liberi
1229 5208 1547 5262 retinerent.
1580 5208 1650 5263 At
1678 5209 1889 5279 reliqua
1926 5209 2108 5266 homi-

519 5314 653 5354 num
694 5297 988 5354 multitudo
1010 5311 1139 5352 cum
1181 5296 1251 5350 ab
1283 5295 1405 5365 ejus
1433 5296 1599 5353 unius
1630 5298 1857 5354 veritate
1894 5300 2109 5369 pietatis

522 5389 840 5457 excidisset,
882 5390 950 5445 ad
976 5387 1103 5444 οωιί
1141 5398 1440 5455 astrorum,
1471 5403 1594 5459 quae
1622 5390 1899 5460 corporeis
1932 5390 2110 5447 oculis

522 5482 862 5545 intuebatur,
890 5479 1238 5550 splendorem
1266 5479 1463 5550 puerili
1486 5489 1666 5536 mente
1691 5480 2109 5551 obstupescens,

519 5573 615 5630 illa
646 5574 782 5630 deos
804 5587 928 5628 esse
961 5571 1355 5641 pronuntiavit,
1386 5571 1687 5642 iisdemque
1712 5572 2111 5629 sacrificiorum

518 5676 575 5719 et
604 5664 944 5723 adorationis
981 5662 1186 5719 cultum
1223 5664 1499 5733 adhibuit;
1552 5665 1634 5721 sic
1682 5672 1887 5732 tamen,
1922 5675 2114 5723 utnec

521 5757 660 5825 ipsis
690 5756 892 5826 templa
927 5766 1291 5824 construeret,
1324 5773 1425 5814 nec
1467 5772 1658 5812 eorum
1707 5766 1916 5814 statuas
1948 5767 2113 5831 atque

529 5847 825 5902 simulacra
851 5847 1135 5903 mortalem
1160 5849 1327 5905 ullam
1350 5851 1406 5905 iu
1437 5848 1673 5919 speciem
1696 5845 1993 5919 efﬁngeret,
2017 5850 2110 5907 sed

2213 4662 2430 4717 σέσειαν
2475 4664 2606 4728 παῖς
2650 4662 2804 4734 παρά
2843 4663 3050 4734 πατρὸς
3073 4663 3445 4735 διαδεξάμενοι
3487 4667 3585 4718 καὶ
3638 4666 3808 4735 φυλά-

2209 4753 2419 4821 ξαντες.
2451 4756 2518 4809 Οἵ
2541 4772 2604 4824 γε
2650 4754 2758 4827 μὴν
2796 4755 2974 4809 λοιποὶ
3018 4754 3127 4810 τῶν
3154 4755 3458 4827 ἀνθρώπων
3502 4758 3664 4829 τῆσδε
3702 4760 3805 4828 τῆς

2213 4844 2382 4917 μόνης
2406 4846 2503 4898 καὶ
2539 4844 2773 4916 ἀληθοῦς
2800 4844 3173 4910 ἀποπεσὸντες
3199 4845 3503 4909 εὐσεϐείας,
3549 4846 3623 4900 τὰ
3656 4864 3807 4916 φιλησ-

2212 4937 2355 5009 ιρόρα
2398 4936 2508 4992 τῶν
2541 4937 2830 5010 οὐρανίων,
2875 4937 3078 5008 σαρκὸς
3122 4936 3443 5008 ὀφθαλμοῖς,
3491 4932 3581 4991 οἷα
3621 4941 3805 5010 νήπιοι

2209 5026 2310 5091 τὰς
2334 5026 2512 5099 ψυχὰς
2544 5026 3008 5096 καταπλαγέντες,
3037 5027 3196 5091 θεούς
3232 5043 3293 5080 τε
3320 5028 3561 5093 ἀνεῖπον,
3589 5031 3684 5083 καὶ
3712 5030 3808 5084 θυ-

2213 5115 2355 5180 σίαις
2393 5117 2487 5170 καὶ
2516 5118 2954 5188 προσκυνήσεσιν
2992 5115 3307 5186 ἐγέραιρον·
3351 5114 3412 5167 οὐ
3442 5112 3578 5179 νεὼς
3613 5115 3805 5186 δειμά-

2215 5225 2388 5279 μενοι,
2422 5208 2529 5261 οὐδ¹
2565 5206 2903 5279 ἀφιδρύμασι
2946 5208 3042 5260 καὶ
3082 5205 3293 5272 ξοάνοις
3341 5205 3553 5276 θνητῶν
3585 5205 3803 5270 εἰκόνας

2212 5299 2554 5371 πλασάμενοι
2572 5316 2587 5329 ·
2618 5298 2755 5371 πρὸς
2784 5298 2979 5370 αἰθέρα
3004 5298 3063 5352 δὲ
3091 5298 3185 5351 καὶ
3212 5296 3373 5351 αὑτὸν
3406 5297 3636 5370 οὐρανὸν
3669 5298 3809 5352 ἀπο-

2213 5390 2525 5455 ϐλέποντες,
2561 5392 2657 5445 καὶ
2686 5389 2849 5462 μέχρι
2891 5389 3002 5444 τῶν
3031 5389 3164 5461 τῇδε
3211 5390 3505 5461 ὁρωμένων
3536 5391 3658 5454 ταῖς
3695 5388 3802 5459 ψυ-

2214 5486 2336 5554 χαῖς
2375 5480 2776 5553 ἐφικνούμενοι.
2821 5480 2957 5535 Ἀλλ’
2982 5482 3043 5535 οὐ
3070 5482 3199 5553 τῇδε
3238 5482 3348 5554 ἄρα
3382 5484 3476 5536 καὶ
3501 5484 3615 5548 τοῖς
3644 5480 3803 5553 μετέ-

2215 5593 2377 5629 πειτα
2402 5574 2709 5648 ἀνθρώποις
2728 5576 2797 5630 τά
2822 5576 2923 5647 τῆς
2944 5575 3204 5629 πολυθέου
3232 5576 3441 5644 πλάνης
3460 5576 3800 5645 περιίστατο,

2215 5667 2504 5722 ἐλαύνοντα
2527 5667 2584 5721 δὲ
2608 5668 2690 5731 είς
2717 5665 2876 5738 βυθὸν
2907 5667 3114 5733 κακῶν,
3147 5667 3370 5740 μείζονα
3390 5669 3487 5739 τῆς
3513 5666 3802 5737 ἀθεότητος

2213 5759 2311 5832 τὴν
2345 5760 2663 5817 δυσσέὸειαν
2697 5762 3096 5834 ἀπειργάζετο,
3144 5763 3426 5825 Φοινίκων,
3473 5756 3593 5813 εἶτα
3637 5760 3803 5825 Δίγυ-

2217 5851 2388 5907 πτίων
2437 5852 2840 5922 ἀπαρξαμένων
2904 5853 3007 5919 τῆς
3058 5852 3301 5916 πλάνης·
3358 5853 3487 5913 παρ’
3536 5843 3611 5905 ὧν
3666 5867 3800 5912 ςασι
