  <div class='ocr_page' id='page_1' title='image "/cluster/home/n/w/nwhite01/storage/ocr_20150623/21:no.3/coo.31924054873017/038.png"; bbox 0 0 4154 6422; ppageno 0'>
   <div class='ocr_carea' id='block_1_1' title="bbox 385 314 1971 388">
    <p class='ocr_par' dir='ltr' id='par_1_1' title="bbox 385 314 1971 377">
     <span class='ocr_line' id='line_1_1' title="bbox 385 314 1971 377; baseline 0.013 -21"><span class='ocrx_word' id='word_1_1' title='bbox 385 314 468 377; x_wconf 70' lang='grc' dir='ltr'><strong>ιθ</strong></span> <span class='ocrx_word' id='word_1_2' title='bbox 1600 318 1924 376; x_wconf 69' lang='grc' dir='ltr'><strong>ΡΗΑςΡΑῐζ.</strong></span> <span class='ocrx_word' id='word_1_3' title='bbox 1969 369 1971 377; x_wconf 41' lang='grc' dir='ltr'><strong><em>λ</em></strong></span> 
     </span>
    </p>
   </div>
   <div class='ocr_carea' id='block_1_2' title="bbox 2071 314 3656 388">
    <p class='ocr_par' dir='ltr' id='par_1_2' title="bbox 2071 323 3656 388">
     <span class='ocr_line' id='line_1_2' title="bbox 2071 323 3656 388; baseline 0.006 -10"><span class='ocrx_word' id='word_1_4' title='bbox 2071 323 2220 380; x_wconf 72' lang='lat' dir='ltr'><strong>ANG.</strong></span> <span class='ocrx_word' id='word_1_5' title='bbox 2265 326 2393 380; x_wconf 78' lang='lat' dir='ltr'><strong>LIB.</strong></span> <span class='ocrx_word' id='word_1_6' title='bbox 2439 324 2477 380; x_wconf 88' lang='lat' dir='ltr'><strong>l.</strong></span> <span class='ocrx_word' id='word_1_7' title='bbox 3587 333 3656 388; x_wconf 81' lang='lat'><strong>50</strong></span> 
     </span>
    </p>
   </div>
   <div class='ocr_carea' id='block_1_3' title="bbox 388 428 1971 512">
    <p class='ocr_par' dir='ltr' id='par_1_3' title="bbox 388 428 1971 506">
     <span class='ocr_line' id='line_1_3' title="bbox 388 428 1971 506; baseline 0.003 -21"><span class='ocrx_word' id='word_1_8' title='bbox 388 431 613 504; x_wconf 83' lang='grc' dir='ltr'>πρῶτον</span> <span class='ocrx_word' id='word_1_9' title='bbox 645 428 850 502; x_wconf 78' lang='grc' dir='ltr'>Ὀρφέα</span> <span class='ocrx_word' id='word_1_10' title='bbox 875 430 965 485; x_wconf 79' lang='grc' dir='ltr'><strong>τὸν</strong></span> <span class='ocrx_word' id='word_1_11' title='bbox 1001 431 1235 502; x_wconf 82' lang='grc' dir='ltr'>Ὑάγρου</span> <span class='ocrx_word' id='word_1_12' title='bbox 1263 431 1372 503; x_wconf 82' lang='lat' dir='ltr'><strong>(Il)</strong></span> <span class='ocrx_word' id='word_1_13' title='bbox 1403 433 1886 506; x_wconf 86' lang='grc' dir='ltr'>μεταστησάμενον</span> <span class='ocrx_word' id='word_1_14' title='bbox 1903 436 1971 489; x_wconf 84' lang='grc' dir='ltr'><strong>τά</strong></span> 
     </span>
    </p>
   </div>
   <div class='ocr_carea' id='block_1_4' title="bbox 2071 428 3654 512">
    <p class='ocr_par' dir='ltr' id='par_1_4' title="bbox 2071 440 3654 512">
     <span class='ocr_line' id='line_1_4' title="bbox 2071 440 3654 512; baseline 0.004 -20"><span class='ocrx_word' id='word_1_15' title='bbox 2071 450 2351 509; x_wconf 88' lang='lat' dir='ltr'><strong>aspectum</strong></span> <span class='ocrx_word' id='word_1_16' title='bbox 2396 443 2450 494; x_wconf 91' lang='lat' dir='ltr'><strong>in</strong></span> <span class='ocrx_word' id='word_1_17' title='bbox 2477 441 2676 496; x_wconf 59' lang='lat' dir='ltr'><strong>aethera</strong></span> <span class='ocrx_word' id='word_1_18' title='bbox 2699 440 3008 512; x_wconf 65' lang='lat' dir='ltr'><strong>coelumque</strong></span> <span class='ocrx_word' id='word_1_19' title='bbox 3041 441 3220 512; x_wconf 90' lang='lat' dir='ltr'><strong>ipsum</strong></span> <span class='ocrx_word' id='word_1_20' title='bbox 3255 444 3489 498; x_wconf 84' lang='lat' dir='ltr'><strong>omnino</strong></span> <span class='ocrx_word' id='word_1_21' title='bbox 3518 444 3654 499; x_wconf 81' lang='lat' dir='ltr'><strong>deii-</strong></span> 
     </span>
    </p>
   </div>
   <div class='ocr_carea' id='block_1_5' title="bbox 390 522 1969 597">
    <p class='ocr_par' dir='ltr' id='par_1_5' title="bbox 390 522 1969 597">
     <span class='ocr_line' id='line_1_5' title="bbox 390 522 1969 597; baseline 0.004 -23"><span class='ocrx_word' id='word_1_22' title='bbox 390 524 526 594; x_wconf 87' lang='grc' dir='ltr'>παρ’</span> <span class='ocrx_word' id='word_1_23' title='bbox 598 522 946 590; x_wconf 79' lang='grc' dir='ltr'><strong>Αἰγυπτίοις,</strong></span> <span class='ocrx_word' id='word_1_24' title='bbox 1008 523 1232 594; x_wconf 87' lang='grc' dir='ltr'>Ἕλλησι</span> <span class='ocrx_word' id='word_1_25' title='bbox 1289 524 1606 594; x_wconf 81' lang='grc' dir='ltr'>μεταδοῦναι</span> <span class='ocrx_word' id='word_1_26' title='bbox 1663 527 1969 597; x_wconf 71' lang='grc' dir='ltr'>μυστήρια,</span> 
     </span>
    </p>
   </div>
   <div class='ocr_carea' id='block_1_6' title="bbox 393 613 1971 688">
    <p class='ocr_par' dir='ltr' id='par_1_6' title="bbox 393 613 1971 688">
     <span class='ocr_line' id='line_1_6' title="bbox 393 613 1971 688; baseline 0.004 -22"><span class='ocrx_word' id='word_1_27' title='bbox 393 613 681 686; x_wconf 83' lang='grc' dir='ltr'>ὡσπεροῦν</span> <span class='ocrx_word' id='word_1_28' title='bbox 709 615 803 668; x_wconf 78' lang='grc' dir='ltr'><strong>καὶ</strong></span> <span class='ocrx_word' id='word_1_29' title='bbox 852 615 1069 686; x_wconf 84' lang='grc' dir='ltr'><strong>Κάδμον</strong></span> <span class='ocrx_word' id='word_1_30' title='bbox 1096 615 1164 668; x_wconf 78' lang='grc' dir='ltr'>τὰ</span> <span class='ocrx_word' id='word_1_31' title='bbox 1188 616 1466 670; x_wconf 77' lang='grc' dir='ltr'><strong>Φοινικικὰ</strong></span> <span class='ocrx_word' id='word_1_32' title='bbox 1489 613 1601 681; x_wconf 67' lang='grc' dir='ltr'>τοῖς</span> <span class='ocrx_word' id='word_1_33' title='bbox 1624 618 1806 682; x_wconf 83' lang='grc' dir='ltr'>αὐτοῖς</span> <span class='ocrx_word' id='word_1_34' title='bbox 1832 620 1971 688; x_wconf 91' lang='grc' dir='ltr'>άγα-</span> 
     </span>
    </p>
   </div>
   <div class='ocr_carea' id='block_1_7' title="bbox 388 705 1974 782">
    <p class='ocr_par' dir='ltr' id='par_1_7' title="bbox 388 705 1974 782">
     <span class='ocr_line' id='line_1_7' title="bbox 388 705 1974 782; baseline 0.004 -25"><span class='ocrx_word' id='word_1_35' title='bbox 388 709 510 776; x_wconf 87' lang='grc' dir='ltr'>γεῖν</span> <span class='ocrx_word' id='word_1_36' title='bbox 540 705 679 777; x_wconf 80' lang='grc' dir='ltr'>μετὰ</span> <span class='ocrx_word' id='word_1_37' title='bbox 703 706 797 759; x_wconf 73' lang='grc' dir='ltr'>καὶ</span> <span class='ocrx_word' id='word_1_38' title='bbox 823 706 924 775; x_wconf 79' lang='grc' dir='ltr'>τῆς</span> <span class='ocrx_word' id='word_1_39' title='bbox 947 707 1056 760; x_wconf 85' lang='grc' dir='ltr'><strong>τῶν</strong></span> <span class='ocrx_word' id='word_1_40' title='bbox 1095 708 1438 778; x_wconf 80' lang='grc' dir='ltr'><strong>γραμμάτων</strong></span> <span class='ocrx_word' id='word_1_41' title='bbox 1470 709 1758 782; x_wconf 75' lang='grc' dir='ltr'>μαθήσεως</span> <span class='ocrx_word' id='word_1_42' title='bbox 1778 727 1791 740; x_wconf 90' lang='grc'><strong>·</strong></span> <span class='ocrx_word' id='word_1_43' title='bbox 1821 709 1974 764; x_wconf 81' lang='grc' dir='ltr'>οΰπω</span> 
     </span>
    </p>
   </div>
   <div class='ocr_carea' id='block_1_8' title="bbox 390 798 1972 874">
    <p class='ocr_par' dir='ltr' id='par_1_8' title="bbox 390 798 1972 874">
     <span class='ocr_line' id='line_1_8' title="bbox 390 798 1972 874; baseline 0.003 -23"><span class='ocrx_word' id='word_1_44' title='bbox 390 798 503 870; x_wconf 81' lang='grc' dir='ltr'><strong>γὰρ</strong></span> <span class='ocrx_word' id='word_1_45' title='bbox 539 799 704 851; x_wconf 81' lang='grc' dir='ltr'>εἱσέτι</span> <span class='ocrx_word' id='word_1_46' title='bbox 735 798 862 862; x_wconf 79' lang='grc' dir='ltr'>τοὺς</span> <span class='ocrx_word' id='word_1_47' title='bbox 891 798 1155 870; x_wconf 81' lang='grc' dir='ltr'>’Έλληνας</span> <span class='ocrx_word' id='word_1_48' title='bbox 1191 799 1313 852; x_wconf 86' lang='grc' dir='ltr'>τότε</span> <span class='ocrx_word' id='word_1_49' title='bbox 1352 801 1452 872; x_wconf 81' lang='grc' dir='ltr'>τὴν</span> <span class='ocrx_word' id='word_1_50' title='bbox 1488 801 1596 854; x_wconf 85' lang='grc' dir='ltr'><strong>τῶν</strong></span> <span class='ocrx_word' id='word_1_51' title='bbox 1628 803 1972 874; x_wconf 75' lang='grc' dir='ltr'><strong>γραμμάτων</strong></span> 
     </span>
    </p>
   </div>
   <div class='ocr_carea' id='block_1_9' title="bbox 392 889 1972 964">
    <p class='ocr_par' dir='ltr' id='par_1_9' title="bbox 392 889 1972 964">
     <span class='ocr_line' id='line_1_9' title="bbox 392 889 1972 964; baseline 0 -21"><span class='ocrx_word' id='word_1_52' title='bbox 392 890 590 961; x_wconf 86' lang='grc' dir='ltr'>χρῆσιν</span> <span class='ocrx_word' id='word_1_53' title='bbox 617 889 834 943; x_wconf 77' lang='grc' dir='ltr'>εἰδέναι.</span> <span class='ocrx_word' id='word_1_54' title='bbox 865 889 1064 961; x_wconf 85' lang='grc' dir='ltr'>Πρῶτα</span> <span class='ocrx_word' id='word_1_55' title='bbox 1087 890 1263 944; x_wconf 80' lang='grc' dir='ltr'>τοίνυν</span> <span class='ocrx_word' id='word_1_56' title='bbox 1294 891 1606 962; x_wconf 71' lang='grc' dir='ltr'>σκεψόμεθα</span> <span class='ocrx_word' id='word_1_57' title='bbox 1637 893 1706 947; x_wconf 83' lang='grc' dir='ltr'>τὰ</span> <span class='ocrx_word' id='word_1_58' title='bbox 1732 894 1830 964; x_wconf 84' lang='grc' dir='ltr'>τῆς</span> <span class='ocrx_word' id='word_1_59' title='bbox 1880 910 1972 946; x_wconf 90' lang='grc' dir='ltr'>κο-</span> 
     </span>
    </p>
   </div>
   <div class='ocr_carea' id='block_1_10' title="bbox 403 980 1971 1058">
    <p class='ocr_par' dir='ltr' id='par_1_10' title="bbox 403 980 1971 1058">
     <span class='ocr_line' id='line_1_10' title="bbox 403 980 1971 1058; baseline 0.003 -24"><span class='ocrx_word' id='word_1_60' title='bbox 403 981 696 1052; x_wconf 88' lang='grc' dir='ltr'>σμογονίας</span> <span class='ocrx_word' id='word_1_61' title='bbox 727 982 826 1052; x_wconf 81' lang='grc' dir='ltr'><strong>τῆς</strong></span> <span class='ocrx_word' id='word_1_62' title='bbox 854 980 1096 1054; x_wconf 78' lang='grc' dir='ltr'><strong>πρώτης,</strong></span> <span class='ocrx_word' id='word_1_63' title='bbox 1141 983 1297 1046; x_wconf 83' lang='grc' dir='ltr'>,ὅπως</span> <span class='ocrx_word' id='word_1_64' title='bbox 1337 985 1384 1036; x_wconf 89' lang='grc' dir='ltr'><strong>οἱ</strong></span> <span class='ocrx_word' id='word_1_65' title='bbox 1427 983 1742 1055; x_wconf 79' lang='grc' dir='ltr'>δηλούμενοι</span> <span class='ocrx_word' id='word_1_66' title='bbox 1773 985 1971 1058; x_wconf 80' lang='grc' dir='ltr'>διειλή-</span> 
     </span>
    </p>
   </div>
   <div class='ocr_carea' id='block_1_11' title="bbox 394 1071 1971 1149">
    <p class='ocr_par' dir='ltr' id='par_1_11' title="bbox 394 1071 1971 1149">
     <span class='ocr_line' id='line_1_11' title="bbox 394 1071 1971 1149; baseline 0.004 -25"><span class='ocrx_word' id='word_1_67' title='bbox 394 1088 559 1140; x_wconf 73' lang='grc' dir='ltr'>φασιο</span> <span class='ocrx_word' id='word_1_68' title='bbox 592 1071 781 1125; x_wconf 80' lang='grc' dir='ltr'>ἔπειτα</span> <span class='ocrx_word' id='word_1_69' title='bbox 821 1072 889 1125; x_wconf 80' lang='grc' dir='ltr'>τὰ</span> <span class='ocrx_word' id='word_1_70' title='bbox 927 1073 1055 1144; x_wconf 77' lang='grc' dir='ltr'>περὶ</span> <span class='ocrx_word' id='word_1_71' title='bbox 1093 1075 1191 1144; x_wconf 86' lang='grc' dir='ltr'><strong>τῆς</strong></span> <span class='ocrx_word' id='word_1_72' title='bbox 1225 1073 1449 1146; x_wconf 83' lang='grc' dir='ltr'><strong>πρώτης</strong></span> <span class='ocrx_word' id='word_1_73' title='bbox 1475 1077 1570 1130; x_wconf 77' lang='grc' dir='ltr'><strong>καὶ</strong></span> <span class='ocrx_word' id='word_1_74' title='bbox 1603 1077 1971 1149; x_wconf 82' lang='grc' dir='ltr'>παλαιοτάτης</span> 
     </span>
    </p>
   </div>
   <div class='ocr_carea' id='block_1_12' title="bbox 392 1161 1966 1239">
    <p class='ocr_par' dir='ltr' id='par_1_12' title="bbox 392 1161 1966 1239">
     <span class='ocr_line' id='line_1_12' title="bbox 392 1161 1966 1239; baseline 0.005 -24"><span class='ocrx_word' id='word_1_75' title='bbox 392 1162 485 1215; x_wconf 76' lang='grc' dir='ltr'>τοῦ</span> <span class='ocrx_word' id='word_1_76' title='bbox 514 1161 622 1215; x_wconf 84' lang='grc' dir='ltr'>τῶν</span> <span class='ocrx_word' id='word_1_77' title='bbox 648 1161 947 1234; x_wconf 78' lang='grc' dir='ltr'>ἀνθρώπων</span> <span class='ocrx_word' id='word_1_78' title='bbox 975 1164 1087 1234; x_wconf 74' lang='grc' dir='ltr'>βίου</span> <span class='ocrx_word' id='word_1_79' title='bbox 1127 1166 1578 1237; x_wconf 75' lang='grc' dir='ltr'><strong>δεισιδαιμονίας·</strong></span> <span class='ocrx_word' id='word_1_80' title='bbox 1625 1168 1720 1221; x_wconf 76' lang='grc' dir='ltr'><strong>καὶ</strong></span> <span class='ocrx_word' id='word_1_81' title='bbox 1765 1169 1966 1239; x_wconf 85' lang='grc' dir='ltr'>τρίτον,</span> 
     </span>
    </p>
   </div>
   <div class='ocr_carea' id='block_1_13' title="bbox 391 1253 1964 1330">
    <p class='ocr_par' dir='ltr' id='par_1_13' title="bbox 391 1253 1964 1330">
     <span class='ocr_line' id='line_1_13' title="bbox 391 1253 1964 1330; baseline 0.003 -23"><span class='ocrx_word' id='word_1_82' title='bbox 391 1253 460 1307; x_wconf 81' lang='grc' dir='ltr'>τὰ</span> <span class='ocrx_word' id='word_1_83' title='bbox 493 1253 778 1307; x_wconf 79' lang='grc' dir='ltr'>Φοινίκων·</span> <span class='ocrx_word' id='word_1_84' title='bbox 808 1255 1088 1326; x_wconf 79' lang='grc' dir='ltr'>τέταρτον,</span> <span class='ocrx_word' id='word_1_85' title='bbox 1130 1255 1198 1308; x_wconf 83' lang='grc' dir='ltr'>τὰ</span> <span class='ocrx_word' id='word_1_86' title='bbox 1225 1257 1556 1326; x_wconf 78' lang='grc' dir='ltr'>Αἰγυπτίων.</span> <span class='ocrx_word' id='word_1_87' title='bbox 1595 1258 1730 1312; x_wconf 88' lang='grc' dir='ltr'>Μεθ’</span> <span class='ocrx_word' id='word_1_88' title='bbox 1754 1257 1790 1312; x_wconf 78' lang='grc' dir='ltr'><strong>ἃ</strong></span> <span class='ocrx_word' id='word_1_89' title='bbox 1821 1259 1964 1330; x_wconf 81' lang='grc' dir='ltr'>πέμ-</span> 
     </span>
    </p>
   </div>
   <div class='ocr_carea' id='block_1_14' title="bbox 392 1343 1970 1420">
    <p class='ocr_par' dir='ltr' id='par_1_14' title="bbox 392 1343 1970 1420">
     <span class='ocr_line' id='line_1_14' title="bbox 392 1343 1970 1420; baseline 0.005 -26"><span class='ocrx_word' id='word_1_90' title='bbox 392 1359 544 1406; x_wconf 83' lang='grc' dir='ltr'>πτον,</span> <span class='ocrx_word' id='word_1_91' title='bbox 571 1343 641 1396; x_wconf 75' lang='grc' dir='ltr'>τὰ</span> <span class='ocrx_word' id='word_1_92' title='bbox 681 1343 941 1415; x_wconf 86' lang='grc' dir='ltr'>Ἑλλήνων</span> <span class='ocrx_word' id='word_1_93' title='bbox 968 1344 1252 1408; x_wconf 80' lang='grc' dir='ltr'>διελόντες,</span> <span class='ocrx_word' id='word_1_94' title='bbox 1291 1345 1556 1417; x_wconf 83' lang='grc' dir='ltr'>πρότερον</span> <span class='ocrx_word' id='word_1_95' title='bbox 1605 1348 1704 1418; x_wconf 82' lang='grc' dir='ltr'><strong>μὲν</strong></span> <span class='ocrx_word' id='word_1_96' title='bbox 1739 1350 1839 1420; x_wconf 84' lang='grc' dir='ltr'>τὴν</span> <span class='ocrx_word' id='word_1_97' title='bbox 1876 1350 1970 1402; x_wconf 80' lang='grc' dir='ltr'><strong>καὶ</strong></span> 
     </span>
    </p>
   </div>
   <div class='ocr_carea' id='block_1_15' title="bbox 389 1435 1972 1511">
    <p class='ocr_par' dir='ltr' id='par_1_15' title="bbox 389 1435 1972 1511">
     <span class='ocr_line' id='line_1_15' title="bbox 389 1435 1972 1511; baseline 0.004 -24"><span class='ocrx_word' id='word_1_98' title='bbox 389 1435 595 1489; x_wconf 84' lang='grc' dir='ltr'>τούτων</span> <span class='ocrx_word' id='word_1_99' title='bbox 627 1435 862 1489; x_wconf 79' lang='grc' dir='ltr'>παλαιάν</span> <span class='ocrx_word' id='word_1_100' title='bbox 904 1437 996 1489; x_wconf 80' lang='grc' dir='ltr'><strong>καὶ</strong></span> <span class='ocrx_word' id='word_1_101' title='bbox 1043 1438 1421 1510; x_wconf 79' lang='grc' dir='ltr'>μυθικωτέραν</span> <span class='ocrx_word' id='word_1_102' title='bbox 1466 1440 1672 1511; x_wconf 82' lang='grc' dir='ltr'>πλάνην</span> <span class='ocrx_word' id='word_1_103' title='bbox 1705 1441 1972 1494; x_wconf 80' lang='grc' dir='ltr'>ἐποπτεύ-</span> 
     </span>
    </p>
   </div>
   <div class='ocr_carea' id='block_1_16' title="bbox 393 1525 1966 1604">
    <p class='ocr_par' dir='ltr' id='par_1_16' title="bbox 393 1525 1966 1604">
     <span class='ocr_line' id='line_1_16' title="bbox 393 1525 1966 1604; baseline 0.003 -22"><span class='ocrx_word' id='word_1_104' title='bbox 393 1545 586 1601; x_wconf 83' lang='grc' dir='ltr'>οομεν·</span> <span class='ocrx_word' id='word_1_105' title='bbox 628 1525 746 1584; x_wconf 77' lang='grc' dir='ltr'>εἶτα</span> <span class='ocrx_word' id='word_1_106' title='bbox 778 1530 834 1583; x_wconf 84' lang='grc' dir='ltr'>δὲ</span> <span class='ocrx_word' id='word_1_107' title='bbox 859 1531 958 1604; x_wconf 73' lang='grc' dir='ltr'>τὴν</span> <span class='ocrx_word' id='word_1_108' title='bbox 992 1532 1322 1604; x_wconf 88' lang='grc' dir='ltr'>σεμνοτέραν</span> <span class='ocrx_word' id='word_1_109' title='bbox 1356 1533 1449 1586; x_wconf 71' lang='grc' dir='ltr'><strong>καὶ</strong></span> <span class='ocrx_word' id='word_1_110' title='bbox 1487 1534 1863 1604; x_wconf 81' lang='grc' dir='ltr'>φυσικωτὲραν</span> <span class='ocrx_word' id='word_1_111' title='bbox 1903 1533 1966 1604; x_wconf 84' lang='grc' dir='ltr'>δὴ</span> 
     </span>
    </p>
   </div>
   <div class='ocr_carea' id='block_1_17' title="bbox 391 1621 1967 1694">
    <p class='ocr_par' dir='ltr' id='par_1_17' title="bbox 391 1621 1967 1694">
     <span class='ocr_line' id='line_1_17' title="bbox 391 1621 1967 1694; baseline 0.002 -21"><span class='ocrx_word' id='word_1_112' title='bbox 391 1623 522 1692; x_wconf 74' lang='grc' dir='ltr'>περὶ</span> <span class='ocrx_word' id='word_1_113' title='bbox 549 1621 686 1675; x_wconf 85' lang='grc' dir='ltr'>θεῶν</span> <span class='ocrx_word' id='word_1_114' title='bbox 722 1621 1037 1691; x_wconf 77' lang='grc' dir='ltr'>φιλοσοφίαν</span> <span class='ocrx_word' id='word_1_115' title='bbox 1059 1640 1071 1653; x_wconf 90' lang='grc'><strong>·</strong></span> <span class='ocrx_word' id='word_1_116' title='bbox 1102 1623 1193 1676; x_wconf 75' lang='grc' dir='ltr'>καὶ</span> <span class='ocrx_word' id='word_1_117' title='bbox 1221 1623 1358 1694; x_wconf 81' lang='grc' dir='ltr'>μετὰ</span> <span class='ocrx_word' id='word_1_118' title='bbox 1386 1623 1558 1677; x_wconf 80' lang='grc' dir='ltr'>ταῦτα</span> <span class='ocrx_word' id='word_1_119' title='bbox 1586 1625 1676 1676; x_wconf 77' lang='grc' dir='ltr'><strong>τὸν</strong></span> <span class='ocrx_word' id='word_1_120' title='bbox 1708 1625 1833 1694; x_wconf 82' lang='grc' dir='ltr'><strong>περὶ</strong></span> <span class='ocrx_word' id='word_1_121' title='bbox 1859 1623 1967 1676; x_wconf 82' lang='grc' dir='ltr'><strong>τῶν</strong></span> 
     </span>
    </p>
   </div>
   <div class='ocr_carea' id='block_1_18' title="bbox 391 1711 1964 1786">
    <p class='ocr_par' dir='ltr' id='par_1_18' title="bbox 391 1711 1964 1786">
     <span class='ocr_line' id='line_1_18' title="bbox 391 1711 1964 1786; baseline 0.001 -21"><span class='ocrx_word' id='word_1_122' title='bbox 391 1711 724 1786; x_wconf 70' lang='grc' dir='ltr'><strong>¹θαυμαστῶν</strong></span> <span class='ocrx_word' id='word_1_123' title='bbox 759 1713 1102 1784; x_wconf 74' lang='grc' dir='ltr'>χρηστηρίων</span> <span class='ocrx_word' id='word_1_124' title='bbox 1128 1713 1282 1782; x_wconf 88' lang='grc' dir='ltr'>λόγον</span> <span class='ocrx_word' id='word_1_125' title='bbox 1323 1715 1698 1785; x_wconf 77' lang='grc' dir='ltr'>ἐφοδεύσομεν·</span> <span class='ocrx_word' id='word_1_126' title='bbox 1731 1717 1814 1784; x_wconf 78' lang='grc' dir='ltr'>ἐφ’</span> <span class='ocrx_word' id='word_1_127' title='bbox 1863 1711 1964 1780; x_wconf 74' lang='grc' dir='ltr'>οἷς,</span> 
     </span>
    </p>
   </div>
   <div class='ocr_carea' id='block_1_19' title="bbox 394 1785 2044 1878">
    <p class='ocr_par' dir='ltr' id='par_1_19' title="bbox 394 1785 2044 1878">
     <span class='ocr_line' id='line_1_19' title="bbox 394 1785 2044 1878; baseline 0.002 -22"><span class='ocrx_word' id='word_1_128' title='bbox 394 1805 489 1857; x_wconf 68' lang='grc' dir='ltr'><strong>καὶ</strong></span> <span class='ocrx_word' id='word_1_129' title='bbox 512 1803 580 1857; x_wconf 82' lang='grc' dir='ltr'><strong>τά</strong></span> <span class='ocrx_word' id='word_1_130' title='bbox 610 1804 780 1875; x_wconf 75' lang='grc' dir='ltr'>σεμνά</span> <span class='ocrx_word' id='word_1_131' title='bbox 804 1806 904 1876; x_wconf 81' lang='grc' dir='ltr'><strong>τῆς</strong></span> <span class='ocrx_word' id='word_1_132' title='bbox 929 1807 1180 1876; x_wconf 83' lang='grc' dir='ltr'>γενναίας</span> <span class='ocrx_word' id='word_1_133' title='bbox 1218 1807 1482 1878; x_wconf 79' lang='grc' dir='ltr'>Ἑλλήνων</span> <span class='ocrx_word' id='word_1_134' title='bbox 1513 1808 1827 1876; x_wconf 74' lang='grc' dir='ltr'>φιλοσοφίας</span> <span class='ocrx_word' id='word_1_135' title='bbox 1854 1809 1972 1861; x_wconf 82' lang='grc' dir='ltr'>ὲπι-</span> <span class='ocrx_word' id='word_1_136' title='bbox 2001 1785 2044 1840; x_wconf 74' lang='grc' dir='ltr'>Β</span> 
     </span>
    </p>
   </div>
   <div class='ocr_carea' id='block_1_20' title="bbox 395 1893 1972 1969">
    <p class='ocr_par' dir='ltr' id='par_1_20' title="bbox 395 1893 1972 1969">
     <span class='ocr_line' id='line_1_20' title="bbox 395 1893 1972 1969; baseline 0.003 -23"><span class='ocrx_word' id='word_1_137' title='bbox 395 1893 727 1964; x_wconf 75' lang='grc' dir='ltr'>σκεψόμεθα.</span> <span class='ocrx_word' id='word_1_138' title='bbox 759 1895 976 1949; x_wconf 74' lang='grc' dir='ltr'>Τούτων</span> <span class='ocrx_word' id='word_1_139' title='bbox 1001 1897 1046 1949; x_wconf 81' lang='grc' dir='ltr'>δ’</span> <span class='ocrx_word' id='word_1_140' title='bbox 1079 1899 1214 1968; x_wconf 81' lang='grc' dir='ltr'>ἡμῖν</span> <span class='ocrx_word' id='word_1_141' title='bbox 1248 1897 1752 1969; x_wconf 84' lang='grc' dir='ltr'>διευκρινηθέντων,</span> <span class='ocrx_word' id='word_1_142' title='bbox 1787 1901 1878 1951; x_wconf 79' lang='grc' dir='ltr'><strong>ἐπὶ</strong></span> <span class='ocrx_word' id='word_1_143' title='bbox 1902 1899 1972 1952; x_wconf 82' lang='grc' dir='ltr'>τὰ</span> 
     </span>
    </p>
   </div>
   <div class='ocr_carea' id='block_1_21' title="bbox 391 1983 1972 2060">
    <p class='ocr_par' dir='ltr' id='par_1_21' title="bbox 391 1983 1972 2060">
     <span class='ocr_line' id='line_1_21' title="bbox 391 1983 1972 2060; baseline 0.004 -24"><span class='ocrx_word' id='word_1_144' title='bbox 391 1983 672 2056; x_wconf 45' lang='grc' dir='ltr'>ῐἙὸραίων</span> <span class='ocrx_word' id='word_1_145' title='bbox 691 1985 1130 2057; x_wconf 80' lang='grc' dir='ltr'>μεταϐησόμεθα,</span> <span class='ocrx_word' id='word_1_146' title='bbox 1148 1987 1256 2040; x_wconf 83' lang='grc' dir='ltr'><strong>τῶν</strong></span> <span class='ocrx_word' id='word_1_147' title='bbox 1281 1987 1344 2059; x_wconf 84' lang='grc' dir='ltr'>δὴ</span> <span class='ocrx_word' id='word_1_148' title='bbox 1367 1987 1595 2058; x_wconf 80' lang='grc' dir='ltr'>πρώτων</span> <span class='ocrx_word' id='word_1_149' title='bbox 1627 1989 1722 2042; x_wconf 75' lang='grc' dir='ltr'><strong>καὶ</strong></span> <span class='ocrx_word' id='word_1_150' title='bbox 1759 1989 1972 2060; x_wconf 82' lang='grc' dir='ltr'>άληθῶς</span> 
     </span>
    </p>
   </div>
   <div class='ocr_carea' id='block_1_22' title="bbox 403 2074 1970 2150">
    <p class='ocr_par' dir='ltr' id='par_1_22' title="bbox 403 2074 1970 2150">
     <span class='ocr_line' id='line_1_22' title="bbox 403 2074 1970 2150; baseline 0.003 -22"><span class='ocrx_word' id='word_1_151' title='bbox 403 2074 690 2147; x_wconf 76' lang='grc' dir='ltr'>Ἐὕραίων,</span> <span class='ocrx_word' id='word_1_152' title='bbox 730 2077 823 2130; x_wconf 71' lang='grc' dir='ltr'><strong>καὶ</strong></span> <span class='ocrx_word' id='word_1_153' title='bbox 863 2077 1001 2147; x_wconf 77' lang='grc' dir='ltr'>μετὰ</span> <span class='ocrx_word' id='word_1_154' title='bbox 1050 2077 1222 2130; x_wconf 79' lang='grc' dir='ltr'>ταῦτα</span> <span class='ocrx_word' id='word_1_155' title='bbox 1257 2079 1356 2150; x_wconf 83' lang='grc' dir='ltr'>τὴν</span> <span class='ocrx_word' id='word_1_156' title='bbox 1403 2078 1666 2131; x_wconf 86' lang='grc' dir='ltr'>Ἰουδαίων</span> <span class='ocrx_word' id='word_1_157' title='bbox 1704 2079 1970 2150; x_wconf 86' lang='grc' dir='ltr'>λαχόντων</span> 
     </span>
    </p>
   </div>
   <div class='ocr_carea' id='block_1_23' title="bbox 391 2167 1972 2247">
    <p class='ocr_par' dir='ltr' id='par_1_23' title="bbox 391 2167 1972 2247">
     <span class='ocr_line' id='line_1_23' title="bbox 391 2167 1972 2247; baseline 0.004 -30"><span class='ocrx_word' id='word_1_158' title='bbox 391 2167 785 2239; x_wconf 83' lang='grc' dir='ltr'>προσηγορίαν.</span> <span class='ocrx_word' id='word_1_159' title='bbox 824 2169 944 2221; x_wconf 77' lang='grc' dir='ltr'>Ἐπὶ</span> <span class='ocrx_word' id='word_1_160' title='bbox 963 2170 1094 2222; x_wconf 85' lang='grc' dir='ltr'>πᾶσι</span> <span class='ocrx_word' id='word_1_161' title='bbox 1113 2168 1168 2222; x_wconf 79' lang='grc' dir='ltr'>δὲ</span> <span class='ocrx_word' id='word_1_162' title='bbox 1196 2169 1424 2247; x_wconf 72' lang='grc' dir='ltr'>τούτοις,</span> <span class='ocrx_word' id='word_1_163' title='bbox 1447 2169 1634 2241; x_wconf 84' lang='grc' dir='ltr'>ὥσπερ</span> <span class='ocrx_word' id='word_1_164' title='bbox 1655 2171 1972 2242; x_wconf 84' lang='grc' dir='ltr'>ἐπισφράγι-</span> 
     </span>
    </p>
   </div>
   <div class='ocr_carea' id='block_1_24' title="bbox 392 2257 1970 2332">
    <p class='ocr_par' dir='ltr' id='par_1_24' title="bbox 392 2257 1970 2332">
     <span class='ocr_line' id='line_1_24' title="bbox 392 2257 1970 2332; baseline 0.002 -20"><span class='ocrx_word' id='word_1_165' title='bbox 392 2274 506 2329; x_wconf 82' lang='grc' dir='ltr'><strong>σμα</strong></span> <span class='ocrx_word' id='word_1_166' title='bbox 525 2257 635 2311; x_wconf 85' lang='grc' dir='ltr'><strong>τῶν</strong></span> <span class='ocrx_word' id='word_1_167' title='bbox 661 2259 813 2323; x_wconf 80' lang='grc' dir='ltr'>ὅλων,</span> <span class='ocrx_word' id='word_1_168' title='bbox 850 2261 1138 2330; x_wconf 77' lang='grc' dir='ltr'>ἐποίσομεν</span> <span class='ocrx_word' id='word_1_169' title='bbox 1168 2260 1236 2313; x_wconf 80' lang='grc' dir='ltr'><strong>τά</strong></span> <span class='ocrx_word' id='word_1_170' title='bbox 1256 2261 1516 2332; x_wconf 77' lang='grc' dir='ltr'>ἡμέτερα.</span> <span class='ocrx_word' id='word_1_171' title='bbox 1557 2262 1891 2329; x_wconf 80' lang='grc' dir='ltr'>’Λναγκαίως</span> <span class='ocrx_word' id='word_1_172' title='bbox 1915 2262 1970 2315; x_wconf 76' lang='grc' dir='ltr'>δὲ</span> 
     </span>
    </p>
   </div>
   <div class='ocr_carea' id='block_1_25' title="bbox 389 2349 1971 2423">
    <p class='ocr_par' dir='ltr' id='par_1_25' title="bbox 389 2349 1971 2423">
     <span class='ocr_line' id='line_1_25' title="bbox 389 2349 1971 2423; baseline 0.004 -22"><span class='ocrx_word' id='word_1_173' title='bbox 389 2351 490 2421; x_wconf 80' lang='grc' dir='ltr'>τῆς</span> <span class='ocrx_word' id='word_1_174' title='bbox 514 2349 718 2403; x_wconf 79' lang='grc' dir='ltr'>τούτων</span> <span class='ocrx_word' id='word_1_175' title='bbox 745 2351 996 2404; x_wconf 82' lang='grc' dir='ltr'>ἁπάντων</span> <span class='ocrx_word' id='word_1_176' title='bbox 1029 2352 1472 2423; x_wconf 85' lang='grc' dir='ltr'>μνημονεύσομεν</span> <span class='ocrx_word' id='word_1_177' title='bbox 1498 2355 1756 2422; x_wconf 86' lang='grc' dir='ltr'>ἱστορίας,</span> <span class='ocrx_word' id='word_1_178' title='bbox 1782 2353 1857 2417; x_wconf 81' lang='grc' dir='ltr'>ὡς</span> <span class='ocrx_word' id='word_1_179' title='bbox 1905 2352 1971 2407; x_wconf 85' lang='grc' dir='ltr'><strong>ἂν</strong></span> 
     </span>
    </p>
   </div>
   <div class='ocr_carea' id='block_1_26' title="bbox 386 2441 1961 2517">
    <p class='ocr_par' dir='ltr' id='par_1_26' title="bbox 386 2441 1961 2517">
     <span class='ocr_line' id='line_1_26' title="bbox 386 2441 1961 2517; baseline 0.003 -23"><span class='ocrx_word' id='word_1_180' title='bbox 386 2441 476 2495; x_wconf 80' lang='grc' dir='ltr'><strong>διά</strong></span> <span class='ocrx_word' id='word_1_181' title='bbox 523 2443 623 2513; x_wconf 85' lang='grc' dir='ltr'>τῆς</span> <span class='ocrx_word' id='word_1_182' title='bbox 666 2441 775 2495; x_wconf 88' lang='grc' dir='ltr'><strong>τῶν</strong></span> <span class='ocrx_word' id='word_1_183' title='bbox 831 2442 1134 2513; x_wconf 78' lang='grc' dir='ltr'>ἑκασταχοῦ</span> <span class='ocrx_word' id='word_1_184' title='bbox 1192 2442 1656 2516; x_wconf 84' lang='grc' dir='ltr'>τεθαυμασμένων</span> <span class='ocrx_word' id='word_1_185' title='bbox 1717 2445 1961 2517; x_wconf 81' lang='grc' dir='ltr'>παραθέ-</span> 
     </span>
    </p>
   </div>
   <div class='ocr_carea' id='block_1_27' title="bbox 389 2531 1971 2608">
    <p class='ocr_par' dir='ltr' id='par_1_27' title="bbox 389 2531 1971 2608">
     <span class='ocr_line' id='line_1_27' title="bbox 389 2531 1971 2608; baseline 0.004 -24"><span class='ocrx_word' id='word_1_186' title='bbox 389 2548 527 2596; x_wconf 89' lang='grc' dir='ltr'>σεως</span> <span class='ocrx_word' id='word_1_187' title='bbox 559 2535 602 2586; x_wconf 88' lang='grc' dir='ltr'>ό·</span> <span class='ocrx_word' id='word_1_188' title='bbox 637 2533 737 2604; x_wconf 81' lang='grc' dir='ltr'><strong>τῆς</strong></span> <span class='ocrx_word' id='word_1_189' title='bbox 786 2531 1042 2603; x_wconf 83' lang='grc' dir='ltr'>ἀληθείας</span> <span class='ocrx_word' id='word_1_190' title='bbox 1085 2533 1306 2605; x_wconf 78' lang='grc' dir='ltr'>ἔλεγχος</span> <span class='ocrx_word' id='word_1_191' title='bbox 1349 2536 1716 2608; x_wconf 81' lang='grc' dir='ltr'>ἀποδειχθείη,</span> <span class='ocrx_word' id='word_1_192' title='bbox 1769 2537 1971 2591; x_wconf 88' lang='grc' dir='ltr'>ὁποίων</span> 
     </span>
    </p>
   </div>
   <div class='ocr_carea' id='block_1_28' title="bbox 385 2624 1970 2698">
    <p class='ocr_par' dir='ltr' id='par_1_28' title="bbox 385 2624 1970 2698">
     <span class='ocr_line' id='line_1_28' title="bbox 385 2624 1970 2698; baseline 0.003 -24"><span class='ocrx_word' id='word_1_193' title='bbox 385 2639 445 2698; x_wconf 70' lang='grc' dir='ltr'><strong>τε</strong></span> <span class='ocrx_word' id='word_1_194' title='bbox 473 2624 634 2694; x_wconf 82' lang='grc' dir='ltr'>ἡμεῖς</span> <span class='ocrx_word' id='word_1_195' title='bbox 679 2625 1015 2687; x_wconf 81' lang='grc' dir='ltr'>ἀποστάντες</span> <span class='ocrx_word' id='word_1_196' title='bbox 1037 2665 1051 2689; x_wconf 90' lang='grc'><strong>,</strong></span> <span class='ocrx_word' id='word_1_197' title='bbox 1091 2625 1190 2697; x_wconf 80' lang='grc' dir='ltr'>τὴν</span> <span class='ocrx_word' id='word_1_198' title='bbox 1219 2626 1410 2680; x_wconf 87' lang='grc' dir='ltr'>ὁποίαν</span> <span class='ocrx_word' id='word_1_199' title='bbox 1449 2626 1704 2697; x_wconf 79' lang='grc' dir='ltr'>εἱλόμεθα</span> <span class='ocrx_word' id='word_1_200' title='bbox 1738 2627 1970 2698; x_wconf 79' lang='grc' dir='ltr'>φανερὸν</span> 
     </span>
    </p>
   </div>
   <div class='ocr_carea' id='block_1_29' title="bbox 384 2688 1970 2786">
    <p class='ocr_par' dir='ltr' id='par_1_29' title="bbox 384 2688 1970 2786">
     <span class='ocr_line' id='line_1_29' title="bbox 384 2688 1970 2786; baseline 0.003 -23"><span class='ocrx_word' id='word_1_201' title='bbox 384 2688 921 2784; x_wconf 36' lang='grc' dir='ltr'>τοὶς-ἐντυγχάνουσι</span> <span class='ocrx_word' id='word_1_202' title='bbox 964 2688 1193 2782; x_wconf 75' lang='grc' dir='ltr'>γένοιτο.</span> <span class='ocrx_word' id='word_1_203' title='bbox 1238 2714 1400 2769; x_wconf 85' lang='grc' dir='ltr'>Ἀλλὰ</span> <span class='ocrx_word' id='word_1_204' title='bbox 1445 2688 1837 2786; x_wconf 48' lang='grc' dir='ltr'>γὰρ’ὲπίωμεν</span> <span class='ocrx_word' id='word_1_205' title='bbox 1877 2688 1970 2768; x_wconf 63' lang='grc' dir='ltr'>επὶ</span> 
     </span>
    </p>
   </div>
   <div class='ocr_carea' id='block_1_30' title="bbox 385 2802 1966 2878">
    <p class='ocr_par' dir='ltr' id='par_1_30' title="bbox 385 2802 1966 2878">
     <span class='ocr_line' id='line_1_30' title="bbox 385 2802 1966 2878; baseline 0.002 -22"><span class='ocrx_word' id='word_1_206' title='bbox 385 2802 447 2856; x_wconf 81' lang='grc' dir='ltr'>τὸ</span> <span class='ocrx_word' id='word_1_207' title='bbox 476 2803 710 2873; x_wconf 84' lang='grc' dir='ltr'>πρῶτον.</span> <span class='ocrx_word' id='word_1_208' title='bbox 741 2805 911 2858; x_wconf 89' lang='grc' dir='ltr'>Πόθεν</span> <span class='ocrx_word' id='word_1_209' title='bbox 934 2805 1069 2876; x_wconf 77' lang='grc' dir='ltr'>δῆτα</span> <span class='ocrx_word' id='word_1_210' title='bbox 1093 2807 1478 2878; x_wconf 89' lang='grc' dir='ltr'>πιστωσόμεθα</span> <span class='ocrx_word' id='word_1_211' title='bbox 1506 2806 1606 2871; x_wconf 81' lang='grc' dir='ltr'>τὰς</span> <span class='ocrx_word' id='word_1_212' title='bbox 1629 2806 1966 2873; x_wconf 82' lang='grc' dir='ltr'>ἀποδείξεις;</span> 
     </span>
    </p>
   </div>
   <div class='ocr_carea' id='block_1_31' title="bbox 387 2895 1968 2970">
    <p class='ocr_par' dir='ltr' id='par_1_31' title="bbox 387 2895 1968 2970">
     <span class='ocr_line' id='line_1_31' title="bbox 387 2895 1968 2970; baseline 0.004 -23"><span class='ocrx_word' id='word_1_213' title='bbox 387 2895 447 2947; x_wconf 79' lang='grc' dir='ltr'><strong>οὐ</strong></span> <span class='ocrx_word' id='word_1_214' title='bbox 484 2896 580 2966; x_wconf 78' lang='grc' dir='ltr'><strong>μὲν</strong></span> <span class='ocrx_word' id='word_1_215' title='bbox 609 2897 674 2968; x_wconf 79' lang='grc' dir='ltr'>δὴ</span> <span class='ocrx_word' id='word_1_216' title='bbox 714 2897 779 2950; x_wconf 80' lang='grc' dir='ltr'>ὲκ</span> <span class='ocrx_word' id='word_1_217' title='bbox 807 2895 916 2951; x_wconf 84' lang='grc' dir='ltr'>τῶν</span> <span class='ocrx_word' id='word_1_218' title='bbox 946 2899 1073 2968; x_wconf 80' lang='grc' dir='ltr'>παρ’</span> <span class='ocrx_word' id='word_1_219' title='bbox 1098 2899 1230 2970; x_wconf 84' lang='grc' dir='ltr'>ἡμῖν</span> <span class='ocrx_word' id='word_1_220' title='bbox 1264 2898 1608 2970; x_wconf 87' lang='grc' dir='ltr'>γραμμάτων</span> <span class='ocrx_word' id='word_1_221' title='bbox 1627 2937 1642 2962; x_wconf 91' lang='grc'><strong>,</strong></span> <span class='ocrx_word' id='word_1_222' title='bbox 1680 2899 1755 2961; x_wconf 85' lang='grc' dir='ltr'>ὼς</span> <span class='ocrx_word' id='word_1_223' title='bbox 1783 2899 1850 2952; x_wconf 81' lang='grc' dir='ltr'><strong>ἂν</strong></span> <span class='ocrx_word' id='word_1_224' title='bbox 1893 2898 1968 2970; x_wconf 80' lang='grc' dir='ltr'>μὴ</span> 
     </span>
    </p>
   </div>
   <div class='ocr_carea' id='block_1_32' title="bbox 388 2985 1969 3062">
    <p class='ocr_par' dir='ltr' id='par_1_32' title="bbox 388 2985 1969 3062">
     <span class='ocr_line' id='line_1_32' title="bbox 388 2985 1969 3062; baseline 0.002 -23"><span class='ocrx_word' id='word_1_225' title='bbox 388 2985 632 3057; x_wconf 84' lang='grc' dir='ltr'>δοκοῖμεν</span> <span class='ocrx_word' id='word_1_226' title='bbox 663 2989 1036 3059; x_wconf 80' lang='grc' dir='ltr'>κεχαρισμένα</span> <span class='ocrx_word' id='word_1_227' title='bbox 1074 2991 1333 3060; x_wconf 79' lang='grc' dir='ltr'>πράττειν</span> <span class='ocrx_word' id='word_1_228' title='bbox 1376 2990 1457 3060; x_wconf 82' lang='grc' dir='ltr'><strong>τῷ</strong></span> <span class='ocrx_word' id='word_1_229' title='bbox 1495 2989 1660 3061; x_wconf 76' lang='grc' dir='ltr'>λόγῳο</span> <span class='ocrx_word' id='word_1_230' title='bbox 1694 2991 1969 3062; x_wconf 87' lang='grc' dir='ltr'>μάρτυρες</span> 
     </span>
    </p>
   </div>
   <div class='ocr_carea' id='block_1_33' title="bbox 2076 537 3648 612">
    <p class='ocr_par' dir='ltr' id='par_1_33' title="bbox 2076 537 3648 612">
     <span class='ocr_line' id='line_1_33' title="bbox 2076 537 3648 612; baseline 0.005 -24"><span class='ocrx_word' id='word_1_231' title='bbox 2076 545 2244 604; x_wconf 89' lang='lat' dir='ltr'><strong>geret,</strong></span> <span class='ocrx_word' id='word_1_232' title='bbox 2278 537 2496 606; x_wconf 83' lang='lat' dir='ltr'><strong>vimque</strong></span> <span class='ocrx_word' id='word_1_233' title='bbox 2527 537 2723 592; x_wconf 90' lang='lat' dir='ltr'><strong>mentis</strong></span> <span class='ocrx_word' id='word_1_234' title='bbox 2753 552 2968 592; x_wconf 90' lang='lat' dir='ltr'><strong>omnem</strong></span> <span class='ocrx_word' id='word_1_235' title='bbox 3001 554 3183 594; x_wconf 89' lang='lat' dir='ltr'><strong>rerum</strong></span> <span class='ocrx_word' id='word_1_236' title='bbox 3207 555 3418 605; x_wconf 90' lang='lat' dir='ltr'><strong>earum,</strong></span> <span class='ocrx_word' id='word_1_237' title='bbox 3449 557 3570 612; x_wconf 69' lang='lat' dir='ltr'><strong>quae</strong></span> <span class='ocrx_word' id='word_1_238' title='bbox 3593 543 3648 596; x_wconf 92' lang='lat' dir='ltr'><strong>in</strong></span> 
     </span>
    </p>
   </div>
   <div class='ocr_carea' id='block_1_34' title="bbox 2073 623 3650 696">
    <p class='ocr_par' dir='ltr' id='par_1_34' title="bbox 2073 623 3650 696">
     <span class='ocr_line' id='line_1_34' title="bbox 2073 623 3650 696; baseline 0.006 -18"><span class='ocrx_word' id='word_1_239' title='bbox 2073 623 2167 678; x_wconf 92' lang='lat' dir='ltr'><strong>illo</strong></span> <span class='ocrx_word' id='word_1_240' title='bbox 2197 633 2514 689; x_wconf 89' lang='lat' dir='ltr'><strong>cernuntur,</strong></span> <span class='ocrx_word' id='word_1_241' title='bbox 2546 623 2744 680; x_wconf 84' lang='lat' dir='ltr'><strong>ﬁnibus</strong></span> <span class='ocrx_word' id='word_1_242' title='bbox 2767 624 3100 680; x_wconf 90' lang='lat' dir='ltr'><strong>terminaret.</strong></span> <span class='ocrx_word' id='word_1_243' title='bbox 3130 625 3322 682; x_wconf 82' lang='lat' dir='ltr'><strong>Verum</strong></span> <span class='ocrx_word' id='word_1_244' title='bbox 3350 629 3650 696; x_wconf 82' lang='lat' dir='ltr'><strong>enimvero,</strong></span> 
     </span>
    </p>
   </div>
   <div class='ocr_carea' id='block_1_35' title="bbox 2073 715 3652 787">
    <p class='ocr_par' dir='ltr' id='par_1_35' title="bbox 2073 715 3652 787">
     <span class='ocr_line' id='line_1_35' title="bbox 2073 715 3652 787; baseline 0.001 -16"><span class='ocrx_word' id='word_1_245' title='bbox 2073 730 2418 784; x_wconf 82' lang='lat' dir='ltr'><strong>nequaquam</strong></span> <span class='ocrx_word' id='word_1_246' title='bbox 2439 715 2526 770; x_wconf 92' lang='lat' dir='ltr'><strong>hic</strong></span> <span class='ocrx_word' id='word_1_247' title='bbox 2543 716 2692 769; x_wconf 91' lang='lat' dir='ltr'><strong>stetit</strong></span> <span class='ocrx_word' id='word_1_248' title='bbox 2717 730 2929 780; x_wconf 89' lang='lat' dir='ltr'><strong>eorum,</strong></span> <span class='ocrx_word' id='word_1_249' title='bbox 2952 717 3046 784; x_wconf 88' lang='lat' dir='ltr'><strong>qui</strong></span> <span class='ocrx_word' id='word_1_250' title='bbox 3074 727 3263 787; x_wconf 89' lang='lat' dir='ltr'><strong>postea</strong></span> <span class='ocrx_word' id='word_1_251' title='bbox 3294 720 3466 775; x_wconf 91' lang='lat' dir='ltr'><strong>secuti</strong></span> <span class='ocrx_word' id='word_1_252' title='bbox 3493 729 3652 776; x_wconf 85' lang='lat' dir='ltr'><strong>sunt.</strong></span> 
     </span>
    </p>
   </div>
   <div class='ocr_carea' id='block_1_36' title="bbox 2073 809 3650 877">
    <p class='ocr_par' dir='ltr' id='par_1_36' title="bbox 2073 809 3650 877">
     <span class='ocr_line' id='line_1_36' title="bbox 2073 809 3650 877; baseline 0.004 -13"><span class='ocrx_word' id='word_1_253' title='bbox 2073 810 2358 864; x_wconf 86' lang='lat' dir='ltr'><strong>hominum</strong></span> <span class='ocrx_word' id='word_1_254' title='bbox 2389 809 2458 865; x_wconf 89' lang='lat' dir='ltr'><strong>de</strong></span> <span class='ocrx_word' id='word_1_255' title='bbox 2500 810 2848 866; x_wconf 89' lang='lat' dir='ltr'><strong>multitudine</strong></span> <span class='ocrx_word' id='word_1_256' title='bbox 2880 810 3106 865; x_wconf 90' lang='lat' dir='ltr'><strong>deorum</strong></span> <span class='ocrx_word' id='word_1_257' title='bbox 3138 826 3314 877; x_wconf 90' lang='lat' dir='ltr'><strong>error,</strong></span> <span class='ocrx_word' id='word_1_258' title='bbox 3351 813 3444 868; x_wconf 89' lang='lat' dir='ltr'><strong>sed</strong></span> <span class='ocrx_word' id='word_1_259' title='bbox 3481 813 3536 868; x_wconf 92' lang='lat' dir='ltr'><strong>in</strong></span> <span class='ocrx_word' id='word_1_260' title='bbox 3571 814 3650 870; x_wconf 41' lang='lat' dir='ltr'><strong>ale</strong></span> 
     </span>
    </p>
   </div>
   <div class='ocr_carea' id='block_1_37' title="bbox 2071 901 3653 974">
    <p class='ocr_par' dir='ltr' id='par_1_37' title="bbox 2071 901 3653 974">
     <span class='ocr_line' id='line_1_37' title="bbox 2071 901 3653 974; baseline 0.003 -18"><span class='ocrx_word' id='word_1_261' title='bbox 2071 909 2183 956; x_wconf 87' lang='lat' dir='ltr'><strong>tam</strong></span> <span class='ocrx_word' id='word_1_262' title='bbox 2234 901 2601 968; x_wconf 84' lang='lat' dir='ltr'><strong>improbitatis</strong></span> <span class='ocrx_word' id='word_1_263' title='bbox 2629 902 2945 972; x_wconf 80' lang='lat' dir='ltr'><strong>voraginem</strong></span> <span class='ocrx_word' id='word_1_264' title='bbox 2979 912 3153 968; x_wconf 87' lang='lat' dir='ltr'><strong>actus,</strong></span> <span class='ocrx_word' id='word_1_265' title='bbox 3182 903 3515 974; x_wconf 85' lang='lat' dir='ltr'><strong>impietatem</strong></span> <span class='ocrx_word' id='word_1_266' title='bbox 3556 920 3653 974; x_wconf 80' lang='lat' dir='ltr'><strong>pe-</strong></span> 
     </span>
    </p>
   </div>
   <div class='ocr_carea' id='block_1_38' title="bbox 2071 992 3654 1068">
    <p class='ocr_par' dir='ltr' id='par_1_38' title="bbox 2071 992 3654 1068">
     <span class='ocr_line' id='line_1_38' title="bbox 2071 992 3654 1068; baseline 0.003 -21"><span class='ocrx_word' id='word_1_267' title='bbox 2071 992 2215 1062; x_wconf 87' lang='lat' dir='ltr'><strong>perit</strong></span> <span class='ocrx_word' id='word_1_268' title='bbox 2253 992 2372 1063; x_wconf 92' lang='lat' dir='ltr'><strong>ipso</strong></span> <span class='ocrx_word' id='word_1_269' title='bbox 2407 1007 2624 1062; x_wconf 85' lang='lat' dir='ltr'><strong>quoque</strong></span> <span class='ocrx_word' id='word_1_270' title='bbox 2650 1001 2858 1062; x_wconf 80' lang='lat' dir='ltr'><strong>negatae</strong></span> <span class='ocrx_word' id='word_1_271' title='bbox 2887 992 3197 1050; x_wconf 88' lang='lat' dir='ltr'><strong>Divinitatis</strong></span> <span class='ocrx_word' id='word_1_272' title='bbox 3220 995 3421 1051; x_wconf 87' lang='lat' dir='ltr'><strong>scelere</strong></span> <span class='ocrx_word' id='word_1_273' title='bbox 3439 996 3654 1068; x_wconf 84' lang='lat' dir='ltr'><strong>gravio-</strong></span> 
     </span>
    </p>
   </div>
   <div class='ocr_carea' id='block_1_39' title="bbox 2070 1069 3653 1158">
    <p class='ocr_par' dir='ltr' id='par_1_39' title="bbox 2070 1069 3653 1158">
     <span class='ocr_line' id='line_1_39' title="bbox 2070 1069 3653 1158; baseline 0.004 -20"><span class='ocrx_word' id='word_1_274' title='bbox 2070 1098 2226 1150; x_wconf 88' lang='lat' dir='ltr'><strong>rem;</strong></span> <span class='ocrx_word' id='word_1_275' title='bbox 2267 1091 2429 1152; x_wconf 90' lang='lat' dir='ltr'><strong>atque</strong></span> <span class='ocrx_word' id='word_1_276' title='bbox 2475 1083 2640 1151; x_wconf 78' lang='lat' dir='ltr'><strong>hujus</strong></span> <span class='ocrx_word' id='word_1_277' title='bbox 2680 1083 2880 1137; x_wconf 89' lang='lat' dir='ltr'><strong>erroris</strong></span> <span class='ocrx_word' id='word_1_278' title='bbox 2918 1081 3204 1141; x_wconf 67' lang='lat' dir='ltr'><strong>Phoenices</strong></span> <span class='ocrx_word' id='word_1_279' title='bbox 3237 1101 3300 1142; x_wconf 88' lang='lat' dir='ltr'><strong>ac</strong></span> <span class='ocrx_word' id='word_1_280' title='bbox 3331 1069 3495 1158; x_wconf 89' lang='lat' dir='ltr'><strong>paulo</strong></span> <span class='ocrx_word' id='word_1_281' title='bbox 3527 1095 3653 1158; x_wconf 72' lang='lat' dir='ltr'><strong>post</strong></span> 
     </span>
    </p>
   </div>
   <div class='ocr_carea' id='block_1_40' title="bbox 2071 1173 3652 1246">
    <p class='ocr_par' dir='ltr' id='par_1_40' title="bbox 2071 1173 3652 1246">
     <span class='ocr_line' id='line_1_40' title="bbox 2071 1173 3652 1246; baseline 0.003 -17"><span class='ocrx_word' id='word_1_282' title='bbox 2071 1174 2332 1246; x_wconf 67' lang='lat' dir='ltr'><strong>Egyptii,</strong></span> <span class='ocrx_word' id='word_1_283' title='bbox 2368 1185 2616 1232; x_wconf 86' lang='lat' dir='ltr'><strong>auctores</strong></span> <span class='ocrx_word' id='word_1_284' title='bbox 2660 1173 2828 1229; x_wconf 84' lang='lat' dir='ltr'><strong>fuere.</strong></span> <span class='ocrx_word' id='word_1_285' title='bbox 2870 1173 3112 1230; x_wconf 87' lang='lat' dir='ltr'><strong>Primum</strong></span> <span class='ocrx_word' id='word_1_286' title='bbox 3156 1177 3299 1233; x_wconf 86' lang='lat' dir='ltr'><strong>enim</strong></span> <span class='ocrx_word' id='word_1_287' title='bbox 3345 1193 3413 1234; x_wconf 79' lang='lat' dir='ltr'><strong>ex</strong></span> <span class='ocrx_word' id='word_1_288' title='bbox 3453 1179 3521 1235; x_wconf 90' lang='lat' dir='ltr'><strong>iis</strong></span> <span class='ocrx_word' id='word_1_289' title='bbox 3549 1177 3652 1234; x_wconf 82' lang='lat' dir='ltr'><strong>0r-</strong></span> 
     </span>
    </p>
   </div>
   <div class='ocr_carea' id='block_1_41' title="bbox 2069 1261 3652 1335">
    <p class='ocr_par' dir='ltr' id='par_1_41' title="bbox 2069 1261 3652 1335">
     <span class='ocr_line' id='line_1_41' title="bbox 2069 1261 3652 1335; baseline 0.003 -17"><span class='ocrx_word' id='word_1_290' title='bbox 2069 1265 2268 1335; x_wconf 90' lang='lat' dir='ltr'><strong>pheum</strong></span> <span class='ocrx_word' id='word_1_291' title='bbox 2294 1273 2598 1318; x_wconf 87' lang='lat' dir='ltr'><strong>memorant</strong></span> <span class='ocrx_word' id='word_1_292' title='bbox 2625 1261 2820 1334; x_wconf 81' lang='lat' dir='ltr'><strong>Hyagri</strong></span> <span class='ocrx_word' id='word_1_293' title='bbox 2856 1265 2962 1334; x_wconf 80' lang='lat'><strong>18</strong></span> <span class='ocrx_word' id='word_1_294' title='bbox 2985 1264 3152 1320; x_wconf 78' lang='lat' dir='ltr'><strong>filium</strong></span> <span class='ocrx_word' id='word_1_295' title='bbox 3180 1267 3443 1323; x_wconf 87' lang='lat' dir='ltr'><strong>translata</strong></span> <span class='ocrx_word' id='word_1_296' title='bbox 3464 1283 3652 1324; x_wconf 87' lang='lat' dir='ltr'><strong>secum</strong></span> 
     </span>
    </p>
   </div>
   <div class='ocr_carea' id='block_1_42' title="bbox 2071 1353 3653 1425">
    <p class='ocr_par' dir='ltr' id='par_1_42' title="bbox 2071 1353 3653 1425">
     <span class='ocr_line' id='line_1_42' title="bbox 2071 1353 3653 1425; baseline 0.003 -16"><span class='ocrx_word' id='word_1_297' title='bbox 2071 1353 2451 1425; x_wconf 69' lang='lat' dir='ltr'><strong>Egyptiorum</strong></span> <span class='ocrx_word' id='word_1_298' title='bbox 2488 1353 2741 1424; x_wconf 85' lang='lat' dir='ltr'><strong>mysteria</strong></span> <span class='ocrx_word' id='word_1_299' title='bbox 2769 1369 2892 1408; x_wconf 90' lang='lat' dir='ltr'><strong>cum</strong></span> <span class='ocrx_word' id='word_1_300' title='bbox 2925 1353 3126 1410; x_wconf 68' lang='lat' dir='ltr'><strong>Grmcis</strong></span> <span class='ocrx_word' id='word_1_301' title='bbox 3159 1355 3472 1413; x_wconf 86' lang='lat' dir='ltr'><strong>hominibus</strong></span> <span class='ocrx_word' id='word_1_302' title='bbox 3497 1374 3653 1414; x_wconf 81' lang='lat' dir='ltr'><strong>com-</strong></span> 
     </span>
    </p>
   </div>
   <div class='ocr_carea' id='block_1_43' title="bbox 2070 1443 3652 1519">
    <p class='ocr_par' dir='ltr' id='par_1_43' title="bbox 2070 1443 3652 1519">
     <span class='ocr_line' id='line_1_43' title="bbox 2070 1443 3652 1519; baseline 0.003 -19"><span class='ocrx_word' id='word_1_303' title='bbox 2070 1446 2412 1512; x_wconf 90' lang='lat' dir='ltr'><strong>municasse;</strong></span> <span class='ocrx_word' id='word_1_304' title='bbox 2456 1443 2774 1499; x_wconf 83' lang='lat' dir='ltr'><strong>Phoenicum</strong></span> <span class='ocrx_word' id='word_1_305' title='bbox 2813 1454 2994 1498; x_wconf 83' lang='lat' dir='ltr'><strong>autent</strong></span> <span class='ocrx_word' id='word_1_306' title='bbox 3035 1445 3322 1517; x_wconf 84' lang='lat' dir='ltr'><strong>religiones</strong></span> <span class='ocrx_word' id='word_1_307' title='bbox 3355 1449 3496 1519; x_wconf 88' lang='lat' dir='ltr'><strong>apud</strong></span> <span class='ocrx_word' id='word_1_308' title='bbox 3527 1464 3652 1505; x_wconf 90' lang='lat' dir='ltr'><strong>eos-</strong></span> 
     </span>
    </p>
   </div>
   <div class='ocr_carea' id='block_1_44' title="bbox 2071 1535 3652 1608">
    <p class='ocr_par' dir='ltr' id='par_1_44' title="bbox 2071 1535 3652 1608">
     <span class='ocr_line' id='line_1_44' title="bbox 2071 1535 3652 1608; baseline 0.003 -18"><span class='ocrx_word' id='word_1_309' title='bbox 2071 1536 2192 1590; x_wconf 89' lang='lat' dir='ltr'><strong>dem</strong></span> <span class='ocrx_word' id='word_1_310' title='bbox 2236 1551 2343 1590; x_wconf 87' lang='lat' dir='ltr'><strong>una</strong></span> <span class='ocrx_word' id='word_1_311' title='bbox 2398 1552 2520 1590; x_wconf 90' lang='lat' dir='ltr'><strong>cum</strong></span> <span class='ocrx_word' id='word_1_312' title='bbox 2577 1541 2817 1606; x_wconf 85' lang='lat' dir='ltr'><strong>ipsarum</strong></span> <span class='ocrx_word' id='word_1_313' title='bbox 2872 1535 3174 1592; x_wconf 87' lang='lat' dir='ltr'><strong>litterarum</strong></span> <span class='ocrx_word' id='word_1_314' title='bbox 3223 1539 3508 1608; x_wconf 86' lang='lat' dir='ltr'><strong>disciplina</strong></span> <span class='ocrx_word' id='word_1_315' title='bbox 3545 1538 3652 1594; x_wconf 91' lang='lat' dir='ltr'><strong>Ca-</strong></span> 
     </span>
    </p>
   </div>
   <div class='ocr_carea' id='block_1_45' title="bbox 2069 1625 3652 1698">
    <p class='ocr_par' dir='ltr' id='par_1_45' title="bbox 2069 1625 3652 1698">
     <span class='ocr_line' id='line_1_45' title="bbox 2069 1625 3652 1698; baseline 0.002 -17"><span class='ocrx_word' id='word_1_316' title='bbox 2069 1625 2254 1681; x_wconf 92' lang='lat' dir='ltr'><strong>dmum</strong></span> <span class='ocrx_word' id='word_1_317' title='bbox 2304 1625 2551 1680; x_wconf 86' lang='lat' dir='ltr'><strong>intulisse</strong></span> <span class='ocrx_word' id='word_1_318' title='bbox 2581 1645 2593 1680; x_wconf 91' lang='lat'>:</span> <span class='ocrx_word' id='word_1_319' title='bbox 2625 1640 2721 1680; x_wconf 88' lang='lat' dir='ltr'><strong>nec</strong></span> <span class='ocrx_word' id='word_1_320' title='bbox 2760 1625 3059 1680; x_wconf 89' lang='lat' dir='ltr'><strong>litterarum</strong></span> <span class='ocrx_word' id='word_1_321' title='bbox 3090 1643 3156 1681; x_wconf 92' lang='lat' dir='ltr'><strong>eo</strong></span> <span class='ocrx_word' id='word_1_322' title='bbox 3190 1627 3371 1683; x_wconf 86' lang='lat' dir='ltr'><strong>adhuc</strong></span> <span class='ocrx_word' id='word_1_323' title='bbox 3409 1639 3652 1698; x_wconf 88' lang='lat' dir='ltr'><strong>tempore</strong></span> 
     </span>
    </p>
   </div>
   <div class='ocr_carea' id='block_1_46' title="bbox 2074 1714 3647 1788">
    <p class='ocr_par' dir='ltr' id='par_1_46' title="bbox 2074 1714 3647 1788">
     <span class='ocr_line' id='line_1_46' title="bbox 2074 1714 3647 1788; baseline 0.001 -19"><span class='ocrx_word' id='word_1_324' title='bbox 2074 1725 2259 1769; x_wconf 89' lang='lat' dir='ltr'><strong>notum</strong></span> <span class='ocrx_word' id='word_1_325' title='bbox 2296 1714 2500 1770; x_wconf 72' lang='lat' dir='ltr'><strong>Grmcis</strong></span> <span class='ocrx_word' id='word_1_326' title='bbox 2552 1730 2711 1770; x_wconf 89' lang='lat' dir='ltr'><strong>usum</strong></span> <span class='ocrx_word' id='word_1_327' title='bbox 2755 1714 2945 1770; x_wconf 78' lang='lat' dir='ltr'><strong>fuisse.</strong></span> <span class='ocrx_word' id='word_1_328' title='bbox 2982 1714 3094 1772; x_wconf 84' lang='lat' dir='ltr'><strong>Nos</strong></span> <span class='ocrx_word' id='word_1_329' title='bbox 3135 1716 3300 1788; x_wconf 80' lang='lat' dir='ltr'><strong>igitur</strong></span> <span class='ocrx_word' id='word_1_330' title='bbox 3331 1716 3385 1770; x_wconf 92' lang='lat' dir='ltr'><strong>in</strong></span> <span class='ocrx_word' id='word_1_331' title='bbox 3434 1719 3647 1787; x_wconf 87' lang='lat' dir='ltr'><strong>primis,</strong></span> 
     </span>
    </p>
   </div>
   <div class='ocr_carea' id='block_1_47' title="bbox 2071 1805 3646 1877">
    <p class='ocr_par' dir='ltr' id='par_1_47' title="bbox 2071 1805 3646 1877">
     <span class='ocr_line' id='line_1_47' title="bbox 2071 1805 3646 1877; baseline 0.001 -17"><span class='ocrx_word' id='word_1_332' title='bbox 2071 1822 2192 1876; x_wconf 69' lang='lat' dir='ltr'><strong>qua:</strong></span> <span class='ocrx_word' id='word_1_333' title='bbox 2212 1808 2276 1860; x_wconf 84' lang='lat' dir='ltr'><strong>ad</strong></span> <span class='ocrx_word' id='word_1_334' title='bbox 2301 1807 2530 1875; x_wconf 86' lang='lat' dir='ltr'><strong>primam</strong></span> <span class='ocrx_word' id='word_1_335' title='bbox 2553 1805 2700 1859; x_wconf 86' lang='lat' dir='ltr'><strong>illam</strong></span> <span class='ocrx_word' id='word_1_336' title='bbox 2725 1807 2912 1860; x_wconf 89' lang='lat' dir='ltr'><strong>mundi</strong></span> <span class='ocrx_word' id='word_1_337' title='bbox 2941 1807 3370 1877; x_wconf 87' lang='lat' dir='ltr'><strong>procreationem</strong></span> <span class='ocrx_word' id='word_1_338' title='bbox 3396 1818 3646 1870; x_wconf 80' lang='lat' dir='ltr'><strong>attinent,</strong></span> 
     </span>
    </p>
   </div>
   <div class='ocr_carea' id='block_1_48' title="bbox 2071 1897 3651 1969">
    <p class='ocr_par' dir='ltr' id='par_1_48' title="bbox 2071 1897 3651 1969">
     <span class='ocr_line' id='line_1_48' title="bbox 2071 1897 3651 1969; baseline 0 -17"><span class='ocrx_word' id='word_1_339' title='bbox 2071 1912 2136 1952; x_wconf 92' lang='lat' dir='ltr'><strong>eo</strong></span> <span class='ocrx_word' id='word_1_340' title='bbox 2165 1898 2320 1965; x_wconf 84' lang='lat' dir='ltr'><strong>plane</strong></span> <span class='ocrx_word' id='word_1_341' title='bbox 2346 1897 2508 1952; x_wconf 91' lang='lat' dir='ltr'><strong>modo</strong></span> <span class='ocrx_word' id='word_1_342' title='bbox 2537 1897 2929 1966; x_wconf 86' lang='lat' dir='ltr'><strong>spectabimus,</strong></span> <span class='ocrx_word' id='word_1_343' title='bbox 2969 1912 3079 1967; x_wconf 92' lang='lat' dir='ltr'><strong>quo</strong></span> <span class='ocrx_word' id='word_1_344' title='bbox 3107 1898 3310 1969; x_wconf 80' lang='lat' dir='ltr'><strong>vulgati</strong></span> <span class='ocrx_word' id='word_1_345' title='bbox 3336 1899 3651 1968; x_wconf 88' lang='lat' dir='ltr'><strong>laudatique</strong></span> 
     </span>
    </p>
   </div>
   <div class='ocr_carea' id='block_1_49' title="bbox 2072 1988 3650 2060">
    <p class='ocr_par' dir='ltr' id='par_1_49' title="bbox 2072 1988 3650 2060">
     <span class='ocr_line' id='line_1_49' title="bbox 2072 1988 3650 2060; baseline 0.001 -18"><span class='ocrx_word' id='word_1_346' title='bbox 2072 2005 2102 2042; x_wconf 88' lang='lat' dir='ltr'><strong>a</strong></span> <span class='ocrx_word' id='word_1_347' title='bbox 2129 1989 2288 2043; x_wconf 89' lang='lat' dir='ltr'><strong>nobis</strong></span> <span class='ocrx_word' id='word_1_348' title='bbox 2318 1989 2611 2059; x_wconf 89' lang='lat' dir='ltr'><strong>scriptores</strong></span> <span class='ocrx_word' id='word_1_349' title='bbox 2637 1989 2702 2043; x_wconf 88' lang='lat' dir='ltr'><strong>de</strong></span> <span class='ocrx_word' id='word_1_350' title='bbox 2728 1988 2818 2042; x_wconf 91' lang='lat' dir='ltr'><strong>illa</strong></span> <span class='ocrx_word' id='word_1_351' title='bbox 2856 1989 3208 2059; x_wconf 86' lang='lat' dir='ltr'><strong>disputarunt</strong></span> <span class='ocrx_word' id='word_1_352' title='bbox 3236 2006 3251 2044; x_wconf 89' lang='lat'><strong>:</strong></span> <span class='ocrx_word' id='word_1_353' title='bbox 3285 1999 3399 2044; x_wconf 92' lang='lat' dir='ltr'><strong>tum</strong></span> <span class='ocrx_word' id='word_1_354' title='bbox 3430 2005 3553 2060; x_wconf 76' lang='lat' dir='ltr'><strong>qua:</strong></span> <span class='ocrx_word' id='word_1_355' title='bbox 3582 1990 3650 2044; x_wconf 89' lang='lat' dir='ltr'><strong>de</strong></span> 
     </span>
    </p>
   </div>
   <div class='ocr_carea' id='block_1_50' title="bbox 2070 2078 3650 2150">
    <p class='ocr_par' dir='ltr' id='par_1_50' title="bbox 2070 2078 3650 2150">
     <span class='ocr_line' id='line_1_50' title="bbox 2070 2078 3650 2150; baseline 0.001 -19"><span class='ocrx_word' id='word_1_356' title='bbox 2070 2078 2313 2148; x_wconf 80' lang='lat' dir='ltr'><strong>principe</strong></span> <span class='ocrx_word' id='word_1_357' title='bbox 2344 2095 2408 2134; x_wconf 91' lang='lat' dir='ltr'><strong>ac</strong></span> <span class='ocrx_word' id='word_1_358' title='bbox 2441 2078 2809 2134; x_wconf 88' lang='lat' dir='ltr'><strong>vetustissima</strong></span> <span class='ocrx_word' id='word_1_359' title='bbox 2848 2080 3064 2148; x_wconf 83' lang='lat' dir='ltr'><strong>generis</strong></span> <span class='ocrx_word' id='word_1_360' title='bbox 3119 2080 3349 2134; x_wconf 85' lang='lat' dir='ltr'><strong>humani</strong></span> <span class='ocrx_word' id='word_1_361' title='bbox 3383 2079 3650 2150; x_wconf 88' lang='lat' dir='ltr'><strong>supersti-</strong></span> 
     </span>
    </p>
   </div>
   <div class='ocr_carea' id='block_1_51' title="bbox 2074 2169 3652 2240">
    <p class='ocr_par' dir='ltr' id='par_1_51' title="bbox 2074 2169 3652 2240">
     <span class='ocr_line' id='line_1_51' title="bbox 2074 2169 3652 2240; baseline 0.001 -16"><span class='ocrx_word' id='word_1_362' title='bbox 2074 2171 2220 2224; x_wconf 89' lang='lat' dir='ltr'><strong>tione</strong></span> <span class='ocrx_word' id='word_1_363' title='bbox 2273 2170 2669 2239; x_wconf 87' lang='lat' dir='ltr'><strong>prodiderunt:</strong></span> <span class='ocrx_word' id='word_1_364' title='bbox 2709 2171 2926 2224; x_wconf 88' lang='lat' dir='ltr'><strong>tertium</strong></span> <span class='ocrx_word' id='word_1_365' title='bbox 2979 2185 3111 2225; x_wconf 88' lang='lat' dir='ltr'><strong>vero</strong></span> <span class='ocrx_word' id='word_1_366' title='bbox 3163 2170 3344 2226; x_wconf 91' lang='lat' dir='ltr'><strong>locum</strong></span> <span class='ocrx_word' id='word_1_367' title='bbox 3392 2169 3481 2233; x_wconf 86' lang='lat' dir='ltr'><strong>iis,</strong></span> <span class='ocrx_word' id='word_1_368' title='bbox 3529 2185 3652 2240; x_wconf 68' lang='lat' dir='ltr'><strong>quae</strong></span> 
     </span>
    </p>
   </div>
   <div class='ocr_carea' id='block_1_52' title="bbox 2072 2260 3651 2333">
    <p class='ocr_par' dir='ltr' id='par_1_52' title="bbox 2072 2260 3651 2333">
     <span class='ocr_line' id='line_1_52' title="bbox 2072 2260 3651 2333; baseline 0 -18"><span class='ocrx_word' id='word_1_369' title='bbox 2072 2261 2378 2324; x_wconf 72' lang='lat' dir='ltr'><strong>thnices,</strong></span> <span class='ocrx_word' id='word_1_370' title='bbox 2414 2271 2670 2330; x_wconf 90' lang='lat' dir='ltr'><strong>quartum</strong></span> <span class='ocrx_word' id='word_1_371' title='bbox 2708 2261 2799 2326; x_wconf 91' lang='lat' dir='ltr'><strong>iis,</strong></span> <span class='ocrx_word' id='word_1_372' title='bbox 2833 2277 2956 2332; x_wconf 66' lang='lat' dir='ltr'><strong>qua:</strong></span> <span class='ocrx_word' id='word_1_373' title='bbox 2993 2260 3234 2333; x_wconf 69' lang='lat' dir='ltr'><strong>Egyptil</strong></span> <span class='ocrx_word' id='word_1_374' title='bbox 3261 2261 3518 2327; x_wconf 90' lang='lat' dir='ltr'><strong>docuere,</strong></span> <span class='ocrx_word' id='word_1_375' title='bbox 3553 2261 3651 2315; x_wconf 81' lang='lat' dir='ltr'><strong>tri-</strong></span> 
     </span>
    </p>
   </div>
   <div class='ocr_carea' id='block_1_53' title="bbox 2071 2351 3648 2423">
    <p class='ocr_par' dir='ltr' id='par_1_53' title="bbox 2071 2351 3648 2423">
     <span class='ocr_line' id='line_1_53' title="bbox 2071 2351 3648 2423; baseline 0 -17"><span class='ocrx_word' id='word_1_376' title='bbox 2071 2353 2330 2418; x_wconf 90' lang='lat' dir='ltr'><strong>buemus;</strong></span> <span class='ocrx_word' id='word_1_377' title='bbox 2351 2353 2541 2422; x_wconf 85' lang='lat' dir='ltr'><strong>quinto</strong></span> <span class='ocrx_word' id='word_1_378' title='bbox 2559 2359 2762 2418; x_wconf 89' lang='lat' dir='ltr'><strong>autem,</strong></span> <span class='ocrx_word' id='word_1_379' title='bbox 2782 2368 2904 2422; x_wconf 71' lang='lat' dir='ltr'><strong>quae</strong></span> <span class='ocrx_word' id='word_1_380' title='bbox 2921 2351 3233 2408; x_wconf 63' lang='lat' dir='ltr'><strong>Graecorum</strong></span> <span class='ocrx_word' id='word_1_381' title='bbox 3253 2353 3472 2423; x_wconf 88' lang='lat' dir='ltr'><strong>propria</strong></span> <span class='ocrx_word' id='word_1_382' title='bbox 3499 2361 3648 2417; x_wconf 85' lang='lat' dir='ltr'><strong>sunt,</strong></span> 
     </span>
    </p>
   </div>
   <div class='ocr_carea' id='block_1_54' title="bbox 2070 2440 3650 2513">
    <p class='ocr_par' dir='ltr' id='par_1_54' title="bbox 2070 2440 3650 2513">
     <span class='ocr_line' id='line_1_54' title="bbox 2070 2440 3650 2513; baseline -0.001 -17"><span class='ocrx_word' id='word_1_383' title='bbox 2070 2441 2147 2496; x_wconf 87' lang='lat' dir='ltr'><strong>ita</strong></span> <span class='ocrx_word' id='word_1_384' title='bbox 2177 2442 2507 2509; x_wconf 82' lang='lat' dir='ltr'><strong>dividemus,</strong></span> <span class='ocrx_word' id='word_1_385' title='bbox 2533 2451 2592 2496; x_wconf 91' lang='lat' dir='ltr'><strong>ut</strong></span> <span class='ocrx_word' id='word_1_386' title='bbox 2613 2443 2848 2512; x_wconf 89' lang='lat' dir='ltr'><strong>primum</strong></span> <span class='ocrx_word' id='word_1_387' title='bbox 2875 2442 3094 2513; x_wconf 88' lang='lat' dir='ltr'><strong>quidem</strong></span> <span class='ocrx_word' id='word_1_388' title='bbox 3128 2442 3373 2512; x_wconf 88' lang='lat' dir='ltr'><strong>priscum</strong></span> <span class='ocrx_word' id='word_1_389' title='bbox 3396 2441 3558 2497; x_wconf 84' lang='lat' dir='ltr'><strong>etiam</strong></span> <span class='ocrx_word' id='word_1_390' title='bbox 3581 2440 3650 2495; x_wconf 91' lang='lat' dir='ltr'><strong>il-</strong></span> 
     </span>
    </p>
   </div>
   <div class='ocr_carea' id='block_1_55' title="bbox 2069 2530 3647 2602">
    <p class='ocr_par' dir='ltr' id='par_1_55' title="bbox 2069 2530 3647 2602">
     <span class='ocr_line' id='line_1_55' title="bbox 2069 2530 3647 2602; baseline -0.001 -18"><span class='ocrx_word' id='word_1_391' title='bbox 2069 2531 2250 2586; x_wconf 91' lang='lat' dir='ltr'><strong>lorum</strong></span> <span class='ocrx_word' id='word_1_392' title='bbox 2303 2532 2660 2602; x_wconf 90' lang='lat' dir='ltr'><strong>pluribusque</strong></span> <span class='ocrx_word' id='word_1_393' title='bbox 2707 2530 2906 2586; x_wconf 81' lang='lat' dir='ltr'><strong>fabulis</strong></span> <span class='ocrx_word' id='word_1_394' title='bbox 2957 2530 3294 2601; x_wconf 86' lang='lat' dir='ltr'><strong>implicatum</strong></span> <span class='ocrx_word' id='word_1_395' title='bbox 3353 2543 3594 2584; x_wconf 89' lang='lat' dir='ltr'><strong>errorem</strong></span> <span class='ocrx_word' id='word_1_396' title='bbox 3630 2567 3647 2593; x_wconf 91' lang='lat'><strong>,</strong></span> 
     </span>
    </p>
   </div>
   <div class='ocr_carea' id='block_1_56' title="bbox 2069 2620 3650 2694">
    <p class='ocr_par' dir='ltr' id='par_1_56' title="bbox 2069 2620 3650 2694">
     <span class='ocr_line' id='line_1_56' title="bbox 2069 2620 3650 2694; baseline -0.003 -16"><span class='ocrx_word' id='word_1_397' title='bbox 2069 2623 2265 2678; x_wconf 90' lang='lat' dir='ltr'><strong>deinde</strong></span> <span class='ocrx_word' id='word_1_398' title='bbox 2303 2624 2464 2693; x_wconf 90' lang='lat' dir='ltr'><strong>paulo</strong></span> <span class='ocrx_word' id='word_1_399' title='bbox 2496 2623 2798 2694; x_wconf 87' lang='lat' dir='ltr'><strong>graviorem</strong></span> <span class='ocrx_word' id='word_1_400' title='bbox 2847 2621 3128 2694; x_wconf 82' lang='lat' dir='ltr'><strong>magisque</strong></span> <span class='ocrx_word' id='word_1_401' title='bbox 3171 2621 3307 2676; x_wconf 89' lang='lat' dir='ltr'><strong>adeo</strong></span> <span class='ocrx_word' id='word_1_402' title='bbox 3345 2635 3470 2675; x_wconf 89' lang='lat' dir='ltr'><strong>cum</strong></span> <span class='ocrx_word' id='word_1_403' title='bbox 3503 2620 3650 2690; x_wconf 86' lang='lat' dir='ltr'><strong>ipsa-</strong></span> 
     </span>
    </p>
   </div>
   <div class='ocr_carea' id='block_1_57' title="bbox 2069 2711 3647 2784">
    <p class='ocr_par' dir='ltr' id='par_1_57' title="bbox 2069 2711 3647 2784">
     <span class='ocr_line' id='line_1_57' title="bbox 2069 2711 3647 2784; baseline -0.002 -16"><span class='ocrx_word' id='word_1_404' title='bbox 2069 2724 2182 2769; x_wconf 89' lang='lat' dir='ltr'><strong>met</strong></span> <span class='ocrx_word' id='word_1_405' title='bbox 2238 2725 2434 2770; x_wconf 88' lang='lat' dir='ltr'><strong>natura</strong></span> <span class='ocrx_word' id='word_1_406' title='bbox 2491 2714 2841 2784; x_wconf 72' lang='lat' dir='ltr'><strong>coniunctam</strong></span> <span class='ocrx_word' id='word_1_407' title='bbox 2897 2711 3315 2783; x_wconf 87' lang='lat' dir='ltr'><strong>philosophandi</strong></span> <span class='ocrx_word' id='word_1_408' title='bbox 3376 2711 3647 2766; x_wconf 84' lang='lat' dir='ltr'><strong>rationem</strong></span> 
     </span>
    </p>
   </div>
   <div class='ocr_carea' id='block_1_58' title="bbox 2069 2803 3648 2879">
    <p class='ocr_par' dir='ltr' id='par_1_58' title="bbox 2069 2803 3648 2879">
     <span class='ocr_line' id='line_1_58' title="bbox 2069 2803 3648 2879; baseline -0.004 -17"><span class='ocrx_word' id='word_1_409' title='bbox 2069 2807 2533 2876; x_wconf 83' lang='lat' dir='ltr'><strong>contemplemur;</strong></span> <span class='ocrx_word' id='word_1_410' title='bbox 2567 2815 2680 2860; x_wconf 91' lang='lat' dir='ltr'><strong>tum</strong></span> <span class='ocrx_word' id='word_1_411' title='bbox 2710 2819 2841 2861; x_wconf 89' lang='lat' dir='ltr'><strong>vero</strong></span> <span class='ocrx_word' id='word_1_412' title='bbox 2869 2803 2936 2879; x_wconf 78' lang='lat' dir='ltr'><strong>de</strong></span> <span class='ocrx_word' id='word_1_413' title='bbox 2974 2803 3208 2874; x_wconf 85' lang='lat' dir='ltr'><strong>egregiis</strong></span> <span class='ocrx_word' id='word_1_414' title='bbox 3240 2803 3486 2872; x_wconf 91' lang='lat' dir='ltr'><strong>ipsorum</strong></span> <span class='ocrx_word' id='word_1_415' title='bbox 3519 2815 3648 2856; x_wconf 85' lang='lat' dir='ltr'><strong>ora-</strong></span> 
     </span>
    </p>
   </div>
   <div class='ocr_carea' id='block_1_59' title="bbox 2069 2895 3646 2967">
    <p class='ocr_par' dir='ltr' id='par_1_59' title="bbox 2069 2895 3646 2967">
     <span class='ocr_line' id='line_1_59' title="bbox 2069 2895 3646 2967; baseline -0.005 -14"><span class='ocrx_word' id='word_1_416' title='bbox 2069 2899 2208 2953; x_wconf 89' lang='lat' dir='ltr'><strong>culis</strong></span> <span class='ocrx_word' id='word_1_417' title='bbox 2267 2897 2687 2967; x_wconf 83' lang='lat' dir='ltr'><strong>disputationem</strong></span> <span class='ocrx_word' id='word_1_418' title='bbox 2731 2910 3173 2966; x_wconf 85' lang='lat' dir='ltr'><strong>persequamur:</strong></span> <span class='ocrx_word' id='word_1_419' title='bbox 3218 2895 3284 2950; x_wconf 89' lang='lat' dir='ltr'><strong>ad</strong></span> <span class='ocrx_word' id='word_1_420' title='bbox 3337 2901 3646 2948; x_wconf 81' lang='lat' dir='ltr'><strong>extremum</strong></span> 
     </span>
    </p>
   </div>
   <div class='ocr_carea' id='block_1_60' title="bbox 2069 2985 3654 3060">
    <p class='ocr_par' dir='ltr' id='par_1_60' title="bbox 2069 2985 3654 3060">
     <span class='ocr_line' id='line_1_60' title="bbox 2069 2985 3654 3060; baseline -0.001 -18"><span class='ocrx_word' id='word_1_421' title='bbox 2069 2989 2395 3060; x_wconf 89' lang='lat' dir='ltr'><strong>gravissima</strong></span> <span class='ocrx_word' id='word_1_422' title='bbox 2442 3001 2672 3058; x_wconf 72' lang='lat' dir='ltr'><strong>qumque</strong></span> <span class='ocrx_word' id='word_1_423' title='bbox 2731 2986 3006 3043; x_wconf 69' lang='lat' dir='ltr'><strong>nmclara:</strong></span> <span class='ocrx_word' id='word_1_424' title='bbox 3067 2985 3381 3042; x_wconf 67' lang='lat' dir='ltr'><strong>Graecorum</strong></span> <span class='ocrx_word' id='word_1_425' title='bbox 3413 2985 3654 3056; x_wconf 84' lang='lat' dir='ltr'><strong>philoso-</strong></span> 
     </span>
    </p>
   </div>
   <div class='ocr_carea' id='block_1_61' title="bbox 390 3073 1971 3172">
    <p class='ocr_par' dir='ltr' id='par_1_61' title="bbox 390 3074 1970 3152">
     <span class='ocr_line' id='line_1_61' title="bbox 390 3074 1970 3152; baseline 0.001 -22"><span class='ocrx_word' id='word_1_426' title='bbox 390 3074 449 3130; x_wconf 79' lang='grc' dir='ltr'>δὲ</span> <span class='ocrx_word' id='word_1_427' title='bbox 487 3077 771 3148; x_wconf 78' lang='grc' dir='ltr'>παρέστων</span> <span class='ocrx_word' id='word_1_428' title='bbox 802 3081 935 3149; x_wconf 83' lang='grc' dir='ltr'>ἡμῖν</span> <span class='ocrx_word' id='word_1_429' title='bbox 982 3079 1249 3151; x_wconf 80' lang='grc' dir='ltr'>Ἐλλήνων</span> <span class='ocrx_word' id='word_1_430' title='bbox 1287 3081 1466 3134; x_wconf 84' lang='grc' dir='ltr'>αὐτῶν</span> <span class='ocrx_word' id='word_1_431' title='bbox 1499 3082 1555 3134; x_wconf 82' lang='grc' dir='ltr'><strong>οἵ</strong></span> <span class='ocrx_word' id='word_1_432' title='bbox 1590 3097 1647 3133; x_wconf 89' lang='grc' dir='ltr'><strong>τε</strong></span> <span class='ocrx_word' id='word_1_433' title='bbox 1691 3081 1788 3152; x_wconf 82' lang='grc' dir='ltr'><strong>τὴν</strong></span> <span class='ocrx_word' id='word_1_434' title='bbox 1823 3080 1970 3150; x_wconf 85' lang='grc' dir='ltr'>φιλο-</span> 
     </span>
    </p>
   </div>
   <div class='ocr_carea' id='block_1_62' title="bbox 2071 3073 3654 3172">
    <p class='ocr_par' dir='ltr' id='par_1_62' title="bbox 2071 3073 3654 3147">
     <span class='ocr_line' id='line_1_62' title="bbox 2071 3073 3654 3147; baseline -0.001 -17"><span class='ocrx_word' id='word_1_435' title='bbox 2071 3077 2212 3147; x_wconf 78' lang='lat' dir='ltr'><strong>phiae</strong></span> <span class='ocrx_word' id='word_1_436' title='bbox 2237 3085 2510 3130; x_wconf 90' lang='lat' dir='ltr'><strong>momenta</strong></span> <span class='ocrx_word' id='word_1_437' title='bbox 2534 3076 2919 3145; x_wconf 88' lang='lat' dir='ltr'><strong>ponderemus.</strong></span> <span class='ocrx_word' id='word_1_438' title='bbox 2951 3073 3069 3129; x_wconf 89' lang='lat' dir='ltr'><strong>Jam</strong></span> <span class='ocrx_word' id='word_1_439' title='bbox 3099 3075 3191 3131; x_wconf 90' lang='lat' dir='ltr'><strong>ubi</strong></span> <span class='ocrx_word' id='word_1_440' title='bbox 3220 3075 3336 3130; x_wconf 74' lang='lat' dir='ltr'><strong>haec</strong></span> <span class='ocrx_word' id='word_1_441' title='bbox 3358 3075 3544 3130; x_wconf 89' lang='lat' dir='ltr'><strong>omnia</strong></span> <span class='ocrx_word' id='word_1_442' title='bbox 3569 3075 3654 3129; x_wconf 80' lang='lat' dir='ltr'><strong>di-</strong></span> 
     </span>
    </p>
   </div>
   <div class='ocr_carea' id='block_1_63' title="bbox 395 3168 1968 3241">
    <p class='ocr_par' dir='ltr' id='par_1_63' title="bbox 395 3168 1968 3241">
     <span class='ocr_line' id='line_1_63' title="bbox 395 3168 1968 3241; baseline 0.003 -21"><span class='ocrx_word' id='word_1_443' title='bbox 395 3168 586 3236; x_wconf 90' lang='grc' dir='ltr'>σοφίαν</span> <span class='ocrx_word' id='word_1_444' title='bbox 617 3168 927 3238; x_wconf 78' lang='grc' dir='ltr'>αὐχοῦντες,</span> <span class='ocrx_word' id='word_1_445' title='bbox 962 3171 1057 3224; x_wconf 72' lang='grc' dir='ltr'><strong>καὶ⁸</strong></span> <span class='ocrx_word' id='word_1_446' title='bbox 1091 3169 1192 3241; x_wconf 84' lang='grc' dir='ltr'><strong>τὴν</strong></span> <span class='ocrx_word' id='word_1_447' title='bbox 1248 3170 1413 3240; x_wconf 79' lang='grc' dir='ltr'>ἄλλην</span> <span class='ocrx_word' id='word_1_448' title='bbox 1458 3171 1568 3226; x_wconf 80' lang='grc' dir='ltr'><strong>τῶν</strong></span> <span class='ocrx_word' id='word_1_449' title='bbox 1615 3170 1785 3225; x_wconf 75' lang='grc' dir='ltr'>ἐθνῶν</span> <span class='ocrx_word' id='word_1_450' title='bbox 1825 3173 1968 3224; x_wconf 71' lang='grc' dir='ltr'>ἱστοο</span> 
     </span>
    </p>
   </div>
   <div class='ocr_carea' id='block_1_64' title="bbox 395 3259 1969 3334">
    <p class='ocr_par' dir='ltr' id='par_1_64' title="bbox 395 3259 1969 3334">
     <span class='ocr_line' id='line_1_64' title="bbox 395 3259 1969 3334; baseline 0.002 -22"><span class='ocrx_word' id='word_1_451' title='bbox 395 3259 519 3330; x_wconf 89' lang='grc' dir='ltr'>ρίαν</span> <span class='ocrx_word' id='word_1_452' title='bbox 553 3259 982 3332; x_wconf 82' lang='grc' dir='ltr'>διηρευνηκότες.</span> <span class='ocrx_word' id='word_1_453' title='bbox 1014 3263 1220 3334; x_wconf 78' lang='grc' dir='ltr'>Γράφει</span> <span class='ocrx_word' id='word_1_454' title='bbox 1271 3263 1448 3316; x_wconf 87' lang='grc' dir='ltr'>τοίνυν</span> <span class='ocrx_word' id='word_1_455' title='bbox 1480 3261 1686 3316; x_wconf 80' lang='grc' dir='ltr'>ἄνωθεν</span> <span class='ocrx_word' id='word_1_456' title='bbox 1730 3261 1829 3332; x_wconf 82' lang='grc' dir='ltr'><strong>τὴν</strong></span> <span class='ocrx_word' id='word_1_457' title='bbox 1862 3280 1969 3316; x_wconf 85' lang='grc' dir='ltr'>πα-</span> 
     </span>
    </p>
   </div>
   <div class='ocr_carea' id='block_1_65' title="bbox 391 3349 1972 3423">
    <p class='ocr_par' dir='ltr' id='par_1_65' title="bbox 391 3349 1972 3423">
     <span class='ocr_line' id='line_1_65' title="bbox 391 3349 1972 3423; baseline 0.004 -21"><span class='ocrx_word' id='word_1_458' title='bbox 391 3349 548 3404; x_wconf 79' lang='grc' dir='ltr'>λαιάν</span> <span class='ocrx_word' id='word_1_459' title='bbox 579 3351 954 3423; x_wconf 81' lang='grc' dir='ltr'>ὑφηγούμενος</span> <span class='ocrx_word' id='word_1_460' title='bbox 1001 3351 1277 3420; x_wconf 84' lang='grc' dir='ltr'>θεολογίαν</span> <span class='ocrx_word' id='word_1_461' title='bbox 1315 3353 1622 3423; x_wconf 74' lang='grc' dir='ltr'>Αἰγυπτίων</span> <span class='ocrx_word' id='word_1_462' title='bbox 1653 3355 1682 3408; x_wconf 86' lang='grc' dir='ltr'><strong>ὁ</strong></span> <span class='ocrx_word' id='word_1_463' title='bbox 1716 3353 1972 3408; x_wconf 78' lang='grc' dir='ltr'>Σικελιώ-</span> 
     </span>
    </p>
   </div>
   <div class='ocr_carea' id='block_1_66' title="bbox 388 3439 1970 3515">
    <p class='ocr_par' dir='ltr' id='par_1_66' title="bbox 388 3439 1970 3515">
     <span class='ocr_line' id='line_1_66' title="bbox 388 3439 1970 3515; baseline 0.003 -23"><span class='ocrx_word' id='word_1_464' title='bbox 388 3456 490 3510; x_wconf 86' lang='grc' dir='ltr'><strong>της</strong></span> <span class='ocrx_word' id='word_1_465' title='bbox 536 3440 820 3512; x_wconf 88' lang='grc' dir='ltr'>Διόδωρος,</span> <span class='ocrx_word' id='word_1_466' title='bbox 871 3439 1296 3512; x_wconf 82' lang='grc' dir='ltr'>γνωριμώτατος</span> <span class='ocrx_word' id='word_1_467' title='bbox 1349 3443 1486 3514; x_wconf 82' lang='grc' dir='ltr'>ἀνὴρ</span> <span class='ocrx_word' id='word_1_468' title='bbox 1539 3445 1652 3507; x_wconf 81' lang='grc' dir='ltr'><strong>τοὶς</strong></span> <span class='ocrx_word' id='word_1_469' title='bbox 1705 3443 1970 3515; x_wconf 71' lang='grc' dir='ltr'>Ἑλλήνων</span> 
     </span>
    </p>
   </div>
   <div class='ocr_carea' id='block_1_67' title="bbox 390 3530 1969 3607">
    <p class='ocr_par' dir='ltr' id='par_1_67' title="bbox 390 3530 1969 3607">
     <span class='ocr_line' id='line_1_67' title="bbox 390 3530 1969 3607; baseline 0.003 -23"><span class='ocrx_word' id='word_1_470' title='bbox 390 3530 752 3599; x_wconf 84' lang='grc' dir='ltr'>λογιωτάτοις,</span> <span class='ocrx_word' id='word_1_471' title='bbox 794 3533 947 3586; x_wconf 77' lang='grc' dir='ltr'>ὼσάν</span> <span class='ocrx_word' id='word_1_472' title='bbox 988 3533 1093 3586; x_wconf 71' lang='grc' dir='ltr'>ὑπὸ</span> <span class='ocrx_word' id='word_1_473' title='bbox 1149 3533 1276 3604; x_wconf 91' lang='grc' dir='ltr'>μίαν</span> <span class='ocrx_word' id='word_1_474' title='bbox 1322 3533 1668 3605; x_wconf 86' lang='grc' dir='ltr'>συναγηοχὼς</span> <span class='ocrx_word' id='word_1_475' title='bbox 1708 3551 1969 3607; x_wconf 90' lang='grc' dir='ltr'>πραγμα-</span> 
     </span>
    </p>
   </div>
   <div class='ocr_carea' id='block_1_68' title="bbox 389 3620 1970 3696">
    <p class='ocr_par' dir='ltr' id='par_1_68' title="bbox 389 3620 1970 3696">
     <span class='ocr_line' id='line_1_68' title="bbox 389 3620 1970 3696; baseline 0.002 -19"><span class='ocrx_word' id='word_1_476' title='bbox 389 3622 540 3677; x_wconf 82' lang='grc' dir='ltr'>τείαν</span> <span class='ocrx_word' id='word_1_477' title='bbox 581 3623 799 3678; x_wconf 78' lang='grc' dir='ltr'>ἃπασαν</span> <span class='ocrx_word' id='word_1_478' title='bbox 837 3623 933 3696; x_wconf 75' lang='grc' dir='ltr'>τὴν</span> <span class='ocrx_word' id='word_1_479' title='bbox 969 3625 1246 3696; x_wconf 81' lang='grc' dir='ltr'>ἱστορικὴν</span> <span class='ocrx_word' id='word_1_480' title='bbox 1287 3626 1711 3694; x_wconf 78' lang='grc' dir='ltr'>Βιϐλιοθήκην.</span> <span class='ocrx_word' id='word_1_481' title='bbox 1772 3625 1861 3692; x_wconf 82' lang='grc' dir='ltr'><strong>Ἐξ</strong></span> <span class='ocrx_word' id='word_1_482' title='bbox 1909 3620 1970 3681; x_wconf 72' lang='grc' dir='ltr'>οὗ</span> 
     </span>
    </p>
   </div>
   <div class='ocr_carea' id='block_1_69' title="bbox 386 3695 1968 3790">
    <p class='ocr_par' dir='ltr' id='par_1_69' title="bbox 386 3695 1968 3790">
     <span class='ocr_line' id='line_1_69' title="bbox 386 3695 1968 3790; baseline 0.004 -24"><span class='ocrx_word' id='word_1_483' title='bbox 386 3695 489 3767; x_wconf 56' lang='grc' dir='ltr'>’καὶ</span> <span class='ocrx_word' id='word_1_484' title='bbox 537 3714 727 3785; x_wconf 84' lang='grc' dir='ltr'>πρῶτα</span> <span class='ocrx_word' id='word_1_485' title='bbox 778 3695 1186 3788; x_wconf 79' lang='grc' dir='ltr'>παραθήσομαι,</span> <span class='ocrx_word' id='word_1_486' title='bbox 1233 3715 1268 3772; x_wconf 83' lang='grc' dir='ltr'><strong>ἆ</strong></span> <span class='ocrx_word' id='word_1_487' title='bbox 1321 3718 1586 3790; x_wconf 74' lang='grc' dir='ltr'>περὶτῆς</span> <span class='ocrx_word' id='word_1_488' title='bbox 1629 3717 1723 3771; x_wconf 76' lang='grc' dir='ltr'>τοῦ</span> <span class='ocrx_word' id='word_1_489' title='bbox 1771 3719 1968 3782; x_wconf 84' lang='grc' dir='ltr'>παντὸς</span> 
     </span>
    </p>
   </div>
   <div class='ocr_carea' id='block_1_70' title="bbox 387 3791 1968 3879">
    <p class='ocr_par' dir='ltr' id='par_1_70' title="bbox 387 3791 1968 3879">
     <span class='ocr_line' id='line_1_70' title="bbox 387 3791 1968 3879; baseline 0.003 -20"><span class='ocrx_word' id='word_1_490' title='bbox 387 3791 748 3876; x_wconf 74' lang='grc' dir='ltr'><strong>⁴κοσμογονίας</strong></span> <span class='ocrx_word' id='word_1_491' title='bbox 788 3807 1086 3878; x_wconf 87' lang='grc' dir='ltr'>ἀρχόμενος</span> <span class='ocrx_word' id='word_1_492' title='bbox 1113 3807 1206 3861; x_wconf 81' lang='grc' dir='ltr'>τοῦ</span> <span class='ocrx_word' id='word_1_493' title='bbox 1243 3808 1402 3877; x_wconf 87' lang='grc' dir='ltr'>λόγου</span> <span class='ocrx_word' id='word_1_494' title='bbox 1438 3810 1699 3879; x_wconf 83' lang='grc' dir='ltr'>διείληφε,</span> <span class='ocrx_word' id='word_1_495' title='bbox 1724 3810 1822 3875; x_wconf 84' lang='grc' dir='ltr'>τὰς</span> <span class='ocrx_word' id='word_1_496' title='bbox 1860 3810 1968 3864; x_wconf 83' lang='grc' dir='ltr'>τῶν</span> 
     </span>
    </p>
   </div>
   <div class='ocr_carea' id='block_1_71' title="bbox 393 3896 1717 3975">
    <p class='ocr_par' dir='ltr' id='par_1_71' title="bbox 393 3896 1717 3975">
     <span class='ocr_line' id='line_1_71' title="bbox 393 3896 1717 3975; baseline 0.004 -24"><span class='ocrx_word' id='word_1_497' title='bbox 393 3896 638 3953; x_wconf 81' lang='grc' dir='ltr'>παλαιῶν</span> <span class='ocrx_word' id='word_1_498' title='bbox 681 3899 909 3971; x_wconf 79' lang='grc' dir='ltr'>ἱστορῶν</span> <span class='ocrx_word' id='word_1_499' title='bbox 945 3899 1124 3966; x_wconf 80' lang='grc' dir='ltr'>δόξας,</span> <span class='ocrx_word' id='word_1_500' title='bbox 1157 3899 1342 3955; x_wconf 82' lang='grc' dir='ltr'>τοῦτον</span> <span class='ocrx_word' id='word_1_501' title='bbox 1377 3902 1470 3956; x_wconf 83' lang='grc' dir='ltr'><strong>τὸν</strong></span> <span class='ocrx_word' id='word_1_502' title='bbox 1497 3903 1717 3975; x_wconf 84' lang='grc' dir='ltr'>τρόπον.</span> 
     </span>
    </p>
   </div>
   <div class='ocr_carea' id='block_1_72' title="bbox 2075 3165 3650 3239">
    <p class='ocr_par' dir='ltr' id='par_1_72' title="bbox 2075 3165 3650 3239">
     <span class='ocr_line' id='line_1_72' title="bbox 2075 3165 3650 3239; baseline -0.001 -16"><span class='ocrx_word' id='word_1_503' title='bbox 2075 3169 2301 3239; x_wconf 89' lang='lat' dir='ltr'><strong>ligenter</strong></span> <span class='ocrx_word' id='word_1_504' title='bbox 2333 3178 2385 3222; x_wconf 88' lang='lat' dir='ltr'><strong>et</strong></span> <span class='ocrx_word' id='word_1_505' title='bbox 2411 3167 2690 3222; x_wconf 88' lang='lat' dir='ltr'><strong>enucleate</strong></span> <span class='ocrx_word' id='word_1_506' title='bbox 2714 3167 3157 3233; x_wconf 89' lang='lat' dir='ltr'><strong>discusserimus,</strong></span> <span class='ocrx_word' id='word_1_507' title='bbox 3193 3166 3262 3221; x_wconf 89' lang='lat' dir='ltr'><strong>ad</strong></span> <span class='ocrx_word' id='word_1_508' title='bbox 3298 3165 3650 3222; x_wconf 67' lang='lat' dir='ltr'><strong>Hebraeorum</strong></span> 
     </span>
    </p>
   </div>
   <div class='ocr_carea' id='block_1_73' title="bbox 2075 3257 3655 3333">
    <p class='ocr_par' dir='ltr' id='par_1_73' title="bbox 2075 3257 3655 3333">
     <span class='ocr_line' id='line_1_73' title="bbox 2075 3257 3655 3333; baseline -0.001 -17"><span class='ocrx_word' id='word_1_509' title='bbox 2075 3277 2177 3316; x_wconf 89' lang='lat' dir='ltr'><strong>nos</strong></span> <span class='ocrx_word' id='word_1_510' title='bbox 2216 3261 2466 3333; x_wconf 87' lang='lat' dir='ltr'><strong>dogmata</strong></span> <span class='ocrx_word' id='word_1_511' title='bbox 2514 3260 2878 3324; x_wconf 85' lang='lat' dir='ltr'><strong>conferemus,</strong></span> <span class='ocrx_word' id='word_1_512' title='bbox 2902 3275 3094 3315; x_wconf 88' lang='lat' dir='ltr'><strong>eorum</strong></span> <span class='ocrx_word' id='word_1_513' title='bbox 3128 3260 3350 3331; x_wconf 91' lang='lat' dir='ltr'><strong>inquam</strong></span> <span class='ocrx_word' id='word_1_514' title='bbox 3392 3257 3655 3315; x_wconf 71' lang='lat' dir='ltr'><strong>Hebraeo-</strong></span> 
     </span>
    </p>
   </div>
   <div class='ocr_carea' id='block_1_74' title="bbox 2075 3351 3650 3423">
    <p class='ocr_par' dir='ltr' id='par_1_74' title="bbox 2075 3351 3650 3423">
     <span class='ocr_line' id='line_1_74' title="bbox 2075 3351 3650 3423; baseline -0.004 -13"><span class='ocrx_word' id='word_1_515' title='bbox 2075 3369 2220 3419; x_wconf 87' lang='lat' dir='ltr'><strong>rum,</strong></span> <span class='ocrx_word' id='word_1_516' title='bbox 2268 3354 2361 3423; x_wconf 92' lang='lat' dir='ltr'><strong>qui</strong></span> <span class='ocrx_word' id='word_1_517' title='bbox 2408 3353 2568 3423; x_wconf 88' lang='lat' dir='ltr'><strong>primi</strong></span> <span class='ocrx_word' id='word_1_518' title='bbox 2617 3368 2680 3408; x_wconf 91' lang='lat' dir='ltr'><strong>ac</strong></span> <span class='ocrx_word' id='word_1_519' title='bbox 2712 3368 2840 3408; x_wconf 89' lang='lat' dir='ltr'><strong>vere</strong></span> <span class='ocrx_word' id='word_1_520' title='bbox 2871 3351 2977 3408; x_wconf 90' lang='lat' dir='ltr'><strong>hoc</strong></span> <span class='ocrx_word' id='word_1_521' title='bbox 3005 3351 3228 3407; x_wconf 90' lang='lat' dir='ltr'><strong>nomine</strong></span> <span class='ocrx_word' id='word_1_522' title='bbox 3264 3351 3650 3418; x_wconf 90' lang='lat' dir='ltr'><strong>censebantur,</strong></span> 
     </span>
    </p>
   </div>
   <div class='ocr_carea' id='block_1_75' title="bbox 2075 3443 3648 3516">
    <p class='ocr_par' dir='ltr' id='par_1_75' title="bbox 2075 3443 3648 3516">
     <span class='ocr_line' id='line_1_75' title="bbox 2075 3443 3648 3516; baseline -0.001 -17"><span class='ocrx_word' id='word_1_523' title='bbox 2075 3447 2279 3516; x_wconf 91' lang='lat' dir='ltr'><strong>quique</strong></span> <span class='ocrx_word' id='word_1_524' title='bbox 2310 3444 2620 3500; x_wconf 70' lang='lat' dir='ltr'><strong>Judzeorum</strong></span> <span class='ocrx_word' id='word_1_525' title='bbox 2665 3443 3078 3515; x_wconf 88' lang='lat' dir='ltr'><strong>appellationem</strong></span> <span class='ocrx_word' id='word_1_526' title='bbox 3114 3451 3302 3514; x_wconf 88' lang='lat' dir='ltr'><strong>postea</strong></span> <span class='ocrx_word' id='word_1_527' title='bbox 3327 3443 3470 3498; x_wconf 92' lang='lat' dir='ltr'><strong>nacti</strong></span> <span class='ocrx_word' id='word_1_528' title='bbox 3498 3450 3648 3497; x_wconf 91' lang='lat' dir='ltr'><strong>sunt.</strong></span> 
     </span>
    </p>
   </div>
   <div class='ocr_carea' id='block_1_76' title="bbox 2074 3531 3651 3604">
    <p class='ocr_par' dir='ltr' id='par_1_76' title="bbox 2074 3531 3651 3604">
     <span class='ocr_line' id='line_1_76' title="bbox 2074 3531 3651 3604; baseline -0.002 -14"><span class='ocrx_word' id='word_1_529' title='bbox 2074 3536 2282 3604; x_wconf 83' lang='lat' dir='ltr'><strong>Quibus</strong></span> <span class='ocrx_word' id='word_1_530' title='bbox 2306 3537 2560 3592; x_wconf 89' lang='lat' dir='ltr'><strong>omnibus</strong></span> <span class='ocrx_word' id='word_1_531' title='bbox 2585 3545 2896 3592; x_wconf 90' lang='lat' dir='ltr'><strong>nostrorum</strong></span> <span class='ocrx_word' id='word_1_532' title='bbox 2927 3535 3160 3604; x_wconf 90' lang='lat' dir='ltr'><strong>denique</strong></span> <span class='ocrx_word' id='word_1_533' title='bbox 3182 3534 3389 3588; x_wconf 89' lang='lat' dir='ltr'><strong>rituum</strong></span> <span class='ocrx_word' id='word_1_534' title='bbox 3410 3531 3651 3603; x_wconf 80' lang='lat' dir='ltr'><strong>explica-</strong></span> 
     </span>
    </p>
   </div>
   <div class='ocr_carea' id='block_1_77' title="bbox 2071 3625 3647 3699">
    <p class='ocr_par' dir='ltr' id='par_1_77' title="bbox 2071 3625 3647 3699">
     <span class='ocr_line' id='line_1_77' title="bbox 2071 3625 3647 3699; baseline -0.004 -14"><span class='ocrx_word' id='word_1_535' title='bbox 2071 3631 2296 3695; x_wconf 87' lang='lat' dir='ltr'><strong>tionem,</strong></span> <span class='ocrx_word' id='word_1_536' title='bbox 2331 3629 2409 3684; x_wconf 92' lang='lat' dir='ltr'><strong>sic</strong></span> <span class='ocrx_word' id='word_1_537' title='bbox 2438 3638 2696 3699; x_wconf 84' lang='lat' dir='ltr'><strong>tauquam</strong></span> <span class='ocrx_word' id='word_1_538' title='bbox 2730 3629 2966 3699; x_wconf 88' lang='lat' dir='ltr'><strong>sigillum</strong></span> <span class='ocrx_word' id='word_1_539' title='bbox 3018 3625 3238 3696; x_wconf 89' lang='lat' dir='ltr'><strong>aliquod</strong></span> <span class='ocrx_word' id='word_1_540' title='bbox 3280 3625 3647 3694; x_wconf 90' lang='lat' dir='ltr'><strong>imponemus.</strong></span> 
     </span>
    </p>
   </div>
   <div class='ocr_carea' id='block_1_78' title="bbox 2073 3713 3650 3789">
    <p class='ocr_par' dir='ltr' id='par_1_78' title="bbox 2073 3713 3650 3789">
     <span class='ocr_line' id='line_1_78' title="bbox 2073 3713 3650 3789; baseline -0.006 -13"><span class='ocrx_word' id='word_1_541' title='bbox 2073 3720 2341 3776; x_wconf 72' lang='lat' dir='ltr'><strong>Caeterum</strong></span> <span class='ocrx_word' id='word_1_542' title='bbox 2379 3719 2444 3774; x_wconf 92' lang='lat' dir='ltr'><strong>ad</strong></span> <span class='ocrx_word' id='word_1_543' title='bbox 2487 3720 2870 3789; x_wconf 64' lang='lat' dir='ltr'><strong>perterrendam</strong></span> <span class='ocrx_word' id='word_1_544' title='bbox 2915 3721 3144 3775; x_wconf 88' lang='lat' dir='ltr'><strong>istorum</strong></span> <span class='ocrx_word' id='word_1_545' title='bbox 3188 3716 3432 3772; x_wconf 86' lang='lat' dir='ltr'><strong>omnium</strong></span> <span class='ocrx_word' id='word_1_546' title='bbox 3474 3713 3650 3769; x_wconf 74' lang='lat' dir='ltr'><strong>histo-</strong></span> 
     </span>
    </p>
   </div>
   <div class='ocr_carea' id='block_1_79' title="bbox 2071 3805 3648 3882">
    <p class='ocr_par' dir='ltr' id='par_1_79' title="bbox 2071 3805 3648 3882">
     <span class='ocr_line' id='line_1_79' title="bbox 2071 3805 3648 3882; baseline -0.006 -15"><span class='ocrx_word' id='word_1_547' title='bbox 2071 3813 2212 3868; x_wconf 88' lang='lat' dir='ltr'><strong>riam</strong></span> <span class='ocrx_word' id='word_1_548' title='bbox 2247 3812 2567 3866; x_wconf 83' lang='lat' dir='ltr'><strong>necessitate</strong></span> <span class='ocrx_word' id='word_1_549' title='bbox 2607 3813 2842 3882; x_wconf 89' lang='lat' dir='ltr'><strong>quadam</strong></span> <span class='ocrx_word' id='word_1_550' title='bbox 2883 3811 3236 3874; x_wconf 87' lang='lat' dir='ltr'><strong>adducimur;</strong></span> <span class='ocrx_word' id='word_1_551' title='bbox 3273 3816 3333 3863; x_wconf 91' lang='lat' dir='ltr'><strong>ut</strong></span> <span class='ocrx_word' id='word_1_552' title='bbox 3357 3806 3425 3862; x_wconf 92' lang='lat' dir='ltr'><strong>iis</strong></span> <span class='ocrx_word' id='word_1_553' title='bbox 3447 3805 3648 3876; x_wconf 71' lang='lat' dir='ltr'><strong>quaain</strong></span> 
     </span>
    </p>
   </div>
   <div class='ocr_carea' id='block_1_80' title="bbox 2073 3895 3646 3973">
    <p class='ocr_par' dir='ltr' id='par_1_80' title="bbox 2073 3895 3646 3973">
     <span class='ocr_line' id='line_1_80' title="bbox 2073 3895 3646 3973; baseline -0.005 -19"><span class='ocrx_word' id='word_1_554' title='bbox 2073 3902 2314 3972; x_wconf 89' lang='lat' dir='ltr'><strong>qualibet</strong></span> <span class='ocrx_word' id='word_1_555' title='bbox 2334 3902 2595 3973; x_wconf 77' lang='lat' dir='ltr'><strong>religione</strong></span> <span class='ocrx_word' id='word_1_556' title='bbox 2624 3902 2884 3972; x_wconf 87' lang='lat' dir='ltr'><strong>primaria</strong></span> <span class='ocrx_word' id='word_1_557' title='bbox 2908 3901 3217 3970; x_wconf 80' lang='lat' dir='ltr'><strong>eximiaque</strong></span> <span class='ocrx_word' id='word_1_558' title='bbox 3246 3896 3417 3953; x_wconf 84' lang='lat' dir='ltr'><strong>videri</strong></span> <span class='ocrx_word' id='word_1_559' title='bbox 3446 3895 3646 3958; x_wconf 84' lang='lat' dir='ltr'><strong>solent,</strong></span> 
     </span>
    </p>
   </div>
   <div class='ocr_carea' id='block_1_81' title="bbox 392 3989 3649 4068">
    <p class='ocr_par' dir='ltr' id='par_1_81' title="bbox 392 3989 3649 4068">
     <span class='ocr_line' id='line_1_81' title="bbox 392 3989 3649 4068; baseline -0.001 -23"><span class='ocrx_word' id='word_1_560' title='bbox 392 3989 447 4046; x_wconf 92' lang='lat' dir='ltr'><strong>in</strong></span> <span class='ocrx_word' id='word_1_561' title='bbox 478 3992 722 4046; x_wconf 92' lang='lat' dir='ltr'><strong>omnium</strong></span> <span class='ocrx_word' id='word_1_562' title='bbox 750 3993 868 4048; x_wconf 90' lang='lat' dir='ltr'><strong>luce</strong></span> <span class='ocrx_word' id='word_1_563' title='bbox 897 3995 1110 4063; x_wconf 85' lang='lat' dir='ltr'><strong>positis,</strong></span> <span class='ocrx_word' id='word_1_564' title='bbox 1137 3995 1308 4066; x_wconf 90' lang='lat' dir='ltr'><strong>ipsius</strong></span> <span class='ocrx_word' id='word_1_565' title='bbox 1331 3996 1576 4052; x_wconf 86' lang='lat' dir='ltr'><strong>veritatis</strong></span> <span class='ocrx_word' id='word_1_566' title='bbox 1636 3997 1775 4052; x_wconf 87' lang='lat' dir='ltr'><strong>ratio</strong></span> <span class='ocrx_word' id='word_1_567' title='bbox 1806 3996 2007 4052; x_wconf 82' lang='lat' dir='ltr'><strong>clarius</strong></span> <span class='ocrx_word' id='word_1_568' title='bbox 2043 3996 2372 4059; x_wconf 83' lang='lat' dir='ltr'><strong>deprehendi</strong></span> <span class='ocrx_word' id='word_1_569' title='bbox 2419 3997 2730 4068; x_wconf 88' lang='lat' dir='ltr'><strong>certiusque</strong></span> <span class='ocrx_word' id='word_1_570' title='bbox 2780 3996 2979 4067; x_wconf 85' lang='lat' dir='ltr'><strong>possit,</strong></span> <span class='ocrx_word' id='word_1_571' title='bbox 3023 3995 3267 4062; x_wconf 85' lang='lat' dir='ltr'><strong>adeoque</strong></span> <span class='ocrx_word' id='word_1_572' title='bbox 3307 4005 3470 4047; x_wconf 88' lang='lat' dir='ltr'><strong>nemo</strong></span> <span class='ocrx_word' id='word_1_573' title='bbox 3537 4003 3649 4044; x_wconf 78' lang='lat' dir='ltr'><strong>non</strong></span> 
     </span>
    </p>
   </div>
   <div class='ocr_carea' id='block_1_82' title="bbox 392 4085 3648 4162">
    <p class='ocr_par' dir='ltr' id='par_1_82' title="bbox 392 4085 3648 4162">
     <span class='ocr_line' id='line_1_82' title="bbox 392 4085 3648 4162; baseline -0.002 -20"><span class='ocrx_word' id='word_1_574' title='bbox 392 4085 674 4159; x_wconf 81' lang='lat' dir='ltr'><strong>intelligat,</strong></span> <span class='ocrx_word' id='word_1_575' title='bbox 700 4089 794 4158; x_wconf 92' lang='lat' dir='ltr'><strong>qui</strong></span> <span class='ocrx_word' id='word_1_576' title='bbox 836 4089 996 4143; x_wconf 90' lang='lat' dir='ltr'><strong>modo</strong></span> <span class='ocrx_word' id='word_1_577' title='bbox 1030 4089 1198 4145; x_wconf 91' lang='lat' dir='ltr'><strong>libros</strong></span> <span class='ocrx_word' id='word_1_578' title='bbox 1227 4091 1393 4146; x_wconf 91' lang='lat' dir='ltr'><strong>hosce</strong></span> <span class='ocrx_word' id='word_1_579' title='bbox 1421 4091 1644 4162; x_wconf 86' lang='lat' dir='ltr'><strong>legerit,</strong></span> <span class='ocrx_word' id='word_1_580' title='bbox 1676 4091 1982 4160; x_wconf 84' lang='lat' dir='ltr'><strong>cujusmodi</strong></span> <span class='ocrx_word' id='word_1_581' title='bbox 2021 4091 2130 4147; x_wconf 91' lang='lat' dir='ltr'><strong>sint</strong></span> <span class='ocrx_word' id='word_1_582' title='bbox 2153 4107 2276 4146; x_wconf 90' lang='lat' dir='ltr'><strong>cum</strong></span> <span class='ocrx_word' id='word_1_583' title='bbox 2298 4105 2383 4154; x_wconf 86' lang='lat' dir='ltr'><strong>ea,</strong></span> <span class='ocrx_word' id='word_1_584' title='bbox 2409 4105 2532 4160; x_wconf 73' lang='lat' dir='ltr'><strong>quae</strong></span> <span class='ocrx_word' id='word_1_585' title='bbox 2566 4091 2928 4156; x_wconf 90' lang='lat' dir='ltr'><strong>deseruimus,</strong></span> <span class='ocrx_word' id='word_1_586' title='bbox 2967 4099 3080 4144; x_wconf 91' lang='lat' dir='ltr'><strong>tum</strong></span> <span class='ocrx_word' id='word_1_587' title='bbox 3119 4088 3208 4143; x_wconf 88' lang='lat' dir='ltr'><strong>illa</strong></span> <span class='ocrx_word' id='word_1_588' title='bbox 3234 4086 3456 4152; x_wconf 88' lang='lat' dir='ltr'><strong>veritas,</strong></span> <span class='ocrx_word' id='word_1_589' title='bbox 3483 4097 3648 4152; x_wconf 86' lang='lat' dir='ltr'><strong>quam</strong></span> 
     </span>
    </p>
   </div>
   <div class='ocr_carea' id='block_1_83' title="bbox 393 4175 3648 4252">
    <p class='ocr_par' dir='ltr' id='par_1_83' title="bbox 393 4175 3648 4252">
     <span class='ocr_line' id='line_1_83' title="bbox 393 4175 3648 4252; baseline -0.004 -16"><span class='ocrx_word' id='word_1_590' title='bbox 393 4180 564 4236; x_wconf 80' lang='lat' dir='ltr'><strong>secuti</strong></span> <span class='ocrx_word' id='word_1_591' title='bbox 587 4195 795 4235; x_wconf 91' lang='lat' dir='ltr'><strong>sumus.</strong></span> <span class='ocrx_word' id='word_1_592' title='bbox 822 4177 928 4234; x_wconf 90' lang='lat' dir='ltr'><strong>Sed</strong></span> <span class='ocrx_word' id='word_1_593' title='bbox 959 4179 1102 4235; x_wconf 91' lang='lat' dir='ltr'><strong>enim</strong></span> <span class='ocrx_word' id='word_1_594' title='bbox 1133 4180 1199 4234; x_wconf 92' lang='lat' dir='ltr'><strong>ad</strong></span> <span class='ocrx_word' id='word_1_595' title='bbox 1231 4181 1464 4250; x_wconf 88' lang='lat' dir='ltr'><strong>primum</strong></span> <span class='ocrx_word' id='word_1_596' title='bbox 1493 4189 1654 4251; x_wconf 88' lang='lat' dir='ltr'><strong>caput</strong></span> <span class='ocrx_word' id='word_1_597' title='bbox 1676 4182 1968 4252; x_wconf 83' lang='lat' dir='ltr'><strong>aliquando</strong></span> <span class='ocrx_word' id='word_1_598' title='bbox 2006 4179 2308 4235; x_wconf 88' lang='lat' dir='ltr'><strong>veniamus.</strong></span> <span class='ocrx_word' id='word_1_599' title='bbox 2341 4177 2497 4233; x_wconf 91' lang='lat' dir='ltr'><strong>Unde</strong></span> <span class='ocrx_word' id='word_1_600' title='bbox 2543 4189 2724 4234; x_wconf 90' lang='lat' dir='ltr'><strong>autem</strong></span> <span class='ocrx_word' id='word_1_601' title='bbox 2749 4175 3274 4234; x_wconf 85' lang='lat' dir='ltr'><strong>demonstrationum</strong></span> <span class='ocrx_word' id='word_1_602' title='bbox 3334 4183 3648 4228; x_wconf 86' lang='lat' dir='ltr'><strong>nostrarum</strong></span> 
     </span>
    </p>
   </div>
   <div class='ocr_carea' id='block_1_84' title="bbox 395 4262 3651 4340">
    <p class='ocr_par' dir='ltr' id='par_1_84' title="bbox 395 4262 3651 4340">
     <span class='ocr_line' id='line_1_84' title="bbox 395 4262 3651 4340; baseline -0.004 -13"><span class='ocrx_word' id='word_1_603' title='bbox 395 4272 732 4327; x_wconf 81' lang='lat' dir='ltr'><strong>ﬁrmamenta</strong></span> <span class='ocrx_word' id='word_1_604' title='bbox 769 4269 1114 4340; x_wconf 79' lang='lat' dir='ltr'><strong>repetemus?</strong></span> <span class='ocrx_word' id='word_1_605' title='bbox 1142 4285 1252 4323; x_wconf 89' lang='lat' dir='ltr'><strong>non</strong></span> <span class='ocrx_word' id='word_1_606' title='bbox 1315 4271 1503 4340; x_wconf 89' lang='lat' dir='ltr'><strong>utique</strong></span> <span class='ocrx_word' id='word_1_607' title='bbox 1574 4271 1776 4326; x_wconf 90' lang='lat' dir='ltr'><strong>nostris</strong></span> <span class='ocrx_word' id='word_1_608' title='bbox 1847 4285 1913 4324; x_wconf 80' lang='lat' dir='ltr'><strong>ex</strong></span> <span class='ocrx_word' id='word_1_609' title='bbox 1939 4268 2154 4333; x_wconf 88' lang='lat' dir='ltr'><strong>litteris,</strong></span> <span class='ocrx_word' id='word_1_610' title='bbox 2203 4283 2272 4324; x_wconf 92' lang='lat' dir='ltr'><strong>ne</strong></span> <span class='ocrx_word' id='word_1_611' title='bbox 2311 4267 2575 4323; x_wconf 74' lang='lat' dir='ltr'><strong>doctrinae</strong></span> <span class='ocrx_word' id='word_1_612' title='bbox 2603 4267 2747 4337; x_wconf 63' lang='lat' dir='ltr'><strong>{huic</strong></span> <span class='ocrx_word' id='word_1_613' title='bbox 2792 4275 2993 4322; x_wconf 85' lang='lat' dir='ltr'><strong>nostrae</strong></span> <span class='ocrx_word' id='word_1_614' title='bbox 3027 4264 3232 4321; x_wconf 83' lang='lat' dir='ltr'><strong>servire</strong></span> <span class='ocrx_word' id='word_1_615' title='bbox 3299 4262 3552 4327; x_wconf 88' lang='lat' dir='ltr'><strong>nimium,</strong></span> <span class='ocrx_word' id='word_1_616' title='bbox 3585 4276 3651 4317; x_wconf 86' lang='lat' dir='ltr'><strong>ac</strong></span> 
     </span>
    </p>
   </div>
   <div class='ocr_carea' id='block_1_85' title="bbox 392 4353 3652 4436">
    <p class='ocr_par' dir='ltr' id='par_1_85' title="bbox 392 4353 3652 4436">
     <span class='ocr_line' id='line_1_85' title="bbox 392 4353 3652 4436; baseline -0.002 -20"><span class='ocrx_word' id='word_1_617' title='bbox 392 4363 658 4436; x_wconf 76' lang='lat' dir='ltr'><strong>prolixius</strong></span> <span class='ocrx_word' id='word_1_618' title='bbox 707 4361 985 4432; x_wconf 87' lang='lat' dir='ltr'><strong>indulgere</strong></span> <span class='ocrx_word' id='word_1_619' title='bbox 1026 4359 1330 4416; x_wconf 85' lang='lat' dir='ltr'><strong>videamur.</strong></span> <span class='ocrx_word' id='word_1_620' title='bbox 1380 4360 1490 4417; x_wconf 89' lang='lat' dir='ltr'><strong>Eos</strong></span> <span class='ocrx_word' id='word_1_621' title='bbox 1535 4376 1665 4432; x_wconf 88' lang='lat' dir='ltr'><strong>ergo</strong></span> <span class='ocrx_word' id='word_1_622' title='bbox 1696 4362 1876 4432; x_wconf 91' lang='lat' dir='ltr'><strong>potius</strong></span> <span class='ocrx_word' id='word_1_623' title='bbox 1903 4377 1970 4416; x_wconf 78' lang='lat' dir='ltr'><strong>ex</strong></span> <span class='ocrx_word' id='word_1_624' title='bbox 2009 4358 2214 4416; x_wconf 66' lang='lat' dir='ltr'><strong>Graacis</strong></span> <span class='ocrx_word' id='word_1_625' title='bbox 2241 4361 2373 4429; x_wconf 91' lang='lat' dir='ltr'><strong>ipsis</strong></span> <span class='ocrx_word' id='word_1_626' title='bbox 2399 4368 2564 4415; x_wconf 84' lang='lat' dir='ltr'><strong>testes</strong></span> <span class='ocrx_word' id='word_1_627' title='bbox 2587 4357 2976 4430; x_wconf 88' lang='lat' dir='ltr'><strong>producamus,</strong></span> <span class='ocrx_word' id='word_1_628' title='bbox 3001 4357 3094 4427; x_wconf 92' lang='lat' dir='ltr'><strong>qui</strong></span> <span class='ocrx_word' id='word_1_629' title='bbox 3154 4371 3266 4412; x_wconf 89' lang='lat' dir='ltr'><strong>non</strong></span> <span class='ocrx_word' id='word_1_630' title='bbox 3322 4353 3486 4409; x_wconf 89' lang='lat' dir='ltr'><strong>modo</strong></span> <span class='ocrx_word' id='word_1_631' title='bbox 3527 4355 3652 4422; x_wconf 89' lang='lat' dir='ltr'><strong>phi-</strong></span> 
     </span>
    </p>
   </div>
   <div class='ocr_carea' id='block_1_86' title="bbox 392 4446 3654 4529">
    <p class='ocr_par' dir='ltr' id='par_1_86' title="bbox 392 4446 3654 4529">
     <span class='ocr_line' id='line_1_86' title="bbox 392 4446 3654 4529; baseline -0.003 -17"><span class='ocrx_word' id='word_1_632' title='bbox 392 4458 664 4528; x_wconf 74' lang='lat' dir='ltr'><strong>losophiae</strong></span> <span class='ocrx_word' id='word_1_633' title='bbox 689 4457 912 4512; x_wconf 92' lang='lat' dir='ltr'><strong>nomine</strong></span> <span class='ocrx_word' id='word_1_634' title='bbox 963 4458 1285 4528; x_wconf 83' lang='lat' dir='ltr'><strong>gloriantur.</strong></span> <span class='ocrx_word' id='word_1_635' title='bbox 1343 4459 1436 4514; x_wconf 91' lang='lat' dir='ltr'><strong>sed</strong></span> <span class='ocrx_word' id='word_1_636' title='bbox 1483 4467 1645 4514; x_wconf 80' lang='lat' dir='ltr'><strong>etiam</strong></span> <span class='ocrx_word' id='word_1_637' title='bbox 1685 4458 1780 4529; x_wconf 89' lang='lat' dir='ltr'><strong>qui</strong></span> <span class='ocrx_word' id='word_1_638' title='bbox 1815 4469 2131 4516; x_wconf 74' lang='lat' dir='ltr'><strong>czeterarum</strong></span> <span class='ocrx_word' id='word_1_639' title='bbox 2181 4457 2426 4526; x_wconf 87' lang='lat' dir='ltr'><strong>gentium</strong></span> <span class='ocrx_word' id='word_1_640' title='bbox 2495 4454 2752 4510; x_wconf 89' lang='lat' dir='ltr'><strong>historias</strong></span> <span class='ocrx_word' id='word_1_641' title='bbox 2812 4451 3126 4524; x_wconf 88' lang='lat' dir='ltr'><strong>diligentius</strong></span> <span class='ocrx_word' id='word_1_642' title='bbox 3191 4449 3542 4523; x_wconf 89' lang='lat' dir='ltr'><strong>indagarunt.</strong></span> <span class='ocrx_word' id='word_1_643' title='bbox 3576 4446 3654 4503; x_wconf 83' lang='lat' dir='ltr'><strong>Ac</strong></span> 
     </span>
    </p>
   </div>
   <div class='ocr_carea' id='block_1_87' title="bbox 393 4541 3641 4620">
    <p class='ocr_par' dir='ltr' id='par_1_87' title="bbox 393 4541 3641 4620">
     <span class='ocr_line' id='line_1_87' title="bbox 393 4541 3641 4620; baseline -0.003 -16"><span class='ocrx_word' id='word_1_644' title='bbox 393 4549 665 4605; x_wconf 88' lang='lat' dir='ltr'><strong>Diodorus</strong></span> <span class='ocrx_word' id='word_1_645' title='bbox 707 4549 924 4618; x_wconf 86' lang='lat' dir='ltr'><strong>quidem</strong></span> <span class='ocrx_word' id='word_1_646' title='bbox 985 4548 1224 4615; x_wconf 89' lang='lat' dir='ltr'><strong>Siculus,</strong></span> <span class='ocrx_word' id='word_1_647' title='bbox 1263 4564 1348 4603; x_wconf 81' lang='lat' dir='ltr'><strong>vir</strong></span> <span class='ocrx_word' id='word_1_648' title='bbox 1401 4549 1542 4620; x_wconf 89' lang='lat' dir='ltr'><strong>apud</strong></span> <span class='ocrx_word' id='word_1_649' title='bbox 1583 4548 1783 4604; x_wconf 70' lang='lat' dir='ltr'><strong>Graeca:</strong></span> <span class='ocrx_word' id='word_1_650' title='bbox 1850 4548 2174 4604; x_wconf 89' lang='lat' dir='ltr'><strong>eruditionis</strong></span> <span class='ocrx_word' id='word_1_651' title='bbox 2229 4546 2502 4618; x_wconf 88' lang='lat' dir='ltr'><strong>principes</strong></span> <span class='ocrx_word' id='word_1_652' title='bbox 2535 4546 2696 4617; x_wconf 88' lang='lat' dir='ltr'><strong>longe</strong></span> <span class='ocrx_word' id='word_1_653' title='bbox 2751 4544 3095 4609; x_wconf 86' lang='lat' dir='ltr'><strong>netissimus,</strong></span> <span class='ocrx_word' id='word_1_654' title='bbox 3125 4543 3325 4614; x_wconf 90' lang='lat' dir='ltr'><strong>quippe</strong></span> <span class='ocrx_word' id='word_1_655' title='bbox 3350 4541 3442 4612; x_wconf 88' lang='lat' dir='ltr'><strong>qui</strong></span> <span class='ocrx_word' id='word_1_656' title='bbox 3469 4553 3641 4596; x_wconf 87' lang='lat' dir='ltr'><strong>unum</strong></span> 
     </span>
    </p>
   </div>
   <div class='ocr_carea' id='block_1_88' title="bbox 393 4634 3653 4714">
    <p class='ocr_par' dir='ltr' id='par_1_88' title="bbox 393 4634 3653 4714">
     <span class='ocr_line' id='line_1_88' title="bbox 393 4634 3653 4714; baseline -0.004 -14"><span class='ocrx_word' id='word_1_657' title='bbox 393 4644 452 4700; x_wconf 84' lang='lat' dir='ltr'><strong>in</strong></span> <span class='ocrx_word' id='word_1_658' title='bbox 501 4639 698 4713; x_wconf 84' lang='lat' dir='ltr'><strong>corpus</strong></span> <span class='ocrx_word' id='word_1_659' title='bbox 728 4642 1109 4697; x_wconf 82' lang='lat' dir='ltr'><strong>Bibliothecam</strong></span> <span class='ocrx_word' id='word_1_660' title='bbox 1138 4642 1486 4698; x_wconf 87' lang='lat' dir='ltr'><strong>historiarum</strong></span> <span class='ocrx_word' id='word_1_661' title='bbox 1532 4644 1844 4698; x_wconf 87' lang='lat' dir='ltr'><strong>universam</strong></span> <span class='ocrx_word' id='word_1_662' title='bbox 1903 4641 2252 4714; x_wconf 85' lang='lat' dir='ltr'><strong>eomuegerit,</strong></span> <span class='ocrx_word' id='word_1_663' title='bbox 2309 4642 2588 4711; x_wconf 82' lang='lat' dir='ltr'><strong>antiquam</strong></span> <span class='ocrx_word' id='word_1_664' title='bbox 2618 4636 2995 4712; x_wconf 58' lang='lat' dir='ltr'><strong>Egvptiorum</strong></span> <span class='ocrx_word' id='word_1_665' title='bbox 3025 4637 3349 4709; x_wconf 86' lang='lat' dir='ltr'><strong>theologiam</strong></span> <span class='ocrx_word' id='word_1_666' title='bbox 3377 4636 3444 4691; x_wconf 86' lang='lat' dir='ltr'><strong>ab</strong></span> <span class='ocrx_word' id='word_1_667' title='bbox 3504 4634 3653 4704; x_wconf 80' lang='lat' dir='ltr'><strong>ipso-</strong></span> 
     </span>
    </p>
   </div>
   <div class='ocr_carea' id='block_1_89' title="bbox 394 4728 3651 4807">
    <p class='ocr_par' dir='ltr' id='par_1_89' title="bbox 394 4728 3651 4807">
     <span class='ocr_line' id='line_1_89' title="bbox 394 4728 3651 4807; baseline -0.003 -15"><span class='ocrx_word' id='word_1_668' title='bbox 394 4747 506 4793; x_wconf 88' lang='lat' dir='ltr'><strong>met</strong></span> <span class='ocrx_word' id='word_1_669' title='bbox 550 4752 835 4794; x_wconf 86' lang='lat' dir='ltr'><strong>arcessens</strong></span> <span class='ocrx_word' id='word_1_670' title='bbox 864 4737 1039 4807; x_wconf 91' lang='lat' dir='ltr'><strong>capite</strong></span> <span class='ocrx_word' id='word_1_671' title='bbox 1095 4737 1462 4807; x_wconf 90' lang='lat' dir='ltr'><strong>prosequitur.</strong></span> <span class='ocrx_word' id='word_1_672' title='bbox 1519 4735 1598 4791; x_wconf 72' lang='lat' dir='ltr'><strong>Ex</strong></span> <span class='ocrx_word' id='word_1_673' title='bbox 1649 4752 1756 4806; x_wconf 90' lang='lat' dir='ltr'><strong>quo</strong></span> <span class='ocrx_word' id='word_1_674' title='bbox 1797 4736 1972 4806; x_wconf 88' lang='lat' dir='ltr'><strong>prima</strong></span> <span class='ocrx_word' id='word_1_675' title='bbox 2012 4747 2223 4792; x_wconf 87' lang='lat' dir='ltr'><strong>tantum</strong></span> <span class='ocrx_word' id='word_1_676' title='bbox 2254 4735 2345 4790; x_wconf 92' lang='lat' dir='ltr'><strong>illa</strong></span> <span class='ocrx_word' id='word_1_677' title='bbox 2376 4734 2683 4805; x_wconf 86' lang='lat' dir='ltr'><strong>subjiciam,</strong></span> <span class='ocrx_word' id='word_1_678' title='bbox 2713 4749 2835 4805; x_wconf 71' lang='lat' dir='ltr'><strong>quae</strong></span> <span class='ocrx_word' id='word_1_679' title='bbox 2866 4734 2988 4803; x_wconf 90' lang='lat' dir='ltr'><strong>ipso</strong></span> <span class='ocrx_word' id='word_1_680' title='bbox 3013 4733 3198 4788; x_wconf 87' lang='lat' dir='ltr'><strong>statim</strong></span> <span class='ocrx_word' id='word_1_681' title='bbox 3256 4729 3436 4803; x_wconf 91' lang='lat' dir='ltr'><strong>operis</strong></span> <span class='ocrx_word' id='word_1_682' title='bbox 3495 4728 3651 4782; x_wconf 90' lang='lat' dir='ltr'><strong>initio</strong></span> 
     </span>
    </p>
   </div>
   <div class='ocr_carea' id='block_1_90' title="bbox 395 4813 2980 4901">
    <p class='ocr_par' dir='ltr' id='par_1_90' title="bbox 395 4813 2980 4901">
     <span class='ocr_line' id='line_1_90' title="bbox 395 4813 2980 4901; baseline -0.002 -13"><span class='ocrx_word' id='word_1_683' title='bbox 395 4842 641 4888; x_wconf 84' lang='lat' dir='ltr'><strong>veterum</strong></span> <span class='ocrx_word' id='word_1_684' title='bbox 673 4831 971 4888; x_wconf 88' lang='lat' dir='ltr'><strong>sententias</strong></span> <span class='ocrx_word' id='word_1_685' title='bbox 1017 4845 1451 4886; x_wconf 88' lang='lat' dir='ltr'><strong>commemorans</strong></span> <span class='ocrx_word' id='word_1_686' title='bbox 1493 4813 1566 4885; x_wconf 82' lang='lat' dir='ltr'><strong>de</strong></span> <span class='ocrx_word' id='word_1_687' title='bbox 1607 4830 1799 4888; x_wconf 91' lang='lat' dir='ltr'><strong>mundi</strong></span> <span class='ocrx_word' id='word_1_688' title='bbox 1843 4843 1968 4890; x_wconf 85' lang='lat' dir='ltr'><strong>ortu</strong></span> <span class='ocrx_word' id='word_1_689' title='bbox 2007 4831 2154 4888; x_wconf 89' lang='lat' dir='ltr'><strong>hunc</strong></span> <span class='ocrx_word' id='word_1_690' title='bbox 2187 4832 2242 4886; x_wconf 91' lang='lat' dir='ltr'><strong>iu</strong></span> <span class='ocrx_word' id='word_1_691' title='bbox 2269 4830 2494 4886; x_wconf 87' lang='lat' dir='ltr'><strong>modum</strong></span> <span class='ocrx_word' id='word_1_692' title='bbox 2525 4830 2642 4900; x_wconf 90' lang='lat' dir='ltr'><strong>ipse</strong></span> <span class='ocrx_word' id='word_1_693' title='bbox 2666 4828 2980 4901; x_wconf 89' lang='lat' dir='ltr'><strong>disputavit.</strong></span> 
     </span>
    </p>
   </div>
   <div class='ocr_carea' id='block_1_91' title="bbox 470 5012 1969 5086">
    <p class='ocr_par' dir='ltr' id='par_1_91' title="bbox 470 5012 1969 5086">
     <span class='ocr_line' id='line_1_91' title="bbox 470 5012 1969 5086; baseline -0.003 -17"><span class='ocrx_word' id='word_1_694' title='bbox 470 5013 582 5086; x_wconf 83' lang='lat' dir='ltr'><strong>(ll)</strong></span> <span class='ocrx_word' id='word_1_695' title='bbox 631 5012 894 5086; x_wconf 70' lang='grc' dir='ltr'>Ὑάῃοου.</span> <span class='ocrx_word' id='word_1_696' title='bbox 934 5013 1154 5086; x_wconf 66' lang='lat' dir='ltr'><strong>Certum</strong></span> <span class='ocrx_word' id='word_1_697' title='bbox 1187 5013 1400 5086; x_wconf 82' lang='lat' dir='ltr'><strong>videtur</strong></span> <span class='ocrx_word' id='word_1_698' title='bbox 1456 5012 1665 5086; x_wconf 68' lang='lat' dir='ltr'><strong>legend.</strong></span> <span class='ocrx_word' id='word_1_699' title='bbox 1713 5012 1969 5086; x_wconf 68' lang='grc' dir='ltr'>Οἰάγρου,</span> 
     </span>
    </p>
   </div>
   <div class='ocr_carea' id='block_1_92' title="bbox 397 5083 1974 5156">
    <p class='ocr_par' dir='ltr' id='par_1_92' title="bbox 397 5083 1974 5156">
     <span class='ocr_line' id='line_1_92' title="bbox 397 5083 1974 5156; baseline -0.003 -15"><span class='ocrx_word' id='word_1_700' title='bbox 397 5083 490 5141; x_wconf 77' lang='grc' dir='ltr'><strong>1]ιῖ</strong></span> <span class='ocrx_word' id='word_1_701' title='bbox 512 5083 671 5156; x_wconf 84' lang='lat' dir='ltr'><strong>habet</strong></span> <span class='ocrx_word' id='word_1_702' title='bbox 699 5085 864 5156; x_wconf 75' lang='lat' dir='ltr'><strong>illont.</strong></span> <span class='ocrx_word' id='word_1_703' title='bbox 899 5083 1132 5156; x_wconf 71' lang='grc' dir='ltr'>Οἴαγρος</span> <span class='ocrx_word' id='word_1_704' title='bbox 1160 5085 1302 5137; x_wconf 90' lang='lat' dir='ltr'><strong>enim</strong></span> <span class='ocrx_word' id='word_1_705' title='bbox 1343 5099 1453 5137; x_wconf 87' lang='lat' dir='ltr'><strong>non</strong></span> <span class='ocrx_word' id='word_1_706' title='bbox 1487 5084 1747 5154; x_wconf 86' lang='grc' dir='ltr'>Ὕαγρος,</span> <span class='ocrx_word' id='word_1_707' title='bbox 1771 5083 1974 5153; x_wconf 82' lang='lat' dir='ltr'><strong>Orphei</strong></span> 
     </span>
    </p>
   </div>
   <div class='ocr_carea' id='block_1_93' title="bbox 399 5155 1055 5227">
    <p class='ocr_par' dir='ltr' id='par_1_93' title="bbox 399 5155 1055 5227">
     <span class='ocr_line' id='line_1_93' title="bbox 399 5155 1055 5227; baseline -0.003 -17"><span class='ocrx_word' id='word_1_708' title='bbox 399 5165 574 5227; x_wconf 83' lang='lat' dir='ltr'><strong>pater.</strong></span> <span class='ocrx_word' id='word_1_709' title='bbox 611 5155 751 5209; x_wconf 84' lang='lat' dir='ltr'><strong>Stat.</strong></span> <span class='ocrx_word' id='word_1_710' title='bbox 787 5155 946 5209; x_wconf 75' lang='lat' dir='ltr'><strong>Tlteb.</strong></span> <span class='ocrx_word' id='word_1_711' title='bbox 978 5171 1009 5208; x_wconf 73' lang='grc' dir='ltr'><strong>ν</strong></span> <span class='ocrx_word' id='word_1_712' title='bbox 1042 5173 1055 5208; x_wconf 89' lang='lat'><strong>:</strong></span> 
     </span>
    </p>
   </div>
   <div class='ocr_carea' id='block_1_94' title="bbox 1049 5221 1620 5290">
    <p class='ocr_par' dir='ltr' id='par_1_94' title="bbox 1049 5221 1620 5290">
     <span class='ocr_line' id='line_1_94' title="bbox 1049 5221 1620 5290; baseline -0.004 -15"><span class='ocrx_word' id='word_1_713' title='bbox 1049 5262 1062 5275; x_wconf 96' lang='lat'><strong>.</strong></span> <span class='ocrx_word' id='word_1_714' title='bbox 1108 5265 1122 5278; x_wconf 93' lang='lat'><strong>.</strong></span> <span class='ocrx_word' id='word_1_715' title='bbox 1166 5263 1180 5277; x_wconf 92' lang='lat'><strong>.</strong></span> <span class='ocrx_word' id='word_1_716' title='bbox 1213 5222 1480 5290; x_wconf 77' lang='lat' dir='ltr'><strong>OEugrius</strong></span> <span class='ocrx_word' id='word_1_717' title='bbox 1508 5221 1620 5274; x_wconf 81' lang='lat' dir='ltr'><strong>illic</strong></span> 
     </span>
    </p>
   </div>
   <div class='ocr_carea' id='block_1_95' title="bbox 539 5293 1724 5362">
    <p class='ocr_par' dir='ltr' id='par_1_95' title="bbox 539 5293 1724 5362">
     <span class='ocr_line' id='line_1_95' title="bbox 539 5293 1724 5362; baseline -0.002 -14"><span class='ocrx_word' id='word_1_718' title='bbox 539 5295 767 5348; x_wconf 83' lang='lat' dir='ltr'><strong>Acclivis</strong></span> <span class='ocrx_word' id='word_1_719' title='bbox 791 5294 930 5348; x_wconf 77' lang='lat' dir='ltr'><strong>malo</strong></span> <span class='ocrx_word' id='word_1_720' title='bbox 959 5295 1148 5349; x_wconf 82' lang='lat' dir='ltr'><strong>mediis</strong></span> <span class='ocrx_word' id='word_1_721' title='bbox 1178 5294 1464 5347; x_wconf 80' lang='lat' dir='ltr'><strong>intersonat</strong></span> <span class='ocrx_word' id='word_1_722' title='bbox 1488 5293 1724 5362; x_wconf 69' lang='lat' dir='ltr'><strong>Orpheus</strong></span> 
     </span>
    </p>
   </div>
   <div class='ocr_carea' id='block_1_96' title="bbox 543 5363 817 5430">
    <p class='ocr_par' dir='ltr' id='par_1_96' title="bbox 543 5363 817 5430">
     <span class='ocr_line' id='line_1_96' title="bbox 543 5363 817 5430; baseline -0.007 -12"><span class='ocrx_word' id='word_1_723' title='bbox 543 5363 817 5430; x_wconf 68' lang='lat' dir='ltr'><strong>Remigiis.</strong></span> 
     </span>
    </p>
   </div>
   <div class='ocr_carea' id='block_1_97' title="bbox 402 5433 1186 5508">
    <p class='ocr_par' dir='ltr' id='par_1_97' title="bbox 402 5433 1186 5508">
     <span class='ocr_line' id='line_1_97' title="bbox 402 5433 1186 5508; baseline -0.005 -16"><span class='ocrx_word' id='word_1_724' title='bbox 402 5435 548 5508; x_wconf 82' lang='lat' dir='ltr'><strong>Virg.</strong></span> <span class='ocrx_word' id='word_1_725' title='bbox 589 5451 636 5487; x_wconf 80' lang='lat' dir='ltr'><strong>tv</strong></span> <span class='ocrx_word' id='word_1_726' title='bbox 667 5434 928 5504; x_wconf 58' lang='lat' dir='ltr'><strong>Georgia,</strong></span> <span class='ocrx_word' id='word_1_727' title='bbox 958 5448 1009 5487; x_wconf 88' lang='lat' dir='ltr'><strong>v.</strong></span> <span class='ocrx_word' id='word_1_728' title='bbox 1044 5433 1186 5489; x_wconf 73' lang='lat'><strong>59.5:</strong></span> 
     </span>
    </p>
   </div>
   <div class='ocr_carea' id='block_1_98' title="bbox 2575 5002 3487 5080">
    <p class='ocr_par' dir='ltr' id='par_1_98' title="bbox 2575 5002 3487 5080">
     <span class='ocr_line' id='line_1_98' title="bbox 2575 5002 3487 5080; baseline -0.014 -15"><span class='ocrx_word' id='word_1_729' title='bbox 2575 5050 2590 5064; x_wconf 92' lang='lat'><strong>.</strong></span> <span class='ocrx_word' id='word_1_730' title='bbox 2637 5053 2651 5065; x_wconf 94' lang='lat'><strong>.</strong></span> <span class='ocrx_word' id='word_1_731' title='bbox 2697 5050 2710 5064; x_wconf 94' lang='lat'><strong>.</strong></span> <span class='ocrx_word' id='word_1_732' title='bbox 2753 5019 2908 5080; x_wconf 82' lang='lat' dir='ltr'><strong>caput</strong></span> <span class='ocrx_word' id='word_1_733' title='bbox 2939 5027 2971 5062; x_wconf 87' lang='lat' dir='ltr'><strong>a</strong></span> <span class='ocrx_word' id='word_1_734' title='bbox 3000 5009 3191 5080; x_wconf 68' lang='lat' dir='ltr'><strong>ceruice</strong></span> <span class='ocrx_word' id='word_1_735' title='bbox 3225 5002 3487 5080; x_wconf 52' lang='lat' dir='ltr'><strong>revulsum</strong></span> 
     </span>
    </p>
   </div>
   <div class='ocr_carea' id='block_1_99' title="bbox 2216 5073 3544 5153">
    <p class='ocr_par' dir='ltr' id='par_1_99' title="bbox 2216 5073 3544 5153">
     <span class='ocr_line' id='line_1_99' title="bbox 2216 5073 3544 5153; baseline -0.01 -15"><span class='ocrx_word' id='word_1_736' title='bbox 2216 5083 2436 5153; x_wconf 80' lang='lat' dir='ltr'><strong>Gurgite</strong></span> <span class='ocrx_word' id='word_1_737' title='bbox 2457 5099 2575 5138; x_wconf 87' lang='lat' dir='ltr'><strong>cum</strong></span> <span class='ocrx_word' id='word_1_738' title='bbox 2604 5081 2776 5136; x_wconf 81' lang='lat' dir='ltr'><strong>medio</strong></span> <span class='ocrx_word' id='word_1_739' title='bbox 2803 5073 3019 5150; x_wconf 71' lang='lat' dir='ltr'><strong>portans</strong></span> <span class='ocrx_word' id='word_1_740' title='bbox 3045 5077 3308 5144; x_wconf 72' lang='lat' dir='ltr'><strong>CEugriua</strong></span> <span class='ocrx_word' id='word_1_741' title='bbox 3340 5073 3544 5125; x_wconf 80' lang='lat' dir='ltr'><strong>llcbrtu</strong></span> 
     </span>
    </p>
   </div>
   <div class='ocr_carea' id='block_1_100' title="bbox 2079 5153 3282 5301">
    <p class='ocr_par' dir='ltr' id='par_1_100' title="bbox 2079 5153 3282 5301">
     <span class='ocr_line' id='line_1_100' title="bbox 2231 5153 2559 5209; baseline 0 -3"><span class='ocrx_word' id='word_1_742' title='bbox 2231 5153 2325 5207; x_wconf 83' lang='lat' dir='ltr'><strong>Vol</strong></span> <span class='ocrx_word' id='word_1_743' title='bbox 2331 5165 2506 5209; x_wconf 71' lang='grc' dir='ltr'>νει-ει..</span> <span class='ocrx_word' id='word_1_744' title='bbox 2520 5191 2534 5206; x_wconf 92' lang='lat'><strong>.</strong></span> <span class='ocrx_word' id='word_1_745' title='bbox 2545 5193 2559 5206; x_wconf 94' lang='lat'><strong>.</strong></span> 
     </span>
     <span class='ocr_line' id='line_1_101' title="bbox 2079 5224 3282 5301; baseline 0.018 -6"><span class='ocrx_word' id='word_1_746' title='bbox 2079 5224 2686 5301; x_wconf 65' lang='lat' dir='ltr'><strong>AP°H9&quot;-.&quot;’.4&quot;_0.°.&quot;--&#39;</strong></span> <span class='ocrx_word' id='word_1_747' title='bbox 2893 5286 2918 5298; x_wconf 85' lang='lat'><strong>-</strong></span> <span class='ocrx_word' id='word_1_748' title='bbox 2977 5287 3013 5301; x_wconf 54' lang='grc' dir='ltr'><strong>Α</strong></span> <span class='ocrx_word' id='word_1_749' title='bbox 3093 5285 3120 5301; x_wconf 57' lang='grc' dir='ltr'>ι</span> <span class='ocrx_word' id='word_1_750' title='bbox 3268 5281 3282 5300; x_wconf 70' lang='grc' dir='ltr'><strong>ο</strong></span> 
     </span>
    </p>
   </div>
   <div class='ocr_carea' id='block_1_101' title="bbox 2081 5278 3532 5420">
    <p class='ocr_par' dir='ltr' id='par_1_101' title="bbox 2081 5278 3532 5420">
     <span class='ocr_line' id='line_1_102' title="bbox 2081 5278 3532 5419; baseline -0.01 -70"><span class='ocrx_word' id='word_1_751' title='bbox 2187 5295 2255 5348; x_wconf 81' lang='lat' dir='ltr'><em>EI</em></span> <span class='ocrx_word' id='word_1_752' title='bbox 2280 5292 2366 5363; x_wconf 76' lang='grc' dir='ltr'>μὴ</span> <span class='ocrx_word' id='word_1_753' title='bbox 2391 5292 2480 5362; x_wconf 82' lang='grc' dir='ltr'><strong>ἄρ’</strong></span> <span class='ocrx_word' id='word_1_754' title='bbox 2507 5278 2778 5360; x_wconf 61' lang='grc' dir='ltr'>ὅίάγρριο</span> <span class='ocrx_word' id='word_1_755' title='bbox 2806 5286 2944 5354; x_wconf 80' lang='grc' dir='ltr'>παῖς</span> <span class='ocrx_word' id='word_1_756' title='bbox 2971 5285 3240 5355; x_wconf 70' lang='grc' dir='ltr'>Θρηΐκιος</span> <span class='ocrx_word' id='word_1_757' title='bbox 3268 5278 3532 5352; x_wconf 66' lang='grc' dir='ltr'>Ὀρφεύς.</span> 
     </span>
     <span class='ocr_line' id='line_1_103' title="bbox 2151 5379 2200 5420; baseline -0.041 0"><span class='ocrx_word' id='word_1_758' title='bbox 2151 5379 2200 5420; x_wconf 88' lang='lat' dir='ltr'><strong>c.</strong></span> 
     </span>
    </p>
   </div>
  </div>
