4154 6416
359 324 439 381 53

356 461 429 497 τε
462 439 555 496 καὶ
596 438 1059 513 περιρραγέντων,
1092 432 1395 504 ἀναφυῆναι
1427 426 1798 487 παντοδαποὺς
1841 422 1937 474 τύ-

357 552 506 598 πους
531 511 704 599 ζώων.
731 511 958 584 Τούτων
1002 529 1060 581 δέ
1105 526 1175 580 τὰ
1212 526 1309 596 μὲν
1342 522 1603 591 πλείστης
1640 511 1939 586 Θερμασίας

362 624 823 694 κεκοινωνηκότα,
868 614 1004 692 πρὸς
1042 619 1168 682 τοὺς
1207 613 1512 688 μετεώρους
1540 610 1735 671 τόπους
1773 604 1941 660 ἀπελ-

365 719 505 785 θεῖν,
537 717 803 787 γενόμενα
844 711 1049 783 πτηνά·
1100 709 1169 762 τὰ
1220 708 1278 761 δε
1322 704 1556 776 γεώδους
1608 697 1944 769 ἀντεχόμενα

371 810 736 881 συγκρίσεως,
766 809 824 860 ἐν
856 809 921 877 τῇ
952 802 1061 856 τῶν
1099 798 1343 872 ἑρπετῶν
1383 796 1478 851 καὶ
1521 796 1588 865 τῇ
1633 791 1741 845 τῶν
1770 789 1942 844 ἄλλων

370 902 482 957 τῶν
520 899 776 967 ἐπιγείων
806 896 956 960 τάξει
995 889 1491 963 καταριθμηθῆναι·
1526 885 1597 938 τά
1631 884 1688 937 δὲ
1730 881 1945 951 φύσεως

375 993 550 1064 ὑγρᾶς
582 991 818 1061 μάλιστα
850 984 1222 1058 μετειληχότα,
1247 981 1385 1054 πρὸς
1408 980 1499 1034 τὸν
1522 974 1760 1048 ὁμογενῆ
1781 973 1946 1025 τόπον

378 1062 718 1152 συνδραμεῖν,
770 1079 1136 1149 ὀνομασθέντα
1180 1073 1389 1129 πλωτά.
1446 1068 1557 1140 Τὴν
1604 1067 1664 1120 δὲ
1710 1064 1812 1134 γῆν
1859 1062 1948 1117 ἀεὶ

382 1174 577 1246 μᾶλλον
611 1170 999 1242 στερεουμένην
1042 1169 1148 1222 ὑπό
1174 1184 1233 1220 τε
1262 1163 1356 1218 τοῦ
1389 1160 1519 1232 περὶ
1550 1159 1642 1212 τὸν
1666 1156 1815 1228 ἥλιον
1846 1170 1948 1207 πυ-

379 1243 491 1337 ρὸς,
530 1263 624 1317 καὶ
662 1261 770 1315 τῶν
801 1261 1152 1332 πνευμάτων,
1186 1257 1247 1311 τὸ
1281 1254 1588 1309 τελευταῖον
1626 1246 1824 1319 μηκέτι
1856 1243 1948 1298 δύ-

380 1335 570 1412 νασθαι
603 1353 768 1425 μηδὲν
809 1351 916 1406 τῶν
953 1349 1209 1422 μειζόνων
1251 1345 1554 1412 ζωογονεῖν,
1604 1339 1717 1394 ἀλλ’
1747 1338 1812 1389 ἐκ
1850 1335 1951 1405 τῆς

379 1445 514 1517 πρὸς
546 1443 749 1514 ἄλληλα
780 1443 979 1514 μίξεως
998 1441 1203 1495 ἕκαστα
1226 1433 1516 1507 γεννᾶσθαι
1537 1430 1645 1486 τῶν
1669 1426 1948 1500 ἐμψύχων.

383 1538 565 1590 Ἐυικε
590 1535 646 1589 δὲ
672 1534 800 1606 περὶ
827 1534 925 1605 τῆς
955 1532 1063 1586 τῶν
1087 1530 1222 1584 ὅλων
1265 1527 1479 1597 φύσεως
1509 1523 1615 1576 οὐδ’
1649 1517 1951 1591 Εὐριπίδης

378 1628 661 1699 διαφωνεῖν
703 1629 816 1690 τοῖς
854 1622 1288 1695 προειρημένοις,
1330 1614 1574 1689 μαθητὴς
1617 1611 1693 1666 ὢν
1727 1606 1953 1672 Ἀναξα-

380 1721 542 1792 γόρου
570 1718 663 1773 τοῦ
692 1715 940 1790 φυσικοῦ.
982 1716 1070 1769 Ἐν
1101 1713 1210 1783 γὰρ
1236 1712 1303 1782 τῇ
1336 1705 1696 1773 Merulam]
1736 1699 1953 1771 τίθησιν

382 1809 573 1874 οὕτως’

387 1904 490 1959 sibi
519 1902 842 1972 amnemque
882 1900 1066 1956 locum
1102 1911 1294 1952 omnes
1322 1891 1669 1955 conﬂuxisse,

386 1995 652 2063 maiorem
684 1994 740 2048 in
779 1993 895 2047 dies
927 1989 1350 2055 solidioremque
1371 1977 1844 2049 duritiem-partim
1876 1988 1945 2028 ex
1982 1985 2045 2027 so

385 2085 588 2156 capiat,
622 2082 826 2139 nullam
879 2094 974 2152 per
1024 2093 1147 2136 sese
1188 2075 1422 2146 amplius
1464 2088 1532 2128 ex
1570 2066 1950 2142 grandioribus
1986 2058 2355 2119 animantibus
2388 2064 2676 2126 procreare
2728 2061 2914 2119 posse,

1544 306 1872 364 PREPAR.
1913 302 1969 357 E‘

2064 298 2168 354 NG.
2206 296 2337 352 LIB.
2378 294 2418 349 1.
3538 282 3606 334 51

1970 430 2016 484 Α
2043 419 2156 472 lum
2191 413 2481 475 refrixerit,
2510 418 2644 465 aestu
2674 405 2957 477 repentino
2986 417 3078 458 acr
3099 401 3409 461 incalescat,
3436 413 3611 469 neque

2042 507 2304 580 paulatim
2320 503 2676 559 mutationem
2695 495 2963 568 ejusmodi
2992 493 3248 565 patiatur.
3277 489 3467 560 Itaque
3484 503 3610 545 cum

2043 598 2380 656 humidiores
2408 594 2513 649 illae
2541 599 2726 662 partes
2751 589 2900 643 hunc
2940 586 2997 641 in
3024 584 3247 639 modum
3269 582 3486 636 vitalem
3515 594 3614 651 pa-

2043 689 2220 746 riendi
2245 687 2354 741 vim
2379 700 2446 739 ex
2468 682 2651 737 calore
2667 677 2983 749 prolemque
3009 674 3378 743 conciperent,
3395 684 3490 726 eas
3512 684 3612 724 no-

2044 790 2134 837 ctu
2157 778 2375 850 quidem
2400 790 2469 830 ex
2499 772 2780 829 decidente
2805 769 2875 825 ab
2898 782 3025 823 aere
3047 763 3380 821 circumfuso
3416 762 3612 817 nebula

2045 872 2461 935 nutrimentum,
2488 864 2727 921 interdiu
2755 876 2885 917 vero
2926 860 3094 915 robur
3121 873 3184 914 ex
3223 856 3402 912 calore
3431 868 3495 909 ac
3524 853 3614 906 lir-

2047 964 2293 1018 mitatem
2320 957 2599 1027 accepisse
2633 973 2648 1009 :
2685 952 2859 1008 donec
2891 949 2995 1021 ipsi
3032 947 3173 1004 fetus
3199 946 3404 1017 justum
3438 943 3616 998 incre-

2048 1060 2290 1109 mentum
2309 1061 2576 1117 suamque
2593 1045 2961 1099 maturitatem
2983 1040 3311 1104 obtinerent,
3334 1034 3618 1105 ruptisque

2048 1145 2267 1199 demum
2297 1148 2433 1196 aestu
2476 1136 2833 1200 membranis,
2869 1131 3227 1187 animantium
3248 1127 3426 1184 omnis
3453 1140 3617 1197 gene-

2049 1237 2125 1291 ris
2157 1232 2345 1288 forma:
2367 1236 2747 1284 nascerentur.
2773 1223 2855 1277 Ex
2885 1222 2970 1277 bis
2993 1230 3174 1276 autem
3201 1231 3321 1289 quae
3357 1215 3617 1283 majorem

2052 1334 2223 1380 nactae
2251 1321 2488 1377 calorem
2510 1326 2713 1385 essent,
2735 1329 2832 1370 eas
2857 1312 3053 1384 pennis
3082 1310 3378 1364 instructas
3400 1305 3622 1360 altiores

2052 1419 2109 1474 in
2138 1415 2327 1471 mundi
2351 1413 2539 1483 plagas
2570 1407 2921 1466 subvolasse:
2948 1404 3004 1458 in
3030 1401 3232 1472 quibus
3253 1413 3385 1455 vero
3408 1406 3621 1452 terrena

2053 1506 2330 1565 concretio
2366 1504 2781 1565 dominaretur,
2848 1495 2971 1549 illas
2998 1490 3273 1563 reptilium
3302 1502 3367 1542 ac
3403 1495 3625 1541 caetera-

2054 1613 2200 1664 rum,
2235 1609 2356 1666 qua:
2382 1594 2438 1647 in
2460 1601 2605 1647 terra
2625 1595 2932 1650 versantur,
2957 1579 3318 1638 animantium
3345 1576 3536 1631 ordine
3564 1588 3629 1629 ac

2056 1665 2287 1748 numero
2335 1682 2758 1754 comprehensas
2807 1674 2979 1731 fuisse
3018 1691 3035 1729 :
3079 1676 3350 1742 quotquot
3391 1665 3627 1735 denique

2060 1780 2283 1839 humida
2307 1777 2545 1834 maxime
2569 1781 2764 1829 natura
2784 1771 3117 1830 conslarent,
3141 1759 3317 1817 easin
3339 1765 3631 1827 cognatum

1713 1884 1947 1957 piscium
1985 1877 2207 1935 nomine
2233 1872 2546 1945 appellatas.
2574 1866 2657 1922 Ad
2720 1872 3020 1920 extremum
3086 1870 3218 1913 vero
3247 1861 3472 1914 terram,
3502 1863 3628 1904 cum

2048 1969 2115 2025 lis
2190 1963 2486 2022 ardentiori
2525 1959 2725 2022 calore,
2774 1953 2970 2025 partim
3019 1964 3085 2006 ex
3153 1955 3438 2001 ventorum
3494 1940 3627 1994 ﬂatu

2977 2041 3076 2098 sed
3103 2053 3291 2097 earum
3325 2032 3633 2105 quamlibet

388 2132 588 2156 --τ---π
622 2132 826 2139 mum--
879 2132 965 2152 ,ρ-
1024 2132 1139 2136 hu
1279 2132 1297 2146 .
1571 2132 1600 2142 ..

382 2197 450 2236 ex
484 2187 675 2235 mutua
709 2177 941 2233 marium
969 2191 1035 2231 ac
1071 2174 1396 2230 feminarum
1441 2165 1818 2225 commistione
1856 2158 2127 2233 generari.
2183 2154 2372 2225 Neque
2402 2152 2823 2219 discrepantem.
2851 2143 2919 2198 ab
2960 2140 3052 2205 iis,
3077 2150 3201 2208 qua:
3251 2132 3430 2189 adhuc
3489 2142 3646 2182 cont-

387 2261 1653 2334 memoravimus,Euripidis,quiAnaxagoram
1676 2220 1960 2327 physicum
1997 2249 2265 2313 audierat,
2282 2220 2358 2301 de
2385 2241 2550 2312 hujus
2587 2234 2828 2294 universi
2855 2238 2979 2290 ortu
3004 2236 3245 2285 mentem
3301 2220 3470 2276 fuisse

392 2362 647 2419 taverim.
678 2361 731 2416 Is
758 2360 900 2415 enim
925 2357 1005 2413 sic
1034 2357 1090 2410 in
1127 2354 1425 2423 Menalippe
1455 2348 1679 2405 scribit:

465 2467 1165 2591 exiguissima:
1192 2462 1495 2591 iam
1512 2463 1652 2591 522:;

374 2584 379 2589 .
470 2533 633 2597 Ἐπεὶ
657 2533 717 2594 δ’
745 2533 1482 2610 ἐχῲρίσθησατς-ἀλλήλων
1512 2533 1675 2610 δίχα,

461 2612 737 2688 Τζκζουσι
765 2605 982 2688 πάντα,
1012 2605 1359 2688 κᾴῖέδωκαῖ
1389 2605 1475 2688 sic
1492 2605 1679 2688 χάος,

455 2666 700 2758 {sy-69a,
730 2666 1002 2758 arma}.
1035 2676 1248 2758 gripac,
1273 2674 1381 2742 οὕς
1402 2666 1640 2742 θ”ἄλμη
1664 2666 1889 2739 τρέφει,

458 2746 649 2818 Feror;
676 2766 741 2804 τε
772 2746 1004 2817 θνητῶν
1029 2746 1169 2819 (17).

386 2864 500 2922 Καὶ
530 2864 659 2933 περὶ
687 2863 784 2933 μὲν
810 2862 910 2933 τῆς
945 2859 1168 2932 πρώτης
1196 2860 1304 2914 τῶν
1329 2858 1468 2913 ὅλων
1495 2855 1765 2927 γενέσεως
1789 2844 1967 2911 ταῦτα

389 2954 831 3026 παρειλήφαμεν.
877 2953 1017 3016 Τοὺς
1056 2951 1116 3005 δὲ
1168 2949 1228 3017 ἐξ
1271 2949 1447 3021 ἀρχῆς
1491 2946 1815 3017 γενηθέντας
1855 2943 1967 2997 τῶν

392 3047 693 3118 ἀνθρώπων
767 3044 930 3115 φασὶν
990 3045 1051 3097 ἐν
1111 3043 1333 3113 ἀτάκτῳ
1401 3040 1497 3096 καὶ
1564 3037 1816 3111 θηριώδει
1868 3036 1968 3107 βίῳ

396 3136 763 3201 καθεστῶτας,
843 3135 1124 3208 σποράδην
1186 3133 1280 3187 ἐπὶ
1344 3130 1445 3195 τὰς
1515 3130 1686 3202 νομὰς
1745 3128 1967 3193 ἐξιέναι,

398 3230 495 3285 καὶ
565 3226 965 3300 προσφέρεσθαι
1026 3225 1129 3296 τῆς
1197 3239 1258 3276 τε
1323 3221 1552 3293 βοτάνης
1611 3219 1710 3291 τὴν
1765 3235 1972 3290 προση-

396 3318 679 3390 νεστάτην,
728 3318 822 3372 καὶ
856 3318 983 3381 τοὺς
1036 3312 1375 3385 αὐτομάτους
1430 3310 1540 3364 ἀπὸ
1583 3308 1694 3363 τῶν
1736 3307 1970 3379 δένδρων

397 3410 664 3480 καρπούς.
694 3411 802 3464 Καὶ
835 3406 1272 3479 πολεμουμένους
1308 3404 1407 3476 μὲν
1456 3401 1560 3456 ὑπὸ
1605 3399 1713 3454 τῶν
1744 3398 1970 3471 θηρίων,

395 3501 642 3573 ἀλλήλοις
690 3499 926 3572 βοηθεῖν,
959 3499 1064 3552 ὑπὸ
1109 3496 1202 3551 τοῦ
1237 3494 1604 3567 συμφέροντος
1646 3490 1972 3560 διδασκομέ-

395 3610 542 3658 νους,
573 3592 990 3663 ἀθροιζομένους
1027 3590 1084 3644 δέ
1120 3588 1207 3643 διὰ
1229 3588 1320 3642 τὸν
1366 3585 1552 3656 φόϐον,
1590 3580 1973 3652 ἐπιγινώσκειν

396 3685 465 3739 ἐκ
493 3683 588 3738 τοῦ
622 3683 763 3737 κατὰ
799 3682 990 3756 μικρὸν
1010 3682 1136 3744 τοὺς
1179 3678 1423 3750 ἀλλήλων
1449 3675 1671 3738 τύπους.
1714 3673 1829 3744 Τῆς
1863 3689 1976 3741 φω-

396 3774 497 3845 νῆς
536 3774 582 3828 δ’
627 3774 842 3843 ἀσήμου
885 3772 978 3825 καὶ
1029 3767 1440 3840 συγκεχυμένης
1484 3760 1865 3835 ὑπαρχούσης,
1910 3761 1976 3812 ἐκ
2001 3799 2044 3857 C

398 3864 496 3919 τοῦ
519 3864 639 3919 κατ’
672 3864 849 3932 ὀλίγον
877 3859 1168 3934 διαρθροῦν
1197 3859 1294 3923 τὰς
1324 3858 1518 3924 λέξεις,
1539 3856 1634 3910 καὶ⁵
1659 3854 1795 3927 πρὸς
1815 3853 1978 3925 ἀλλή-

399 3957 530 4020 λους
572 3955 818 4018 τιθέντας
850 3951 1092 4024 σύμϐολα
1124 3951 1252 4023 περὶ
1292 3949 1521 4004 ἑκάστου
1547 3947 1654 4002 τῶν
1681 3944 1978 4015 ὑποκειμέ-

400 4065 532 4112 νων,
555 4044 830 4119 γνώριμον
855 4043 1038 4113 σφίσιν
1069 4042 1252 4105 αὐτοῖς
1278 4040 1502 4111 ποιῆσαι
1528 4039 1627 4109 τὴν
1649 4038 1779 4109 περὶ⁴
1810 4037 1981 4090 ἁπάν-

403 4153 513 4191 των
551 4135 868 4207 έρμηνείαν.
900 4129 1169 4184 Τοιούτων
1197 4128 1254 4182 δὲ
1289 4127 1648 4198 συστημάτων
1680 4121 1978 4194 γινομένων

402 4226 525 4284 καθ’
554 4226 770 4283 ἃπασαν
797 4223 896 4296 τὴν
937 4219 1282 4290 οἰκουμένην,
1305 4214 1423 4289 ὀὐχ
1465 4215 1743 4288 ὁμόφωνον
1772 4212 1980 4274 πάντας

403 4317 549 4391 ἔχειν
575 4320 676 4389 τὴν
711 4315 1007 4379 διάλεκτον,
1036 4312 1300 4378 ἑκάστων,
1334 4310 1409 4374 ὼς
1446 4308 1655 4379 ἔτυχεν,
1691 4302 1982 4369 συνταξάν-

402 4426 513 4463 των
543 4409 641 4473 τάς
667 4406 839 4473 λέξεις
856 4424 871 4437 ο
901 4406 982 4459 διὸ
1021 4405 1117 4459 καὶ
1143 4400 1430 4462 παντοίους
1459 4415 1519 4452 τε
1545 4395 1783 4468 ὑπάρξαι
1807 4409 1979 4465 χαρα-

404 4501 612 4572 κτῆρας
641 4499 953 4564 διαλέκτων,
986 4497 1080 4551 καὶ
1122 4493 1190 4549 τὰ
1232 4492 1426 4564 πρῶτα
1467 4490 1733 4560 γενόμενα
1781 4486 1979 4557 συστή-

409 4610 557 4661 ματα
600 4593 708 4646 τῶν
753 4590 1008 4645 ἁπάντων
1042 4586 1212 4645 ἐθνῶν
1238 4584 1509 4657 ἀρχέγονα
1536 4580 1808 4650 γενέσθαι.
1842 4579 1982 4642 Τοὺς

405 4680 501 4739 οὖν
539 4680 932 4755 πρώτουςᾼτῶν
968 4677 1291 4752 ἀνθρώπων,
1325 4675 1550 4747 μηδενός
1583 4691 1668 4726 πω
1705 4670 1814 4725 τῶν
1847 4668 1984 4741 πρὸς

404 4774 498 4827 τὸν
515 4752 627 4845 βίον
642 4752 927 4844 χρησίμων
953 4768 1269 4840 εὑρημένων
1283 4765 1441 4835 (1'1"),
1464 4763 1734 4825 ἐπιπόνως
1754 4760 1980 4827 διάγειν,

404 4866 646 4936 γυμνοὺς
681 4866 778 4934 μὲν
808 4861 1032 4932 ἐσθῆτος
1055 4859 1237 4926 ὄντας,
1273 4859 1485 4929 ύήσεως
1518 4854 1629 4926 (18)
1663 4853 1717 4905 δὲ
1754 4850 1848 4904 καὶ
1882 4865 1985 4901 πυ-

408 4954 502 5028 ρὸς
526 4955 733 5031 ἀήθεις,
760 4952 967 5026 τροφῆς
994 4951 1038 5004 δ’
1063 4950 1272 5022 ἡμέρου
1311 4945 1588 5011 παντελῶς
1619 4942 1980 5014 ἀνεννοήτους,

406 5047 519 5101 Καὶ
544 5029 653 5116 γὰρ
676 5045 774 5116 τὴν
796 5041 1127 5113 συγκομιδὴν
1151 5041 1248 5111 τῆς
1274 5039 1472 5111 ἀγρίας
1492 5036 1696 5108 τροφῆς
1728 5029 1984 5101 ἀγνοοῦν-

3534 2230 3635 2289 pus

1988 2450 2034 2506 Β
2131 2448 2267 2506 Caeli
2291 2459 2428 2501 unus
2456 2448 2578 2496 ante
2611 2437 2785 2492 vultus
2814 2447 2876 2486 ac
2908 2438 3062 2483 terra:
3090 2425 3218 2506 linit,

2131 2489 2584 2588 2:}.3555'2;
2616 2489 2718 2577 quo
2754 2512 3034 2588 utrumque
3067 2489 3310 2588 discingit
3358 2489 3549 2588 locus,

2133 2562 2811 2650 Eunrctaramliovéen'erant,
2836 2562 2993 2640 inque
3014 2567 3183 2620 lucem
3203 2562 3427 2650 e/fer'unt

2135 2630 2338 2723 gilvus,
2373 2630 2725 2723 volneratis,“
2766 2630 2944 2714 [ἐι-ηεξ
2976 2648 3086 2693 tum
3106 2649 3234 2705 quos
3262 2630 3455 2686 salum

2137 2728 2349 2792 Num't,
2380 2722 2747 2788 hominumque
2772 2727 2953 2785 genus.

2063 2846 2243 2917 Atque
2274 2843 2389 2898 haec
2439 2837 2509 2892 de
2555 2833 2732 2905 prima
2779 2823 2970 2883 mundi
3009 2808 3639 2894 procreationeamajo-

2064 2900 2221 2995 ribus
2271 2929 2603 3001 accepimus.
2664 2922 2880 2985 Porro,
2922 2914 3019 2985 qui
3071 2909 3347 2981 principes
3391 2900 3634 2957 onmium

2066 3021 2181 3078 nati
2222 2987 2471 3075 homin-es
2507 3017 2685 3074 erant,
2719 3020 2816 3061 eos
2837 3002 2956 3057 sine
2981 2998 3174 3053 ordine
3203 3009 3268 3049 ac
3294 2990 3469 3047 ferino
3522 2987 3641 3056 pla-

2067 3129 2139 3171 ne
2188 3114 2299 3167 ritu
2332 3106 2679 3169 victitantes,
2717 3098 2938 3167 hucque
2980 3089 3274 3159 dissipatos
3316 3091 3480 3153 atque
3513 3079 3643 3133 illuc

2068 3204 2138 3260 ad
2176 3213 2379 3274 pascua
2421 3168 2669 3256 exiisse,
2712 3202 2778 3244 ac
2823 3186 2872 3243 si
2913 3181 3042 3255 quid
3094 3175 3426 3235 teneriorum
3461 3177 3515 3225 et
3539 3168 3643 3223 mi-

2068 3261 2271 3351 tiorum
2315 3288 2612 3345 herbarum
2664 3287 2840 3345 esset,
2891 3289 3018 3331 cum
3073 3276 3264 3342 sponte
3291 3261 3643 3321 nascentibus

2070 3383 2329 3440 arborum
2383 3373 2653 3431 fructibus
2702 3366 3007 3426 comedisse
3074 3359 3277 3415 ferunt.
3336 3352 3443 3424 21
3490 3349 3629 3406 Cum

2070 3487 2252 3531 autem
2313 3484 2408 3526 eos
2463 3465 2591 3521 ferae
2642 3450 3139 3534 persequerentur,
3177 3449 3415 3505 utilitate
3471 3442 3644 3513 magi-

2071 3575 2183 3623 stra
2226 3571 2473 3619 mutuam
2534 3533 2830 3624 sibiiopem
2890 3542 3114 3610 tulisse,
3169 3549 3427 3608 metuque
3479 3533 3656 3590 simul’

2074 3661 2427 3726 congregatos
2457 3690 2475 3716 ,
2535 3646 2763 3704 alterius
2808 3642 3041 3697 alterum
3091 3632 3353 3707 paulatim
3410 3628 3643 3682 formam

2076 3745 2666 3819 agnovissezcumque
2715 3747 2904 3790 vocem
2952 3728 3028 3784 illi
3087 3722 3375 3785 confusam
3407 3717 3646 3789 primum

2077 3805 2140 3889 et,
2157 3833 2227 3887 ab
2251 3830 2401 3888 omni
2452 3805 2851 3898 signiﬁcatione
2882 3830 3111 3873 vacuam
3132 3810 3495 3869 effunderent,
3527 3805 3648 3859 sin-

2077 3922 2219 3995 gulis
2271 3891 2537 3991 paulatim
2577 3913 2807 3968 vocibus
2852 3905 3140 3962 articulate
3179 3894 3543 3971 proferendis,
3569 3891 3648 3946 si-

2078 4013 2307 4086 gnisque
2333 4024 2516 4065 rerum
2545 4020 2669 4078 quae
2690 3999 3083 4063 occurrebant,
3114 3995 3255 4049 inter
3289 4002 3410 4047 sese
3440 3984 3649 4042 consti--

2079 4105 2231 4171 tutis,
2257 4112 2442 4158 notam
2476 4076 2664 4155 eorum
2693 4095 2798 4151 sibi
2846 4090 3091 4149 omnium
3121 4080 3540 4155 explicationem
3566 4076 3652 4129 in-

2078 4169 2633 4266 terpretationemque
2673 4185 2889 4242 fecisse.
2934 4180 3058 4236 Iam
3111 4189 3243 4231 vero
3293 4169 3442 4242 quod
3475 4175 3652 4222 cretus

2080 4257 2347 4357 ejusmodi
2377 4291 2489 4337 toto
2519 4257 2723 4349 passim
2750 4275 2884 4331 orbe
2910 4268 3302 4328 conﬂarentur,
3336 4257 3650 4329 singulique

2079 4390 2263 4440 voces,
2299 4378 2462 4443 prout
2501 4369 2697 4438 cuique
2720 4373 2922 4420 temere
2950 4375 3013 4415 ac
3040 4356 3267 4413 fcrtuito
3299 4352 3477 4407 visum
3509 4354 3651 4411 erat,

2082 4470 2488 4539 componerent,
2529 4476 2641 4516 non
2664 4455 2909 4513 eamdem
2940 4450 3163 4507 idcirco
3189 4443 3448 4518 loquendi
3482 4442 3652 4495 ratio-

2082 4574 2207 4615 nem
2233 4571 2359 4613 cum
2378 4551 2652 4610 universis
2690 4559 3036 4605 communem
3076 4540 3269 4597 fuisse.
3320 4539 3498 4606 Atque
3528 4534 3653 4587 hinc

2083 4649 2274 4706 formae
2304 4647 2617 4717 linguarum
2646 4625 2999 4711 multiplices,
3026 4633 3326 4707 primaeque
3353 4628 3457 4682 illae
3477 4625 3653 4680 homi-

2083 4758 2215 4798 num
2246 4716 2536 4798 societates
2559 4733 2804 4790 omnium
2835 4736 3092 4800 parentes
3115 4732 3168 4780 et
3197 4721 3375 4792 capita
3409 4716 3653 4788 gentium

2083 4835 2431 4892 exstiterunt.
2460 4829 2731 4885 Caeterum
2760 4820 2907 4894 quod
2936 4816 3075 4875 nihil
3101 4815 3281 4872 adhuc
3313 4822 3503 4865 eorum
3533 4818 3655 4876 quze

2085 4923 2474 4985 conservanda:
2501 4936 2566 4976 ac
2602 4917 2813 4975 tuendae
2834 4914 2960 4968 vitae
2983 4908 3249 4970 serviunt,
3283 4898 3653 4968 excogitatum

2085 5027 2251 5085 esset,
2277 5017 2424 5072 illam
2452 5026 2594 5082 aegre
2618 5007 2908 5064 admodum
2937 4999 3098 5073 primi
3127 4996 3217 5053 isti
3245 4992 3494 5049 homines
3521 4988 3655 5044 tole-

406 5079 519 5101 ιιυωι
557 5079 653 5116 [ur
687 5079 772 5116 υιμ
796 5079 1125 5113 νυιηννυινιμ
1163 5079 1247 5111 ..γ’
1274 5079 1467 5111 ηδτ-...τ
1504 5079 1694 5108 ,ΓπτἸν
1730 5079 1790 5101 ..1
1813 5079 1917 5085 .---
1937 5079 1946 5083 -

404 5153 528 5201 τας,
567 5134 833 5207 μηδεμίαν
864 5132 971 5187 τῶν
1000 5130 1227 5203 καρπῶν
1261 5132 1341 5193 είς
1365 5127 1464 5191 τὰς
1491 5125 1696 5189 ἐνδείας
1718 5119 1963 5176 ποιεῖσθα

2090 5111 2304 5177 rabant,
2330 5079 2530 5178 quippe
2550 5102 2646 5172 qui
2676 5109 2729 5155 et
2753 5113 2784 5152 a
2807 5095 3056 5151 vestibus
3104 5083 3376 5157 imparati,
3412 5094 3513 5136 nec
3559 5079 3656 5134 do-

2150 5204 2159 5207 λ
2520 5196 2569 5207 --
2653 5195 2663 5205 -
2770 5206 2775 5207 γ
2848 5205 2873 5207 ν-
2931 5183 3096 5207 Jun
3152 5188 3202 5207 ..α
3233 5178 3408 5207 ..ιηιηρ
3430 5174 3656 5207 ..κη-,ρη-

408 5229 716 5301 παράθεσιν
737 5246 755 5261 ε
780 5228 862 5282 διδ
894 5226 990 5281 καὶ
1018 5224 1245 5287 πολλοὺς
1269 5220 1447 5276 αὐτῶν
1475 5218 1808 5274 ἀπόλλυσθαι
1837 5212 1983 5269 κατά

408 5320 537 5384 τοὺς
566 5319 860 5390 χειμῶνας,
891 5318 980 5371 διά
1009 5333 1071 5370 τε
1095 5315 1155 5369 τὸ
1182 5314 1373 5385 ψῦχος,
1401 5311 1497 5366 καὶ
1531 5311 1632 5382 τὴν
1662 5307 1856 5361 σπάνιν
1884 5304 1986 5375 τῆς

411 5410 635 5483 τροφῆς.
655 5411 750 5465 Ἐκ
775 5410 833 5463 δὲ
857 5408 1044 5463 τούτου
1074 5408 1193 5461 κατ’
1222 5404 1399 5472 ὀλίγον
1433 5401 1537 5455 ὑπὸ
1563 5400 1665 5471 τῆς
1692 5398 1885 5469 πείρας
1909 5393 1989 5447 δι-

482 5555 513 5586 ι
574 5541 659 5596 Ζσ.
686 5540 759 5595 τὰ
779 5536 1015 5609 δένδρα.
1053 5539 1205 5596 Diod.
1259 5537 1503 5606 Δὲνδρη,
1533 5533 1792 5591 πετεινά.

483 5656 739 5730 (l7)Post
753 5657 978 5730 θνητῶν,
1000 5657 1227 5730 paucula
1241 5656 1485 5730 quaedam
1508 5652 1708 5730 Euseb.
1735 5647 1991 5720 praeterit.

483 5722 617 5801 (17³)
651 5722 1026 5799 [inﬁmis-raw.
1061 5727 1199 5799 Lege
1234 5725 1562 5797 εὑρημένου,
1597 5722 1755 5777 Enn.

2088 5203 2416 5260 miciliorum
2439 5205 2533 5252 aut
2558 5195 2699 5266 ignis
2726 5205 2883 5246 usum
2925 5183 3123 5246 edocti,
3152 5188 3206 5234 et
3233 5178 3412 5232 victus
3429 5174 3656 5229 alimen-

2089 5296 2241 5365 tique
2288 5289 2524 5347 mitioris
2554 5298 2780 5356 prorsus
2820 5276 2994 5350 ignari
3035 5279 3238 5329 essent.
3274 5266 3487 5323 Etenim
3530 5276 3656 5317 cum

2091 5385 2197 5459 ipsi
2225 5381 2469 5441 nondum
2503 5353 2907 5448 comportanda
2946 5380 3014 5421 ex
3042 5362 3189 5433 agris
3227 5370 3458 5415 annonae
3488 5353 3655 5411 ratio-
3752 5374 3762 5386 ι

2173 5639 2285 5710 (l8)
2331 5637 2604 5702 Ὺήσεως.
2648 5625 2871 5683 Reddidi
2918 5620 3140 5710 perinde
3187 5633 3252 5674 ac
3297 5613 3659 5710 Sihlfgf‘trltlit

2101 5680 2373 5783 ἀκήσέως,
2404 5680 2576 5776 quan;
2600 5715 2783 5757 vocent
2802 5680 2971 5768 iapu'd
2998 5692 3214 5746 Diodor.
3245 5692 3430 5757 postea
3458 5680 3656 5749 mm.
