4154 6472
488 318 560 374 55
1165 313 1434 372 EUSEBII
1473 314 1956 371 CAESARIENSIS
1995 315 2142 372 OPP.
2187 316 2368 374 PARS
2403 317 2463 373 ΙΙ.
2511 348 2568 357 -
2607 316 3110 376 APOLOGETICA.
3679 324 3751 380 50

485 452 612 494 nem
637 444 904 500 tenerent,
920 434 1056 489 nihil
1087 434 1313 489 omnino
1340 432 1613 488 fructuum
1635 433 1876 488 levandae
1897 449 2058 504 quon-

2167 437 2554 505 δασκομένους,
2589 435 2668 500 είς
2708 453 2767 490 τε
2819 437 2890 489 τὰ
2933 437 3171 507 σπήλαια
3197 437 3560 507 καταφεύγειν
3590 439 3648 493 ὲν
3673 441 3752 503 τῶ

483 530 611 586 dam
643 527 839 598 inopia
867 528 1040 598 gratia
1064 526 1451 582 recondebam.
1505 523 1690 597 Itaque
1725 525 1946 595 plurimi
1970 541 2068 597 per

485 621 718 676 hiemem
748 635 874 674 cum
925 622 1218 690 asperitate
1251 617 1491 687 frigoris,
1530 627 1645 672 tum
1694 618 1944 672 ciborum
1970 632 2065 688 pe-

483 713 644 769 nuria
679 713 882 782 passim
919 712 1231 766 interibant.
1268 709 1469 764 Verum
1515 710 1607 764 ubi
1642 710 1906 780 paulatim
1956 725 2063 765 usu

483 803 604 873 ipso
635 804 910 857 cautiores
942 803 1261 863 evasissent,
1296 800 1350 853 in
1391 800 1686 870 speluncas
1713 799 1908 854 hiemis
1929 807 2065 854 tem-

481 908 618 963 pore
639 893 954 962 confugere,
998 891 1201 961 quique
1254 892 1525 946 asservari
1555 890 1764 946 diutius
1813 900 2065 960 poterant

485 983 698 1040 fructus
723 998 982 1054 reponere
1012 992 1314 1051 coeperunt.
1343 981 1487 1053 Ignis
1509 989 1692 1037 autem
1719 981 2062 1051 aliarumque

483 1077 933 1132 commoditatum
982 1075 1215 1128 utilitate
1271 1083 1576 1146 perspecta,
1633 1074 1781 1144 ipsas
1846 1089 2062 1144 quoque

483 1169 743 1238 paulatim
773 1177 916 1222 artes
947 1183 1012 1222 ac
1044 1175 1260 1231 Caetera,
1295 1183 1527 1237 quorum
1554 1182 1622 1221 ex
1651 1166 2064 1236 opportunitate

482 1262 776 1332 plurimum
802 1260 868 1313 ad
900 1273 1250 1314 communem
1275 1259 1439 1313 vitam
1467 1260 1824 1315 emolumenti
1855 1262 2062 1315 redun-

479 1354 652 1415 daret,
707 1351 1052 1405 iuvenerunt.
1096 1349 1386 1404 Enimvero
1432 1349 1549 1419 ipsa
1588 1350 1824 1420 primum
1875 1351 2056 1421 inopia

478 1459 600 1500 sese
625 1444 872 1499 omnium
904 1443 1129 1497 omnino
1155 1457 1338 1496 rerum
1375 1443 1695 1512 magistram
1743 1442 2060 1497 hominibus

477 1535 748 1602 prmbuit;
812 1549 937 1588 cum
1011 1533 1451 1602 uniuscujusque
1505 1534 1756 1587 notitiam
1831 1533 2053 1588 animali

2173 529 2423 600 χειμῶνι,
2460 531 2552 582 καὶ
2579 529 2688 582 τῶν
2717 528 2948 601 καρπῶν
2976 529 3102 592 τοὺς
3132 530 3494 599 φυλάττεσθαι
3521 532 3753 605 δυναμι-

2168 638 2312 685 νους,
2363 620 2748 675 ἀποτίθεσθαι·
2801 615 3136 688 γνωσθέντος
3181 621 3238 674 δὲ
3287 622 3381 675 τοῦ
3439 624 3752 696 πυρδς,καὶ

2162 713 2274 766 τῶν
2306 713 2479 768 ἄλλων
2511 714 2815 785 χρησίμων,
2849 717 2986 769 κατά
3031 715 3225 785 μικρὸν
3270 716 3365 770 καὶ
3407 717 3507 781 τὰς
3553 718 3750 788 τέχνας

2166 803 2540 874 ἐξευρεθῆναι,
2571 805 2665 856 καὶ
2687 804 2755 856 τὰ
2784 805 2917 859 ἄλλα
2939 804 3005 858 τὰ
3025 804 3299 875 δυνάμενα
3324 806 3416 859 τὸν
3442 808 3616 860 κοινὸν
3637 808 3751 862 Βίον

2164 891 2462 962 ὠφελῆσαι.
2492 893 2736 947 Καθόλου
2784 894 2893 967 γὰρ
2935 895 3153 948 πάντων
3196 897 3296 966 τὴν
3340 899 3532 969 χρείαν
3580 898 3750 970 αὐτὴν

2161 983 2480 1037 διδάσκαλον
2527 985 2783 1052 γενέσθαι
2837 989 2950 1050 τοῖς
2999 985 3328 1057 ἀνθρώποις,
3363 989 3748 1062 ὑφηγουμένην

2163 1077 2379 1140 οίκείως
2401 1077 2498 1147 τὴν
2526 1078 2756 1131 ἑκάστου
2790 1076 3026 1148 μάθησιν
3050 1079 3241 1145 εὐφυεῖ
3269 1077 3412 1148 ζὼῳ,
3441 1080 3533 1132 καὶ
3565 1097 3750 1152 συνερ-

2162 1171 2293 1237 γοὺς
2325 1169 2502 1239 ἔχοντι
2534 1169 2671 1241 πρὸς
2697 1170 2914 1224 ἅπαντα
2939 1172 3149 1240 χεῖρας,
3180 1171 3275 1224 καὶ
3312 1170 3489 1239 λόγον,
3518 1173 3609 1225 καὶ
3646 1173 3748 1241 ψυ-

2162 1261 2262 1330 χῆς
2293 1261 2593 1331 ἀγχίνοιαν.
2623 1261 2732 1315 Καὶ
2781 1261 2906 1331 περὶ
2958 1261 3060 1330 μὲν
3099 1262 3198 1331 τῆς
3238 1260 3459 1332 πρώτης
3481 1264 3748 1330 γενέσεως

2161 1351 2270 1403 τῶν
2299 1350 2623 1421 ἀνθρώπιον,
2658 1350 2752 1404 καὶ
2800 1350 2893 1405 τοῦ
2951 1351 3316 1404 παλαιοτάτου
3351 1352 3466 1423 βίου
3508 1355 3620 1415 τοῖς
3649 1354 3751 1424 ρη-

2162 1441 2332 1495 θεῖσιν
2397 1442 2886 1514 ἀρκεσθησόμεθα,
2937 1444 3324 1515 στοχαζόμενοι
3373 1445 3474 1516 τῆς
3531 1460 3747 1515 συμμι-

2158 1533 2332 1604 τρίας.
2369 1552 2388 1584 ι

478 1628 953 1697 optimeanatura
1009 1635 1346 1696 comparato,
1379 1625 1637 1696 quodque
1687 1641 1797 1681 non
1842 1636 2052 1682 tantum
2097 1626 2433 1681 administris
2458 1625 2526 1681 ad
2562 1626 2747 1682 omnia
2795 1627 3048 1683 manibus
3112 1628 3386 1693 utebatur,
3421 1627 3514 1682 sed
3579 1629 3743 1684 etiam

475 1718 689 1772 ratione
717 1716 929 1770 valebat
956 1715 1232 1784 animique
1286 1715 1527 1782 solertia,
1560 1715 1902 1771 familiariter
1940 1725 2275 1787 suggereret.
2318 1716 2497 1785 Atque
2559 1716 2696 1781 haec,
2757 1717 2916 1772 nobis
2965 1719 3270 1788 praesertim
3314 1718 3408 1788 qui
3452 1719 3743 1775 mediocri-

476 1807 571 1865 tati
594 1809 930 1874 Studeamus,
967 1807 1034 1862 de
1059 1807 1235 1877 primo
1268 1807 1550 1862 hominum
1587 1819 1734 1875 ortu,
1761 1810 1937 1880 deque
1967 1809 2179 1864 vivendi
2218 1810 2324 1863 ritu
2356 1810 2748 1876 vetustissimo,
2783 1812 2918 1866 satis
2951 1821 3132 1866 erunt.
3166 1830 3185 1864 ι

551 1897 824 1954 Hactenus
859 1899 1114 1954 laudatus
1137 1915 1167 1954 a
1189 1901 1346 1956 nobis
1367 1911 1575 1966 auctor,
1602 1903 1697 1972 qui
1738 1904 1794 1956 in
1821 1903 1926 1958 ista
1950 1918 2049 1958 sua

2222 1901 2474 1957 Τοσαῦτα
2512 1903 2610 1972 μὲν
2641 1905 2670 1957 ό
2707 1902 2968 1975 δηλωθεὶς
3007 1906 3377 1977 συγγραφεὺς,
3405 1907 3528 1963 οὐδὲ
3553 1907 3746 1979 μέχρις

477 1991 668 2046 mundi
695 1992 1586 2062 procreationecommemoranda,
1614 2009 1682 2050 ne
1709 1993 1801 2050 Dei
1835 1995 2059 2065 quidem

474 2083 562 2137 vel
590 2084 814 2140 nomine
839 2093 1001 2141 tenus
1031 2085 1300 2153 meminit,
1333 2087 1427 2142 sed
1460 2086 1742 2142 fortuitam
1767 2089 2060 2158 quamdam

479 2192 545 2232 ac
597 2187 792 2247 sponte
844 2178 1085 2233 oblatam
1141 2179 1308 2248 hujus
1355 2181 1597 2236 universi
1648 2179 2060 2249 dispositionem

477 2267 702 2322 invexit.
747 2267 951 2323 Eadem
1002 2285 1132 2324 vero
1187 2271 1406 2327 Grzecos
1453 2270 1806 2341 philosophos
1851 2279 2060 2340 partem

477 2373 611 2413 sane
633 2361 928 2414 maximam
956 2362 1142 2417 videas
1174 2363 1497 2432 prodidisse.
1528 2361 1776 2430 Quorum
1805 2361 2058 2431 equidem

473 2447 530 2504 in
560 2452 846 2519 praesentia
874 2451 942 2506 de
995 2467 1177 2507 rerum
1209 2453 1493 2524 principiis
1538 2454 1644 2523 22
1686 2452 1971 2522 opiniones
1996 2466 2060 2506 ac

473 2542 847 2598 dissensiones
872 2552 1113 2609 mutuas,
1140 2560 1206 2599 ex
1248 2545 1318 2601 iis
1363 2561 1502 2616 quos
1537 2543 1810 2599 Stromata
1839 2543 2058 2598 Plutar-

471 2633 612 2687 chus
641 2633 938 2704 inscripsit,
991 2637 1090 2690 tibi
1143 2650 1270 2693 ante
1318 2639 1510 2694 oculos
1565 2653 1788 2708 ponam,
1851 2653 2056 2705 easque

472 2735 584 2775 non
613 2734 842 2778 excerta
862 2725 1096 2794 quadam
1122 2737 1175 2781 et
1214 2728 1610 2798 comprehensa
1641 2727 1826 2780 animo
1855 2725 2047 2795 cogni-

471 2811 642 2876 tione,
684 2803 873 2870 sed'cx
921 2816 1364 2886 conjecturarum
1391 2821 1577 2872 nescio
1602 2833 1709 2888 qua
1755 2816 2052 2887 probabili-

2156 1995 2419 2066 ὀνόματος
2463 1995 2558 2049 τοῦ
2591 1994 2728 2050 Θεοῦ
2767 1997 3148 2067 μνημονεύσας
3192 2001 3249 2051 ὲν
3291 2001 3356 2070 τῇ
3388 2001 3743 2071 κοσμογονίᾳ,

2160 2088 2487 2159 συντυχικὴν
2518 2087 2573 2141 δέ
2595 2104 2715 2141 τινα
2744 2088 2839 2141 καὶ
2861 2088 3167 2158 αὐτόματον
3188 2090 3622 2160 εἰσηγησάμενος
3645 2089 3744 2161 τὴν

2157 2179 2252 2232 τοῦ
2280 2179 2477 2242 παντὸς
2508 2179 2884 2251 διακόσμησιν.
2917 2181 3104 2251 Τούτῳ
3132 2180 3176 2234 δ’
3205 2180 3271 2234 ἂν
3303 2180 3485 2251 εὕροις
3520 2181 3748 2252 συμφώ-

2161 2287 2284 2335 νους
2312 2271 2550 2334 καὶτοὺς
2575 2271 2856 2336 πλείστους
2877 2273 2984 2326 τῶν
3007 2273 3135 2344 παρ’
3162 2272 3387 2344 Ἕλλησι
3416 2273 3740 2343 φιλοσόφων·

2159 2355 2234 2416 ὧν
2267 2361 2378 2431 ὲγώ
2410 2379 2491 2415 σοι
2518 2362 2618 2425 τὰς
2650 2363 2780 2433 περ)⁵
2802 2361 2985 2434 ἀρχῶν
3015 2362 3189 2427 δόξας,
3217 2365 3311 2417 καὶ
3343 2363 3443 2427 τὰς
3470 2364 3607 2435 πρὸς
3645 2363 3744 2418 ἀλ-

2161 2451 2358 2522 λήλους
2385 2443 2696 2516 διαστάσεις
2723 2454 2817 2505 καὶ
2847 2453 3159 2522 διαφωνίας,
3186 2455 3248 2506 ὲκ
3276 2452 3744 2524 στοχασμῶν,ἀλλ’

2159 2543 2260 2596 οὐκ
2289 2543 2398 2597 ἀπὸ
2426 2544 2785 2615 καταλήψεως
2813 2545 3169 2616 ὀρμηθείσας,
3193 2546 3300 2598 ἀπὸ
3328 2546 3437 2597 τῶν
3469 2544 3747 2616 Πλουτάρ-

2157 2648 2252 2700 χου
2287 2632 2683 2701 Στρωματέων
2708 2635 2843 2703 (l9),
2876 2635 2968 2688 ἐπὶ
2987 2634 3081 2688 τοῦ
3112 2636 3377 2706 παρόντος
3406 2635 3733 2707 ἐκθήσομαι.

2157 2724 2230 2778 Σὺ
2253 2723 2308 2776 δὲ
2343 2723 2418 2796 μὴ
2446 2725 2756 2796 παρέργως,
2779 2726 2940 2796 σχολῇ
2969 2727 3027 2780 δὲ
3054 2727 3148 2780 καὶ
3180 2726 3318 2798 μετὰ
3344 2727 3626 2798 λογισμοῦ,
3647 2725 3747 2782 θέα

2156 2815 2255 2887 τὴν
2289 2816 2424 2887 πρὸς
2453 2817 2718 2888 ἀλλήλους
2740 2819 3021 2874 διάστασιν
3047 2821 3154 2873 τῶν
3183 2820 3546 2892 δηλουμένων.

472 2910 582 2958 tate
607 2905 899 2974 profectas.
951 2907 1030 2963 Tu
1063 2920 1246 2964 autem
1289 2926 1398 2965 non
1437 2911 1573 2966 dicis
1598 2919 1786 2978 cauSa,
1819 2910 1913 2966 sed
1941 2910 2116 2966 otiose
2155 2911 2505 2980 adhibitoque
2533 2911 2761 2983 judicio,
2791 2927 2980 2968 eorum
3008 2913 3102 2984 qui
3148 2913 3248 2969 abs
3292 2930 3379 2969 me
3410 2929 3747 2970 commemo-

472 3008 690 3063 rautur,
722 3000 948 3057 dissidia
979 3011 1157 3056 tecum
1199 3004 1313 3073 ipse
1341 3005 1738 3074 contemplare.

1057 3091 1288 3147 CAPUT
1333 3091 1464 3146 Vlll.

473 3181 758 3252 Opiniones
780 3183 1305 3266 philosOphoruque
1336 3184 1492 3255 hujus
1520 3185 1750 3240 universi
1774 3200 2056 3254 coagmen-

1158 3263 1376 3308 talione.

544 3361 564 3394 ι
611 3342 892 3400 Thaletem
942 3343 1128 3398 ferunt
1187 3352 1313 3400 ante
1357 3355 1585 3402 caeteros
1634 3361 1827 3401 omnes
1888 3345 2055 3414 hujus

468 3435 844 3491 universitatis
878 3435 1207 3506 principium
1264 3451 1462 3503 aquam
1491 3437 1765 3505 posuisse,
1804 3435 1953 3505 quod
1984 3450 2048 3486 ex

469 3541 537 3582 ea
563 3535 761 3581 cuncta
791 3526 1079 3596 prodiisse,
1133 3540 1199 3579 ac
1245 3541 1439 3582 rursus
1474 3526 1530 3581 in
1554 3527 1802 3581 eamdem
1830 3525 2054 3580 dissolvi

471 3618 852 3674 arbitraretur.

548 3728 567 3761 ι
599 3709 756 3764 Hunc
789 3719 1010 3767 secutus
1035 3709 1458 3772 Anaximander,
1489 3709 1583 3780 qui
1612 3709 1857 3777 ejusdem
1905 3707 2052 3763 Tha-

470 3801 594 3858 letis
620 3800 1118 3858 consuetudine'ac
1151 3800 1519 3856 familiaritate
1576 3815 1712 3854 usus
1744 3808 1880 3864 erat,
1921 3815 2048 3854 cau-

471 3908 590 3950 sam
621 3894 867 3949 omnium
899 3893 1126 3949 omnino
1179 3907 1365 3947 rerum
1418 3893 1514 3946 uni
1545 3889 1814 3945 duntaxat
1841 3891 2053 3945 infinito

470 3985 855 4057 assignandam
888 4001 1010 4041 esse
1040 3985 1258 4051 docuit;
1291 3999 1359 4039 ex
1406 3999 1472 4039 eo
1496 3983 1697 4053 quippe
1719 3998 1844 4038 cum
1886 3982 2053 4036 ewle-

470 4091 584 4134 stes
613 4079 794 4145 orbes,
832 4090 948 4132 tum
986 4077 1226 4132 inliuitos
1271 4076 1428 4146 plane
1473 4076 1708 4130 mundos
1735 4075 1959 4129 eductos
1989 4088 2054 4129 ac

469 4178 714 4226 secretos
763 4183 886 4223 esse
936 4167 1172 4222 dicebat.
1225 4165 1643 4234 Corruptionem
1674 4173 1878 4228 ntem,
1912 4163 2055 4217 mul-

474 4268 638 4329 toque
672 4271 799 4317 aute
825 4261 1232 4329 generationem
1287 4260 1460 4329 ipsam
1489 4273 1556 4312 ex
1587 4273 1652 4312 eo
1689 4257 1808 4312 ﬁeri
1841 4271 2054 4311 assere-

471 4354 587 4420 bat,
613 4354 757 4425 quod
787 4355 974 4410 mundi
1030 4354 1120 4409 isti
1151 4368 1343 4408 omnes
1375 4353 1444 4407 ab
1500 4352 1770 4405 immenso
1811 4348 2050 4419 quodam

2689 3087 3084 3141 ΚΕΦΑΛᾹῘΟΝ
3125 3085 3208 3142 ῐί’.

2198 3179 2372 3245 Δόξαι
2400 3180 2754 3250 φιλοσόφων
2784 3179 2917 3247 περὶ
2949 3179 3060 3248 τῆς
3088 3180 3195 3235 τοῦ
3221 3181 3448 3248 παντὸς
3488 3180 3712 3236 συστά-

2869 3266 3043 3316 σεως.

2240 3361 2257 3393 ι
2288 3341 2505 3414 Θάλητα
2537 3341 2752 3414 πρῶτον
2789 3344 3004 3396 πάντων
3053 3343 3215 3412 φασὶν
3252 3342 3426 3413 ἀρχὴν
3473 3343 3581 3396 τῶν
3610 3343 3747 3397 ὅλων

2165 3434 2570 3505 ὑποστήσασθαι
2597 3434 2657 3486 τὸ
2678 3433 2842 3507 ὕδωρ.
2863 3435 2953 3500 Ἐξ
2981 3434 3148 3488 αὑτοῦ
3173 3436 3280 3506 γὰρ
3301 3431 3438 3490 εἶναι
3457 3438 3525 3490 τὰ
3545 3436 3744 3501 πάντα,

2163 3525 2256 3577 καὶ
2283 3527 2362 3588 είς
2392 3525 2524 3578 αὐτὸ
2553 3526 2774 3595 χωρεῖν.

2239 3730 2256 3760 ι
2289 3709 2423 3764 Μεθ’
2458 3709 2517 3762 ὃν
2555 3707 2998 3781 Ἀναξίμανδρον,
3027 3707 3266 3781 Θάλητος
3280 3711 3496 3782 ἑταῖρον
3517 3711 3747 3782 γενόμε-

2161 3821 2270 3868 νον,
2302 3804 2362 3856 τὸ
2390 3802 2618 3875 ἄπειρον
2642 3802 2808 3871 φάναι
2832 3803 2930 3872 τὴν
2958 3803 3137 3854 πᾶσαν
3162 3802 3342 3856 αἰτίαν
3368 3803 3510 3872 ἔχειν
3531 3803 3631 3872 τῆς
3650 3802 3746 3857 τοῦ

2163 3895 2364 3957 παντὸς
2391 3892 2659 3962 γενέσεώς
2691 3910 2750 3946 τε
2784 3893 2879 3946 καὶ
2907 3891 3131 3962 φθορᾶς.
3151 3892 3240 3957 Ἐξ
3265 3887 3328 3945 οὗ
3359 3893 3420 3965 δή
3462 3911 3593 3964 φησι
3621 3895 3748 3958 τούς

2160 4003 2220 4038 τε
2249 3985 2512 4057 οὐρανοὺς
2547 3981 2966 4054 ἀποκεκρίσθαι,
3011 3983 3106 4036 καὶ
3149 3983 3378 4037 καθόλου
3411 3987 3537 4048 τοὺς
3573 3986 3748 4039 ᾶπαν-

2159 4095 2258 4141 τας
2286 4077 2547 4146 ἀπείρους
2573 4075 2730 4140 ὄντας
2757 4077 3010 4146 κόσμους.
3030 4077 3366 4147 ’.ἀπεφήνατο
3400 4077 3458 4130 δὲ
3484 4077 3580 4148 τὴν
3621 4077 3750 4147 φθο-

2165 4170 2266 4240 ρὰν
2311 4167 2578 4238 γίνεσθαι,
2607 4168 2702 4222 καὶ
2750 4169 2885 4221 πολὺ
2935 4169 3200 4240 πρότερον
3251 4168 3350 4240 τὴν
3399 4169 3636 4237 γένεσιν,
3689 4170 3748 4236 ἐξ

2162 4263 2394 4333 ἀπείρου
2460 4261 2654 4324 αίῶνος
2724 4261 3214 4332 ἀνακυκλουμένων
3265 4261 3483 4314 πάντων
3545 4262 3745 4315 αὐτῶν.

2176 4351 2473 4422 ’Υπάρχειν
2510 4350 2566 4402 δέ
2604 4367 2737 4421 φησι
2779 4350 2858 4420 τῷ
2906 4351 3005 4421 μὲν
3037 4351 3277 4420 σχήματι
3309 4348 3407 4419 τὴν
3436 4350 3539 4420 γῆν
3568 4351 3751 4402 κυλιν-

469 4462 587 4501 arvo
649 4455 909 4514 perpetua
966 4446 1329 4500 conversione
1401 4443 1770 4497 volverentur.
1827 4440 2054 4495 Terram

2165 4442 2400 4514 δροειδῆ,
2429 4441 2571 4522 ἔχειν
2601 4440 2657 4494 δὲ
2683 4441 2933 4494 τοσοῦτον
2963 4439 3144 4510 βάθος,
3176 4439 3299 4490 ὅσον
3344 4439 3410 4490 ἂν
3448 4438 3532 4508 εἴη
3564 4437 3749 4510 τρίτον

471 4553 604 4592 vero
639 4537 811 4606 ﬁgura
847 4537 1152 4608 cylindrum
1207 4535 1430 4600 imitari,
1481 4535 1711 4604 ejusque
1749 4533 2057 4588 altitudinis

470 4647 615 4697 esse,
638 4644 761 4700 quae
803 4629 848 4684 si
890 4645 1016 4684 eum
1068 4629 1355 4683 latitudine
1379 4627 1712 4692 conferatur,
1738 4626 1953 4681 tertiam
1988 4625 2054 4678 il-

469 4723 577 4777 lius
619 4729 830 4792 partem
879 4720 1197 4775 constituat.
1257 4719 1526 4774 Caeterum
1570 4719 1832 4774 fecundas
1894 4726 2058 4788 atque

470 4813 734 4884 genitales
763 4813 924 4868 calidi
945 4811 1236 4882 frigidique
1256 4821 1459 4882 partes,
1490 4811 1635 4865 circa
1660 4810 1848 4865 mundi
1893 4809 2059 4878 hujus

474 4905 911 4975 procreationem
936 4904 1005 4960 ab
1028 4904 1179 4960 omni
1227 4905 1530 4960 aeternitate
1586 4905 1855 4973 sepositas
1884 4902 2058 4957 fuisse

473 4996 885 5066 pronuntiabat,
932 5011 1000 5051 ex
1049 4996 1250 5066 quibus
1276 4995 1512 5052 conﬂata
1567 4996 1779 5066 sphaera
1809 4994 2058 5064 quaedam

549 5175 656 5245 (l9)
690 5174 1094 5248 Hlovzdpzov
1142 5177 1554 5248 Στργωματέων.
1609 5175 1872 5248 ,Βιώῑυῐη
1908 5183 2012 5248 *εει
2045 5215 2060 5238 ,

472 5255 660 5298 utrum
689 5246 742 5298 id
771 5262 909 5315 Opus
941 5247 1216 5302 Stromata
1247 5245 1574 5303 Plutarchus
1606 5245 1966 5314 inscripserit,
1992 5261 2060 5298 an

477 5316 583 5369 hoc
634 5317 734 5385 ipsi
785 5332 982 5371 nomen
1039 5318 1309 5372 Eusebius
1355 5326 1541 5372 noster
1592 5317 1867 5371 indiderit.
1903 5315 2064 5369 Aliud

478 5386 699 5453 quidem
731 5395 835 5458 est_
851 5387 918 5439 ah
949 5401 1013 5443 eo
1040 5390 1184 5458 quod
1216 5397 1397 5443 exstat
1423 5387 1493 5441 De
1523 5387 2063 5458 placit.philosoph_o-

481 5473 620 5520 rum,
656 5458 733 5510 uti
769 5455 846 5529 τῷ
892 5455 1420 5529 ἀντιπαραϐάλλοντι
1443 5455 1810 5529 perspicuum
1842 5456 1952 5510 fiet.
1985 5455 2063 5508 Ex

481 5542 591 5592 quo
619 5527 852 5581 seorsim
901 5529 1064 5582 etiam
1100 5527 1256 5583 idem
1290 5528 1491 5583 Euseb.
1516 5529 1664 5581 infra
1696 5528 1788 5580 lib.
1830 5541 1921 5580 xw
1954 5541 2064 5579 non

481 5613 654 5665 pauca
689 5600 989 5666 depromet.
1007 5600 1148 5665 Quid
1177 5600 1222 5653 si
1255 5608 1426 5654 totum
1460 5599 1592 5652 illud
1628 5597 1915 5650 Moralium
1953 5612 2067 5665 ope-

485 5684 624 5730 rum,
660 5679 718 5722 ut
748 5668 912 5734 vulgo
946 5671 1321 5734 nominantur,
1348 5683 1570 5737 corpus,
1608 5668 1712 5722 hoe
1745 5667 1901 5720 titulo
1922 5683 2066 5720 com—

486 5738 675 5804 piexus
706 5740 822 5794 est?
845 5740 985 5808 Quid
1012 5740 1156 5795 enim
1187 5749 1300 5795 tam
1335 5737 1765 5809 στρωματοειδές
1789 5754 1949 5805 quam
1973 5738 2063 5791 illa

2166 4535 2305 4606 πρὸς
2339 4535 2402 4586 τὸ
2447 4523 2666 4596 πλάτος.
2703 4533 2843 4604 Φησὶ
2883 4531 3035 4585 δὲτὸ
3080 4532 3144 4583 ὲκ
3184 4528 3277 4583 τοῦ
3323 4529 3495 4582 ἀϊδίου
3529 4531 3750 4599 γόνιμον

2167 4625 2370 4697 θερμοῦ
2415 4642 2475 4678 τε
2521 4625 2614 4679 καὶ
2642 4624 2872 4695 ψυχροῦ,
2904 4622 3046 4677 κατά
3084 4621 3184 4692 τὴν
3223 4620 3438 4688 γένεσιν
3470 4621 3621 4673 τοῦδε
3656 4619 3749 4672 τοῦ

2167 4719 2375 4790 κόσμου
2395 4716 2778 4789 ἀποκριθῆναι,
2803 4715 2895 4768 καί
2922 4731 3046 4768 τινα
3075 4714 3139 4765 ὲκ
3161 4713 3352 4768 τούτου
3375 4712 3571 4781 φλογὸς
3595 4716 3752 4779 σφατ-

2171 4829 2270 4884 ραν
2309 4810 2602 4882 περιφῦναι
2635 4808 2712 4880 τῷ
2736 4809 2864 4879 περὶ
2894 4807 2993 4878 τὴν
3025 4805 3127 4876 γῆν
3155 4805 3297 4877 ἀέρι,
3333 4804 3408 4866 ὼς
3448 4804 3525 4874 τῷ
3553 4804 3749 4874 δένδρῳ

2168 4905 2376 4974 φλοιόν·
2410 4899 2626 4975 ἧστινος
2666 4899 3093 4972 ἀπορραγείσης,
3151 4897 3246 4950 καὶ
3290 4896 3370 4958 είς
3416 4911 3567 4958 τινας
3615 4897 3751 4947 ἀπο-

2171 4996 2511 5064 κλεισθείσης
2556 4993 2808 5056 κύκλους,
2838 4990 3137 5060 ὑποστῆναι
3183 4988 3274 5042 τὸν
3319 4987 3470 5057 ἣλιον
3519 4987 3614 5040 καὶ
3653 4987 3751 5058 τὴν

2174 5215 2473 5276 Plutarchi,
2500 5213 2570 5266 τά
2595 5231 2655 5266 τε
2690 5211 2938 5275 καθόλου,
2971 5212 3064 5265 καὶ
3095 5209 3167 5264 τὰ
3200 5210 3336 5281 μετά
3364 5210 3528 5281 μέρος
3559 5209 3754 5262 συντά-

2173 5303 2395 5356 γματα;
2425 5284 2748 5356 Cujusmodi
2799 5283 3017 5356 sua_illa
3048 5282 3300 5356 Clemens
3335 5281 3753 5356 _Al_exandri_uus

2173 5349 2297 5410 esse
2328 5349 2610 5424 proﬁtetur
2637 5354 2730 5407 lib.
2771 5369 2820 5405 tv
2860 5371 2872 5405 :
2908 5353 3156 5424 Ποικίλα,
3185 5352 3260 5414 ὡς
3289 5353 3429 5424 αὐτό
3450 5368 3551 5403 που
3576 5349 3756 5424 τοῦνο-

2179 5427 2254 5496 μά
2282 5419 2434 5495 φῇσι,
2471 5424 2862 5496 διεστρωμένα,
2898 5425 2992 5475 ἀπ’
3020 5423 3197 5496 ,ἄλλουμ
3229 5423 3307 5486 είς
3352 5421 3481 5496 ἄλλο
3533 5419 3754 5496 συνεχὲς

2179 5490 2430 5565 μετιόντα
2455 5512 2468 5525 ·
2509 5490 2637 5548 licet
2678 5490 2823 5562 (ίιιοά
2876 5495 3144 5565 sequitur,
3176 5493 3360 5564 ἕτερον
3392 5493 3500 5565 μέν-
3529 5509 3580 5544 τι
3613 5490 3754 5565 καῖᾲ

2175 5560 2264 5636 τὸν
2314 5567 2502 5636 εἱρμὸν
2555 5565 2660 5617 τῶν
2697 5560 2875 5636 λόγων
2929 5560 3222 5636 μηνύοντα,
3259 5560 3650 5636 ἐκδεικνύμενα
3698 5560 3754 5613 ὁὶ

2174 5635 2302 5689 ἄλλο
2325 5633 2637 5698 caminus,
2671 5645 2729 5692 ut
2768 5633 3003 5704 videtur,
3036 5635 3090 5690 in
3143 5635 3246 5691 ista
3300 5633 3572 5689 Plutarchi
3618 5646 3754 5700 opu-

2177 5710 2324 5762 scula
2355 5708 2663 5762 conveniat.
