4154 6408
452 347 526 406 δἸ
1642 352 1965 409 ΡΒᾸΞΡᾹΒ.
2007 353 2029 407 Ι

2132 351 2259 408 .Nc.
2301 351 2431 408 LIB.
2471 351 2510 407 l.
3579 326 3583 330 ’
3643 350 3715 408 58

452 471 703 544 σελήνην,
740 473 834 528 καὶ
862 474 988 540 τοὺς
1013 475 1397 548 ἀστέρας.Ἔτι
1443 475 1628 548 φησιν,
1661 478 1743 529 ὅτι
1782 479 1904 530 κατ’
1929 478 2029 548 ἁρ-

2135 477 2291 547 ignea
2321 473 2715 531 circumfusum
2762 482 2922 528 terrae
2976 486 3157 528 aerem
3194 470 3359 527 veluti
3387 482 3572 527 cortex
3621 488 3714 525 ar-

452 562 554 632 χὰς
575 563 635 627 ἐξ
663 563 946 618 ἀλλοειδῶν
977 564 1130 630 ζώων
1155 569 1184 620 ό
1207 565 1490 637 ἄνθρωπος
1513 566 1773 638 ἐγεννήθη
1799 583 1812 598 ⁸
1845 570 1910 620 ὲκ
1932 567 2027 620 τοῦ

451 653 523 705 τά
556 653 656 722 μὲν
690 654 824 707 ἄλλα
855 656 922 709 δι’
953 656 1160 710 ἑαυτῶν
1186 657 1324 726 ταχὺ
1355 655 1636 727 νέμεσθαι,
1669 657 1828 728 μόνον
1856 657 1914 710 δὲ
1939 658 2030 711 τὸν

451 743 734 815 ἄνθρωπον
765 746 1112 818 πολυχρονίου
1161 747 1368 800 δεῖσθαι
1413 747 1766 818 τιθηνήσεως·
1806 748 1888 801 διὸ
1937 749 2030 801 καὶ

451 837 571 889 κατ’
609 835 782 906 ἀρχὰς
813 837 914 890 οὐκ
959 839 1024 893 ἄν
1066 856 1196 892 ποτε
1237 837 1478 892 τοιοῦτον
1509 838 1636 892 ὅντα
1675 838 2026 910 διασωθῆναι.

451 926 636 980 Ταῦτα
668 928 764 999 μὲν
793 925 884 982 οὖν
917 930 946 982 ὁ
985 929 1420 1001 ’Δναξίμανδρος.

2135 568 2325 622 borem
2356 567 2675 622 involveret.
2734 565 2808 619 Ea
2855 565 3102 636 disrupta
3137 579 3261 619 cum
3289 573 3455 629 esset,
3513 579 3577 618 ac
3606 563 3714 616 cir-

2133 655 2273 711 culis
2298 655 2626 725 quibusdam
2680 653 3002 718 interclusa,
3061 653 3232 708 solem
3257 652 3382 706 inde
3420 652 3606 706 lunam
3648 666 3714 707 ac

2133 747 2318 802 stellas
2363 747 2658 801 exstitisse.
2711 744 2980 800 Praeterea
3035 743 3313 800 hominem
3368 759 3436 798 ex
3486 743 3716 799 diversa:

2132 837 2318 892 formae
2346 837 2719 891 animantibus
2747 836 2902 890 initio
2940 835 3181 905 genitum
3203 849 3324 890 esse
3347 832 3669 889 defendebat
3693 846 3711 886 :

2131 945 2257 984 nam
2289 943 2415 984 cum
2450 939 2659 984 cteterze
2686 943 2782 997 per
2813 943 2872 982 se
2900 929 3049 998 ipsas
3081 927 3344 981 continuo
3366 936 3580 996 pastum
3622 940 3716 982 ca-

451 1031 691 1089 pessant,
721 1032 833 1077 tum
860 1032 1006 1078 certe
1039 1025 1337 1090 hominem,
1388 1025 1481 1095 qui
1512 1025 1702 1096 perdiu
1753 1025 1893 1081 lacte
1941 1041 2220 1096 operaque
2281 1032 2512 1079 nutricis
2564 1022 2822 1094 indigeat,
2862 1036 3142 1092 nunquam
3182 1020 3340 1087 alias,
3367 1020 3412 1076 si
3444 1018 3714 1090 ejusmodi

449 1112 609 1179 foret,
641 1132 707 1173 eo
740 1127 980 1189 tempore
995 1119 1220 1202 .salvum
1255 1135 1376 1175 esse
1421 1121 1680 1188 potuisse.
1717 1118 1844 1176 Hmc
1870 1119 2292 1175 Anaximander.

524 1228 546 1263 ι
575 1210 925 1285 Ἀναξιμένην
945 1213 1146 1282 δέφασι
1169 1213 1265 1285 τὴν
1282 1213 1390 1267 τῶν
1418 1213 1554 1266 ὅλων
1572 1215 1747 1286 ἀρχὴν
1769 1215 1859 1268 τὸν
1891 1215 2028 1286 ἀέρα

451 1302 642 1367 εἰπεῖν,
674 1304 768 1358 καὶ
814 1304 1001 1358 τοῦτον
1046 1301 1184 1360 εἶναι
1221 1305 1300 1377 τῷ
1331 1306 1429 1375 μὲν
1457 1305 1605 1374 γένει
1634 1307 1880 1378 ἄπειρον,
1906 1310 2026 1370 ταῖς

450 1393 506 1446 δὲ
557 1394 685 1466 περὶ
737 1394 896 1448 αὐτὸν
949 1397 1226 1467 ποιότησιν
1272 1397 1596 1468 ὡρισμένον.
1636 1397 1931 1450 Γεννᾶσθαι
1964 1397 2023 1450 δὲ

451 1487 624 1539 πάντα
652 1487 794 1540 κατά
817 1504 935 1541 τινα
968 1488 1240 1541 πύκνωσιν
1267 1487 1479 1552 τούτου,
1509 1487 1604 1540 καὶ
1630 1487 1790 1540 πάλιν
1824 1487 2024 1558 ἀραίω-

451 1591 553 1628 σιν.
585 1576 697 1646 Τήν
729 1593 793 1644 γε
825 1577 930 1648 μὴν
960 1577 1172 1648 κίνησιν
1203 1577 1261 1644 ἐξ
1289 1577 1482 1642 αἰῶνος
1522 1576 1813 1648 ὑπάρχεινο
1843 1577 2028 1630 πιλου-

453 1665 611 1735 μένου
643 1665 700 1718 δὲ
733 1666 827 1719 τοῦ
862 1667 1040 1738 ἀέρος,
1080 1667 1302 1739 πρώτην
1345 1667 1690 1737 γεγενῆσθαιῖ
1716 1667 1894 1735 λέγειν
1930 1665 2029 1736 τὴν

2213 1233 2232 1267 ‹
2283 1213 2678 1267 Anaximenem
2738 1217 2922 1264 autem
2974 1209 3175 1273 aiunt,
3234 1221 3414 1262 rerum
3466 1206 3715 1261 omnium

2132 1304 2460 1375 principium
2501 1317 2681 1357 aerem
2745 1301 3026 1362 statuisse,
3085 1299 3179 1369 qui
3242 1313 3439 1368 genere
3492 1297 3711 1366 quidem

2131 1398 2250 1466 ipso
2305 1395 2550 1450 infinitus
2572 1401 2734 1460 esset,
2765 1402 2821 1447 at
2847 1392 3011 1447 certis
3035 1391 3390 1462 qualitatibus
3447 1391 3562 1445 suis
3619 1390 3712 1443 de-

2129 1486 2359 1547 tinitus.
2407 1493 2571 1554 atque
2639 1483 3109 1552 circumscriptus.
3168 1479 3342 1548 Hujus
3399 1480 3594 1549 partim
3646 1495 3714 1534 ex

2132 1577 2550 1646 constipatione,
2607 1576 2806 1646 partim
2851 1573 3077 1628 raritate
3131 1571 3458 1627 succedente
3515 1579 3712 1625 cuncta

2136 1668 2384 1738 generari
2419 1685 2432 1722 :
2471 1667 2728 1737 itemque,
2766 1665 3154 1736 sempiternum
3193 1677 3316 1718 esse
3367 1670 3610 1727 motum;
3647 1676 3714 1716 ex

451 1756 572 1826 γῆν,
607 1756 864 1810 πλατεῖαν
897 1757 1073 1828 μάλα·
1105 1758 1185 1812 διὸ
1221 1759 1316 1812 καὶ
1343 1759 1485 1812 κατά
1521 1759 1675 1828 λόγον
1728 1757 1894 1829 αὐτὴν
1939 1758 2029 1810 ὲπ-

2137 1761 2325 1816 eodem
2357 1775 2482 1816 aere
2521 1759 2575 1813 in
2602 1773 2722 1814 sese
2751 1767 2940 1814 coacto
2969 1767 3133 1827 atque
3165 1772 3479 1826 compresso
3512 1765 3713 1810 terram

452 1846 690 1914 οχεῖσθαι
723 1848 866 1919 ἀέρι,
895 1850 990 1902 καὶ
1009 1851 1100 1902 τὸν
1134 1851 1286 1919 ἥλιον
1318 1853 1410 1904 καὶ
1437 1851 1536 1921 τὴν
1567 1851 1811 1922 σελήνην,
1843 1850 1935 1902 καὶ
1961 1849 2030 1902 τὰ

452 1935 616 1990 λοιπά
648 1939 845 2011 ἄστρα,
875 1940 974 2011 τὴν
1005 1941 1178 2012 ἀρχὴν
1209 1942 1310 2012 τῆς
1340 1943 1608 2010 γενέσεως
1633 1943 1697 1994 ὲκ
1732 1942 1834 2012 γῆς
1863 1939 2023 2010 ἔχειν.

464 2029 848 2096 Ἀποφαίνεται
876 2031 1007 2100 γοῦν
1033 2033 1123 2085 τὸν
1147 2033 1315 2103 ἥλιον,
1349 2034 1454 2103 γῆν
1473 2050 1487 2062 ·
1516 2033 1604 2086 διὰ
1633 2033 1688 2086 δὲ
1723 2032 1819 2102 τὴν
1850 2030 2027 2094 ὀξεῖαν

451 2119 688 2190 κίνησιν,
731 2123 825 2175 καὶ
875 2123 998 2194 μάλ’
1041 2123 1240 2188 ἱκανῶς
1288 2125 1626 2196 θερμοτάτην
1671 2125 1882 2194 κίνησιν
1929 2123 2028 2176 λα-⁴

452 2209 586 2264 δεῖν.

2138 1851 2381 1904 omnium
2412 1851 2711 1920 principem
2739 1865 2969 1921 eamque
2994 1851 3157 1905 latam
3203 1848 3500 1904 admodum
3529 1858 3714 1901 natam

2135 1955 2278 2003 esse,
2315 1940 2536 2010 aerique
2570 1949 2855 2010 propterea
2908 1941 3032 2010 jure
3060 1941 3232 2010 ipsam
3264 1957 3329 1995 ac
3353 1941 3550 1994 merito
3577 1939 3716 1993 iusi-

2135 2031 2285 2085 dere.
2344 2029 2525 2086 Solem
2560 2049 2742 2102 porro,
2795 2033 3003 2094 lunam,
3057 2049 3121 2087 ac
3171 2033 3437 2102 reliquam
3471 2033 3714 2086 siderum

2135 2123 2537 2177 multitudinem
2560 2139 2626 2178 ex
2653 2133 2797 2178 terra
2820 2125 2908 2180 sui
2943 2125 3268 2194 principium
3305 2124 3410 2194 23
3433 2133 3587 2178 ortus
3620 2124 3716 2177 ha-

2133 2213 2339 2270 buisse.
2370 2214 2549 2281 Quare
2581 2217 2749 2272 solem
2778 2217 2996 2286 quidem
3037 2218 3215 2286 ipsum
3247 2227 3453 2272 terram
3501 2229 3718 2270 nuncu-

449 2305 632 2374 pabat,
667 2303 916 2358 eumdem
976 2313 1156 2359 tamen
1208 2304 1574 2360 arbitrabatur
1626 2305 2008 2362 incitatissimo
2037 2321 2202 2363 cursu
2237 2309 2778 2366 vehementissimum
2818 2309 2972 2364 illum
3000 2309 3257 2374 calorem,
3303 2308 3468 2378 idque
3515 2323 3716 2378 Oppor-

449 2403 576 2449 tune
609 2396 923 2460 admodum,
963 2412 1084 2451 esse
1110 2405 1486 2451 consecutum.

525 2503 543 2535 ι
569 2483 876 2556 Ξενοφάνης
905 2485 962 2539 δὲ
998 2487 1025 2538 ό
1057 2485 1423 2556 Κολοφώνιος,
1464 2488 1598 2542 ἰδίαν
1629 2488 1748 2542 τινὰ
1778 2489 1894 2543 ὁδὸν
1927 2506 2028 2542 πε-

445 2577 807 2648 πορευμένος,
843 2577 937 2631 καὶ
985 2577 1394 2649 παρηλλαχυῖαν
1441 2581 1646 2645 πάντας
1687 2583 1812 2646 τοὺς
1845 2599 2030 2653 προει-

447 2667 754 2738 ρημένους,
800 2666 924 2721 οὔτε
979 2668 1228 2737 γένεσιν,
1285 2668 1409 2723 οὔτε
1463 2670 1668 2742 φθορὰν
1715 2671 2027 2724 ἀπολείπει·

447 2759 560 2811 ἀλλ’
593 2755 732 2812 εἶναι
783 2759 929 2828 λέγει
977 2759 1038 2812 τὸ
1070 2761 1178 2813 πᾶν
1213 2760 1300 2813 ἀεὶ
1331 2761 1534 2831 ὅμοιον.
1583 2762 1645 2814 Εἰ
1678 2761 1783 2833 γὰρ
1829 2762 2032 2830 γίνοιτο

447 2851 625 2914 τοῦτο,
653 2852 840 2923 φησὶν,
872 2853 1165 2920 ἀναγκαῖον
1198 2853 1303 2924 πρὸ
1323 2852 1509 2906 τούτου
1545 2853 1618 2924 μὴ
1652 2849 1808 2906 εἶναι.
1841 2852 1916 2906 Τὸ
1954 2850 2028 2923 μὴ

2211 2507 2230 2540 ι
2265 2486 2382 2541 Jam
2415 2501 2542 2540 vero
2575 2483 2939 2554 Xenophanes
2965 2483 3337 2555 Colophonius
3383 2481 3713 2552 singularem

2135 2583 2425 2652 quamdam
2457 2579 2716 2634 insistens
2749 2579 2912 2644 viam,
2948 2587 3001 2631 et
3034 2578 3103 2632 ab
3129 2593 3340 2640 eorum,
3368 2593 3505 2646 quos
3534 2577 3715 2630 adhuc

2137 2675 2513 2735 oroduximus,
2543 2673 2787 2727 omnium
2815 2671 3069 2740 opinione
3089 2671 3481 2734 deflectentem,
3504 2669 3712 2722 nullum

2135 2767 2351 2838 penitus
2381 2766 2466 2819 vel
2495 2773 2677 2818 ortum
2709 2763 2794 2818 vel
2845 2763 3120 2816 interitum
3153 2761 3430 2830 relinquit,
3458 2761 3542 2814 sui
3570 2775 3716 2814 sem-

2137 2872 2229 2926 per
2261 2855 2439 2911 simile
2469 2855 2572 2909 hoc
2599 2854 2916 2908 universum
2963 2866 3086 2907 esse
3125 2860 3298 2904 ratus.
3334 2849 3392 2904 Si
3426 2851 3570 2903 enim
3617 2849 3713 2904 de-

447 2941 507 2996 ’ὁν
537 2942 614 3005 δὲ,
644 2943 744 2995 οὐκ
775 2942 839 2996 ἂν
865 2943 1107 3011 γένοιτο,
1139 2943 1247 2996 οὐδ’
1282 2945 1347 2997 ἂν
1380 2944 1441 2997 τὸ
1482 2945 1557 3016 μὴ
1603 2944 1664 2998 δν
1697 2945 1922 3015 ποιήσαι
1949 2961 2024 3007 τι,

2135 2960 2224 3004 tur
2254 2955 2594 3018 procreatum
2625 2947 2754 3000 illud
2781 2959 2923 3007 esse,
2965 2942 3223 2997 continuo
3271 2951 3586 2996 secuturum
3634 2942 3712 2996 uti

449 3031 572 3085 οὔτε
614 3033 719 3086 ὑπὸ
744 3033 834 3087 τοῦ
869 3034 944 3105 μὴ
989 3033 1142 3097 ὄντος
1175 3034 1368 3102 γένοιτ’
1402 3035 1468 3088 ἄν
1514 3052 1566 3088 τι
1643 3035 2030 3103 Ἀποφαίνεται

452 3125 510 3179 δὲ
547 3125 643 3180 καὶ
682 3127 780 3190 τάς
812 3125 1093 3198 αἰσθήσεις
1122 3127 1370 3196 ψευδεῖς,
1401 3129 1497 3181 καὶ
1535 3127 1760 3181 καθόλου
1798 3129 1895 3182 σὺν
1928 3129 2028 3182 αὐ-

449 3220 570 3282 ταῖς
608 3219 703 3272 καὶ
759 3217 921 3272 αὑτὸν
977 3218 1068 3271 τὸν
1103 3218 1262 3287 λόγον
1308 3217 1601 3272 διαϐάλλει.
1649 3219 2029 3287 Ἀποφαίνεται

449 3309 507 3363 δὲ
542 3310 638 3363 καὶ
664 3309 740 3380 τῷ
771 3310 951 3381 χρόνῳ
997 3309 1448 3381 καταφερομένην
1481 3309 1743 3380 συνεχῶς,
1779 3312 1874 3363 καὶ
1907 3313 2029 3364 κατ’

445 3402 622 3470 ὀλίγον
665 3403 764 3472 τὴν
805 3402 908 3472 γῆν
948 3402 1029 3465 εἰς
1077 3402 1175 3473 τὴν
1215 3400 1492 3455 θάλασσαν
1523 3403 1742 3473 χωρεῖν·
1782 3401 1916 3472 φησί
1964 3401 2023 3454 δὲ

443 3495 536 3547 καὶ
561 3494 651 3546 τὸν
680 3493 831 3564 ἥλιον
851 3495 916 3546 ὲκ
949 3493 1159 3564 μικρῶν
1186 3493 1281 3546 καὶ
1305 3492 1564 3546 πλειόνων
1599 3493 1810 3564 πυρίων
1842 3492 2029 3564 ἀθροί-

446 3585 653 3651 ζεσθαι.
703 3585 1086 3655 Ἀποφαίνεται
1107 3585 1165 3638 δὲ
1191 3586 1283 3639 καὶ
1319 3586 1448 3657 περὶ
1478 3585 1635 3649 θεῶν,
1664 3585 1739 3650 ὡς
1771 3585 2028 3656 οὐδεμιᾶς

443 3677 741 3750 ἡγεμονίας
772 3681 831 3731 ὲν
860 3678 1044 3742 αὐτοῖς
1089 3677 1255 3749 οὔσης
1279 3695 1292 3708 ·
1347 3678 1408 3730 οὐ
1447 3677 1554 3750 γὰρ
1594 3678 1740 3731 ὅσιον
1768 3677 2027 3742 δεσπόζε-

446 3769 568 3823 σθαί
601 3787 722 3822 τινα
782 3769 890 3823 τῶν
923 3769 1078 3822 θεῶν·
1120 3768 1420 3823 ἐπιδεῖσθαι
1464 3787 1525 3822 τε
1581 3767 1807 3840 μηδενὸς
1850 3768 2030 3822 αὐτῶν

447 3861 652 3932 μηδένα
685 3860 802 3933 μηδ’
833 3861 968 3925 ὅλως
987 3877 1001 3892 ·
1029 3861 1247 3914 ἀκούειν
1271 3860 1329 3914 δὲ
1361 3860 1456 3915 καὶ
1485 3861 1615 3932 ὁρᾷν
1646 3859 1898 3919 καθόλου,
1931 3857 2028 3912 καὶ

449 3951 526 4023 μὴ
556 3951 696 4005 κατά
730 3952 908 4023 μέρος.
937 3951 1320 4022 ’Δποφαίνεται
1344 3951 1402 4005 δὲ
1422 3952 1517 4004 καὶ
1547 3951 1646 4022 τὴν
1667 3950 1772 4020 γῆν
1803 3949 2027 4020 ἄπειρον

445 4039 620 4108 εἶναι,
672 4044 764 4098 καὶ
812 4041 952 4096 κατὰ
1009 4044 1116 4096 πᾶν
1172 4042 1336 4114 μέρος
1380 4041 1455 4113 μὴ
1511 4040 1860 4114 περιέχεσθαι
1921 4039 2028 4092 ὑπὸ

446 4134 625 4207 ἀέρος’
658 4133 902 4204 γίνεσθαι
945 4134 1002 4188 δὲ
1053 4133 1268 4188 ἅπαντα
1301 4136 1366 4187 ὲκ
1420 4133 1557 4204 γῆς’
1606 4134 1697 4187 τὸν
1759 4133 1817 4186 δὲ
1872 4132 2027 4205 ἥλιόν

447 4243 580 4296 φησι
605 4227 699 4280 καὶ
719 4227 788 4279 τὰ
807 4225 940 4282 ἄλλα
964 4225 1140 4297 ἄστρα
1165 4227 1230 4279 ἐκ
1260 4224 1370 4278 τῶν
1401 4225 1580 4294 νεφῶν
1610 4224 1878 4296 γίνεσθαι.

2132 3040 2285 3108 prius
2317 3052 2424 3090 non
2459 3035 2651 3101 fuerit;
2686 3035 2739 3088 id
2790 3043 2992 3098 autem,
3027 3031 3174 3101 quod
3226 3046 3335 3084 non
3389 3040 3502 3096 est,
3536 3047 3712 3101 neque

2134 3132 2269 3197 ﬁeri,
2299 3145 2474 3200 neque
2507 3128 2654 3183 aliud
2700 3127 2929 3192 efﬁcere,
2954 3141 3130 3198 neque
3171 3141 3363 3180 rursus
3398 3140 3464 3179 ex
3498 3140 3564 3180 eo
3598 3123 3712 3179 fieri

2131 3223 2427 3293 quidquam
2487 3235 2669 3290 posse.
2731 3218 2997 3274 Praeterea
3061 3233 3258 3274 sensus
3318 3216 3535 3271 fallaces
3593 3231 3714 3270 esse

2130 3313 2430 3378 contendit,
2456 3328 2674 3383 unaque
2695 3327 2821 3366 cum
2851 3311 2958 3366 illis
2988 3310 3160 3380 ipsam
3197 3324 3416 3380 quoque
3442 3308 3710 3363 rationem

2129 3408 2184 3461 in
2213 3407 2466 3461 omnibus
2493 3406 2835 3460 criminatur.
2864 3402 3090 3460 Terram
3125 3417 3416 3472 progressu
3453 3400 3714 3470 temporis

2126 3498 2468 3553 continenter
2493 3497 2750 3552 deorsum
2776 3495 2927 3561 ferri,
2978 3511 3043 3551 ac
3072 3496 3333 3566 paulatim
3369 3496 3422 3550 in
3455 3511 3604 3550 mare
3633 3495 3715 3548 la-

2127 3590 2224 3644 bi:
2267 3590 2435 3645 solem
2485 3599 2664 3644 autem
2722 3605 2790 3644 ex
2840 3589 3055 3660 pusillis
3115 3589 3418 3661 iisdemque
3463 3591 3714 3660 pluribus

2128 3680 2380 3751 igniculis
2409 3679 2703 3734 conﬂatum
2754 3694 2879 3735 esse
2915 3679 3101 3734 tradit.
3145 3679 3286 3746 Quin
3319 3681 3481 3736 etiam
3509 3681 3577 3734 de
3609 3681 3714 3735 diis

2131 3768 2205 3822 ita
2237 3767 2501 3836 disputat,
2529 3768 2740 3822 nullum
2775 3777 2837 3821 ut
2871 3767 3012 3822 inter
3052 3783 3148 3824 eos
3174 3783 3296 3824 esse
3346 3770 3713 3839 principatum

2133 3859 2448 3922 existimet,
2515 3861 2662 3928 quod
2718 3859 2873 3916 nefas
2933 3861 3125 3931 utique
3178 3861 3428 3916 videatur
3485 3862 3712 3916 deorum

2133 3966 2460 4021 quemquam
2522 3952 2748 4006 alterius
2805 3951 2944 4007 ferre
2999 3952 3382 4008 dominatum:
3433 3968 3547 4006 rem
3593 3964 3717 4008 esse

2133 4042 2360 4107 nullam,
2392 4041 2460 4096 ad
2488 4057 2654 4112 quam
2688 4042 2852 4099 ullius
2882 4043 3128 4114 ipsorum
3187 4046 3393 4100 auxilio
3430 4046 3571 4100 alius
3595 4059 3716 4099 οτηε-

2133 4133 2266 4187 nino
2299 4132 2586 4204 quisquam
2622 4134 2903 4202 indigeat:
2940 4136 3162 4190 eosdem
3215 4149 3383 4206 porro
3428 4143 3626 4189 cuncta
3656 4133 3714 4188 in

2131 4224 2448 4279 universum
2485 4223 2676 4279 audire
2703 4225 2908 4286 pariter
2933 4240 2998 4280 ac
3019 4239 3263 4290 cernere,
3286 4225 3562 4294 sigillatim
3584 4240 3716 4281 vero

446 4336 512 4376 ac
533 4335 628 4390 per
651 4327 834 4389 partes
862 4318 1018 4372 nihil.
1049 4316 1334 4373 Postremo
1367 4326 1565 4372 terram
1609 4317 1878 4372 infinitam
1934 4331 2080 4381 esse,
2120 4331 2222 4370 nec
2250 4329 2442 4369 omnes
2469 4314 2613 4370 illius
2637 4324 2816 4384 partes
2857 4329 2985 4370 aere
3021 4315 3314 4381 contineri,
3346 4316 3484 4372 nihil
3510 4333 3620 4374 non
3647 4335 3715 4377 cx

446 4427 510 4469 ea
540 4413 831 4483 procreari,
864 4412 1032 4467 solem
1059 4420 1242 4466 tamen
1276 4426 1341 4466 ac
1379 4411 1591 4480 reliqua
1615 4411 1818 4483 Asidera
1870 4425 2025 4466 suam
2065 4409 2302 4463 nubibus
2333 4407 2596 4476 originem
2629 4407 2828 4462 debere
2850 4407 3193 4478 pronuntiat.

523 4477 911 4580 c-i'lapjtevfc‘zq;
961 4507 1018 4560 δὲ
1064 4509 1093 4560 ὁ
1131 4506 1389 4578 Ἐλεάτης
1417 4477 1647 4578 ἑταῖροί
1664 4507 2020 4576 Ξενοφάνους,
2060 4512 2108 4572 D

449 4600 568 4670 ἅμα
602 4601 698 4670 μὲν
725 4599 817 4652 καὶ
860 4597 969 4651 τῶν
1002 4597 1190 4650 τούτου
1237 4595 1404 4661 δοξῶν
1444 4597 1860 4667 ἀντεποιήσατο,
1910 4596 2028 4668 ἅμα

449 4690 506 4744 δὲ
538 4692 632 4744 καὶ
666 4689 764 4762 τὴν
794 4689 1039 4743 ἐναντίαν
1069 4689 1449 4760 ἐνεχειρήσατο
1474 4688 1682 4741 στάσιν.
1701 4690 1894 4742 Ἀῖδιον
1930 4689 2027 4760 μὲν

448 4782 558 4852 γὰρ
595 4781 656 4833 τὸ
690 4781 832 4844 πᾶν,
878 4780 973 4833 καὶ
1005 4780 1260 4851 ἀκίνητον
1299 4780 1690 4850 ἀποφαίνεται,
1743 4779 1837 4834 καὶ
1885 4780 2028 4832 κατά

447 4873 546 4943 τὴν
577 4871 684 4925 τῶν
722 4872 1057 4942 πραγμάτων
1111 4870 1396 4941 ἀλήθειανο
1430 4867 1569 4924 εἶναι
1615 4871 1725 4944 γὰρ
1771 4871 1902 4924 αὐτὸ
1933 4871 2028 4941 μό-

449 4978 571 5023 νον,
633 4959 954 5032 μουνογενές
1013 4975 1075 5012 τε
1124 4961 1219 5012 καὶ
1275 4960 1535 5030 ἀτρεμὲς,
1578 4959 1659 5027 ἡδ’
1725 4957 2022 5028 ἀγένητον·

447 5053 659 5124 γένεσιν
687 5053 743 5106 δὲ
764 5053 871 5105 τῶν
901 5051 1021 5105 καθ’
1046 5051 1311 5122 ὑπόληψιν
1343 5052 1510 5123 ψευδῆ
1545 5050 1842 5104 δοκούντων
1866 5047 2024 5102 εἶναι·

449 5145 546 5199 καὶ
583 5145 680 5207 τὰς
722 5144 1003 5215 αἰσθήσεις
1047 5143 1295 5198 ἐκϐάλλει
1327 5145 1390 5196 ὲκ
1430 5145 1530 5212 τῆς
1575 5142 1851 5213 ἀληθείας.
1890 5142 2030 5204 thro).

452 5235 531 5302 δὲ,
559 5237 640 5288 ὅτι
668 5237 784 5288 εἴτι
817 5234 968 5308 παρά
995 5235 1054 5287 τὸ
1087 5234 1146 5287 ὃν
1175 5235 1428 5307 ὑπάρχει,
1463 5234 1620 5286 τοῦτο
1648 5234 1747 5286 οὐκ
1784 5227 2027 5285 ἔστιλνο

451 5326 514 5379 τὸ
546 5324 603 5378 δὲ
633 5324 708 5396 μὴ
736 5325 815 5389 ὃν,
839 5327 896 5378 ὲν
919 5327 1030 5388 τοῖς
1061 5325 1203 5388 ὅλοις
1235 5326 1334 5379 οὐκ
1367 5325 1534 5378 ἐστιν.
1563 5325 1749 5388 Οὕτως
1771 5321 1862 5378 οὖν
1885 5324 1946 5377 τὸ
1971 5324 2030 5377 ὃν

451 5416 714 5487 ἀγένητον
757 5415 1070 5469 ἀπολείπειο
1122 5415 1270 5484 λέγει
1300 5416 1357 5469 δὲ
1399 5417 1498 5486 τὴν
1548 5416 1654 5487 γῆν
1691 5415 1784 5468 τοῦ
1827 5414 2032 5468 πυκνοῦ

452 5507 852 5580 καταρρυέντος
875 5508 1035 5579 ἀέρος
1057 5507 1359 5577 γεγονέναι.

2216 4523 2234 4556 ι
2274 4503 2624 4558 Parmenides
2652 4511 2834 4558 autem
2867 4502 3079 4559 Eleates
3101 4545 3118 4572 ,
3167 4503 3520 4576 Xenophanis
3564 4506 3715 4577 ejus-

2134 4597 2254 4650 dem
2288 4594 2593 4660 familiaris,
2625 4595 2825 4667 partim
2861 4595 2928 4650 ad
2975 4595 3122 4651 illius
3149 4611 3268 4652 sese
3301 4598 3588 4668 opiniones
3619 4598 3717 4652 ad-

2127 4686 2332 4757 junxit,
2355 4687 2553 4756 partim
2575 4685 2906 4742 contrariam
2930 4687 3224 4755 quamdam
3257 4679 3492 4742 instituit
3525 4687 3718 4742 factio-

2133 4795 2277 4832 nem.
2332 4777 2544 4833 Etenim
2599 4781 2988 4850 sempiternum
3035 4794 3160 4836 esse
3201 4780 3388 4834 orbem
3425 4779 3568 4832 hunc
3593 4780 3717 4833 uni-

2132 4886 2373 4938 versum,
2401 4871 2659 4942 omnique
2709 4881 2860 4927 motu
2906 4887 3126 4936 carere;
3181 4872 3461 4941 ipsiusque
3508 4879 3716 4927 naturae

2133 4964 2412 5017 veritatem
2465 4965 2690 5018 omnino
2741 4973 2993 5020 constare
3039 4963 3322 5028 defendit;
3385 4963 3713 5031 singularem

2135 5056 2278 5108 enim
2312 5055 2462 5109 illum
2499 5066 2553 5110 et
2589 5057 2900 5127 unigenam,
2928 5057 3175 5111 stabilem
3210 5070 3274 5107 ac
3293 5054 3534 5124 quietum
3557 5096 3572 5122 ,
3614 5069 3716 5111 nec

2133 5153 2281 5198 certo
2309 5145 2490 5216 aliquo
2515 5155 2755 5215 tempore
2781 5155 3094 5216 generatum
3119 5160 3275 5210 esse;
3309 5147 3711 5214 generationem

2132 5250 2296 5304 porro
2323 5237 2389 5290 ad
2417 5253 2478 5291 ca
2505 5238 2700 5307 rejicit,
2726 5253 2848 5306 qua:
2877 5236 3013 5291 falsa
3038 5236 3272 5305 quadam
3319 5238 3577 5306 opinione
3611 5253 3682 5307 pu
3701 5266 3716 5278 ς

2135 5333 2316 5381 tentur
2343 5343 2499 5392 esse,
2554 5329 2797 5396 adeoque
2843 5343 3038 5383 sensus
3083 5343 3276 5384 omnes
3328 5331 3717 5386 communione

2139 5417 2385 5472 veritatis
2413 5417 2669 5472 excludit.
2699 5419 2943 5473 Allirmat
2971 5431 3250 5490 pneterea,
3279 5424 3326 5477 si
3363 5423 3492 5492 quid
3523 5429 3716 5492 praeter

2139 5508 2214 5572 id,
2242 5511 2387 5577 quod
2425 5524 2552 5563 vere
2578 5510 2925 5579 cst,'uspiam
2967 5514 3217 5578 exsistat,
3244 5513 3372 5566 illud
3404 5514 3580 5582 ipsum
3615 5512 3717 5566 ali-

453 5605 583 5674 quid
617 5619 724 5658 non
755 5619 912 5659 esse:
943 5605 1088 5672 quod
1111 5612 1290 5659 autem
1327 5603 1531 5673 aliquid
1581 5618 1691 5658 non
1748 5604 1855 5670 sit,
1901 5602 1952 5657 id
2013 5603 2272 5658 universo
2325 5603 2550 5657 minime
2595 5604 2906 5659 contineri:
2938 5607 3084 5676 quod
3141 5606 3302 5674 igitur
3344 5624 3471 5662 vere
3509 5615 3613 5665 est.
3660 5607 3714 5661 id

454 5715 796 5770 nequaquam
831 5714 951 5753 esse
975 5699 1213 5769 genitum
1243 5716 1306 5756 ea
1338 5701 1546 5757 ratione
1570 5700 1864 5756 concludit.
1893 5699 2030 5754 Cum
2071 5699 2306 5770 denique
2356 5699 2437 5754 vis
2488 5713 2681 5771 magna
2717 5700 2987 5758 densioris
3038 5701 3181 5756 aeris
3250 5701 3528 5769 deflueret,
3591 5699 3718 5754 inde

455 5807 653 5852 terram
683 5794 955 5851 exstitisse
982 5794 1250 5864 opinatur.
