4154 6408
475 310 549 368 ευ
1152 311 1428 371 EUSEBII
1465 312 1943 374 CESARIENSIS
1979 316 2131 375 OPP.
2174 314 2355 372 PARS
2389 315 2452 372 ll.
2485 345 2555 357 -
2592 314 3097 372 APOLOGETlCA.
3695 311 3767 369 60

555 446 574 480 ι
609 423 758 482 Zeno
790 424 1010 496 quidem
1041 424 1256 482 Eleates
1286 427 1420 481 nihil
1443 428 1545 483 hoc
1570 428 1623 483 in
1645 445 1843 500 genere
1871 431 2058 502 singu-

2240 449 2259 481 ι
2290 430 2475 501 Ζήνων
2496 429 2553 482 δὲ
2579 431 2609 483 ό
2638 429 2914 500 Ἐλεάτης,
2943 428 3073 482 ῐδιον
3109 426 3206 499 μὲν
3237 426 3389 482 οὐδὲν
3422 424 3657 498 ἐξέθετο,
3686 426 3767 483 δι-

476 518 594 575 lare
618 518 880 588 vulgavit,
909 517 1006 573 sed
1033 518 1258 589 ancipiti
1281 516 1393 574 fere
1414 518 1777 576 dubitationis
1805 531 1943 577 aestu
1963 521 2068 577 ilu-

476 607 709 664 ctnavit.

554 718 572 751 ι
612 701 676 752 At
703 713 832 751 vero
861 696 1206 753 Democritus
1236 696 1526 753 Abderites
1559 698 1903 762 universum,
1922 698 2069 768 quod

474 788 788 844 eﬂ‘ectorem
807 788 894 844 sui
921 804 987 845 ac
1015 789 1323 843 molitorem
1349 788 1548 843 habeat
1577 789 1875 855 neminem,
1896 790 2070 844 inlini-

476 888 592 933 tuni
625 894 748 935 esse
801 880 918 934 vult
961 878 1247 948 omnisque
1278 880 1602 936 mutationis
1647 895 1864 950 expers.
1917 880 2066 935 Idem

475 986 701 1041 quoque
753 971 973 1026 disertis
1030 969 1419 1040 conceptisque
1451 970 1634 1025 verbis
1686 971 1919 1038 asserit,
1963 971 2070 1026 hoc

475 1063 668 1117 mundi
702 1071 866 1128 statu,
899 1079 1081 1117 rerum
1119 1079 1311 1118 earum
1369 1079 1490 1134 qua:
1522 1079 1667 1127 nunc
1716 1063 2023 1120 efﬁciantur
2048 1104 2066 1130 ,

476 1168 678 1209 causas
708 1156 913 1209 nullum
946 1157 1165 1225 penitus
1190 1157 1393 1212 habere
1424 1158 1754 1227 principium
1782 1175 1796 1225 ;
1829 1158 1922 1215 sed
1947 1174 2069 1229 quae

481 1247 565 1300 vel
627 1246 845 1301 fuerunt
893 1256 1076 1315 antea,
1108 1249 1194 1303 vel
1262 1265 1408 1304 nunc
1471 1260 1638 1316 sunt,
1693 1251 1774 1306 vel
1838 1253 2069 1322 posthac

476 1334 657 1391 futura
679 1336 930 1409 zﬁsunt
952 1340 1159 1404 omnia,
1184 1339 1297 1410 jam
1327 1339 1456 1394 olim
1480 1340 1680 1394 infiniti
1711 1341 1868 1411 plane
1891 1342 2070 1412 spatio

474 1430 738 1498 temporis
766 1431 814 1483 vi
846 1432 1086 1501 quadam
1120 1435 1463 1489 necessitatis
1493 1434 1743 1505 colligata
1776 1450 1917 1491 esse.
1949 1434 2066 1490 Soli

475 1535 640 1592 porro
673 1537 739 1577 ac
770 1522 915 1578 luna:
940 1525 1344 1595 generationem
1368 1526 1636 1591 attribuit,
1669 1542 1733 1581 ac
1758 1536 1873 1582 tum
1907 1542 2064 1582 seor-

475 1610 578 1665 sim
614 1619 911 1682 utrumque
943 1613 1103 1668 docet
1124 1616 1391 1685 'proprios
1424 1616 1682 1672 habuisse
1713 1626 1915 1681 motus,
1938 1632 2065 1672 cum

2179 521 2430 594 ηπόρησε
2456 520 2515 574 δὲ
2546 514 2903 592 περὶτούτων
2931 520 3024 574 ἐπὶ
3058 519 3264 575 πλείον.

2250 718 2270 752 t
2296 701 2635 771 Δημόκριτος
2656 701 2685 753 ὁ
2715 699 3032 771 Ἀϐδηρίτης
3051 700 3396 770 ὑπεστήσατο
3411 696 3473 750 τὸ
3489 699 3596 753 πᾶν
3614 698 3769 752 ἀπει-

2176 808 2292 863 ρον,
2327 790 2417 845 διά
2458 790 2519 843 τὸ
2555 790 2819 861 μηδαμῶς
2869 789 2973 842 ὑπό
3011 806 3154 852 τινος
3202 789 3336 841 αύτδ
3369 788 3766 861 δεδημιουργῆ-

2177 881 2333 935 σθαι·
2368 880 2449 933 ἔτι
2492 881 2549 934 δὲ
2583 881 2680 934 καὶ
2710 880 3088 952 ἀμετάϐλητον
3133 880 3266 935 αὐτὸ
3310 880 3491 947 λέγει·
3527 881 3621 933 καὶ
3660 898 3765 935 xa-

2175 973 2369 1039 θόλου,
2419 968 2531 1026 οἷον
2578 974 2687 1026 πᾶν
2739 975 2885 1039 ἐστι,
2937 971 3117 1044 ῥητῶς
3161 971 3436 1025 ἐκτίθεται
3487 973 3765 1044 μηδεμίαν

2174 1064 2350 1137 ἀρχὴν
2374 1064 2519 1136 ἔχειν
2542 1064 2648 1128 τάς
2681 1066 2862 1129 αἰτίας
2897 1065 3003 1118 τῶν
3034 1066 3129 1119 νῦν
3152 1066 3492 1136 γιγνομὲνων
3514 1082 3528 1095 ·
3560 1064 3766 1120 ἀνωθεν

2173 1158 2230 1213 δὲ
2262 1161 2400 1225 ὅλως
2429 1160 2488 1227 se
2516 1160 2744 1230 ἀπείρου
2770 1157 2964 1229 χρόνου
2992 1157 3422 1228 προκατέχεσθαι
3447 1160 3514 1229 τῇ
3549 1157 3767 1231 ἀνάγκῃ

2174 1251 2334 1306 πάνθ’
2379 1252 2567 1315 ἀπλῶς
2607 1251 2677 1305 τὰ
2715 1250 2978 1320 γεγονότα
3030 1251 3124 1302 καὶ
3175 1248 3304 1301 ὄντα
3350 1250 3444 1301 καὶ
3496 1248 3754 1319 ἐσόμενα.

2191 1345 2445 1401 Ἡλίουδὲ
2463 1345 2557 1400 καὶ
2590 1343 2817 1415 σελήνης
2830 1342 3041 1412 γένεσίν
3064 1357 3217 1413 φησι·
3237 1342 3355 1394 κατ’
3379 1340 3514 1393 ἰδίαν
3527 1339 3591 1412 δὴ
3619 1341 3758 1408 (19⁸)

2175 1437 2438 1510 φέρεσθαι
2483 1435 2655 1490 ταῦτα
2694 1434 2923 1506 μηδέπω
2966 1432 3293 1504 τοπαράπαν
3326 1430 3519 1500 ἔχοντα
3555 1428 3766 1501 θερμὴν

2174 1528 2358 1599 φύσιν,
2407 1527 2542 1600 μηδὲ
2576 1525 2684 1597 μὴν
2721 1524 2951 1579 καθόλου
2998 1522 3422 1594 λαμπροτάτην,
3456 1519 3765 1574 τούναντίον

2172 1623 2229 1677 δὲ
2264 1621 2690 1692 ὲξωμοιωμένην
2720 1621 2786 1690 τῇ
2821 1616 2948 1688 περὶ
2979 1616 3077 1687 τὴν
3109 1616 3214 1685 γῆν
3259 1614 3442 1684 φύσει·
3477 1611 3763 1681 γεγονέναι

474 1698 717 1752 umidum
768 1716 939 1770 usque
992 1703 1127 1759 adeo
1172 1705 1404 1759 calidam
1458 1706 1621 1761 ambo
1659 1705 2062 1779 fulgentemque

2171 1713 2281 1785 γὰρ
2310 1714 2571 1785 ἑκάτερον
2596 1710 2801 1764 τούτων
2826 1710 3089 1780 πρότερον
3108 1707 3208 1759 «ἔτι
3239 1707 3359 1758 κατ’
3401 1704 3535 1758 ἰδίαν
3566 1703 3765 1757 ὑποϐο-

472 1797 725 1845 naturam
776 1792 1119 1860 obtinerent,
1178 1797 1274 1850 sed
1335 1803 1565 1853 terrenae
1614 1799 1799 1868 potius
1855 1808 2062 1855 natura

2172 1799 2270 1871 λήν
2304 1816 2425 1852 τινα
2465 1799 2703 1870 κόσμου·
2742 1795 2968 1867 ὕστερον
3010 1795 3065 1848 δὲ
3101 1794 3625 1867 μεγεθοποιουμένου
3668 1792 3763 1848 τοῦ

473 1884 807 1952 persimilem
836 1903 850 1939 :
884 1884 954 1940 ad
984 1901 1108 1941 eum
1140 1888 1286 1942 enim
1328 1889 1483 1959 prius
1513 1890 1736 1945 modum
1771 1899 2062 1961 utrumque

2173 1893 2302 1962 περὶ
2335 1893 2425 1945 τὸν
2464 1891 2614 1963 ἥλιον
2663 1889 2902 1957 κύκλου,
2947 1886 3390 1960 ἐναποληφθῆναι
3430 1888 3488 1940 ὲν
3530 1884 3765 1958 αύτῷτδ

474 1985 820 2041 procreatum
853 1992 996 2042 esse,
1028 1993 1191 2047 quem
1226 1980 1523 2050 singularis
1557 1983 1807 2051 quaedam
1842 1998 1906 2036 ac
1933 1998 2065 2052 pro-
2173 1984 2304 2055 πῦρ.

473 2070 591 2138 pria
636 2070 864 2137 subiecti
916 2074 1106 2128 mundi
1140 2076 1384 2130 conditio
1418 2078 1731 2147 postulabat
1784 2097 1798 2134 :
1860 2078 2120 2147 deinceps
2161 2096 2293 2135 vero
2342 2079 2433 2135 ubi
2484 2079 2661 2151 major
2693 2079 2829 2136 solis
2873 2076 3119 2149 ejusdem
3167 2076 3409 2133 circulus
3454 2076 3759 2152 evasisset,

474 2162 655 2229 ignem
686 2161 807 2231 ipso
856 2171 970 2218 turn
1019 2164 1291 2221 inclusum
1323 2177 1378 2223 et
1404 2171 1859 2239 comprehensum
1914 2170 2105 2226 fuisse.

550 2272 570 2305 ι
605 2254 876 2325 Epicurus
927 2258 1145 2315 Neoclis
1198 2262 1366 2327 ﬁlius,
1397 2251 1785 2333 Atheniensis,
1841 2268 2058 2322 inanem

2250 2289 2269 2316 ι
2313 2263 2641 2334 Ἐπίκουρος
2663 2261 2983 2326 Νεοκλέους,
3023 2262 3323 2334 Ἀθηναῖος,
3349 2263 3439 2317 τὸν
3473 2263 3601 2335 περὶ
3623 2261 3762 2317 θεῶν

472 2361 687 2413 earum,
720 2364 843 2419 qua:
890 2350 959 2407 de
1013 2352 1119 2407 tliis
1173 2356 1572 2425 suscipiuntur,
1624 2359 2061 2428 disputationum

2166 2356 2333 2425 τῦφον
2373 2358 2633 2428 πειρᾶται
2666 2352 3080 2408 καταστέλλειν·
3101 2353 3235 2407 ἀλλά
3269 2356 3363 2407 καὶ
3386 2355 3561 2418 οὐδὲν.
3598 2355 3756 2427 φησὶ,

473 2437 676 2495 fastum
713 2442 948 2513 dejicere
979 2456 1253 2516 conatur;
1302 2450 1579 2521 simulque
1627 2453 1944 2518 contendit,
1994 2469 2062 2507 ex

2166 2450 2377 2517 γίνεται
2414 2449 2479 2501 ὲκ
2513 2446 2609 2500 τοῦ
2647 2445 2722 2518 μὴ
2755 2445 2927 2511 ὄντος,
2958 2445 3040 2498 ὅτι
3069 2446 3130 2499 τὸ
3158 2447 3262 2499 πᾶν
3291 2447 3378 2499 ἀεὶ⁵
3404 2445 3643 2500 τοιοῦτον
3668 2442 3759 2517 ἦν,

469 2545 540 2588 eo
563 2533 707 2603 quod
745 2551 854 2590 non
900 2539 1009 2603 sit,
1058 2541 1193 2596 oriri
1242 2542 1380 2597 nihil
1414 2561 1428 2598 :
1466 2544 1572 2600 hoc
1601 2546 1920 2600 universum
1955 2545 2062 2600 tale

2169 2543 2264 2595 καὶ
2303 2540 2455 2593 ἔσται
2504 2538 2778 2592 τοιοῦτον·
2814 2538 2896 2590 ὅτι
2942 2537 3095 2590 οὐδὲν
3141 2536 3295 2604 ξένον
3326 2538 3668 2593 ἀποτελεῖται
3701 2540 3762 2594 ιν

470 2637 688 2694 semper
724 2624 934 2692 fuisse,
986 2631 1204 2701 taleque
1257 2646 1517 2705 perpetuo
1569 2636 1853 2703 futurum,
1903 2639 2062 2709 quale

2170 2634 2249 2705 τῷ
2272 2633 2452 2697 παντὶ,
2472 2630 2627 2702 παρά
2649 2628 2741 2682 τὸν
2774 2629 2877 2699 ήδη
2907 2629 3273 2699 γεγενημένον
3295 2630 3487 2701 χρόνον
3512 2631 3756 2701 ἄπειρον·

468 2730 623 2771 nunc
654 2730 738 2772 est
767 2738 782 2774 :
810 2721 857 2775 si
893 2729 1108 2792 tempus
1134 2725 1406 2781 inﬁnitum
1434 2728 1663 2799 jamque
1694 2741 1822 2785 ante
1853 2731 2056 2801 produ-

2167 2729 2250 2782 ὅτι
2285 2728 2391 2781 πᾶν
2424 2728 2541 2779 ἐστι
2572 2722 2756 2793 σῶμα,
2791 2722 2885 2775 καὶ
2913 2722 2973 2775 ού
3017 2722 3175 2792 μόνον
3201 2722 3597 2794 ἀμετάϐλητον,
3625 2722 3763 2778 ἀλλά

470 2818 624 2864 ctum
676 2812 940 2882 excipias,
966 2815 1106 2869 'novi
1154 2817 1297 2872 nihil
1336 2827 1451 2875 toto
1486 2820 1619 2875 orbe
1667 2821 1894 2891 perﬁci:
1929 2822 2057 2877 uni-

2166 2821 2260 2874 xa‘t
2284 2820 2511 2889 ἀπειρον
2531 2833 2544 2845 ο
2574 2816 2655 2869 ὃτι
2683 2813 2837 2877 τέλος
2861 2813 2969 2866 τῶν
2994 2813 3235 2882 ἀγαθῶν,
3274 2814 3457 2885 ἡδονή.

475 2917 719 2970 versum,
779 2921 982 2974 corpus
1013 2922 1137 2962 esse
1188 2924 1297 2964 non
1359 2913 1539 2968 solum
1602 2914 1968 2980 immutabile,
2027 2915 2119 2969 sed
2161 2912 2324 2967 etiam
2359 2909 2634 2964 infinitum
2665 2928 2680 2963 ;
2716 2907 2985 2961 honorum
3027 2905 3263 2976 denique
3300 2906 3461 2961 linem
3510 2922 3619 2962 una
3665 2922 3761 2965 vo-

469 2992 675 3065 luptate
705 2998 992 3053 contineri.

547 3110 567 3143 ο
602 3092 914 3164 Aristippus
944 3094 1239 3166 Cyrenaeus
1260 3093 1530 3148 bonorum
1561 3105 1779 3162 quoque
1800 3090 1961 3144 finem
2002 3088 2057 3143 in

2243 3102 2262 3135 ι
2318 3084 2672 3155 Ἀρίστιππος
2724 3089 2754 3142 ό
2799 3091 3113 3161 Κυρηναῖος
3169 3091 3323 3154 τέλος
3379 3091 3599 3161 ἀγαθῶν
3662 3091 3761 3165 τὴν

467 3186 769 3256 voluptate,
796 3188 1066 3242 malorum
1095 3196 1277 3241 autem
1308 3188 1365 3241 in
1402 3186 1594 3241 dolore
1622 3185 1942 3250 constituit;
1976 3198 2062 3237 re-

2168 3176 2384 3248 ἡδονὴν,
2414 3179 2602 3231 κακῶν
2627 3180 2692 3258 δὲ.
2711 3180 2811 3253 τὴν
2831 3182 3127 3254 ἀλγηδόνα.
3156 3183 3268 3255 Τὴν
3295 3184 3349 3236 δὲ
3377 3183 3542 3255 ἀλλην
3574 3201 3762 3254 φυσιο-

472 3278 679 3347 liquam
729 3279 1130 3349 physiologiam
1184 3279 1262 3333 ita
1294 3278 1738 3343 circumscribit,
1792 3276 1957 3347 hujus
2003 3284 2062 3329 ut

2166 3268 2352 3337 λογίαν
2389 3273 2755 3343 περιγράφει,
2793 3275 2955 3345 μόνον
2993 3274 3269 3346 ὠφέλιμον
3309 3272 3448 3330 εἶναι
3492 3277 3665 3347 λέγων
3697 3276 3763 3331 τὸ

473 3372 639 3429 unius
668 3372 747 3425 rei
776 3372 1272 3427 considerationem
1305 3371 1493 3425 utilem
1525 3385 1648 3425 esse
1676 3370 1824 3424 dicat
1860 3386 1877 3423 :

543 3462 687 3529 Quid
727 3464 897 3517 tristis
929 3462 1101 3518 thive
1133 3462 1279 3516 domi
1306 3478 1422 3516 sors
1458 3460 1701 3530 improba
1730 3469 1915 3515 verset.

552 3638 573 3672 ι
623 3619 980 3691 Empedocles
1040 3619 1430 3693 Agrigentinus
1494 3627 1733 3689 quatuor
1796 3616 2064 3671 elementa

473 3713 648 3784 ponit,
680 3713 881 3783 ignem,
921 3728 1120 3783 aquam
1145 3754 1162 3779 ,
1215 3727 1397 3767 aerem
1445 3719 1499 3766 et
1532 3699 1767 3778 térram',
1825 3724 2063 3779 quorum

475 3817 673 3858 causas
704 3802 1004 3857 amicitiam
1039 3817 1105 3857 ac
1132 3800 1463 3857 discordiam
1491 3807 1614 3856 es'se
1638 3801 1770 3855 vult.
1812 3798 1958 3855 Idem
1994 3815 2063 3855 ex

475 3894 648 3963 prima
681 3893 1076 3949 elementorum
1112 3892 1435 3949 confusione
1474 3901 1746 3948 secretum
1780 3908 1960 3948 aerem
1999 3907 2064 3948 ac

468 3987 682 4043 circum
710 3988 765 4041 in
796 3988 983 4042 orbem
1019 3987 1198 4042 fusum
1244 4002 1369 4043 esse
1400 3987 1477 4041 ait
1506 4005 1520 4041 :
1547 3987 1725 4055 ignem
1754 4002 1883 4042 vero
1908 3994 2061 4057 post-

474 4080 695 4134 modum
724 4080 1087 4147 exsilientcm,
1119 4095 1249 4135 cum
1290 4079 1475 4135 locum
1502 4079 1605 4134 sibi
1639 4079 1806 4133 alium
1840 4094 1950 4133 non
1983 4095 2064 4134 re-

472 4171 695 4240 periret,
731 4186 952 4225 sursum
994 4169 1212 4226 tandem
1243 4169 1484 4225 concreti
1514 4169 1658 4225 aeris
1682 4169 1883 4240 frigore
1905 4184 2060 4225 com-

471 4264 689 4335 pulsum
743 4265 1011 4320 evolasse.
1074 4264 1220 4320 Duos
1274 4273 1538 4334 praeterea
1593 4263 1852 4319 dimidios
1899 4263 2060 4319 orbes

472 4355 620 4411 circa
647 4364 846 4409 terram
876 4356 1129 4411 circulari
1162 4363 1316 4410 motu
1347 4354 1499 4421 ferri,
1534 4354 1765 4409 alterum
1819 4370 1883 4408 ex
1935 4353 2060 4423 igne

2166 3359 2375 3431 ζητεῖν·

2238 3455 2394 3509 Ὅττι
2447 3473 2536 3511 τοι
2583 3457 2656 3512 ἐν
2701 3456 3016 3528 μεγάροισι
3075 3458 3266 3512 κακόν
3296 3458 3381 3599 [τὲ
3401 3458 3626 3527 ἀγαθόν
3693 3474 3759 3512 te

3321 3545 3350 3580 t
3389 3546 3612 3581 τιυιτιιι.

3321 3545 3412 3580 τετ
3424 3547 3492 3581 ιυι
3502 3546 3612 3581 ται.

2239 3639 2259 3674 t
2300 3618 2669 3691 Ἐμπεδοκλῆς
2695 3621 2724 3673 ό
2757 3620 3202 3692 Ἀκραγαντῖνος,
3229 3624 3464 3691 στοιχεῖα
3492 3621 3757 3691 τέσσαρα,

2169 3715 2301 3788 πῦρ,
2330 3716 2492 3789 ὕδωρ,
2516 3712 2735 3794 αἰθέρα,
2758 3719 2921 3786 γαῖαν
2940 3733 2953 3746 ·
2991 3716 3170 3769 αἰτίαν
3194 3716 3250 3769 δὲ
3283 3716 3487 3771 τούτων
3506 3757 3521 3781 ,
3574 3716 3761 3787 φιλίαν

2164 3806 2261 3859 καὶ
2306 3809 2506 3870 νεῖκος.
2568 3806 2662 3858 Ἐκ
2718 3803 2941 3877 πρώτης
2997 3806 3130 3877 φησι
3173 3806 3273 3877 τῆς
3315 3806 3425 3860 τῶν
3478 3807 3760 3877 στοιχείων

2166 3899 2417 3971 κράσεως
2449 3897 2816 3969 ἀποκριθέντα
2849 3898 2939 3952 τὸν
2968 3899 3128 3970 ἀέρα,
3167 3899 3527 3972 περιχυθῆναι
3547 3899 3754 3971 κύκλῳ·

2167 3989 2307 4061 μετά
2338 3990 2395 4043 δὲ
2426 3989 2516 4043 τὸν
2561 3990 2719 4062 ἀέρα,
2754 3989 2817 4042 τὸ
2860 3990 2970 4062 πῦρ
3020 3989 3316 4062 ὲκδραμὸν,
3366 3992 3460 4044 καὶ
3493 3991 3593 4044 οὐκ
3635 3990 3759 4061 ἔχον

2163 4081 2359 4153 ἑτέραν
2393 4079 2600 4153 χώραν,
2624 4081 2736 4134 ἀνω
2761 4083 3043 4152 ἐκτρέχειν
3077 4083 3181 4135 ὑπὸ
3212 4080 3307 4135 τοῦ
3336 4082 3463 4154 περὶ
3496 4082 3588 4136 τὸν
3619 4082 3758 4153 ἀέρα

2162 4174 2359 4243 πάγου.
2399 4171 2553 4227 Εἶναι
2580 4174 2638 4227 δὲ
2684 4174 2870 4245 κύκλῳ
2895 4174 3024 4247 περὶ
3062 4177 3164 4247 τὴν
3203 4175 3306 4246 γῆν
3348 4175 3625 4248 φερόμενα
3663 4174 3759 4230 δύο

2162 4266 2519 4338 ήμισφαίρια,
2541 4265 2605 4319 τὸ
2640 4266 2739 4338 μὲν
2771 4267 3001 4320 καθόλου
3043 4264 3216 4338 πυρὸς
3238 4308 3253 4331 ,
3280 4267 3342 4320 τὸ
3372 4267 3427 4321 δὲ
3457 4268 3647 4340 μικτὸν
3697 4269 3756 4335 ἐξ

2160 4357 2322 4430 ἀέρος
2372 4358 2470 4412 καὶ
2519 4357 2702 4427 ὀλίγου
2760 4358 2969 4431 πυρὸς,
3024 4359 3164 4431 ὅπερ
3221 4359 3392 4414 οἴεται
3441 4359 3541 4431 τὴν
3587 4360 3756 4414 νύκτα

474 4455 672 4511 totum,
705 4447 933 4501 alterum
979 4463 1042 4502 ex
1104 4463 1228 4502 aere
1262 4448 1494 4517 igneque
1538 4447 1758 4501 modico
1794 4456 2061 4516 tempera-

2168 4447 2306 4504 εἶναι
2323 4467 2337 4480 ·
2375 4450 2560 4522 τὴνδὲ
2594 4450 2767 4523 ἀρχὴν
2790 4451 2889 4522 τῆς
2916 4451 3185 4522 κινήσεως
3210 4451 3486 4523 συμϐῆναι
3525 4453 3634 4506 ἀπὸ
3662 4452 3756 4507 τοῦ

472 4545 612 4599 tum,
646 4551 811 4605 quam
843 4537 959 4605 ipse
992 4544 1210 4591 noctem
1236 4551 1357 4591 esse
1387 4535 1685 4590 arbitratur
1711 4555 1724 4589 :
1758 4544 1942 4589 motus
1964 4550 2057 4588 au-

468 4640 580 4686 tem
619 4629 836 4684 initium
866 4645 933 4684 ex
966 4644 1031 4683 eo
1063 4629 1375 4698 contigisse,
1410 4629 1555 4699 quod
1588 4629 1644 4683 in
1682 4628 1787 4684 ista
1816 4628 2058 4682 elemen-

468 4731 651 4779 torum
674 4721 1063 4789 conjunctione
1099 4721 1467 4775 vehementior
1516 4721 1659 4791 ignis
1700 4723 1935 4790 impetus
1960 4735 2058 4774 ex-

470 4813 716 4868 stitisset.
747 4810 869 4866 Jam
923 4827 1052 4867 vero
1100 4812 1271 4866 solem
1324 4821 1515 4867 natura
1555 4828 1656 4867 sua
1708 4829 1817 4866 non
1852 4813 2055 4883 ignem,

470 4906 564 4960 sed
597 4904 738 4976 ignis
768 4904 1114 4959 reflexionem
1142 4920 1300 4970 esse,
1344 4904 1419 4957 illi
1462 4919 1627 4975 quam
1657 4920 1725 4960 ex
1758 4920 1899 4975 aqua
1938 4903 2057 4958 ﬁeri

470 4997 719 5053 videmus
746 4995 1076 5067 persimilem
1104 5014 1116 5050 :
1154 4991 1209 5051 at
1240 4996 1426 5051 lunam
1449 5014 1514 5052 ex
1543 5013 1691 5062 aere,
1720 5012 1880 5067 quem
1913 4996 2055 5065 ignis

472 5088 790 5158 reliquerat,
813 5104 913 5143 sua
944 5098 1137 5158 sponte
1159 5088 1431 5143 coaluisse
1462 5090 1683 5160 (quippe
1712 5089 1854 5145 enim
1886 5105 2020 5158 gran
2040 5118 2055 5131 -

472 5179 620 5234 dinis
647 5178 818 5233 instar
848 5181 1193 5236 concrevisse
1221 5182 1427 5249 aerem)
1452 5199 1467 5248 ;
1492 5182 1676 5235 lumen
1704 5196 1870 5251 porro
1892 5197 2053 5235 suum

470 5270 719 5327 eamdem
749 5287 780 5325 a
811 5273 924 5327 sole
954 5275 1216 5330 mutuari.
1235 5272 1477 5345 Denique
1500 5274 1667 5329 animi
1690 5275 2051 5345 principatum

470 5374 574 5413 nec
614 5359 668 5414 in
692 5361 886 5429 capite,
923 5378 1022 5418 nec
1050 5365 1105 5419 in
1149 5373 1392 5434 pectore,
1424 5367 1517 5419 sed
1546 5365 1599 5419 in
1628 5365 1894 5435 sanguine
1920 5380 2054 5419 con-

2163 4541 2521 4612 τετυχηκέναι
2560 4541 2703 4595 κατά
2743 4541 2834 4595 τὸν
2875 4540 3203 4612 ἀθροισμὸν,
3251 4541 3633 4615 ὲπιϐρίσαντος
3660 4542 3754 4596 τοῦ

2164 4634 2358 4706 πυρός.
2398 4634 2455 4688 '0
2481 4634 2539 4687 δὲ
2577 4632 2730 4705 ἥλιος
2750 4633 2847 4705 τὴν
2874 4632 3037 4703 φύσιν
3061 4634 3161 4688 οὐκ
3184 4633 3297 4687 ἔστι
3329 4635 3459 4706 πῦρ,
3503 4634 3637 4689 ἀλλά
3660 4634 3754 4689 τοῦ

2164 4725 2335 4795 πυρὸς
2361 4725 2782 4792 ἀντανάκλασις,
2814 4725 2977 4795 ὁμοία
3004 4728 3069 4797 τῇ
3110 4726 3201 4795 ἀφ’
3228 4725 3420 4790 ὓδατος
3467 4727 3752 4798 γινομένῃ.

2167 4817 2408 4889 Σελήνην
2434 4818 2490 4872 δέ
2523 4835 2659 4890 φησι
2691 4818 2954 4889 συστῆναι
2980 4817 3103 4871 καθ’
3139 4818 3339 4889 ἑαυτὴν
3373 4820 3437 4871 ὲκ
3480 4818 3575 4871 τοῦ
3621 4820 3756 4873 ἀπο-

2161 4908 2470 4979 λειφθέντος
2500 4909 2662 4981 ἀέρος
2689 4908 2797 4963 ὑπὸ
2834 4908 2928 4963 τοῦ
2958 4910 3130 4982 πυρός
3154 4927 3167 4940 ·
3203 4909 3391 4965 τοῦτον
3427 4910 3536 4982 γὰρ
3570 4911 3754 4981 παγῆ-

2161 5020 2271 5067 ναι,
2316 5003 2569 5075 καθάπερ
2601 5003 2695 5057 καὶ
2742 5003 2840 5075 τὴν
2892 5002 3170 5074 χάλαζαν·
3219 5003 3279 5056 τὸ
3310 5003 3367 5056 δὲ
3417 5003 3533 5073 φῶς
3582 5005 3755 5074 αὐτὴν

2162 5097 2312 5165 σχεῖν
2368 5095 2475 5149 ἀπὸ
2509 5094 2601 5149 τοῦ
2638 5095 2811 5166 ἡλίου.
2864 5094 2939 5148 Τὸ
2997 5095 3055 5149 δὲ
3102 5094 3427 5166 ἡγεμονικὸν
3464 5096 3594 5165 (20),
3629 5095 3754 5148 οὔτε

2162 5186 2222 5240 ὲν
2263 5186 2505 5258 κεφαλῇ,
2541 5185 2667 5241 οὔτε
2717 5189 2777 5241 ὲν
2828 5185 3039 5260 θώρακι
3063 5227 3079 5252 ,
3118 5187 3233 5240 ἀλλ’
3277 5187 3335 5239 ὲν
3382 5188 3593 5257 αἵματι·
3630 5185 3755 5240 ὅθεν

2156 5277 2278 5331 καθ’
2321 5279 2349 5332 ὃ
2382 5296 2434 5332 τι
2455 5278 2521 5333 ἂν
2552 5280 2716 5352 μέρος
2746 5277 2840 5333 τοῦ
2877 5277 3129 5350 σώματος
3163 5276 3395 5352 πλεῖονῇ
3426 5295 3751 5351 παρεσπαρ-

2157 5371 2319 5440 μένον
2367 5371 2428 5425 τὸ
2466 5371 2814 5443 ἡγεμονικὸν,
2862 5370 3034 5427 οἴεται
3069 5372 3191 5426 κατ’
3245 5373 3422 5426 έκεῖνο
3447 5374 3751 5447 ⁵προτερεῖν

471 5453 685 5518 stituit;
734 5452 964 5522 ideoque
1007 5470 1114 5525 qua
1142 5468 1297 5526 parte
1323 5457 1573 5525 corporis
1611 5456 1844 5511 diffusus
1873 5459 2050 5528 magis

2166 5461 2281 5525 τοὺς
2311 5460 2652 5534 ἀνθρώπους.

475 5544 701 5615 sanguis
744 5545 834 5602 ille
874 5545 1053 5613 fuerit,
1089 5550 1277 5605 eadem
1311 5551 1564 5608 homines
1602 5563 1867 5623 praestare
1912 5554 2230 5611 arbitratur.

539 5658 674 5727 (19‘)
704 5662 807 5731 Δή.
837 5662 999 5719 Forte
1029 5664 1102 5717 δέ.
1132 5660 1292 5718 Enn.

546 5732 656 5799 (ιω)
699 5731 827 5811 Pro_
863 5734 1221 5811 ἡγεμονικόν,
1274 5738 1559 5811 legendum
1612 5741 1844 5805 videtur,
1890 5737 2046 5811 αἷμα.

474 5795 609 5855 Nam
642 5795 828 5857 animi
875 5795 1237 5876 principatum
1275 5795 1627 5879 Empedocles
1675 5795 1753 5869 in”
1785 5795 2051 5886 sanguine

2157 5675 2481 5748 collocabat,
2515 5678 2751 5748 indeque
2771 5679 3014 5747 opinioni
3048 5695 3160 5736 suae
3190 5680 3352 5735 ﬁdem
3385 5678 3742 5747 conciliabat,

2157 5747 2340 5873 qgtuld
2357 5766 2419 5801 ea
2480 5747 2928 5820 parte’honiincs
2976 5760 3299 5821 praes'arent
3328 5767 3451 5826 quae
3481 5750 3752 5823 sanguine

2160 5833 2189 5870 a
2235 5833 2304 5872 un
2349 5828 2480 5873 aret.

2160 5828 2480 5874 abundaret.
