4154 6416
434 369 497 423 Ol

1604 349 1928 409 PREPAR.
1964 349 2215 406 EVANG.
2258 347 2387 402 LIB.
2429 346 2473 401 1.

3638 334 3712 390 δι’.

504 503 522 534 ‹
545 480 904 553 Μητρόδωρος
924 481 954 532 ὁ
969 477 1117 541 Χῖος,
1134 476 1303 531 ἀΐδιον
1322 470 1459 527 εἷναί
1479 487 1612 541 φησι
1630 472 1694 522 τὸ
1716 469 1846 530 πᾶν,
1862 467 1944 519 ὅτι
1966 467 2028 517 εί·
2045 498 2056 526 λ

2194 481 2214 514 ι
2246 463 2584 517 Metrodorus
2609 460 2780 517 Chius
2831 465 3224 529 sempiternum
3259 448 3393 508 'esse
3433 450 3542 504 hoc
3587 449 3712 502 uni-

427 570 496 647 ἦν
521 573 767 645 γενητὸν,
793 575 857 626 ὲκ
881 571 975 624 τοῦ
1005 572 1079 641 μὴ
1119 569 1271 632 ὄντος
1304 566 1369 620 ἂν
1421 560 1510 636 ἦν·
1561 562 1788 633 ἄπειρον
1828 559 1907 621 δὲ,
1939 560 2024 611 ὃτι

430 668 618 726 ἀΐδιον.
653 664 715 718 ού
735 664 846 735 γὰρ
880 663 1022 733 ἔχειν
1055 661 1252 732 ἀρχὴν,
1281 657 1403 711 ὅθεν
1425 653 1648 727 ἤρξατο,
1670 652 1793 706 οὐδε
1826 651 2022 722 πέρας,

431 758 548 813 οὐδὲ
565 759 820 829 τελευτήν
836 774 851 787 ’
868 756 981 810 ἀλλ’
997 754 1117 808 οὐδὲ
1149 754 1417 821 κινήσεως
1442 747 1690 818 μετέχειν
1711 744 1773 797 τὸ
1790 746 1917 807 πᾶν,
1943 760 2028 796 κι-

428 851 638 907 νεῖσθαι
664 850 774 922 γὰρ
794 848 1072 909 ἀδύνατον,
1101 846 1177 917 μὴ
1206 841 1633 915 μεθιστάμενον·
1667 834 2023 908 μεθίστασθαι

430 939 489 994 δὲ
520 940 818 1008 ἀναγκαῖον
846 939 963 1009 ἦτοι
1001 939 1081 1000 είς
1109 936 1336 1005 πλῆρες,
1381 932 1414 1002 ἦ
1456 933 1537 994 είς
1568 929 1751 984 κενόν.
1781 926 2026 980 Πυκνού-

436 1046 594 1100 μενον
638 1029 695 1082 δὲ
734 1029 829 1081 τὸν
872 1026 1065 1098 αἰθέρα
1119 1027 1295 1078 ποιεῖν
1341 1021 1592 1091 νεφέλας,
1634 1014 1754 1073 εἶτα
1797 1016 1967 1089 ὕδωρ,
1996 1014 2027 1068 ὃ

433 1123 529 1174 καὶ
560 1121 747 1175 κατιδν
780 1122 873 1173 ἐπὶ
904 1118 997 1171 τὸν
1022 1116 1194 1188 ἥλιον,
1240 1112 1525 1167 σϐεννύναι
1564 1110 1727 1165 αὐτόν
1751 1127 1766 1140 ·
1795 1109 1890 1161 καὶ
1923 1107 2028 1161 πά-

431 1212 515 1265 λιν
548 1211 906 1284 ἀραιούμενον
935 1206 1282 1274 ἐξάπτεσθαι·
1307 1205 1486 1275 χρόνῳ
1512 1203 1588 1267 δὲ,
1623 1191 2029 1273 πήγνυσθαιτῷ

433 1305 585 1378 ξηρῷ
606 1306 698 1359 τὸν
728 1305 900 1377 ἣλιον,
946 1305 1039 1357 καὶ
1079 1303 1251 1355 ποιεῖν
1289 1301 1355 1352 ὲκ
1391 1296 1486 1350 τοῦ
1533 1292 1789 1366 λαμπροῦ
1837 1292 2026 1354 ὓδατος

434 1398 691 1470 ἀστέρας,
725 1397 897 1452 νύκτα
937 1413 997 1448 τε
1046 1394 1142 1447 καὶ
1174 1390 1389 1463 ἡμέραν
1422 1390 1488 1441 ὲκ
1519 1388 1619 1457 τῆς
1660 1385 1898 1447 σϐέσεως
1929 1383 2027 1437 καὶ

436 1490 701 1561 ἐξάψεως,
726 1491 822 1545 καὶ
851 1488 1079 1543 καθόλου
1111 1485 1211 1550 τὰς
1244 1482 1517 1553 ἐκλείψεις
1544 1478 1841 1534 ἀποτελεῖν.

2123 571 2345 610 versum
2378 554 2651 619 affirmat,
2687 560 2968 623 propterea
3020 546 3168 618 quod
3208 544 3253 601 si
3283 541 3523 614 genitum
3575 537 3709 592 illud

2124 655 2290 711 esset,
2310 646 2418 716 25
2429 662 2494 700 ex
2511 661 2599 711 eo,
2622 643 2769 716 quod
2789 657 3059 713 nusquam
3077 646 3182 701 est,
3208 635 3450 708 genitum
3468 631 3664 686 fuisset
3692 644 3709 682 :

2127 739 2388 808 quoniam
2421 747 2604 792 autem
2639 735 3030 806 sempiternum
3059 731 3166 792 sit,
3206 727 3480 782 infinitum
3507 722 3715 793 pariter

2125 846 2267 894 esse,
2301 838 2488 898 utpote
2512 827 2660 899 quod
2697 840 2876 896 neque
2902 822 3252 895 principium,
3275 817 3421 873 unde
3446 812 3674 883 cmperit
3692 849 3713 878 ,

2126 938 2229 978 nec
2257 922 2550 976 terminum
2581 929 2677 973 aut
2728 918 2891 972 linem
2928 917 3124 971 haheat
3159 931 3173 966 :
3203 913 3315 965 imo
3336 951 3351 974 ,
3406 922 3474 961 ne
3507 900 3715 959 moveri

2126 1015 2346 1086 quidem
2378 1014 2726 1078 universum;
2768 1025 2869 1065 nec
2917 1008 3060 1064 enim
3093 1003 3224 1059 illud
3260 999 3465 1057 moveri
3503 1010 3670 1067 posse
3693 1033 3708 1053 .

2127 1107 2236 1162 nisi
2266 1107 2375 1161 alio
2403 1105 2600 1175 migret
2624 1121 2641 1166 ς
2684 1115 2910 1157 necesse
2938 1108 3121 1154 autem
3142 1109 3265 1151 esse
3288 1091 3373 1146 vel
3405 1090 3460 1144 in
3492 1088 3714 1158 plenum

2130 1199 2386 1269 migrare,
2403 1198 2488 1251 vel
2519 1199 2572 1250 in
2597 1208 2853 1250 vacuum.
2880 1190 3149 1245 Praeterea
3169 1203 3237 1242 ex
3263 1199 3386 1240 aere
3411 1179 3719 1247 constipata

2130 1292 2307 1346 nubes
2339 1291 2612 1359 primum,
2666 1285 2865 1341 deinde
2916 1297 3115 1351 aquam
3171 1274 3475 1349 procreari,
3509 1269 3719 1342 quaain

2132 1382 2303 1438 solem
2330 1362 2596 1443 defluens,
2625 1377 2801 1447 ipsius
2838 1374 3014 1445 ignem
3048 1371 3382 1439 exstinguat,
3414 1365 3506 1436 qui
3536 1373 3721 1417 tamen

2131 1474 2314 1529 denuo
2374 1471 2704 1526 succedente
2764 1467 2985 1521 raritate
3038 1462 3390 1518 accendatur.
3454 1454 3723 1509 Eumdem

436 1597 604 1655 porro
638 1581 832 1645 solem,
862 1591 1156 1649 progressu
1212 1572 1475 1643 temporis
1522 1569 1768 1625 siccitate
1813 1577 2168 1621 concrescere
2200 1604 2216 1629 ,
2276 1575 2341 1616 ac
2397 1562 2584 1617 stellas
2651 1559 2869 1630 quidem
2911 1572 2979 1612 ex
3026 1552 3254 1624 limpida
3319 1557 3375 1605 et
3419 1542 3725 1619 splendenti

437 1691 581 1746 aqua
632 1688 915 1746 generare,
960 1680 1177 1727 noctem
1229 1682 1359 1722 vero
1395 1664 1560 1721 simul
1601 1672 1766 1734 atque
1804 1662 1949 1717 diem
2015 1674 2085 1716 ex
2120 1667 2315 1713 mutua
2353 1657 2445 1712 illa
2485 1671 2609 1711 cum
2662 1653 3026 1710 exstinctione
3070 1659 3187 1705 tum
3259 1644 3723 1709 inﬂammatione,

436 1782 737 1838 omnesque
763 1765 988 1821 omnino
1018 1760 1376 1817 defectiones
1405 1759 1593 1813 eadem
1629 1756 1842 1810 ratione
1865 1750 2156 1822 complere.

515 1882 535 1915 ι
577 1834 834 1933 Διογένης
863 1863 891 1915 ὁ
932 1858 1386 1927 Ἀπολλωνιάτης,
1408 1855 1562 1926 ιάέρα
1580 1852 1871 1923 ὑφίσταται
1896 1866 2036 1902 στοι-

2211 1865 2233 1900 ί
2265 1846 2533 1917 Diogenes
2570 1844 2916 1915 Apolloniata
2961 1856 3144 1898 aerem
3171 1838 3503 1895 elementum
3536 1834 3687 1904 ponit
3707 1873 3727 1902 ,

436 1956 617 2029 χεῖονο
646 1952 914 2008 κινεῖσθαι
938 1951 994 2005 δὲ
1019 1952 1088 2004 τά
1117 1948 1315 2012 πάντα,
1352 1946 1614 2019 ἀπείρους
1645 1963 1704 1999 τε
1736 1939 1879 2000 εἶναι
1908 1943 2035 2006 τοὺς

437 2048 712 2119 κόσμους*
745 2045 1065 2116 κοσμοποιεῖ
1095 2043 1152 2096 δὲ
1188 2040 1361 2104 οὕτως
1384 2057 1398 2072 ο
1445 2040 1527 2092 ὅτι
1565 2036 1657 2092 τοῦ
1705 2036 1909 2099 παντὸς
1951 2051 2037 2088 κι-

437 2139 726 2211 νουμένου,
762 2138 855 2191 καὶ
958 2136 1058 2206 μὲν
1088 2132 1303 2204 ἀραιοῦ,
1400 2130 1456 2184 δὲ
1492 2128 1696 2183 πυκνοῦ
1724 2126 2032 2198 γινομένου,

437 2231 576 2286 ὅπου
603 2230 939 2300 συνεκύρησε
965 2227 1025 2280 τὸ
1061 2225 1285 2288 πυκνὸν,
1322 2222 1631 2294 συστροφὴν
1662 2220 1906 2291 ποιῆσαι,
1938 2216 2037 2271 καλ⁹

439 2321 585 2377 οὕτω
615 2321 686 2375 τά
718 2318 899 2383 λοιπὰ,
932 2318 1072 2371 κατά
1098 2316 1190 2369 τὸν
1223 2314 1385 2369 αὐτὸν
1412 2314 1592 2380 λόγον,
1624 2310 1693 2366 τὰ
1726 2310 2036 2380 κουφότατα

442 2414 541 2486 τὴν
565 2414 679 2468 ἄνω
709 2412 863 2480 τάξιν
887 2410 1144 2469 λαϐόντα,
1169 2407 1260 2462 τὸν
1284 2407 1436 2479 ἥλιον
1468 2405 1814 2461 ἀποτελέσαι.
1856 2422 1876 2455 ι

507 2669 750 2741 Τοιαύτη
784 2670 877 2724 καὶ
908 2666 1017 2722 τῶν
1050 2665 1343 2736 πανσόφων
1376 2664 1674 2736 Ἑλλήνων,
1708 2661 1817 2716 τῶν
1842 2660 1907 2732 δὴ
1940 2676 2041 2729 φυο

443 2763 612 2819 σικῶν
643 2762 950 2833 φιλοσόφων
981 2758 1412 2830 ἐπικληθέντων,
1434 2758 1468 2828 ἡ
1520 2754 1652 2828 περὶ
1694 2754 1795 2825 τῆς
1841 2751 2040 2805 συστά-

443 2874 582 2922 σεως
612 2855 708 2910 τοῦ
753 2854 974 2918 παντὸς,
1010 2853 1107 2907 καὶ
1139 2852 1239 2923 τῆς
1272 2849 1498 2922 πρώτης
1538 2846 1904 2918 κοσμογονίας
1930 2844 2043 2898 διά-

442 2949 625 3021 ληψις,
658 2949 720 3001 οὑ
747 2945 1098 3018 δημιουργὸν,
1134 2944 1168 3017 ἢ
1201 2944 1431 3015 ποιητήν
1460 2957 1583 2995 τινα
1604 2940 1715 2992 τῶν
1745 2938 1884 2992 ὅλων
1905 2936 2041 2989 ὑπο-

450 3041 823 3114 στησαμένων,
851 3039 965 3093 ἀλλ’
997 3038 1107 3092 οὐδ’
1140 3036 1278 3099 ὅλως
1308 3033 1445 3088 Θεοῦ
1482 3033 1706 3103 μνήμην
1740 3027 2045 3100 ποιησαμέ-

410 3148 413 3153 ·
449 3151 555 3188 νων
574 3151 589 3166 ’
626 3133 761 3206 μόνῃ
792 3131 848 3185 δὲ
880 3133 948 3201 τῇ
994 3127 1177 3199 ἀλόγῳ
1223 3126 1366 3197 φορᾷ
1398 3126 1492 3177 καὶ
1534 3126 1601 3193 τῇ
1634 3120 1927 3191 αὐτομάτῳ
1959 3136 2045 3172 κιο

450 3228 602 3297 νησει
801 3196 983 3276 αίτίαν
1030 3217 1127 3272 τοῦ
1149 3196 1377 3278 *παντὸς
1425 3211 1876 3283 ἀνατεθειμένων.
1906 3210 2044 3262 Τοσ-
2072 3196 2115 3253 C

450 3315 590 3387 αύτη
620 3316 677 3369 δὲ
701 3313 882 3368 αὐτῶν
916 3312 1015 3366 καὶ
1058 3311 1093 3382 ἡ
1141 3309 1281 3381 πρὸς
1313 3306 1577 3378 ἀλλήλους
1620 3303 1954 3373 ἐναντιότης,
1989 3303 2048 3355 ὲν
2092 3320 2101 3325 θ

453 3407 554 3481 μὲν
585 3406 761 3460 οὐδενὶ
786 3403 1035 3476 ἀλλήλοις
1067 3397 1608 3471 συμπεφωνηκότων,
1645 3395 1827 3466 μάχης
1866 3393 1926 3447 δὲ
1956 3394 2049 3448 καὶ

450 3499 785 3571 ἀντιφωνίας
834 3496 903 3551 τὰ
956 3495 1137 3549 πάντα
1179 3489 1727 3562 ἀναπεπληρωκότων
1746 3505 1759 3518 ο
1801 3486 1924 3541 ὅθεν
1954 3486 2051 3540 καὶ

451 3597 481 3648 ό
523 3592 827 3664 θαυμάσιος
866 3589 1188 3660 Σωκράτης,
1222 3585 1473 3639 τουτουσὶ
1515 3581 1725 3644 πάντας
1754 3579 2052 3652 μωραίνον-

452 3703 553 3749 τας
585 3684 884 3756 ἀπήλεγχε,
919 3681 1013 3735 καὶ
1046 3677 1390 3751 μαινομένων
1419 3676 1542 3730 κατ’
1565 3674 1716 3729 οὐδὲν
1747 3673 1900 3740 ἔλεγε
1933 3673 2051 3726 δια-

455 3778 667 3849 φέρειν,
702 3778 751 3829 εί
774 3774 837 3846 δή
863 3790 945 3827 σοι
982 3771 1191 3845 μάρτυς
1212 3768 1510 3840 ἀξιόχρεως
1533 3765 1783 3836 Ξενοφῶν
1804 3768 1862 3819 ὲν
1901 3766 2055 3819 Ἄπο-
2097 3768 2101 3775 ’

456 3867 934 3941 μνημονεύμασι,
967 3864 1144 3932 λέγων
1190 3860 1392 3924 οὕτως·
1438 3878 1457 3911 ι
1500 3858 1689 3923 Οὐδεὶς
1735 3857 1795 3911 δὲ
1834 3856 2053 3911 πώποτε

457 3960 784 4032 Σωκράτους
813 3957 959 4011 οὐδὲν
998 3952 1213 4017 ἀσεϐὲς,
1242 3955 1416 4027 οὐδὲν,
1441 3952 1674 4016 ἀνόσιον,
1710 3951 1836 4005 οὔτε
1876 3952 2054 4022 πράτ-

457 4069 644 4114 τοντος
674 4045 833 4114 εἶδεν,
867 4047 991 4103 οὔτε
1028 4048 1278 4116 λέγοντος
1321 4046 1584 4117 ἧκουσεψ
1620 4044 1742 4098 οὐδὲ
1779 4044 1887 4116 γὰρ
1927 4043 2057 4115 περὶ¹

458 4145 563 4215 τῆς
588 4142 844 4197 ἁπάντων
880 4140 1113 4211 φύσεως,
1140 4138 1174 4209 ἢ
1208 4137 1337 4209 περὶ
1362 4135 1468 4190 τῶν
1500 4136 1698 4200 ἄλλων,
1725 4135 1801 4199 ὡς
1825 4137 1874 4188 οἱ
1906 4134 2059 4188 πλεῖ-

464 4253 580 4297 στοι
628 4233 764 4305 (21),
812 4231 1101 4300 διελέγετο,
1154 4228 1376 4282 σκοπῶν
1432 4228 1581 4292 ὅπως
1636 4228 1663 4281 ό
1723 4226 2059 4298 καλούμενος

462 4329 570 4383 ὑπὸ
610 4325 720 4379 τῶν
756 4324 1025 4393 σοφιστῶν
1068 4323 1275 4393 κόσμος
1312 4319 1446 4391 ἔχει,
1483 4320 1580 4374 καὶ
1613 4319 1752 4373 τίσιν
1792 4318 2059 4387 ἀνάγκαις

462 4421 670 4474 ἕκαστα
696 4419 942 4487 γίγνεται
974 4414 1082 4470 τῶν
1108 4416 1168 4468 ού
1180 4413 1409 4486 ρανίωνο
1437 4411 1576 4466 ἀλλὰ
1610 4411 1703 4465 καὶ
1740 4409 1869 4474 τοὺς
1898 4425 2062 4481 φρον-

2133 1940 2343 1994 moveri
2362 1949 2542 1994 autem
2574 1938 2855 2000 universa,
2881 1935 3194 1991 etintinitos
3221 1946 3344 1986 esse
3376 1928 3614 1984 mundos
3644 1924 3726 1982 af-

2133 2031 2339 2088 ﬁrmat.
2371 2031 2639 2086 Caeterum
2671 2028 2945 2101 ejusmodi
2980 2025 3218 2082 somniat
3253 2036 3444 2077 eorum
3492 2017 3730 2074 molitio-

2134 2138 2286 2186 nem,
2316 2122 2525 2177 scilicet
2554 2136 2679 2177 cum
2710 2120 3031 2175 universum
3078 2118 3151 2171 ita
3186 2122 3518 2174 moveretur,
3553 2119 3615 2166 ut
3638 2125 3731 2164 ra-

2134 2214 2254 2269 rius
2284 2214 2392 2279 hic,
2424 2213 2552 2269 alibi
2580 2212 2805 2268 densius
2834 2212 3010 2273 ﬁeret,
3054 2209 3370 2277 ubicunque
3401 2204 3578 2274 major
3599 2203 3732 2258 den-

2136 2304 2271 2360 sitas
2299 2305 2636 2374 contingeret
2656 2344 2669 2369 ,
2706 2303 2780 2358 ibi
2806 2302 3250 2359 convolutionem
3274 2298 3568 2371 quamdam
3600 2294 3732 2351 etfu-

2137 2396 2304 2461 cisse,
2327 2406 2443 2452 tum
2472 2397 2707 2453 similem
2745 2397 2800 2450 in
2834 2395 3058 2450 modum
3094 2401 3292 2449 caetera
3323 2410 3336 2446 :
3390 2404 3514 2461 quae
3544 2396 3729 2443 autem

2138 2484 2386 2540 omnium
2432 2483 2725 2539 levissimae
2775 2490 2960 2553 partes
3001 2488 3203 2545 essent,
3231 2494 3326 2535 eas
3384 2477 3608 2549 regione
3637 2491 3733 2532 su-

2138 2577 2339 2649 periori
2368 2584 2633 2645 occupata
2668 2574 2838 2630 solem
2865 2571 3212 2644 produxisse.
3251 2590 3270 2624 ι

2211 2668 2363 2723 Talis
2407 2682 2538 2736 ergo
2584 2665 2689 2720 fuit
2738 2663 3272 2734 sapientissimorum
3308 2661 3474 2716 etiam
3510 2656 3736 2714 Graeciae

2140 2761 2620 2831 philosophorum,
2648 2772 2840 2813 eorum
2864 2757 3056 2812 saltem
3087 2755 3180 2825 qui
3206 2753 3418 2825 physici
3452 2751 3730 2806 vocaban-

2142 2863 2233 2909 tur
2262 2853 2328 2907 de
2356 2851 2599 2906 universi
2651 2849 3063 2914 constitutione,
3087 2848 3266 2916 deque
3313 2847 3491 2916 prima
3542 2841 3736 2897 mundi

2142 2943 2522 3014 procreatione
2544 2940 2865 3010 disputatio,
2898 2939 2951 2992 in
2976 2953 3085 3007 qua
3112 2937 3324 2992 nullum
3351 2936 3731 2998 architectum,

2143 3034 2354 3089 nullum
2373 3048 2555 3086 rerum
2574 3030 2822 3083 omnium
2848 3028 3159 3083 eﬂ‘ectorcm
3186 3036 3511 3097 posuerunt,
3535 3026 3645 3079 imo
3669 3040 3738 3079 ne

2149 3124 2244 3180 Dei
2277 3124 2499 3195 quidem
2547 3121 2880 3176 mentionem
2912 3119 3081 3174 ullam
3113 3118 3363 3173 fecerunt
3389 3135 3404 3184 ;
3441 3116 3537 3172 sed
3568 3128 3739 3171 teme-

2149 3216 2312 3271 rariae
2357 3214 2574 3270 cuidam
2635 3210 2943 3282 agitationi,
2977 3225 3042 3266 ac
3101 3208 3330 3265 fortuito
3365 3209 3528 3279 plane
3563 3206 3739 3262 motui

2150 3307 2316 3378 hujus
2341 3304 2718 3362 universitatis
2763 3317 2988 3357 causam
3020 3303 3394 3373 assignarunt.
3456 3300 3537 3357 Ac
3586 3308 3742 3356 tanta

2150 3402 2369 3474 quidem
2399 3414 2590 3455 eorum
2617 3404 2701 3453 est
2736 3397 2877 3451 inter
2903 3410 3026 3453 sese
3066 3396 3378 3460 dissensio,
3431 3403 3496 3449 ut
3547 3392 3742 3448 eadem

2150 3496 2301 3551 nulla
2333 3509 2561 3565 prorsus
2606 3494 2661 3549 in
2710 3509 2770 3548 re
2803 3490 3232 3562 pronuntiarint,
3262 3488 3359 3543 sed
3395 3484 3744 3541 contentione

2152 3604 2217 3644 ac
2258 3588 2651 3644 sententiarum
2708 3586 3022 3641 diversitate
3073 3581 3259 3638 omnia
3327 3578 3742 3649 compleverint.

2151 3680 2340 3752 Itaque
2376 3678 2652 3744 Socrates,
2679 3679 2765 3733 vir
2792 3678 2882 3733 ille
2910 3674 3206 3747 singularis
3233 3680 3289 3728 et
3316 3671 3578 3735 eximius,
3607 3671 3745 3725 istos

2153 3786 2346 3827 omnes
2374 3770 2665 3826 vaticinari
2699 3768 3059 3833 ostendebat,
3101 3764 3349 3835 nihilque
3398 3763 3627 3820 omnino
3676 3760 3747 3815 ab

2154 3865 2370 3920 insanis
2397 3879 2461 3918 ac
2496 3861 2721 3918 furiosis
2767 3861 3101 3931 discrepare,
3133 3856 3180 3912 si
3213 3854 3635 3926 Xenophontem
3686 3857 3748 3905 ut

2155 3960 2379 4029 dignum
2418 3959 2523 4011 ﬁde
2549 3966 2741 4012 testem
2774 3954 3084 4009 audiamus.
3121 3950 3214 4007 Sic
3253 3950 3400 4005 enim
3448 3948 3502 4001 in
3546 3945 3749 4000 Memo-

2157 4051 2414 4105 rabilibus
2450 4048 2564 4117 ipse
2592 4046 2879 4117 loquitur:
2919 4062 2938 4095 ι
2964 4042 3246 4098 Socratem
3282 4055 3409 4095 vero
3434 4038 3619 4093 nullus
3645 4052 3750 4090 un-

2158 4157 2322 4213 quam
2354 4138 2507 4208 impii
2543 4137 2842 4207 quidquam
2878 4143 3043 4203 atque
3073 4130 3269 4186 nefarii
3295 4138 3391 4184 aut
3416 4129 3551 4183 vidit
3583 4142 3750 4196 agen-

2159 4240 2290 4297 tem,
2326 4237 2421 4283 aut
2465 4228 2776 4296 loquentem
2830 4223 3057 4277 audivit.
3095 4219 3283 4290 Neque
3331 4219 3478 4273 enim
3527 4217 3593 4271 de
3626 4216 3750 4270 uui-

2162 4323 2300 4377 versi
2332 4328 2547 4382 natura,
2576 4313 3036 4388 quemadmodum
3077 4312 3325 4383 plerique
3350 4308 3535 4379 vulgo,
3562 4307 3751 4377 dispu-

2163 4417 2331 4483 tabat,
2356 4414 2438 4469 sic
2478 4412 2768 4475 nimirum,
2803 4416 2863 4463 ut
2899 4423 3010 4477 quo
3037 4415 3197 4477 pacto
3227 4419 3348 4460 sese
3397 4403 3487 4459 hic
3532 4402 3751 4466 habeat,

464 4512 712 4577 τίζοντας
742 4509 814 4563 τὰ
849 4507 1093 4571 τοιαῦτα,
1120 4505 1495 4579 μωραίνοντας
1514 4490 1858 4559 ἀπεδείκνυε.
1883 4521 1902 4554 ι
1948 4503 2056 4556 Καὶ

2164 4511 2313 4581 quia
2367 4505 2738 4576 sophistarum
2773 4500 2996 4556 natione
3057 4497 3297 4554 mundus
3337 4504 3599 4559 vocatur,
3657 4499 3754 4548 aut

466 4605 710 4674 ἐπιλέγει
737 4603 894 4672 ἑξῆςο
933 4620 953 4654 ι
1006 4595 1315 4670 Ἐθαύμαζε
1369 4596 1448 4661 δὲ,
1500 4596 1548 4649 εἰ
1583 4595 1657 4667 μὴ
1686 4593 1921 4664 φανερὸν
1958 4594 2059 4646 αὐ-

466 4700 580 4762 τοῖς
605 4700 775 4761 ἐστιν,
810 4697 892 4749 ὅτι
935 4693 1110 4748 ταῦτα
1152 4690 1412 4746 ἀδύνατόν
1440 4692 1588 4743 ἐστιν
1629 4687 1938 4760 ἀνθρώποις
1971 4687 2062 4739 εύ-

472 4791 618 4861 ρεῖν·
653 4787 777 4841 ἐπεὶ
814 4785 909 4840 καὶ
954 4784 1081 4847 τοὺς
1115 4783 1184 4835 τά
1218 4780 1451 4854 μέγιστα
1488 4770 1819 4851 φρονοῦντας
1864 4779 1955 4831 ἐπὶ
1984 4776 2062 4849 τῷ

474 4882 601 4954 περὶ
630 4881 833 4935 τούτων
864 4878 1063 4949 λέγειν,
1096 4877 1156 4930 οὐ
1192 4875 1263 4930 τά
1311 4871 1453 4928 αὐτά
1493 4870 1737 4939 δοξάζειν
1784 4862 2095 4942 ἀλλήλοις(

472 4974 608 5028 ἀλλά
631 4976 742 5038 τοῖς
779 4969 1124 5044 μαινομένοις
1154 4967 1355 5039 ὁμοίως
1392 4965 1698 5021 διακεῖσθαι
1732 4965 1868 5037 πρὸς
1901 4961 2053 5032 ἀλλήο

473 5070 618 5134 λους.
644 5067 765 5120 Τῶν
785 5083 846 5120 τε
869 5063 980 5137 γὰρ
1003 5058 1364 5135 μαινομένων,
1388 5058 1518 5121 τοὺς
1540 5056 1637 5128 μὲν
1665 5055 1787 5110 οὐδὲ
1811 5055 1882 5109 τά
1911 5052 2064 5108 δεινά
2088 5054 2091 5057 ’

473 5159 701 5215 δεδιέναι
720 5174 733 5188 ο
768 5157 895 5219 τοὺς
925 5154 1004 5219 δὲ,
1037 5151 1108 5206 τὰ
1156 5152 1231 5224 μὴ
1278 5148 1487 5223 φοϐερά
1514 5146 1799 5218 φοϐεῖσθαι
1818 5162 1832 5177 ο
1861 5145 1971 5199 τῶν
2010 5162 2068 5198 τε

476 5251 605 5321 περὶ
631 5249 728 5321 τῆς
762 5247 979 5303 πάντων
1012 5223 1228 5318 ῥήσεως
1259 5239 1670 5315 μεριμνώντων,
1704 5223 1950 5309 τοῖς’μὲν
1976 5225 2088 5290 δοέ

476 5344 594 5397 κεῖν
617 5342 675 5395 ἓν
712 5340 870 5412 μόνον
901 5337 962 5392 τὸ
989 5336 1049 5391 ὃν
1079 5331 1238 5401 εἶναι,
1284 5336 1395 5398 τοῖς
1419 5333 1475 5386 δὲ
1500 5332 1704 5403 ἄπειρα
1732 5329 1794 5383 τὺ
1824 5327 2063 5399 πλῆθος

478 5435 575 5486 καὶ
606 5436 718 5497 τοῖς
764 5431 862 5503 μὲν
916 5430 1003 5484 ἀεὶ
1048 5428 1230 5482 πάντα
1281 5414 1567 5489 κινεῖσθαι,
1597 5424 1712 5487 τοῖς
1738 5422 1796 5476 δὲ
1838 5421 1947 5476 οὐδ’
2001 5420 2067 5477 ἄν

481 5541 612 5579 ποτε
637 5524 923 5593 κινηθῆναι
939 5539 955 5553 ·
984 5522 1214 5585 καὶτοῖς
1246 5518 1343 5591 μὲν
1370 5518 1587 5574 ἄπαντα
1607 5514 1855 5585 γίνεσθαί
1879 5531 1941 5568 τε
1973 5513 2089 5581 καὶ,

555 5661 782 5734 (eum
814 5658 950 5734 περι
974 5655 1468 5734 mammatae
1496 5657 1549 5709 οἱ
1573 5651 2069 5734 πέεξσιςοωΑρυς
2121 5623 2129 5630 ’

482 5715 834 5801 Kenophont.
854 5797 865 5801 Α
886 5715 985 5785 lib.
1016 5745 1045 5782 r
1065 5715 1423 5801 MgnzprabiL,
1443 5715 1740 5801 ’μεθ-711),
1780 5715 1997 5792 legitur,

487 5785 615 5875 περὶ
643 5785 748 5857 τῶν
787 5797 961 5854 ἄλλων
996 5801 1045 5853 οἱ
1091 5797 1353 5865 πλεῖστοι,
1387 5785 1561 5868 quid;
1589 5785 1874 5853 lectiunem
1905 5785 2065 5849 seculi

2166 4618 2274 4674 qua
2306 4601 2400 4656 fati
2439 4615 2503 4654 ac
2537 4597 2879 4654 necessitatis
2928 4594 2983 4648 vi
3037 4592 3330 4664 cujuslibet
3376 4591 3454 4645 rei
3510 4586 3754 4644 (scelestis

2167 4695 2307 4750 ratio
2339 4698 2626 4756 teneatur,
2671 4688 3050 4758 investigaret;
3103 4685 3199 4740 sed
3256 4697 3352 4738 eos
3393 4679 3609 4750 potius,
3657 4676 3755 4748 qui

2168 4800 2340 4856 genus
2372 4783 2478 4836 hoc
2504 4796 2688 4836 rerum
2716 4777 2987 4835 curiosius
3031 4776 3341 4846 agitarent,
3390 4769 3636 4824 insanire
3665 4768 3757 4824 de-

2168 4872 2532 4930 monstrabat.
2566 4890 2584 4924 t
2628 4869 2836 4937 Quibus
2874 4867 3133 4938 261mm
3182 4861 3463 4932 subiungit
3495 4879 3510 4914 :
3564 4876 3585 4911 ι
3623 4856 3757 4914 Per-

2168 4966 2369 5020 mirum
2396 4972 2575 5018 autem
2601 4961 2705 5032 ipsi
2728 4960 3034 5019 videbatur,
3061 4972 3129 5011 ne
3160 4961 3504 5026 perspectum
3532 4950 3755 5021 quidem

2169 5057 2277 5111 illis
2305 5055 2404 5110 hoc
2430 5054 2621 5120 fuisse,
2652 5051 2797 5124 quod
2838 5065 2905 5104 eo
2928 5045 3258 5119 cognitionis
3285 5042 3570 5097 hominum
3602 5040 3758 5110 inge-

2171 5150 2261 5204 nia
2288 5148 2569 5219 pervenire
2600 5146 2752 5200 nullo
2796 5145 2960 5197 modo
3008 5140 3243 5210 possint,
3267 5140 3392 5192 eum
3428 5135 3503 5200 ii,
3535 5149 3760 5206 praeser-

2174 5242 2269 5297 tim
2304 5240 2397 5312 qui
2424 5256 2543 5296 sese
2568 5241 2672 5293 hoc
2700 5233 3087 5307 disputationis
3111 5244 3307 5302 genere
3335 5229 3635 5298 plurimum
3669 5224 3756 5281 cf-

2173 5333 2372 5399 ferant,
2397 5348 2505 5387 non
2538 5331 2590 5384 in
2617 5329 2807 5385 eadem
2849 5325 3106 5396 opinione
3134 5323 3513 5391 sententiaque
3545 5331 3761 5373 versen-

2173 5435 2284 5489 tur,
2314 5425 2408 5481 sed
2440 5422 2532 5477 alii
2580 5437 2704 5476 cum
2738 5418 2861 5474 aliis
2904 5415 3239 5469 furiosorum
3284 5414 3476 5482 utique
3507 5421 3659 5465 more
3696 5420 3759 5463 se

2174 5525 2385 5586 gerant.
2414 5512 2624 5582 Quippe
2649 5509 2819 5576 enim,
2842 5522 2907 5561 ex
2938 5504 3163 5560 furiosis
3197 5504 3333 5558 alios
3371 5513 3530 5564 esse,
3567 5497 3662 5568 qui
3688 5507 3759 5552 no

2174 5662 2263 5708 tus
2291 5667 2413 5711 sum
2441 5658 2494 5705 et
2523 5647 2611 5702 hic
2640 5655 2693 5703 et
2723 5660 2842 5715 cap.
2872 5643 3070 5715 ultimo
3102 5639 3343 5715 librixv,
3376 5635 3467 5692 ubi
3501 5634 3755 5692 eumdem

2169 5724 2350 5782 locum
2383 5709 2652 5777 Eusebius
2686 5709 2930 5790 protulit,
2958 5712 3050 5769 scd
3086 5709 3357 5794 pluribus.
