4154 6414
483 321 554 385 65
1116 322 1388 387 suam!
1424 328 1903 387 CESARIENSIS
1939 328 2054 386 0P1

2156 330 2318 388 MRS
2353 330 2418 388 ll.
2463 362 2527 374 —
2561 330 3063 388 APOLOGETICA.
3659 333 3733 393 ει

480 447 668 518 gravia
700 448 919 520 quidem
950 459 1007 507 et
1033 452 1240 508 atrocia
1283 462 1548 520 metuant,
1575 453 1713 510 alios
1734 468 1864 511 vero
1886 495 1902 522 ,
1954 454 2050 526 qui

2156 454 2506 520 ἀπόλλυσθαι,
2553 457 2668 519 τοῖς
2717 454 2775 508 δὲ
2817 453 2928 507 οὒτ’
2981 453 3048 507 ἂν
3090 452 3342 522 γενέσθαι
3384 455 3515 509 ποτὶ
3558 455 3733 524 ούδὲν,

479 535 602 607 ipsa
630 553 850 609 quoque
883 553 995 595 non
1048 539 1339 596 metuenda
1393 541 1751 597 extimescant
1795 559 1810 596 :
1849 542 1931 597 sic
1953 555 2048 596 eo:

479 639 645 692 rum,
688 629 781 698 qui
825 635 1081 683 naturam
1128 628 1366 683 universi
1416 627 1729 698 diligentius
1769 628 2053 699 explorare

479 725 771 785 conentur,
805 718 944 774 alios
972 718 1237 788 quidquid
1267 726 1352 773 est
1376 733 1545 773 unum
1576 734 1699 775 esse
1722 719 1881 784 velle,
1913 719 2053 776 alios

481 811 753 867 infinitam
785 826 972 868 rerum
1013 811 1420 867 multitudinem
1452 812 1736 880 invehere;
1769 813 1892 870 aliis
1920 813 2048 869 item

479 901 695 971 placere
721 900 1019 957 continenti
1071 910 1222 955 motu
1274 915 1365 956 res
1415 915 1608 956 omnes
1654 901 1872 972 agitari,
1927 902 2052 958 aliis

480 1001 697 1057 contra,
731 994 881 1048 nullo
905 1008 1140 1064 unquam
1166 1002 1413 1064 tempore
1439 993 1647 1049 moveri
1682 1008 1845 1064 posse
1865 1033 1883 1060 ,
1929 993 2051 1052 aliis

479 1083 717 1154 denique
737 1083 978 1154 generari
1016 1099 1203 1138 omnia
1230 1098 1296 1138 ac
1327 1083 1587 1155 deinceps
1617 1083 1840 1140 interire
1864 1127 1881 1151 ,
1927 1084 2051 1140 aliis

477 1187 608 1228 vero
653 1177 787 1228 nihil
816 1188 1059 1243 unquam
1087 1175 1172 1229 vel
1201 1174 1446 1244 genitum
1477 1189 1601 1230 esse
1623 1216 1639 1240 ,
1687 1175 1770 1229 vel
1824 1175 2050 1231 interitu

475 1264 795 1332 periturum.
834 1282 854 1316 ι
903 1265 1083 1334 Atque
1136 1264 1252 1320 haec
1299 1262 1589 1332 Socrates,
1634 1275 1697 1321 ut
1744 1265 2051 1337 Xenophon

476 1363 668 1408 auctor
697 1362 799 1409 est.
849 1353 1064 1421 Quibus
1121 1355 1323 1410 similia
1380 1370 1608 1426 prorsus
1658 1372 1723 1411 ea
1770 1366 1899 1412 sunt
1928 1373 2052 1427 qua:

474 1439 628 1496 Plato
656 1445 910 1499 eumdem
945 1443 1226 1501 Socratem
1260 1446 1315 1501 in
1365 1461 1465 1513 eo,
1520 1462 1680 1518 quem
1742 1447 1817 1502 De
1869 1449 2052 1503 anima

476 1535 738 1602 scripsit,
793 1536 1010 1607 dialogo
1073 1539 1150 1592 ita
1218 1548 1737 1595 commemorantem
1797 1540 2047 1598 inducit:

480 1645 501 1679 ι
541 1625 752 1682 Etenim
782 1630 1002 1694 mirum,
1032 1630 1248 1702 inquit,
1299 1646 1334 1686 ο
1371 1632 1567 1695 Cebes,
1606 1642 1811 1702 quanta
1842 1649 1930 1689 me
1957 1634 2050 1703 ju-

472 1720 626 1775 venis
648 1734 773 1775 cum
805 1736 981 1775 essem
1007 1721 1153 1777 illius
1184 1722 1453 1792 cupiditas
1486 1725 1764 1794 sapientiae
1787 1725 2043 1786 tenuerit.

472 1828 636 1883 quam
686 1812 846 1882 vulgo
897 1822 1104 1868 naturae
1160 1815 1671 1884 contemplationem
1730 1816 2043 1886 appellant;
2077 1803 2120 1858 Β

472 1906 671 1974 quippe
702 1905 1051 1973 magniﬁcum
1099 1906 1295 1976 oppido
1346 1907 1480 1960 mihi
1532 1907 1815 1962 videbatur
1854 1923 2053 1963 causas

471 2011 637 2051 nosse
657 2011 837 2049 rerum
856 1997 1215 2067 singularum,
1241 2012 1306 2053 ac
1326 2013 1427 2052 cur
1450 2013 1789 2068 unaquaque
1809 1999 1893 2054 vel
1910 1999 2055 2054 oria-

474 2095 587 2151 tur,
620 2088 706 2142 vel
731 2088 978 2154 intereat,
1009 2089 1093 2144 vel
1123 2090 1366 2153 exsistat,
1399 2089 1722 2161 intelligere;
1751 2091 2056 2162 saepiusque

473 2177 612 2231 adeo
634 2193 721 2232 me
741 2193 963 2233 sursum
985 2178 1350 2249 deorsumque
1363 2179 1669 2245 versaham,
1686 2195 1810 2235 cum
1832 2181 1884 2234 in
1902 2181 2056 2250 ejus-

472 2269 621 2324 modi
654 2270 891 2338 primum
927 2270 1260 2339 quaestiones
1288 2271 1659 2325 incumberem
1687 2289 1702 2325 :
1732 2278 1912 2327 utrum
1943 2273 2053 2326 sci-

368 2354 377 2365 '
471 2356 616 2424 licet,
632 2359 778 2428 quod
805 2360 1079 2415 nonnullis
1094 2360 1359 2429 placebat,
1374 2360 1465 2415 ubi
1483 2359 1736 2430 frigidum
1750 2369 1804 2415 et
1819 2361 2055 2415 calidum

470 2447 574 2504 loci
607 2449 810 2519 aliquid
837 2450 1171 2518 corruptioni
1198 2451 1483 2516 dederint,
1548 2459 1661 2506 tum
1690 2451 1909 2506 demum
1944 2453 2060 2506 ani-

470 2541 677 2594 mantia
715 2542 1106 2595 nutrimentum
1133 2556 1199 2597 ac
1224 2542 1535 2597 firmitatem
1564 2542 1858 2611 accipiant?
1874 2552 2055 2597 utrum

468 2633 757 2703 sanguine,
777 2649 844 2688 an
863 2648 1009 2700 aere,
1025 2649 1093 2688 an
1124 2635 1309 2704 potius
1329 2635 1451 2705 igne
1474 2635 1795 2704 sapiamus?
1828 2650 1898 2689 an
1928 2650 2055 2690 vero

469 2723 835 2779 nisomnibus
850 2727 1109 2790 exclusis,
1134 2726 1230 2782 uni
1248 2726 1475 2782 cerebro
1502 2725 1791 2789 audiendi,
1814 2724 2053 2789 videndi,

468 2823 633 2882 atque
654 2816 918 2871 odorandi
948 2832 1211 2873 sensuum
1262 2818 1418 2888 origo
1445 2817 1705 2873 debeatur
1736 2835 1750 2871 :
1787 2817 1867 2873 sic
1897 2825 1959 2871 ut
1987 2832 2054 2873 ex

469 2904 538 2959 iis
570 2908 831 2962 memoria
861 2909 1024 2962 simul
1053 2918 1109 2965 et
1138 2907 1359 2977 opinio,
1411 2923 1479 2964 ex
1540 2918 1776 2976 utraque
1833 2917 2052 2973 autem,

470 2996 563 3051 ubi
590 2996 799 3066 placide
838 3000 1129 3070 quieteque
1170 2999 1537 3064 constiterint,
1567 3015 1692 3054 cum
1726 2999 1920 3054 iisdem
1952 3014 2049 3054 cn-

2150 545 2264 601 οὔτ’
2293 546 2647 602 ἀπόλλυσθαι.
2680 565 2699 598 ι
2729 545 2897 601 Ταῦθ’
2951 547 2981 600 ὀ
3027 546 3344 618 Σωκράτης,
3378 548 3453 611 ὡς
3485 548 3735 618 Ξενοφῶν

2155 642 2440 712 μαρτυρεῖ.
2475 639 2696 711 Συνᾴδει
2741 639 2798 693 δὲ
2842 639 2937 693 καὶ
2982 640 3012 693 ὁ
3062 638 3287 692 Πλάτων
3323 639 3536 704 τούτοις
3565 643 3625 695 ὲν
3654 641 3736 714 τῷ

2150 732 2291 799 Περί
2320 729 2548 801 ψυχῆς,
2581 731 2760 785 τοιάδε
2788 730 3013 799 λέγοντα
3041 730 3203 784 αὑτὸν
3233 731 3566 803 ἀναγράφων
3587 732 3732 803 (ee)-

2156 841 2177 875 ι
2226 822 2366 892 Ἐγὼ
2417 822 2547 897 γάρ,
2595 822 2723 893 ἔφη,
2773 816 2820 876 ὧ
2872 823 3075 894 Κέϐης,
3124 822 3244 887 νέος
3273 821 3371 887 ὢν,
3405 823 3736 895 θαυμαστῶς

2148 909 2226 975 ὡς
2276 910 2596 981 ἐπεθύμησα
2639 910 2842 982 ταύτης
2884 912 2984 982 τῆς
3034 913 3244 981 σοφίας,
3284 913 3353 984 ήν
3394 913 3459 985 δὴ
3510 914 3736 970 καλοῦσι

2151 998 2525 1071 περὶφύσεως
2563 1000 2830 1071 ἰστορίαν·
2868 1000 3217 1071 ὑπερήφανον
3261 1002 3371 1073 γάρ
3420 1017 3510 1071 μοι
3559 1003 3735 1057 ἐδόκει

2149 1085 2289 1144 εἶναι
2317 1090 2512 1145 εἰδέναι
2541 1091 2642 1155 τὰς
2668 1092 2848 1155 αἰτίας
2870 1091 3125 1153 ἑκάστου,
3146 1092 3237 1146 διὰ
3272 1092 3326 1145 τί
3366 1094 3577 1161 γίνεται
3602 1094 3736 1148 ικα-

2151 1195 2295 1241 στον,
2326 1181 2421 1232 καὶ
2442 1179 2531 1233 διά
2557 1179 2611 1232 τί
2634 1179 2950 1245 ἀπόλλυται,
2984 1181 3078 1233 καὶ
3105 1180 3192 1233 διὰ
3218 1180 3272 1233 τί
3296 1182 3413 1234 ἐστι
3431 1198 3446 1212 ·
3482 1184 3576 1235 καὶ
3610 1183 3738 1237 πολ-

2149 1267 2305 1333 λάκις
2343 1269 2579 1340 ἐμαυτὸν
2622 1270 2736 1325 άνω
2780 1270 2873 1323 καὶ
2921 1270 3072 1323 κάτω
3121 1268 3470 1341 μετέϐαλλον,
3517 1273 3737 1326 σκοπῶν

2150 1363 2367 1434 πρῶτον
2400 1362 2470 1416 τὰ
2516 1362 2727 1417 τοιάδιο
2779 1359 2869 1435 ἆρ’
2914 1363 3134 1417 ἐπειδὰν
3182 1363 3244 1417 τὺ
3282 1363 3489 1435 ψυχρὸν
3530 1366 3624 1419 καὶ
3674 1365 3736 1419 τδ

2147 1452 2354 1525 θερμὸν
2403 1455 2669 1525 σηπεδόνα
2706 1454 2828 1508 τινὰ
2860 1454 3023 1526 λάϐῃ,
3066 1455 3142 1518 ὥς
3187 1472 3332 1519 τινες
3374 1457 3579 1525 ἔλεγον,
3611 1457 3734 1511 τότε

2148 1545 2248 1615 ήδη
2267 1544 2380 1615 (‘25)
2396 1546 2462 1600 τά
2478 1546 2592 1611 ζῶα
2610 1545 2956 1620 ξυντρέφεται
2976 1563 2990 1612 ;
3010 1548 3104 1601 καὶ
3120 1547 3245 1600 πότε
3255 1565 3345 1620 ρον
3361 1549 3420 1601 τὸ
3436 1544 3576 1620 αἷμά
3590 1552 3737 1603 ἐστιν

2146 1630 2191 1704 ᾧ
2209 1637 2577 1710 φρονοῦμεν,ἢ
2596 1642 2625 1693 ὁ
2650 1639 2776 1712 ἀὴρ,
2794 1639 2827 1710 ἢ
2844 1640 2904 1693 τὺ
2919 1639 3048 1711 πῦρ·
3068 1639 3101 1710 ἢ
3119 1640 3322 1694 τούτων
3348 1643 3445 1712 μὲν
3462 1643 3630 1706 οὐδὲν,
3649 1646 3676 1696 ὁ
3690 1642 3736 1697 δ’

2148 1726 2451 1795 ἐγκέφαλός
2467 1729 2615 1783 ὲστιν
2631 1731 2660 1784 ὁ
2683 1730 2781 1793 τάς
2795 1728 3075 1801 αἰσθήσεις
3092 1730 3346 1801 παρέχων
3373 1731 3465 1785 τοῦ
3495 1733 3733 1798 ἀκούειν,

2154 1821 2508 1891 καὶὸρᾷν,καὶ
2522 1822 2925 1894 ὀσφραίνεσθαι·
2939 1823 3004 1875 ὲκ
3018 1822 3220 1876 τούτων
3232 1823 3287 1876 δὲ
3300 1824 3536 1892 γίγνοιτο
3550 1826 3652 1896 μνη
3661 1842 3734 1898 μη

2153 1913 2247 1965 καὶ
2266 1911 2410 1977 δόξαο
2432 1913 2497 1966 ὲκ
2511 1913 2568 1966 δὲ
2590 1915 2810 1985 μνήμης
2827 1915 2922 1968 καὶ
2950 1914 3113 1986 δόξης
3126 1913 3396 1985 λαϐούσης
3415 1916 3473 1969 τὺ
3488 1918 3736 1987 ἠρεμεῖν,

2155 2001 2296 2054 κατά
2323 2001 2495 2056 ταῦτα
2526 2003 2771 2072 γίνεσθαι
2803 2005 3139 2076 ὲπιστήμηνς
3161 2006 3273 2059 Καὶ
3305 2001 3371 2059 αὖ
3404 2004 3607 2059 τούτων
3638 2006 3737 2070 τὰς

2157 2092 2363 2164 φθοράς
2395 2094 2633 2158 σκοπῶν,
2658 2097 2753 2149 καὶ
2778 2095 2846 2150 τὰ
2870 2097 2999 2168 περὶ
3028 2097 3120 2151 τὸν
3154 2097 3380 2170 οὐρανόν
3418 2114 3479 2151 τε
3512 2098 3608 2151 καὶ
3638 2096 3737 2169 τὴν

2155 2184 2260 2253 γῆν
2291 2184 2459 2255 πάθη,
2484 2185 2769 2251 τελευτῶν,
2803 2185 2977 2252 οὕτως
3007 2188 3229 2259 ἐμαυτῷ
3258 2188 3412 2255 ἔδοξα
3444 2189 3581 2262 πρὸς
3607 2188 3738 2244 ταύ-

2155 2292 2253 2346 την
2278 2276 2376 2348 τὴν
2398 2278 2587 2347 σκέψιν
2614 2279 2793 2350 ἀφυὴς
2824 2275 2982 2346 εἶναι,
3005 2280 3082 2344 ὡς
3112 2281 3262 2334 οὐδὲν
3290 2282 3495 2354 χρῆμα.
3525 2283 3738 2353 Τεκμή-

2160 2385 2273 2440 ριον
2299 2369 2356 2422 δέ
2384 2387 2466 2424 σοι
2510 2369 2622 2441 ἐρῶ
2676 2372 2879 2426 ἱκανόν.
2912 2372 3053 2440 Ἐγὼ
3101 2373 3212 2445 γὰρ
3250 2372 3287 2428 ἃ
3332 2374 3426 2427 καὶ
3474 2374 3738 2445 πρότερον

2158 2461 2345 2530 σαφῶς
2376 2462 2713 2534 ἠπιστάμην,
2735 2463 2811 2527 ὥς
2839 2481 2902 2532 γε
2933 2463 3153 2535 ἐμαυτῷ
3174 2465 3397 2527 καὶτοῖς
3427 2463 3603 2527 ἄλλοις
3623 2464 3738 2518 ἐδό-

2155 2569 2307 2616 κουν,
2328 2554 2450 2607 τότε
2480 2555 2570 2607 ὑπ’
2603 2555 2774 2625 αὐτῆς
2802 2556 2901 2626 τῆς
2935 2555 3179 2625 σκέψεως
3207 2555 3352 2609 οὕτω
3385 2555 3588 2625 σφόδρα
3615 2557 3738 2609 ὲτυ-

2156 2641 2396 2714 φλὼθην,
2425 2642 2567 2698 ὥστε
2607 2645 2889 2715 ἀπέμαθον
2917 2647 3012 2700 καὶ
3053 2645 3209 2700 ταῦθ’
3253 2645 3291 2700 ἃ
3335 2644 3538 2716 προτοῦ
3578 2644 3738 2717 ᾤμην

2155 2732 2374 2787 εἰδέναι.
2418 2751 2438 2785 ι
2476 2732 2660 2787 Ταῦτα
2693 2734 2992 2807 Σωκράτης
3039 2734 3203 2798 αὐτὸς
3248 2735 3454 2799 ἐκεῖνος
3498 2733 3527 2786 ὁ
3573 2735 3740 2786 πᾶσιν

2154 2824 2397 2896 ἀοίδιμος
2418 2825 2692 2897 Ἕλλησιν.
2731 2828 2861 2880 Ὅτε
2916 2826 3094 2880 τοίνυν
3148 2827 3242 2880 καὶ
3296 2824 3376 2896 τῷ
3435 2825 3738 2896 τηλικούτῳ

2155 2916 2431 2987 φιλοσόφῳ
2471 2917 2649 2971 τοιάδε
2696 2918 2870 2973 ἐδόκει
2921 2914 3059 2972 εἶναι
3119 2916 3189 2971 τά
3242 2915 3343 2985 τῆς
3401 2915 3509 2968 τῶν
3565 2914 3733 2986 δηλωο

2157 3005 2358 3061 θέντων
2412 3008 2791 3077 φυσιολογίας,
2849 3007 3076 3073 εἰκότως
3132 3024 3223 3078 μοι
3275 3005 3416 3059 δοκῶ
3466 3006 3561 3059 καὶ
3593 3005 3741 3076 ἡμᾶς

469 3087 682 3143 haerens
709 3089 932 3145 scientia
965 3092 1296 3162 generetur?
1314 3089 1561 3161 Cumque
1584 3090 1826 3147 vicissim
1860 3105 2045 3145 rerum

2156 3096 2258 3169 τὴν
2319 3098 2524 3153 τούτων
2572 3100 2828 3153 ἁπάντων
2871 3099 3141 3170 ἀθεότητα
3197 3096 3563 3168 παρῃτῆσθαι·
3618 3094 3743 3191 επεὶ

467 3177 785 3232 earumdem
820 3178 1096 3245 interitus,
1129 3193 1361 3250 quaeque
1390 3189 1497 3234 tam
1530 3182 1585 3233 in
1620 3179 1760 3235 cmlo
1792 3193 1959 3250 quam
1992 3178 2049 3233 in
2079 3177 2119 3191 “’
2154 3189 2248 3243 καὶ
2277 3188 2345 3243 τὰ
2368 3190 2469 3260 τῆς
2499 3189 2761 3245 πολυθέου
2788 3190 2999 3262 πλάνης
3029 3188 3230 3255 αὐτῶν,
3264 3189 3365 3242 οὐκ
3400 3188 3578 3241 ἔοικεν
3603 3182 3742 3241 εἶναι

468 3274 614 3321 terra
646 3268 811 3338 vulgo
840 3270 1165 3340 contingunt
1194 3285 1407 3345 mecum
1448 3270 1566 3339 ipse
1606 3280 1939 3340 reputarem,
1964 3272 2054 3328 de-

2156 3278 2410 3351 ἀλλότρια
2436 3280 2544 3334 τῶν
2567 3281 2893 3353 εἰρημένων.
2923 3279 3094 3333 Τοῦτο
3127 3279 3228 3350 μὲν
3272 3276 3367 3333 οῦν
3416 3279 3510 3331 ἐπὶ.
3547 3275 3741 3349 καιροῦ

469 3373 623 3412 mum
668 3358 743 3414 ita
791 3374 878 3415 me
933 3360 1028 3415 ad'
1057 3361 1163 3417 hoc
1207 3360 1686 3430 contemplationis
1722 3378 1897 3434 genus
1936 3363 2054 3418 ine-

2156 3369 2251 3424 τοῦ
2279 3372 2648 3443 προσήκοντος
2678 3371 3087 3444 ἐλεγχθήσεται,
3123 3368 3244 3423 καθ’
3270 3369 3329 3421 δν
3368 3368 3741 3439 ἀποδείξομεν,

470 3458 649 3520 ptum,
681 3460 739 3506 ut
767 3453 861 3521 qui
894 3453 1153 3515 maxime,
1204 3467 1331 3511 esse
1359 3452 1621 3522 judicavi.
1653 3451 1824 3522 Cujus
1851 3455 1925 3509 rei
1953 3456 2054 3511 hoc

2157 3462 2240 3517 δτι
2280 3461 2496 3533 πρῶτος
2558 3462 2826 3534 Ἐλλήνων
2872 3460 3240 3532 Ἀναξαγόρας
3284 3460 3407 3514 νοῦν
3449 3460 3744 3529 ἐπιστῆσαι

475 3541 571 3596 tibi
601 3553 983 3613 argumentum
1030 3544 1204 3600 instar
1256 3545 1505 3600 omnium
1543 3543 1850 3615 proferam;
1905 3547 2053 3617 quod

2157 3554 2224 3624 τῇ
2251 3552 2346 3606 τοῦ
2380 3552 2581 3618 παντὸς
2604 3554 2754 3625 αἰτίᾳ
2776 3553 3196 3625 μνημονεύεται.
3246 3550 3360 3604 Νῦν
3405 3550 3465 3604 δέ
3519 3568 3609 3621 μοι
3650 3548 3744 3602 ἰπὶ

471 3648 596 3703 quae
624 3634 754 3688 mihi
808 3636 963 3705 prius
1007 3650 1071 3691 ac
1114 3635 1326 3692 caeteris
1361 3637 1564 3707 optime
1594 3636 1820 3692 videbar
1851 3638 2054 3693 i‘ntelli-

2158 3644 2248 3697 τὸν
2276 3643 2540 3717 Διόδωρον
2568 3644 2798 3715 μετάϐα,
2830 3643 2926 3697 καί⁵
2961 3642 3151 3696 σκόπει
3172 3636 3261 3696 οἷα
3287 3642 3418 3713 περὶ
3458 3640 3560 3712 τῆς
3593 3638 3744 3713 πρώ-

473 3738 619 3792 gere,
651 3724 835 3779 eadem
865 3726 1212 3796 postmodum
1230 3727 1416 3783 omnia
1438 3726 1809 3795 dediscerem;
1840 3737 2051 3784 tantum

2158 3750 2257 3805 της
2285 3733 2396 3788 τῶν
2429 3733 2734 3807 ἀνθρώπων
2766 3731 3043 3802 θεολογίας
3076 3733 3295 3803 ἰστορεῖ.

473 3815 564 3870 illa
600 3817 716 3887 ipsa
764 3819 1151 3889 contemplatio
1196 3819 1332 3874 mihi
1381 3819 1640 3876 cacitatis
1690 3818 1975 3876 oﬂuderat.
2013 3840 2033 3874 ι
2078 3820 2206 3881 Haec
2233 3824 2488 3882 Socrates
2547 3825 2639 3881 ille
2701 3824 3016 3881 Graecorum
3057 3823 3303 3877 omnium
3349 3834 3444 3875 ore
3491 3818 3744 3889 famaque

473 3908 802 3964 celebratus.
834 3909 1016 3976 Quare
1045 3926 1169 3966 eum
1209 3926 1272 3967 ea
1299 3912 1436 3967 tanti
1480 3912 1787 3983 philosophi
1811 3913 1880 3969 de
1920 3915 2136 3971 illorum
2176 3920 2444 3983 omnium,
2472 3931 2610 3990 quos
2641 3927 2767 3974 ante
2810 3914 3386 3980 commemoravimus,
3409 3912 3743 3984 pliysiologi'

471 4018 628 4059 mens
660 4012 715 4059 et
759 4007 1024 4061 sententia
1069 4004 1265 4075 fuerit,
1315 4008 1441 4078 jure
1475 4022 1697 4079 quoque
1740 4009 1917 4065 sentio
1943 4024 2045 4067 nos
2081 4013 2190 4083 27
2211 4015 2281 4070 ah
2302 4015 2535 4070 istorum
2562 4022 2770 4086 negatae
2794 4012 3104 4068 Divinitatis
3155 4011 3359 4066 scelere
3409 4008 3744 4065 declinasse:

469 4096 771 4167 praesertim
825 4112 950 4152 cum
1007 4097 1254 4169 ipsorum
1305 4098 1373 4153 de
1425 4097 1769 4156 multitudine
1810 4100 2035 4156 deorum
2074 4118 2230 4159 error
2261 4106 2332 4160 ab
2358 4104 2458 4171 iis,
2491 4120 2616 4176 qua:
2676 4104 2745 4159 de
2776 4103 3019 4159 universi
3081 4109 3205 4157 ortu
3238 4098 3602 4161 somniarunt,
3653 4110 3742 4150 ne-

470 4200 745 4258 quaquam
785 4188 997 4245 alienus
1039 4203 1164 4244 esse
1219 4188 1483 4246 videatur.
1535 4187 1803 4246 Caeterum
1855 4190 1909 4248 id
1953 4208 2054 4250 suo
2091 4194 2213 4251 loco
2240 4195 2531 4253 manifeste
2572 4194 3039 4265 deprehendetur,
3102 4193 3197 4248 ubi
3259 4190 3561 4263 principem
3594 4186 3746 4243 Crte-

468 4295 659 4338 corum
686 4281 1102 4354 Anaxagoram,
1129 4282 1224 4355 qui
1256 4292 1491 4340 mentem
1522 4283 1690 4354 hujus
1736 4272 2106 4344 universitatis
2166 4288 2437 4344 molitioni
2490 4288 2828 4360 praefecerit,
2868 4287 3080 4343 laudari
3145 4284 3517 4341 oswndemus.
3592 4278 3747 4339 Nunc

471 4394 602 4434 vero
663 4378 896 4436 transfer
939 4380 1186 4436 animum
1223 4378 1302 4436 sis
1339 4379 1409 4434 ad
1453 4378 1788 4446 Diodorum,
1843 4395 2074 4450 quaeque
2147 4381 2216 4438 de
2256 4383 2430 4453 prima
2478 4381 2764 4439 hominum
2809 4379 3078 4450 theologia
3160 4375 3440 4433 memoria:
3487 4373 3747 4450 prodidit,

470 4468 784 4525 considera.

2700 4548 3097 4606 ΚΕΦΑΛΔΙΟΝ
3130 4546 3213 4602 Θ’.

2164 4674 2286 4725 Ὅτι
2318 4672 2373 4724 οἰ
2398 4666 2639 4722 παλαιοί
2668 4664 2786 4719 τῶν
2828 4663 3173 4732 ἀνθρώπων,
3208 4661 3363 4732 τοὺς
3390 4661 3516 4715 κατ’
3565 4661 3752 4732 pupa:

961 4560 1192 4619 CAPUT
1226 4561 1318 4617 1X.
2090 4566 2136 4623 ι)

469 4675 685 4731 Priscos
731 4673 965 4729 homines
1015 4676 1130 4729 caeli
1180 4682 1388 4729 tantum
1433 4685 1583 4730 nstin
1634 4674 1896 4739 coluisse,
1935 4689 2057 4728 cum

541 4746 677 4801 nihil
725 4762 887 4815 neque
936 4745 1001 4799 de
1053 4746 1213 4814 hujus
1258 4746 1489 4800 universi
1551 4746 1690 4812 Deo,
1763 4760 1924 4813 neque
1991 4745 2055 4797 de

539 4816 843 4871 simulacris
873 4816 1162 4886 erigendis,
1195 4831 1356 4886 neque
1386 4815 1450 4869 de
1498 4816 1826 4869 dwmoutbus
1867 4830 2059 4885 cogno—

546 4889 760 4941 vissent.

2235 4809 2353 4864 τῶν
2383 4799 2549 4862 Blan-
2578 4799 2746 4860 ’Θεοῦ
2761 4846 2776 4869 ,
2811 4806 2948 4859 ἀλλ’
2997 4802 3139 4857 οὐδὲ
3166 4799 3299 4869 περὶ
3322 4799 3557 4866 ξοάνων
3589 4799 3748 4868 ἰδρύ-

2234 4894 2410 4947 σεως,
2444 4876 2587 4932 οὐδὲ
2610 4876 2744 4944 περὶ
2767 4874 3063 4943 δαιμόνων
3089 4870 3497 4941 ἐπιστάμενοι.

552 5019 572 5052 ι
611 4998 829 5056 Priscus
856 4998 1140 5071 Egyptios
1172 4997 1385 5062 ferunt,
1417 5013 1543 5054 cum
1577 4997 1770 5053 oculos
1804 4996 1969 5066 hujus
2000 4996 2054 5051 in

2237 4992 2349 5065 (‘24)
2386 5011 2405 5044 ι
2435 4992 2573 5055 Τοὺς
2598 4988 2643 5042 δ’
2669 4982 2764 5043 οὖν
2794 4988 2912 5041 κατ’
2937 4985 3213 5056 Αἴγυπτον
3231 4984 3552 5057 ἀνθρώπους
3565 4983 3626 5039 τδ
3646 5002 3749 5038 πα-

474 5093 665 5149 mundi
703 5093 1160 5164 contemplatione
1204 5092 1548 5156 defixisseut,
1595 5104 1831 5159 cumque
1873 5104 2054 5143 rerum

2163 5086 2311 5140 λαιὸν
2342 5082 2687 5153 γενομένους,
2720 5078 3131 5149 ἀναόλέψαντας
3161 5079 3241 5141 εἰς
3267 5077 3360 5130 τὸν
3393 5076 3616 5147 κόσμον,
3652 5074 3750 5128 καὶ

476 5182 723 5238 omnium
760 5192 1011 5239 naturam
1041 5182 1438 5239 vehementiori
1476 5179 1837 5234 admiratione
1870 5179 2054 5233 obstu-

2161 5178 2260 5248 τὴν
2289 5174 2399 5229 τῶν
2427 5174 2563 5228 ὅλων
2602 5172 2763 5241 φύσιν
2801 5169 3251 5237 καταπλαγέντας
3292 5183 3354 5220 τε
3391 5168 3487 5221 καὶ
3539 5164 3748 5237 θαυμά-

476 5282 796 5345 pescerent,
829 5273 997 5329 solem
1041 5289 1107 5329 ac
1130 5273 1318 5327 lunam
1353 5269 1714 5339 sempiternos
1752 5283 1876 5323 esse
1928 5269 2054 5323 deos

2167 5283 2387 5331 σαντας,
2441 5262 2732 5319 ὑπολαϐεῖν
2786 5257 2925 5315 εἶναι
2980 5259 3135 5322 θεοὺς
3191 5258 3305 5329 (25)
3330 5256 3532 5345 ἀϊδίους
3570 5273 3631 5311 τε
3654 5257 3750 5311 καὶ

476 5343 833 5436 omniumque
873 5364 1148 5435 principes
1194 5362 1514 5428 censuisse;
1553 5374 1784 5430 quorum
1829 5359 2054 5415 alterum

2164 5360 2413 5432 πρώτους
2440 5356 2532 5413 τόν
2562 5372 2622 5410 τε
2650 5355 2800 5427 ἥλιον
2835 5353 2931 5408 καὶ
2955 5350 3057 5423 τὴν
3086 5349 3316 5421 σελήνην
3334 5366 3349 5381 ·
3374 5343 3462 5405 ’ὧν
3503 5347 3596 5402 τὸν
3626 5347 3747 5421 μὲν,

2237 5512 2352 5592 (ἓξ)
2393 5510 2664 5592 ἓὶοάοτέυε
2685 5507 2783 5592 ιξδ-
2811 5504 3038 5592 ιλρ-Ὰο
3065 5503 3108 5592 9
3138 5519 3292 5592 ’τοτε
3310 5500 3589 5592 “illam:

2239 5566 2353 5654 {253
2376 5578 2564 5654 ΑΕἷνςζι
2584 5580 2786 5654 ρεούς.
2830 5566 3012 5654 Diod,
3044 5569 3186 5629 εἶναι
3235 5574 3330 5654 δύο
3375 5571 3552 5654 θεούς.
3582 5566 3748 5654 [tern-

2167 5640 2274 5725 que
2310 5640 2472 5725 infra,
2505 5651 2716 5722 Σείριον
2741 5640 2845 5717 pro
2872 5640 3088 5725 ξύριον,
3124 5654 3206 5703 est
3246 5644 3394 5704 enim
3429 5642 3567 5697 inter
3588 5640 3749 5695 Ὄσι-

2172 5716 2257 5793 ῥιν
2290 5739 2351 5780 ac
2381 5721 2587 5792 Σείριον
2602 5716 2961 5788 ’παρωνυμίαέ

533 5521 663 5603 ¹(22)
703 5519 947 5578 Platonis
973 5522 1126 5579 locus
1159 5530 1246 5578 est
1270 5537 1335 5577 ex
1370 5518 1657 5586 Phwdone,
1697 5533 1748 5589 p.
1776 5517 1884 5575 392
1924 5517 2057 5573 edit.

484 5590 669 5730 “(6:23)
711 5662 853 5736 Τότε
875 5662 991 5734 ἤδη
1054 5661 1212 5736 Plato
1241 5661 1344 5733 leg.
1378 5659 1497 5715 τότε
1537 5658 1622 5730 δή,
1655 5660 1797 5730 quod
1835 5655 2062 5714 ἀττικὼο

489 5748 644 5798 τερον
675 5734 904 5793 videtur.

2234 4741 2346 4795 νὺν
2383 4728 3189 4808 φωστῑιραςμόιῖονῖέσείῖρνν
3216 4731 3429 4808 μηδὲν.
3456 4728 3748 4808 περι-.ξῴ
3864 4798 3871 4805 .
