  <div class='ocr_page' id='page_1' title='image "/cluster/home/n/w/nwhite01/storage/ocr_20150623/21:no.3/coo.31924054873017/046.png"; bbox 0 0 2077 3220; ppageno 0'>
   <div class='ocr_carea' id='block_1_1' title="bbox 199 230 235 256">
    <p class='ocr_par' dir='ltr' id='par_1_1' title="bbox 199 230 235 256">
     <span class='ocr_line' id='line_1_1' title="bbox 199 230 235 256; baseline 0 0"><span class='ocrx_word' id='word_1_1' title='bbox 199 230 235 256; x_wconf 76' lang='lat'><strong>65</strong></span> 
     </span>
    </p>
   </div>
   <div class='ocr_carea' id='block_1_2' title="bbox 200 281 1032 322">
    <p class='ocr_par' dir='ltr' id='par_1_2' title="bbox 200 281 1032 322">
     <span class='ocr_line' id='line_1_2' title="bbox 200 281 1032 322; baseline -0.01 -8"><span class='ocrx_word' id='word_1_2' title='bbox 200 286 318 322; x_wconf 81' lang='grc' dir='ltr'>Ὄσιριν,</span> <span class='ocrx_word' id='word_1_3' title='bbox 346 286 396 322; x_wconf 87' lang='grc' dir='ltr'>τὴν</span> <span class='ocrx_word' id='word_1_4' title='bbox 422 286 451 313; x_wconf 81' lang='grc' dir='ltr'><strong>δὲ</strong></span> <span class='ocrx_word' id='word_1_5' title='bbox 466 285 538 314; x_wconf 83' lang='grc' dir='ltr'>Ἶσιν</span> <span class='ocrx_word' id='word_1_6' title='bbox 553 285 696 321; x_wconf 77' lang='grc' dir='ltr'>ὀνομάσαι,</span> <span class='ocrx_word' id='word_1_7' title='bbox 714 284 768 311; x_wconf 83' lang='grc' dir='ltr'><strong>ἀπό</strong></span> <span class='ocrx_word' id='word_1_8' title='bbox 797 291 868 314; x_wconf 80' lang='grc' dir='ltr'>τινος</span> <span class='ocrx_word' id='word_1_9' title='bbox 893 281 993 317; x_wconf 86' lang='grc' dir='ltr'>ὲτύμου</span> <span class='ocrx_word' id='word_1_10' title='bbox 1009 282 1032 310; x_wconf 76' lang='grc' dir='ltr'>Α</span> 
     </span>
    </p>
   </div>
   <div class='ocr_carea' id='block_1_3' title="bbox 199 328 995 368">
    <p class='ocr_par' dir='ltr' id='par_1_3' title="bbox 199 328 995 368">
     <span class='ocr_line' id='line_1_3' title="bbox 199 328 995 368; baseline -0.008 -8"><span class='ocrx_word' id='word_1_11' title='bbox 199 329 321 367; x_wconf 75' lang='grc' dir='ltr'>τεθείσης</span> <span class='ocrx_word' id='word_1_12' title='bbox 336 332 469 367; x_wconf 76' lang='grc' dir='ltr'><strong>ἑκατέρας</strong></span> <span class='ocrx_word' id='word_1_13' title='bbox 481 332 530 368; x_wconf 82' lang='grc' dir='ltr'>τῆς</span> <span class='ocrx_word' id='word_1_14' title='bbox 546 330 741 367; x_wconf 73' lang='grc' dir='ltr'>προσηγορίας.</span> <span class='ocrx_word' id='word_1_15' title='bbox 768 328 995 364; x_wconf 85' lang='grc' dir='ltr'>Μεθερμηνευόν-</span> 
     </span>
    </p>
   </div>
   <div class='ocr_carea' id='block_1_4' title="bbox 199 374 994 413">
    <p class='ocr_par' dir='ltr' id='par_1_4' title="bbox 199 374 994 413">
     <span class='ocr_line' id='line_1_4' title="bbox 199 374 994 413; baseline -0.006 -8"><span class='ocrx_word' id='word_1_16' title='bbox 199 385 252 405; x_wconf 78' lang='grc' dir='ltr'><strong>των</strong></span> <span class='ocrx_word' id='word_1_17' title='bbox 279 378 334 413; x_wconf 83' lang='grc' dir='ltr'>γὰρ</span> <span class='ocrx_word' id='word_1_18' title='bbox 358 378 459 405; x_wconf 83' lang='grc' dir='ltr'>τούτων</span> <span class='ocrx_word' id='word_1_19' title='bbox 483 379 524 410; x_wconf 82' lang='grc' dir='ltr'>εἰς</span> <span class='ocrx_word' id='word_1_20' title='bbox 544 378 589 404; x_wconf 78' lang='grc' dir='ltr'><strong>τὸν</strong></span> <span class='ocrx_word' id='word_1_21' title='bbox 612 376 767 412; x_wconf 82' lang='grc' dir='ltr'>Ἑλληνικὸν</span> <span class='ocrx_word' id='word_1_22' title='bbox 783 376 832 411; x_wconf 82' lang='grc' dir='ltr'>τῆς</span> <span class='ocrx_word' id='word_1_23' title='bbox 852 374 994 402; x_wconf 80' lang='grc' dir='ltr'><strong>διαλέκτου</strong></span> 
     </span>
    </p>
   </div>
   <div class='ocr_carea' id='block_1_5' title="bbox 199 420 994 460">
    <p class='ocr_par' dir='ltr' id='par_1_5' title="bbox 199 420 994 460">
     <span class='ocr_line' id='line_1_5' title="bbox 199 420 994 460; baseline -0.005 -9"><span class='ocrx_word' id='word_1_24' title='bbox 199 424 310 460; x_wconf 77' lang='grc' dir='ltr'><strong>τρόπον,</strong></span> <span class='ocrx_word' id='word_1_25' title='bbox 325 421 396 451; x_wconf 79' lang='grc' dir='ltr'>εἶναι</span> <span class='ocrx_word' id='word_1_26' title='bbox 417 424 466 459; x_wconf 87' lang='grc' dir='ltr'><strong>μὲν</strong></span> <span class='ocrx_word' id='word_1_27' title='bbox 490 424 535 450; x_wconf 77' lang='grc' dir='ltr'>τὸν</span> <span class='ocrx_word' id='word_1_28' title='bbox 548 424 655 459; x_wconf 88' lang='grc' dir='ltr'>Ὄσιριν</span> <span class='ocrx_word' id='word_1_29' title='bbox 672 421 892 457; x_wconf 67' lang='grc' dir='ltr'>πολυόφθαλμον·</span> <span class='ocrx_word' id='word_1_30' title='bbox 920 420 994 448; x_wconf 75' lang='grc' dir='ltr'>εἰκά-</span> 
     </span>
    </p>
   </div>
   <div class='ocr_carea' id='block_1_6' title="bbox 200 467 994 506">
    <p class='ocr_par' dir='ltr' id='par_1_6' title="bbox 200 467 994 506">
     <span class='ocr_line' id='line_1_6' title="bbox 200 467 994 506; baseline -0.003 -10"><span class='ocrx_word' id='word_1_31' title='bbox 200 478 254 502; x_wconf 83' lang='grc' dir='ltr'><strong>τως</strong></span> <span class='ocrx_word' id='word_1_32' title='bbox 265 478 273 486; x_wconf 91' lang='grc'><strong>·</strong></span> <span class='ocrx_word' id='word_1_33' title='bbox 283 471 365 497; x_wconf 80' lang='grc' dir='ltr'>παντὶ</span> <span class='ocrx_word' id='word_1_34' title='bbox 380 477 394 491; x_wconf 73' lang='grc' dir='ltr'>ι</span> <span class='ocrx_word' id='word_1_35' title='bbox 413 471 468 506; x_wconf 83' lang='grc' dir='ltr'>γὰρ</span> <span class='ocrx_word' id='word_1_36' title='bbox 492 470 672 498; x_wconf 76' lang='grc' dir='ltr'>ἐπιϐάλλοντα</span> <span class='ocrx_word' id='word_1_37' title='bbox 694 469 744 501; x_wconf 82' lang='grc' dir='ltr'>τὰς</span> <span class='ocrx_word' id='word_1_38' title='bbox 761 470 885 500; x_wconf 82' lang='grc' dir='ltr'>ἀκτῖνας,</span> <span class='ocrx_word' id='word_1_39' title='bbox 898 467 994 503; x_wconf 87' lang='grc' dir='ltr'>ὥσπερ</span> 
     </span>
    </p>
   </div>
   <div class='ocr_carea' id='block_1_7' title="bbox 201 515 992 552">
    <p class='ocr_par' dir='ltr' id='par_1_7' title="bbox 201 515 992 552">
     <span class='ocr_line' id='line_1_7' title="bbox 201 515 992 552; baseline -0.003 -9"><span class='ocrx_word' id='word_1_40' title='bbox 201 516 349 551; x_wconf 61' lang='grc' dir='ltr'>ὀφθαλμοῖς</span> <span class='ocrx_word' id='word_1_41' title='bbox 358 517 464 548; x_wconf 76' lang='grc' dir='ltr'>πολλοῖς</span> <span class='ocrx_word' id='word_1_42' title='bbox 478 517 587 552; x_wconf 77' lang='grc' dir='ltr'>βλέπειν</span> <span class='ocrx_word' id='word_1_43' title='bbox 598 516 706 543; x_wconf 73' lang='grc' dir='ltr'>ἃπασαν</span> <span class='ocrx_word' id='word_1_44' title='bbox 720 516 772 551; x_wconf 75' lang='grc' dir='ltr'><strong>γῆν</strong></span> <span class='ocrx_word' id='word_1_45' title='bbox 784 515 831 541; x_wconf 74' lang='grc' dir='ltr'>καὶ</span> <span class='ocrx_word' id='word_1_46' title='bbox 846 515 992 541; x_wconf 80' lang='grc' dir='ltr'>θάλασσαν·</span> 
     </span>
    </p>
   </div>
   <div class='ocr_carea' id='block_1_8' title="bbox 200 559 944 597">
    <p class='ocr_par' dir='ltr' id='par_1_8' title="bbox 200 559 944 597">
     <span class='ocr_line' id='line_1_8' title="bbox 200 559 944 597; baseline -0.003 -10"><span class='ocrx_word' id='word_1_47' title='bbox 200 560 306 588; x_wconf 74' lang='grc' dir='ltr'>καὶτὸν</span> <span class='ocrx_word' id='word_1_48' title='bbox 322 562 436 588; x_wconf 55' lang='grc' dir='ltr'>ποιητὴν</span> <span class='ocrx_word' id='word_1_49' title='bbox 454 561 510 597; x_wconf 66' lang='grc'>(26)</span> <span class='ocrx_word' id='word_1_50' title='bbox 525 561 554 588; x_wconf 81' lang='grc' dir='ltr'><strong>δὲ</strong></span> <span class='ocrx_word' id='word_1_51' title='bbox 575 561 666 595; x_wconf 75' lang='grc' dir='ltr'>λέγειν</span> <span class='ocrx_word' id='word_1_52' title='bbox 685 560 818 596; x_wconf 68' lang='grc' dir='ltr'>σύμφωνα</span> <span class='ocrx_word' id='word_1_53' title='bbox 829 559 944 590; x_wconf 69' lang='grc' dir='ltr'>τούτοις*</span> 
     </span>
    </p>
   </div>
   <div class='ocr_carea' id='block_1_9' title="bbox 242 710 993 747">
    <p class='ocr_par' dir='ltr' id='par_1_9' title="bbox 242 710 993 747">
     <span class='ocr_line' id='line_1_9' title="bbox 242 710 993 747; baseline -0.001 -8"><span class='ocrx_word' id='word_1_54' title='bbox 242 711 357 745; x_wconf 78' lang='grc' dir='ltr'><strong>Ἠέλιός</strong></span> <span class='ocrx_word' id='word_1_55' title='bbox 364 712 400 746; x_wconf 77' lang='grc' dir='ltr'>θ’,</span> <span class='ocrx_word' id='word_1_56' title='bbox 412 713 446 746; x_wconf 76' lang='grc' dir='ltr'>ὃς</span> <span class='ocrx_word' id='word_1_57' title='bbox 458 713 545 740; x_wconf 77' lang='grc' dir='ltr'>πάντ’</span> <span class='ocrx_word' id='word_1_58' title='bbox 558 711 662 747; x_wconf 63' lang='grc' dir='ltr'>ἐφορᾷ,</span> <span class='ocrx_word' id='word_1_59' title='bbox 682 711 731 739; x_wconf 77' lang='grc' dir='ltr'>καὶ</span> <span class='ocrx_word' id='word_1_60' title='bbox 743 710 829 738; x_wconf 71' lang='grc' dir='ltr'>πάντ’</span> <span class='ocrx_word' id='word_1_61' title='bbox 842 711 993 738; x_wconf 79' lang='grc' dir='ltr'>ἐπακούει.</span> 
     </span>
    </p>
   </div>
   <div class='ocr_carea' id='block_1_10' title="bbox 200 767 994 805">
    <p class='ocr_par' dir='ltr' id='par_1_10' title="bbox 200 767 994 805">
     <span class='ocr_line' id='line_1_10' title="bbox 200 767 994 805; baseline 0 -12"><span class='ocrx_word' id='word_1_62' title='bbox 200 767 260 795; x_wconf 84' lang='grc' dir='ltr'>Τῶν</span> <span class='ocrx_word' id='word_1_63' title='bbox 285 768 314 794; x_wconf 79' lang='grc' dir='ltr'><strong>δὲ</strong></span> <span class='ocrx_word' id='word_1_64' title='bbox 342 769 407 805; x_wconf 82' lang='grc' dir='ltr'>παρ’</span> <span class='ocrx_word' id='word_1_65' title='bbox 426 769 538 805; x_wconf 85' lang='grc' dir='ltr'>Ἕλλησι</span> <span class='ocrx_word' id='word_1_66' title='bbox 569 769 653 796; x_wconf 81' lang='grc' dir='ltr'>πάλαι</span> <span class='ocrx_word' id='word_1_67' title='bbox 670 768 825 804; x_wconf 84' lang='grc' dir='ltr'>μυθολόγων</span> <span class='ocrx_word' id='word_1_68' title='bbox 850 768 922 799; x_wconf 76' lang='grc' dir='ltr'>τινὲς</span> <span class='ocrx_word' id='word_1_69' title='bbox 949 767 994 794; x_wconf 77' lang='grc' dir='ltr'><strong>τὸν</strong></span> 
     </span>
    </p>
   </div>
   <div class='ocr_carea' id='block_1_11' title="bbox 202 813 992 852">
    <p class='ocr_par' dir='ltr' id='par_1_11' title="bbox 202 813 992 852">
     <span class='ocr_line' id='line_1_11' title="bbox 202 813 992 852; baseline 0 -12"><span class='ocrx_word' id='word_1_70' title='bbox 202 814 319 850; x_wconf 84' lang='grc' dir='ltr'>Ὄσιριν,</span> <span class='ocrx_word' id='word_1_71' title='bbox 333 815 459 842; x_wconf 85' lang='grc' dir='ltr'>Διόνυσον</span> <span class='ocrx_word' id='word_1_72' title='bbox 490 817 735 852; x_wconf 80' lang='grc' dir='ltr'><strong>προσαγορεύουσι,</strong></span> <span class='ocrx_word' id='word_1_73' title='bbox 765 814 811 840; x_wconf 80' lang='grc' dir='ltr'><strong>καὶ</strong></span> <span class='ocrx_word' id='word_1_74' title='bbox 830 813 926 850; x_wconf 86' lang='grc' dir='ltr'>Σύριον</span> <span class='ocrx_word' id='word_1_75' title='bbox 942 823 992 840; x_wconf 87' lang='grc' dir='ltr'>πα-</span> 
     </span>
    </p>
   </div>
   <div class='ocr_carea' id='block_1_12' title="bbox 201 856 995 896">
    <p class='ocr_par' dir='ltr' id='par_1_12' title="bbox 201 856 995 896">
     <span class='ocr_line' id='line_1_12' title="bbox 201 856 995 896; baseline -0.004 -11"><span class='ocrx_word' id='word_1_76' title='bbox 201 858 342 894; x_wconf 79' lang='grc' dir='ltr'>ρωνύμως.</span> <span class='ocrx_word' id='word_1_77' title='bbox 352 856 401 885; x_wconf 71' lang='grc' dir='ltr'><strong>’Ὧν</strong></span> <span class='ocrx_word' id='word_1_78' title='bbox 411 859 555 896; x_wconf 80' lang='grc' dir='ltr'>Εΰμολπος</span> <span class='ocrx_word' id='word_1_79' title='bbox 567 859 622 895; x_wconf 66' lang='grc' dir='ltr'><strong>μὲνι</strong></span> <span class='ocrx_word' id='word_1_80' title='bbox 631 860 658 885; x_wconf 79' lang='grc' dir='ltr'>ὲν</span> <span class='ocrx_word' id='word_1_81' title='bbox 669 860 725 890; x_wconf 85' lang='grc' dir='ltr'>τοῖς</span> <span class='ocrx_word' id='word_1_82' title='bbox 736 857 897 893; x_wconf 74' lang='grc' dir='ltr'><strong>Βακχικοῖς</strong></span> <span class='ocrx_word' id='word_1_83' title='bbox 907 856 995 884; x_wconf 76' lang='grc' dir='ltr'>ἔπεσι</span> 
     </span>
    </p>
   </div>
   <div class='ocr_carea' id='block_1_13' title="bbox 201 913 292 940">
    <p class='ocr_par' dir='ltr' id='par_1_13' title="bbox 201 913 292 940">
     <span class='ocr_line' id='line_1_13' title="bbox 201 913 292 940; baseline 0 -9"><span class='ocrx_word' id='word_1_84' title='bbox 201 913 292 940; x_wconf 73' lang='grc' dir='ltr'>φησιν·</span> 
     </span>
    </p>
   </div>
   <div class='ocr_carea' id='block_1_14' title="bbox 1008 965 1029 993">
    <p class='ocr_par' dir='ltr' id='par_1_14' title="bbox 1008 965 1029 993">
     <span class='ocr_line' id='line_1_14' title="bbox 1008 965 1029 993; baseline 0 -2"><span class='ocrx_word' id='word_1_85' title='bbox 1008 965 1029 993; x_wconf 90' lang='grc' dir='ltr'><strong>Β</strong></span> 
     </span>
    </p>
   </div>
   <div class='ocr_carea' id='block_1_15' title="bbox 245 1002 965 1038">
    <p class='ocr_par' dir='ltr' id='par_1_15' title="bbox 245 1002 965 1038">
     <span class='ocr_line' id='line_1_15' title="bbox 245 1002 965 1038; baseline -0.003 -8"><span class='ocrx_word' id='word_1_86' title='bbox 245 1003 408 1038; x_wconf 59' lang='grc' dir='ltr'>Ἀστροραῆ</span> <span class='ocrx_word' id='word_1_87' title='bbox 426 1003 575 1030; x_wconf 75' lang='grc' dir='ltr'>Διόνυσον</span> <span class='ocrx_word' id='word_1_88' title='bbox 589 1003 626 1030; x_wconf 76' lang='grc' dir='ltr'>ἐν</span> <span class='ocrx_word' id='word_1_89' title='bbox 639 1002 799 1030; x_wconf 79' lang='grc' dir='ltr'><strong>ἀκτίνεσσι</strong></span> <span class='ocrx_word' id='word_1_90' title='bbox 813 1003 965 1035; x_wconf 76' lang='grc' dir='ltr'>πυρωπόν.</span> 
     </span>
    </p>
   </div>
   <div class='ocr_carea' id='block_1_16' title="bbox 207 1039 381 1075">
    <p class='ocr_par' dir='ltr' id='par_1_16' title="bbox 207 1039 381 1075">
     <span class='ocr_line' id='line_1_16' title="bbox 207 1039 381 1075; baseline -0.011 -9"><span class='ocrx_word' id='word_1_91' title='bbox 207 1040 322 1075; x_wconf 67' lang='grc' dir='ltr'>’ορ’,εεὺς</span> <span class='ocrx_word' id='word_1_92' title='bbox 337 1039 365 1064; x_wconf 77' lang='grc' dir='ltr'><strong>δέ</strong></span> <span class='ocrx_word' id='word_1_93' title='bbox 375 1046 381 1053; x_wconf 82' lang='grc'><strong><em>“</em></strong></span> 
     </span>
    </p>
   </div>
   <div class='ocr_carea' id='block_1_17' title="bbox 239 1093 991 1128">
    <p class='ocr_par' dir='ltr' id='par_1_17' title="bbox 239 1093 991 1128">
     <span class='ocr_line' id='line_1_17' title="bbox 239 1093 991 1128; baseline -0.001 -7"><span class='ocrx_word' id='word_1_94' title='bbox 239 1093 369 1121; x_wconf 81' lang='grc' dir='ltr'><strong>Τοῧνεκά</strong></span> <span class='ocrx_word' id='word_1_95' title='bbox 379 1102 434 1128; x_wconf 82' lang='grc' dir='ltr'><strong>μιν</strong></span> <span class='ocrx_word' id='word_1_96' title='bbox 442 1093 589 1121; x_wconf 76' lang='grc' dir='ltr'>καλέουσι</span> <span class='ocrx_word' id='word_1_97' title='bbox 604 1093 726 1127; x_wconf 75' lang='grc' dir='ltr'>Φάνητά</span> <span class='ocrx_word' id='word_1_98' title='bbox 734 1103 763 1120; x_wconf 85' lang='grc' dir='ltr'><strong>τε</strong></span> <span class='ocrx_word' id='word_1_99' title='bbox 775 1095 824 1120; x_wconf 79' lang='grc' dir='ltr'>καὶ</span> <span class='ocrx_word' id='word_1_100' title='bbox 835 1094 991 1120; x_wconf 77' lang='grc' dir='ltr'>Διόνυσον.</span> 
     </span>
    </p>
   </div>
   <div class='ocr_carea' id='block_1_18' title="bbox 198 1148 992 1184">
    <p class='ocr_par' dir='ltr' id='par_1_18' title="bbox 198 1148 992 1184">
     <span class='ocr_line' id='line_1_18' title="bbox 198 1148 992 1184; baseline -0.004 -7"><span class='ocrx_word' id='word_1_101' title='bbox 198 1151 267 1177; x_wconf 76' lang='grc' dir='ltr'>Φασὶ</span> <span class='ocrx_word' id='word_1_102' title='bbox 279 1150 309 1176; x_wconf 82' lang='grc' dir='ltr'><em>δέ</em></span> <span class='ocrx_word' id='word_1_103' title='bbox 322 1158 395 1181; x_wconf 84' lang='grc' dir='ltr'>τινες</span> <span class='ocrx_word' id='word_1_104' title='bbox 414 1150 462 1176; x_wconf 81' lang='grc' dir='ltr'>καὶ</span> <span class='ocrx_word' id='word_1_105' title='bbox 485 1149 514 1176; x_wconf 87' lang='grc' dir='ltr'>τὺ</span> <span class='ocrx_word' id='word_1_106' title='bbox 531 1149 641 1184; x_wconf 80' lang='grc' dir='ltr'><strong>ἔναμμα</strong></span> <span class='ocrx_word' id='word_1_107' title='bbox 657 1148 731 1184; x_wconf 72' lang='grc' dir='ltr'>αὑτῷ</span> <span class='ocrx_word' id='word_1_108' title='bbox 745 1149 776 1175; x_wconf 81' lang='grc' dir='ltr'>τὸ</span> <span class='ocrx_word' id='word_1_109' title='bbox 795 1149 844 1184; x_wconf 82' lang='grc' dir='ltr'>τῆς</span> <span class='ocrx_word' id='word_1_110' title='bbox 862 1148 992 1184; x_wconf 77' lang='grc' dir='ltr'>νεϐρίδος,</span> 
     </span>
    </p>
   </div>
   <div class='ocr_carea' id='block_1_19' title="bbox 200 1194 993 1230">
    <p class='ocr_par' dir='ltr' id='par_1_19' title="bbox 200 1194 993 1230">
     <span class='ocr_line' id='line_1_19' title="bbox 200 1194 993 1230; baseline -0.001 -9"><span class='ocrx_word' id='word_1_111' title='bbox 200 1196 253 1222; x_wconf 79' lang='grc' dir='ltr'><strong>ἀπὸ</strong></span> <span class='ocrx_word' id='word_1_112' title='bbox 270 1195 320 1230; x_wconf 82' lang='grc' dir='ltr'>τῆς</span> <span class='ocrx_word' id='word_1_113' title='bbox 344 1194 399 1221; x_wconf 83' lang='grc' dir='ltr'><strong>τῶν</strong></span> <span class='ocrx_word' id='word_1_114' title='bbox 427 1194 535 1230; x_wconf 79' lang='grc' dir='ltr'><strong>ἄστρων</strong></span> <span class='ocrx_word' id='word_1_115' title='bbox 559 1194 694 1226; x_wconf 79' lang='grc' dir='ltr'>ποικιλίας</span> <span class='ocrx_word' id='word_1_116' title='bbox 716 1194 877 1229; x_wconf 75' lang='grc' dir='ltr'>περιῆφθαι.</span> <span class='ocrx_word' id='word_1_117' title='bbox 896 1194 950 1230; x_wconf 79' lang='grc' dir='ltr'>Τὴν</span> <span class='ocrx_word' id='word_1_118' title='bbox 965 1195 993 1221; x_wconf 82' lang='grc' dir='ltr'><strong>δὲ</strong></span> 
     </span>
    </p>
   </div>
   <div class='ocr_carea' id='block_1_20' title="bbox 198 1234 994 1276">
    <p class='ocr_par' dir='ltr' id='par_1_20' title="bbox 198 1234 994 1276">
     <span class='ocr_line' id='line_1_20' title="bbox 198 1234 994 1276; baseline 0 -9"><span class='ocrx_word' id='word_1_119' title='bbox 198 1238 269 1268; x_wconf 83' lang='grc' dir='ltr'>Ἶσιν</span> <span class='ocrx_word' id='word_1_120' title='bbox 292 1240 568 1276; x_wconf 78' lang='grc' dir='ltr'><strong>μεθερμηνευομένην</strong></span> <span class='ocrx_word' id='word_1_121' title='bbox 587 1237 657 1267; x_wconf 82' lang='grc' dir='ltr'>εἶναι</span> <span class='ocrx_word' id='word_1_122' title='bbox 672 1234 818 1270; x_wconf 74' lang='grc' dir='ltr'>Παλαιὰν,</span> <span class='ocrx_word' id='word_1_123' title='bbox 833 1241 994 1276; x_wconf 80' lang='grc' dir='ltr'><strong>τεθειμένης</strong></span> 
     </span>
    </p>
   </div>
   <div class='ocr_carea' id='block_1_21' title="bbox 199 1286 995 1323">
    <p class='ocr_par' dir='ltr' id='par_1_21' title="bbox 199 1286 995 1323">
     <span class='ocr_line' id='line_1_21' title="bbox 199 1286 995 1323; baseline 0 -9"><span class='ocrx_word' id='word_1_124' title='bbox 199 1288 248 1323; x_wconf 78' lang='grc' dir='ltr'><strong>τῆς</strong></span> <span class='ocrx_word' id='word_1_125' title='bbox 260 1287 448 1323; x_wconf 78' lang='grc' dir='ltr'>προσηγορίας</span> <span class='ocrx_word' id='word_1_126' title='bbox 463 1288 496 1322; x_wconf 80' lang='grc' dir='ltr'>τῇ</span> <span class='ocrx_word' id='word_1_127' title='bbox 515 1286 615 1322; x_wconf 79' lang='grc' dir='ltr'>σελήνῃ</span> <span class='ocrx_word' id='word_1_128' title='bbox 627 1286 681 1313; x_wconf 85' lang='grc' dir='ltr'><strong>ἀπὸ</strong></span> <span class='ocrx_word' id='word_1_129' title='bbox 697 1287 747 1322; x_wconf 79' lang='grc' dir='ltr'>τῆς</span> <span class='ocrx_word' id='word_1_130' title='bbox 769 1287 853 1313; x_wconf 79' lang='grc' dir='ltr'><strong>ἀϊδίου</strong></span> <span class='ocrx_word' id='word_1_131' title='bbox 878 1288 924 1314; x_wconf 74' lang='grc' dir='ltr'><strong>καὶ</strong></span> <span class='ocrx_word' id='word_1_132' title='bbox 942 1296 995 1314; x_wconf 77' lang='grc' dir='ltr'>πα-</span> 
     </span>
    </p>
   </div>
   <div class='ocr_carea' id='block_1_22' title="bbox 198 1333 994 1368">
    <p class='ocr_par' dir='ltr' id='par_1_22' title="bbox 198 1333 994 1368">
     <span class='ocr_line' id='line_1_22' title="bbox 198 1333 994 1368; baseline 0.001 -9"><span class='ocrx_word' id='word_1_133' title='bbox 198 1333 277 1364; x_wconf 78' lang='grc' dir='ltr'>λαιᾶς</span> <span class='ocrx_word' id='word_1_134' title='bbox 288 1333 432 1367; x_wconf 79' lang='grc' dir='ltr'>γενέσεως.</span> <span class='ocrx_word' id='word_1_135' title='bbox 455 1333 567 1368; x_wconf 78' lang='grc' dir='ltr'>Κέρατα</span> <span class='ocrx_word' id='word_1_136' title='bbox 581 1333 602 1359; x_wconf 81' lang='grc' dir='ltr'><strong>δ’</strong></span> <span class='ocrx_word' id='word_1_137' title='bbox 629 1333 697 1368; x_wconf 70' lang='grc' dir='ltr'>αὐτῇ</span> <span class='ocrx_word' id='word_1_138' title='bbox 718 1333 921 1368; x_wconf 74' lang='grc' dir='ltr'>περιτιθέασιν,</span> <span class='ocrx_word' id='word_1_139' title='bbox 941 1333 994 1360; x_wconf 81' lang='grc' dir='ltr'><strong>ἀπό</strong></span> 
     </span>
    </p>
   </div>
   <div class='ocr_carea' id='block_1_23' title="bbox 198 1378 993 1415">
    <p class='ocr_par' dir='ltr' id='par_1_23' title="bbox 198 1378 993 1415">
     <span class='ocr_line' id='line_1_23' title="bbox 198 1378 993 1415; baseline 0.001 -10"><span class='ocrx_word' id='word_1_140' title='bbox 198 1387 228 1405; x_wconf 86' lang='grc' dir='ltr'><strong>τε</strong></span> <span class='ocrx_word' id='word_1_141' title='bbox 242 1379 290 1414; x_wconf 85' lang='grc' dir='ltr'>τῆς</span> <span class='ocrx_word' id='word_1_142' title='bbox 305 1378 402 1413; x_wconf 64' lang='grc' dir='ltr'>ὅψεως,</span> <span class='ocrx_word' id='word_1_143' title='bbox 417 1378 449 1413; x_wconf 83' lang='grc' dir='ltr'><strong>ἣν</strong></span> <span class='ocrx_word' id='word_1_144' title='bbox 461 1378 559 1413; x_wconf 78' lang='grc' dir='ltr'>ἔχουσα</span> <span class='ocrx_word' id='word_1_145' title='bbox 573 1378 708 1412; x_wconf 76' lang='grc' dir='ltr'>φαίνεται,</span> <span class='ocrx_word' id='word_1_146' title='bbox 723 1380 784 1405; x_wconf 74' lang='grc' dir='ltr'>καθ’</span> <span class='ocrx_word' id='word_1_147' title='bbox 797 1379 825 1405; x_wconf 81' lang='grc' dir='ltr'>ὃν</span> <span class='ocrx_word' id='word_1_148' title='bbox 845 1379 876 1406; x_wconf 79' lang='grc' dir='ltr'>ἂν</span> <span class='ocrx_word' id='word_1_149' title='bbox 898 1380 993 1415; x_wconf 81' lang='grc' dir='ltr'>χρόνον</span> 
     </span>
    </p>
   </div>
   <div class='ocr_carea' id='block_1_24' title="bbox 200 1423 993 1461">
    <p class='ocr_par' dir='ltr' id='par_1_24' title="bbox 200 1423 993 1461">
     <span class='ocr_line' id='line_1_24' title="bbox 200 1423 993 1461; baseline 0.003 -11"><span class='ocrx_word' id='word_1_150' title='bbox 200 1424 309 1460; x_wconf 78' lang='grc' dir='ltr'>ὑπάρχῃ</span> <span class='ocrx_word' id='word_1_151' title='bbox 328 1423 487 1459; x_wconf 80' lang='grc' dir='ltr'>μηνοειδής,</span> <span class='ocrx_word' id='word_1_152' title='bbox 506 1424 552 1450; x_wconf 77' lang='grc' dir='ltr'><strong>καὶ</strong></span> <span class='ocrx_word' id='word_1_153' title='bbox 568 1424 623 1450; x_wconf 84' lang='grc' dir='ltr'>ἀπὸ</span> <span class='ocrx_word' id='word_1_154' title='bbox 635 1424 684 1459; x_wconf 82' lang='grc' dir='ltr'>τῆς</span> <span class='ocrx_word' id='word_1_155' title='bbox 707 1425 912 1461; x_wconf 72' lang='grc' dir='ltr'>καθιερωμένης</span> <span class='ocrx_word' id='word_1_156' title='bbox 925 1426 993 1461; x_wconf 76' lang='grc' dir='ltr'>αὐτῇ</span> 
     </span>
    </p>
   </div>
   <div class='ocr_carea' id='block_1_25' title="bbox 200 1469 996 1505">
    <p class='ocr_par' dir='ltr' id='par_1_25' title="bbox 200 1469 996 1505">
     <span class='ocr_line' id='line_1_25' title="bbox 200 1469 996 1505; baseline 0.004 -10"><span class='ocrx_word' id='word_1_157' title='bbox 200 1469 260 1504; x_wconf 72' lang='grc' dir='ltr'>βοὸς</span> <span class='ocrx_word' id='word_1_158' title='bbox 286 1470 351 1505; x_wconf 81' lang='grc' dir='ltr'>παρ’</span> <span class='ocrx_word' id='word_1_159' title='bbox 375 1469 544 1503; x_wconf 77' lang='grc' dir='ltr'><strong>Αἰγυπτίοις.</strong></span> <span class='ocrx_word' id='word_1_160' title='bbox 570 1469 688 1502; x_wconf 81' lang='grc' dir='ltr'>Τούτους</span> <span class='ocrx_word' id='word_1_161' title='bbox 710 1470 738 1496; x_wconf 75' lang='grc' dir='ltr'><strong>δὲ</strong></span> <span class='ocrx_word' id='word_1_162' title='bbox 754 1472 817 1502; x_wconf 83' lang='grc' dir='ltr'>τοὺς</span> <span class='ocrx_word' id='word_1_163' title='bbox 840 1471 917 1503; x_wconf 80' lang='grc' dir='ltr'>θεοὺς</span> <span class='ocrx_word' id='word_1_164' title='bbox 945 1472 996 1505; x_wconf 73' lang='grc' dir='ltr'><strong>ὑφ-</strong></span> 
     </span>
    </p>
   </div>
   <div class='ocr_carea' id='block_1_26' title="bbox 203 1515 994 1552">
    <p class='ocr_par' dir='ltr' id='par_1_26' title="bbox 203 1515 994 1552">
     <span class='ocr_line' id='line_1_26' title="bbox 203 1515 994 1552; baseline 0.003 -10"><span class='ocrx_word' id='word_1_165' title='bbox 203 1516 322 1543; x_wconf 82' lang='grc' dir='ltr'>ίστανται</span> <span class='ocrx_word' id='word_1_166' title='bbox 330 1516 376 1543; x_wconf 79' lang='grc' dir='ltr'><strong>τὸν</strong></span> <span class='ocrx_word' id='word_1_167' title='bbox 384 1515 531 1551; x_wconf 83' lang='grc' dir='ltr'>σύμπαντα</span> <span class='ocrx_word' id='word_1_168' title='bbox 539 1516 641 1551; x_wconf 77' lang='grc' dir='ltr'>κόσμον</span> <span class='ocrx_word' id='word_1_169' title='bbox 648 1516 758 1543; x_wconf 81' lang='grc' dir='ltr'>διοικεῖν</span> <span class='ocrx_word' id='word_1_170' title='bbox 767 1517 846 1552; x_wconf 71' lang='grc'><strong>(26⁸).</strong></span> <span class='ocrx_word' id='word_1_171' title='bbox 855 1527 864 1542; x_wconf 66' lang='grc' dir='ltr'><strong>ι</strong></span> <span class='ocrx_word' id='word_1_172' title='bbox 876 1518 994 1544; x_wconf 75' lang='grc' dir='ltr'>Τοιαῦτα</span> 
     </span>
    </p>
   </div>
   <div class='ocr_carea' id='block_1_27' title="bbox 202 1560 996 1599">
    <p class='ocr_par' dir='ltr' id='par_1_27' title="bbox 202 1560 996 1599">
     <span class='ocr_line' id='line_1_27' title="bbox 202 1560 996 1599; baseline 0.003 -11"><span class='ocrx_word' id='word_1_173' title='bbox 202 1562 252 1597; x_wconf 80' lang='grc' dir='ltr'>μὲν</span> <span class='ocrx_word' id='word_1_174' title='bbox 263 1560 308 1589; x_wconf 80' lang='grc' dir='ltr'>οὖν</span> <span class='ocrx_word' id='word_1_175' title='bbox 323 1562 370 1589; x_wconf 79' lang='grc' dir='ltr'>καὶ</span> <span class='ocrx_word' id='word_1_176' title='bbox 385 1562 483 1588; x_wconf 83' lang='grc' dir='ltr'>ταῦτα.</span> <span class='ocrx_word' id='word_1_177' title='bbox 498 1562 591 1596; x_wconf 77' lang='grc' dir='ltr'>Ἔχεις</span> <span class='ocrx_word' id='word_1_178' title='bbox 602 1561 631 1588; x_wconf 77' lang='grc' dir='ltr'><strong>δὲ</strong></span> <span class='ocrx_word' id='word_1_179' title='bbox 644 1562 691 1588; x_wconf 75' lang='grc' dir='ltr'><strong>καὶ</strong></span> <span class='ocrx_word' id='word_1_180' title='bbox 699 1563 728 1588; x_wconf 81' lang='grc' dir='ltr'><strong>ἑν</strong></span> <span class='ocrx_word' id='word_1_181' title='bbox 738 1564 771 1598; x_wconf 82' lang='grc' dir='ltr'>τῇ</span> <span class='ocrx_word' id='word_1_182' title='bbox 785 1564 922 1599; x_wconf 79' lang='grc' dir='ltr'>Φοινικικῇ</span> <span class='ocrx_word' id='word_1_183' title='bbox 939 1563 996 1590; x_wconf 83' lang='grc' dir='ltr'>θεο-</span> 
     </span>
    </p>
   </div>
   <div class='ocr_carea' id='block_1_28' title="bbox 201 1605 995 1643">
    <p class='ocr_par' dir='ltr' id='par_1_28' title="bbox 201 1605 995 1643">
     <span class='ocr_line' id='line_1_28' title="bbox 201 1605 995 1643; baseline 0.004 -11"><span class='ocrx_word' id='word_1_184' title='bbox 201 1605 289 1641; x_wconf 73' lang='grc' dir='ltr'>λογίᾳ,</span> <span class='ocrx_word' id='word_1_185' title='bbox 301 1607 338 1639; x_wconf 83' lang='grc' dir='ltr'>ὡς</span> <span class='ocrx_word' id='word_1_186' title='bbox 352 1607 405 1642; x_wconf 82' lang='grc' dir='ltr'>ἄρα</span> <span class='ocrx_word' id='word_1_187' title='bbox 419 1607 550 1633; x_wconf 82' lang='grc' dir='ltr'>Φοινίκων</span> <span class='ocrx_word' id='word_1_188' title='bbox 564 1607 589 1632; x_wconf 89' lang='grc' dir='ltr'>οἱ</span> <span class='ocrx_word' id='word_1_189' title='bbox 607 1606 711 1642; x_wconf 74' lang='grc' dir='ltr'>πρῶτοι</span> <span class='ocrx_word' id='word_1_190' title='bbox 722 1608 840 1642; x_wconf 76' lang='grc' dir='ltr'>φυσικοὶ,</span> <span class='ocrx_word' id='word_1_191' title='bbox 857 1608 932 1643; x_wconf 79' lang='grc' dir='ltr'>ἣλιον</span> <span class='ocrx_word' id='word_1_192' title='bbox 949 1610 995 1635; x_wconf 84' lang='grc' dir='ltr'>καὶ</span> 
     </span>
    </p>
   </div>
   <div class='ocr_carea' id='block_1_29' title="bbox 202 1643 1032 1689">
    <p class='ocr_par' dir='ltr' id='par_1_29' title="bbox 202 1643 1032 1689">
     <span class='ocr_line' id='line_1_29' title="bbox 202 1643 1032 1689; baseline 0.002 -10"><span class='ocrx_word' id='word_1_193' title='bbox 202 1653 326 1689; x_wconf 81' lang='grc' dir='ltr'>σελήνην,</span> <span class='ocrx_word' id='word_1_194' title='bbox 341 1653 389 1680; x_wconf 81' lang='grc' dir='ltr'><strong>καί</strong></span> <span class='ocrx_word' id='word_1_195' title='bbox 404 1654 468 1684; x_wconf 79' lang='grc' dir='ltr'>τοὺς</span> <span class='ocrx_word' id='word_1_196' title='bbox 482 1653 594 1684; x_wconf 79' lang='grc' dir='ltr'>λοιποὺς</span> <span class='ocrx_word' id='word_1_197' title='bbox 607 1653 747 1688; x_wconf 80' lang='grc' dir='ltr'>πλανήτας</span> <span class='ocrx_word' id='word_1_198' title='bbox 757 1653 884 1689; x_wconf 79' lang='grc' dir='ltr'><strong>ἀστέρας,</strong></span> <span class='ocrx_word' id='word_1_199' title='bbox 901 1655 948 1680; x_wconf 76' lang='grc' dir='ltr'><strong>καὶ</strong></span> <span class='ocrx_word' id='word_1_200' title='bbox 963 1655 997 1682; x_wconf 82' lang='grc' dir='ltr'>τὰ</span> <span class='ocrx_word' id='word_1_201' title='bbox 1011 1643 1032 1671; x_wconf 76' lang='lat' dir='ltr'><strong><em>C</em></strong></span> 
     </span>
    </p>
   </div>
   <div class='ocr_carea' id='block_1_30' title="bbox 201 1697 998 1734">
    <p class='ocr_par' dir='ltr' id='par_1_30' title="bbox 201 1697 998 1734">
     <span class='ocr_line' id='line_1_30' title="bbox 201 1697 998 1734; baseline 0.001 -9"><span class='ocrx_word' id='word_1_202' title='bbox 201 1700 331 1734; x_wconf 76' lang='grc' dir='ltr'>στοιχεῖα,</span> <span class='ocrx_word' id='word_1_203' title='bbox 347 1699 395 1726; x_wconf 76' lang='grc' dir='ltr'><strong>καὶ</strong></span> <span class='ocrx_word' id='word_1_204' title='bbox 409 1699 444 1725; x_wconf 76' lang='grc' dir='ltr'>τὰ</span> <span class='ocrx_word' id='word_1_205' title='bbox 457 1699 562 1731; x_wconf 83' lang='grc' dir='ltr'>τούτοις</span> <span class='ocrx_word' id='word_1_206' title='bbox 575 1699 693 1734; x_wconf 67' lang='grc' dir='ltr'>συναφῆ,</span> <span class='ocrx_word' id='word_1_207' title='bbox 712 1697 790 1730; x_wconf 83' lang='grc' dir='ltr'>θεοὺς</span> <span class='ocrx_word' id='word_1_208' title='bbox 810 1699 889 1733; x_wconf 79' lang='grc' dir='ltr'>μόνον</span> <span class='ocrx_word' id='word_1_209' title='bbox 906 1699 998 1733; x_wconf 74' lang='grc' dir='ltr'>ἐγίνω-</span> 
     </span>
    </p>
   </div>
   <div class='ocr_carea' id='block_1_31' title="bbox 201 1745 998 1780">
    <p class='ocr_par' dir='ltr' id='par_1_31' title="bbox 201 1745 998 1780">
     <span class='ocr_line' id='line_1_31' title="bbox 201 1745 998 1780; baseline 0.001 -9"><span class='ocrx_word' id='word_1_210' title='bbox 201 1754 264 1772; x_wconf 82' lang='grc' dir='ltr'>σκον</span> <span class='ocrx_word' id='word_1_211' title='bbox 274 1753 282 1760; x_wconf 89' lang='grc'><strong>·</strong></span> <span class='ocrx_word' id='word_1_212' title='bbox 300 1745 348 1772; x_wconf 74' lang='grc' dir='ltr'><strong>καὶ</strong></span> <span class='ocrx_word' id='word_1_213' title='bbox 358 1746 400 1772; x_wconf 77' lang='grc' dir='ltr'>ὅτι</span> <span class='ocrx_word' id='word_1_214' title='bbox 410 1745 515 1777; x_wconf 81' lang='grc' dir='ltr'>τούτοις</span> <span class='ocrx_word' id='word_1_215' title='bbox 531 1746 556 1772; x_wconf 87' lang='grc' dir='ltr'>οἱ</span> <span class='ocrx_word' id='word_1_216' title='bbox 568 1745 730 1772; x_wconf 72' lang='grc' dir='ltr'>παλαίτατοι</span> <span class='ocrx_word' id='word_1_217' title='bbox 741 1745 775 1771; x_wconf 80' lang='grc' dir='ltr'>τὰ</span> <span class='ocrx_word' id='word_1_218' title='bbox 789 1746 837 1780; x_wconf 82' lang='grc' dir='ltr'>τῆς</span> <span class='ocrx_word' id='word_1_219' title='bbox 853 1745 906 1780; x_wconf 84' lang='grc' dir='ltr'>γῆς</span> <span class='ocrx_word' id='word_1_220' title='bbox 919 1746 998 1780; x_wconf 71' lang='grc' dir='ltr'><strong>ἀφιέ-</strong></span> 
     </span>
    </p>
   </div>
   <div class='ocr_carea' id='block_1_32' title="bbox 202 1789 998 1827">
    <p class='ocr_par' dir='ltr' id='par_1_32' title="bbox 202 1789 998 1827">
     <span class='ocr_line' id='line_1_32' title="bbox 202 1789 998 1827; baseline 0.004 -12"><span class='ocrx_word' id='word_1_221' title='bbox 202 1797 292 1824; x_wconf 75' lang='grc' dir='ltr'>ρωσαν</span> <span class='ocrx_word' id='word_1_222' title='bbox 307 1789 497 1825; x_wconf 70' lang='grc' dir='ltr'>βλαστήματα,</span> <span class='ocrx_word' id='word_1_223' title='bbox 514 1790 560 1816; x_wconf 78' lang='grc' dir='ltr'>καὶ</span> <span class='ocrx_word' id='word_1_224' title='bbox 578 1790 656 1822; x_wconf 76' lang='grc' dir='ltr'>θεοὺς</span> <span class='ocrx_word' id='word_1_225' title='bbox 672 1791 819 1825; x_wconf 78' lang='grc' dir='ltr'>ἐνόμισαν,</span> <span class='ocrx_word' id='word_1_226' title='bbox 842 1791 888 1817; x_wconf 79' lang='grc' dir='ltr'><strong>καὶ</strong></span> <span class='ocrx_word' id='word_1_227' title='bbox 913 1800 998 1827; x_wconf 83' lang='grc' dir='ltr'>προσ-</span> 
     </span>
    </p>
   </div>
   <div class='ocr_carea' id='block_1_33' title="bbox 200 1832 997 1870">
    <p class='ocr_par' dir='ltr' id='par_1_33' title="bbox 200 1832 997 1870">
     <span class='ocr_line' id='line_1_33' title="bbox 200 1832 997 1870; baseline 0.003 -9"><span class='ocrx_word' id='word_1_228' title='bbox 200 1834 314 1861; x_wconf 77' lang='grc' dir='ltr'>εκύνουν</span> <span class='ocrx_word' id='word_1_229' title='bbox 336 1834 440 1868; x_wconf 72' lang='grc' dir='ltr'>ταῦτα,</span> <span class='ocrx_word' id='word_1_230' title='bbox 464 1836 512 1869; x_wconf 78' lang='grc' dir='ltr'><strong>ἀφ’</strong></span> <span class='ocrx_word' id='word_1_231' title='bbox 528 1832 566 1862; x_wconf 82' lang='grc' dir='ltr'>ὧν</span> <span class='ocrx_word' id='word_1_232' title='bbox 588 1835 665 1862; x_wconf 77' lang='grc' dir='ltr'>αὐτοί</span> <span class='ocrx_word' id='word_1_233' title='bbox 679 1844 708 1862; x_wconf 89' lang='grc' dir='ltr'><strong>τε</strong></span> <span class='ocrx_word' id='word_1_234' title='bbox 721 1835 878 1870; x_wconf 73' lang='grc' dir='ltr'>διεγένοντο,</span> <span class='ocrx_word' id='word_1_235' title='bbox 902 1837 949 1863; x_wconf 80' lang='grc' dir='ltr'><strong>καὶ</strong></span> <span class='ocrx_word' id='word_1_236' title='bbox 973 1838 997 1863; x_wconf 83' lang='grc' dir='ltr'>οἱ</span> 
     </span>
    </p>
   </div>
   <div class='ocr_carea' id='block_1_34' title="bbox 201 1879 998 1916">
    <p class='ocr_par' dir='ltr' id='par_1_34' title="bbox 201 1879 998 1916">
     <span class='ocr_line' id='line_1_34' title="bbox 201 1879 998 1916; baseline 0.004 -11"><span class='ocrx_word' id='word_1_237' title='bbox 201 1879 341 1914; x_wconf 82' lang='grc' dir='ltr'>ἑπόμενοι,</span> <span class='ocrx_word' id='word_1_238' title='bbox 366 1880 413 1906; x_wconf 75' lang='grc' dir='ltr'><strong>καὶ</strong></span> <span class='ocrx_word' id='word_1_239' title='bbox 435 1880 460 1906; x_wconf 87' lang='grc' dir='ltr'>οἱ</span> <span class='ocrx_word' id='word_1_240' title='bbox 484 1880 538 1915; x_wconf 82' lang='grc' dir='ltr'><strong>πρὸ</strong></span> <span class='ocrx_word' id='word_1_241' title='bbox 558 1879 648 1906; x_wconf 78' lang='grc' dir='ltr'>αὐτῶν</span> <span class='ocrx_word' id='word_1_242' title='bbox 673 1880 784 1912; x_wconf 84' lang='grc' dir='ltr'>πάντες,</span> <span class='ocrx_word' id='word_1_243' title='bbox 802 1881 849 1907; x_wconf 77' lang='grc' dir='ltr'>καὶ</span> <span class='ocrx_word' id='word_1_244' title='bbox 871 1881 936 1916; x_wconf 81' lang='grc' dir='ltr'>χοὰς</span> <span class='ocrx_word' id='word_1_245' title='bbox 951 1882 998 1908; x_wconf 79' lang='grc' dir='ltr'>καὶ</span> 
     </span>
    </p>
   </div>
   <div class='ocr_carea' id='block_1_35' title="bbox 200 1923 998 1963">
    <p class='ocr_par' dir='ltr' id='par_1_35' title="bbox 200 1923 998 1963">
     <span class='ocr_line' id='line_1_35' title="bbox 200 1923 998 1963; baseline 0.004 -12"><span class='ocrx_word' id='word_1_246' title='bbox 200 1925 342 1960; x_wconf 86' lang='grc' dir='ltr'>ὲπιχύσεις</span> <span class='ocrx_word' id='word_1_247' title='bbox 352 1925 471 1952; x_wconf 75' lang='grc' dir='ltr'>ἐτέλουν,</span> <span class='ocrx_word' id='word_1_248' title='bbox 487 1926 580 1952; x_wconf 87' lang='grc' dir='ltr'>Ἐλεον</span> <span class='ocrx_word' id='word_1_249' title='bbox 593 1925 622 1952; x_wconf 83' lang='grc' dir='ltr'><strong>δὲ</strong></span> <span class='ocrx_word' id='word_1_250' title='bbox 634 1926 681 1953; x_wconf 75' lang='grc' dir='ltr'>καὶ</span> <span class='ocrx_word' id='word_1_251' title='bbox 693 1923 784 1953; x_wconf 82' lang='grc' dir='ltr'>οἶκτον</span> <span class='ocrx_word' id='word_1_252' title='bbox 797 1928 844 1953; x_wconf 81' lang='grc' dir='ltr'>καὶ</span> <span class='ocrx_word' id='word_1_253' title='bbox 859 1927 998 1963; x_wconf 76' lang='grc' dir='ltr'>κλαυθμὸν</span> 
     </span>
    </p>
   </div>
   <div class='ocr_carea' id='block_1_36' title="bbox 203 1971 997 2008">
    <p class='ocr_par' dir='ltr' id='par_1_36' title="bbox 203 1971 997 2008">
     <span class='ocr_line' id='line_1_36' title="bbox 203 1971 997 2008; baseline 0.005 -11"><span class='ocrx_word' id='word_1_254' title='bbox 203 1971 373 2007; x_wconf 77' lang='grc' dir='ltr'>βλαστήματι</span> <span class='ocrx_word' id='word_1_255' title='bbox 387 1971 438 2007; x_wconf 84' lang='grc' dir='ltr'><strong>γῆς</strong></span> <span class='ocrx_word' id='word_1_256' title='bbox 449 1971 558 1998; x_wconf 78' lang='grc' dir='ltr'>ἀπιόντι</span> <span class='ocrx_word' id='word_1_257' title='bbox 573 1972 727 2008; x_wconf 77' lang='grc' dir='ltr'>καθιέρουν,</span> <span class='ocrx_word' id='word_1_258' title='bbox 741 1972 788 1999; x_wconf 76' lang='grc' dir='ltr'><strong>καὶ</strong></span> <span class='ocrx_word' id='word_1_259' title='bbox 799 1973 904 2007; x_wconf 79' lang='grc' dir='ltr'>γενέσει</span> <span class='ocrx_word' id='word_1_260' title='bbox 920 1974 997 2006; x_wconf 79' lang='grc' dir='ltr'>ζώων</span> 
     </span>
    </p>
   </div>
   <div class='ocr_carea' id='block_1_37' title="bbox 203 2018 996 2056">
    <p class='ocr_par' dir='ltr' id='par_1_37' title="bbox 203 2018 996 2056">
     <span class='ocr_line' id='line_1_37' title="bbox 203 2018 996 2056; baseline 0.004 -12"><span class='ocrx_word' id='word_1_261' title='bbox 203 2019 235 2045; x_wconf 79' lang='grc' dir='ltr'>ὲκ</span> <span class='ocrx_word' id='word_1_262' title='bbox 252 2019 303 2054; x_wconf 81' lang='grc' dir='ltr'>γῆς</span> <span class='ocrx_word' id='word_1_263' title='bbox 317 2018 424 2054; x_wconf 86' lang='grc' dir='ltr'>πρώτῃ,</span> <span class='ocrx_word' id='word_1_264' title='bbox 445 2019 492 2045; x_wconf 85' lang='grc' dir='ltr'>καὶ</span> <span class='ocrx_word' id='word_1_265' title='bbox 502 2019 534 2054; x_wconf 87' lang='grc' dir='ltr'>τῇ</span> <span class='ocrx_word' id='word_1_266' title='bbox 551 2018 580 2052; x_wconf 77' lang='grc' dir='ltr'><strong>ἐξ</strong></span> <span class='ocrx_word' id='word_1_267' title='bbox 593 2019 725 2055; x_wconf 84' lang='grc' dir='ltr'>ἀλλήλων,</span> <span class='ocrx_word' id='word_1_268' title='bbox 739 2020 786 2046; x_wconf 78' lang='grc' dir='ltr'>καὶ</span> <span class='ocrx_word' id='word_1_269' title='bbox 800 2019 923 2056; x_wconf 85' lang='grc' dir='ltr'>τελευτῇ,</span> <span class='ocrx_word' id='word_1_270' title='bbox 934 2021 996 2047; x_wconf 86' lang='grc' dir='ltr'>καθ’</span> 
     </span>
    </p>
   </div>
   <div class='ocr_carea' id='block_1_38' title="bbox 203 2062 998 2102">
    <p class='ocr_par' dir='ltr' id='par_1_38' title="bbox 203 2062 998 2102">
     <span class='ocr_line' id='line_1_38' title="bbox 203 2062 998 2102; baseline 0.004 -12"><span class='ocrx_word' id='word_1_271' title='bbox 203 2065 236 2100; x_wconf 79' lang='grc' dir='ltr'>ἢν</span> <span class='ocrx_word' id='word_1_272' title='bbox 258 2065 303 2091; x_wconf 81' lang='grc' dir='ltr'>τοῦ</span> <span class='ocrx_word' id='word_1_273' title='bbox 318 2063 367 2099; x_wconf 80' lang='grc' dir='ltr'><strong>ζῇν</strong></span> <span class='ocrx_word' id='word_1_274' title='bbox 382 2064 553 2100; x_wconf 83' lang='grc' dir='ltr'>ἀπήρχοντο·</span> <span class='ocrx_word' id='word_1_275' title='bbox 571 2062 652 2092; x_wconf 81' lang='grc' dir='ltr'>αὗται</span> <span class='ocrx_word' id='word_1_276' title='bbox 666 2066 688 2092; x_wconf 85' lang='grc' dir='ltr'><strong>δ’</strong></span> <span class='ocrx_word' id='word_1_277' title='bbox 700 2063 771 2101; x_wconf 84' lang='grc' dir='ltr'>ἦσαν</span> <span class='ocrx_word' id='word_1_278' title='bbox 787 2066 998 2102; x_wconf 76' lang='grc' dir='ltr'>αξὲπίνοιαιτῆς</span> 
     </span>
    </p>
   </div>
   <div class='ocr_carea' id='block_1_39' title="bbox 203 2111 998 2148">
    <p class='ocr_par' dir='ltr' id='par_1_39' title="bbox 203 2111 998 2148">
     <span class='ocr_line' id='line_1_39' title="bbox 203 2111 998 2148; baseline 0.004 -12"><span class='ocrx_word' id='word_1_279' title='bbox 203 2111 427 2146; x_wconf 71' lang='grc' dir='ltr'>προσκυνήσεως,</span> <span class='ocrx_word' id='word_1_280' title='bbox 441 2111 534 2145; x_wconf 80' lang='grc' dir='ltr'>ὅμοιαι</span> <span class='ocrx_word' id='word_1_281' title='bbox 549 2112 582 2146; x_wconf 84' lang='grc' dir='ltr'>τῇ</span> <span class='ocrx_word' id='word_1_282' title='bbox 598 2111 687 2138; x_wconf 75' lang='grc' dir='ltr'>αὐτῶν</span> <span class='ocrx_word' id='word_1_283' title='bbox 704 2112 842 2147; x_wconf 81' lang='grc' dir='ltr'>ἀσθενείᾳ,</span> <span class='ocrx_word' id='word_1_284' title='bbox 854 2112 901 2139; x_wconf 73' lang='grc' dir='ltr'>καὶ</span> <span class='ocrx_word' id='word_1_285' title='bbox 910 2112 998 2148; x_wconf 77' lang='grc' dir='ltr'>ψυχῆς</span> 
     </span>
    </p>
   </div>
   <div class='ocr_carea' id='block_1_40' title="bbox 202 2155 999 2194">
    <p class='ocr_par' dir='ltr' id='par_1_40' title="bbox 202 2155 999 2194">
     <span class='ocr_line' id='line_1_40' title="bbox 202 2155 999 2194; baseline 0.001 -12"><span class='ocrx_word' id='word_1_286' title='bbox 202 2156 244 2182; x_wconf 69' lang='grc' dir='ltr'>ἔτι</span> <span class='ocrx_word' id='word_1_287' title='bbox 258 2155 385 2191; x_wconf 83' lang='grc' dir='ltr'>ἀτολμίᾳ.</span> <span class='ocrx_word' id='word_1_288' title='bbox 406 2155 499 2182; x_wconf 83' lang='grc' dir='ltr'>Ταῦτα</span> <span class='ocrx_word' id='word_1_289' title='bbox 512 2156 559 2182; x_wconf 80' lang='grc' dir='ltr'>καὶ</span> <span class='ocrx_word' id='word_1_290' title='bbox 572 2157 589 2191; x_wconf 87' lang='grc' dir='ltr'>ὴ</span> <span class='ocrx_word' id='word_1_291' title='bbox 601 2156 731 2183; x_wconf 81' lang='grc' dir='ltr'>Φοινίκων</span> <span class='ocrx_word' id='word_1_292' title='bbox 753 2156 845 2194; x_wconf 85' lang='grc' dir='ltr'>γραφὴ</span> <span class='ocrx_word' id='word_1_293' title='bbox 857 2177 865 2189; x_wconf 89' lang='grc'><strong>,</strong></span> <span class='ocrx_word' id='word_1_294' title='bbox 884 2157 922 2189; x_wconf 85' lang='grc' dir='ltr'>ὡς</span> <span class='ocrx_word' id='word_1_295' title='bbox 935 2157 999 2193; x_wconf 83' lang='grc' dir='ltr'><strong>ὲξῆς</strong></span> 
     </span>
    </p>
   </div>
   <div class='ocr_carea' id='block_1_41' title="bbox 202 2201 998 2238">
    <p class='ocr_par' dir='ltr' id='par_1_41' title="bbox 202 2201 998 2238">
     <span class='ocr_line' id='line_1_41' title="bbox 202 2201 998 2238; baseline 0.001 -10"><span class='ocrx_word' id='word_1_296' title='bbox 202 2201 439 2237; x_wconf 77' lang='grc' dir='ltr'>ἀποδειχθήσεται.</span> <span class='ocrx_word' id='word_1_297' title='bbox 468 2201 549 2228; x_wconf 80' lang='grc' dir='ltr'>Ἀλλὰ</span> <span class='ocrx_word' id='word_1_298' title='bbox 568 2201 616 2228; x_wconf 78' lang='grc' dir='ltr'>καὶ</span> <span class='ocrx_word' id='word_1_299' title='bbox 635 2202 690 2228; x_wconf 83' lang='grc' dir='ltr'><strong>τῶν</strong></span> <span class='ocrx_word' id='word_1_300' title='bbox 705 2202 766 2229; x_wconf 78' lang='grc' dir='ltr'>καθ’</span> <span class='ocrx_word' id='word_1_301' title='bbox 784 2203 858 2238; x_wconf 84' lang='grc' dir='ltr'>ἡμᾶς</span> <span class='ocrx_word' id='word_1_302' title='bbox 879 2203 998 2237; x_wconf 84' lang='grc' dir='ltr'>γεγονὼς</span> 
     </span>
    </p>
   </div>
   <div class='ocr_carea' id='block_1_42' title="bbox 202 2247 997 2285">
    <p class='ocr_par' dir='ltr' id='par_1_42' title="bbox 202 2247 997 2285">
     <span class='ocr_line' id='line_1_42' title="bbox 202 2247 997 2285; baseline 0.001 -10"><span class='ocrx_word' id='word_1_303' title='bbox 202 2248 284 2279; x_wconf 81' lang='grc' dir='ltr'>αὐτὸς</span> <span class='ocrx_word' id='word_1_304' title='bbox 296 2249 409 2280; x_wconf 79' lang='grc' dir='ltr'>ἐκεῖνος,</span> <span class='ocrx_word' id='word_1_305' title='bbox 425 2248 440 2274; x_wconf 85' lang='grc' dir='ltr'>ὁ</span> <span class='ocrx_word' id='word_1_306' title='bbox 456 2249 516 2279; x_wconf 82' lang='grc' dir='ltr'>ταῖς</span> <span class='ocrx_word' id='word_1_307' title='bbox 531 2247 591 2274; x_wconf 83' lang='grc' dir='ltr'>καθ’</span> <span class='ocrx_word' id='word_1_308' title='bbox 604 2247 684 2283; x_wconf 78' lang='grc' dir='ltr'>ἡμῶν</span> <span class='ocrx_word' id='word_1_309' title='bbox 697 2248 922 2285; x_wconf 76' lang='grc' dir='ltr'>λαμπρυνάμενος</span> <span class='ocrx_word' id='word_1_310' title='bbox 934 2249 997 2276; x_wconf 84' lang='grc' dir='ltr'>δυσ-</span> 
     </span>
    </p>
   </div>
   <div class='ocr_carea' id='block_1_43' title="bbox 204 2291 998 2331">
    <p class='ocr_par' dir='ltr' id='par_1_43' title="bbox 204 2291 998 2331">
     <span class='ocr_line' id='line_1_43' title="bbox 204 2291 998 2331; baseline -0.009 -9"><span class='ocrx_word' id='word_1_311' title='bbox 204 2294 329 2330; x_wconf 75' lang='grc' dir='ltr'>φημίαις,</span> <span class='ocrx_word' id='word_1_312' title='bbox 355 2295 384 2321; x_wconf 81' lang='grc' dir='ltr'>ἐν</span> <span class='ocrx_word' id='word_1_313' title='bbox 406 2291 447 2327; x_wconf 72' lang='grc' dir='ltr'>οἷς</span> <span class='ocrx_word' id='word_1_314' title='bbox 476 2293 616 2330; x_wconf 78' lang='grc' dir='ltr'>ἐπέγραψε</span> <span class='ocrx_word' id='word_1_315' title='bbox 635 2294 699 2330; x_wconf 78' lang='grc' dir='ltr'>περὶ</span> <span class='ocrx_word' id='word_1_316' title='bbox 720 2295 772 2330; x_wconf 77' lang='grc' dir='ltr'>τῆς</span> <span class='ocrx_word' id='word_1_317' title='bbox 792 2295 847 2322; x_wconf 82' lang='grc' dir='ltr'>τῶν</span> <span class='ocrx_word' id='word_1_318' title='bbox 867 2295 998 2331; x_wconf 64' lang='grc' dir='ltr'>ἐμψύχων</span> 
     </span>
    </p>
   </div>
   <div class='ocr_carea' id='block_1_44' title="bbox 202 2340 997 2378">
    <p class='ocr_par' dir='ltr' id='par_1_44' title="bbox 202 2340 997 2378">
     <span class='ocr_line' id='line_1_44' title="bbox 202 2340 997 2378; baseline 0.001 -10"><span class='ocrx_word' id='word_1_319' title='bbox 202 2341 322 2376; x_wconf 82' lang='grc' dir='ltr'>ἀποχῆς,</span> <span class='ocrx_word' id='word_1_320' title='bbox 341 2341 454 2368; x_wconf 79' lang='grc' dir='ltr'>καὶτῶν</span> <span class='ocrx_word' id='word_1_321' title='bbox 470 2340 593 2368; x_wconf 74' lang='grc' dir='ltr'>παλαιῶν</span> <span class='ocrx_word' id='word_1_322' title='bbox 608 2340 805 2376; x_wconf 82' lang='grc' dir='ltr'>ἀρχαιότητος,</span> <span class='ocrx_word' id='word_1_323' title='bbox 823 2340 871 2378; x_wconf 85' lang='grc' dir='ltr'>τὴν</span> <span class='ocrx_word' id='word_1_324' title='bbox 888 2342 997 2378; x_wconf 80' lang='grc' dir='ltr'>μνήμην</span> 
     </span>
    </p>
   </div>
   <div class='ocr_carea' id='block_1_45' title="bbox 204 2383 997 2423">
    <p class='ocr_par' dir='ltr' id='par_1_45' title="bbox 204 2383 997 2423">
     <span class='ocr_line' id='line_1_45' title="bbox 204 2383 997 2423; baseline -0.001 -9"><span class='ocrx_word' id='word_1_325' title='bbox 204 2383 257 2414; x_wconf 82' lang='grc' dir='ltr'><strong>ὧδέ</strong></span> <span class='ocrx_word' id='word_1_326' title='bbox 274 2396 333 2419; x_wconf 89' lang='grc' dir='ltr'><strong>πως</strong></span> <span class='ocrx_word' id='word_1_327' title='bbox 351 2386 500 2419; x_wconf 79' lang='grc' dir='ltr'>αὐτολεξεὶ,</span> <span class='ocrx_word' id='word_1_328' title='bbox 515 2387 683 2423; x_wconf 83' lang='grc' dir='ltr'>Θεοφράστῳ</span> <span class='ocrx_word' id='word_1_329' title='bbox 707 2386 826 2423; x_wconf 83' lang='grc' dir='ltr'>μάρτυρι</span> <span class='ocrx_word' id='word_1_330' title='bbox 845 2387 997 2423; x_wconf 82' lang='grc' dir='ltr'>χρώμενος,</span> 
     </span>
    </p>
   </div>
   <div class='ocr_carea' id='block_1_46' title="bbox 205 2429 998 2469">
    <p class='ocr_par' dir='ltr' id='par_1_46' title="bbox 205 2429 998 2469">
     <span class='ocr_line' id='line_1_46' title="bbox 205 2429 998 2469; baseline -0.001 -10"><span class='ocrx_word' id='word_1_331' title='bbox 205 2432 400 2469; x_wconf 82' lang='grc' dir='ltr'>παρατίθεται·</span> <span class='ocrx_word' id='word_1_332' title='bbox 427 2441 436 2458; x_wconf 75' lang='grc' dir='ltr'><strong>ι</strong></span> <span class='ocrx_word' id='word_1_333' title='bbox 449 2432 611 2468; x_wconf 82' lang='grc' dir='ltr'>Ἀνάριθμος</span> <span class='ocrx_word' id='word_1_334' title='bbox 631 2431 687 2467; x_wconf 72' lang='grc'><strong>(27)</strong></span> <span class='ocrx_word' id='word_1_335' title='bbox 715 2432 764 2466; x_wconf 85' lang='grc' dir='ltr'>μέν</span> <span class='ocrx_word' id='word_1_336' title='bbox 780 2440 823 2463; x_wconf 86' lang='grc' dir='ltr'><strong>τις</strong></span> <span class='ocrx_word' id='word_1_337' title='bbox 841 2429 913 2458; x_wconf 85' lang='grc' dir='ltr'>εἶναι</span> <span class='ocrx_word' id='word_1_338' title='bbox 927 2431 998 2459; x_wconf 72' lang='grc' dir='ltr'>ἔοικε</span> 
     </span>
    </p>
   </div>
   <div class='ocr_carea' id='block_1_47' title="bbox 205 2476 999 2516">
    <p class='ocr_par' dir='ltr' id='par_1_47' title="bbox 205 2476 999 2516">
     <span class='ocr_line' id='line_1_47' title="bbox 205 2476 999 2516; baseline -0.004 -10"><span class='ocrx_word' id='word_1_339' title='bbox 205 2479 310 2516; x_wconf 85' lang='grc' dir='ltr'>χρόνος,</span> <span class='ocrx_word' id='word_1_340' title='bbox 331 2479 377 2514; x_wconf 80' lang='grc' dir='ltr'><strong>ἀφ’</strong></span> <span class='ocrx_word' id='word_1_341' title='bbox 399 2476 429 2506; x_wconf 78' lang='grc' dir='ltr'>οὗ</span> <span class='ocrx_word' id='word_1_342' title='bbox 453 2479 483 2505; x_wconf 87' lang='grc' dir='ltr'>τό</span> <span class='ocrx_word' id='word_1_343' title='bbox 501 2487 534 2512; x_wconf 90' lang='grc' dir='ltr'><strong>γε</strong></span> <span class='ocrx_word' id='word_1_344' title='bbox 549 2478 658 2505; x_wconf 85' lang='grc' dir='ltr'>πάντων</span> <span class='ocrx_word' id='word_1_345' title='bbox 672 2476 835 2512; x_wconf 81' lang='grc' dir='ltr'>λογιώτατον</span> <span class='ocrx_word' id='word_1_346' title='bbox 850 2477 943 2512; x_wconf 81' lang='grc' dir='ltr'>γένος,</span> <span class='ocrx_word' id='word_1_347' title='bbox 961 2477 999 2509; x_wconf 82' lang='grc' dir='ltr'>ὥς</span> 
     </span>
    </p>
   </div>
   <div class='ocr_carea' id='block_1_48' title="bbox 205 2523 995 2562">
    <p class='ocr_par' dir='ltr' id='par_1_48' title="bbox 205 2523 995 2562">
     <span class='ocr_line' id='line_1_48' title="bbox 205 2523 995 2562; baseline -0.005 -9"><span class='ocrx_word' id='word_1_348' title='bbox 205 2534 272 2562; x_wconf 83' lang='grc' dir='ltr'>φησι</span> <span class='ocrx_word' id='word_1_349' title='bbox 285 2525 467 2561; x_wconf 83' lang='grc' dir='ltr'>Θεόφραστος,</span> <span class='ocrx_word' id='word_1_350' title='bbox 481 2524 528 2551; x_wconf 80' lang='grc' dir='ltr'><strong>καὶ</strong></span> <span class='ocrx_word' id='word_1_351' title='bbox 542 2523 591 2559; x_wconf 85' lang='grc' dir='ltr'><strong>τὴν</strong></span> <span class='ocrx_word' id='word_1_352' title='bbox 605 2523 756 2559; x_wconf 76' lang='grc' dir='ltr'>ἱερωτάτην</span> <span class='ocrx_word' id='word_1_353' title='bbox 769 2523 822 2550; x_wconf 74' lang='grc' dir='ltr'><strong>ὑπὸ</strong></span> <span class='ocrx_word' id='word_1_354' title='bbox 837 2523 884 2550; x_wconf 87' lang='grc' dir='ltr'>τοῦ</span> <span class='ocrx_word' id='word_1_355' title='bbox 897 2523 995 2550; x_wconf 83' lang='grc' dir='ltr'>Νείλου</span> 
     </span>
    </p>
   </div>
   <div class='ocr_carea' id='block_1_49' title="bbox 205 2567 1000 2606">
    <p class='ocr_par' dir='ltr' id='par_1_49' title="bbox 205 2567 1000 2606">
     <span class='ocr_line' id='line_1_49' title="bbox 205 2567 1000 2606; baseline -0.005 -8"><span class='ocrx_word' id='word_1_356' title='bbox 205 2571 363 2599; x_wconf 79' lang='grc' dir='ltr'>κτισθεῖσαν</span> <span class='ocrx_word' id='word_1_357' title='bbox 377 2570 468 2606; x_wconf 84' lang='grc' dir='ltr'>χώραν</span> <span class='ocrx_word' id='word_1_358' title='bbox 483 2569 639 2601; x_wconf 80' lang='grc' dir='ltr'>κατοικοῦν,</span> <span class='ocrx_word' id='word_1_359' title='bbox 657 2567 775 2605; x_wconf 75' lang='grc' dir='ltr'>ἤρξαντο</span> <span class='ocrx_word' id='word_1_360' title='bbox 791 2569 815 2595; x_wconf 86' lang='grc' dir='ltr'><strong>οι</strong></span> <span class='ocrx_word' id='word_1_361' title='bbox 838 2568 942 2604; x_wconf 82' lang='grc' dir='ltr'>πρῶτοι</span> <span class='ocrx_word' id='word_1_362' title='bbox 957 2569 1000 2603; x_wconf 75' lang='grc' dir='ltr'><strong>ἐφ’</strong></span> 
     </span>
    </p>
   </div>
   <div class='ocr_carea' id='block_1_50' title="bbox 1013 2318 1035 2345">
    <p class='ocr_par' dir='ltr' id='par_1_50' title="bbox 1013 2318 1035 2345">
     <span class='ocr_line' id='line_1_50' title="bbox 1013 2318 1035 2345; baseline 0 0"><span class='ocrx_word' id='word_1_363' title='bbox 1013 2318 1035 2345; x_wconf 82' lang='grc' dir='ltr'><strong>Ι)</strong></span> 
     </span>
    </p>
   </div>
   <div class='ocr_carea' id='block_1_51' title="bbox 205 2614 1002 2653">
    <p class='ocr_par' dir='ltr' id='par_1_51' title="bbox 205 2614 1002 2653">
     <span class='ocr_line' id='line_1_51' title="bbox 205 2614 1002 2653; baseline -0.006 -8"><span class='ocrx_word' id='word_1_364' title='bbox 205 2617 438 2653; x_wconf 65' lang='lat' dir='ltr'><strong>Emta;(28)1oic</strong></span> <span class='ocrx_word' id='word_1_365' title='bbox 454 2616 590 2652; x_wconf 84' lang='grc' dir='ltr'>οὐρανίοις</span> <span class='ocrx_word' id='word_1_366' title='bbox 612 2615 684 2647; x_wconf 86' lang='grc' dir='ltr'>θεοῖς</span> <span class='ocrx_word' id='word_1_367' title='bbox 708 2614 799 2648; x_wconf 86' lang='grc' dir='ltr'>θύειν,</span> <span class='ocrx_word' id='word_1_368' title='bbox 821 2615 852 2641; x_wconf 82' lang='grc' dir='ltr'>οὺ</span> <span class='ocrx_word' id='word_1_369' title='bbox 877 2614 1002 2651; x_wconf 80' lang='grc' dir='ltr'>σμύρνης</span> 
     </span>
    </p>
   </div>
   <div class='ocr_carea' id='block_1_52' title="bbox 204 2660 1001 2697">
    <p class='ocr_par' dir='ltr' id='par_1_52' title="bbox 204 2660 1001 2697">
     <span class='ocr_line' id='line_1_52' title="bbox 204 2660 1001 2697; baseline -0.006 -5"><span class='ocrx_word' id='word_1_370' title='bbox 204 2664 267 2692; x_wconf 80' lang='grc' dir='ltr'><strong>οὐδὲ</strong></span> <span class='ocrx_word' id='word_1_371' title='bbox 283 2663 382 2695; x_wconf 83' lang='grc' dir='ltr'>κασίας</span> <span class='ocrx_word' id='word_1_372' title='bbox 397 2663 446 2690; x_wconf 80' lang='grc' dir='ltr'><strong>καὶ</strong></span> <span class='ocrx_word' id='word_1_373' title='bbox 459 2661 610 2690; x_wconf 76' lang='grc' dir='ltr'>λιϐανωτοῦ</span> <span class='ocrx_word' id='word_1_374' title='bbox 625 2661 718 2697; x_wconf 85' lang='grc' dir='ltr'>κρόκῳ</span> <span class='ocrx_word' id='word_1_375' title='bbox 736 2660 887 2697; x_wconf 82' lang='grc' dir='ltr'>μιχθέντων</span> <span class='ocrx_word' id='word_1_376' title='bbox 909 2661 1001 2697; x_wconf 76' lang='grc' dir='ltr'>ἀπαρ-</span> 
     </span>
    </p>
   </div>
   <div class='ocr_carea' id='block_1_53' title="bbox 244 2720 448 2756">
    <p class='ocr_par' dir='ltr' id='par_1_53' title="bbox 244 2720 448 2756">
     <span class='ocr_line' id='line_1_53' title="bbox 244 2720 448 2756; baseline -0.005 -8"><span class='ocrx_word' id='word_1_377' title='bbox 244 2727 258 2742; x_wconf 77' lang='lat' dir='ltr'>I</span> <span class='ocrx_word' id='word_1_378' title='bbox 289 2721 332 2748; x_wconf 83' lang='grc' dir='ltr'><strong>ισ.</strong></span> <span class='ocrx_word' id='word_1_379' title='bbox 348 2720 448 2756; x_wconf 85' lang='grc' dir='ltr'>πάντη.</span> 
     </span>
    </p>
   </div>
   <div class='ocr_carea' id='block_1_54' title="bbox 243 2776 778 2814">
    <p class='ocr_par' dir='ltr' id='par_1_54' title="bbox 243 2776 778 2814">
     <span class='ocr_line' id='line_1_54' title="bbox 243 2776 778 2814; baseline -0.006 -8"><span class='ocrx_word' id='word_1_380' title='bbox 243 2780 300 2814; x_wconf 71' lang='lat'>(:26)</span> <span class='ocrx_word' id='word_1_381' title='bbox 319 2778 389 2806; x_wconf 72' lang='lat' dir='ltr'><strong>Vide</strong></span> <span class='ocrx_word' id='word_1_382' title='bbox 406 2777 514 2814; x_wconf 68' lang='lat' dir='ltr'><strong>Homer.</strong></span> <span class='ocrx_word' id='word_1_383' title='bbox 533 2777 640 2814; x_wconf 63' lang='lat' dir='ltr'><strong>OdyssL</strong></span> <span class='ocrx_word' id='word_1_384' title='bbox 648 2785 698 2814; x_wconf 66' lang='lat' dir='ltr'><strong>xu,</strong></span> <span class='ocrx_word' id='word_1_385' title='bbox 714 2776 778 2804; x_wconf 74' lang='lat'><strong>525.</strong></span> 
     </span>
    </p>
   </div>
   <div class='ocr_carea' id='block_1_55' title="bbox 244 2811 1004 2858">
    <p class='ocr_par' dir='ltr' id='par_1_55' title="bbox 244 2811 1004 2858">
     <span class='ocr_line' id='line_1_55' title="bbox 244 2811 1004 2858; baseline 0.007 -8"><span class='ocrx_word' id='word_1_386' title='bbox 244 2811 311 2858; x_wconf 45' lang='grc' dir='ltr'><strong>(ᾖξ’)</strong></span> <span class='ocrx_word' id='word_1_387' title='bbox 331 2811 611 2858; x_wconf 51' lang='grc' dir='ltr'>θεφικεῖνςοιίοοιειιὶιε</span> <span class='ocrx_word' id='word_1_388' title='bbox 626 2811 780 2845; x_wconf 85' lang='lat' dir='ltr'><strong>Diodorus;</strong></span> <span class='ocrx_word' id='word_1_389' title='bbox 801 2818 863 2847; x_wconf 66' lang='grc' dir='ltr'>(ιιιω</span> <span class='ocrx_word' id='word_1_390' title='bbox 879 2818 1004 2847; x_wconf 56' lang='lat' dir='ltr'><strong>sequ“.</strong></span> 
     </span>
    </p>
   </div>
   <div class='ocr_carea' id='block_1_56' title="bbox 208 2850 1002 2920">
    <p class='ocr_par' dir='ltr' id='par_1_56' title="bbox 208 2850 1002 2920">
     <span class='ocr_line' id='line_1_56' title="bbox 208 2850 464 2878; baseline -0.012 0"><span class='ocrx_word' id='word_1_391' title='bbox 208 2856 254 2878; x_wconf 81' lang='lat' dir='ltr'><strong>tur</strong></span> <span class='ocrx_word' id='word_1_392' title='bbox 267 2850 375 2877; x_wconf 75' lang='lat' dir='ltr'><strong>Eusebii</strong></span> <span class='ocrx_word' id='word_1_393' title='bbox 391 2853 464 2876; x_wconf 88' lang='lat' dir='ltr'><strong>sunt.</strong></span> 
     </span>
     <span class='ocr_line' id='line_1_57' title="bbox 244 2880 1002 2920; baseline -0.007 -8"><span class='ocrx_word' id='word_1_394' title='bbox 244 2885 300 2920; x_wconf 69' lang='lat'><strong>(27)</strong></span> <span class='ocrx_word' id='word_1_395' title='bbox 326 2883 597 2920; x_wconf 63' lang='lat' dir='ltr'><strong>‘.‘lrdp10poc._vide</strong></span> <span class='ocrx_word' id='word_1_396' title='bbox 611 2882 799 2920; x_wconf 69' lang='lat' dir='ltr'><strong>Porphyrium</strong></span> <span class='ocrx_word' id='word_1_397' title='bbox 821 2881 907 2920; x_wconf 70' lang='lat' dir='ltr'><strong>lib._tt</strong></span> <span class='ocrx_word' id='word_1_398' title='bbox 931 2880 1002 2914; x_wconf 74' lang='grc' dir='ltr'>Περὶ</span> 
     </span>
    </p>
   </div>
   <div class='ocr_carea' id='block_1_57' title="bbox 208 2916 1002 2953">
    <p class='ocr_par' dir='ltr' id='par_1_57' title="bbox 208 2916 1002 2953">
     <span class='ocr_line' id='line_1_58' title="bbox 208 2916 1002 2953; baseline -0.009 -5"><span class='ocrx_word' id='word_1_399' title='bbox 208 2916 309 2951; x_wconf 61' lang='grc' dir='ltr'><strong>ἀέοκῖ,</strong></span> <span class='ocrx_word' id='word_1_400' title='bbox 325 2928 378 2946; x_wconf 91' lang='lat' dir='ltr'><strong>non</strong></span> <span class='ocrx_word' id='word_1_401' title='bbox 391 2916 533 2953; x_wconf 28' lang='lat' dir='ltr'><strong>&#39;Ion&#39;ge’ah</strong></span> <span class='ocrx_word' id='word_1_402' title='bbox 557 2918 647 2949; x_wconf 88' lang='lat' dir='ltr'><strong>initio,</strong></span> <span class='ocrx_word' id='word_1_403' title='bbox 664 2916 725 2952; x_wconf 64' lang='lat' dir='ltr'><strong>pag&#39;.</strong></span> <span class='ocrx_word' id='word_1_404' title='bbox 739 2917 776 2944; x_wconf 77' lang='grc'><strong>22</strong></span> <span class='ocrx_word' id='word_1_405' title='bbox 799 2917 843 2953; x_wconf 76' lang='lat' dir='ltr'><strong>ed.</strong></span> <span class='ocrx_word' id='word_1_406' title='bbox 868 2916 1002 2950; x_wconf 80' lang='lat' dir='ltr'><strong>Florcnt.,</strong></span> 
     </span>
    </p>
   </div>
   <div class='ocr_carea' id='block_1_58' title="bbox 209 2951 892 2987">
    <p class='ocr_par' dir='ltr' id='par_1_58' title="bbox 209 2951 892 2987">
     <span class='ocr_line' id='line_1_59' title="bbox 209 2951 892 2987; baseline -0.006 -3"><span class='ocrx_word' id='word_1_407' title='bbox 209 2963 236 2985; x_wconf 83' lang='lat' dir='ltr'><strong>at</strong></span> <span class='ocrx_word' id='word_1_408' title='bbox 262 2955 412 2983; x_wconf 63' lang='lat' dir='ltr'><strong>&#39;tcentioris</strong></span> <span class='ocrx_word' id='word_1_409' title='bbox 427 2951 593 2982; x_wconf 48' lang='lat' dir='ltr'><strong>Graeco-Lat.</strong></span> <span class='ocrx_word' id='word_1_410' title='bbox 613 2955 641 2987; x_wconf 88' lang='lat' dir='ltr'><strong>p.&#39;</strong></span> <span class='ocrx_word' id='word_1_411' title='bbox 656 2951 716 2986; x_wconf 65' lang='grc'><strong>124,</strong></span> <span class='ocrx_word' id='word_1_412' title='bbox 735 2953 786 2980; x_wconf 71' lang='grc' dir='ltr'>ειη)</span> <span class='ocrx_word' id='word_1_413' title='bbox 799 2951 892 2980; x_wconf 84' lang='lat' dir='ltr'><strong>tinem.</strong></span> 
     </span>
    </p>
   </div>
   <div class='ocr_carea' id='block_1_59' title="bbox 782 217 1225 254">
    <p class='ocr_par' dir='ltr' id='par_1_59' title="bbox 782 217 1225 254">
     <span class='ocr_line' id='line_1_60' title="bbox 782 217 1225 254; baseline -0.023 0"><span class='ocrx_word' id='word_1_414' title='bbox 782 223 944 254; x_wconf 71' lang='grc' dir='ltr'><strong>ΡΙίᾹΣΡΑΙὶ.</strong></span> <span class='ocrx_word' id='word_1_415' title='bbox 965 219 1092 248; x_wconf 76' lang='lat' dir='ltr'><strong>EVANG.</strong></span> <span class='ocrx_word' id='word_1_416' title='bbox 1118 218 1182 246; x_wconf 88' lang='lat' dir='ltr'><strong>LIB.</strong></span> <span class='ocrx_word' id='word_1_417' title='bbox 1205 217 1225 245; x_wconf 93' lang='grc'>1.</span> 
     </span>
    </p>
   </div>
   <div class='ocr_carea' id='block_1_60' title="bbox 1806 216 1842 244">
    <p class='ocr_par' dir='ltr' id='par_1_60' title="bbox 1806 216 1842 244">
     <span class='ocr_line' id='line_1_61' title="bbox 1806 216 1842 244; baseline 0.028 -1"><span class='ocrx_word' id='word_1_418' title='bbox 1806 216 1842 244; x_wconf 79' lang='grc'><strong>66</strong></span> 
     </span>
    </p>
   </div>
   <div class='ocr_carea' id='block_1_61' title="bbox 1046 273 1841 310">
    <p class='ocr_par' dir='ltr' id='par_1_61' title="bbox 1046 273 1841 310">
     <span class='ocr_line' id='line_1_62' title="bbox 1046 273 1841 310; baseline -0.005 -5"><span class='ocrx_word' id='word_1_419' title='bbox 1046 278 1154 309; x_wconf 84' lang='lat' dir='ltr'><strong>Osirin,</strong></span> <span class='ocrx_word' id='word_1_420' title='bbox 1170 277 1283 304; x_wconf 77' lang='lat' dir='ltr'><strong>alteram</strong></span> <span class='ocrx_word' id='word_1_421' title='bbox 1302 275 1376 307; x_wconf 81' lang='lat' dir='ltr'><strong>lsin.</strong></span> <span class='ocrx_word' id='word_1_422' title='bbox 1395 282 1429 304; x_wconf 77' lang='lat' dir='ltr'><strong>ex</strong></span> <span class='ocrx_word' id='word_1_423' title='bbox 1452 279 1527 303; x_wconf 88' lang='lat' dir='ltr'><strong>certa</strong></span> <span class='ocrx_word' id='word_1_424' title='bbox 1550 274 1668 310; x_wconf 84' lang='lat' dir='ltr'><strong>quadam</strong></span> <span class='ocrx_word' id='word_1_425' title='bbox 1685 273 1841 306; x_wconf 84' lang='lat' dir='ltr'><strong>notatione,</strong></span> 
     </span>
    </p>
   </div>
   <div class='ocr_carea' id='block_1_62' title="bbox 1048 320 1842 359">
    <p class='ocr_par' dir='ltr' id='par_1_62' title="bbox 1048 320 1842 359">
     <span class='ocr_line' id='line_1_63' title="bbox 1048 320 1842 359; baseline -0.006 -7"><span class='ocrx_word' id='word_1_426' title='bbox 1048 325 1191 359; x_wconf 84' lang='lat' dir='ltr'><strong>utriusque</strong></span> <span class='ocrx_word' id='word_1_427' title='bbox 1211 323 1332 351; x_wconf 77' lang='lat' dir='ltr'><strong>nominis</strong></span> <span class='ocrx_word' id='word_1_428' title='bbox 1346 322 1452 349; x_wconf 86' lang='lat' dir='ltr'><strong>ratione</strong></span> <span class='ocrx_word' id='word_1_429' title='bbox 1468 322 1548 349; x_wconf 89' lang='lat' dir='ltr'><strong>ducta</strong></span> <span class='ocrx_word' id='word_1_430' title='bbox 1563 321 1748 355; x_wconf 85' lang='lat' dir='ltr'><strong>nuncuparint</strong></span> <span class='ocrx_word' id='word_1_431' title='bbox 1776 320 1842 348; x_wconf 90' lang='lat' dir='ltr'><strong>Ete-</strong></span> 
     </span>
    </p>
   </div>
   <div class='ocr_carea' id='block_1_63' title="bbox 1048 366 1842 404">
    <p class='ocr_par' dir='ltr' id='par_1_63' title="bbox 1048 366 1842 404">
     <span class='ocr_line' id='line_1_64' title="bbox 1048 366 1842 404; baseline -0.006 -6"><span class='ocrx_word' id='word_1_432' title='bbox 1048 372 1105 398; x_wconf 91' lang='lat' dir='ltr'><strong>nim</strong></span> <span class='ocrx_word' id='word_1_433' title='bbox 1116 391 1124 403; x_wconf 91' lang='lat'><strong>,</strong></span> <span class='ocrx_word' id='word_1_434' title='bbox 1140 370 1162 398; x_wconf 89' lang='lat' dir='ltr'><strong>si</strong></span> <span class='ocrx_word' id='word_1_435' title='bbox 1175 377 1274 397; x_wconf 90' lang='lat' dir='ltr'><strong>vocum</strong></span> <span class='ocrx_word' id='word_1_436' title='bbox 1291 370 1406 397; x_wconf 82' lang='lat' dir='ltr'><strong>istarum</strong></span> <span class='ocrx_word' id='word_1_437' title='bbox 1430 367 1657 404; x_wconf 73' lang='lat' dir='ltr'><strong>significationem</strong></span> <span class='ocrx_word' id='word_1_438' title='bbox 1674 367 1776 394; x_wconf 66' lang='lat' dir='ltr'><strong>Graecae</strong></span> <span class='ocrx_word' id='word_1_439' title='bbox 1789 366 1842 394; x_wconf 86' lang='lat' dir='ltr'><strong>ltu-</strong></span> 
     </span>
    </p>
   </div>
   <div class='ocr_carea' id='block_1_64' title="bbox 1049 412 1843 452">
    <p class='ocr_par' dir='ltr' id='par_1_64' title="bbox 1049 412 1843 452">
     <span class='ocr_line' id='line_1_65' title="bbox 1049 412 1843 452; baseline -0.005 -9"><span class='ocrx_word' id='word_1_440' title='bbox 1049 424 1109 452; x_wconf 51' lang='lat' dir='ltr'><strong>guae</strong></span> <span class='ocrx_word' id='word_1_441' title='bbox 1124 415 1216 443; x_wconf 78' lang='lat' dir='ltr'><strong>verbis</strong></span> <span class='ocrx_word' id='word_1_442' title='bbox 1234 415 1437 449; x_wconf 80' lang='lat' dir='ltr'><strong>exprimamus,</strong></span> <span class='ocrx_word' id='word_1_443' title='bbox 1452 414 1542 441; x_wconf 84' lang='lat' dir='ltr'><strong>Osirin</strong></span> <span class='ocrx_word' id='word_1_444' title='bbox 1564 413 1673 448; x_wconf 90' lang='lat' dir='ltr'><strong>quidem</strong></span> <span class='ocrx_word' id='word_1_445' title='bbox 1688 412 1762 440; x_wconf 92' lang='lat' dir='ltr'><strong>aliud</strong></span> <span class='ocrx_word' id='word_1_446' title='bbox 1780 418 1843 440; x_wconf 79' lang='lat' dir='ltr'><strong>esse</strong></span> 
     </span>
    </p>
   </div>
   <div class='ocr_carea' id='block_1_65' title="bbox 1049 458 1842 496">
    <p class='ocr_par' dir='ltr' id='par_1_65' title="bbox 1049 458 1842 496">
     <span class='ocr_line' id='line_1_66' title="bbox 1049 458 1842 496; baseline -0.005 -7"><span class='ocrx_word' id='word_1_447' title='bbox 1049 462 1117 489; x_wconf 85' lang='lat' dir='ltr'><strong>nihil</strong></span> <span class='ocrx_word' id='word_1_448' title='bbox 1136 469 1217 496; x_wconf 91' lang='lat' dir='ltr'><strong>quam</strong></span> <span class='ocrx_word' id='word_1_449' title='bbox 1240 461 1333 488; x_wconf 90' lang='lat' dir='ltr'><strong>multis</strong></span> <span class='ocrx_word' id='word_1_450' title='bbox 1348 461 1436 488; x_wconf 88' lang='lat' dir='ltr'><strong>oculis</strong></span> <span class='ocrx_word' id='word_1_451' title='bbox 1456 460 1613 495; x_wconf 65' lang='lat' dir='ltr'><strong>praeditum;</strong></span> <span class='ocrx_word' id='word_1_452' title='bbox 1635 466 1686 486; x_wconf 91' lang='lat' dir='ltr'><strong>nec</strong></span> <span class='ocrx_word' id='word_1_453' title='bbox 1705 458 1842 486; x_wconf 87' lang='lat' dir='ltr'><strong>immerito</strong></span> 
     </span>
    </p>
   </div>
   <div class='ocr_carea' id='block_1_66' title="bbox 1049 505 1843 542">
    <p class='ocr_par' dir='ltr' id='par_1_66' title="bbox 1049 505 1843 542">
     <span class='ocr_line' id='line_1_67' title="bbox 1049 505 1843 542; baseline -0.004 -7"><span class='ocrx_word' id='word_1_454' title='bbox 1049 516 1115 535; x_wconf 92' lang='lat' dir='ltr'><strong>sane</strong></span> <span class='ocrx_word' id='word_1_455' title='bbox 1128 528 1134 539; x_wconf 89' lang='lat'><strong>,</strong></span> <span class='ocrx_word' id='word_1_456' title='bbox 1153 515 1215 534; x_wconf 92' lang='lat' dir='ltr'><strong>cum</strong></span> <span class='ocrx_word' id='word_1_457' title='bbox 1232 507 1289 542; x_wconf 89' lang='lat' dir='ltr'><strong>ipse</strong></span> <span class='ocrx_word' id='word_1_458' title='bbox 1304 507 1388 534; x_wconf 87' lang='lat' dir='ltr'><strong>radiis</strong></span> <span class='ocrx_word' id='word_1_459' title='bbox 1401 514 1507 533; x_wconf 86' lang='lat' dir='ltr'><strong>omnem</strong></span> <span class='ocrx_word' id='word_1_460' title='bbox 1521 507 1548 533; x_wconf 90' lang='lat' dir='ltr'><strong>in</strong></span> <span class='ocrx_word' id='word_1_461' title='bbox 1563 510 1666 540; x_wconf 87' lang='lat' dir='ltr'><strong>partem</strong></span> <span class='ocrx_word' id='word_1_462' title='bbox 1683 505 1762 541; x_wconf 75' lang='lat' dir='ltr'><strong>longe</strong></span> <span class='ocrx_word' id='word_1_463' title='bbox 1775 505 1843 532; x_wconf 81' lang='lat' dir='ltr'><strong>late-</strong></span> 
     </span>
    </p>
   </div>
   <div class='ocr_carea' id='block_1_67' title="bbox 1048 552 1841 589">
    <p class='ocr_par' dir='ltr' id='par_1_67' title="bbox 1048 552 1841 589">
     <span class='ocr_line' id='line_1_68' title="bbox 1048 552 1841 589; baseline -0.004 -8"><span class='ocrx_word' id='word_1_464' title='bbox 1048 562 1102 589; x_wconf 90' lang='lat' dir='ltr'><strong>que</strong></span> <span class='ocrx_word' id='word_1_465' title='bbox 1121 553 1247 584; x_wconf 70' lang='lat' dir='ltr'><strong>dilfusis,</strong></span> <span class='ocrx_word' id='word_1_466' title='bbox 1268 553 1308 580; x_wconf 87' lang='lat' dir='ltr'><strong>sic</strong></span> <span class='ocrx_word' id='word_1_467' title='bbox 1328 558 1459 588; x_wconf 88' lang='lat' dir='ltr'><strong>tanquam</strong></span> <span class='ocrx_word' id='word_1_468' title='bbox 1486 553 1610 587; x_wconf 83' lang='lat' dir='ltr'><strong>pluribus</strong></span> <span class='ocrx_word' id='word_1_469' title='bbox 1633 552 1721 579; x_wconf 84' lang='lat' dir='ltr'><strong>oculis</strong></span> <span class='ocrx_word' id='word_1_470' title='bbox 1740 553 1841 578; x_wconf 84' lang='lat' dir='ltr'><strong>terram</strong></span> 
     </span>
    </p>
   </div>
   <div class='ocr_carea' id='block_1_68' title="bbox 1049 597 1842 631">
    <p class='ocr_par' dir='ltr' id='par_1_68' title="bbox 1049 597 1842 631">
     <span class='ocr_line' id='line_1_69' title="bbox 1049 597 1842 631; baseline -0.001 -5"><span class='ocrx_word' id='word_1_471' title='bbox 1049 600 1131 627; x_wconf 89' lang='lat' dir='ltr'><strong>simul</strong></span> <span class='ocrx_word' id='word_1_472' title='bbox 1150 607 1181 627; x_wconf 85' lang='lat' dir='ltr'><strong>ac</strong></span> <span class='ocrx_word' id='word_1_473' title='bbox 1194 607 1269 626; x_wconf 84' lang='lat' dir='ltr'><strong>mare</strong></span> <span class='ocrx_word' id='word_1_474' title='bbox 1286 600 1384 626; x_wconf 85' lang='lat' dir='ltr'><strong>lustret</strong></span> <span class='ocrx_word' id='word_1_475' title='bbox 1404 599 1573 626; x_wconf 86' lang='lat' dir='ltr'><strong>universum.</strong></span> <span class='ocrx_word' id='word_1_476' title='bbox 1587 598 1755 631; x_wconf 85' lang='lat' dir='ltr'><strong>Quibuscum</strong></span> <span class='ocrx_word' id='word_1_477' title='bbox 1776 597 1842 625; x_wconf 86' lang='lat' dir='ltr'><strong>illud</strong></span> 
     </span>
    </p>
   </div>
   <div class='ocr_carea' id='block_1_69' title="bbox 1048 646 1418 681">
    <p class='ocr_par' dir='ltr' id='par_1_69' title="bbox 1048 646 1418 681">
     <span class='ocr_line' id='line_1_70' title="bbox 1048 646 1418 681; baseline -0.003 -8"><span class='ocrx_word' id='word_1_478' title='bbox 1048 647 1130 673; x_wconf 77' lang='lat' dir='ltr'><strong>etiam</strong></span> <span class='ocrx_word' id='word_1_479' title='bbox 1144 651 1229 681; x_wconf 68' lang='lat' dir='ltr'><strong>pocla:</strong></span> <span class='ocrx_word' id='word_1_480' title='bbox 1243 646 1397 673; x_wconf 74' lang='lat' dir='ltr'><strong>consentiat</strong></span> <span class='ocrx_word' id='word_1_481' title='bbox 1412 655 1418 672; x_wconf 93' lang='lat'>:</span> 
     </span>
    </p>
   </div>
   <div class='ocr_carea' id='block_1_70' title="bbox 1049 700 1840 737">
    <p class='ocr_par' dir='ltr' id='par_1_70' title="bbox 1049 700 1840 737">
     <span class='ocr_line' id='line_1_71' title="bbox 1049 700 1840 737; baseline 0.003 -10"><span class='ocrx_word' id='word_1_482' title='bbox 1049 700 1096 728; x_wconf 90' lang='lat' dir='ltr'><strong>Sol</strong></span> <span class='ocrx_word' id='word_1_483' title='bbox 1115 702 1161 737; x_wconf 80' lang='lat' dir='ltr'><strong>qui</strong></span> <span class='ocrx_word' id='word_1_484' title='bbox 1176 707 1269 728; x_wconf 86' lang='lat' dir='ltr'><strong>cuncta</strong></span> <span class='ocrx_word' id='word_1_485' title='bbox 1289 701 1380 736; x_wconf 82' lang='lat' dir='ltr'><strong>procul</strong></span> <span class='ocrx_word' id='word_1_486' title='bbox 1394 701 1526 736; x_wconf 73' lang='lat' dir='ltr'><strong>caruitque</strong></span> <span class='ocrx_word' id='word_1_487' title='bbox 1540 701 1665 736; x_wconf 82' lang='lat' dir='ltr'><strong>auditque</strong></span> <span class='ocrx_word' id='word_1_488' title='bbox 1684 709 1729 735; x_wconf 84' lang='lat' dir='ltr'><strong>per</strong></span> <span class='ocrx_word' id='word_1_489' title='bbox 1742 700 1840 729; x_wconf 85' lang='lat' dir='ltr'><strong>orbem.</strong></span> 
     </span>
    </p>
   </div>
   <div class='ocr_carea' id='block_1_71' title="bbox 1049 757 1843 794">
    <p class='ocr_par' dir='ltr' id='par_1_71' title="bbox 1049 757 1843 794">
     <span class='ocr_line' id='line_1_72' title="bbox 1049 757 1843 794; baseline 0.001 -10"><span class='ocrx_word' id='word_1_490' title='bbox 1049 758 1210 794; x_wconf 86' lang='lat' dir='ltr'><strong>Quanquam</strong></span> <span class='ocrx_word' id='word_1_491' title='bbox 1231 758 1314 793; x_wconf 81' lang='lat' dir='ltr'><strong>prisci</strong></span> <span class='ocrx_word' id='word_1_492' title='bbox 1336 757 1447 792; x_wconf 88' lang='lat' dir='ltr'><strong>quidam</strong></span> <span class='ocrx_word' id='word_1_493' title='bbox 1471 757 1543 793; x_wconf 83' lang='lat' dir='ltr'><strong>apud</strong></span> <span class='ocrx_word' id='word_1_494' title='bbox 1565 758 1674 785; x_wconf 63' lang='lat' dir='ltr'><strong>Graecos</strong></span> <span class='ocrx_word' id='word_1_495' title='bbox 1688 757 1843 785; x_wconf 86' lang='lat' dir='ltr'><strong>fabularum</strong></span> 
     </span>
    </p>
   </div>
   <div class='ocr_carea' id='block_1_72' title="bbox 1049 802 1844 835">
    <p class='ocr_par' dir='ltr' id='par_1_72' title="bbox 1049 802 1844 835">
     <span class='ocr_line' id='line_1_73' title="bbox 1049 802 1844 835; baseline 0.003 -7"><span class='ocrx_word' id='word_1_496' title='bbox 1049 803 1205 830; x_wconf 80' lang='lat' dir='ltr'><strong>inventores</strong></span> <span class='ocrx_word' id='word_1_497' title='bbox 1228 803 1354 830; x_wconf 87' lang='lat' dir='ltr'><strong>eumdem</strong></span> <span class='ocrx_word' id='word_1_498' title='bbox 1377 802 1485 834; x_wconf 86' lang='lat' dir='ltr'><strong>Osirin,</strong></span> <span class='ocrx_word' id='word_1_499' title='bbox 1506 808 1532 830; x_wconf 89' lang='lat' dir='ltr'><strong>et</strong></span> <span class='ocrx_word' id='word_1_500' title='bbox 1556 803 1710 835; x_wconf 81' lang='lat' dir='ltr'><strong>Bacchum,</strong></span> <span class='ocrx_word' id='word_1_501' title='bbox 1728 808 1754 830; x_wconf 83' lang='lat' dir='ltr'><strong>et</strong></span> <span class='ocrx_word' id='word_1_502' title='bbox 1777 809 1844 831; x_wconf 88' lang='lat' dir='ltr'><strong>vero</strong></span> 
     </span>
    </p>
   </div>
   <div class='ocr_carea' id='block_1_73' title="bbox 1049 848 1842 884">
    <p class='ocr_par' dir='ltr' id='par_1_73' title="bbox 1049 848 1842 884">
     <span class='ocr_line' id='line_1_74' title="bbox 1049 848 1842 884; baseline 0.004 -10"><span class='ocrx_word' id='word_1_503' title='bbox 1049 848 1229 876; x_wconf 88' lang='lat' dir='ltr'><strong>similitudine</strong></span> <span class='ocrx_word' id='word_1_504' title='bbox 1241 850 1358 883; x_wconf 83' lang='lat' dir='ltr'><strong>quadam</strong></span> <span class='ocrx_word' id='word_1_505' title='bbox 1371 854 1452 884; x_wconf 86' lang='lat' dir='ltr'><strong>atque</strong></span> <span class='ocrx_word' id='word_1_506' title='bbox 1464 849 1592 876; x_wconf 76' lang='lat' dir='ltr'><strong>aliinitate</strong></span> <span class='ocrx_word' id='word_1_507' title='bbox 1606 850 1725 876; x_wconf 83' lang='lat' dir='ltr'><strong>nominis</strong></span> <span class='ocrx_word' id='word_1_508' title='bbox 1739 849 1842 877; x_wconf 71' lang='lat' dir='ltr'><strong>Sit-ium</strong></span> 
     </span>
    </p>
   </div>
   <div class='ocr_carea' id='block_1_74' title="bbox 1051 895 1842 931">
    <p class='ocr_par' dir='ltr' id='par_1_74' title="bbox 1051 895 1842 931">
     <span class='ocr_line' id='line_1_75' title="bbox 1051 895 1842 931; baseline 0.004 -11"><span class='ocrx_word' id='word_1_509' title='bbox 1051 895 1232 929; x_wconf 78' lang='lat' dir='ltr'><strong>appellarunt.</strong></span> <span class='ocrx_word' id='word_1_510' title='bbox 1250 895 1289 922; x_wconf 71' lang='lat' dir='ltr'><strong>Ex</strong></span> <span class='ocrx_word' id='word_1_511' title='bbox 1306 896 1405 930; x_wconf 87' lang='lat' dir='ltr'><strong>quibus</strong></span> <span class='ocrx_word' id='word_1_512' title='bbox 1421 895 1571 931; x_wconf 88' lang='lat' dir='ltr'><strong>Eumolpus</strong></span> <span class='ocrx_word' id='word_1_513' title='bbox 1585 897 1612 923; x_wconf 92' lang='lat' dir='ltr'><strong>in</strong></span> <span class='ocrx_word' id='word_1_514' title='bbox 1629 896 1766 923; x_wconf 78' lang='lat' dir='ltr'><strong>Bacclticis</strong></span> <span class='ocrx_word' id='word_1_515' title='bbox 1781 905 1842 923; x_wconf 84' lang='lat' dir='ltr'><strong>car-</strong></span> 
     </span>
    </p>
   </div>
   <div class='ocr_carea' id='block_1_75' title="bbox 1049 939 1347 968">
    <p class='ocr_par' dir='ltr' id='par_1_75' title="bbox 1049 939 1347 968">
     <span class='ocr_line' id='line_1_76' title="bbox 1049 939 1347 968; baseline 0.007 -3"><span class='ocrx_word' id='word_1_516' title='bbox 1049 939 1162 966; x_wconf 79' lang='lat' dir='ltr'><strong>minibus</strong></span> <span class='ocrx_word' id='word_1_517' title='bbox 1178 940 1213 967; x_wconf 86' lang='lat' dir='ltr'><strong>ita</strong></span> <span class='ocrx_word' id='word_1_518' title='bbox 1230 941 1347 968; x_wconf 83' lang='lat' dir='ltr'><strong>cecinit:</strong></span> 
     </span>
    </p>
   </div>
   <div class='ocr_carea' id='block_1_76' title="bbox 1082 996 1806 1034">
    <p class='ocr_par' dir='ltr' id='par_1_76' title="bbox 1082 996 1806 1034">
     <span class='ocr_line' id='line_1_77' title="bbox 1082 996 1806 1034; baseline 0.006 -12"><span class='ocrx_word' id='word_1_519' title='bbox 1082 996 1155 1023; x_wconf 81' lang='lat' dir='ltr'><strong>More</strong></span> <span class='ocrx_word' id='word_1_520' title='bbox 1177 1003 1242 1023; x_wconf 80' lang='lat' dir='ltr'><strong>astri</strong></span> <span class='ocrx_word' id='word_1_521' title='bbox 1258 997 1392 1024; x_wconf 83' lang='lat' dir='ltr'><strong>Bacchum</strong></span> <span class='ocrx_word' id='word_1_522' title='bbox 1412 998 1486 1025; x_wconf 83' lang='lat' dir='ltr'><strong>vultu</strong></span> <span class='ocrx_word' id='word_1_523' title='bbox 1508 999 1638 1034; x_wconf 85' lang='lat' dir='ltr'><strong>ﬂagrante</strong></span> <span class='ocrx_word' id='word_1_524' title='bbox 1654 1000 1806 1027; x_wconf 80' lang='lat' dir='ltr'><strong>micantem.</strong></span> 
     </span>
    </p>
   </div>
   <div class='ocr_carea' id='block_1_77' title="bbox 1044 1030 1357 1066">
    <p class='ocr_par' dir='ltr' id='par_1_77' title="bbox 1044 1030 1357 1066">
     <span class='ocr_line' id='line_1_78' title="bbox 1044 1030 1357 1066; baseline 0.01 -9"><span class='ocrx_word' id='word_1_525' title='bbox 1044 1030 1168 1066; x_wconf 81' lang='lat' dir='ltr'><strong>Orpheus</strong></span> <span class='ocrx_word' id='word_1_526' title='bbox 1184 1034 1276 1059; x_wconf 84' lang='lat' dir='ltr'><strong>&#39;autcm</strong></span> <span class='ocrx_word' id='word_1_527' title='bbox 1294 1033 1334 1060; x_wconf 88' lang='lat' dir='ltr'><strong>sic</strong></span> <span class='ocrx_word' id='word_1_528' title='bbox 1350 1042 1357 1060; x_wconf 89' lang='lat'><strong><em>:</em></strong></span> 
     </span>
    </p>
   </div>
   <div class='ocr_carea' id='block_1_78' title="bbox 1045 1087 1842 1124">
    <p class='ocr_par' dir='ltr' id='par_1_78' title="bbox 1045 1087 1842 1124">
     <span class='ocr_line' id='line_1_79' title="bbox 1045 1087 1842 1124; baseline 0.008 -10"><span class='ocrx_word' id='word_1_529' title='bbox 1045 1087 1116 1123; x_wconf 84' lang='lat' dir='ltr'><strong>Ergo</strong></span> <span class='ocrx_word' id='word_1_530' title='bbox 1140 1088 1284 1116; x_wconf 81' lang='lat' dir='ltr'><strong>Plinnetcm</strong></span> <span class='ocrx_word' id='word_1_531' title='bbox 1301 1091 1387 1124; x_wconf 83' lang='lat' dir='ltr'><strong>ipsum</strong></span> <span class='ocrx_word' id='word_1_532' title='bbox 1406 1090 1444 1117; x_wconf 84' lang='lat' dir='ltr'><strong>vel</strong></span> <span class='ocrx_word' id='word_1_533' title='bbox 1460 1090 1594 1118; x_wconf 80' lang='lat' dir='ltr'><strong>Bacchum</strong></span> <span class='ocrx_word' id='word_1_534' title='bbox 1616 1092 1720 1119; x_wconf 84' lang='lat' dir='ltr'><strong>nomine</strong></span> <span class='ocrx_word' id='word_1_535' title='bbox 1737 1093 1842 1121; x_wconf 82' lang='lat' dir='ltr'><strong>dicunt.</strong></span> 
     </span>
    </p>
   </div>
   <div class='ocr_carea' id='block_1_79' title="bbox 1080 1145 1844 1180">
    <p class='ocr_par' dir='ltr' id='par_1_79' title="bbox 1080 1145 1844 1180">
     <span class='ocr_line' id='line_1_80' title="bbox 1080 1145 1844 1180; baseline 0.008 -8"><span class='ocrx_word' id='word_1_536' title='bbox 1080 1145 1151 1179; x_wconf 81' lang='lat' dir='ltr'><strong>Quin</strong></span> <span class='ocrx_word' id='word_1_537' title='bbox 1165 1147 1246 1173; x_wconf 86' lang='lat' dir='ltr'><strong>etiam</strong></span> <span class='ocrx_word' id='word_1_538' title='bbox 1260 1148 1364 1174; x_wconf 88' lang='lat' dir='ltr'><strong>addunt</strong></span> <span class='ocrx_word' id='word_1_539' title='bbox 1376 1149 1518 1180; x_wconf 92' lang='lat' dir='ltr'><strong>nonnulli,</strong></span> <span class='ocrx_word' id='word_1_540' title='bbox 1531 1157 1564 1175; x_wconf 76' lang='lat' dir='ltr'><strong>ex</strong></span> <span class='ocrx_word' id='word_1_541' title='bbox 1577 1149 1697 1176; x_wconf 79' lang='lat' dir='ltr'><strong>siderum</strong></span> <span class='ocrx_word' id='word_1_542' title='bbox 1711 1150 1844 1178; x_wconf 82' lang='lat' dir='ltr'><strong>varietate</strong></span> 
     </span>
    </p>
   </div>
   <div class='ocr_carea' id='block_1_80' title="bbox 1045 1192 1845 1226">
    <p class='ocr_par' dir='ltr' id='par_1_80' title="bbox 1045 1192 1845 1226">
     <span class='ocr_line' id='line_1_81' title="bbox 1045 1192 1845 1226; baseline 0.008 -9"><span class='ocrx_word' id='word_1_543' title='bbox 1045 1196 1135 1218; x_wconf 88' lang='lat' dir='ltr'><strong>ortum</strong></span> <span class='ocrx_word' id='word_1_544' title='bbox 1157 1192 1229 1220; x_wconf 90' lang='lat' dir='ltr'><strong>hunc</strong></span> <span class='ocrx_word' id='word_1_545' title='bbox 1246 1201 1307 1220; x_wconf 80' lang='lat' dir='ltr'><strong>esse</strong></span> <span class='ocrx_word' id='word_1_546' title='bbox 1338 1201 1456 1226; x_wconf 85' lang='lat' dir='ltr'><strong>morem,</strong></span> <span class='ocrx_word' id='word_1_547' title='bbox 1473 1200 1503 1222; x_wconf 89' lang='lat' dir='ltr'><strong>ut</strong></span> <span class='ocrx_word' id='word_1_548' title='bbox 1522 1195 1592 1222; x_wconf 89' lang='lat' dir='ltr'><strong>idem</strong></span> <span class='ocrx_word' id='word_1_549' title='bbox 1614 1196 1754 1223; x_wconf 80' lang='lat' dir='ltr'><strong>astrictam</strong></span> <span class='ocrx_word' id='word_1_550' title='bbox 1772 1196 1845 1223; x_wconf 89' lang='lat' dir='ltr'><strong>nodo</strong></span> 
     </span>
    </p>
   </div>
   <div class='ocr_carea' id='block_1_81' title="bbox 1046 1237 1842 1277">
    <p class='ocr_par' dir='ltr' id='par_1_81' title="bbox 1046 1237 1842 1277">
     <span class='ocr_line' id='line_1_82' title="bbox 1046 1237 1842 1277; baseline 0.006 -14"><span class='ocrx_word' id='word_1_551' title='bbox 1046 1237 1152 1264; x_wconf 92' lang='lat' dir='ltr'><strong>hinnuli</strong></span> <span class='ocrx_word' id='word_1_552' title='bbox 1171 1239 1267 1273; x_wconf 86' lang='lat' dir='ltr'><strong>pellem</strong></span> <span class='ocrx_word' id='word_1_553' title='bbox 1287 1240 1486 1268; x_wconf 82' lang='lat' dir='ltr'><strong>circumferret.</strong></span> <span class='ocrx_word' id='word_1_554' title='bbox 1509 1240 1564 1268; x_wconf 91' lang='lat' dir='ltr'><strong>Isin</strong></span> <span class='ocrx_word' id='word_1_555' title='bbox 1578 1249 1661 1275; x_wconf 84' lang='lat' dir='ltr'><strong>vero,</strong></span> <span class='ocrx_word' id='word_1_556' title='bbox 1682 1243 1842 1277; x_wconf 81' lang='lat' dir='ltr'><strong>Antiquam,</strong></span> 
     </span>
    </p>
   </div>
   <div class='ocr_carea' id='block_1_82' title="bbox 1045 1284 1844 1323">
    <p class='ocr_par' dir='ltr' id='par_1_82' title="bbox 1045 1284 1844 1323">
     <span class='ocr_line' id='line_1_83' title="bbox 1045 1284 1844 1323; baseline 0.006 -13"><span class='ocrx_word' id='word_1_557' title='bbox 1045 1284 1200 1319; x_wconf 78' lang='lat' dir='ltr'><strong>significare</strong></span> <span class='ocrx_word' id='word_1_558' title='bbox 1223 1286 1319 1319; x_wconf 85' lang='lat' dir='ltr'><strong>aiunt,</strong></span> <span class='ocrx_word' id='word_1_559' title='bbox 1342 1294 1397 1321; x_wconf 91' lang='lat' dir='ltr'><strong>quo</strong></span> <span class='ocrx_word' id='word_1_560' title='bbox 1419 1288 1530 1314; x_wconf 86' lang='lat' dir='ltr'><strong>nomine</strong></span> <span class='ocrx_word' id='word_1_561' title='bbox 1554 1288 1616 1315; x_wconf 87' lang='lat' dir='ltr'><strong>luna</strong></span> <span class='ocrx_word' id='word_1_562' title='bbox 1641 1292 1751 1323; x_wconf 84' lang='lat' dir='ltr'><strong>propter</strong></span> <span class='ocrx_word' id='word_1_563' title='bbox 1773 1288 1844 1315; x_wconf 87' lang='lat' dir='ltr'><strong>anti-</strong></span> 
     </span>
    </p>
   </div>
   <div class='ocr_carea' id='block_1_83' title="bbox 1045 1331 1843 1370">
    <p class='ocr_par' dir='ltr' id='par_1_83' title="bbox 1045 1331 1843 1370">
     <span class='ocr_line' id='line_1_84' title="bbox 1045 1331 1843 1370; baseline 0.01 -14"><span class='ocrx_word' id='word_1_564' title='bbox 1045 1331 1211 1364; x_wconf 88' lang='lat' dir='ltr'><strong>quissimum</strong></span> <span class='ocrx_word' id='word_1_565' title='bbox 1227 1340 1259 1359; x_wconf 91' lang='lat' dir='ltr'><strong>ac</strong></span> <span class='ocrx_word' id='word_1_566' title='bbox 1276 1334 1472 1367; x_wconf 88' lang='lat' dir='ltr'><strong>sempiternum</strong></span> <span class='ocrx_word' id='word_1_567' title='bbox 1486 1339 1575 1362; x_wconf 90' lang='lat' dir='ltr'><strong>ortum</strong></span> <span class='ocrx_word' id='word_1_568' title='bbox 1597 1336 1730 1370; x_wconf 83' lang='lat' dir='ltr'><strong>appellata</strong></span> <span class='ocrx_word' id='word_1_569' title='bbox 1751 1335 1843 1370; x_wconf 61' lang='lat' dir='ltr'><strong>fuerit,</strong></span> 
     </span>
    </p>
   </div>
   <div class='ocr_carea' id='block_1_84' title="bbox 1045 1375 1845 1416">
    <p class='ocr_par' dir='ltr' id='par_1_84' title="bbox 1045 1375 1845 1416">
     <span class='ocr_line' id='line_1_85' title="bbox 1045 1375 1845 1416; baseline 0.005 -13"><span class='ocrx_word' id='word_1_570' title='bbox 1045 1375 1154 1403; x_wconf 83' lang='lat' dir='ltr'><strong>Cornua</strong></span> <span class='ocrx_word' id='word_1_571' title='bbox 1169 1385 1252 1411; x_wconf 90' lang='lat' dir='ltr'><strong>porro</strong></span> <span class='ocrx_word' id='word_1_572' title='bbox 1267 1378 1354 1405; x_wconf 76' lang='lat' dir='ltr'><strong>eidem</strong></span> <span class='ocrx_word' id='word_1_573' title='bbox 1368 1378 1478 1414; x_wconf 79' lang='lat' dir='ltr'><strong>aﬂigunt</strong></span> <span class='ocrx_word' id='word_1_574' title='bbox 1497 1399 1504 1411; x_wconf 83' lang='lat'><strong>,</strong></span> <span class='ocrx_word' id='word_1_575' title='bbox 1522 1380 1620 1415; x_wconf 81' lang='lat' dir='ltr'><strong>partim</strong></span> <span class='ocrx_word' id='word_1_576' title='bbox 1636 1388 1666 1407; x_wconf 86' lang='lat' dir='ltr'><strong>ea</strong></span> <span class='ocrx_word' id='word_1_577' title='bbox 1684 1381 1770 1415; x_wconf 82' lang='lat' dir='ltr'><strong>ﬁgura</strong></span> <span class='ocrx_word' id='word_1_578' title='bbox 1783 1389 1845 1416; x_wconf 87' lang='lat' dir='ltr'><strong>per-</strong></span> 
     </span>
    </p>
   </div>
   <div class='ocr_carea' id='block_1_85' title="bbox 1045 1422 1843 1457">
    <p class='ocr_par' dir='ltr' id='par_1_85' title="bbox 1045 1422 1843 1457">
     <span class='ocr_line' id='line_1_86' title="bbox 1045 1422 1843 1457; baseline 0.009 -10"><span class='ocrx_word' id='word_1_579' title='bbox 1045 1422 1113 1448; x_wconf 90' lang='lat' dir='ltr'><strong>moti</strong></span> <span class='ocrx_word' id='word_1_580' title='bbox 1126 1443 1132 1455; x_wconf 86' lang='lat'><strong>,</strong></span> <span class='ocrx_word' id='word_1_581' title='bbox 1151 1430 1232 1457; x_wconf 89' lang='lat' dir='ltr'><strong>quam</strong></span> <span class='ocrx_word' id='word_1_582' title='bbox 1254 1424 1306 1450; x_wconf 87' lang='lat' dir='ltr'><strong>sub</strong></span> <span class='ocrx_word' id='word_1_583' title='bbox 1325 1425 1508 1451; x_wconf 85' lang='lat' dir='ltr'><strong>accretienem</strong></span> <span class='ocrx_word' id='word_1_584' title='bbox 1527 1425 1774 1454; x_wconf 83' lang='lat' dir='ltr'><strong>diminuti&#39;onemve</strong></span> <span class='ocrx_word' id='word_1_585' title='bbox 1800 1427 1843 1454; x_wconf 87' lang='lat' dir='ltr'><strong>lu-</strong></span> 
     </span>
    </p>
   </div>
   <div class='ocr_carea' id='block_1_86' title="bbox 1045 1466 1845 1507">
    <p class='ocr_par' dir='ltr' id='par_1_86' title="bbox 1045 1466 1845 1507">
     <span class='ocr_line' id='line_1_87' title="bbox 1045 1466 1845 1507; baseline 0.009 -14"><span class='ocrx_word' id='word_1_586' title='bbox 1045 1466 1128 1494; x_wconf 89' lang='lat' dir='ltr'><strong>minis</strong></span> <span class='ocrx_word' id='word_1_587' title='bbox 1143 1475 1278 1494; x_wconf 87' lang='lat' dir='ltr'><strong>cornuum</strong></span> <span class='ocrx_word' id='word_1_588' title='bbox 1296 1468 1383 1496; x_wconf 86' lang='lat' dir='ltr'><strong>instar</strong></span> <span class='ocrx_word' id='word_1_589' title='bbox 1395 1474 1537 1496; x_wconf 81' lang='lat' dir='ltr'><strong>curvatam</strong></span> <span class='ocrx_word' id='word_1_590' title='bbox 1553 1471 1686 1504; x_wconf 84' lang='lat' dir='ltr'><strong>ostendit,</strong></span> <span class='ocrx_word' id='word_1_591' title='bbox 1707 1473 1762 1507; x_wconf 78' lang='lat'><strong>28</strong></span> <span class='ocrx_word' id='word_1_592' title='bbox 1780 1481 1845 1507; x_wconf 65' lang='grc' dir='ltr'>ραι-ι</span> 
     </span>
    </p>
   </div>
   <div class='ocr_carea' id='block_1_87' title="bbox 1051 1510 1845 1550">
    <p class='ocr_par' dir='ltr' id='par_1_87' title="bbox 1051 1510 1845 1550">
     <span class='ocr_line' id='line_1_88' title="bbox 1051 1510 1845 1550; baseline 0.008 -12"><span class='ocrx_word' id='word_1_593' title='bbox 1051 1512 1099 1538; x_wconf 92' lang='lat' dir='ltr'><strong>tim</strong></span> <span class='ocrx_word' id='word_1_594' title='bbox 1121 1513 1193 1546; x_wconf 88' lang='lat' dir='ltr'><strong>quod</strong></span> <span class='ocrx_word' id='word_1_595' title='bbox 1211 1513 1235 1539; x_wconf 83' lang='lat' dir='ltr'><strong>ei</strong></span> <span class='ocrx_word' id='word_1_596' title='bbox 1251 1521 1333 1541; x_wconf 86' lang='lat' dir='ltr'><strong>vacca</strong></span> <span class='ocrx_word' id='word_1_597' title='bbox 1356 1514 1392 1541; x_wconf 83' lang='lat' dir='ltr'><strong>sit</strong></span> <span class='ocrx_word' id='word_1_598' title='bbox 1415 1515 1486 1549; x_wconf 86' lang='lat' dir='ltr'><strong>apud</strong></span> <span class='ocrx_word' id='word_1_599' title='bbox 1509 1514 1651 1550; x_wconf 53' lang='lat' dir='ltr'><strong>{Egyptios</strong></span> <span class='ocrx_word' id='word_1_600' title='bbox 1673 1510 1845 1546; x_wconf 74' lang='lat' dir='ltr'><strong>consecrata.</strong></span> 
     </span>
    </p>
   </div>
   <div class='ocr_carea' id='block_1_88' title="bbox 1047 1557 1845 1593">
    <p class='ocr_par' dir='ltr' id='par_1_88' title="bbox 1047 1557 1845 1593">
     <span class='ocr_line' id='line_1_89' title="bbox 1047 1557 1845 1593; baseline 0.011 -10"><span class='ocrx_word' id='word_1_601' title='bbox 1047 1557 1184 1584; x_wconf 66' lang='lat' dir='ltr'><strong>Cmterum</strong></span> <span class='ocrx_word' id='word_1_602' title='bbox 1201 1559 1324 1593; x_wconf 78' lang='lat' dir='ltr'><strong>geminos</strong></span> <span class='ocrx_word' id='word_1_603' title='bbox 1346 1560 1429 1587; x_wconf 88' lang='lat' dir='ltr'><strong>hosce</strong></span> <span class='ocrx_word' id='word_1_604' title='bbox 1446 1561 1512 1588; x_wconf 89' lang='lat' dir='ltr'><strong>deos</strong></span> <span class='ocrx_word' id='word_1_605' title='bbox 1532 1562 1664 1589; x_wconf 90' lang='lat' dir='ltr'><strong>mundum</strong></span> <span class='ocrx_word' id='word_1_606' title='bbox 1687 1564 1845 1592; x_wconf 88' lang='lat' dir='ltr'><strong>universum</strong></span> 
     </span>
    </p>
   </div>
   <div class='ocr_carea' id='block_1_89' title="bbox 1048 1604 1844 1643">
    <p class='ocr_par' dir='ltr' id='par_1_89' title="bbox 1048 1604 1844 1643">
     <span class='ocr_line' id='line_1_90' title="bbox 1048 1604 1844 1643; baseline 0.01 -13"><span class='ocrx_word' id='word_1_607' title='bbox 1048 1604 1186 1631; x_wconf 86' lang='lat' dir='ltr'><strong>moderari</strong></span> <span class='ocrx_word' id='word_1_608' title='bbox 1205 1605 1314 1632; x_wconf 88' lang='lat' dir='ltr'><strong>docent.</strong></span> <span class='ocrx_word' id='word_1_609' title='bbox 1336 1615 1345 1630; x_wconf 77' lang='grc' dir='ltr'><strong>ι</strong></span> <span class='ocrx_word' id='word_1_610' title='bbox 1370 1608 1409 1634; x_wconf 80' lang='lat' dir='ltr'><strong>Ac</strong></span> <span class='ocrx_word' id='word_1_611' title='bbox 1424 1607 1457 1634; x_wconf 90' lang='lat' dir='ltr'><strong>de</strong></span> <span class='ocrx_word' id='word_1_612' title='bbox 1472 1607 1608 1643; x_wconf 64' lang='lat' dir='ltr'><strong>Egyptiis</strong></span> <span class='ocrx_word' id='word_1_613' title='bbox 1626 1609 1735 1643; x_wconf 88' lang='lat' dir='ltr'><strong>quidem</strong></span> <span class='ocrx_word' id='word_1_614' title='bbox 1755 1610 1813 1637; x_wconf 60' lang='lat' dir='ltr'><strong>haec</strong></span> <span class='ocrx_word' id='word_1_615' title='bbox 1828 1618 1844 1638; x_wconf 87' lang='lat' dir='ltr'><strong>a</strong></span> 
     </span>
    </p>
   </div>
   <div class='ocr_carea' id='block_1_90' title="bbox 1050 1651 1841 1683">
    <p class='ocr_par' dir='ltr' id='par_1_90' title="bbox 1050 1651 1841 1683">
     <span class='ocr_line' id='line_1_91' title="bbox 1050 1651 1841 1683; baseline 0.009 -7"><span class='ocrx_word' id='word_1_616' title='bbox 1050 1651 1129 1677; x_wconf 67' lang='lat' dir='ltr'><strong>nobis</strong></span> <span class='ocrx_word' id='word_1_617' title='bbox 1152 1652 1221 1679; x_wconf 86' lang='lat' dir='ltr'><strong>dicta</strong></span> <span class='ocrx_word' id='word_1_618' title='bbox 1237 1658 1328 1680; x_wconf 82' lang='lat' dir='ltr'><strong>sunto.</strong></span> <span class='ocrx_word' id='word_1_619' title='bbox 1342 1653 1401 1681; x_wconf 81' lang='lat' dir='ltr'><strong>Jam</strong></span> <span class='ocrx_word' id='word_1_620' title='bbox 1420 1654 1445 1681; x_wconf 88' lang='lat' dir='ltr'><strong>in</strong></span> <span class='ocrx_word' id='word_1_621' title='bbox 1460 1654 1621 1682; x_wconf 75' lang='lat' dir='ltr'><strong>Phwnienm</strong></span> <span class='ocrx_word' id='word_1_622' title='bbox 1638 1655 1719 1682; x_wconf 88' lang='lat' dir='ltr'><strong>etiam</strong></span> <span class='ocrx_word' id='word_1_623' title='bbox 1737 1657 1841 1683; x_wconf 87' lang='lat' dir='ltr'><strong>theolo-</strong></span> 
     </span>
    </p>
   </div>
   <div class='ocr_carea' id='block_1_91' title="bbox 1049 1696 1846 1734">
    <p class='ocr_par' dir='ltr' id='par_1_91' title="bbox 1049 1696 1846 1734">
     <span class='ocr_line' id='line_1_92' title="bbox 1049 1696 1846 1734; baseline 0.013 -13"><span class='ocrx_word' id='word_1_624' title='bbox 1049 1696 1092 1729; x_wconf 82' lang='lat' dir='ltr'><strong>gia</strong></span> <span class='ocrx_word' id='word_1_625' title='bbox 1108 1698 1228 1731; x_wconf 82' lang='lat' dir='ltr'><strong>reperias</strong></span> <span class='ocrx_word' id='word_1_626' title='bbox 1240 1718 1247 1730; x_wconf 92' lang='lat'><strong>,</strong></span> <span class='ocrx_word' id='word_1_627' title='bbox 1260 1699 1306 1732; x_wconf 86' lang='lat' dir='ltr'><strong>qui</strong></span> <span class='ocrx_word' id='word_1_628' title='bbox 1326 1699 1462 1734; x_wconf 83' lang='lat' dir='ltr'><strong>principes</strong></span> <span class='ocrx_word' id='word_1_629' title='bbox 1475 1701 1545 1734; x_wconf 84' lang='lat' dir='ltr'><strong>apud</strong></span> <span class='ocrx_word' id='word_1_630' title='bbox 1561 1701 1620 1728; x_wconf 89' lang='lat' dir='ltr'><strong>illos</strong></span> <span class='ocrx_word' id='word_1_631' title='bbox 1640 1703 1773 1729; x_wconf 81' lang='lat' dir='ltr'><strong>naturalis</strong></span> <span class='ocrx_word' id='word_1_632' title='bbox 1785 1711 1846 1732; x_wconf 80' lang='lat' dir='ltr'><strong>sese</strong></span> 
     </span>
    </p>
   </div>
   <div class='ocr_carea' id='block_1_92' title="bbox 1048 1742 1846 1783">
    <p class='ocr_par' dir='ltr' id='par_1_92' title="bbox 1048 1742 1846 1783">
     <span class='ocr_line' id='line_1_93' title="bbox 1048 1742 1846 1783; baseline 0.01 -15"><span class='ocrx_word' id='word_1_633' title='bbox 1048 1742 1229 1777; x_wconf 68' lang='lat' dir='ltr'><strong>philosophiae</strong></span> <span class='ocrx_word' id='word_1_634' title='bbox 1256 1744 1347 1771; x_wconf 85' lang='lat' dir='ltr'><strong>studio</strong></span> <span class='ocrx_word' id='word_1_635' title='bbox 1372 1745 1551 1779; x_wconf 86' lang='lat' dir='ltr'><strong>dediderunt,</strong></span> <span class='ocrx_word' id='word_1_636' title='bbox 1569 1754 1616 1774; x_wconf 90' lang='lat' dir='ltr'><strong>eos</strong></span> <span class='ocrx_word' id='word_1_637' title='bbox 1639 1748 1723 1775; x_wconf 77' lang='lat' dir='ltr'><strong>solent</strong></span> <span class='ocrx_word' id='word_1_638' title='bbox 1742 1749 1846 1783; x_wconf 83' lang='lat' dir='ltr'><strong>pariter</strong></span> 
     </span>
    </p>
   </div>
   <div class='ocr_carea' id='block_1_93' title="bbox 1049 1788 1845 1826">
    <p class='ocr_par' dir='ltr' id='par_1_93' title="bbox 1049 1788 1845 1826">
     <span class='ocr_line' id='line_1_94' title="bbox 1049 1788 1845 1826; baseline 0.01 -12"><span class='ocrx_word' id='word_1_639' title='bbox 1049 1793 1130 1822; x_wconf 87' lang='lat' dir='ltr'><strong>atque</strong></span> <span class='ocrx_word' id='word_1_640' title='bbox 1151 1788 1262 1821; x_wconf 88' lang='lat' dir='ltr'><strong>lunam,</strong></span> <span class='ocrx_word' id='word_1_641' title='bbox 1281 1796 1449 1826; x_wconf 69' lang='lat' dir='ltr'><strong>cmterasque</strong></span> <span class='ocrx_word' id='word_1_642' title='bbox 1471 1793 1563 1820; x_wconf 77' lang='lat' dir='ltr'><strong>stellas</strong></span> <span class='ocrx_word' id='word_1_643' title='bbox 1589 1793 1758 1826; x_wconf 82' lang='lat' dir='ltr'><strong>inerrantes,</strong></span> <span class='ocrx_word' id='word_1_644' title='bbox 1789 1795 1845 1822; x_wconf 87' lang='lat' dir='ltr'><strong>ele-</strong></span> 
     </span>
    </p>
   </div>
   <div class='ocr_carea' id='block_1_94' title="bbox 1049 1838 1892 1875">
    <p class='ocr_par' dir='ltr' id='par_1_94' title="bbox 1049 1838 1892 1875">
     <span class='ocr_line' id='line_1_95' title="bbox 1049 1838 1892 1875; baseline 0.011 -15"><span class='ocrx_word' id='word_1_645' title='bbox 1049 1838 1139 1861; x_wconf 90' lang='lat' dir='ltr'><strong>menta</strong></span> <span class='ocrx_word' id='word_1_646' title='bbox 1167 1839 1297 1869; x_wconf 61' lang='lat' dir='ltr'><strong>pra‘terea</strong></span> <span class='ocrx_word' id='word_1_647' title='bbox 1309 1857 1316 1869; x_wconf 92' lang='lat'><strong>,</strong></span> <span class='ocrx_word' id='word_1_648' title='bbox 1335 1845 1450 1872; x_wconf 67' lang='lat' dir='ltr'><strong>quaeque</strong></span> <span class='ocrx_word' id='word_1_649' title='bbox 1465 1846 1527 1865; x_wconf 90' lang='lat' dir='ltr'><strong>cum</strong></span> <span class='ocrx_word' id='word_1_650' title='bbox 1545 1839 1579 1866; x_wconf 91' lang='lat' dir='ltr'><strong>iis</strong></span> <span class='ocrx_word' id='word_1_651' title='bbox 1600 1840 1746 1874; x_wconf 88' lang='lat' dir='ltr'><strong>conjuncta</strong></span> <span class='ocrx_word' id='word_1_652' title='bbox 1763 1846 1844 1875; x_wconf 87' lang='lat' dir='ltr'><strong>sunt,</strong></span> <span class='ocrx_word' id='word_1_653' title='bbox 1885 1845 1892 1848; x_wconf 81' lang='grc'><strong>”</strong></span> 
     </span>
    </p>
   </div>
   <div class='ocr_carea' id='block_1_95' title="bbox 1049 1879 1844 1921">
    <p class='ocr_par' dir='ltr' id='par_1_95' title="bbox 1049 1879 1844 1921">
     <span class='ocr_line' id='line_1_96' title="bbox 1049 1879 1844 1921; baseline 0.009 -14"><span class='ocrx_word' id='word_1_654' title='bbox 1049 1879 1162 1908; x_wconf 84' lang='lat' dir='ltr'><strong>deorum</strong></span> <span class='ocrx_word' id='word_1_655' title='bbox 1175 1881 1202 1908; x_wconf 89' lang='lat' dir='ltr'><strong>in</strong></span> <span class='ocrx_word' id='word_1_656' title='bbox 1217 1882 1277 1910; x_wconf 87' lang='lat' dir='ltr'><strong>loco</strong></span> <span class='ocrx_word' id='word_1_657' title='bbox 1289 1888 1393 1910; x_wconf 89' lang='lat' dir='ltr'><strong>tantum</strong></span> <span class='ocrx_word' id='word_1_658' title='bbox 1407 1884 1546 1912; x_wconf 79' lang='lat' dir='ltr'><strong>habuisse.</strong></span> <span class='ocrx_word' id='word_1_659' title='bbox 1561 1885 1659 1912; x_wconf 90' lang='lat' dir='ltr'><strong>Iisdem</strong></span> <span class='ocrx_word' id='word_1_660' title='bbox 1673 1894 1755 1921; x_wconf 80' lang='lat' dir='ltr'><strong>porro</strong></span> <span class='ocrx_word' id='word_1_661' title='bbox 1768 1895 1844 1914; x_wconf 87' lang='lat' dir='ltr'><strong>mor-</strong></span> 
     </span>
    </p>
   </div>
   <div class='ocr_carea' id='block_1_96' title="bbox 1049 1925 1846 1967">
    <p class='ocr_par' dir='ltr' id='par_1_96' title="bbox 1049 1925 1846 1967">
     <span class='ocr_line' id='line_1_97' title="bbox 1049 1925 1846 1967; baseline 0.01 -15"><span class='ocrx_word' id='word_1_662' title='bbox 1049 1925 1116 1953; x_wconf 82' lang='lat' dir='ltr'><strong>tales</strong></span> <span class='ocrx_word' id='word_1_663' title='bbox 1135 1928 1336 1956; x_wconf 85' lang='lat' dir='ltr'><strong>vctnstissimos</strong></span> <span class='ocrx_word' id='word_1_664' title='bbox 1347 1933 1425 1956; x_wconf 63' lang='lat' dir='ltr'><strong>terra:</strong></span> <span class='ocrx_word' id='word_1_665' title='bbox 1435 1930 1557 1964; x_wconf 80' lang='lat' dir='ltr'><strong>getmina</strong></span> <span class='ocrx_word' id='word_1_666' title='bbox 1573 1930 1730 1965; x_wconf 85' lang='lat' dir='ltr'><strong>dedicasse,</strong></span> <span class='ocrx_word' id='word_1_667' title='bbox 1745 1933 1846 1967; x_wconf 90' lang='lat' dir='ltr'><strong>quibus</strong></span> 
     </span>
    </p>
   </div>
   <div class='ocr_carea' id='block_1_97' title="bbox 1049 1970 1846 2010">
    <p class='ocr_par' dir='ltr' id='par_1_97' title="bbox 1049 1970 1846 2010">
     <span class='ocr_line' id='line_1_98' title="bbox 1049 1970 1846 2010; baseline 0.011 -13"><span class='ocrx_word' id='word_1_668' title='bbox 1049 1970 1220 2000; x_wconf 84' lang='lat' dir='ltr'><strong>divinitatem</strong></span> <span class='ocrx_word' id='word_1_669' title='bbox 1244 1974 1294 2008; x_wconf 89' lang='lat' dir='ltr'><strong>ipsi</strong></span> <span class='ocrx_word' id='word_1_670' title='bbox 1314 1982 1425 2010; x_wconf 90' lang='lat' dir='ltr'><strong>quoque</strong></span> <span class='ocrx_word' id='word_1_671' title='bbox 1441 1983 1503 2003; x_wconf 88' lang='lat' dir='ltr'><strong>cum</strong></span> <span class='ocrx_word' id='word_1_672' title='bbox 1519 1976 1687 2005; x_wconf 83' lang='lat' dir='ltr'><strong>adorationis</strong></span> <span class='ocrx_word' id='word_1_673' title='bbox 1703 1979 1778 2006; x_wconf 87' lang='lat' dir='ltr'><strong>cultu</strong></span> <span class='ocrx_word' id='word_1_674' title='bbox 1794 1979 1846 2006; x_wconf 88' lang='lat' dir='ltr'><strong>tri-</strong></span> 
     </span>
    </p>
   </div>
   <div class='ocr_carea' id='block_1_98' title="bbox 1049 2015 1845 2054">
    <p class='ocr_par' dir='ltr' id='par_1_98' title="bbox 1049 2015 1845 2054">
     <span class='ocr_line' id='line_1_99' title="bbox 1049 2015 1845 2054; baseline 0.009 -11"><span class='ocrx_word' id='word_1_675' title='bbox 1049 2015 1186 2051; x_wconf 84' lang='lat' dir='ltr'><strong>buebant,</strong></span> <span class='ocrx_word' id='word_1_676' title='bbox 1204 2019 1305 2052; x_wconf 90' lang='lat' dir='ltr'><strong>quibus</strong></span> <span class='ocrx_word' id='word_1_677' title='bbox 1324 2026 1386 2046; x_wconf 94' lang='lat' dir='ltr'><strong>cum</strong></span> <span class='ocrx_word' id='word_1_678' title='bbox 1407 2019 1490 2047; x_wconf 90' lang='lat' dir='ltr'><strong>vitam</strong></span> <span class='ocrx_word' id='word_1_679' title='bbox 1507 2020 1617 2054; x_wconf 89' lang='lat' dir='ltr'><strong>ipsimet</strong></span> <span class='ocrx_word' id='word_1_680' title='bbox 1638 2021 1728 2049; x_wconf 91' lang='lat' dir='ltr'><strong>adhuc</strong></span> <span class='ocrx_word' id='word_1_681' title='bbox 1744 2022 1845 2050; x_wconf 81' lang='lat' dir='ltr'><strong>tolera-</strong></span> 
     </span>
    </p>
   </div>
   <div class='ocr_carea' id='block_1_99' title="bbox 1048 2061 1844 2099">
    <p class='ocr_par' dir='ltr' id='par_1_99' title="bbox 1048 2061 1844 2099">
     <span class='ocr_line' id='line_1_100' title="bbox 1048 2061 1844 2099; baseline 0.009 -11"><span class='ocrx_word' id='word_1_682' title='bbox 1048 2061 1131 2094; x_wconf 87' lang='lat' dir='ltr'><strong>bant,</strong></span> <span class='ocrx_word' id='word_1_683' title='bbox 1155 2066 1211 2090; x_wconf 89' lang='lat' dir='ltr'><strong>tum</strong></span> <span class='ocrx_word' id='word_1_684' title='bbox 1235 2071 1331 2091; x_wconf 88' lang='lat' dir='ltr'><strong>eorum</strong></span> <span class='ocrx_word' id='word_1_685' title='bbox 1358 2072 1412 2091; x_wconf 91' lang='lat' dir='ltr'><strong>non</strong></span> <span class='ocrx_word' id='word_1_686' title='bbox 1434 2065 1535 2099; x_wconf 87' lang='lat' dir='ltr'><strong>posteri</strong></span> <span class='ocrx_word' id='word_1_687' title='bbox 1557 2066 1658 2098; x_wconf 88' lang='lat' dir='ltr'><strong>modo,</strong></span> <span class='ocrx_word' id='word_1_688' title='bbox 1688 2067 1735 2094; x_wconf 87' lang='lat' dir='ltr'><strong>sed</strong></span> <span class='ocrx_word' id='word_1_689' title='bbox 1761 2068 1844 2096; x_wconf 86' lang='lat' dir='ltr'><strong>etiam</strong></span> 
     </span>
    </p>
   </div>
   <div class='ocr_carea' id='block_1_100' title="bbox 1049 2108 1846 2148">
    <p class='ocr_par' dir='ltr' id='par_1_100' title="bbox 1049 2108 1846 2148">
     <span class='ocr_line' id='line_1_101' title="bbox 1049 2108 1846 2148; baseline 0.006 -13"><span class='ocrx_word' id='word_1_690' title='bbox 1049 2108 1168 2143; x_wconf 89' lang='lat' dir='ltr'><strong>majores</strong></span> <span class='ocrx_word' id='word_1_691' title='bbox 1182 2110 1211 2136; x_wconf 91' lang='lat' dir='ltr'><strong>in</strong></span> <span class='ocrx_word' id='word_1_692' title='bbox 1226 2109 1331 2138; x_wconf 79' lang='lat' dir='ltr'><strong>inferiis</strong></span> <span class='ocrx_word' id='word_1_693' title='bbox 1346 2118 1379 2138; x_wconf 86' lang='lat' dir='ltr'><strong>ac</strong></span> <span class='ocrx_word' id='word_1_694' title='bbox 1395 2110 1573 2138; x_wconf 83' lang='lat' dir='ltr'><strong>libationihus</strong></span> <span class='ocrx_word' id='word_1_695' title='bbox 1586 2112 1703 2139; x_wconf 85' lang='lat' dir='ltr'><strong>solemni</strong></span> <span class='ocrx_word' id='word_1_696' title='bbox 1718 2112 1772 2140; x_wconf 83' lang='lat' dir='ltr'><strong>ritu</strong></span> <span class='ocrx_word' id='word_1_697' title='bbox 1782 2121 1846 2148; x_wconf 84' lang='lat' dir='ltr'><strong>per-</strong></span> 
     </span>
    </p>
   </div>
   <div class='ocr_carea' id='block_1_101' title="bbox 1049 2154 1846 2192">
    <p class='ocr_par' dir='ltr' id='par_1_101' title="bbox 1049 2154 1846 2192">
     <span class='ocr_line' id='line_1_102' title="bbox 1049 2154 1846 2192; baseline 0.006 -10"><span class='ocrx_word' id='word_1_698' title='bbox 1049 2154 1172 2183; x_wconf 82' lang='lat' dir='ltr'><strong>ficiendis</strong></span> <span class='ocrx_word' id='word_1_699' title='bbox 1185 2157 1224 2183; x_wconf 91' lang='lat' dir='ltr'><strong>uti</strong></span> <span class='ocrx_word' id='word_1_700' title='bbox 1237 2164 1415 2184; x_wconf 80' lang='lat' dir='ltr'><strong>consuevere.</strong></span> <span class='ocrx_word' id='word_1_701' title='bbox 1429 2157 1644 2185; x_wconf 87' lang='lat' dir='ltr'><strong>Misericordiam</strong></span> <span class='ocrx_word' id='word_1_702' title='bbox 1659 2163 1761 2192; x_wconf 87' lang='lat' dir='ltr'><strong>autem,</strong></span> <span class='ocrx_word' id='word_1_703' title='bbox 1772 2167 1846 2187; x_wconf 91' lang='lat' dir='ltr'><strong>com-</strong></span> 
     </span>
    </p>
   </div>
   <div class='ocr_carea' id='block_1_102' title="bbox 1050 2201 1843 2240">
    <p class='ocr_par' dir='ltr' id='par_1_102' title="bbox 1050 2201 1843 2240">
     <span class='ocr_line' id='line_1_103' title="bbox 1050 2201 1843 2240; baseline 0.008 -13"><span class='ocrx_word' id='word_1_704' title='bbox 1050 2201 1254 2229; x_wconf 87' lang='lat' dir='ltr'><strong>miscrationem</strong></span> <span class='ocrx_word' id='word_1_705' title='bbox 1277 2207 1304 2229; x_wconf 82' lang='lat' dir='ltr'><strong>et</strong></span> <span class='ocrx_word' id='word_1_706' title='bbox 1330 2202 1432 2230; x_wconf 89' lang='lat' dir='ltr'><strong>luctum</strong></span> <span class='ocrx_word' id='word_1_707' title='bbox 1449 2203 1601 2231; x_wconf 83' lang='lat' dir='ltr'><strong>senescenti</strong></span> <span class='ocrx_word' id='word_1_708' title='bbox 1618 2209 1697 2232; x_wconf 60' lang='lat' dir='ltr'><strong>terra).</strong></span> <span class='ocrx_word' id='word_1_709' title='bbox 1711 2206 1843 2240; x_wconf 80' lang='lat' dir='ltr'><strong>germini,</strong></span> 
     </span>
    </p>
   </div>
   <div class='ocr_carea' id='block_1_103' title="bbox 1049 2242 1843 2284">
    <p class='ocr_par' dir='ltr' id='par_1_103' title="bbox 1049 2242 1843 2284">
     <span class='ocr_line' id='line_1_104' title="bbox 1049 2242 1843 2284; baseline 0.008 -11"><span class='ocrx_word' id='word_1_710' title='bbox 1049 2248 1144 2282; x_wconf 61' lang='lat' dir='ltr'><strong>prima:</strong></span> <span class='ocrx_word' id='word_1_711' title='bbox 1162 2248 1342 2275; x_wconf 89' lang='lat' dir='ltr'><strong>animantium</strong></span> <span class='ocrx_word' id='word_1_712' title='bbox 1359 2256 1392 2276; x_wconf 81' lang='lat' dir='ltr'><strong>ex</strong></span> <span class='ocrx_word' id='word_1_713' title='bbox 1408 2242 1480 2276; x_wconf 75' lang='lat' dir='ltr'><strong>terra</strong></span> <span class='ocrx_word' id='word_1_714' title='bbox 1495 2250 1695 2284; x_wconf 86' lang='lat' dir='ltr'><strong>procreationi,</strong></span> <span class='ocrx_word' id='word_1_715' title='bbox 1706 2242 1742 2279; x_wconf 30' lang='lat' dir='ltr'><strong>lac</strong></span> <span class='ocrx_word' id='word_1_716' title='bbox 1760 2251 1843 2279; x_wconf 82' lang='lat' dir='ltr'><strong>simul</strong></span> 
     </span>
    </p>
   </div>
   <div class='ocr_carea' id='block_1_104' title="bbox 1050 2295 1843 2331">
    <p class='ocr_par' dir='ltr' id='par_1_104' title="bbox 1050 2295 1843 2331">
     <span class='ocr_line' id='line_1_105' title="bbox 1050 2295 1843 2331; baseline 0.005 -11"><span class='ocrx_word' id='word_1_717' title='bbox 1050 2301 1144 2320; x_wconf 89' lang='lat' dir='ltr'><strong>eorum</strong></span> <span class='ocrx_word' id='word_1_718' title='bbox 1161 2301 1195 2321; x_wconf 79' lang='lat' dir='ltr'><strong>ex</strong></span> <span class='ocrx_word' id='word_1_719' title='bbox 1211 2299 1307 2321; x_wconf 86' lang='lat' dir='ltr'><strong>mutua</strong></span> <span class='ocrx_word' id='word_1_720' title='bbox 1331 2295 1526 2330; x_wconf 77' lang='lat' dir='ltr'><strong>congressione</strong></span> <span class='ocrx_word' id='word_1_721' title='bbox 1543 2297 1710 2331; x_wconf 80' lang='lat' dir='ltr'><strong>generationi</strong></span> <span class='ocrx_word' id='word_1_722' title='bbox 1721 2315 1729 2329; x_wconf 91' lang='lat'><strong>,</strong></span> <span class='ocrx_word' id='word_1_723' title='bbox 1745 2297 1843 2324; x_wconf 93' lang='lat' dir='ltr'><strong>morti-</strong></span> 
     </span>
    </p>
   </div>
   <div class='ocr_carea' id='block_1_105' title="bbox 1048 2339 1844 2379">
    <p class='ocr_par' dir='ltr' id='par_1_105' title="bbox 1048 2339 1844 2379">
     <span class='ocr_line' id='line_1_106' title="bbox 1048 2339 1844 2379; baseline 0.008 -14"><span class='ocrx_word' id='word_1_724' title='bbox 1048 2347 1101 2374; x_wconf 88' lang='lat' dir='ltr'><strong>que</strong></span> <span class='ocrx_word' id='word_1_725' title='bbox 1111 2339 1179 2367; x_wconf 87' lang='lat' dir='ltr'><strong>adeo</strong></span> <span class='ocrx_word' id='word_1_726' title='bbox 1193 2340 1255 2375; x_wconf 89' lang='lat' dir='ltr'><strong>ipsi,</strong></span> <span class='ocrx_word' id='word_1_727' title='bbox 1267 2348 1314 2375; x_wconf 90' lang='lat' dir='ltr'><strong>per</strong></span> <span class='ocrx_word' id='word_1_728' title='bbox 1322 2349 1404 2377; x_wconf 87' lang='lat' dir='ltr'><strong>quam</strong></span> <span class='ocrx_word' id='word_1_729' title='bbox 1419 2342 1469 2369; x_wconf 88' lang='lat' dir='ltr'><strong>hac</strong></span> <span class='ocrx_word' id='word_1_730' title='bbox 1476 2342 1530 2370; x_wconf 81' lang='lat' dir='ltr'><strong>vita</strong></span> <span class='ocrx_word' id='word_1_731' title='bbox 1542 2341 1766 2379; x_wconf 82' lang='lat' dir='ltr'><strong>defungeremur,</strong></span> <span class='ocrx_word' id='word_1_732' title='bbox 1778 2351 1844 2371; x_wconf 83' lang='lat' dir='ltr'><strong>con-</strong></span> 
     </span>
    </p>
   </div>
   <div class='ocr_carea' id='block_1_106' title="bbox 1049 2385 1845 2421">
    <p class='ocr_par' dir='ltr' id='par_1_106' title="bbox 1049 2385 1845 2421">
     <span class='ocr_line' id='line_1_107' title="bbox 1049 2385 1845 2421; baseline 0.005 -9"><span class='ocrx_word' id='word_1_733' title='bbox 1049 2386 1202 2414; x_wconf 81' lang='lat' dir='ltr'><strong>secrabant.</strong></span> <span class='ocrx_word' id='word_1_734' title='bbox 1228 2385 1371 2421; x_wconf 76' lang='lat' dir='ltr'><strong>Ejusmodi</strong></span> <span class='ocrx_word' id='word_1_735' title='bbox 1392 2392 1470 2415; x_wconf 83' lang='lat' dir='ltr'><strong>erant</strong></span> <span class='ocrx_word' id='word_1_736' title='bbox 1494 2388 1579 2415; x_wconf 87' lang='lat' dir='ltr'><strong>divini</strong></span> <span class='ocrx_word' id='word_1_737' title='bbox 1602 2389 1693 2416; x_wconf 87' lang='lat' dir='ltr'><strong>cultus</strong></span> <span class='ocrx_word' id='word_1_738' title='bbox 1718 2388 1845 2418; x_wconf 75' lang='lat' dir='ltr'><strong>notiones</strong></span> 
     </span>
    </p>
   </div>
   <div class='ocr_carea' id='block_1_107' title="bbox 1050 2431 1844 2470">
    <p class='ocr_par' dir='ltr' id='par_1_107' title="bbox 1050 2431 1844 2470">
     <span class='ocr_line' id='line_1_108' title="bbox 1050 2431 1844 2470; baseline 0.005 -12"><span class='ocrx_word' id='word_1_739' title='bbox 1050 2431 1193 2459; x_wconf 85' lang='lat' dir='ltr'><strong>hominum</strong></span> <span class='ocrx_word' id='word_1_740' title='bbox 1211 2432 1328 2461; x_wconf 89' lang='lat' dir='ltr'><strong>istorum</strong></span> <span class='ocrx_word' id='word_1_741' title='bbox 1352 2434 1549 2466; x_wconf 84' lang='lat' dir='ltr'><strong>imbecillitati,</strong></span> <span class='ocrx_word' id='word_1_742' title='bbox 1567 2438 1593 2462; x_wconf 88' lang='lat' dir='ltr'><strong>et</strong></span> <span class='ocrx_word' id='word_1_743' title='bbox 1610 2434 1735 2470; x_wconf 79' lang='lat' dir='ltr'><strong>angustis</strong></span> <span class='ocrx_word' id='word_1_744' title='bbox 1754 2434 1844 2463; x_wconf 83' lang='lat' dir='ltr'><strong>adhuc</strong></span> 
     </span>
    </p>
   </div>
   <div class='ocr_carea' id='block_1_108' title="bbox 1050 2478 1844 2516">
    <p class='ocr_par' dir='ltr' id='par_1_108' title="bbox 1050 2478 1844 2516">
     <span class='ocr_line' id='line_1_109' title="bbox 1050 2478 1844 2516; baseline 0.006 -12"><span class='ocrx_word' id='word_1_745' title='bbox 1050 2478 1210 2514; x_wconf 88' lang='lat' dir='ltr'><strong>pnsillisqne</strong></span> <span class='ocrx_word' id='word_1_746' title='bbox 1233 2479 1332 2507; x_wconf 87' lang='lat' dir='ltr'><strong>animis</strong></span> <span class='ocrx_word' id='word_1_747' title='bbox 1348 2485 1538 2516; x_wconf 79' lang='lat' dir='ltr'><strong>congruentes.</strong></span> <span class='ocrx_word' id='word_1_748' title='bbox 1555 2481 1644 2516; x_wconf 81' lang='lat' dir='ltr'><strong>Atque</strong></span> <span class='ocrx_word' id='word_1_749' title='bbox 1659 2481 1717 2508; x_wconf 70' lang='lat' dir='ltr'><strong>haec</strong></span> <span class='ocrx_word' id='word_1_750' title='bbox 1732 2480 1844 2509; x_wconf 66' lang='lat' dir='ltr'><strong>Phoeni-</strong></span> 
     </span>
    </p>
   </div>
   <div class='ocr_carea' id='block_1_109' title="bbox 1050 2523 1843 2559">
    <p class='ocr_par' dir='ltr' id='par_1_109' title="bbox 1050 2523 1843 2559">
     <span class='ocr_line' id='line_1_110' title="bbox 1050 2523 1843 2559; baseline 0.004 -9"><span class='ocrx_word' id='word_1_751' title='bbox 1050 2530 1113 2550; x_wconf 90' lang='lat' dir='ltr'><strong>cum</strong></span> <span class='ocrx_word' id='word_1_752' title='bbox 1136 2523 1218 2551; x_wconf 91' lang='lat' dir='ltr'><strong>etiam</strong></span> <span class='ocrx_word' id='word_1_753' title='bbox 1238 2523 1329 2557; x_wconf 85' lang='lat' dir='ltr'><strong>libris,</strong></span> <span class='ocrx_word' id='word_1_754' title='bbox 1348 2529 1382 2554; x_wconf 65' lang='lat' dir='ltr'><strong>ut,</strong></span> <span class='ocrx_word' id='word_1_755' title='bbox 1394 2525 1524 2559; x_wconf 86' lang='lat' dir='ltr'><strong>deinceps</strong></span> <span class='ocrx_word' id='word_1_756' title='bbox 1542 2525 1735 2557; x_wconf 82' lang='lat' dir='ltr'><strong>ostendemus,</strong></span> <span class='ocrx_word' id='word_1_757' title='bbox 1752 2523 1843 2553; x_wconf 80' lang='lat' dir='ltr'><strong>conti-</strong></span> 
     </span>
    </p>
   </div>
   <div class='ocr_carea' id='block_1_110' title="bbox 1051 2569 1844 2606">
    <p class='ocr_par' dir='ltr' id='par_1_110' title="bbox 1051 2569 1844 2606">
     <span class='ocr_line' id='line_1_111' title="bbox 1051 2569 1844 2606; baseline 0.004 -10"><span class='ocrx_word' id='word_1_758' title='bbox 1051 2574 1160 2597; x_wconf 88' lang='lat' dir='ltr'><strong>nentur.</strong></span> <span class='ocrx_word' id='word_1_759' title='bbox 1185 2569 1256 2603; x_wconf 87' lang='lat' dir='ltr'><strong>Quin</strong></span> <span class='ocrx_word' id='word_1_760' title='bbox 1273 2570 1355 2597; x_wconf 88' lang='lat' dir='ltr'><strong>etiam</strong></span> <span class='ocrx_word' id='word_1_761' title='bbox 1371 2570 1416 2598; x_wconf 85' lang='lat' dir='ltr'><strong>ille</strong></span> <span class='ocrx_word' id='word_1_762' title='bbox 1432 2570 1507 2606; x_wconf 90' lang='lat' dir='ltr'><strong>ipse,</strong></span> <span class='ocrx_word' id='word_1_763' title='bbox 1530 2569 1578 2605; x_wconf 87' lang='lat' dir='ltr'><strong>qui</strong></span> <span class='ocrx_word' id='word_1_764' title='bbox 1595 2575 1690 2598; x_wconf 90' lang='lat' dir='ltr'><strong>nostra</strong></span> <span class='ocrx_word' id='word_1_765' title='bbox 1711 2571 1844 2601; x_wconf 81' lang='lat' dir='ltr'><strong>memoria</strong></span> 
     </span>
    </p>
   </div>
   <div class='ocr_carea' id='block_1_111' title="bbox 1050 2615 1844 2653">
    <p class='ocr_par' dir='ltr' id='par_1_111' title="bbox 1050 2615 1844 2653">
     <span class='ocr_line' id='line_1_112' title="bbox 1050 2615 1844 2653; baseline 0.005 -11"><span class='ocrx_word' id='word_1_766' title='bbox 1050 2615 1137 2648; x_wconf 83' lang='lat' dir='ltr'><strong>vixit,</strong></span> <span class='ocrx_word' id='word_1_767' title='bbox 1153 2616 1254 2650; x_wconf 89' lang='lat' dir='ltr'><strong>quique</strong></span> <span class='ocrx_word' id='word_1_768' title='bbox 1273 2615 1432 2645; x_wconf 88' lang='lat' dir='ltr'><strong>evomendis</strong></span> <span class='ocrx_word' id='word_1_769' title='bbox 1454 2616 1483 2643; x_wconf 87' lang='lat' dir='ltr'><strong>in</strong></span> <span class='ocrx_word' id='word_1_770' title='bbox 1502 2623 1553 2643; x_wconf 84' lang='lat' dir='ltr'><strong>nos</strong></span> <span class='ocrx_word' id='word_1_771' title='bbox 1577 2617 1750 2645; x_wconf 79' lang='lat' dir='ltr'><strong>contumeliis</strong></span> <span class='ocrx_word' id='word_1_772' title='bbox 1762 2622 1844 2653; x_wconf 85' lang='lat' dir='ltr'><strong>atque</strong></span> 
     </span>
    </p>
   </div>
   <div class='ocr_carea' id='block_1_112' title="bbox 1052 2660 1845 2696">
    <p class='ocr_par' dir='ltr' id='par_1_112' title="bbox 1052 2660 1845 2696">
     <span class='ocr_line' id='line_1_113' title="bbox 1052 2660 1845 2696; baseline 0.006 -9"><span class='ocrx_word' id='word_1_773' title='bbox 1052 2661 1204 2689; x_wconf 87' lang='lat' dir='ltr'><strong>maledictis</strong></span> <span class='ocrx_word' id='word_1_774' title='bbox 1228 2660 1331 2688; x_wconf 86' lang='lat' dir='ltr'><strong>tamam</strong></span> <span class='ocrx_word' id='word_1_775' title='bbox 1358 2661 1411 2689; x_wconf 88' lang='lat' dir='ltr'><strong>sibi</strong></span> <span class='ocrx_word' id='word_1_776' title='bbox 1432 2668 1590 2696; x_wconf 90' lang='lat' dir='ltr'><strong>nomenque</strong></span> <span class='ocrx_word' id='word_1_777' title='bbox 1616 2663 1745 2696; x_wconf 82' lang='lat' dir='ltr'><strong>conﬁcit,</strong></span> <span class='ocrx_word' id='word_1_778' title='bbox 1762 2663 1789 2691; x_wconf 92' lang='lat' dir='ltr'><strong>in</strong></span> <span class='ocrx_word' id='word_1_779' title='bbox 1809 2663 1845 2692; x_wconf 86' lang='lat' dir='ltr'><strong>iis</strong></span> 
     </span>
    </p>
   </div>
   <div class='ocr_carea' id='block_1_113' title="bbox 1088 2737 1843 2776">
    <p class='ocr_par' dir='ltr' id='par_1_113' title="bbox 1088 2737 1843 2776">
     <span class='ocr_line' id='line_1_114' title="bbox 1088 2737 1843 2776; baseline -0.001 -9"><span class='ocrx_word' id='word_1_780' title='bbox 1088 2739 1144 2776; x_wconf 67' lang='grc' dir='ltr'><strong>(εδ)</strong></span> <span class='ocrx_word' id='word_1_781' title='bbox 1166 2739 1354 2776; x_wconf 70' lang='grc' dir='ltr'>Ἥρξμντορζ</span> <span class='ocrx_word' id='word_1_782' title='bbox 1369 2737 1478 2776; x_wconf 64' lang='grc' dir='ltr'><strong>⁵ῖῳῷιόι</strong></span> <span class='ocrx_word' id='word_1_783' title='bbox 1491 2738 1546 2776; x_wconf 40' lang='grc' dir='ltr'><em>’ἐφ’</em></span> <span class='ocrx_word' id='word_1_784' title='bbox 1561 2738 1675 2773; x_wconf 76' lang='grc' dir='ltr'>ἑστίας.</span> <span class='ocrx_word' id='word_1_785' title='bbox 1695 2738 1843 2776; x_wconf 66' lang='lat' dir='ltr'><strong>Porpltyr.,</strong></span> 
     </span>
    </p>
   </div>
   <div class='ocr_carea' id='block_1_114' title="bbox 1053 2773 1845 2812">
    <p class='ocr_par' dir='ltr' id='par_1_114' title="bbox 1053 2773 1845 2812">
     <span class='ocr_line' id='line_1_115' title="bbox 1053 2773 1845 2812; baseline -0.003 -10"><span class='ocrx_word' id='word_1_786' title='bbox 1053 2773 1178 2812; x_wconf 60' lang='lat' dir='ltr'><strong>ﬁpﬁav&#39;co</strong></span> <span class='ocrx_word' id='word_1_787' title='bbox 1185 2773 1293 2810; x_wconf 76' lang='grc' dir='ltr'>πρῶτον</span> <span class='ocrx_word' id='word_1_788' title='bbox 1308 2774 1355 2812; x_wconf 61' lang='grc' dir='ltr'><strong>ἅσς’</strong></span> <span class='ocrx_word' id='word_1_789' title='bbox 1369 2774 1471 2812; x_wconf 75' lang='grc' dir='ltr'>ἑστίας.</span> <span class='ocrx_word' id='word_1_790' title='bbox 1489 2773 1542 2812; x_wconf 65' lang='lat' dir='ltr'><strong>Sed</strong></span> <span class='ocrx_word' id='word_1_791' title='bbox 1556 2779 1680 2812; x_wconf 74' lang='lat' dir='ltr'><strong>nostrum</strong></span> <span class='ocrx_word' id='word_1_792' title='bbox 1693 2774 1737 2808; x_wconf 77' lang='grc' dir='ltr'><strong>ἐφ’</strong></span> <span class='ocrx_word' id='word_1_793' title='bbox 1750 2773 1845 2812; x_wconf 64' lang='grc' dir='ltr'>ἑστίας</span> 
     </span>
    </p>
   </div>
   <div class='ocr_carea' id='block_1_115' title="bbox 1053 2809 1845 2846">
    <p class='ocr_par' dir='ltr' id='par_1_115' title="bbox 1053 2809 1845 2846">
     <span class='ocr_line' id='line_1_116' title="bbox 1053 2809 1845 2846; baseline -0.005 -8"><span class='ocrx_word' id='word_1_794' title='bbox 1053 2809 1141 2846; x_wconf 71' lang='lat' dir='ltr'><strong>magis</strong></span> <span class='ocrx_word' id='word_1_795' title='bbox 1153 2809 1251 2846; x_wconf 78' lang='lat' dir='ltr'><strong>placet,</strong></span> <span class='ocrx_word' id='word_1_796' title='bbox 1266 2814 1306 2846; x_wconf 25' lang='lat' dir='ltr'><strong>Aut</strong></span> <span class='ocrx_word' id='word_1_797' title='bbox 1331 2809 1419 2846; x_wconf 57' lang='lat' dir='ltr'><strong>focus</strong></span> <span class='ocrx_word' id='word_1_798' title='bbox 1435 2809 1678 2846; x_wconf 72' lang='lat' dir='ltr'><strong>significetur,_uhi</strong></span> <span class='ocrx_word' id='word_1_799' title='bbox 1692 2816 1778 2846; x_wconf 63' lang='lat' dir='ltr'><strong>genus</strong></span> <span class='ocrx_word' id='word_1_800' title='bbox 1792 2809 1845 2846; x_wconf 69' lang='lat' dir='ltr'><strong>hoe</strong></span> 
     </span>
    </p>
   </div>
   <div class='ocr_carea' id='block_1_116' title="bbox 1073 2842 1845 2884">
    <p class='ocr_par' dir='ltr' id='par_1_116' title="bbox 1073 2842 1845 2884">
     <span class='ocr_line' id='line_1_117' title="bbox 1073 2842 1845 2884; baseline -0.005 -12"><span class='ocrx_word' id='word_1_801' title='bbox 1073 2842 1188 2884; x_wconf 58' lang='lat' dir='ltr'><strong>rainitiis</strong></span> <span class='ocrx_word' id='word_1_802' title='bbox 1212 2844 1362 2884; x_wconf 56' lang='lat' dir='ltr'><strong>adolerent:</strong></span> <span class='ocrx_word' id='word_1_803' title='bbox 1396 2842 1473 2884; x_wconf 68' lang='lat' dir='ltr'><strong>Nam</strong></span> <span class='ocrx_word' id='word_1_804' title='bbox 1494 2842 1679 2884; x_wconf 62' lang='grc' dir='ltr'>παροιμιῷδες</span> <span class='ocrx_word' id='word_1_805' title='bbox 1695 2842 1779 2884; x_wconf 56' lang='lat' dir='ltr'><strong>illud</strong></span> <span class='ocrx_word' id='word_1_806' title='bbox 1797 2843 1845 2884; x_wconf 74' lang='grc' dir='ltr'><strong>ἀφ’</strong></span> 
     </span>
    </p>
   </div>
   <div class='ocr_carea' id='block_1_117' title="bbox 1070 2879 1847 2915">
    <p class='ocr_par' dir='ltr' id='par_1_117' title="bbox 1070 2879 1847 2915">
     <span class='ocr_line' id='line_1_118' title="bbox 1070 2879 1847 2915; baseline -0.003 -8"><span class='ocrx_word' id='word_1_807' title='bbox 1070 2880 1158 2913; x_wconf 85' lang='grc' dir='ltr'>στιας,</span> <span class='ocrx_word' id='word_1_808' title='bbox 1177 2879 1408 2915; x_wconf 82' lang='lat' dir='ltr'><strong>quemadmodum</strong></span> <span class='ocrx_word' id='word_1_809' title='bbox 1429 2879 1474 2907; x_wconf 88' lang='lat' dir='ltr'><strong>hic</strong></span> <span class='ocrx_word' id='word_1_810' title='bbox 1489 2879 1644 2911; x_wconf 85' lang='lat' dir='ltr'><strong>conveniat,</strong></span> <span class='ocrx_word' id='word_1_811' title='bbox 1658 2884 1712 2904; x_wconf 85' lang='lat' dir='ltr'><strong>non</strong></span> <span class='ocrx_word' id='word_1_812' title='bbox 1727 2879 1796 2905; x_wconf 77' lang='lat' dir='ltr'><strong>satis</strong></span> <span class='ocrx_word' id='word_1_813' title='bbox 1806 2879 1847 2905; x_wconf 80' lang='lat' dir='ltr'><strong>vi-</strong></span> 
     </span>
    </p>
   </div>
   <div class='ocr_carea' id='block_1_118' title="bbox 1055 2916 1117 2944">
    <p class='ocr_par' dir='ltr' id='par_1_118' title="bbox 1055 2916 1117 2944">
     <span class='ocr_line' id='line_1_119' title="bbox 1055 2916 1117 2944; baseline -0.032 -1"><span class='ocrx_word' id='word_1_814' title='bbox 1055 2916 1117 2944; x_wconf 85' lang='lat' dir='ltr'><strong>dco.</strong></span> 
     </span>
    </p>
   </div>
  </div>
