  <div class='ocr_page' id='page_1' title='image "/cluster/home/n/w/nwhite01/storage/ocr_20150623/21:no.3/coo.31924054873017/048.png"; bbox 0 0 2077 3210; ppageno 0'>
   <div class='ocr_carea' id='block_1_1' title="bbox 209 219 1848 253">
    <p class='ocr_par' dir='ltr' id='par_1_1' title="bbox 209 219 1848 253">
     <span class='ocr_line' id='line_1_1' title="bbox 209 219 1848 253; baseline -0.003 0"><span class='ocrx_word' id='word_1_1' title='bbox 209 226 245 253; x_wconf 81' lang='lat'><strong>69</strong></span> <span class='ocrx_word' id='word_1_2' title='bbox 777 221 940 250; x_wconf 66' lang='lat' dir='ltr'><strong>PRACPAR.</strong></span> <span class='ocrx_word' id='word_1_3' title='bbox 960 221 1087 249; x_wconf 78' lang='lat' dir='ltr'><strong>EVANG.</strong></span> <span class='ocrx_word' id='word_1_4' title='bbox 1106 220 1170 249; x_wconf 83' lang='lat' dir='ltr'><strong>LIB.</strong></span> <span class='ocrx_word' id='word_1_5' title='bbox 1191 219 1212 248; x_wconf 87' lang='grc' dir='ltr'><strong>Ι.</strong></span> <span class='ocrx_word' id='word_1_6' title='bbox 1813 222 1848 251; x_wconf 82' lang='lat'><strong>70</strong></span> 
     </span>
    </p>
   </div>
   <div class='ocr_carea' id='block_1_2' title="bbox 207 277 1849 315">
    <p class='ocr_par' dir='ltr' id='par_1_2' title="bbox 207 277 1849 315">
     <span class='ocr_line' id='line_1_2' title="bbox 207 277 1849 315; baseline -0.003 -3"><span class='ocrx_word' id='word_1_7' title='bbox 207 285 311 313; x_wconf 82' lang='lat' dir='ltr'><strong>exitum</strong></span> <span class='ocrx_word' id='word_1_8' title='bbox 329 284 430 312; x_wconf 60' lang='lat' dir='ltr'><strong>sortita</strong></span> <span class='ocrx_word' id='word_1_9' title='bbox 450 283 601 311; x_wconf 85' lang='lat' dir='ltr'><strong>videantur.</strong></span> <span class='ocrx_word' id='word_1_10' title='bbox 623 290 633 307; x_wconf 75' lang='grc' dir='ltr'><strong>ι</strong></span> <span class='ocrx_word' id='word_1_11' title='bbox 650 281 714 308; x_wconf 80' lang='lat' dir='ltr'><strong>Haec</strong></span> <span class='ocrx_word' id='word_1_12' title='bbox 730 280 789 315; x_wconf 91' lang='lat' dir='ltr'><strong>ipse</strong></span> <span class='ocrx_word' id='word_1_13' title='bbox 809 288 918 315; x_wconf 90' lang='lat' dir='ltr'><strong>quoque</strong></span> <span class='ocrx_word' id='word_1_14' title='bbox 939 279 1117 315; x_wconf 83' lang='lat' dir='ltr'><strong>Porphyrius,</strong></span> <span class='ocrx_word' id='word_1_15' title='bbox 1133 286 1184 306; x_wconf 87' lang='lat' dir='ltr'><strong>nec</strong></span> <span class='ocrx_word' id='word_1_16' title='bbox 1212 286 1263 306; x_wconf 90' lang='lat' dir='ltr'><strong>suo</strong></span> <span class='ocrx_word' id='word_1_17' title='bbox 1280 277 1369 313; x_wconf 80' lang='lat' dir='ltr'><strong>magis</strong></span> <span class='ocrx_word' id='word_1_18' title='bbox 1401 284 1484 313; x_wconf 89' lang='lat' dir='ltr'><strong>quam</strong></span> <span class='ocrx_word' id='word_1_19' title='bbox 1497 277 1679 314; x_wconf 79' lang='lat' dir='ltr'><strong>Theophrasti</strong></span> <span class='ocrx_word' id='word_1_20' title='bbox 1702 286 1751 307; x_wconf 88' lang='lat' dir='ltr'><strong>ore</strong></span> <span class='ocrx_word' id='word_1_21' title='bbox 1777 286 1849 307; x_wconf 73' lang='lat' dir='ltr'><strong>corn.</strong></span> 
     </span>
    </p>
   </div>
   <div class='ocr_carea' id='block_1_3' title="bbox 208 325 1850 363">
    <p class='ocr_par' dir='ltr' id='par_1_3' title="bbox 208 325 1850 363">
     <span class='ocr_line' id='line_1_3' title="bbox 208 325 1850 363; baseline -0.002 -5"><span class='ocrx_word' id='word_1_22' title='bbox 208 335 350 357; x_wconf 75' lang='lat' dir='ltr'><strong>memorat.</strong></span> <span class='ocrx_word' id='word_1_23' title='bbox 367 329 444 357; x_wconf 88' lang='lat' dir='ltr'><strong>Plato</strong></span> <span class='ocrx_word' id='word_1_24' title='bbox 476 329 592 363; x_wconf 83' lang='lat' dir='ltr'><strong>denique</strong></span> <span class='ocrx_word' id='word_1_25' title='bbox 613 334 765 355; x_wconf 83' lang='lat' dir='ltr'><strong>sermonem</strong></span> <span class='ocrx_word' id='word_1_26' title='bbox 782 326 856 353; x_wconf 89' lang='lat' dir='ltr'><strong>ltunc</strong></span> <span class='ocrx_word' id='word_1_27' title='bbox 890 326 970 353; x_wconf 90' lang='lat' dir='ltr'><strong>nobis</strong></span> <span class='ocrx_word' id='word_1_28' title='bbox 990 325 1162 353; x_wconf 89' lang='lat' dir='ltr'><strong>auctoritatis</strong></span> <span class='ocrx_word' id='word_1_29' title='bbox 1187 332 1244 352; x_wconf 70' lang='lat' dir='ltr'><strong>suat</strong></span> <span class='ocrx_word' id='word_1_30' title='bbox 1262 325 1346 352; x_wconf 89' lang='lat' dir='ltr'><strong>veluti</strong></span> <span class='ocrx_word' id='word_1_31' title='bbox 1369 325 1458 360; x_wconf 82' lang='lat' dir='ltr'><strong>sigillo</strong></span> <span class='ocrx_word' id='word_1_32' title='bbox 1489 325 1645 352; x_wconf 86' lang='lat' dir='ltr'><strong>concludat.</strong></span> <span class='ocrx_word' id='word_1_33' title='bbox 1666 325 1692 352; x_wconf 90' lang='lat' dir='ltr'><strong>ls</strong></span> <span class='ocrx_word' id='word_1_34' title='bbox 1719 325 1792 353; x_wconf 89' lang='lat' dir='ltr'><strong>enim</strong></span> <span class='ocrx_word' id='word_1_35' title='bbox 1821 334 1850 354; x_wconf 81' lang='lat' dir='ltr'><strong>In</strong></span> 
     </span>
    </p>
   </div>
   <div class='ocr_carea' id='block_1_4' title="bbox 208 370 1850 411">
    <p class='ocr_par' dir='ltr' id='par_1_4' title="bbox 208 370 1850 411">
     <span class='ocr_line' id='line_1_4' title="bbox 208 370 1850 411; baseline -0.002 -8"><span class='ocrx_word' id='word_1_36' title='bbox 208 376 317 411; x_wconf 76' lang='lat' dir='ltr'><strong>Cratylo</strong></span> <span class='ocrx_word' id='word_1_37' title='bbox 336 383 398 403; x_wconf 88' lang='lat' dir='ltr'><strong>ante</strong></span> <span class='ocrx_word' id='word_1_38' title='bbox 410 383 441 402; x_wconf 88' lang='lat' dir='ltr'><strong>ea</strong></span> <span class='ocrx_word' id='word_1_39' title='bbox 455 382 516 409; x_wconf 69' lang='lat' dir='ltr'><strong>quae</strong></span> <span class='ocrx_word' id='word_1_40' title='bbox 530 375 563 401; x_wconf 89' lang='lat' dir='ltr'><strong>de</strong></span> <span class='ocrx_word' id='word_1_41' title='bbox 580 373 682 401; x_wconf 66' lang='lat' dir='ltr'><strong>Graecis</strong></span> <span class='ocrx_word' id='word_1_42' title='bbox 703 372 771 407; x_wconf 88' lang='lat' dir='ltr'><strong>ipsis</strong></span> <span class='ocrx_word' id='word_1_43' title='bbox 793 373 927 406; x_wconf 78' lang='lat' dir='ltr'><strong>disputat,</strong></span> <span class='ocrx_word' id='word_1_44' title='bbox 949 371 990 398; x_wconf 92' lang='lat' dir='ltr'><strong>sic</strong></span> <span class='ocrx_word' id='word_1_45' title='bbox 1009 371 1042 398; x_wconf 89' lang='lat' dir='ltr'><strong>ad</strong></span> <span class='ocrx_word' id='word_1_46' title='bbox 1060 371 1172 397; x_wconf 83' lang='lat' dir='ltr'><strong>verbum</strong></span> <span class='ocrx_word' id='word_1_47' title='bbox 1205 370 1328 405; x_wconf 83' lang='lat' dir='ltr'><strong>loquitur</strong></span> <span class='ocrx_word' id='word_1_48' title='bbox 1344 379 1351 397; x_wconf 91' lang='lat'><strong>:</strong></span> <span class='ocrx_word' id='word_1_49' title='bbox 1373 379 1383 396; x_wconf 85' lang='grc'><strong><em>‹</em></strong></span> <span class='ocrx_word' id='word_1_50' title='bbox 1402 370 1467 396; x_wconf 83' lang='lat' dir='ltr'><strong>Mihi</strong></span> <span class='ocrx_word' id='word_1_51' title='bbox 1482 370 1590 405; x_wconf 90' lang='lat' dir='ltr'><strong>quidem</strong></span> <span class='ocrx_word' id='word_1_52' title='bbox 1611 370 1648 397; x_wconf 92' lang='lat' dir='ltr'><strong>illi</strong></span> <span class='ocrx_word' id='word_1_53' title='bbox 1668 371 1793 400; x_wconf 85' lang='lat' dir='ltr'><strong>homines</strong></span> <span class='ocrx_word' id='word_1_54' title='bbox 1809 374 1850 400; x_wconf 82' lang='lat' dir='ltr'><strong>vi-</strong></span> 
     </span>
    </p>
   </div>
   <div class='ocr_carea' id='block_1_5' title="bbox 207 417 1849 455">
    <p class='ocr_par' dir='ltr' id='par_1_5' title="bbox 207 417 1849 455">
     <span class='ocr_line' id='line_1_5' title="bbox 207 417 1849 455; baseline -0.001 -7"><span class='ocrx_word' id='word_1_55' title='bbox 207 422 316 454; x_wconf 85' lang='lat' dir='ltr'><strong>dentur,</strong></span> <span class='ocrx_word' id='word_1_56' title='bbox 330 421 377 455; x_wconf 89' lang='lat' dir='ltr'><strong>qui</strong></span> <span class='ocrx_word' id='word_1_57' title='bbox 394 420 526 447; x_wconf 65' lang='lat' dir='ltr'><strong>Graeciam</strong></span> <span class='ocrx_word' id='word_1_58' title='bbox 546 420 626 454; x_wconf 85' lang='lat' dir='ltr'><strong>primi</strong></span> <span class='ocrx_word' id='word_1_59' title='bbox 641 423 805 451; x_wconf 83' lang='lat' dir='ltr'><strong>tenuerunt,</strong></span> <span class='ocrx_word' id='word_1_60' title='bbox 829 425 876 445; x_wconf 88' lang='lat' dir='ltr'><strong>eos</strong></span> <span class='ocrx_word' id='word_1_61' title='bbox 897 422 1002 444; x_wconf 85' lang='lat' dir='ltr'><strong>tantum</strong></span> <span class='ocrx_word' id='word_1_62' title='bbox 1024 418 1089 444; x_wconf 84' lang='lat' dir='ltr'><strong>deos</strong></span> <span class='ocrx_word' id='word_1_63' title='bbox 1119 417 1273 448; x_wconf 83' lang='lat' dir='ltr'><strong>censuisse,</strong></span> <span class='ocrx_word' id='word_1_64' title='bbox 1290 424 1359 451; x_wconf 89' lang='lat' dir='ltr'><strong>quos</strong></span> <span class='ocrx_word' id='word_1_65' title='bbox 1390 424 1463 444; x_wconf 88' lang='lat' dir='ltr'><strong>nunc</strong></span> <span class='ocrx_word' id='word_1_66' title='bbox 1476 417 1654 445; x_wconf 88' lang='lat' dir='ltr'><strong>barbarorum</strong></span> <span class='ocrx_word' id='word_1_67' title='bbox 1669 419 1790 453; x_wconf 86' lang='lat' dir='ltr'><strong>plerique</strong></span> <span class='ocrx_word' id='word_1_68' title='bbox 1801 427 1849 446; x_wconf 92' lang='lat' dir='ltr'><strong>co-</strong></span> 
     </span>
    </p>
   </div>
   <div class='ocr_carea' id='block_1_6' title="bbox 207 464 1849 500">
    <p class='ocr_par' dir='ltr' id='par_1_6' title="bbox 207 464 1849 500">
     <span class='ocr_line' id='line_1_6' title="bbox 207 464 1849 500; baseline 0.001 -6"><span class='ocrx_word' id='word_1_69' title='bbox 207 467 285 500; x_wconf 91' lang='lat' dir='ltr'><strong>lunt,</strong></span> <span class='ocrx_word' id='word_1_70' title='bbox 300 468 384 494; x_wconf 91' lang='lat' dir='ltr'><strong>solem</strong></span> <span class='ocrx_word' id='word_1_71' title='bbox 403 467 548 499; x_wconf 88' lang='lat' dir='ltr'><strong>nimirum,</strong></span> <span class='ocrx_word' id='word_1_72' title='bbox 565 467 657 493; x_wconf 87' lang='lat' dir='ltr'><strong>lunam</strong></span> <span class='ocrx_word' id='word_1_73' title='bbox 672 487 679 499; x_wconf 87' lang='lat'><strong>,</strong></span> <span class='ocrx_word' id='word_1_74' title='bbox 694 470 792 493; x_wconf 88' lang='lat' dir='ltr'><strong>terram</strong></span> <span class='ocrx_word' id='word_1_75' title='bbox 804 485 812 497; x_wconf 95' lang='lat'><strong>,</strong></span> <span class='ocrx_word' id='word_1_76' title='bbox 847 471 939 496; x_wconf 87' lang='lat' dir='ltr'><strong>astra,</strong></span> <span class='ocrx_word' id='word_1_77' title='bbox 964 465 1062 492; x_wconf 77' lang='lat' dir='ltr'><strong>emlum</strong></span> <span class='ocrx_word' id='word_1_78' title='bbox 1078 474 1083 491; x_wconf 92' lang='lat'>:</span> <span class='ocrx_word' id='word_1_79' title='bbox 1100 472 1162 498; x_wconf 66' lang='lat' dir='ltr'><strong>qua}</strong></span> <span class='ocrx_word' id='word_1_80' title='bbox 1191 472 1254 492; x_wconf 90' lang='lat' dir='ltr'><strong>cum</strong></span> <span class='ocrx_word' id='word_1_81' title='bbox 1277 464 1328 499; x_wconf 88' lang='lat' dir='ltr'><strong>ipsi</strong></span> <span class='ocrx_word' id='word_1_82' title='bbox 1353 464 1475 491; x_wconf 81' lang='lat' dir='ltr'><strong>viderent</strong></span> <span class='ocrx_word' id='word_1_83' title='bbox 1494 466 1584 492; x_wconf 84' lang='lat' dir='ltr'><strong>omnia</strong></span> <span class='ocrx_word' id='word_1_84' title='bbox 1601 466 1750 494; x_wconf 87' lang='lat' dir='ltr'><strong>continenti</strong></span> <span class='ocrx_word' id='word_1_85' title='bbox 1766 474 1849 496; x_wconf 86' lang='lat' dir='ltr'><strong>cursu</strong></span> 
     </span>
    </p>
   </div>
   <div class='ocr_carea' id='block_1_7' title="bbox 208 511 1590 546">
    <p class='ocr_par' dir='ltr' id='par_1_7' title="bbox 208 511 1590 546">
     <span class='ocr_line' id='line_1_7' title="bbox 208 511 1590 546; baseline -0.001 -6"><span class='ocrx_word' id='word_1_86' title='bbox 208 513 291 546; x_wconf 87' lang='lat' dir='ltr'><strong>ferri,</strong></span> <span class='ocrx_word' id='word_1_87' title='bbox 307 513 401 540; x_wconf 90' lang='lat' dir='ltr'><strong>eadem</strong></span> <span class='ocrx_word' id='word_1_88' title='bbox 418 513 452 540; x_wconf 88' lang='lat' dir='ltr'><strong>ab</strong></span> <span class='ocrx_word' id='word_1_89' title='bbox 467 514 510 540; x_wconf 84' lang='lat' dir='ltr'><strong>illa</strong></span> <span class='ocrx_word' id='word_1_90' title='bbox 521 535 528 546; x_wconf 91' lang='lat'><strong>,</strong></span> <span class='ocrx_word' id='word_1_91' title='bbox 543 513 589 539; x_wconf 81' lang='grc' dir='ltr'>τοῦ</span> <span class='ocrx_word' id='word_1_92' title='bbox 605 513 672 544; x_wconf 83' lang='grc' dir='ltr'>θεῖν,</span> <span class='ocrx_word' id='word_1_93' title='bbox 691 514 742 540; x_wconf 92' lang='lat' dir='ltr'><strong>hoc</strong></span> <span class='ocrx_word' id='word_1_94' title='bbox 759 520 800 539; x_wconf 88' lang='lat' dir='ltr'><strong>est</strong></span> <span class='ocrx_word' id='word_1_95' title='bbox 811 520 910 540; x_wconf 87' lang='lat' dir='ltr'><strong>cursus</strong></span> <span class='ocrx_word' id='word_1_96' title='bbox 926 511 1061 546; x_wconf 79' lang='lat' dir='ltr'><strong>ejusmodi</strong></span> <span class='ocrx_word' id='word_1_97' title='bbox 1079 516 1186 545; x_wconf 80' lang='lat' dir='ltr'><strong>natura,</strong></span> <span class='ocrx_word' id='word_1_98' title='bbox 1203 513 1282 544; x_wconf 85' lang='grc' dir='ltr'>θεούς</span> <span class='ocrx_word' id='word_1_99' title='bbox 1303 513 1368 538; x_wconf 89' lang='lat' dir='ltr'><strong>deos</strong></span> <span class='ocrx_word' id='word_1_100' title='bbox 1382 512 1559 539; x_wconf 87' lang='lat' dir='ltr'><strong>nominarint.</strong></span> <span class='ocrx_word' id='word_1_101' title='bbox 1581 522 1590 538; x_wconf 72' lang='grc' dir='ltr'><strong>ι</strong></span> 
     </span>
    </p>
   </div>
   <div class='ocr_carea' id='block_1_8' title="bbox 242 559 1042 595">
    <p class='ocr_par' dir='ltr' id='par_1_8' title="bbox 242 559 1042 595">
     <span class='ocr_line' id='line_1_8' title="bbox 242 559 1042 595; baseline 0.001 -10"><span class='ocrx_word' id='word_1_102' title='bbox 242 559 281 586; x_wconf 88' lang='lat' dir='ltr'><strong>Ac</strong></span> <span class='ocrx_word' id='word_1_103' title='bbox 296 560 399 594; x_wconf 91' lang='lat' dir='ltr'><strong>primos</strong></span> <span class='ocrx_word' id='word_1_104' title='bbox 414 560 474 587; x_wconf 93' lang='lat' dir='ltr'><strong>illos</strong></span> <span class='ocrx_word' id='word_1_105' title='bbox 490 560 598 595; x_wconf 85' lang='lat' dir='ltr'><strong>quidem</strong></span> <span class='ocrx_word' id='word_1_106' title='bbox 617 565 643 587; x_wconf 87' lang='lat' dir='ltr'><strong>et</strong></span> <span class='ocrx_word' id='word_1_107' title='bbox 659 560 860 587; x_wconf 75' lang='lat' dir='ltr'><strong>vetustissimos</strong></span> <span class='ocrx_word' id='word_1_108' title='bbox 879 560 1004 587; x_wconf 82' lang='lat' dir='ltr'><strong>homines</strong></span> <span class='ocrx_word' id='word_1_109' title='bbox 1022 563 1042 589; x_wconf 72' lang='grc' dir='ltr'><strong>Α</strong></span> 
     </span>
    </p>
   </div>
   <div class='ocr_carea' id='block_1_9' title="bbox 207 605 1003 641">
    <p class='ocr_par' dir='ltr' id='par_1_9' title="bbox 207 605 1003 641">
     <span class='ocr_line' id='line_1_9' title="bbox 207 605 1003 641; baseline 0.003 -10"><span class='ocrx_word' id='word_1_110' title='bbox 207 605 274 632; x_wconf 85' lang='lat' dir='ltr'><strong>nihil</strong></span> <span class='ocrx_word' id='word_1_111' title='bbox 290 606 329 632; x_wconf 80' lang='lat' dir='ltr'><strong>vel</strong></span> <span class='ocrx_word' id='word_1_112' title='bbox 345 606 372 632; x_wconf 94' lang='lat' dir='ltr'><strong>in</strong></span> <span class='ocrx_word' id='word_1_113' title='bbox 389 607 496 641; x_wconf 85' lang='lat' dir='ltr'><strong>templis</strong></span> <span class='ocrx_word' id='word_1_114' title='bbox 509 607 692 639; x_wconf 81' lang='lat' dir='ltr'><strong>exstrucndis,</strong></span> <span class='ocrx_word' id='word_1_115' title='bbox 706 607 747 633; x_wconf 84' lang='lat' dir='ltr'><strong>vel</strong></span> <span class='ocrx_word' id='word_1_116' title='bbox 765 607 792 633; x_wconf 90' lang='lat' dir='ltr'><strong>in</strong></span> <span class='ocrx_word' id='word_1_117' title='bbox 807 606 944 641; x_wconf 79' lang='lat' dir='ltr'><strong>erigeudis</strong></span> <span class='ocrx_word' id='word_1_118' title='bbox 965 606 1003 633; x_wconf 92' lang='lat' dir='ltr'><strong>si-</strong></span> 
     </span>
    </p>
   </div>
   <div class='ocr_carea' id='block_1_10' title="bbox 207 649 1001 685">
    <p class='ocr_par' dir='ltr' id='par_1_10' title="bbox 207 649 1001 685">
     <span class='ocr_line' id='line_1_10' title="bbox 207 649 1001 685; baseline -0.001 -9"><span class='ocrx_word' id='word_1_119' title='bbox 207 650 338 676; x_wconf 85' lang='lat' dir='ltr'><strong>mulacris</strong></span> <span class='ocrx_word' id='word_1_120' title='bbox 355 657 444 685; x_wconf 75' lang='lat' dir='ltr'><strong>opera:</strong></span> <span class='ocrx_word' id='word_1_121' title='bbox 468 658 500 677; x_wconf 89' lang='lat' dir='ltr'><strong>ac</strong></span> <span class='ocrx_word' id='word_1_122' title='bbox 517 650 598 677; x_wconf 87' lang='lat' dir='ltr'><strong>studii</strong></span> <span class='ocrx_word' id='word_1_123' title='bbox 627 651 762 684; x_wconf 74' lang='lat' dir='ltr'><strong>posuiSse,</strong></span> <span class='ocrx_word' id='word_1_124' title='bbox 792 658 854 677; x_wconf 92' lang='lat' dir='ltr'><strong>cum</strong></span> <span class='ocrx_word' id='word_1_125' title='bbox 885 649 1001 676; x_wconf 82' lang='lat' dir='ltr'><strong>necdum</strong></span> 
     </span>
    </p>
   </div>
   <div class='ocr_carea' id='block_1_11' title="bbox 207 695 999 731">
    <p class='ocr_par' dir='ltr' id='par_1_11' title="bbox 207 695 999 731">
     <span class='ocr_line' id='line_1_11' title="bbox 207 695 999 731; baseline 0 -9"><span class='ocrx_word' id='word_1_126' title='bbox 207 696 265 722; x_wconf 65' lang='lat' dir='ltr'><strong>istm</strong></span> <span class='ocrx_word' id='word_1_127' title='bbox 280 696 419 730; x_wconf 84' lang='lat' dir='ltr'><strong>pingendi,</strong></span> <span class='ocrx_word' id='word_1_128' title='bbox 438 696 566 731; x_wconf 81' lang='lat' dir='ltr'><strong>fingendi,</strong></span> <span class='ocrx_word' id='word_1_129' title='bbox 590 696 716 728; x_wconf 67' lang='lat' dir='ltr'><strong>czelandi,</strong></span> <span class='ocrx_word' id='word_1_130' title='bbox 738 701 842 723; x_wconf 89' lang='lat' dir='ltr'><strong>statuas</strong></span> <span class='ocrx_word' id='word_1_131' title='bbox 854 695 999 726; x_wconf 72' lang='lat' dir='ltr'><strong>efﬁciendi,</strong></span> 
     </span>
    </p>
   </div>
   <div class='ocr_carea' id='block_1_12' title="bbox 207 742 1000 777">
    <p class='ocr_par' dir='ltr' id='par_1_12' title="bbox 207 742 1000 777">
     <span class='ocr_line' id='line_1_12' title="bbox 207 742 1000 777; baseline -0.003 -8"><span class='ocrx_word' id='word_1_132' title='bbox 207 750 240 769; x_wconf 83' lang='lat' dir='ltr'><strong>ac</strong></span> <span class='ocrx_word' id='word_1_133' title='bbox 251 750 286 769; x_wconf 88' lang='lat' dir='ltr'><strong>ne</strong></span> <span class='ocrx_word' id='word_1_134' title='bbox 305 742 401 769; x_wconf 88' lang='lat' dir='ltr'><strong>domos</strong></span> <span class='ocrx_word' id='word_1_135' title='bbox 427 742 537 777; x_wconf 90' lang='lat' dir='ltr'><strong>quidem</strong></span> <span class='ocrx_word' id='word_1_136' title='bbox 562 747 689 777; x_wconf 87' lang='lat' dir='ltr'><strong>tectaque</strong></span> <span class='ocrx_word' id='word_1_137' title='bbox 704 742 856 769; x_wconf 55' lang='lat' dir='ltr'><strong>aedificandi</strong></span> <span class='ocrx_word' id='word_1_138' title='bbox 876 747 947 769; x_wconf 84' lang='lat' dir='ltr'><strong>artes</strong></span> <span class='ocrx_word' id='word_1_139' title='bbox 960 742 1000 767; x_wconf 91' lang='lat' dir='ltr'><strong>in-</strong></span> 
     </span>
    </p>
   </div>
   <div class='ocr_carea' id='block_1_13' title="bbox 206 788 1000 823">
    <p class='ocr_par' dir='ltr' id='par_1_13' title="bbox 206 788 1000 823">
     <span class='ocr_line' id='line_1_13' title="bbox 206 788 1000 823; baseline -0.001 -8"><span class='ocrx_word' id='word_1_140' title='bbox 206 793 294 816; x_wconf 64' lang='lat' dir='ltr'><strong>ventae</strong></span> <span class='ocrx_word' id='word_1_141' title='bbox 305 796 336 815; x_wconf 89' lang='lat' dir='ltr'><strong>ac</strong></span> <span class='ocrx_word' id='word_1_142' title='bbox 349 789 504 816; x_wconf 63' lang='lat' dir='ltr'><strong>constitutae</strong></span> <span class='ocrx_word' id='word_1_143' title='bbox 512 793 613 820; x_wconf 86' lang='lat' dir='ltr'><strong>essent,</strong></span> <span class='ocrx_word' id='word_1_144' title='bbox 628 789 727 821; x_wconf 82' lang='lat' dir='ltr'><strong>cuivis,</strong></span> <span class='ocrx_word' id='word_1_145' title='bbox 740 789 846 823; x_wconf 86' lang='lat' dir='ltr'><strong>opinor,</strong></span> <span class='ocrx_word' id='word_1_146' title='bbox 859 796 914 815; x_wconf 90' lang='lat' dir='ltr'><strong>rem</strong></span> <span class='ocrx_word' id='word_1_147' title='bbox 929 788 1000 822; x_wconf 86' lang='lat' dir='ltr'><strong>apud</strong></span> 
     </span>
    </p>
   </div>
   <div class='ocr_carea' id='block_1_14' title="bbox 208 834 1000 868">
    <p class='ocr_par' dir='ltr' id='par_1_14' title="bbox 208 834 1000 868">
     <span class='ocr_line' id='line_1_14' title="bbox 208 834 1000 868; baseline -0.001 -7"><span class='ocrx_word' id='word_1_148' title='bbox 208 842 237 861; x_wconf 76' lang='lat' dir='ltr'><strong>so</strong></span> <span class='ocrx_word' id='word_1_149' title='bbox 248 835 384 868; x_wconf 82' lang='lat' dir='ltr'><strong>reputanti</strong></span> <span class='ocrx_word' id='word_1_150' title='bbox 399 834 478 861; x_wconf 79' lang='lat' dir='ltr'><strong>facile</strong></span> <span class='ocrx_word' id='word_1_151' title='bbox 499 835 645 862; x_wconf 83' lang='lat' dir='ltr'><strong>constabit.</strong></span> <span class='ocrx_word' id='word_1_152' title='bbox 664 834 742 867; x_wconf 86' lang='lat' dir='ltr'><strong>Quod</strong></span> <span class='ocrx_word' id='word_1_153' title='bbox 767 839 859 861; x_wconf 87' lang='lat' dir='ltr'><strong>autem</strong></span> <span class='ocrx_word' id='word_1_154' title='bbox 890 842 940 861; x_wconf 88' lang='lat' dir='ltr'><strong>nec</strong></span> <span class='ocrx_word' id='word_1_155' title='bbox 958 834 1000 868; x_wconf 82' lang='lat' dir='ltr'><strong>ip-</strong></span> 
     </span>
    </p>
   </div>
   <div class='ocr_carea' id='block_1_15' title="bbox 207 879 999 914">
    <p class='ocr_par' dir='ltr' id='par_1_15' title="bbox 207 879 999 914">
     <span class='ocr_line' id='line_1_15' title="bbox 207 879 999 914; baseline 0 -9"><span class='ocrx_word' id='word_1_156' title='bbox 207 886 313 910; x_wconf 69' lang='lat' dir='ltr'><strong>eorum,</strong></span> <span class='ocrx_word' id='word_1_157' title='bbox 329 879 374 913; x_wconf 92' lang='lat' dir='ltr'><strong>qui</strong></span> <span class='ocrx_word' id='word_1_158' title='bbox 388 879 424 905; x_wconf 91' lang='lat' dir='ltr'><strong>dii</strong></span> <span class='ocrx_word' id='word_1_159' title='bbox 439 883 531 914; x_wconf 82' lang='lat' dir='ltr'><strong>postea</strong></span> <span class='ocrx_word' id='word_1_160' title='bbox 552 879 593 906; x_wconf 87' lang='lat' dir='ltr'><strong>vel</strong></span> <span class='ocrx_word' id='word_1_161' title='bbox 606 880 703 906; x_wconf 82' lang='lat' dir='ltr'><strong>heroes</strong></span> <span class='ocrx_word' id='word_1_162' title='bbox 718 879 842 913; x_wconf 78' lang='lat' dir='ltr'><strong>appellati</strong></span> <span class='ocrx_word' id='word_1_163' title='bbox 858 884 932 910; x_wconf 86' lang='lat' dir='ltr'><strong>sunt,</strong></span> <span class='ocrx_word' id='word_1_164' title='bbox 946 880 999 906; x_wconf 89' lang='lat' dir='ltr'><strong>ulla</strong></span> 
     </span>
    </p>
   </div>
   <div class='ocr_carea' id='block_1_16' title="bbox 207 924 1000 959">
    <p class='ocr_par' dir='ltr' id='par_1_16' title="bbox 207 924 1000 959">
     <span class='ocr_line' id='line_1_16' title="bbox 207 924 1000 959; baseline 0.001 -9"><span class='ocrx_word' id='word_1_165' title='bbox 207 924 279 958; x_wconf 91' lang='lat' dir='ltr'><strong>apud</strong></span> <span class='ocrx_word' id='word_1_166' title='bbox 289 924 397 951; x_wconf 87' lang='lat' dir='ltr'><strong>eosdem</strong></span> <span class='ocrx_word' id='word_1_167' title='bbox 415 925 517 951; x_wconf 79' lang='lat' dir='ltr'><strong>mentio</strong></span> <span class='ocrx_word' id='word_1_168' title='bbox 530 924 622 957; x_wconf 84' lang='lat' dir='ltr'><strong>fuerit;</strong></span> <span class='ocrx_word' id='word_1_169' title='bbox 632 925 760 959; x_wconf 83' lang='lat' dir='ltr'><strong>quodque</strong></span> <span class='ocrx_word' id='word_1_170' title='bbox 772 933 821 952; x_wconf 84' lang='lat' dir='ltr'><strong>nec</strong></span> <span class='ocrx_word' id='word_1_171' title='bbox 833 924 939 957; x_wconf 83' lang='lat' dir='ltr'><strong>Jovem,</strong></span> <span class='ocrx_word' id='word_1_172' title='bbox 953 929 1000 951; x_wconf 86' lang='lat' dir='ltr'><strong>aut</strong></span> 
     </span>
    </p>
   </div>
   <div class='ocr_carea' id='block_1_17' title="bbox 209 968 999 1004">
    <p class='ocr_par' dir='ltr' id='par_1_17' title="bbox 209 968 999 1004">
     <span class='ocr_line' id='line_1_17' title="bbox 209 968 999 1004; baseline 0.001 -8"><span class='ocrx_word' id='word_1_173' title='bbox 209 968 369 1000; x_wconf 82' lang='lat' dir='ltr'><strong>Saturnum,</strong></span> <span class='ocrx_word' id='word_1_174' title='bbox 387 975 434 996; x_wconf 90' lang='lat' dir='ltr'><strong>aut</strong></span> <span class='ocrx_word' id='word_1_175' title='bbox 450 968 618 1003; x_wconf 85' lang='lat' dir='ltr'><strong>Neptunum,</strong></span> <span class='ocrx_word' id='word_1_176' title='bbox 638 975 683 997; x_wconf 82' lang='lat' dir='ltr'><strong>aut</strong></span> <span class='ocrx_word' id='word_1_177' title='bbox 713 971 877 1004; x_wconf 85' lang='lat' dir='ltr'><strong>Apollinem,</strong></span> <span class='ocrx_word' id='word_1_178' title='bbox 893 976 939 997; x_wconf 89' lang='lat' dir='ltr'><strong>aut</strong></span> <span class='ocrx_word' id='word_1_179' title='bbox 951 970 999 997; x_wconf 83' lang='lat' dir='ltr'><strong>Ju-</strong></span> 
     </span>
    </p>
   </div>
   <div class='ocr_carea' id='block_1_18' title="bbox 207 1014 999 1047">
    <p class='ocr_par' dir='ltr' id='par_1_18' title="bbox 207 1014 999 1047">
     <span class='ocr_line' id='line_1_18' title="bbox 207 1014 999 1047; baseline 0.003 -6"><span class='ocrx_word' id='word_1_180' title='bbox 207 1022 320 1046; x_wconf 83' lang='lat' dir='ltr'><strong>nonem,</strong></span> <span class='ocrx_word' id='word_1_181' title='bbox 333 1019 381 1041; x_wconf 90' lang='lat' dir='ltr'><strong>aut</strong></span> <span class='ocrx_word' id='word_1_182' title='bbox 395 1014 545 1047; x_wconf 79' lang='lat' dir='ltr'><strong>Palladem,</strong></span> <span class='ocrx_word' id='word_1_183' title='bbox 563 1021 608 1043; x_wconf 87' lang='lat' dir='ltr'><strong>aut</strong></span> <span class='ocrx_word' id='word_1_184' title='bbox 621 1015 769 1047; x_wconf 85' lang='lat' dir='ltr'><strong>Bacchum,</strong></span> <span class='ocrx_word' id='word_1_185' title='bbox 785 1021 832 1043; x_wconf 83' lang='lat' dir='ltr'><strong>aut</strong></span> <span class='ocrx_word' id='word_1_186' title='bbox 846 1017 927 1043; x_wconf 88' lang='lat' dir='ltr'><strong>alium</strong></span> <span class='ocrx_word' id='word_1_187' title='bbox 940 1024 999 1043; x_wconf 93' lang='lat' dir='ltr'><strong>om-</strong></span> 
     </span>
    </p>
   </div>
   <div class='ocr_carea' id='block_1_19' title="bbox 207 1061 999 1096">
    <p class='ocr_par' dir='ltr' id='par_1_19' title="bbox 207 1061 999 1096">
     <span class='ocr_line' id='line_1_19' title="bbox 207 1061 999 1096; baseline 0.001 -9"><span class='ocrx_word' id='word_1_188' title='bbox 207 1061 273 1088; x_wconf 87' lang='lat' dir='ltr'><strong>nino</strong></span> <span class='ocrx_word' id='word_1_189' title='bbox 297 1061 389 1093; x_wconf 90' lang='lat' dir='ltr'><strong>deum,</strong></span> <span class='ocrx_word' id='word_1_190' title='bbox 408 1068 455 1088; x_wconf 85' lang='lat' dir='ltr'><strong>seu</strong></span> <span class='ocrx_word' id='word_1_191' title='bbox 472 1069 530 1088; x_wconf 90' lang='lat' dir='ltr'><strong>mas</strong></span> <span class='ocrx_word' id='word_1_192' title='bbox 549 1061 628 1092; x_wconf 86' lang='lat' dir='ltr'><strong>foret,</strong></span> <span class='ocrx_word' id='word_1_193' title='bbox 641 1070 687 1088; x_wconf 80' lang='lat' dir='ltr'><strong>seu</strong></span> <span class='ocrx_word' id='word_1_194' title='bbox 703 1062 814 1095; x_wconf 77' lang='lat' dir='ltr'><strong>femina,</strong></span> <span class='ocrx_word' id='word_1_195' title='bbox 831 1062 923 1096; x_wconf 84' lang='lat' dir='ltr'><strong>quales</strong></span> <span class='ocrx_word' id='word_1_196' title='bbox 939 1062 999 1089; x_wconf 87' lang='lat' dir='ltr'><strong>infi-</strong></span> 
     </span>
    </p>
   </div>
   <div class='ocr_carea' id='block_1_20' title="bbox 205 1108 997 1143">
    <p class='ocr_par' dir='ltr' id='par_1_20' title="bbox 205 1108 997 1143">
     <span class='ocr_line' id='line_1_20' title="bbox 205 1108 997 1143; baseline 0.003 -10"><span class='ocrx_word' id='word_1_197' title='bbox 205 1108 257 1133; x_wconf 89' lang='lat' dir='ltr'><strong>niti</strong></span> <span class='ocrx_word' id='word_1_198' title='bbox 273 1112 366 1141; x_wconf 89' lang='lat' dir='ltr'><strong>postea</strong></span> <span class='ocrx_word' id='word_1_199' title='bbox 387 1115 449 1134; x_wconf 86' lang='lat' dir='ltr'><strong>cum</strong></span> <span class='ocrx_word' id='word_1_200' title='bbox 466 1108 538 1142; x_wconf 85' lang='lat' dir='ltr'><strong>apud</strong></span> <span class='ocrx_word' id='word_1_201' title='bbox 555 1108 698 1139; x_wconf 83' lang='lat' dir='ltr'><strong>barbaros,</strong></span> <span class='ocrx_word' id='word_1_202' title='bbox 719 1113 775 1134; x_wconf 92' lang='lat' dir='ltr'><strong>tum</strong></span> <span class='ocrx_word' id='word_1_203' title='bbox 798 1109 869 1143; x_wconf 87' lang='lat' dir='ltr'><strong>apud</strong></span> <span class='ocrx_word' id='word_1_204' title='bbox 888 1108 997 1136; x_wconf 76' lang='lat' dir='ltr'><strong>Grzeeos</strong></span> 
     </span>
    </p>
   </div>
   <div class='ocr_carea' id='block_1_21' title="bbox 205 1153 997 1189">
    <p class='ocr_par' dir='ltr' id='par_1_21' title="bbox 205 1153 997 1189">
     <span class='ocr_line' id='line_1_21' title="bbox 205 1153 997 1189; baseline 0.004 -10"><span class='ocrx_word' id='word_1_205' title='bbox 205 1153 309 1186; x_wconf 80' lang='lat' dir='ltr'><strong>passim</strong></span> <span class='ocrx_word' id='word_1_206' title='bbox 321 1154 495 1184; x_wconf 83' lang='lat' dir='ltr'><strong>exstiterunt.</strong></span> <span class='ocrx_word' id='word_1_207' title='bbox 512 1158 689 1188; x_wconf 81' lang='lat' dir='ltr'><strong>agnoscerent</strong></span> <span class='ocrx_word' id='word_1_208' title='bbox 710 1163 716 1180; x_wconf 85' lang='lat'>:</span> <span class='ocrx_word' id='word_1_209' title='bbox 735 1154 799 1186; x_wconf 90' lang='lat' dir='ltr'><strong>imo,</strong></span> <span class='ocrx_word' id='word_1_210' title='bbox 819 1155 891 1189; x_wconf 87' lang='lat' dir='ltr'><strong>qttod</strong></span> <span class='ocrx_word' id='word_1_211' title='bbox 907 1155 997 1182; x_wconf 86' lang='lat' dir='ltr'><strong>nullus</strong></span> 
     </span>
    </p>
   </div>
   <div class='ocr_carea' id='block_1_22' title="bbox 206 1199 995 1228">
    <p class='ocr_par' dir='ltr' id='par_1_22' title="bbox 206 1199 995 1228">
     <span class='ocr_line' id='line_1_22' title="bbox 206 1199 995 1228; baseline 0.004 -4"><span class='ocrx_word' id='word_1_212' title='bbox 206 1203 264 1224; x_wconf 85' lang='lat' dir='ltr'><strong>tum</strong></span> <span class='ocrx_word' id='word_1_213' title='bbox 279 1199 349 1225; x_wconf 88' lang='lat' dir='ltr'><strong>inter</strong></span> <span class='ocrx_word' id='word_1_214' title='bbox 374 1199 499 1225; x_wconf 90' lang='lat' dir='ltr'><strong>homines</strong></span> <span class='ocrx_word' id='word_1_215' title='bbox 514 1206 560 1226; x_wconf 89' lang='lat' dir='ltr'><strong>seu</strong></span> <span class='ocrx_word' id='word_1_216' title='bbox 577 1199 666 1226; x_wconf 91' lang='lat' dir='ltr'><strong>bonus</strong></span> <span class='ocrx_word' id='word_1_217' title='bbox 702 1207 747 1227; x_wconf 86' lang='lat' dir='ltr'><strong>seu</strong></span> <span class='ocrx_word' id='word_1_218' title='bbox 777 1200 866 1227; x_wconf 87' lang='lat' dir='ltr'><strong>malus</strong></span> <span class='ocrx_word' id='word_1_219' title='bbox 890 1201 995 1228; x_wconf 71' lang='lat' dir='ltr'><strong>daemon</strong></span> 
     </span>
    </p>
   </div>
   <div class='ocr_carea' id='block_1_23' title="bbox 1098 559 1849 594">
    <p class='ocr_par' dir='ltr' id='par_1_23' title="bbox 1098 559 1849 594">
     <span class='ocr_line' id='line_1_23' title="bbox 1098 559 1849 594; baseline 0.007 -10"><span class='ocrx_word' id='word_1_220' title='bbox 1098 559 1168 584; x_wconf 70' lang='grc' dir='ltr'>Ἀλλ’</span> <span class='ocrx_word' id='word_1_221' title='bbox 1184 559 1225 586; x_wconf 83' lang='grc' dir='ltr'><strong>ὅτι</strong></span> <span class='ocrx_word' id='word_1_222' title='bbox 1242 559 1290 594; x_wconf 84' lang='grc' dir='ltr'>μὲν</span> <span class='ocrx_word' id='word_1_223' title='bbox 1305 559 1328 584; x_wconf 84' lang='grc' dir='ltr'>οἱ</span> <span class='ocrx_word' id='word_1_224' title='bbox 1347 559 1450 594; x_wconf 75' lang='grc' dir='ltr'>’πρῶτοι</span> <span class='ocrx_word' id='word_1_225' title='bbox 1468 561 1514 586; x_wconf 77' lang='grc' dir='ltr'><strong>καὶ</strong></span> <span class='ocrx_word' id='word_1_226' title='bbox 1530 560 1704 588; x_wconf 77' lang='grc' dir='ltr'><strong>παλαιότατοι</strong></span> <span class='ocrx_word' id='word_1_227' title='bbox 1721 562 1776 588; x_wconf 82' lang='grc' dir='ltr'><strong>τῶν</strong></span> <span class='ocrx_word' id='word_1_228' title='bbox 1800 562 1849 589; x_wconf 89' lang='grc' dir='ltr'><strong>ἀν-</strong></span> 
     </span>
    </p>
   </div>
   <div class='ocr_carea' id='block_1_24' title="bbox 1057 605 1850 642">
    <p class='ocr_par' dir='ltr' id='par_1_24' title="bbox 1057 605 1850 642">
     <span class='ocr_line' id='line_1_24' title="bbox 1057 605 1850 642; baseline 0.005 -11"><span class='ocrx_word' id='word_1_229' title='bbox 1057 605 1184 641; x_wconf 82' lang='grc' dir='ltr'>Θρώπων,</span> <span class='ocrx_word' id='word_1_230' title='bbox 1201 605 1263 631; x_wconf 81' lang='grc' dir='ltr'>οὒτε</span> <span class='ocrx_word' id='word_1_231' title='bbox 1278 605 1349 632; x_wconf 78' lang='grc' dir='ltr'>ναῶν</span> <span class='ocrx_word' id='word_1_232' title='bbox 1364 606 1530 640; x_wconf 77' lang='grc' dir='ltr'><strong>οἰκοδομίαις</strong></span> <span class='ocrx_word' id='word_1_233' title='bbox 1541 608 1694 642; x_wconf 75' lang='grc' dir='ltr'><strong>προσεῖχον,</strong></span> <span class='ocrx_word' id='word_1_234' title='bbox 1709 607 1771 634; x_wconf 75' lang='grc' dir='ltr'>οὔτε</span> <span class='ocrx_word' id='word_1_235' title='bbox 1788 607 1850 641; x_wconf 79' lang='grc' dir='ltr'>ξοά-</span> 
     </span>
    </p>
   </div>
   <div class='ocr_carea' id='block_1_25' title="bbox 1056 651 1848 688">
    <p class='ocr_par' dir='ltr' id='par_1_25' title="bbox 1056 651 1848 688">
     <span class='ocr_line' id='line_1_25' title="bbox 1056 651 1848 688; baseline 0.005 -11"><span class='ocrx_word' id='word_1_236' title='bbox 1056 660 1108 677; x_wconf 83' lang='grc' dir='ltr'><strong>νων</strong></span> <span class='ocrx_word' id='word_1_237' title='bbox 1123 651 1318 686; x_wconf 76' lang='grc' dir='ltr'>ἀφιδρύμασιν,</span> <span class='ocrx_word' id='word_1_238' title='bbox 1335 651 1412 678; x_wconf 67' lang='grc' dir='ltr'>οὓπω</span> <span class='ocrx_word' id='word_1_239' title='bbox 1425 652 1483 678; x_wconf 80' lang='grc' dir='ltr'>τότε</span> <span class='ocrx_word' id='word_1_240' title='bbox 1497 653 1646 688; x_wconf 77' lang='grc' dir='ltr'><strong>γραφικῆς,</strong></span> <span class='ocrx_word' id='word_1_241' title='bbox 1664 654 1723 680; x_wconf 74' lang='grc' dir='ltr'>οὐδὲ</span> <span class='ocrx_word' id='word_1_242' title='bbox 1740 654 1848 681; x_wconf 80' lang='grc' dir='ltr'>πλαστι-</span> 
     </span>
    </p>
   </div>
   <div class='ocr_carea' id='block_1_26' title="bbox 1056 698 1848 736">
    <p class='ocr_par' dir='ltr' id='par_1_26' title="bbox 1056 698 1848 736">
     <span class='ocr_line' id='line_1_26' title="bbox 1056 698 1848 736; baseline 0.005 -13"><span class='ocrx_word' id='word_1_243' title='bbox 1056 698 1121 733; x_wconf 81' lang='grc' dir='ltr'>κῆς,</span> <span class='ocrx_word' id='word_1_244' title='bbox 1148 699 1163 733; x_wconf 88' lang='grc' dir='ltr'>ἢ</span> <span class='ocrx_word' id='word_1_245' title='bbox 1192 698 1359 732; x_wconf 81' lang='grc' dir='ltr'>γλυπτικῆς,</span> <span class='ocrx_word' id='word_1_246' title='bbox 1389 698 1404 733; x_wconf 84' lang='grc' dir='ltr'><strong>ἢ</strong></span> <span class='ocrx_word' id='word_1_247' title='bbox 1435 698 1719 735; x_wconf 82' lang='grc' dir='ltr'>ἁνδριαντοποιητικῆς</span> <span class='ocrx_word' id='word_1_248' title='bbox 1751 701 1848 736; x_wconf 79' lang='grc' dir='ltr'>τέχνης</span> 
     </span>
    </p>
   </div>
   <div class='ocr_carea' id='block_1_27' title="bbox 1056 746 1850 784">
    <p class='ocr_par' dir='ltr' id='par_1_27' title="bbox 1056 746 1850 784">
     <span class='ocr_line' id='line_1_27' title="bbox 1056 746 1850 784; baseline 0.004 -11"><span class='ocrx_word' id='word_1_249' title='bbox 1056 746 1256 782; x_wconf 71' lang='grc' dir='ltr'>ἐφευρημένης.</span> <span class='ocrx_word' id='word_1_250' title='bbox 1275 746 1335 772; x_wconf 70' lang='grc' dir='ltr'><strong>οὑδέ</strong></span> <span class='ocrx_word' id='word_1_251' title='bbox 1350 747 1402 781; x_wconf 80' lang='grc' dir='ltr'><strong>μὴν</strong></span> <span class='ocrx_word' id='word_1_252' title='bbox 1416 747 1598 782; x_wconf 78' lang='grc' dir='ltr'><strong>οἰκοδομικῆς,</strong></span> <span class='ocrx_word' id='word_1_253' title='bbox 1615 748 1673 774; x_wconf 70' lang='grc' dir='ltr'>οὐδὲ</span> <span class='ocrx_word' id='word_1_254' title='bbox 1691 749 1850 784; x_wconf 83' lang='grc' dir='ltr'>ἀρχιτεκτο-</span> 
     </span>
    </p>
   </div>
   <div class='ocr_carea' id='block_1_28' title="bbox 1055 791 1850 830">
    <p class='ocr_par' dir='ltr' id='par_1_28' title="bbox 1055 791 1850 830">
     <span class='ocr_line' id='line_1_28' title="bbox 1055 791 1850 830; baseline 0.003 -11"><span class='ocrx_word' id='word_1_255' title='bbox 1055 794 1132 828; x_wconf 78' lang='grc' dir='ltr'>νικῆς</span> <span class='ocrx_word' id='word_1_256' title='bbox 1145 792 1326 827; x_wconf 69' lang='grc' dir='ltr'><strong>συνεστώσης,</strong></span> <span class='ocrx_word' id='word_1_257' title='bbox 1342 793 1422 819; x_wconf 79' lang='grc' dir='ltr'>παντί</span> <span class='ocrx_word' id='word_1_258' title='bbox 1439 802 1476 827; x_wconf 83' lang='grc' dir='ltr'>τῳ</span> <span class='ocrx_word' id='word_1_259' title='bbox 1488 791 1564 827; x_wconf 80' lang='grc' dir='ltr'>οἶμαι</span> <span class='ocrx_word' id='word_1_260' title='bbox 1577 793 1790 830; x_wconf 77' lang='grc' dir='ltr'>συλλογιζομένῳ</span> <span class='ocrx_word' id='word_1_261' title='bbox 1801 795 1850 830; x_wconf 82' lang='grc' dir='ltr'><strong>δῆ-</strong></span> 
     </span>
    </p>
   </div>
   <div class='ocr_carea' id='block_1_29' title="bbox 1054 837 1848 876">
    <p class='ocr_par' dir='ltr' id='par_1_29' title="bbox 1054 837 1848 876">
     <span class='ocr_line' id='line_1_29' title="bbox 1054 837 1848 876; baseline 0.005 -12"><span class='ocrx_word' id='word_1_262' title='bbox 1054 838 1098 864; x_wconf 87' lang='grc' dir='ltr'><strong>λον</strong></span> <span class='ocrx_word' id='word_1_263' title='bbox 1117 837 1196 864; x_wconf 74' lang='grc' dir='ltr'>εἶναι.</span> <span class='ocrx_word' id='word_1_264' title='bbox 1214 839 1274 864; x_wconf 84' lang='grc' dir='ltr'>Ὅτι</span> <span class='ocrx_word' id='word_1_265' title='bbox 1291 838 1318 864; x_wconf 75' lang='grc' dir='ltr'><strong>δὲ</strong></span> <span class='ocrx_word' id='word_1_266' title='bbox 1339 839 1399 864; x_wconf 72' lang='grc' dir='ltr'>οὐδέ</span> <span class='ocrx_word' id='word_1_267' title='bbox 1415 838 1468 865; x_wconf 84' lang='grc' dir='ltr'><strong>τῶν</strong></span> <span class='ocrx_word' id='word_1_268' title='bbox 1494 839 1561 874; x_wconf 78' lang='grc' dir='ltr'>μετὰ</span> <span class='ocrx_word' id='word_1_269' title='bbox 1578 839 1663 866; x_wconf 79' lang='grc' dir='ltr'>ταῦτα</span> <span class='ocrx_word' id='word_1_270' title='bbox 1687 850 1848 876; x_wconf 81' lang='grc' dir='ltr'>κατωνομα-</span> 
     </span>
    </p>
   </div>
   <div class='ocr_carea' id='block_1_30' title="bbox 1056 884 1849 924">
    <p class='ocr_par' dir='ltr' id='par_1_30' title="bbox 1056 884 1849 924">
     <span class='ocr_line' id='line_1_30' title="bbox 1056 884 1849 924; baseline 0.005 -14"><span class='ocrx_word' id='word_1_271' title='bbox 1056 885 1160 918; x_wconf 81' lang='grc' dir='ltr'>σμένων</span> <span class='ocrx_word' id='word_1_272' title='bbox 1177 884 1245 911; x_wconf 77' lang='grc' dir='ltr'>θεῶν</span> <span class='ocrx_word' id='word_1_273' title='bbox 1259 893 1289 910; x_wconf 82' lang='grc' dir='ltr'><strong>τε</strong></span> <span class='ocrx_word' id='word_1_274' title='bbox 1304 885 1351 910; x_wconf 81' lang='grc' dir='ltr'><strong>καὶ</strong></span> <span class='ocrx_word' id='word_1_275' title='bbox 1363 884 1459 920; x_wconf 76' lang='grc' dir='ltr'>ἡρώων</span> <span class='ocrx_word' id='word_1_276' title='bbox 1475 886 1566 921; x_wconf 81' lang='grc' dir='ltr'>μνήμη</span> <span class='ocrx_word' id='word_1_277' title='bbox 1584 895 1625 918; x_wconf 89' lang='grc' dir='ltr'><strong>τις</strong></span> <span class='ocrx_word' id='word_1_278' title='bbox 1637 889 1692 918; x_wconf 80' lang='grc' dir='ltr'>τοῖς</span> <span class='ocrx_word' id='word_1_279' title='bbox 1706 888 1766 914; x_wconf 82' lang='grc' dir='ltr'>τότε</span> <span class='ocrx_word' id='word_1_280' title='bbox 1779 897 1849 924; x_wconf 82' lang='grc' dir='ltr'>παρ-</span> 
     </span>
    </p>
   </div>
   <div class='ocr_carea' id='block_1_31' title="bbox 1053 927 1849 967">
    <p class='ocr_par' dir='ltr' id='par_1_31' title="bbox 1053 927 1849 967">
     <span class='ocr_line' id='line_1_31' title="bbox 1054 927 1733 941; baseline 0.009 -6"><span class='ocrx_word' id='word_1_281' title='bbox 1054 930 1066 934; x_wconf 85' lang='grc'><strong>-</strong></span> <span class='ocrx_word' id='word_1_282' title='bbox 1129 929 1134 935; x_wconf 91' lang='grc'>.</span> <span class='ocrx_word' id='word_1_283' title='bbox 1156 930 1162 938; x_wconf 82' lang='lat'><strong>,</strong></span> <span class='ocrx_word' id='word_1_284' title='bbox 1195 928 1206 937; x_wconf 83' lang='grc' dir='ltr'><strong>τ</strong></span> <span class='ocrx_word' id='word_1_285' title='bbox 1298 927 1310 937; x_wconf 75' lang='grc' dir='ltr'><strong>τ</strong></span> <span class='ocrx_word' id='word_1_286' title='bbox 1366 929 1371 937; x_wconf 80' lang='grc'><strong>,</strong></span> <span class='ocrx_word' id='word_1_287' title='bbox 1410 931 1420 936; x_wconf 77' lang='lat'><strong>-</strong></span> <span class='ocrx_word' id='word_1_288' title='bbox 1484 931 1489 937; x_wconf 63' lang='grc' dir='ltr'>η</span> <span class='ocrx_word' id='word_1_289' title='bbox 1561 932 1566 939; x_wconf 82' lang='grc'><em>.</em></span> <span class='ocrx_word' id='word_1_290' title='bbox 1728 933 1733 941; x_wconf 81' lang='lat'><em>.</em></span> 
     </span>
     <span class='ocr_line' id='line_1_32' title="bbox 1053 930 1849 967; baseline 0.008 -13"><span class='ocrx_word' id='word_1_291' title='bbox 1053 938 1096 964; x_wconf 76' lang='grc' dir='ltr'>ην,</span> <span class='ocrx_word' id='word_1_292' title='bbox 1107 930 1154 955; x_wconf 68' lang='grc' dir='ltr'><strong>ουτ</strong></span> <span class='ocrx_word' id='word_1_293' title='bbox 1178 939 1224 956; x_wconf 64' lang='grc' dir='ltr'><strong>ουν</strong></span> <span class='ocrx_word' id='word_1_294' title='bbox 1237 938 1278 961; x_wconf 80' lang='grc' dir='ltr'><strong>τις</strong></span> <span class='ocrx_word' id='word_1_295' title='bbox 1297 938 1330 965; x_wconf 84' lang='grc' dir='ltr'>ην</span> <span class='ocrx_word' id='word_1_296' title='bbox 1342 938 1434 961; x_wconf 71' lang='lat' dir='ltr'><strong>autat;</strong></span> <span class='ocrx_word' id='word_1_297' title='bbox 1447 932 1523 962; x_wconf 84' lang='grc' dir='ltr'>Ζευς,</span> <span class='ocrx_word' id='word_1_298' title='bbox 1543 939 1571 957; x_wconf 89' lang='grc' dir='ltr'><strong>ου</strong></span> <span class='ocrx_word' id='word_1_299' title='bbox 1582 932 1695 967; x_wconf 84' lang='grc' dir='ltr'>Κρόνος,</span> <span class='ocrx_word' id='word_1_300' title='bbox 1708 942 1737 959; x_wconf 78' lang='grc' dir='ltr'><strong>ου</strong></span> <span class='ocrx_word' id='word_1_301' title='bbox 1754 934 1849 960; x_wconf 84' lang='grc' dir='ltr'>Ποσει-</span> 
     </span>
    </p>
   </div>
   <div class='ocr_carea' id='block_1_32' title="bbox 1053 975 1849 1014">
    <p class='ocr_par' dir='ltr' id='par_1_32' title="bbox 1053 975 1849 1014">
     <span class='ocr_line' id='line_1_33' title="bbox 1053 975 1849 1014; baseline 0.008 -13"><span class='ocrx_word' id='word_1_302' title='bbox 1053 975 1116 1007; x_wconf 82' lang='grc' dir='ltr'>δῶν,</span> <span class='ocrx_word' id='word_1_303' title='bbox 1139 976 1189 1002; x_wconf 75' lang='grc' dir='ltr'>οὐκ</span> <span class='ocrx_word' id='word_1_304' title='bbox 1207 976 1354 1008; x_wconf 80' lang='grc' dir='ltr'>’Λπόλλων,</span> <span class='ocrx_word' id='word_1_305' title='bbox 1377 976 1425 1011; x_wconf 75' lang='grc' dir='ltr'>οὐχ</span> <span class='ocrx_word' id='word_1_306' title='bbox 1443 978 1526 1012; x_wconf 81' lang='grc' dir='ltr'>’¹Ηρα,</span> <span class='ocrx_word' id='word_1_307' title='bbox 1542 978 1592 1004; x_wconf 79' lang='grc' dir='ltr'>οὐκ</span> <span class='ocrx_word' id='word_1_308' title='bbox 1615 979 1723 1014; x_wconf 75' lang='grc' dir='ltr'>Ἀθηνᾶ,</span> <span class='ocrx_word' id='word_1_309' title='bbox 1741 980 1771 1006; x_wconf 78' lang='grc' dir='ltr'><strong>οὑ</strong></span> <span class='ocrx_word' id='word_1_310' title='bbox 1790 980 1849 1007; x_wconf 85' lang='grc' dir='ltr'>Διό-</span> 
     </span>
    </p>
   </div>
   <div class='ocr_carea' id='block_1_33' title="bbox 1053 1022 1849 1060">
    <p class='ocr_par' dir='ltr' id='par_1_33' title="bbox 1053 1022 1849 1060">
     <span class='ocr_line' id='line_1_34' title="bbox 1053 1022 1849 1060; baseline 0.008 -13"><span class='ocrx_word' id='word_1_311' title='bbox 1053 1030 1142 1053; x_wconf 80' lang='grc' dir='ltr'>νυσος,</span> <span class='ocrx_word' id='word_1_312' title='bbox 1161 1022 1221 1048; x_wconf 81' lang='grc' dir='ltr'>οὑδὲ</span> <span class='ocrx_word' id='word_1_313' title='bbox 1233 1031 1273 1054; x_wconf 86' lang='grc' dir='ltr'><strong>τις</strong></span> <span class='ocrx_word' id='word_1_314' title='bbox 1289 1023 1381 1058; x_wconf 67' lang='grc' dir='ltr'>ἕτερος</span> <span class='ocrx_word' id='word_1_315' title='bbox 1398 1023 1491 1058; x_wconf 75' lang='grc' dir='ltr'>θήλειά</span> <span class='ocrx_word' id='word_1_316' title='bbox 1504 1033 1533 1050; x_wconf 85' lang='grc' dir='ltr'><strong>τε</strong></span> <span class='ocrx_word' id='word_1_317' title='bbox 1548 1025 1594 1051; x_wconf 73' lang='grc' dir='ltr'><strong>καὶ</strong></span> <span class='ocrx_word' id='word_1_318' title='bbox 1607 1024 1694 1060; x_wconf 72' lang='grc' dir='ltr'><strong>ἄρρην</strong></span> <span class='ocrx_word' id='word_1_319' title='bbox 1711 1026 1781 1058; x_wconf 75' lang='grc' dir='ltr'>θεὸς,</span> <span class='ocrx_word' id='word_1_320' title='bbox 1797 1024 1849 1054; x_wconf 73' lang='grc' dir='ltr'>οἷοι</span> 
     </span>
    </p>
   </div>
   <div class='ocr_carea' id='block_1_34' title="bbox 1054 1067 1846 1107">
    <p class='ocr_par' dir='ltr' id='par_1_34' title="bbox 1054 1067 1846 1107">
     <span class='ocr_line' id='line_1_35' title="bbox 1054 1067 1846 1107; baseline 0.005 -15"><span class='ocrx_word' id='word_1_321' title='bbox 1054 1067 1124 1102; x_wconf 79' lang='grc' dir='ltr'>μετὰ</span> <span class='ocrx_word' id='word_1_322' title='bbox 1139 1068 1225 1093; x_wconf 76' lang='grc' dir='ltr'>ταῦτα</span> <span class='ocrx_word' id='word_1_323' title='bbox 1244 1069 1334 1103; x_wconf 85' lang='grc' dir='ltr'>μυρίοι</span> <span class='ocrx_word' id='word_1_324' title='bbox 1352 1069 1427 1104; x_wconf 78' lang='grc' dir='ltr'>παρά</span> <span class='ocrx_word' id='word_1_325' title='bbox 1440 1078 1468 1095; x_wconf 85' lang='grc' dir='ltr'><strong>τε</strong></span> <span class='ocrx_word' id='word_1_326' title='bbox 1484 1069 1631 1105; x_wconf 77' lang='grc' dir='ltr'>βαρϐάροις</span> <span class='ocrx_word' id='word_1_327' title='bbox 1644 1071 1691 1097; x_wconf 70' lang='grc' dir='ltr'><strong>καὶ</strong></span> <span class='ocrx_word' id='word_1_328' title='bbox 1706 1071 1846 1107; x_wconf 78' lang='grc' dir='ltr'>Ἕλλησιν,</span> 
     </span>
    </p>
   </div>
   <div class='ocr_carea' id='block_1_35' title="bbox 1052 1113 1848 1153">
    <p class='ocr_par' dir='ltr' id='par_1_35' title="bbox 1052 1113 1848 1153">
     <span class='ocr_line' id='line_1_36' title="bbox 1052 1113 1848 1153; baseline 0.005 -13"><span class='ocrx_word' id='word_1_329' title='bbox 1052 1113 1119 1140; x_wconf 75' lang='grc' dir='ltr'>ἀλλὰ</span> <span class='ocrx_word' id='word_1_330' title='bbox 1136 1114 1196 1140; x_wconf 70' lang='grc' dir='ltr'>οὐδὲ</span> <span class='ocrx_word' id='word_1_331' title='bbox 1220 1114 1324 1149; x_wconf 74' lang='grc' dir='ltr'>δαίμων</span> <span class='ocrx_word' id='word_1_332' title='bbox 1344 1124 1385 1147; x_wconf 85' lang='grc' dir='ltr'><strong>τις</strong></span> <span class='ocrx_word' id='word_1_333' title='bbox 1409 1116 1512 1149; x_wconf 74' lang='grc' dir='ltr'>ἀγαθὸς</span> <span class='ocrx_word' id='word_1_334' title='bbox 1542 1116 1557 1151; x_wconf 82' lang='grc' dir='ltr'>ἢ</span> <span class='ocrx_word' id='word_1_335' title='bbox 1577 1117 1676 1150; x_wconf 67' lang='grc' dir='ltr'>φαῦλος</span> <span class='ocrx_word' id='word_1_336' title='bbox 1691 1118 1720 1143; x_wconf 84' lang='grc' dir='ltr'><strong>ἐν</strong></span> <span class='ocrx_word' id='word_1_337' title='bbox 1742 1118 1848 1153; x_wconf 80' lang='grc' dir='ltr'><strong>ἀνθρώ-</strong></span> 
     </span>
    </p>
   </div>
   <div class='ocr_carea' id='block_1_36' title="bbox 1052 1158 1849 1198">
    <p class='ocr_par' dir='ltr' id='par_1_36' title="bbox 1052 1158 1849 1198">
     <span class='ocr_line' id='line_1_37' title="bbox 1052 1158 1849 1198; baseline 0.006 -14"><span class='ocrx_word' id='word_1_338' title='bbox 1052 1167 1113 1190; x_wconf 86' lang='grc' dir='ltr'>ποις</span> <span class='ocrx_word' id='word_1_339' title='bbox 1125 1158 1306 1194; x_wconf 72' lang='grc' dir='ltr'><strong>ἐθαυμάζετο,</strong></span> <span class='ocrx_word' id='word_1_340' title='bbox 1323 1160 1390 1195; x_wconf 82' lang='grc' dir='ltr'>μόνα</span> <span class='ocrx_word' id='word_1_341' title='bbox 1402 1160 1429 1186; x_wconf 78' lang='grc' dir='ltr'>δὲ</span> <span class='ocrx_word' id='word_1_342' title='bbox 1441 1160 1475 1187; x_wconf 77' lang='grc' dir='ltr'>τὰ</span> <span class='ocrx_word' id='word_1_343' title='bbox 1489 1161 1638 1196; x_wconf 72' lang='grc' dir='ltr'><strong>φαινόμενα</strong></span> <span class='ocrx_word' id='word_1_344' title='bbox 1653 1162 1704 1188; x_wconf 85' lang='grc' dir='ltr'><strong>τῶν</strong></span> <span class='ocrx_word' id='word_1_345' title='bbox 1716 1163 1849 1198; x_wconf 77' lang='grc' dir='ltr'>οὐρανίων</span> 
     </span>
    </p>
   </div>
   <div class='ocr_carea' id='block_1_37' title="bbox 1051 1205 1848 1243">
    <p class='ocr_par' dir='ltr' id='par_1_37' title="bbox 1051 1205 1848 1243">
     <span class='ocr_line' id='line_1_38' title="bbox 1051 1205 1848 1243; baseline 0.005 -12"><span class='ocrx_word' id='word_1_346' title='bbox 1051 1205 1169 1240; x_wconf 80' lang='grc' dir='ltr'>ἄστρων,</span> <span class='ocrx_word' id='word_1_347' title='bbox 1187 1205 1261 1241; x_wconf 81' lang='grc' dir='ltr'>παρὰ</span> <span class='ocrx_word' id='word_1_348' title='bbox 1278 1206 1307 1232; x_wconf 86' lang='grc' dir='ltr'><strong>τὺ</strong></span> <span class='ocrx_word' id='word_1_349' title='bbox 1331 1206 1418 1239; x_wconf 71' lang='grc' dir='ltr'>θέειν,</span> <span class='ocrx_word' id='word_1_350' title='bbox 1433 1207 1502 1242; x_wconf 81' lang='grc' dir='ltr'>ὅπερ</span> <span class='ocrx_word' id='word_1_351' title='bbox 1522 1208 1580 1235; x_wconf 79' lang='grc' dir='ltr'>ἐστὶ</span> <span class='ocrx_word' id='word_1_352' title='bbox 1598 1208 1715 1243; x_wconf 73' lang='grc' dir='ltr'>τρέχειν,</span> <span class='ocrx_word' id='word_1_353' title='bbox 1735 1209 1804 1235; x_wconf 80' lang='grc' dir='ltr'>θεῶν</span> <span class='ocrx_word' id='word_1_354' title='bbox 1818 1217 1848 1235; x_wconf 86' lang='grc' dir='ltr'><strong>τε</strong></span> 
     </span>
    </p>
   </div>
   <div class='ocr_carea' id='block_1_38' title="bbox 205 1245 997 1289">
    <p class='ocr_par' dir='ltr' id='par_1_38' title="bbox 205 1245 997 1281">
     <span class='ocr_line' id='line_1_39' title="bbox 205 1245 997 1281; baseline 0.005 -11"><span class='ocrx_word' id='word_1_355' title='bbox 205 1245 399 1276; x_wconf 81' lang='lat' dir='ltr'><strong>celebraretur,</strong></span> <span class='ocrx_word' id='word_1_356' title='bbox 411 1245 456 1271; x_wconf 89' lang='lat' dir='ltr'><strong>sed</strong></span> <span class='ocrx_word' id='word_1_357' title='bbox 470 1245 514 1271; x_wconf 86' lang='lat' dir='ltr'><strong>illa</strong></span> <span class='ocrx_word' id='word_1_358' title='bbox 526 1249 627 1271; x_wconf 89' lang='lat' dir='ltr'><strong>tantum</strong></span> <span class='ocrx_word' id='word_1_359' title='bbox 639 1253 699 1280; x_wconf 70' lang='lat' dir='ltr'><strong>quae</strong></span> <span class='ocrx_word' id='word_1_360' title='bbox 712 1246 738 1272; x_wconf 97' lang='lat' dir='ltr'><strong>in</strong></span> <span class='ocrx_word' id='word_1_361' title='bbox 753 1246 822 1274; x_wconf 77' lang='lat' dir='ltr'><strong>ctelo</strong></span> <span class='ocrx_word' id='word_1_362' title='bbox 831 1251 997 1281; x_wconf 77' lang='lat' dir='ltr'><strong>apparebant</strong></span> 
     </span>
    </p>
   </div>
   <div class='ocr_carea' id='block_1_39' title="bbox 1049 1245 1849 1289">
    <p class='ocr_par' dir='ltr' id='par_1_39' title="bbox 1052 1252 1849 1289">
     <span class='ocr_line' id='line_1_40' title="bbox 1052 1252 1849 1289; baseline 0.006 -12"><span class='ocrx_word' id='word_1_363' title='bbox 1052 1252 1249 1287; x_wconf 79' lang='grc' dir='ltr'>προσηγορίας,</span> <span class='ocrx_word' id='word_1_364' title='bbox 1275 1252 1313 1283; x_wconf 81' lang='grc' dir='ltr'>ὡς</span> <span class='ocrx_word' id='word_1_365' title='bbox 1334 1252 1411 1279; x_wconf 80' lang='grc' dir='ltr'>αὐτοί</span> <span class='ocrx_word' id='word_1_366' title='bbox 1433 1262 1525 1288; x_wconf 72' lang='grc' dir='ltr'>φασιν,</span> <span class='ocrx_word' id='word_1_367' title='bbox 1550 1254 1692 1289; x_wconf 76' lang='grc' dir='ltr'>ἐτύγχανε,</span> <span class='ocrx_word' id='word_1_368' title='bbox 1716 1255 1762 1282; x_wconf 67' lang='grc' dir='ltr'>καὶ</span> <span class='ocrx_word' id='word_1_369' title='bbox 1787 1255 1849 1282; x_wconf 70' lang='grc' dir='ltr'>οὐδὲ</span> 
     </span>
    </p>
   </div>
   <div class='ocr_carea' id='block_1_40' title="bbox 204 1289 1001 1325">
    <p class='ocr_par' dir='ltr' id='par_1_40' title="bbox 204 1289 1001 1325">
     <span class='ocr_line' id='line_1_41' title="bbox 204 1289 1001 1325; baseline 0.005 -10"><span class='ocrx_word' id='word_1_370' title='bbox 204 1295 288 1321; x_wconf 82' lang='lat' dir='ltr'><strong>astra,</strong></span> <span class='ocrx_word' id='word_1_371' title='bbox 306 1289 381 1325; x_wconf 80' lang='grc' dir='ltr'>παρὰ</span> <span class='ocrx_word' id='word_1_372' title='bbox 393 1290 424 1316; x_wconf 82' lang='grc' dir='ltr'>τὸ</span> <span class='ocrx_word' id='word_1_373' title='bbox 440 1290 521 1322; x_wconf 83' lang='grc' dir='ltr'>θέειν,</span> <span class='ocrx_word' id='word_1_374' title='bbox 532 1290 556 1316; x_wconf 91' lang='lat' dir='ltr'><strong>id</strong></span> <span class='ocrx_word' id='word_1_375' title='bbox 569 1294 610 1317; x_wconf 91' lang='lat' dir='ltr'><strong>est</strong></span> <span class='ocrx_word' id='word_1_376' title='bbox 623 1298 637 1317; x_wconf 86' lang='lat' dir='ltr'><strong>a</strong></span> <span class='ocrx_word' id='word_1_377' title='bbox 654 1292 794 1324; x_wconf 81' lang='lat' dir='ltr'><strong>currendo,</strong></span> <span class='ocrx_word' id='word_1_378' title='bbox 807 1291 885 1324; x_wconf 81' lang='grc' dir='ltr'>θεῶν,</span> <span class='ocrx_word' id='word_1_379' title='bbox 894 1292 945 1319; x_wconf 91' lang='lat' dir='ltr'><strong>hoc</strong></span> <span class='ocrx_word' id='word_1_380' title='bbox 959 1297 1001 1319; x_wconf 89' lang='lat' dir='ltr'><strong>est</strong></span> 
     </span>
    </p>
   </div>
   <div class='ocr_carea' id='block_1_41' title="bbox 203 1335 998 1371">
    <p class='ocr_par' dir='ltr' id='par_1_41' title="bbox 203 1335 998 1371">
     <span class='ocr_line' id='line_1_42' title="bbox 203 1335 998 1371; baseline 0.004 -9"><span class='ocrx_word' id='word_1_381' title='bbox 203 1335 257 1371; x_wconf 78' lang='lat'><strong>30</strong></span> <span class='ocrx_word' id='word_1_382' title='bbox 269 1336 381 1362; x_wconf 85' lang='lat' dir='ltr'><strong>deorum</strong></span> <span class='ocrx_word' id='word_1_383' title='bbox 397 1344 508 1368; x_wconf 86' lang='lat' dir='ltr'><strong>nomen,</strong></span> <span class='ocrx_word' id='word_1_384' title='bbox 533 1341 562 1363; x_wconf 92' lang='lat' dir='ltr'><strong>ut</strong></span> <span class='ocrx_word' id='word_1_385' title='bbox 583 1336 692 1371; x_wconf 85' lang='lat' dir='ltr'><strong>ipsimet</strong></span> <span class='ocrx_word' id='word_1_386' title='bbox 712 1338 800 1368; x_wconf 87' lang='lat' dir='ltr'><strong>aiunt,</strong></span> <span class='ocrx_word' id='word_1_387' title='bbox 817 1338 972 1366; x_wconf 85' lang='lat' dir='ltr'><strong>obtinerent</strong></span> <span class='ocrx_word' id='word_1_388' title='bbox 992 1348 998 1365; x_wconf 86' lang='lat'>:</span> 
     </span>
    </p>
   </div>
   <div class='ocr_carea' id='block_1_42' title="bbox 203 1380 998 1416">
    <p class='ocr_par' dir='ltr' id='par_1_42' title="bbox 203 1380 998 1416">
     <span class='ocr_line' id='line_1_43' title="bbox 203 1380 998 1416; baseline 0.005 -10"><span class='ocrx_word' id='word_1_389' title='bbox 203 1380 331 1415; x_wconf 84' lang='lat' dir='ltr'><strong>denique,</strong></span> <span class='ocrx_word' id='word_1_390' title='bbox 348 1381 420 1415; x_wconf 90' lang='lat' dir='ltr'><strong>quod</strong></span> <span class='ocrx_word' id='word_1_391' title='bbox 434 1389 467 1408; x_wconf 91' lang='lat' dir='ltr'><strong>ne</strong></span> <span class='ocrx_word' id='word_1_392' title='bbox 480 1382 524 1408; x_wconf 88' lang='lat' dir='ltr'><strong>illa</strong></span> <span class='ocrx_word' id='word_1_393' title='bbox 540 1382 650 1416; x_wconf 87' lang='lat' dir='ltr'><strong>quidem</strong></span> <span class='ocrx_word' id='word_1_394' title='bbox 663 1383 844 1410; x_wconf 84' lang='lat' dir='ltr'><strong>animantium</strong></span> <span class='ocrx_word' id='word_1_395' title='bbox 872 1384 981 1410; x_wconf 88' lang='lat' dir='ltr'><strong>immola</strong></span> <span class='ocrx_word' id='word_1_396' title='bbox 991 1398 998 1403; x_wconf 91' lang='lat'><em>-</em></span> 
     </span>
    </p>
   </div>
   <div class='ocr_carea' id='block_1_43' title="bbox 204 1427 1000 1463">
    <p class='ocr_par' dir='ltr' id='par_1_43' title="bbox 204 1427 1000 1463">
     <span class='ocr_line' id='line_1_44' title="bbox 204 1427 1000 1463; baseline 0.004 -10"><span class='ocrx_word' id='word_1_397' title='bbox 204 1427 335 1459; x_wconf 86' lang='lat' dir='ltr'><strong>tionibus,</strong></span> <span class='ocrx_word' id='word_1_398' title='bbox 356 1432 403 1454; x_wconf 88' lang='lat' dir='ltr'><strong>aut</strong></span> <span class='ocrx_word' id='word_1_399' title='bbox 416 1427 460 1458; x_wconf 91' lang='lat' dir='ltr'><strong>iis,</strong></span> <span class='ocrx_word' id='word_1_400' title='bbox 476 1428 523 1462; x_wconf 89' lang='lat' dir='ltr'><strong>qui</strong></span> <span class='ocrx_word' id='word_1_401' title='bbox 537 1432 628 1462; x_wconf 87' lang='lat' dir='ltr'><strong>postea</strong></span> <span class='ocrx_word' id='word_1_402' title='bbox 646 1434 710 1455; x_wconf 87' lang='lat' dir='ltr'><strong>sunt</strong></span> <span class='ocrx_word' id='word_1_403' title='bbox 725 1429 881 1463; x_wconf 73' lang='lat' dir='ltr'><strong>excogitati,</strong></span> <span class='ocrx_word' id='word_1_404' title='bbox 904 1437 1000 1463; x_wconf 89' lang='lat' dir='ltr'><strong>super-</strong></span> 
     </span>
    </p>
   </div>
   <div class='ocr_carea' id='block_1_44' title="bbox 204 1472 1000 1508">
    <p class='ocr_par' dir='ltr' id='par_1_44' title="bbox 204 1472 1000 1508">
     <span class='ocr_line' id='line_1_45' title="bbox 204 1472 1000 1508; baseline 0.003 -8"><span class='ocrx_word' id='word_1_405' title='bbox 204 1472 319 1500; x_wconf 76' lang='lat' dir='ltr'><strong>stitiosis</strong></span> <span class='ocrx_word' id='word_1_406' title='bbox 348 1473 498 1500; x_wconf 90' lang='lat' dir='ltr'><strong>honoribus</strong></span> <span class='ocrx_word' id='word_1_407' title='bbox 521 1474 690 1507; x_wconf 87' lang='lat' dir='ltr'><strong>colerentur;</strong></span> <span class='ocrx_word' id='word_1_408' title='bbox 712 1482 766 1501; x_wconf 91' lang='lat' dir='ltr'><strong>non</strong></span> <span class='ocrx_word' id='word_1_409' title='bbox 793 1475 850 1508; x_wconf 81' lang='lat' dir='ltr'><strong>jam</strong></span> <span class='ocrx_word' id='word_1_410' title='bbox 875 1476 1000 1502; x_wconf 89' lang='lat' dir='ltr'><strong>oratione</strong></span> 
     </span>
    </p>
   </div>
   <div class='ocr_carea' id='block_1_45' title="bbox 206 1518 1000 1553">
    <p class='ocr_par' dir='ltr' id='par_1_45' title="bbox 206 1518 1000 1553">
     <span class='ocr_line' id='line_1_46' title="bbox 206 1518 1000 1553; baseline 0.003 -9"><span class='ocrx_word' id='word_1_411' title='bbox 206 1523 310 1551; x_wconf 89' lang='lat' dir='ltr'><strong>nostra,</strong></span> <span class='ocrx_word' id='word_1_412' title='bbox 329 1518 374 1545; x_wconf 88' lang='lat' dir='ltr'><strong>scd</strong></span> <span class='ocrx_word' id='word_1_413' title='bbox 393 1519 545 1545; x_wconf 87' lang='lat' dir='ltr'><strong>domestico</strong></span> <span class='ocrx_word' id='word_1_414' title='bbox 578 1519 719 1553; x_wconf 79' lang='lat' dir='ltr'><strong>gentilium</strong></span> <span class='ocrx_word' id='word_1_415' title='bbox 740 1519 862 1553; x_wconf 88' lang='lat' dir='ltr'><strong>ipsorum</strong></span> <span class='ocrx_word' id='word_1_416' title='bbox 879 1520 1000 1547; x_wconf 88' lang='lat' dir='ltr'><strong>testimo-</strong></span> 
     </span>
    </p>
   </div>
   <div class='ocr_carea' id='block_1_46' title="bbox 206 1563 1000 1601">
    <p class='ocr_par' dir='ltr' id='par_1_46' title="bbox 206 1563 1000 1601">
     <span class='ocr_line' id='line_1_47' title="bbox 206 1563 1000 1601; baseline 0.003 -11"><span class='ocrx_word' id='word_1_417' title='bbox 206 1563 262 1593; x_wconf 88' lang='lat' dir='ltr'><strong>nio.</strong></span> <span class='ocrx_word' id='word_1_418' title='bbox 279 1564 350 1598; x_wconf 88' lang='lat' dir='ltr'><strong>quod</strong></span> <span class='ocrx_word' id='word_1_419' title='bbox 367 1569 470 1591; x_wconf 82' lang='lat' dir='ltr'><strong>certam</strong></span> <span class='ocrx_word' id='word_1_420' title='bbox 495 1572 529 1591; x_wconf 82' lang='lat' dir='ltr'><strong>ex</strong></span> <span class='ocrx_word' id='word_1_421' title='bbox 543 1564 652 1591; x_wconf 84' lang='lat' dir='ltr'><strong>disertis</strong></span> <span class='ocrx_word' id='word_1_422' title='bbox 666 1572 762 1592; x_wconf 88' lang='lat' dir='ltr'><strong>eorutn</strong></span> <span class='ocrx_word' id='word_1_423' title='bbox 773 1566 874 1597; x_wconf 85' lang='lat' dir='ltr'><strong>verbis,</strong></span> <span class='ocrx_word' id='word_1_424' title='bbox 885 1573 1000 1601; x_wconf 69' lang='lat' dir='ltr'><strong>qumque</strong></span> 
     </span>
    </p>
   </div>
   <div class='ocr_carea' id='block_1_47' title="bbox 205 1609 999 1646">
    <p class='ocr_par' dir='ltr' id='par_1_47' title="bbox 205 1609 999 1646">
     <span class='ocr_line' id='line_1_48' title="bbox 205 1609 999 1646; baseline 0.004 -10"><span class='ocrx_word' id='word_1_425' title='bbox 205 1609 347 1636; x_wconf 84' lang='lat' dir='ltr'><strong>citavimus</strong></span> <span class='ocrx_word' id='word_1_426' title='bbox 359 1614 450 1642; x_wconf 80' lang='lat' dir='ltr'><strong>antea,</strong></span> <span class='ocrx_word' id='word_1_427' title='bbox 463 1618 578 1644; x_wconf 81' lang='lat' dir='ltr'><strong>quaeque</strong></span> <span class='ocrx_word' id='word_1_428' title='bbox 592 1611 650 1637; x_wconf 88' lang='lat' dir='ltr'><strong>suis</strong></span> <span class='ocrx_word' id='word_1_429' title='bbox 666 1615 761 1645; x_wconf 86' lang='lat' dir='ltr'><strong>postea</strong></span> <span class='ocrx_word' id='word_1_430' title='bbox 783 1611 850 1638; x_wconf 88' lang='lat' dir='ltr'><strong>locis</strong></span> <span class='ocrx_word' id='word_1_431' title='bbox 870 1611 999 1646; x_wconf 87' lang='lat' dir='ltr'><strong>subjicie-</strong></span> 
     </span>
    </p>
   </div>
   <div class='ocr_carea' id='block_1_48' title="bbox 207 1655 993 1700">
    <p class='ocr_par' dir='ltr' id='par_1_48' title="bbox 207 1655 993 1700">
     <span class='ocr_line' id='line_1_49' title="bbox 207 1655 993 1700; baseline 0.001 -18"><span class='ocrx_word' id='word_1_432' title='bbox 207 1663 279 1688; x_wconf 89' lang='lat' dir='ltr'><strong>mus,</strong></span> <span class='ocrx_word' id='word_1_433' title='bbox 304 1655 493 1690; x_wconf 86' lang='lat' dir='ltr'><strong>probationem</strong></span> <span class='ocrx_word' id='word_1_434' title='bbox 521 1655 688 1690; x_wconf 81' lang='lat' dir='ltr'><strong>suppeditat,</strong></span> <span class='ocrx_word' id='word_1_435' title='bbox 722 1656 802 1690; x_wconf 78' lang='lat' dir='ltr'><strong>plane</strong></span> <span class='ocrx_word' id='word_1_436' title='bbox 822 1657 993 1700; x_wconf 59' lang='lat' dir='ltr'><strong>conficimus.</strong></span> 
     </span>
    </p>
   </div>
   <div class='ocr_carea' id='block_1_49' title="bbox 204 1700 999 1735">
    <p class='ocr_par' dir='ltr' id='par_1_49' title="bbox 204 1700 999 1735">
     <span class='ocr_line' id='line_1_50' title="bbox 204 1700 999 1735; baseline 0.003 -8"><span class='ocrx_word' id='word_1_437' title='bbox 204 1700 364 1735; x_wconf 81' lang='lat' dir='ltr'><strong>Quanquam</strong></span> <span class='ocrx_word' id='word_1_438' title='bbox 373 1701 471 1728; x_wconf 68' lang='lat' dir='ltr'><strong>divina:</strong></span> <span class='ocrx_word' id='word_1_439' title='bbox 483 1701 564 1728; x_wconf 89' lang='lat' dir='ltr'><strong>etiam</strong></span> <span class='ocrx_word' id='word_1_440' title='bbox 580 1701 740 1728; x_wconf 76' lang='lat' dir='ltr'><strong>Christianzu</strong></span> <span class='ocrx_word' id='word_1_441' title='bbox 751 1701 889 1735; x_wconf 78' lang='lat' dir='ltr'><strong>religionis</strong></span> <span class='ocrx_word' id='word_1_442' title='bbox 904 1702 999 1729; x_wconf 71' lang='lat' dir='ltr'><strong>littera:</strong></span> 
     </span>
    </p>
   </div>
   <div class='ocr_carea' id='block_1_50' title="bbox 204 1746 998 1781">
    <p class='ocr_par' dir='ltr' id='par_1_50' title="bbox 204 1746 998 1781">
     <span class='ocr_line' id='line_1_51' title="bbox 204 1746 998 1781; baseline 0.004 -10"><span class='ocrx_word' id='word_1_443' title='bbox 204 1746 255 1773; x_wconf 86' lang='lat' dir='ltr'><strong>hoc</strong></span> <span class='ocrx_word' id='word_1_444' title='bbox 271 1746 358 1781; x_wconf 83' lang='lat' dir='ltr'><strong>ipsum</strong></span> <span class='ocrx_word' id='word_1_445' title='bbox 372 1747 480 1777; x_wconf 84' lang='lat' dir='ltr'><strong>docent,</strong></span> <span class='ocrx_word' id='word_1_446' title='bbox 497 1746 597 1780; x_wconf 90' lang='lat' dir='ltr'><strong>quibus</strong></span> <span class='ocrx_word' id='word_1_447' title='bbox 614 1746 780 1778; x_wconf 89' lang='lat' dir='ltr'><strong>continetur,</strong></span> <span class='ocrx_word' id='word_1_448' title='bbox 796 1747 923 1781; x_wconf 76' lang='lat' dir='ltr'><strong>gentibus</strong></span> <span class='ocrx_word' id='word_1_449' title='bbox 936 1748 998 1781; x_wconf 87' lang='lat' dir='ltr'><strong>qui-</strong></span> 
     </span>
    </p>
   </div>
   <div class='ocr_carea' id='block_1_51' title="bbox 203 1791 999 1826">
    <p class='ocr_par' dir='ltr' id='par_1_51' title="bbox 203 1791 999 1826">
     <span class='ocr_line' id='line_1_52' title="bbox 203 1791 999 1826; baseline 0.001 -8"><span class='ocrx_word' id='word_1_450' title='bbox 203 1791 263 1818; x_wconf 84' lang='lat' dir='ltr'><strong>dem</strong></span> <span class='ocrx_word' id='word_1_451' title='bbox 275 1791 410 1819; x_wconf 85' lang='lat' dir='ltr'><strong>universis</strong></span> <span class='ocrx_word' id='word_1_452' title='bbox 424 1799 600 1826; x_wconf 70' lang='lat' dir='ltr'><strong>eorum,qu;e</strong></span> <span class='ocrx_word' id='word_1_453' title='bbox 614 1792 665 1818; x_wconf 85' lang='lat' dir='ltr'><strong>sub</strong></span> <span class='ocrx_word' id='word_1_454' title='bbox 677 1797 816 1826; x_wconf 84' lang='lat' dir='ltr'><strong>aspectum</strong></span> <span class='ocrx_word' id='word_1_455' title='bbox 835 1793 945 1825; x_wconf 84' lang='lat' dir='ltr'><strong>cadunt,</strong></span> <span class='ocrx_word' id='word_1_456' title='bbox 961 1793 999 1820; x_wconf 89' lang='lat' dir='ltr'><strong>si-</strong></span> 
     </span>
    </p>
   </div>
   <div class='ocr_carea' id='block_1_52' title="bbox 203 1837 995 1871">
    <p class='ocr_par' dir='ltr' id='par_1_52' title="bbox 203 1837 995 1871">
     <span class='ocr_line' id='line_1_53' title="bbox 203 1837 995 1871; baseline 0.001 -7"><span class='ocrx_word' id='word_1_457' title='bbox 203 1837 299 1864; x_wconf 87' lang='lat' dir='ltr'><strong>derum</strong></span> <span class='ocrx_word' id='word_1_458' title='bbox 313 1838 474 1865; x_wconf 87' lang='lat' dir='ltr'><strong>attributum</strong></span> <span class='ocrx_word' id='word_1_459' title='bbox 503 1838 582 1864; x_wconf 89' lang='lat' dir='ltr'><strong>initio</strong></span> <span class='ocrx_word' id='word_1_460' title='bbox 600 1838 703 1864; x_wconf 89' lang='lat' dir='ltr'><strong>cultum</strong></span> <span class='ocrx_word' id='word_1_461' title='bbox 722 1838 816 1871; x_wconf 89' lang='lat' dir='ltr'><strong>fuisse,</strong></span> <span class='ocrx_word' id='word_1_462' title='bbox 845 1838 891 1864; x_wconf 93' lang='lat' dir='ltr'><strong>uni</strong></span> <span class='ocrx_word' id='word_1_463' title='bbox 906 1843 995 1865; x_wconf 87' lang='lat' dir='ltr'><strong>autetu</strong></span> 
     </span>
    </p>
   </div>
   <div class='ocr_carea' id='block_1_53' title="bbox 204 1881 995 1918">
    <p class='ocr_par' dir='ltr' id='par_1_53' title="bbox 204 1881 995 1918">
     <span class='ocr_line' id='line_1_54' title="bbox 204 1881 995 1918; baseline 0.004 -9"><span class='ocrx_word' id='word_1_464' title='bbox 204 1881 317 1911; x_wconf 71' lang='lat' dir='ltr'><strong>Hebraeo</strong></span> <span class='ocrx_word' id='word_1_465' title='bbox 331 1884 432 1918; x_wconf 86' lang='lat' dir='ltr'><strong>populo</strong></span> <span class='ocrx_word' id='word_1_466' title='bbox 453 1883 619 1918; x_wconf 82' lang='lat' dir='ltr'><strong>singularem</strong></span> <span class='ocrx_word' id='word_1_467' title='bbox 641 1884 787 1918; x_wconf 88' lang='lat' dir='ltr'><strong>quamdam</strong></span> <span class='ocrx_word' id='word_1_468' title='bbox 811 1888 838 1912; x_wconf 82' lang='lat' dir='ltr'><strong>et</strong></span> <span class='ocrx_word' id='word_1_469' title='bbox 867 1886 995 1912; x_wconf 81' lang='lat' dir='ltr'><strong>eximiam</strong></span> 
     </span>
    </p>
   </div>
   <div class='ocr_carea' id='block_1_54' title="bbox 203 1928 995 1963">
    <p class='ocr_par' dir='ltr' id='par_1_54' title="bbox 203 1928 995 1963">
     <span class='ocr_line' id='line_1_55' title="bbox 203 1928 995 1963; baseline 0.004 -8"><span class='ocrx_word' id='word_1_470' title='bbox 203 1936 266 1955; x_wconf 86' lang='lat' dir='ltr'><strong>cum</strong></span> <span class='ocrx_word' id='word_1_471' title='bbox 283 1928 365 1962; x_wconf 89' lang='lat' dir='ltr'><strong>hujus</strong></span> <span class='ocrx_word' id='word_1_472' title='bbox 382 1929 502 1955; x_wconf 86' lang='lat' dir='ltr'><strong>universi</strong></span> <span class='ocrx_word' id='word_1_473' title='bbox 515 1929 650 1956; x_wconf 81' lang='lat' dir='ltr'><strong>ell&#39;ectoris</strong></span> <span class='ocrx_word' id='word_1_474' title='bbox 662 1937 694 1956; x_wconf 83' lang='lat' dir='ltr'><strong>ac</strong></span> <span class='ocrx_word' id='word_1_475' title='bbox 708 1930 842 1958; x_wconf 90' lang='lat' dir='ltr'><strong>molitoris</strong></span> <span class='ocrx_word' id='word_1_476' title='bbox 861 1930 917 1963; x_wconf 87' lang='lat' dir='ltr'><strong>Dei,</strong></span> <span class='ocrx_word' id='word_1_477' title='bbox 938 1936 995 1958; x_wconf 91' lang='lat' dir='ltr'><strong>tum</strong></span> 
     </span>
    </p>
   </div>
   <div class='ocr_carea' id='block_1_55' title="bbox 202 1973 995 2011">
    <p class='ocr_par' dir='ltr' id='par_1_55' title="bbox 202 1973 995 2011">
     <span class='ocr_line' id='line_1_56' title="bbox 202 1973 995 2011; baseline 0.005 -12"><span class='ocrx_word' id='word_1_478' title='bbox 202 1973 284 1999; x_wconf 81' lang='lat' dir='ltr'><strong>etiam</strong></span> <span class='ocrx_word' id='word_1_479' title='bbox 298 1981 368 2000; x_wconf 69' lang='lat' dir='ltr'><strong>vera:</strong></span> <span class='ocrx_word' id='word_1_480' title='bbox 379 1974 510 2001; x_wconf 83' lang='lat' dir='ltr'><strong>adversus</strong></span> <span class='ocrx_word' id='word_1_481' title='bbox 521 1982 583 2001; x_wconf 86' lang='lat' dir='ltr'><strong>eum</strong></span> <span class='ocrx_word' id='word_1_482' title='bbox 597 1974 705 2009; x_wconf 85' lang='lat' dir='ltr'><strong>pietatis</strong></span> <span class='ocrx_word' id='word_1_483' title='bbox 721 1975 842 2002; x_wconf 89' lang='lat' dir='ltr'><strong>notitiam</strong></span> <span class='ocrx_word' id='word_1_484' title='bbox 860 1977 995 2011; x_wconf 68' lang='lat' dir='ltr'><strong>praecipuo</strong></span> 
     </span>
    </p>
   </div>
   <div class='ocr_carea' id='block_1_56' title="bbox 203 2019 995 2057">
    <p class='ocr_par' dir='ltr' id='par_1_56' title="bbox 203 2019 995 2057">
     <span class='ocr_line' id='line_1_57' title="bbox 203 2019 995 2057; baseline 0.005 -12"><span class='ocrx_word' id='word_1_485' title='bbox 203 2027 318 2046; x_wconf 85' lang='lat' dir='ltr'><strong>munere</strong></span> <span class='ocrx_word' id='word_1_486' title='bbox 335 2019 520 2054; x_wconf 79' lang='lat' dir='ltr'><strong>beneficioque</strong></span> <span class='ocrx_word' id='word_1_487' title='bbox 539 2027 708 2047; x_wconf 83' lang='lat' dir='ltr'><strong>concessam.</strong></span> <span class='ocrx_word' id='word_1_488' title='bbox 723 2020 813 2053; x_wconf 85' lang='lat' dir='ltr'><strong>Quare</strong></span> <span class='ocrx_word' id='word_1_489' title='bbox 827 2022 898 2048; x_wconf 90' lang='lat' dir='ltr'><strong>nulla</strong></span> <span class='ocrx_word' id='word_1_490' title='bbox 916 2022 995 2057; x_wconf 88' lang='lat' dir='ltr'><strong>plane</strong></span> 
     </span>
    </p>
   </div>
   <div class='ocr_carea' id='block_1_57' title="bbox 203 2066 995 2100">
    <p class='ocr_par' dir='ltr' id='par_1_57' title="bbox 203 2066 995 2100">
     <span class='ocr_line' id='line_1_58' title="bbox 203 2066 995 2100; baseline 0.005 -8"><span class='ocrx_word' id='word_1_491' title='bbox 203 2066 274 2100; x_wconf 90' lang='lat' dir='ltr'><strong>apud</strong></span> <span class='ocrx_word' id='word_1_492' title='bbox 297 2066 504 2099; x_wconf 81' lang='lat' dir='ltr'><strong>antiquissimos</strong></span> <span class='ocrx_word' id='word_1_493' title='bbox 527 2066 649 2093; x_wconf 90' lang='lat' dir='ltr'><strong>homines</strong></span> <span class='ocrx_word' id='word_1_494' title='bbox 675 2067 732 2094; x_wconf 89' lang='lat' dir='ltr'><strong>sive</strong></span> <span class='ocrx_word' id='word_1_495' title='bbox 749 2066 916 2100; x_wconf 62' lang='lat' dir='ltr'><strong>Graecorum,</strong></span> <span class='ocrx_word' id='word_1_496' title='bbox 938 2069 995 2096; x_wconf 82' lang='lat' dir='ltr'><strong>sive</strong></span> 
     </span>
    </p>
   </div>
   <div class='ocr_carea' id='block_1_58' title="bbox 203 2111 993 2146">
    <p class='ocr_par' dir='ltr' id='par_1_58' title="bbox 203 2111 993 2146">
     <span class='ocr_line' id='line_1_59' title="bbox 203 2111 993 2146; baseline 0.005 -9"><span class='ocrx_word' id='word_1_497' title='bbox 203 2111 383 2138; x_wconf 78' lang='lat' dir='ltr'><strong>barbarorum</strong></span> <span class='ocrx_word' id='word_1_498' title='bbox 400 2111 550 2146; x_wconf 67' lang='lat' dir='ltr'><strong>theogoniae</strong></span> <span class='ocrx_word' id='word_1_499' title='bbox 559 2112 670 2144; x_wconf 86' lang='lat' dir='ltr'><strong>mentio,</strong></span> <span class='ocrx_word' id='word_1_500' title='bbox 680 2112 772 2139; x_wconf 89' lang='lat' dir='ltr'><strong>nullus</strong></span> <span class='ocrx_word' id='word_1_501' title='bbox 787 2114 993 2141; x_wconf 86' lang='lat' dir='ltr'><strong>statuendorum</strong></span> 
     </span>
    </p>
   </div>
   <div class='ocr_carea' id='block_1_59' title="bbox 204 2157 993 2192">
    <p class='ocr_par' dir='ltr' id='par_1_59' title="bbox 204 2157 993 2192">
     <span class='ocr_line' id='line_1_60' title="bbox 204 2157 993 2192; baseline 0.005 -9"><span class='ocrx_word' id='word_1_502' title='bbox 204 2157 415 2184; x_wconf 86' lang='lat' dir='ltr'><strong>simulacrorum</strong></span> <span class='ocrx_word' id='word_1_503' title='bbox 426 2165 502 2188; x_wconf 86' lang='lat' dir='ltr'><strong>usus,</strong></span> <span class='ocrx_word' id='word_1_504' title='bbox 514 2157 598 2189; x_wconf 84' lang='lat' dir='ltr'><strong>nulla,</strong></span> <span class='ocrx_word' id='word_1_505' title='bbox 607 2165 669 2192; x_wconf 65' lang='lat' dir='ltr'><strong>quae</strong></span> <span class='ocrx_word' id='word_1_506' title='bbox 681 2159 766 2185; x_wconf 84' lang='lat' dir='ltr'><strong>multa</strong></span> <span class='ocrx_word' id='word_1_507' title='bbox 777 2167 849 2185; x_wconf 91' lang='lat' dir='ltr'><strong>nunc</strong></span> <span class='ocrx_word' id='word_1_508' title='bbox 856 2164 896 2186; x_wconf 89' lang='lat' dir='ltr'><strong>est</strong></span> <span class='ocrx_word' id='word_1_509' title='bbox 905 2160 930 2186; x_wconf 95' lang='lat' dir='ltr'><strong>in</strong></span> <span class='ocrx_word' id='word_1_510' title='bbox 942 2160 993 2187; x_wconf 83' lang='lat' dir='ltr'><strong>ista</strong></span> 
     </span>
    </p>
   </div>
   <div class='ocr_carea' id='block_1_60' title="bbox 202 2202 994 2239">
    <p class='ocr_par' dir='ltr' id='par_1_60' title="bbox 202 2202 994 2239">
     <span class='ocr_line' id='line_1_61' title="bbox 202 2202 994 2239; baseline 0.004 -9"><span class='ocrx_word' id='word_1_511' title='bbox 202 2202 314 2230; x_wconf 87' lang='lat' dir='ltr'><strong>deorum</strong></span> <span class='ocrx_word' id='word_1_512' title='bbox 324 2203 421 2237; x_wconf 87' lang='lat' dir='ltr'><strong>partim</strong></span> <span class='ocrx_word' id='word_1_513' title='bbox 431 2204 657 2237; x_wconf 87' lang='lat' dir='ltr'><strong>marium,partim</strong></span> <span class='ocrx_word' id='word_1_514' title='bbox 668 2203 829 2231; x_wconf 82' lang='lat' dir='ltr'><strong>feminarum</strong></span> <span class='ocrx_word' id='word_1_515' title='bbox 839 2206 994 2239; x_wconf 86' lang='lat' dir='ltr'><strong>appellatio-</strong></span> 
     </span>
    </p>
   </div>
   <div class='ocr_carea' id='block_1_61' title="bbox 203 2248 994 2283">
    <p class='ocr_par' dir='ltr' id='par_1_61' title="bbox 203 2248 994 2283">
     <span class='ocr_line' id='line_1_62' title="bbox 203 2248 994 2283; baseline 0.004 -8"><span class='ocrx_word' id='word_1_516' title='bbox 203 2256 248 2281; x_wconf 83' lang='lat' dir='ltr'><strong>ne,</strong></span> <span class='ocrx_word' id='word_1_517' title='bbox 258 2256 390 2283; x_wconf 85' lang='lat' dir='ltr'><strong>nugarum</strong></span> <span class='ocrx_word' id='word_1_518' title='bbox 402 2250 518 2276; x_wconf 78' lang='lat' dir='ltr'><strong>vanitas.</strong></span> <span class='ocrx_word' id='word_1_519' title='bbox 531 2248 586 2277; x_wconf 86' lang='lat' dir='ltr'><strong>Nec</strong></span> <span class='ocrx_word' id='word_1_520' title='bbox 600 2250 673 2277; x_wconf 89' lang='lat' dir='ltr'><strong>enim</strong></span> <span class='ocrx_word' id='word_1_521' title='bbox 689 2250 761 2278; x_wconf 88' lang='lat' dir='ltr'><strong>illius</strong></span> <span class='ocrx_word' id='word_1_522' title='bbox 776 2251 863 2278; x_wconf 68' lang='lat' dir='ltr'><strong>aetatis</strong></span> <span class='ocrx_word' id='word_1_523' title='bbox 875 2251 994 2279; x_wconf 90' lang='lat' dir='ltr'><strong>homini-</strong></span> 
     </span>
    </p>
   </div>
   <div class='ocr_carea' id='block_1_62' title="bbox 203 2294 994 2331">
    <p class='ocr_par' dir='ltr' id='par_1_62' title="bbox 203 2294 994 2331">
     <span class='ocr_line' id='line_1_63' title="bbox 203 2294 994 2331; baseline 0.004 -11"><span class='ocrx_word' id='word_1_524' title='bbox 203 2294 323 2321; x_wconf 84' lang='lat' dir='ltr'><strong>busnota</strong></span> <span class='ocrx_word' id='word_1_525' title='bbox 331 2298 419 2327; x_wconf 87' lang='lat' dir='ltr'><strong>erant,</strong></span> <span class='ocrx_word' id='word_1_526' title='bbox 428 2302 488 2329; x_wconf 77' lang='lat' dir='ltr'><strong>quae</strong></span> <span class='ocrx_word' id='word_1_527' title='bbox 501 2300 593 2329; x_wconf 87' lang='lat' dir='ltr'><strong>postea</strong></span> <span class='ocrx_word' id='word_1_528' title='bbox 600 2303 632 2322; x_wconf 86' lang='lat' dir='ltr'><strong>ex</strong></span> <span class='ocrx_word' id='word_1_529' title='bbox 641 2296 928 2331; x_wconf 85' lang='lat' dir='ltr'><strong>mortalium-ipsorum</strong></span> <span class='ocrx_word' id='word_1_530' title='bbox 936 2301 994 2323; x_wconf 88' lang='lat' dir='ltr'><strong>tur-</strong></span> 
     </span>
    </p>
   </div>
   <div class='ocr_carea' id='block_1_63' title="bbox 202 2339 994 2377">
    <p class='ocr_par' dir='ltr' id='par_1_63' title="bbox 202 2339 994 2377">
     <span class='ocr_line' id='line_1_64' title="bbox 202 2339 994 2377; baseline 0.004 -12"><span class='ocrx_word' id='word_1_531' title='bbox 202 2339 235 2365; x_wconf 89' lang='lat' dir='ltr'><strong>ba</strong></span> <span class='ocrx_word' id='word_1_532' title='bbox 248 2339 329 2373; x_wconf 86' lang='lat' dir='ltr'><strong>petita</strong></span> <span class='ocrx_word' id='word_1_533' title='bbox 337 2339 507 2373; x_wconf 87' lang='lat' dir='ltr'><strong>confictaque</strong></span> <span class='ocrx_word' id='word_1_534' title='bbox 517 2339 642 2373; x_wconf 90' lang='lat' dir='ltr'><strong>nomina;</strong></span> <span class='ocrx_word' id='word_1_535' title='bbox 654 2340 710 2367; x_wconf 91' lang='lat' dir='ltr'><strong>imo</strong></span> <span class='ocrx_word' id='word_1_536' title='bbox 721 2348 755 2368; x_wconf 91' lang='lat' dir='ltr'><strong>ne</strong></span> <span class='ocrx_word' id='word_1_537' title='bbox 765 2341 920 2368; x_wconf 55' lang='lat' dir='ltr'><strong>diemonum</strong></span> <span class='ocrx_word' id='word_1_538' title='bbox 935 2342 994 2377; x_wconf 84' lang='lat' dir='ltr'><strong>qui-</strong></span> 
     </span>
    </p>
   </div>
   <div class='ocr_carea' id='block_1_64' title="bbox 201 2384 992 2421">
    <p class='ocr_par' dir='ltr' id='par_1_64' title="bbox 201 2384 992 2421">
     <span class='ocr_line' id='line_1_65' title="bbox 201 2384 992 2421; baseline 0.006 -10"><span class='ocrx_word' id='word_1_539' title='bbox 201 2384 262 2411; x_wconf 86' lang='lat' dir='ltr'><strong>dem</strong></span> <span class='ocrx_word' id='word_1_540' title='bbox 274 2385 453 2420; x_wconf 80' lang='lat' dir='ltr'><strong>spirituumve</strong></span> <span class='ocrx_word' id='word_1_541' title='bbox 464 2393 561 2413; x_wconf 83' lang='lat' dir='ltr'><strong>sensus</strong></span> <span class='ocrx_word' id='word_1_542' title='bbox 568 2385 729 2421; x_wconf 76' lang='lat' dir='ltr'><strong>fugientium</strong></span> <span class='ocrx_word' id='word_1_543' title='bbox 737 2387 932 2420; x_wconf 82' lang='lat' dir='ltr'><strong>invocationes,</strong></span> <span class='ocrx_word' id='word_1_544' title='bbox 942 2396 992 2416; x_wconf 91' lang='lat' dir='ltr'><strong>nec</strong></span> 
     </span>
    </p>
   </div>
   <div class='ocr_carea' id='block_1_65' title="bbox 201 2430 992 2466">
    <p class='ocr_par' dir='ltr' id='par_1_65' title="bbox 201 2430 992 2466">
     <span class='ocr_line' id='line_1_66' title="bbox 201 2430 992 2466; baseline 0.005 -9"><span class='ocrx_word' id='word_1_545' title='bbox 201 2430 326 2458; x_wconf 65' lang='lat' dir='ltr'><strong>absurdae</strong></span> <span class='ocrx_word' id='word_1_546' title='bbox 342 2431 494 2466; x_wconf 74' lang='lat' dir='ltr'><strong>ineptmque</strong></span> <span class='ocrx_word' id='word_1_547' title='bbox 507 2431 541 2458; x_wconf 87' lang='lat' dir='ltr'><strong>de</strong></span> <span class='ocrx_word' id='word_1_548' title='bbox 556 2431 608 2459; x_wconf 92' lang='lat' dir='ltr'><strong>diis</strong></span> <span class='ocrx_word' id='word_1_549' title='bbox 622 2436 649 2459; x_wconf 89' lang='lat' dir='ltr'><strong>et</strong></span> <span class='ocrx_word' id='word_1_550' title='bbox 665 2432 795 2460; x_wconf 88' lang='lat' dir='ltr'><strong>heroibus</strong></span> <span class='ocrx_word' id='word_1_551' title='bbox 814 2433 922 2465; x_wconf 61' lang='lat' dir='ltr'><strong>fabulae,</strong></span> <span class='ocrx_word' id='word_1_552' title='bbox 942 2442 992 2462; x_wconf 88' lang='lat' dir='ltr'><strong>nec</strong></span> 
     </span>
    </p>
   </div>
   <div class='ocr_carea' id='block_1_66' title="bbox 201 2476 990 2515">
    <p class='ocr_par' dir='ltr' id='par_1_66' title="bbox 201 2476 990 2515">
     <span class='ocr_line' id='line_1_67' title="bbox 201 2476 990 2515; baseline 0.005 -13"><span class='ocrx_word' id='word_1_553' title='bbox 201 2483 364 2503; x_wconf 82' lang='lat' dir='ltr'><strong>arcanarum</strong></span> <span class='ocrx_word' id='word_1_554' title='bbox 385 2481 413 2504; x_wconf 88' lang='lat' dir='ltr'><strong>et</strong></span> <span class='ocrx_word' id='word_1_555' title='bbox 442 2476 617 2504; x_wconf 83' lang='lat' dir='ltr'><strong>infandarum</strong></span> <span class='ocrx_word' id='word_1_556' title='bbox 640 2478 822 2506; x_wconf 91' lang='lat' dir='ltr'><strong>initiationum</strong></span> <span class='ocrx_word' id='word_1_557' title='bbox 850 2480 990 2515; x_wconf 80' lang='lat' dir='ltr'><strong>mysteria,</strong></span> 
     </span>
    </p>
   </div>
   <div class='ocr_carea' id='block_1_67' title="bbox 201 2522 988 2558">
    <p class='ocr_par' dir='ltr' id='par_1_67' title="bbox 201 2522 988 2558">
     <span class='ocr_line' id='line_1_68' title="bbox 201 2522 988 2558; baseline 0.004 -9"><span class='ocrx_word' id='word_1_558' title='bbox 201 2529 252 2549; x_wconf 81' lang='lat' dir='ltr'><strong>nec</strong></span> <span class='ocrx_word' id='word_1_559' title='bbox 270 2522 356 2549; x_wconf 92' lang='lat' dir='ltr'><strong>ullum</strong></span> <span class='ocrx_word' id='word_1_560' title='bbox 379 2522 492 2550; x_wconf 89' lang='lat' dir='ltr'><strong>omnino</strong></span> <span class='ocrx_word' id='word_1_561' title='bbox 516 2523 676 2557; x_wconf 90' lang='lat' dir='ltr'><strong>multiplicis</strong></span> <span class='ocrx_word' id='word_1_562' title='bbox 697 2531 729 2551; x_wconf 87' lang='lat' dir='ltr'><strong>ac</strong></span> <span class='ocrx_word' id='word_1_563' title='bbox 750 2524 856 2552; x_wconf 74' lang='lat' dir='ltr'><strong>stolidae</strong></span> <span class='ocrx_word' id='word_1_564' title='bbox 883 2532 988 2558; x_wconf 88' lang='lat' dir='ltr'><strong>eorum,</strong></span> 
     </span>
    </p>
   </div>
   <div class='ocr_carea' id='block_1_68' title="bbox 201 2567 991 2604">
    <p class='ocr_par' dir='ltr' id='par_1_68' title="bbox 201 2567 991 2604">
     <span class='ocr_line' id='line_1_69' title="bbox 201 2567 991 2604; baseline 0.003 -9"><span class='ocrx_word' id='word_1_565' title='bbox 201 2567 248 2603; x_wconf 87' lang='lat' dir='ltr'><strong>qui</strong></span> <span class='ocrx_word' id='word_1_566' title='bbox 279 2568 366 2595; x_wconf 86' lang='lat' dir='ltr'><strong>secuti</strong></span> <span class='ocrx_word' id='word_1_567' title='bbox 397 2573 477 2602; x_wconf 86' lang='lat' dir='ltr'><strong>sunt,</strong></span> <span class='ocrx_word' id='word_1_568' title='bbox 506 2568 650 2596; x_wconf 90' lang='lat' dir='ltr'><strong>hominum</strong></span> <span class='ocrx_word' id='word_1_569' title='bbox 674 2569 875 2604; x_wconf 80' lang='lat' dir='ltr'><strong>superstitionis</strong></span> <span class='ocrx_word' id='word_1_570' title='bbox 907 2571 991 2598; x_wconf 88' lang='lat' dir='ltr'><strong>vesti-</strong></span> 
     </span>
    </p>
   </div>
   <div class='ocr_carea' id='block_1_69' title="bbox 201 2612 986 2647">
    <p class='ocr_par' dir='ltr' id='par_1_69' title="bbox 201 2612 986 2647">
     <span class='ocr_line' id='line_1_70' title="bbox 201 2612 986 2647; baseline 0.004 -7"><span class='ocrx_word' id='word_1_571' title='bbox 201 2612 275 2647; x_wconf 70' lang='lat' dir='ltr'><strong>gium</strong></span> <span class='ocrx_word' id='word_1_572' title='bbox 293 2613 464 2640; x_wconf 83' lang='lat' dir='ltr'><strong>cernebatur.</strong></span> <span class='ocrx_word' id='word_1_573' title='bbox 487 2612 556 2641; x_wconf 92' lang='lat' dir='ltr'><strong>Sunt</strong></span> <span class='ocrx_word' id='word_1_574' title='bbox 573 2614 632 2641; x_wconf 67' lang='lat' dir='ltr'><strong>haec</strong></span> <span class='ocrx_word' id='word_1_575' title='bbox 650 2614 781 2641; x_wconf 85' lang='lat' dir='ltr'><strong>nimirum</strong></span> <span class='ocrx_word' id='word_1_576' title='bbox 804 2615 840 2642; x_wconf 88' lang='lat' dir='ltr'><strong>ab</strong></span> <span class='ocrx_word' id='word_1_577' title='bbox 865 2615 986 2643; x_wconf 88' lang='lat' dir='ltr'><strong>homini-</strong></span> 
     </span>
    </p>
   </div>
   <div class='ocr_carea' id='block_1_70' title="bbox 201 2659 991 2694">
    <p class='ocr_par' dir='ltr' id='par_1_70' title="bbox 201 2659 991 2694">
     <span class='ocr_line' id='line_1_71' title="bbox 201 2659 991 2694; baseline 0.005 -9"><span class='ocrx_word' id='word_1_578' title='bbox 201 2659 254 2686; x_wconf 85' lang='lat' dir='ltr'><strong>bus</strong></span> <span class='ocrx_word' id='word_1_579' title='bbox 271 2659 424 2694; x_wconf 80' lang='lat' dir='ltr'><strong>excogitata</strong></span> <span class='ocrx_word' id='word_1_580' title='bbox 450 2665 617 2693; x_wconf 86' lang='lat' dir='ltr'><strong>commenta,</strong></span> <span class='ocrx_word' id='word_1_581' title='bbox 647 2663 712 2687; x_wconf 87' lang='lat' dir='ltr'><strong>sunt</strong></span> <span class='ocrx_word' id='word_1_582' title='bbox 737 2661 862 2688; x_wconf 86' lang='lat' dir='ltr'><strong>mortalis</strong></span> <span class='ocrx_word' id='word_1_583' title='bbox 886 2666 991 2690; x_wconf 66' lang='lat' dir='ltr'><strong>natura:</strong></span> 
     </span>
    </p>
   </div>
   <div class='ocr_carea' id='block_1_71' title="bbox 201 2704 992 2741">
    <p class='ocr_par' dir='ltr' id='par_1_71' title="bbox 201 2704 992 2741">
     <span class='ocr_line' id='line_1_72' title="bbox 201 2704 992 2741; baseline 0.006 -11"><span class='ocrx_word' id='word_1_584' title='bbox 201 2704 335 2736; x_wconf 75' lang='lat' dir='ltr'><strong>notiones,</strong></span> <span class='ocrx_word' id='word_1_585' title='bbox 347 2704 389 2732; x_wconf 84' lang='lat' dir='ltr'><strong>vel</strong></span> <span class='ocrx_word' id='word_1_586' title='bbox 406 2705 496 2739; x_wconf 74' lang='lat' dir='ltr'><strong>potius</strong></span> <span class='ocrx_word' id='word_1_587' title='bbox 509 2706 597 2740; x_wconf 87' lang='lat' dir='ltr'><strong>turpis</strong></span> <span class='ocrx_word' id='word_1_588' title='bbox 616 2713 649 2733; x_wconf 84' lang='lat' dir='ltr'><strong>ac</strong></span> <span class='ocrx_word' id='word_1_589' title='bbox 661 2705 771 2741; x_wconf 74' lang='lat' dir='ltr'><strong>flagitiis</strong></span> <span class='ocrx_word' id='word_1_590' title='bbox 787 2707 905 2735; x_wconf 66' lang='lat' dir='ltr'><strong>perditae</strong></span> <span class='ocrx_word' id='word_1_591' title='bbox 928 2709 992 2735; x_wconf 60' lang='lat' dir='ltr'><strong>vitae</strong></span> 
     </span>
    </p>
   </div>
   <div class='ocr_carea' id='block_1_72' title="bbox 199 2749 1182 2790">
    <p class='ocr_par' dir='ltr' id='par_1_72' title="bbox 199 2749 1182 2790">
     <span class='ocr_line' id='line_1_73' title="bbox 199 2749 1182 2790; baseline 0.009 -14"><span class='ocrx_word' id='word_1_592' title='bbox 199 2754 290 2782; x_wconf 76' lang='lat' dir='ltr'><strong>artes,</strong></span> <span class='ocrx_word' id='word_1_593' title='bbox 309 2749 337 2776; x_wconf 88' lang='lat' dir='ltr'><strong>id</strong></span> <span class='ocrx_word' id='word_1_594' title='bbox 352 2750 425 2784; x_wconf 88' lang='lat' dir='ltr'><strong>quod</strong></span> <span class='ocrx_word' id='word_1_595' title='bbox 437 2750 511 2778; x_wconf 84' lang='lat' dir='ltr'><strong>illius</strong></span> <span class='ocrx_word' id='word_1_596' title='bbox 525 2755 607 2778; x_wconf 79' lang='lat' dir='ltr'><strong>etiam</strong></span> <span class='ocrx_word' id='word_1_597' title='bbox 626 2751 713 2779; x_wconf 85' lang='lat' dir='ltr'><strong>divini</strong></span> <span class='ocrx_word' id='word_1_598' title='bbox 738 2753 842 2779; x_wconf 88' lang='lat' dir='ltr'><strong>oraculi</strong></span> <span class='ocrx_word' id='word_1_599' title='bbox 866 2753 919 2780; x_wconf 84' lang='lat' dir='ltr'><strong>fide</strong></span> <span class='ocrx_word' id='word_1_600' title='bbox 959 2761 1154 2790; x_wconf 84' lang='lat' dir='ltr'><strong>comprooatur</strong></span> <span class='ocrx_word' id='word_1_601' title='bbox 1174 2767 1182 2785; x_wconf 90' lang='lat'>:</span> 
     </span>
    </p>
   </div>
   <div class='ocr_carea' id='block_1_73' title="bbox 1051 1297 1848 1334">
    <p class='ocr_par' dir='ltr' id='par_1_73' title="bbox 1051 1297 1848 1334">
     <span class='ocr_line' id='line_1_74' title="bbox 1051 1297 1848 1334; baseline 0.005 -11"><span class='ocrx_word' id='word_1_602' title='bbox 1051 1297 1138 1324; x_wconf 76' lang='grc' dir='ltr'>ταῦτα</span> <span class='ocrx_word' id='word_1_603' title='bbox 1154 1299 1216 1329; x_wconf 74' lang='grc' dir='ltr'>ταῖς</span> <span class='ocrx_word' id='word_1_604' title='bbox 1231 1298 1274 1324; x_wconf 80' lang='grc' dir='ltr'>διὰ</span> <span class='ocrx_word' id='word_1_605' title='bbox 1296 1297 1373 1330; x_wconf 80' lang='grc' dir='ltr'>ζώων</span> <span class='ocrx_word' id='word_1_606' title='bbox 1394 1298 1511 1330; x_wconf 83' lang='grc' dir='ltr'>θυσίαις,</span> <span class='ocrx_word' id='word_1_607' title='bbox 1525 1299 1571 1325; x_wconf 71' lang='grc' dir='ltr'>καὶ</span> <span class='ocrx_word' id='word_1_608' title='bbox 1587 1301 1648 1330; x_wconf 80' lang='grc' dir='ltr'>ταῖς</span> <span class='ocrx_word' id='word_1_609' title='bbox 1673 1299 1742 1334; x_wconf 82' lang='grc' dir='ltr'>μετὰ</span> <span class='ocrx_word' id='word_1_610' title='bbox 1760 1299 1848 1327; x_wconf 81' lang='grc' dir='ltr'>ταῦτα</span> 
     </span>
    </p>
   </div>
   <div class='ocr_carea' id='block_1_74' title="bbox 1053 1342 1848 1381">
    <p class='ocr_par' dir='ltr' id='par_1_74' title="bbox 1053 1342 1848 1381">
     <span class='ocr_line' id='line_1_75' title="bbox 1053 1342 1848 1381; baseline 0.006 -14"><span class='ocrx_word' id='word_1_611' title='bbox 1053 1342 1272 1377; x_wconf 75' lang='grc' dir='ltr'>περινοηοείσαις</span> <span class='ocrx_word' id='word_1_612' title='bbox 1292 1344 1385 1378; x_wconf 83' lang='grc' dir='ltr'>τιμαῖς</span> <span class='ocrx_word' id='word_1_613' title='bbox 1405 1343 1597 1379; x_wconf 81' lang='grc' dir='ltr'>ἐθρησκεύετο,</span> <span class='ocrx_word' id='word_1_614' title='bbox 1621 1345 1669 1379; x_wconf 79' lang='grc' dir='ltr'><strong>οὐχ</strong></span> <span class='ocrx_word' id='word_1_615' title='bbox 1684 1345 1818 1381; x_wconf 82' lang='grc' dir='ltr'>ἡμέτερος</span> <span class='ocrx_word' id='word_1_616' title='bbox 1834 1347 1848 1372; x_wconf 78' lang='grc'><strong>6</strong></span> 
     </span>
    </p>
   </div>
   <div class='ocr_carea' id='block_1_75' title="bbox 1051 1386 1848 1426">
    <p class='ocr_par' dir='ltr' id='par_1_75' title="bbox 1051 1386 1848 1426">
     <span class='ocr_line' id='line_1_76' title="bbox 1051 1386 1848 1426; baseline 0.008 -14"><span class='ocrx_word' id='word_1_617' title='bbox 1051 1386 1139 1421; x_wconf 80' lang='grc' dir='ltr'>λόγος,</span> <span class='ocrx_word' id='word_1_618' title='bbox 1159 1387 1265 1414; x_wconf 69' lang='grc' dir='ltr'>οἴκοθεν</span> <span class='ocrx_word' id='word_1_619' title='bbox 1280 1388 1309 1414; x_wconf 80' lang='grc' dir='ltr'>δὲ</span> <span class='ocrx_word' id='word_1_620' title='bbox 1331 1389 1378 1414; x_wconf 78' lang='grc' dir='ltr'>καὶ</span> <span class='ocrx_word' id='word_1_621' title='bbox 1394 1389 1422 1421; x_wconf 77' lang='grc' dir='ltr'><strong>ἐξ</strong></span> <span class='ocrx_word' id='word_1_622' title='bbox 1444 1389 1534 1415; x_wconf 77' lang='grc' dir='ltr'>αὐτῶν</span> <span class='ocrx_word' id='word_1_623' title='bbox 1556 1390 1690 1425; x_wconf 83' lang='grc' dir='ltr'>Ἐλλήνων</span> <span class='ocrx_word' id='word_1_624' title='bbox 1711 1391 1728 1425; x_wconf 87' lang='grc' dir='ltr'>ἡ</span> <span class='ocrx_word' id='word_1_625' title='bbox 1743 1399 1848 1426; x_wconf 83' lang='grc' dir='ltr'>μαρτυ-</span> 
     </span>
    </p>
   </div>
   <div class='ocr_carea' id='block_1_76' title="bbox 1052 1432 1847 1468">
    <p class='ocr_par' dir='ltr' id='par_1_76' title="bbox 1052 1432 1847 1468">
     <span class='ocr_line' id='line_1_77' title="bbox 1052 1432 1847 1468; baseline 0.006 -11"><span class='ocrx_word' id='word_1_626' title='bbox 1052 1432 1107 1467; x_wconf 86' lang='grc' dir='ltr'>ρία,</span> <span class='ocrx_word' id='word_1_627' title='bbox 1132 1432 1175 1458; x_wconf 76' lang='grc' dir='ltr'>διὰ</span> <span class='ocrx_word' id='word_1_628' title='bbox 1191 1433 1244 1458; x_wconf 85' lang='grc' dir='ltr'><strong>τῶν</strong></span> <span class='ocrx_word' id='word_1_629' title='bbox 1262 1433 1480 1468; x_wconf 80' lang='grc' dir='ltr'>προτεθειμένων</span> <span class='ocrx_word' id='word_1_630' title='bbox 1503 1434 1610 1468; x_wconf 85' lang='grc' dir='ltr'>φωνῶν,</span> <span class='ocrx_word' id='word_1_631' title='bbox 1631 1435 1679 1461; x_wconf 79' lang='grc' dir='ltr'>καὶ</span> <span class='ocrx_word' id='word_1_632' title='bbox 1700 1435 1754 1462; x_wconf 86' lang='grc' dir='ltr'><strong>τῶν</strong></span> <span class='ocrx_word' id='word_1_633' title='bbox 1770 1433 1847 1468; x_wconf 83' lang='grc' dir='ltr'>αὖθις</span> 
     </span>
    </p>
   </div>
   <div class='ocr_carea' id='block_1_77' title="bbox 1051 1477 1844 1517">
    <p class='ocr_par' dir='ltr' id='par_1_77' title="bbox 1051 1477 1844 1517">
     <span class='ocr_line' id='line_1_78' title="bbox 1051 1477 1844 1517; baseline 0.006 -14"><span class='ocrx_word' id='word_1_634' title='bbox 1051 1477 1114 1512; x_wconf 74' lang='grc' dir='ltr'>ἑξῆς</span> <span class='ocrx_word' id='word_1_635' title='bbox 1130 1478 1396 1513; x_wconf 75' lang='grc' dir='ltr'>παρατεθησομένων</span> <span class='ocrx_word' id='word_1_636' title='bbox 1413 1479 1461 1514; x_wconf 84' lang='grc' dir='ltr'><strong>τὴν</strong></span> <span class='ocrx_word' id='word_1_637' title='bbox 1478 1479 1615 1512; x_wconf 82' lang='grc' dir='ltr'>ἀπόδειξιν</span> <span class='ocrx_word' id='word_1_638' title='bbox 1637 1481 1844 1517; x_wconf 80' lang='grc' dir='ltr'>παρασχομένη.</span> 
     </span>
    </p>
   </div>
   <div class='ocr_carea' id='block_1_78' title="bbox 1051 1523 1843 1560">
    <p class='ocr_par' dir='ltr' id='par_1_78' title="bbox 1051 1523 1843 1560">
     <span class='ocr_line' id='line_1_79' title="bbox 1051 1523 1843 1560; baseline 0.006 -12"><span class='ocrx_word' id='word_1_639' title='bbox 1051 1523 1136 1549; x_wconf 73' lang='grc' dir='ltr'>Τοῦτο</span> <span class='ocrx_word' id='word_1_640' title='bbox 1158 1523 1186 1549; x_wconf 85' lang='grc' dir='ltr'><strong>δέ</strong></span> <span class='ocrx_word' id='word_1_641' title='bbox 1207 1524 1253 1549; x_wconf 72' lang='grc' dir='ltr'><strong>καὶ</strong></span> <span class='ocrx_word' id='word_1_642' title='bbox 1274 1524 1298 1549; x_wconf 80' lang='grc' dir='ltr'>οἱ</span> <span class='ocrx_word' id='word_1_643' title='bbox 1318 1524 1385 1559; x_wconf 76' lang='grc' dir='ltr'>ἱεροὶ</span> <span class='ocrx_word' id='word_1_644' title='bbox 1403 1524 1464 1550; x_wconf 81' lang='grc' dir='ltr'>καθ’</span> <span class='ocrx_word' id='word_1_645' title='bbox 1486 1525 1559 1559; x_wconf 79' lang='grc' dir='ltr'>ἡμᾶς</span> <span class='ocrx_word' id='word_1_646' title='bbox 1581 1525 1735 1551; x_wconf 82' lang='grc' dir='ltr'>διδάσκουσι</span> <span class='ocrx_word' id='word_1_647' title='bbox 1758 1526 1843 1560; x_wconf 80' lang='grc' dir='ltr'>λόγοι,</span> 
     </span>
    </p>
   </div>
   <div class='ocr_carea' id='block_1_79' title="bbox 1051 1568 1844 1607">
    <p class='ocr_par' dir='ltr' id='par_1_79' title="bbox 1051 1568 1844 1607">
     <span class='ocr_line' id='line_1_80' title="bbox 1051 1568 1844 1607; baseline 0.006 -13"><span class='ocrx_word' id='word_1_648' title='bbox 1051 1569 1119 1594; x_wconf 80' lang='grc' dir='ltr'>πᾶσι</span> <span class='ocrx_word' id='word_1_649' title='bbox 1139 1568 1189 1603; x_wconf 85' lang='grc' dir='ltr'>μὲν</span> <span class='ocrx_word' id='word_1_650' title='bbox 1206 1570 1262 1600; x_wconf 86' lang='grc' dir='ltr'>τοῖς</span> <span class='ocrx_word' id='word_1_651' title='bbox 1282 1569 1369 1595; x_wconf 77' lang='grc' dir='ltr'>ἔθνεσι</span> <span class='ocrx_word' id='word_1_652' title='bbox 1389 1570 1419 1596; x_wconf 88' lang='grc' dir='ltr'>τὺ</span> <span class='ocrx_word' id='word_1_653' title='bbox 1435 1570 1576 1605; x_wconf 81' lang='grc' dir='ltr'>καταρχὰς</span> <span class='ocrx_word' id='word_1_654' title='bbox 1597 1570 1647 1606; x_wconf 82' lang='grc' dir='ltr'><strong>τὴν</strong></span> <span class='ocrx_word' id='word_1_655' title='bbox 1661 1570 1715 1597; x_wconf 84' lang='grc' dir='ltr'><strong>τῶν</strong></span> <span class='ocrx_word' id='word_1_656' title='bbox 1739 1571 1844 1607; x_wconf 53' lang='lat' dir='ltr'><strong>aptum.</strong></span> 
     </span>
    </p>
   </div>
   <div class='ocr_carea' id='block_1_80' title="bbox 1051 1615 1844 1652">
    <p class='ocr_par' dir='ltr' id='par_1_80' title="bbox 1051 1615 1844 1652">
     <span class='ocr_line' id='line_1_81' title="bbox 1051 1615 1844 1652; baseline 0.005 -12"><span class='ocrx_word' id='word_1_657' title='bbox 1051 1624 1107 1641; x_wconf 87' lang='grc' dir='ltr'><strong>νων</strong></span> <span class='ocrx_word' id='word_1_658' title='bbox 1136 1616 1229 1650; x_wconf 71' lang='grc' dir='ltr'>φωστή</span> <span class='ocrx_word' id='word_1_659' title='bbox 1235 1625 1288 1651; x_wconf 87' lang='grc' dir='ltr'><strong>ρων</strong></span> <span class='ocrx_word' id='word_1_660' title='bbox 1312 1615 1393 1651; x_wconf 84' lang='grc' dir='ltr'>τιμὴν</span> <span class='ocrx_word' id='word_1_661' title='bbox 1418 1616 1636 1652; x_wconf 81' lang='grc' dir='ltr'>ἁπονενεμῆσϐαι</span> <span class='ocrx_word' id='word_1_662' title='bbox 1662 1617 1844 1652; x_wconf 78' lang='grc' dir='ltr'>περιέχοντες,</span> 
     </span>
    </p>
   </div>
   <div class='ocr_carea' id='block_1_81' title="bbox 1024 1660 1846 1697">
    <p class='ocr_par' dir='ltr' id='par_1_81' title="bbox 1024 1660 1846 1697">
     <span class='ocr_line' id='line_1_82' title="bbox 1024 1660 1846 1697; baseline 0.002 -10"><span class='ocrx_word' id='word_1_663' title='bbox 1024 1684 1025 1687; x_wconf 50' lang='grc' dir='ltr'><strong>η</strong></span> <span class='ocrx_word' id='word_1_664' title='bbox 1051 1660 1125 1695; x_wconf 87' lang='grc' dir='ltr'>μόνῳ</span> <span class='ocrx_word' id='word_1_665' title='bbox 1145 1660 1173 1686; x_wconf 84' lang='grc' dir='ltr'><strong>δέ</strong></span> <span class='ocrx_word' id='word_1_666' title='bbox 1190 1660 1228 1695; x_wconf 82' lang='grc' dir='ltr'><strong>τῷ</strong></span> <span class='ocrx_word' id='word_1_667' title='bbox 1256 1661 1389 1696; x_wconf 79' lang='grc' dir='ltr'>Ἐϐραίων</span> <span class='ocrx_word' id='word_1_668' title='bbox 1412 1661 1486 1695; x_wconf 80' lang='grc' dir='ltr'>γένει</span> <span class='ocrx_word' id='word_1_669' title='bbox 1506 1662 1556 1697; x_wconf 79' lang='grc' dir='ltr'><strong>τὴν</strong></span> <span class='ocrx_word' id='word_1_670' title='bbox 1580 1662 1725 1689; x_wconf 80' lang='grc' dir='ltr'>ἐποπτείαν</span> <span class='ocrx_word' id='word_1_671' title='bbox 1749 1663 1846 1689; x_wconf 80' lang='grc' dir='ltr'>ἀνατε-</span> 
     </span>
    </p>
   </div>
   <div class='ocr_carea' id='block_1_82' title="bbox 1051 1706 1845 1745">
    <p class='ocr_par' dir='ltr' id='par_1_82' title="bbox 1051 1706 1845 1745">
     <span class='ocr_line' id='line_1_83' title="bbox 1051 1706 1845 1745; baseline 0.004 -13"><span class='ocrx_word' id='word_1_672' title='bbox 1051 1706 1154 1732; x_wconf 83' lang='grc' dir='ltr'>θεῖσθαι</span> <span class='ocrx_word' id='word_1_673' title='bbox 1174 1706 1224 1741; x_wconf 78' lang='grc' dir='ltr'>τῆς</span> <span class='ocrx_word' id='word_1_674' title='bbox 1241 1706 1356 1742; x_wconf 78' lang='grc' dir='ltr'>Θεωρίας</span> <span class='ocrx_word' id='word_1_675' title='bbox 1372 1707 1418 1733; x_wconf 75' lang='grc' dir='ltr'>τοῦ</span> <span class='ocrx_word' id='word_1_676' title='bbox 1440 1708 1494 1733; x_wconf 87' lang='grc' dir='ltr'><strong>τῶν</strong></span> <span class='ocrx_word' id='word_1_677' title='bbox 1511 1707 1579 1734; x_wconf 87' lang='grc' dir='ltr'>ὅλων</span> <span class='ocrx_word' id='word_1_678' title='bbox 1597 1708 1709 1743; x_wconf 80' lang='grc' dir='ltr'>ποιητοῦ</span> <span class='ocrx_word' id='word_1_679' title='bbox 1733 1709 1780 1736; x_wconf 74' lang='grc' dir='ltr'>καὶ</span> <span class='ocrx_word' id='word_1_680' title='bbox 1796 1709 1845 1745; x_wconf 87' lang='grc' dir='ltr'><strong>δη-</strong></span> 
     </span>
    </p>
   </div>
   <div class='ocr_carea' id='block_1_83' title="bbox 1052 1752 1845 1789">
    <p class='ocr_par' dir='ltr' id='par_1_83' title="bbox 1052 1752 1845 1789">
     <span class='ocr_line' id='line_1_84' title="bbox 1052 1752 1845 1789; baseline 0.005 -11"><span class='ocrx_word' id='word_1_681' title='bbox 1052 1752 1182 1788; x_wconf 75' lang='grc' dir='ltr'>μιουργοῦ</span> <span class='ocrx_word' id='word_1_682' title='bbox 1199 1753 1277 1785; x_wconf 78' lang='grc' dir='ltr'>Θεοῦ,</span> <span class='ocrx_word' id='word_1_683' title='bbox 1292 1754 1339 1779; x_wconf 77' lang='grc' dir='ltr'><strong>καὶ</strong></span> <span class='ocrx_word' id='word_1_684' title='bbox 1352 1754 1401 1788; x_wconf 81' lang='grc' dir='ltr'>τῆς</span> <span class='ocrx_word' id='word_1_685' title='bbox 1415 1755 1456 1785; x_wconf 83' lang='grc' dir='ltr'><strong>εἰς</strong></span> <span class='ocrx_word' id='word_1_686' title='bbox 1469 1754 1549 1782; x_wconf 73' lang='grc' dir='ltr'>αὐτὸν</span> <span class='ocrx_word' id='word_1_687' title='bbox 1563 1754 1680 1789; x_wconf 76' lang='grc' dir='ltr'>ἀληθοῦς</span> <span class='ocrx_word' id='word_1_688' title='bbox 1692 1756 1845 1788; x_wconf 81' lang='grc' dir='ltr'>εὐσεϐείας.</span> 
     </span>
    </p>
   </div>
   <div class='ocr_carea' id='block_1_84' title="bbox 1050 1796 1845 1838">
    <p class='ocr_par' dir='ltr' id='par_1_84' title="bbox 1050 1796 1845 1838">
     <span class='ocr_line' id='line_1_85' title="bbox 1050 1796 1845 1838; baseline 0.006 -15"><span class='ocrx_word' id='word_1_689' title='bbox 1050 1798 1106 1823; x_wconf 78' lang='grc' dir='ltr'><strong>Οὺκ</strong></span> <span class='ocrx_word' id='word_1_690' title='bbox 1123 1798 1176 1833; x_wconf 84' lang='grc' dir='ltr'>ἄρα</span> <span class='ocrx_word' id='word_1_691' title='bbox 1187 1807 1229 1829; x_wconf 86' lang='grc' dir='ltr'><strong>τις</strong></span> <span class='ocrx_word' id='word_1_692' title='bbox 1245 1796 1278 1833; x_wconf 86' lang='grc' dir='ltr'>ἦν</span> <span class='ocrx_word' id='word_1_693' title='bbox 1296 1798 1436 1833; x_wconf 84' lang='grc' dir='ltr'>θεογονίας</span> <span class='ocrx_word' id='word_1_694' title='bbox 1455 1799 1652 1835; x_wconf 81' lang='grc' dir='ltr'>Ἐλληνικῆς,ἢ</span> <span class='ocrx_word' id='word_1_695' title='bbox 1674 1801 1845 1838; x_wconf 75' lang='grc' dir='ltr'>βαρϐαρικῆς</span> 
     </span>
    </p>
   </div>
   <div class='ocr_carea' id='block_1_85' title="bbox 1048 1844 1844 1882">
    <p class='ocr_par' dir='ltr' id='par_1_85' title="bbox 1048 1844 1844 1882">
     <span class='ocr_line' id='line_1_86' title="bbox 1048 1844 1844 1882; baseline 0.008 -12"><span class='ocrx_word' id='word_1_696' title='bbox 1048 1845 1105 1876; x_wconf 80' lang='grc' dir='ltr'>τοῖς</span> <span class='ocrx_word' id='word_1_697' title='bbox 1122 1844 1300 1877; x_wconf 82' lang='grc' dir='ltr'>παλαιτάτοις</span> <span class='ocrx_word' id='word_1_698' title='bbox 1312 1845 1367 1871; x_wconf 87' lang='grc' dir='ltr'><strong>τῶν</strong></span> <span class='ocrx_word' id='word_1_699' title='bbox 1388 1845 1539 1882; x_wconf 78' lang='grc' dir='ltr'>ἀνθρώπων</span> <span class='ocrx_word' id='word_1_700' title='bbox 1555 1847 1643 1881; x_wconf 87' lang='grc' dir='ltr'>λόγος,</span> <span class='ocrx_word' id='word_1_701' title='bbox 1666 1848 1725 1874; x_wconf 77' lang='grc' dir='ltr'>οὐδὲ</span> <span class='ocrx_word' id='word_1_702' title='bbox 1741 1848 1844 1881; x_wconf 79' lang='grc' dir='ltr'>ξοάνων</span> 
     </span>
    </p>
   </div>
   <div class='ocr_carea' id='block_1_86' title="bbox 1049 1889 1844 1931">
    <p class='ocr_par' dir='ltr' id='par_1_86' title="bbox 1049 1889 1844 1931">
     <span class='ocr_line' id='line_1_87' title="bbox 1049 1889 1844 1931; baseline 0.009 -16"><span class='ocrx_word' id='word_1_703' title='bbox 1049 1889 1163 1925; x_wconf 78' lang='grc' dir='ltr'>ἵδρυσις,</span> <span class='ocrx_word' id='word_1_704' title='bbox 1182 1890 1236 1916; x_wconf 70' lang='grc' dir='ltr'>οὐδ’</span> <span class='ocrx_word' id='word_1_705' title='bbox 1251 1891 1267 1926; x_wconf 84' lang='grc' dir='ltr'>ἡ</span> <span class='ocrx_word' id='word_1_706' title='bbox 1284 1890 1331 1917; x_wconf 82' lang='grc' dir='ltr'>νῦν</span> <span class='ocrx_word' id='word_1_707' title='bbox 1348 1890 1431 1926; x_wconf 83' lang='grc' dir='ltr'>πολλὴ</span> <span class='ocrx_word' id='word_1_708' title='bbox 1446 1891 1564 1927; x_wconf 81' lang='grc' dir='ltr'>φλυαρία</span> <span class='ocrx_word' id='word_1_709' title='bbox 1575 1893 1624 1928; x_wconf 80' lang='grc' dir='ltr'>τῆς</span> <span class='ocrx_word' id='word_1_710' title='bbox 1639 1893 1693 1920; x_wconf 83' lang='grc' dir='ltr'><strong>τῶν</strong></span> <span class='ocrx_word' id='word_1_711' title='bbox 1709 1894 1778 1921; x_wconf 82' lang='grc' dir='ltr'>θεῶν</span> <span class='ocrx_word' id='word_1_712' title='bbox 1794 1895 1844 1931; x_wconf 64' lang='lat' dir='ltr'><strong>ap—</strong></span> 
     </span>
    </p>
   </div>
   <div class='ocr_carea' id='block_1_87' title="bbox 1051 1936 1844 1976">
    <p class='ocr_par' dir='ltr' id='par_1_87' title="bbox 1051 1936 1844 1976">
     <span class='ocr_line' id='line_1_88' title="bbox 1051 1936 1844 1976; baseline 0.006 -14"><span class='ocrx_word' id='word_1_713' title='bbox 1051 1936 1136 1971; x_wconf 77' lang='grc' dir='ltr'>ρένων</span> <span class='ocrx_word' id='word_1_714' title='bbox 1151 1945 1180 1962; x_wconf 89' lang='grc' dir='ltr'><strong>τε</strong></span> <span class='ocrx_word' id='word_1_715' title='bbox 1197 1937 1244 1963; x_wconf 69' lang='grc' dir='ltr'><strong>καὶ</strong></span> <span class='ocrx_word' id='word_1_716' title='bbox 1261 1936 1375 1972; x_wconf 77' lang='grc' dir='ltr'>θηλειῶν</span> <span class='ocrx_word' id='word_1_717' title='bbox 1391 1939 1601 1973; x_wconf 86' lang='grc' dir='ltr'>κατονομασίας.</span> <span class='ocrx_word' id='word_1_718' title='bbox 1620 1940 1652 1965; x_wconf 78' lang='grc' dir='ltr'><strong>Αἱ</strong></span> <span class='ocrx_word' id='word_1_719' title='bbox 1674 1940 1739 1974; x_wconf 87' lang='grc' dir='ltr'>γοῦν</span> <span class='ocrx_word' id='word_1_720' title='bbox 1759 1949 1844 1976; x_wconf 81' lang='grc' dir='ltr'>προσ-</span> 
     </span>
    </p>
   </div>
   <div class='ocr_carea' id='block_1_88' title="bbox 1048 1982 1844 2021">
    <p class='ocr_par' dir='ltr' id='par_1_88' title="bbox 1048 1982 1844 2021">
     <span class='ocr_line' id='line_1_89' title="bbox 1048 1982 1844 2021; baseline 0.006 -13"><span class='ocrx_word' id='word_1_721' title='bbox 1048 1982 1159 2017; x_wconf 82' lang='grc' dir='ltr'>ηγορίαι</span> <span class='ocrx_word' id='word_1_722' title='bbox 1176 1983 1223 2009; x_wconf 79' lang='grc' dir='ltr'>καὶ</span> <span class='ocrx_word' id='word_1_723' title='bbox 1237 1982 1270 2009; x_wconf 83' lang='grc' dir='ltr'>τὰ</span> <span class='ocrx_word' id='word_1_724' title='bbox 1283 1983 1412 2018; x_wconf 85' lang='grc' dir='ltr'>ὀνόματα,</span> <span class='ocrx_word' id='word_1_725' title='bbox 1431 1983 1460 2016; x_wconf 77' lang='grc' dir='ltr'>ἐξ</span> <span class='ocrx_word' id='word_1_726' title='bbox 1473 1983 1623 2020; x_wconf 81' lang='grc' dir='ltr'>ἀνθρώπων</span> <span class='ocrx_word' id='word_1_727' title='bbox 1635 1985 1748 2021; x_wconf 77' lang='grc' dir='ltr'>ὕστερον</span> <span class='ocrx_word' id='word_1_728' title='bbox 1763 1987 1844 2021; x_wconf 84' lang='grc' dir='ltr'>ἐφευ-</span> 
     </span>
    </p>
   </div>
   <div class='ocr_carea' id='block_1_89' title="bbox 1050 2028 1842 2066">
    <p class='ocr_par' dir='ltr' id='par_1_89' title="bbox 1050 2028 1842 2066">
     <span class='ocr_line' id='line_1_90' title="bbox 1050 2028 1842 2066; baseline 0.006 -12"><span class='ocrx_word' id='word_1_729' title='bbox 1050 2028 1166 2063; x_wconf 77' lang='grc' dir='ltr'>ρημένα,</span> <span class='ocrx_word' id='word_1_730' title='bbox 1187 2028 1263 2055; x_wconf 75' lang='grc' dir='ltr'>οὔπω</span> <span class='ocrx_word' id='word_1_731' title='bbox 1284 2029 1346 2055; x_wconf 84' lang='grc' dir='ltr'>τότε</span> <span class='ocrx_word' id='word_1_732' title='bbox 1367 2030 1396 2056; x_wconf 88' lang='grc' dir='ltr'><strong>ἐν</strong></span> <span class='ocrx_word' id='word_1_733' title='bbox 1419 2029 1573 2065; x_wconf 79' lang='grc' dir='ltr'>ἀνθρώποις</span> <span class='ocrx_word' id='word_1_734' title='bbox 1591 2031 1767 2066; x_wconf 82' lang='grc' dir='ltr'>ἐγνωρίζετο·</span> <span class='ocrx_word' id='word_1_735' title='bbox 1784 2031 1842 2059; x_wconf 79' lang='grc' dir='ltr'>ἀλλ’</span> 
     </span>
    </p>
   </div>
   <div class='ocr_carea' id='block_1_90' title="bbox 1049 2073 1840 2112">
    <p class='ocr_par' dir='ltr' id='par_1_90' title="bbox 1049 2073 1840 2112">
     <span class='ocr_line' id='line_1_91' title="bbox 1049 2073 1840 2112; baseline 0.006 -13"><span class='ocrx_word' id='word_1_736' title='bbox 1049 2073 1110 2099; x_wconf 83' lang='grc' dir='ltr'>οὺδέ</span> <span class='ocrx_word' id='word_1_737' title='bbox 1128 2074 1263 2109; x_wconf 81' lang='grc' dir='ltr'>δαιμόνων</span> <span class='ocrx_word' id='word_1_738' title='bbox 1279 2075 1327 2101; x_wconf 84' lang='grc' dir='ltr'>καὶ</span> <span class='ocrx_word' id='word_1_739' title='bbox 1351 2075 1514 2110; x_wconf 79' lang='grc' dir='ltr'>πνευμάτων</span> <span class='ocrx_word' id='word_1_740' title='bbox 1537 2076 1648 2110; x_wconf 75' lang='grc' dir='ltr'>ἀφανῶν</span> <span class='ocrx_word' id='word_1_741' title='bbox 1666 2076 1840 2112; x_wconf 81' lang='grc' dir='ltr'>ἀνακλήσεις,</span> 
     </span>
    </p>
   </div>
   <div class='ocr_carea' id='block_1_91' title="bbox 1047 2119 1842 2156">
    <p class='ocr_par' dir='ltr' id='par_1_91' title="bbox 1047 2119 1842 2156">
     <span class='ocr_line' id='line_1_92' title="bbox 1047 2119 1842 2156; baseline 0.006 -11"><span class='ocrx_word' id='word_1_742' title='bbox 1047 2119 1097 2145; x_wconf 82' lang='grc' dir='ltr'><strong>οὐκ</strong></span> <span class='ocrx_word' id='word_1_743' title='bbox 1112 2119 1221 2146; x_wconf 84' lang='grc' dir='ltr'>ἕκτοποι</span> <span class='ocrx_word' id='word_1_744' title='bbox 1243 2120 1307 2154; x_wconf 78' lang='grc' dir='ltr'>περὶ</span> <span class='ocrx_word' id='word_1_745' title='bbox 1329 2120 1399 2147; x_wconf 83' lang='grc' dir='ltr'>Θεῶν</span> <span class='ocrx_word' id='word_1_746' title='bbox 1414 2122 1461 2148; x_wconf 81' lang='grc' dir='ltr'>καὶ</span> <span class='ocrx_word' id='word_1_747' title='bbox 1478 2120 1576 2156; x_wconf 77' lang='grc' dir='ltr'>ἡρώων</span> <span class='ocrx_word' id='word_1_748' title='bbox 1598 2120 1766 2156; x_wconf 84' lang='grc' dir='ltr'>μυθολογίαι,</span> <span class='ocrx_word' id='word_1_749' title='bbox 1790 2123 1842 2150; x_wconf 87' lang='grc' dir='ltr'><strong>οὐκ</strong></span> 
     </span>
    </p>
   </div>
   <div class='ocr_carea' id='block_1_92' title="bbox 1047 2165 1842 2202">
    <p class='ocr_par' dir='ltr' id='par_1_92' title="bbox 1047 2165 1842 2202">
     <span class='ocr_line' id='line_1_93' title="bbox 1047 2165 1842 2202; baseline 0.004 -11"><span class='ocrx_word' id='word_1_750' title='bbox 1047 2166 1212 2200; x_wconf 75' lang='grc' dir='ltr'>ἀπορρήτων</span> <span class='ocrx_word' id='word_1_751' title='bbox 1228 2165 1344 2193; x_wconf 78' lang='grc' dir='ltr'>τελετῶν</span> <span class='ocrx_word' id='word_1_752' title='bbox 1359 2166 1513 2202; x_wconf 80' lang='grc' dir='ltr'>μυστήρια·</span> <span class='ocrx_word' id='word_1_753' title='bbox 1528 2166 1582 2193; x_wconf 82' lang='grc' dir='ltr'>οὐδ’</span> <span class='ocrx_word' id='word_1_754' title='bbox 1594 2166 1662 2198; x_wconf 82' lang='grc' dir='ltr'>ὅλως</span> <span class='ocrx_word' id='word_1_755' title='bbox 1674 2175 1700 2193; x_wconf 86' lang='grc' dir='ltr'><strong>τι</strong></span> <span class='ocrx_word' id='word_1_756' title='bbox 1715 2167 1765 2202; x_wconf 83' lang='grc' dir='ltr'><strong>τῆς</strong></span> <span class='ocrx_word' id='word_1_757' title='bbox 1779 2167 1842 2194; x_wconf 81' lang='grc' dir='ltr'>πολ-</span> 
     </span>
    </p>
   </div>
   <div class='ocr_carea' id='block_1_93' title="bbox 1047 2210 1842 2247">
    <p class='ocr_par' dir='ltr' id='par_1_93' title="bbox 1047 2210 1842 2247">
     <span class='ocr_line' id='line_1_94' title="bbox 1047 2210 1842 2247; baseline 0.005 -11"><span class='ocrx_word' id='word_1_758' title='bbox 1047 2211 1096 2245; x_wconf 78' lang='grc' dir='ltr'>λῆς</span> <span class='ocrx_word' id='word_1_759' title='bbox 1112 2211 1159 2237; x_wconf 78' lang='grc' dir='ltr'><strong>καὶ</strong></span> <span class='ocrx_word' id='word_1_760' title='bbox 1179 2210 1323 2246; x_wconf 79' lang='grc' dir='ltr'>ἀδολέσχου</span> <span class='ocrx_word' id='word_1_761' title='bbox 1340 2211 1394 2238; x_wconf 83' lang='grc' dir='ltr'><strong>τῶν</strong></span> <span class='ocrx_word' id='word_1_762' title='bbox 1416 2212 1564 2247; x_wconf 81' lang='grc' dir='ltr'>μετέπειτα</span> <span class='ocrx_word' id='word_1_763' title='bbox 1586 2212 1690 2246; x_wconf 75' lang='grc' dir='ltr'>ἀνδρῶν</span> <span class='ocrx_word' id='word_1_764' title='bbox 1713 2213 1842 2240; x_wconf 77' lang='grc' dir='ltr'>δεισιδαι-</span> 
     </span>
    </p>
   </div>
   <div class='ocr_carea' id='block_1_94' title="bbox 1049 2256 1840 2295">
    <p class='ocr_par' dir='ltr' id='par_1_94' title="bbox 1049 2256 1840 2295">
     <span class='ocr_line' id='line_1_95' title="bbox 1049 2256 1840 2295; baseline 0.006 -13"><span class='ocrx_word' id='word_1_765' title='bbox 1049 2256 1154 2291; x_wconf 86' lang='grc' dir='ltr'>μονίας.</span> <span class='ocrx_word' id='word_1_766' title='bbox 1183 2256 1347 2292; x_wconf 78' lang='grc' dir='ltr'>Ἀνθρώπων</span> <span class='ocrx_word' id='word_1_767' title='bbox 1369 2258 1422 2293; x_wconf 79' lang='grc' dir='ltr'>ἄρα</span> <span class='ocrx_word' id='word_1_768' title='bbox 1446 2256 1481 2293; x_wconf 83' lang='grc' dir='ltr'>ἦν</span> <span class='ocrx_word' id='word_1_769' title='bbox 1502 2258 1589 2285; x_wconf 84' lang='grc' dir='ltr'>ταῦτα</span> <span class='ocrx_word' id='word_1_770' title='bbox 1615 2259 1768 2295; x_wconf 75' lang='grc' dir='ltr'>εὑρήματα,</span> <span class='ocrx_word' id='word_1_771' title='bbox 1793 2260 1840 2287; x_wconf 74' lang='grc' dir='ltr'><strong>καὶ</strong></span> 
     </span>
    </p>
   </div>
   <div class='ocr_carea' id='block_1_95' title="bbox 1047 2299 1839 2339">
    <p class='ocr_par' dir='ltr' id='par_1_95' title="bbox 1047 2299 1839 2339">
     <span class='ocr_line' id='line_1_96' title="bbox 1047 2299 1839 2339; baseline 0.008 -13"><span class='ocrx_word' id='word_1_772' title='bbox 1047 2299 1147 2336; x_wconf 81' lang='grc' dir='ltr'>ονητῆς</span> <span class='ocrx_word' id='word_1_773' title='bbox 1159 2300 1266 2335; x_wconf 85' lang='grc' dir='ltr'>φύσεως</span> <span class='ocrx_word' id='word_1_774' title='bbox 1280 2301 1480 2338; x_wconf 84' lang='grc' dir='ltr'>ὰναπλάσματα</span> <span class='ocrx_word' id='word_1_775' title='bbox 1492 2311 1499 2317; x_wconf 92' lang='grc'>·</span> <span class='ocrx_word' id='word_1_776' title='bbox 1518 2303 1617 2338; x_wconf 85' lang='grc' dir='ltr'>μᾶλλον</span> <span class='ocrx_word' id='word_1_777' title='bbox 1635 2303 1664 2330; x_wconf 80' lang='grc' dir='ltr'>δὲ</span> <span class='ocrx_word' id='word_1_778' title='bbox 1676 2304 1784 2339; x_wconf 84' lang='grc' dir='ltr'>τρόπων</span> <span class='ocrx_word' id='word_1_779' title='bbox 1795 2306 1839 2332; x_wconf 71' lang='grc' dir='ltr'><strong>αἱ-</strong></span> 
     </span>
    </p>
   </div>
   <div class='ocr_carea' id='block_1_96' title="bbox 1046 2343 1838 2387">
    <p class='ocr_par' dir='ltr' id='par_1_96' title="bbox 1046 2343 1838 2387">
     <span class='ocr_line' id='line_1_97' title="bbox 1046 2343 1838 2387; baseline 0.01 -18"><span class='ocrx_word' id='word_1_780' title='bbox 1046 2343 1136 2379; x_wconf 71' lang='grc' dir='ltr'>σχρῶν</span> <span class='ocrx_word' id='word_1_781' title='bbox 1157 2345 1204 2371; x_wconf 75' lang='grc' dir='ltr'>καὶ</span> <span class='ocrx_word' id='word_1_782' title='bbox 1224 2344 1381 2373; x_wconf 80' lang='grc' dir='ltr'>ἀκολάστων</span> <span class='ocrx_word' id='word_1_783' title='bbox 1401 2348 1614 2383; x_wconf 81' lang='grc' dir='ltr'>ἐπιτεχνήματα,</span> <span class='ocrx_word' id='word_1_784' title='bbox 1638 2349 1709 2376; x_wconf 84' lang='grc' dir='ltr'>κατὰ</span> <span class='ocrx_word' id='word_1_785' title='bbox 1726 2349 1756 2376; x_wconf 83' lang='grc' dir='ltr'>τὸ</span> <span class='ocrx_word' id='word_1_786' title='bbox 1772 2351 1838 2387; x_wconf 84' lang='grc' dir='ltr'>παρ’</span> 
     </span>
    </p>
   </div>
   <div class='ocr_carea' id='block_1_97' title="bbox 1045 2390 1838 2430">
    <p class='ocr_par' dir='ltr' id='par_1_97' title="bbox 1045 2390 1838 2430">
     <span class='ocr_line' id='line_1_98' title="bbox 1045 2390 1838 2430; baseline 0.008 -14"><span class='ocrx_word' id='word_1_787' title='bbox 1045 2390 1110 2425; x_wconf 86' lang='grc' dir='ltr'>ήμῐν</span> <span class='ocrx_word' id='word_1_788' title='bbox 1123 2390 1192 2417; x_wconf 86' lang='grc' dir='ltr'>θεῖον</span> <span class='ocrx_word' id='word_1_789' title='bbox 1204 2391 1304 2425; x_wconf 88' lang='grc' dir='ltr'>λόγιον,</span> <span class='ocrx_word' id='word_1_790' title='bbox 1321 2392 1352 2419; x_wconf 79' lang='grc' dir='ltr'>τὸ</span> <span class='ocrx_word' id='word_1_791' title='bbox 1367 2392 1471 2427; x_wconf 77' lang='grc' dir='ltr'>φάσκον</span> <span class='ocrx_word' id='word_1_792' title='bbox 1480 2402 1486 2408; x_wconf 92' lang='grc'><strong>·</strong></span> <span class='ocrx_word' id='word_1_793' title='bbox 1506 2404 1515 2419; x_wconf 76' lang='grc' dir='ltr'><strong>ι</strong></span> <span class='ocrx_word' id='word_1_794' title='bbox 1538 2394 1620 2430; x_wconf 82' lang='grc' dir='ltr'><strong>Ἀρχὴ</strong></span> <span class='ocrx_word' id='word_1_795' title='bbox 1633 2395 1771 2430; x_wconf 76' lang='grc' dir='ltr'>πορνείας,</span> <span class='ocrx_word' id='word_1_796' title='bbox 1783 2395 1838 2423; x_wconf 73' lang='grc' dir='ltr'><strong>ἐπι-</strong></span> 
     </span>
    </p>
   </div>
   <div class='ocr_carea' id='block_1_98' title="bbox 1045 2436 1838 2473">
    <p class='ocr_par' dir='ltr' id='par_1_98' title="bbox 1045 2436 1838 2473">
     <span class='ocr_line' id='line_1_99' title="bbox 1045 2436 1838 2473; baseline 0.008 -11"><span class='ocrx_word' id='word_1_797' title='bbox 1045 2444 1103 2462; x_wconf 88' lang='grc' dir='ltr'>νοια</span> <span class='ocrx_word' id='word_1_798' title='bbox 1118 2436 1242 2464; x_wconf 80' lang='grc' dir='ltr'>εἰδώλων.</span> <span class='ocrx_word' id='word_1_799' title='bbox 1267 2447 1276 2464; x_wconf 79' lang='grc' dir='ltr'><strong>ι</strong></span> <span class='ocrx_word' id='word_1_800' title='bbox 1300 2438 1332 2464; x_wconf 84' lang='grc' dir='ltr'><strong>Ἠ</strong></span> <span class='ocrx_word' id='word_1_801' title='bbox 1346 2439 1411 2473; x_wconf 85' lang='grc' dir='ltr'>γοῦν</span> <span class='ocrx_word' id='word_1_802' title='bbox 1427 2439 1482 2466; x_wconf 87' lang='grc' dir='ltr'><strong>τῶν</strong></span> <span class='ocrx_word' id='word_1_803' title='bbox 1504 2439 1589 2467; x_wconf 87' lang='grc' dir='ltr'>ἐθνῶν</span> <span class='ocrx_word' id='word_1_804' title='bbox 1609 2441 1736 2467; x_wconf 80' lang='grc' dir='ltr'>ἁπάντων</span> <span class='ocrx_word' id='word_1_805' title='bbox 1756 2441 1838 2468; x_wconf 64' lang='grc' dir='ltr'>πολύς</span> 
     </span>
    </p>
   </div>
   <div class='ocr_carea' id='block_1_99' title="bbox 1045 2481 1835 2523">
    <p class='ocr_par' dir='ltr' id='par_1_99' title="bbox 1045 2481 1835 2523">
     <span class='ocr_line' id='line_1_100' title="bbox 1045 2481 1835 2523; baseline 0.008 -15"><span class='ocrx_word' id='word_1_806' title='bbox 1045 2481 1105 2514; x_wconf 81' lang='grc' dir='ltr'>θεος</span> <span class='ocrx_word' id='word_1_807' title='bbox 1123 2483 1210 2519; x_wconf 82' lang='grc' dir='ltr'>πλάνη</span> <span class='ocrx_word' id='word_1_808' title='bbox 1228 2486 1343 2520; x_wconf 85' lang='grc' dir='ltr'>μακροῖς</span> <span class='ocrx_word' id='word_1_809' title='bbox 1357 2484 1470 2521; x_wconf 78' lang='grc' dir='ltr'>ὕστερον</span> <span class='ocrx_word' id='word_1_810' title='bbox 1484 2486 1565 2512; x_wconf 86' lang='grc' dir='ltr'>αἰῶσι</span> <span class='ocrx_word' id='word_1_811' title='bbox 1584 2486 1729 2520; x_wconf 74' lang='grc' dir='ltr'>πέφανται,</span> <span class='ocrx_word' id='word_1_812' title='bbox 1750 2487 1835 2523; x_wconf 77' lang='grc' dir='ltr'>ἀρξα-</span> 
     </span>
    </p>
   </div>
   <div class='ocr_carea' id='block_1_100' title="bbox 1046 2528 1836 2566">
    <p class='ocr_par' dir='ltr' id='par_1_100' title="bbox 1046 2528 1836 2566">
     <span class='ocr_line' id='line_1_101' title="bbox 1046 2528 1836 2566; baseline 0.005 -11"><span class='ocrx_word' id='word_1_813' title='bbox 1046 2528 1113 2563; x_wconf 80' lang='grc' dir='ltr'>μένη</span> <span class='ocrx_word' id='word_1_814' title='bbox 1133 2529 1183 2564; x_wconf 81' lang='grc' dir='ltr'>μὲν</span> <span class='ocrx_word' id='word_1_815' title='bbox 1198 2530 1253 2557; x_wconf 81' lang='grc' dir='ltr'><strong>ἀπὸ</strong></span> <span class='ocrx_word' id='word_1_816' title='bbox 1272 2530 1403 2557; x_wconf 80' lang='grc' dir='ltr'>Φοινίκων</span> <span class='ocrx_word' id='word_1_817' title='bbox 1421 2531 1469 2557; x_wconf 79' lang='grc' dir='ltr'><strong>καὶ</strong></span> <span class='ocrx_word' id='word_1_818' title='bbox 1487 2531 1654 2566; x_wconf 71' lang='grc' dir='ltr'>Αἰγυπτίων,</span> <span class='ocrx_word' id='word_1_819' title='bbox 1674 2531 1791 2560; x_wconf 77' lang='grc' dir='ltr'>διαϐᾶσα</span> <span class='ocrx_word' id='word_1_820' title='bbox 1806 2533 1836 2560; x_wconf 80' lang='grc' dir='ltr'>δὲ</span> 
     </span>
    </p>
   </div>
   <div class='ocr_carea' id='block_1_101' title="bbox 1043 2574 1835 2612">
    <p class='ocr_par' dir='ltr' id='par_1_101' title="bbox 1043 2574 1835 2612">
     <span class='ocr_line' id='line_1_102' title="bbox 1043 2574 1835 2612; baseline 0.008 -13"><span class='ocrx_word' id='word_1_821' title='bbox 1043 2574 1076 2600; x_wconf 72' lang='grc' dir='ltr'><strong>ἐκ</strong></span> <span class='ocrx_word' id='word_1_822' title='bbox 1091 2574 1193 2601; x_wconf 80' lang='grc' dir='ltr'>τούτων</span> <span class='ocrx_word' id='word_1_823' title='bbox 1208 2575 1254 2602; x_wconf 80' lang='grc' dir='ltr'><strong>ἐπὶ</strong></span> <span class='ocrx_word' id='word_1_824' title='bbox 1264 2576 1298 2603; x_wconf 82' lang='grc' dir='ltr'>τὰ</span> <span class='ocrx_word' id='word_1_825' title='bbox 1313 2576 1394 2604; x_wconf 82' lang='grc' dir='ltr'>λοιπὰ</span> <span class='ocrx_word' id='word_1_826' title='bbox 1407 2577 1482 2612; x_wconf 82' lang='grc' dir='ltr'>ἔθνη,</span> <span class='ocrx_word' id='word_1_827' title='bbox 1494 2577 1541 2603; x_wconf 77' lang='grc' dir='ltr'>καὶ</span> <span class='ocrx_word' id='word_1_828' title='bbox 1557 2576 1653 2612; x_wconf 82' lang='grc' dir='ltr'>μέχρις</span> <span class='ocrx_word' id='word_1_829' title='bbox 1667 2577 1757 2605; x_wconf 72' lang='grc' dir='ltr'>αὐτῶν</span> <span class='ocrx_word' id='word_1_830' title='bbox 1776 2578 1835 2606; x_wconf 73' lang='grc' dir='ltr'><strong>Ἐλ-</strong></span> 
     </span>
    </p>
   </div>
   <div class='ocr_carea' id='block_1_102' title="bbox 1044 2619 1834 2657">
    <p class='ocr_par' dir='ltr' id='par_1_102' title="bbox 1044 2619 1834 2657">
     <span class='ocr_line' id='line_1_103' title="bbox 1044 2619 1834 2657; baseline 0.008 -11"><span class='ocrx_word' id='word_1_831' title='bbox 1044 2619 1142 2654; x_wconf 83' lang='grc' dir='ltr'>λήνων.</span> <span class='ocrx_word' id='word_1_832' title='bbox 1160 2620 1204 2652; x_wconf 81' lang='grc' dir='ltr'>Ὠς</span> <span class='ocrx_word' id='word_1_833' title='bbox 1218 2621 1265 2648; x_wconf 78' lang='grc' dir='ltr'><strong>καὶ</strong></span> <span class='ocrx_word' id='word_1_834' title='bbox 1278 2622 1358 2649; x_wconf 80' lang='grc' dir='ltr'>τοῦτο</span> <span class='ocrx_word' id='word_1_835' title='bbox 1372 2623 1462 2654; x_wconf 76' lang='grc' dir='ltr'>πάλιν,</span> <span class='ocrx_word' id='word_1_836' title='bbox 1477 2623 1494 2657; x_wconf 82' lang='grc' dir='ltr'><strong>ή</strong></span> <span class='ocrx_word' id='word_1_837' title='bbox 1509 2622 1563 2649; x_wconf 85' lang='grc' dir='ltr'><strong>τῶν</strong></span> <span class='ocrx_word' id='word_1_838' title='bbox 1575 2622 1748 2651; x_wconf 80' lang='grc' dir='ltr'>παλαιτάτων</span> <span class='ocrx_word' id='word_1_839' title='bbox 1761 2625 1834 2652; x_wconf 79' lang='grc' dir='ltr'>ἱστο-</span> 
     </span>
    </p>
   </div>
   <div class='ocr_carea' id='block_1_103' title="bbox 1047 2665 1834 2706">
    <p class='ocr_par' dir='ltr' id='par_1_103' title="bbox 1047 2665 1834 2706">
     <span class='ocr_line' id='line_1_104' title="bbox 1047 2665 1834 2706; baseline 0.009 -15"><span class='ocrx_word' id='word_1_840' title='bbox 1047 2665 1092 2700; x_wconf 86' lang='grc' dir='ltr'><strong>ρία</strong></span> <span class='ocrx_word' id='word_1_841' title='bbox 1109 2666 1229 2701; x_wconf 77' lang='grc' dir='ltr'>κατέχει,</span> <span class='ocrx_word' id='word_1_842' title='bbox 1245 2667 1279 2703; x_wconf 79' lang='grc' dir='ltr'>ἢν</span> <span class='ocrx_word' id='word_1_843' title='bbox 1291 2669 1339 2695; x_wconf 78' lang='grc' dir='ltr'>καὶ</span> <span class='ocrx_word' id='word_1_844' title='bbox 1353 2668 1438 2704; x_wconf 80' lang='grc' dir='ltr'>αὐτὴν</span> <span class='ocrx_word' id='word_1_845' title='bbox 1453 2668 1653 2704; x_wconf 76' lang='grc' dir='ltr'>ἐπισκέψασθαι</span> <span class='ocrx_word' id='word_1_846' title='bbox 1666 2670 1771 2706; x_wconf 76' lang='grc' dir='ltr'>καιρὸς,</span> <span class='ocrx_word' id='word_1_847' title='bbox 1781 2669 1834 2698; x_wconf 78' lang='grc' dir='ltr'><strong>ἀπὺ</strong></span> 
     </span>
    </p>
   </div>
   <div class='ocr_carea' id='block_1_104' title="bbox 1044 2710 1698 2751">
    <p class='ocr_par' dir='ltr' id='par_1_104' title="bbox 1044 2710 1698 2751">
     <span class='ocr_line' id='line_1_105' title="bbox 1044 2710 1698 2751; baseline 0.014 -14"><span class='ocrx_word' id='word_1_848' title='bbox 1044 2710 1099 2738; x_wconf 81' lang='grc' dir='ltr'><strong>τῶν</strong></span> <span class='ocrx_word' id='word_1_849' title='bbox 1114 2712 1274 2740; x_wconf 80' lang='grc' dir='ltr'>Φοινικικῶν</span> <span class='ocrx_word' id='word_1_850' title='bbox 1287 2714 1467 2751; x_wconf 74' lang='grc' dir='ltr'>ἀρξαμένους.</span> <span class='ocrx_word' id='word_1_851' title='bbox 1693 2725 1698 2729; x_wconf 70' lang='grc'>⁴</span> 
     </span>
    </p>
   </div>
   <div class='ocr_carea' id='block_1_105' title="bbox 1206 2759 1830 2799">
    <p class='ocr_par' dir='ltr' id='par_1_105' title="bbox 1206 2759 1830 2799">
     <span class='ocr_line' id='line_1_106' title="bbox 1206 2759 1830 2799; baseline 0.008 -14"><span class='ocrx_word' id='word_1_852' title='bbox 1206 2767 1217 2784; x_wconf 79' lang='lat' dir='ltr'><strong>t</strong></span> <span class='ocrx_word' id='word_1_853' title='bbox 1249 2759 1358 2788; x_wconf 90' lang='lat' dir='ltr'><strong>Initium</strong></span> <span class='ocrx_word' id='word_1_854' title='bbox 1386 2760 1586 2794; x_wconf 87' lang='lat' dir='ltr'><strong>fornicationis,</strong></span> <span class='ocrx_word' id='word_1_855' title='bbox 1607 2763 1754 2799; x_wconf 81' lang='lat' dir='ltr'><strong>exquisitio</strong></span> <span class='ocrx_word' id='word_1_856' title='bbox 1778 2761 1830 2790; x_wconf 93' lang='lat' dir='ltr'><strong>do-</strong></span> 
     </span>
    </p>
   </div>
   <div class='ocr_carea' id='block_1_106' title="bbox 200 2798 1830 2846">
    <p class='ocr_par' dir='ltr' id='par_1_106' title="bbox 200 2798 1830 2846">
     <span class='ocr_line' id='line_1_107' title="bbox 200 2798 1830 2846; baseline 0.008 -20"><span class='ocrx_word' id='word_1_857' title='bbox 200 2798 291 2826; x_wconf 89' lang='lat' dir='ltr'><strong>lorum</strong></span> <span class='ocrx_word' id='word_1_858' title='bbox 310 2798 343 2825; x_wconf 82' lang='lat'><strong>&quot;.</strong></span> <span class='ocrx_word' id='word_1_859' title='bbox 371 2807 381 2824; x_wconf 84' lang='grc'><strong><em>›</em></strong></span> <span class='ocrx_word' id='word_1_860' title='bbox 400 2798 507 2826; x_wconf 77' lang='lat' dir='ltr'><strong>Maneat</strong></span> <span class='ocrx_word' id='word_1_861' title='bbox 525 2800 608 2836; x_wconf 77' lang='lat' dir='ltr'><strong>igitur</strong></span> <span class='ocrx_word' id='word_1_862' title='bbox 627 2807 699 2828; x_wconf 87' lang='lat' dir='ltr'><strong>nunc</strong></span> <span class='ocrx_word' id='word_1_863' title='bbox 718 2801 842 2828; x_wconf 86' lang='lat' dir='ltr'><strong>omnium</strong></span> <span class='ocrx_word' id='word_1_864' title='bbox 864 2802 984 2840; x_wconf 76' lang='lat' dir='ltr'><strong>gentium</strong></span> <span class='ocrx_word' id='word_1_865' title='bbox 1004 2803 1038 2830; x_wconf 88' lang='lat' dir='ltr'><strong>de</strong></span> <span class='ocrx_word' id='word_1_866' title='bbox 1056 2805 1229 2834; x_wconf 87' lang='lat' dir='ltr'><strong>multitudine</strong></span> <span class='ocrx_word' id='word_1_867' title='bbox 1254 2807 1365 2835; x_wconf 86' lang='lat' dir='ltr'><strong>deorum</strong></span> <span class='ocrx_word' id='word_1_868' title='bbox 1383 2816 1501 2837; x_wconf 88' lang='lat' dir='ltr'><strong>errorem</strong></span> <span class='ocrx_word' id='word_1_869' title='bbox 1514 2810 1622 2838; x_wconf 90' lang='lat' dir='ltr'><strong>nonnisi</strong></span> <span class='ocrx_word' id='word_1_870' title='bbox 1648 2798 1709 2846; x_wconf 80' lang='lat' dir='ltr'><strong>post</strong></span> <span class='ocrx_word' id='word_1_871' title='bbox 1723 2811 1830 2846; x_wconf 69' lang='lat' dir='ltr'><strong>tangam</strong></span> 
     </span>
    </p>
   </div>
   <div class='ocr_carea' id='block_1_107' title="bbox 201 2846 1829 2891">
    <p class='ocr_par' dir='ltr' id='par_1_107' title="bbox 201 2846 1829 2891">
     <span class='ocr_line' id='line_1_108' title="bbox 201 2846 1829 2891; baseline 0.006 -17"><span class='ocrx_word' id='word_1_872' title='bbox 201 2850 312 2874; x_wconf 71' lang='lat' dir='ltr'><strong>aetatum</strong></span> <span class='ocrx_word' id='word_1_873' title='bbox 321 2846 419 2873; x_wconf 83' lang='lat' dir='ltr'><strong>seriem</strong></span> <span class='ocrx_word' id='word_1_874' title='bbox 433 2846 579 2882; x_wconf 80' lang='lat' dir='ltr'><strong>exstitisse,</strong></span> <span class='ocrx_word' id='word_1_875' title='bbox 593 2847 641 2883; x_wconf 91' lang='lat' dir='ltr'><strong>qui</strong></span> <span class='ocrx_word' id='word_1_876' title='bbox 655 2854 718 2876; x_wconf 87' lang='lat' dir='ltr'><strong>cum</strong></span> <span class='ocrx_word' id='word_1_877' title='bbox 734 2854 750 2875; x_wconf 69' lang='grc' dir='ltr'><strong>ει</strong></span> <span class='ocrx_word' id='word_1_878' title='bbox 763 2847 941 2878; x_wconf 73' lang='lat' dir='ltr'><strong>Phrenicibtts</strong></span> <span class='ocrx_word' id='word_1_879' title='bbox 973 2853 1001 2878; x_wconf 88' lang='lat' dir='ltr'><strong>et</strong></span> <span class='ocrx_word' id='word_1_880' title='bbox 1014 2849 1151 2887; x_wconf 66' lang='lat' dir='ltr'><strong>Egyptiis</strong></span> <span class='ocrx_word' id='word_1_881' title='bbox 1187 2852 1294 2882; x_wconf 87' lang='lat' dir='ltr'><strong>initium</strong></span> <span class='ocrx_word' id='word_1_882' title='bbox 1311 2854 1462 2891; x_wconf 79' lang='lat' dir='ltr'><strong>habuisset,</strong></span> <span class='ocrx_word' id='word_1_883' title='bbox 1477 2856 1511 2885; x_wconf 82' lang='lat' dir='ltr'><strong>ab</strong></span> <span class='ocrx_word' id='word_1_884' title='bbox 1527 2856 1560 2884; x_wconf 86' lang='lat' dir='ltr'><strong>iis</strong></span> <span class='ocrx_word' id='word_1_885' title='bbox 1577 2856 1604 2884; x_wconf 93' lang='lat' dir='ltr'><strong>in</strong></span> <span class='ocrx_word' id='word_1_886' title='bbox 1623 2856 1739 2891; x_wconf 86' lang='lat' dir='ltr'><strong>reliquas</strong></span> <span class='ocrx_word' id='word_1_887' title='bbox 1753 2860 1829 2891; x_wconf 57' lang='lat' dir='ltr'><strong>posk</strong></span> 
     </span>
    </p>
   </div>
   <div class='ocr_carea' id='block_1_108' title="bbox 239 2929 478 2965">
    <p class='ocr_par' dir='ltr' id='par_1_108' title="bbox 239 2929 478 2965">
     <span class='ocr_line' id='line_1_109' title="bbox 239 2929 478 2965; baseline 0 -9"><span class='ocrx_word' id='word_1_888' title='bbox 239 2930 262 2946; x_wconf 83' lang='lat'>“</span> <span class='ocrx_word' id='word_1_889' title='bbox 280 2929 343 2965; x_wconf 84' lang='lat' dir='ltr'><strong>Sap.</strong></span> <span class='ocrx_word' id='word_1_890' title='bbox 360 2938 416 2964; x_wconf 76' lang='lat' dir='ltr'><strong>xtv,</strong></span> <span class='ocrx_word' id='word_1_891' title='bbox 436 2929 478 2956; x_wconf 73' lang='grc'><strong>12.</strong></span> 
     </span>
    </p>
   </div>
  </div>
