4154 6416
453 421 516 473 7i
703 429 710 434 ‘
1123 416 1395 474 EUSEBH
1444 411 1924 472 CESARlE-NSIS
1963 412 2113 467 OPP.
2155 410 2336 466 PARS
2367 410 2429 465 11.
2456 442 2524 451 -
2562 411 3065 467 APOLOGETlCA.
3629 413 3706 470 72

452 545 674 587 mnuum
709 530 958 586 nationes
987 531 1053 586 ad
1085 531 1233 600 ipsos
1270 545 1444 600 usque
1475 528 1692 584 Graecos
1751 545 1811 583 se
1848 527 2181 599 propagarit.
2252 525 2427 594 Atque
2469 525 2521 579 id
2567 525 2743 593 ipsum
2793 536 3048 594 przeterea
3103 526 3482 581 vetustissima!
3535 526 3708 582 histo-

451 643 549 682 ria:
639 637 994 683 monumenta
1071 628 1368 692 declarant,
1446 641 1611 696 quam
1668 626 1857 695 utique
1906 638 2018 693 jam
2069 631 2284 692 tempus
2337 629 2421 675 est
2480 619 2644 674 ducto
2701 620 2771 675 ab
2828 619 3123 676 Phteniciis
3213 621 3390 687 initio,
3487 620 3714 692 propius

453 723 677 778 intueri.

531 907 640 962 Res
676 915 858 961 autem
900 905 1030 960 istas
1083 902 1494 957 Sanchuniatho
1549 902 1773 972 quidam
1831 914 2037 955 memo—
2065 905 2112 962 Α

453 1001 553 1055 riae
615 998 889 1068 prodidit,
943 996 1024 1050 vir
1085 994 1522 1063 antiquissimus,
1580 1008 1854 1063 quemque
1908 1002 2034 1047 ante

459 1091 695 1159 Trojana
744 1097 983 1158 tempora
1045 1085 1320 1149 ﬂoruisse,
1365 1099 1690 1154 summaque
1741 1099 1867 1139 cum
1912 1084 2034 1139 dili-

458 1183 671 1255 gentiae,
718 1189 830 1234 tum
879 1177 1126 1232 veritatis
1170 1177 1330 1233 laude
1381 1175 1705 1231 thnicum
1750 1175 2034 1230 historiam

460 1273 743 1342 scripsisse
766 1278 1053 1324 testantur.
1094 1267 1269 1338 Hujus
1297 1282 1462 1337 opera
1490 1267 1673 1322 omnia
1700 1265 1877 1330 Philo,
1924 1280 2034 1320 non

460 1361 716 1417 llebraaus
761 1359 888 1425 ille,
935 1358 1030 1414 sed
1068 1356 1290 1430 Byblius
1322 1373 1389 1412 ex
1427 1355 1748 1412 thnicum
1782 1356 2037 1412 idiomate

459 1455 699 1509 Graecam
721 1452 777 1506 in
834 1451 1077 1522 linguam
1131 1464 1396 1504 conversa
1452 1449 1714 1519 vulgavit.
1778 1447 2036 1518 Ejusdem

459 1560 675 1617 quoque
723 1545 828 1616 31
864 1542 1130 1608 meminit,
1171 1542 1218 1596 is
1252 1541 1343 1610 qui
1377 1550 1564 1595 nostra
1600 1540 1862 1596 memoria
1898 1556 2036 1610 opus

459 1637 588 1691 illud
617 1637 908 1691 adversum
951 1648 1052 1688 nos
1079 1633 1375 1687 mendaciis
1407 1630 1801 1701 fraudibusque
1826 1641 2034 1687 textum

457 1726 877 1793 consarcinavit,
906 1725 1034 1780 dum
1075 1724 1211 1778 libro
1235 1733 1428 1792 quarto
1451 1723 1629 1793 ipsum
1673 1723 1838 1793 hujus
1882 1723 2036 1777 testi-

457 1818 625 1872 monii
644 1816 729 1871 sui
752 1814 1132 1886 pradicatione
1157 1811 1521 1868 commendat.
1545 1831 1564 1863 ι
1587 1811 1810 1875 Rerum,
1840 1811 2033 1881 inquit,

389 1979 403 1987 ί
461 1908 527 1963 ad
551 1906 766 1963 Judzcos
792 1906 1174 1978 pertinentium
1201 1903 1485 1959 historiam
1507 1902 1920 1958 Sanchuniatho
1943 1901 2038 1956 Be-

461 2002 636 2074 rytius
674 2014 888 2056 summa
930 1999 1033 2053 (ide
1077 1997 1440 2066 conscripsit;
1492 1995 1692 2066 quippe
1737 2010 1859 2066 quae
1909 2009 2034 2049 cum

463 2107 653 2148 eorum
703 2091 838 2146 locis
867 2098 1029 2160 atque
1061 2088 1377 2143 nominibus
1425 2088 1669 2158 apprime
1714 2086 2035 2149 consentiat,

464 2201 589 2242 cum
615 2184 885 2254 prmeipua
915 2197 1098 2236 rerum
1126 2181 1341 2234 illarum
1377 2181 1555 2250 capita
1587 2179 1656 2233 ab
1691 2176 2038 2233 Ilierombalo

465 2277 704 2348 quodam
745 2275 854 2330 levi
892 2274 988 2329 Dei
1034 2272 1315 2329 sacerdote
1366 2273 1684 2342 accepisset.
1730 2269 1845 2326 Hoc
1894 2270 2038 2326 illius
2071 2262 2112 2317 Β

467 2384 606 2438 Opus
639 2367 873 2422 Abibalo
902 2364 1015 2436 regi
1044 2362 1386 2435 Berytiorum
1417 2362 1747 2427 dedicatum,
1779 2376 1887 2415 non
1917 2375 2037 2415 mo-

466 2462 538 2514 do
578 2473 694 2524 rex,
729 2456 822 2512 sed
855 2455 1019 2512 etiam
1056 2455 1093 2509 ii
1126 2469 1361 2525 quorum
1403 2453 1544 2524 apud
1588 2454 1765 2521 ipsum
1813 2462 1932 2508 erat
1975 2455 2040 2508 de

469 2551 794 2620 scriptorum
837 2549 1063 2603 veritate
1111 2561 1458 2618 cognoscere,
1503 2561 1692 2602 omnes
1720 2547 2041 2616 comproba-

470 2648 616 2692 runt.
652 2639 831 2705 Atque
855 2637 1083 2692 istorum
1116 2635 1335 2706 quidem
1365 2644 1518 2701 aetas,
1554 2634 1808 2704 Trojanis
1834 2647 2041 2706 tempo-

473 2729 623 2783 ribus
645 2729 942 2798 antiquior,
973 2727 1220 2798 proxime
1250 2727 1316 2780 ad
1338 2725 1577 2798 Moysem
1610 2727 1786 2796 ipsum
1811 2729 2038 2795 accedit,

469 2831 527 2875 nt
557 2838 621 2875 ex
653 2819 947 2876 thnicia:
971 2835 1157 2890 regum
1207 2820 1346 2875 serie
1383 2819 1564 2890 quivis
1601 2819 1816 2876 auferre
1843 2829 2039 2891 potest.

470 2911 567 2966 llic
589 2912 751 2980 igitur
788 2909 1220 2976 Sanchuniatho,
1247 2910 1341 2979 qui
1373 2907 1651 2965 thnicia
1678 2911 1862 2981 lingua
1895 2920 2043 2966 vete-

470 3020 581 3058 rem
615 3001 901 3058 historiam
925 3002 1125 3072 partim
1157 3016 1224 3057 ex
1251 3000 1588 3070 singularum
1634 3000 1846 3054 urbium
1881 3001 2041 3064 actis,

467 3101 664 3170 partim
707 3113 776 3152 ex
809 3096 1138 3167 templorum
1189 3095 1545 3150 monimentis
1599 3103 2040 3163 coagmentatam

472 3187 734 3257 singulari
773 3185 1020 3240 veritatis
1058 3185 1240 3240 studio
1271 3185 1608 3255 perscripsit,
1641 3184 2000 3240 Semiramide
2025 3224 2042 3246 .

469 3296 633 3350 quam
658 3279 838 3334 iliacis
881 3277 1216 3347 temporibus
1247 3278 1329 3332 vel
1363 3278 1724 3347 antiquiorem
1751 3280 1834 3334 vel
1855 3295 2043 3350 aequa-

468 3372 576 3426 lem
595 3370 764 3426 fuisse
792 3379 1113 3435 memorant,
1139 3369 1280 3438 apud
1307 3369 1560 3440 Assyrios
1580 3380 1859 3441 regnante,
1889 3373 2043 3427 vixit.

470 3465 724 3536 Ejusdem
749 3481 912 3534 porro
936 3463 1433 3518 Sanchuniathonis
1455 3477 1621 3533 opera
1648 3463 1804 3518 Philo
1827 3441 2046 3533 Byblius

473 3555 666 3612 Graeco
717 3567 970 3610 sermone
1012 3552 1252 3608 donavit.
1283 3570 1302 3604 ι
1332 3550 1458 3607 Ηωο
1497 3553 1606 3620 ille,
1642 3554 1844 3624 quibus
1888 3555 2047 3610 istius

473 3646 712 3716 theologi
740 3661 864 3701 cum
887 3645 943 3698 in
977 3644 1264 3700 scribendo
1285 3645 1592 3710 veritatem,
1619 3653 1732 3698 tum
1758 3645 1920 3700 etiam
1953 3662 2046 3700 ve-

474 3747 731 3794 tustatem
771 3737 926 3792 nobis
969 3745 1220 3793 testatam
1253 3736 1492 3806 reliquit.
1533 3734 1732 3790 Verum
1773 3736 1828 3789 in
1864 3737 2044 3806 cperis

475 3829 711 3898 suscepti
739 3842 1030 3898 progressu
1063 3841 1172 3880 non
1198 3825 1314 3893 jam
1340 3823 1509 3878 Deum
1537 3824 1774 3878 universi
1797 3825 2046 3878 modera-

478 3929 672 3985 torem,
699 3918 810 3973 imo
835 3933 903 3973 ne
925 3918 1047 3973 (ια)ιὶ
1075 3917 1292 3987 quidem
1315 3916 1543 3981 incolas,
1576 3917 1669 3971 sed
1697 3917 1845 3971 viros
1884 3930 2048 3985 quos-

476 4011 600 4066 dam
627 4027 693 4068 ac
721 4010 1071 4066 mulierculas
1107 4009 1268 4064 morti
1293 4009 1576 4075 obnoxios,
1608 4023 1812 4078 eosque
1849 4023 1956 4061 non
1981 4021 2046 4061 ea

477 4120 690 4159 morum
734 4105 1042 4169 honestate,
1072 4112 1132 4157 ut
1169 4110 1388 4172 propter
1429 4101 1679 4156 virtutem
1731 4101 1935 4171 suscipi
1983 4115 2048 4154 ac

475 4195 695 4266 probari
736 4205 1070 4260 mereantur,
1097 4203 1192 4249 aut
1220 4209 1284 4249 ea
1322 4193 1580 4262 praditos
1609 4193 1896 4261 sapientia,
1925 4207 2049 4262 qua:

473 4306 574 4346 nos
604 4289 670 4344 ad
693 4290 933 4360 ipsorum
967 4287 1368 4343 aemulationem
1402 4287 1614 4350 invitet,
1654 4287 1749 4340 sed
1791 4286 2048 4340 omnibus

473 4380 691 4451 ﬂagitiis
720 4394 783 4435 ac
811 4379 1109 4434 sceleribus
1142 4387 1428 4448 coopertos
1457 4376 1619 4431 nobis
1667 4392 1768 4447 pro
1797 4377 1905 4430 diis
1950 4380 2051 4431 ob-

475 4474 663 4538 trudit,
692 4487 756 4526 ae
794 4471 955 4526 simul
988 4487 1082 4527 eos
1132 4471 1279 4540 ipsos
1313 4484 1432 4524 esse
1470 4470 1779 4532 conﬁrmat,
1811 4469 1904 4538 qui
1931 4484 2053 4538 pas-

473 4567 577 4622 sim
603 4565 902 4620 etiamnum
931 4563 1188 4617 omnibus
1217 4563 1273 4616 in
1301 4562 1514 4632 oppidis
1534 4570 1698 4630 atque
1740 4560 2051 4630 regionibus

473 4658 702 4713 deorum
739 4656 861 4710 loco
899 4654 1262 4710 celebrantur.
1292 4652 1534 4719 Quarum
1573 4663 1631 4707 tu
1652 4667 1835 4707 rerum
1871 4661 2051 4706 certas

472 4749 635 4802 etiam
670 4757 724 4803 et
747 4763 813 4802 ex
847 4747 1066 4801 illorum
1097 4745 1314 4816 scriptis
1343 4745 1692 4814 depromptas
1716 4743 1900 4812 accipe
1924 4758 2051 4812 pro-

473 4836 742 4893 bationes.
777 4835 935 4889 Philo
983 4833 1167 4904 igitur,
1221 4833 1315 4904 qui
1358 4831 1860 4887 Sanchuniathonis
1913 4845 2052 4900 opus

2221 915 2445 984 Ἱστορεῖ
2493 913 2550 965 δὲ
2603 910 2775 964 ταῦτα
2815 907 3245 980 Σαγχουνιάθων,
3310 907 3448 978 ἀνὴρ
3511 907 3706 962 παλαὶ-

2133 1026 2313 1073 τατος,
2363 1009 2458 1060 καὶ
2502 1006 2610 1059 τῶν
2661 1003 2922 1076 Τρωῖκῶν
2973 1004 3198 1074 χρόνων,
3255 1001 3330 1065 ὦς
3383 1019 3535 1071 φασι,
3582 1019 3712 1073 πρε-

2137 1099 2414 1169 σϐύτερος,
2451 1098 2510 1150 ὃν
2540 1097 2633 1150 καὶ
2662 1097 2748 1148 ἐπ’
2779 1093 3034 1166 ἀκριϐείᾳ
3067 1096 3161 1147 καὶ
3193 1093 3420 1164 ἀληθείᾳ
3445 1093 3544 1163 τῆς
3590 1093 3714 1145 Φοι-

2135 1189 2349 1259 νικικῆς
2406 1188 2648 1260 ἱστορίας
2699 1185 3061 1255 ἀποδειχθῆναι
3125 1183 3484 1255 μαρτυροῦσι.
3541 1182 3715 1236 Φίλων

2134 1281 2192 1335 δὲ
2234 1279 2424 1333 τούτου
2479 1280 2660 1332 πᾶσαν
2697 1277 2797 1348 τὴν
2844 1275 3188 1347 συγγραφὴν,
3237 1276 3266 1326 6
3309 1274 3563 1338 Βύϐλιος,
3617 1274 3716 1344 οὐχ

2135 1375 2171 1442 ὁι
2205 1373 2474 1444 Ἐϐραῖος,
2537 1369 2852 1441 μεταϐαλὼν
2907 1368 3016 1421 ἀπὸ
3073 1368 3171 1437 τῆς
3226 1367 3486 1420 Φοινίκων
3541 1365 3717 1434 γλώσ-

2139 1483 2238 1537 σης
2300 1467 2392 1518 ἐπὶ
2444 1464 2541 1534 τὴν
2591 1461 2818 1515 Ἐλλάδα
2857 1459 3061 1530 φωνην,
3119 1457 3369 1522 ἐξέδωκε.
3427 1456 3714 1527 Μέμνηται

2133 1556 2338 1608 τούτων
2395 1557 2423 1608 6
2461 1553 2582 1608 καθ’
2644 1555 2794 1622 ἡμᾶς
2846 1553 2944 1623 τὴν
3000 1550 3120 1605 καθ’
3161 1550 3314 1620 ἡμῶν
3353 1549 3717 1619 πεποιημένος

2138 1646 2429 1718 συσκευὴν,
2456 1647 2514 1699 ἐν
2541 1645 2785 1714 τετάρτῳ
2804 1644 2900 1713 τῆς
2930 1642 3065 1714 πρὸς
3089 1644 3236 1712 ἡμᾶς
3265 1639 3593 1705 ὑποθέσεως,
3615 1632 3718 1692 ὧδε

2136 1737 2214 1810 τῷ
2234 1737 2385 1808 ἀνδρὶ
2410 1736 2698 1808 μαρτυρῶν
2723 1735 2855 1806 πρὸς
2877 1723 3039 1800 λέξιν.
3084 1749 3102 1782 ι
3139 1733 3361 1801 Ἱστορεῖ
3382 1731 3440 1784 δέ
3498 1730 3565 1784 τὰ
3589 1732 3717 1795 περὶ

2149 1831 2416 1883 Ἰουδαίων
2454 1827 2814 1899 ἀληθέστατα,
2847 1828 2926 1880 ὅτι
2970 1825 3065 1879 καὶ
3100 1829 3211 1887 τοῖς
3253 1825 3436 1886 τόποις
3472 1822 3567 1875 καὶ
3604 1823 3717 1884 τοῖς

2135 1921 2391 1992 ὀνόμασιν
2432 1919 2611 1973 αὐτῶν
2659 1919 2728 1971 τά
2780 1917 3194 1988 συμῳωνότατα,
3239 1913 3644 1982 Σαγχουνιάθων
3688 1914 3718 1965 6

2137 2011 2422 2082 Βηρύτιος,
2448 2009 2683 2081 εἰληφὼς
2714 2009 2783 2062 τά
2803 2009 3170 2079 ὑπομνήματα
3191 2007 3338 2078 παρά
3376 2004 3717 2077 Ἱερομσάλου

2137 2103 2232 2156 τοῦ
2268 2102 2456 2173 ἱερέως
2479 2102 2614 2155 Θεοῦ
2643 2101 2737 2156 τοῦ
2771 2100 2938 2154 Ἰευὼ.
2979 2103 3075 2164 Ὃς
3115 2099 3382 2167 Ἀϐιϐάλῳ
3404 2097 3482 2168 τῷ
3513 2096 3721 2166 βασιλεῖ

2143 2193 2421 2264 Βηρυτίων
2452 2193 2549 2264 τὴν
2591 2193 2828 2266 ἱστορίαν
2856 2191 3096 2254 ἀναθεὶς,
3128 2191 3217 2244 ὑπ’
3249 2190 3454 2243 ἐκείνου
3482 2190 3576 2242 καὶ
3611 2189 3720 2241 τῶν

2141 2284 2261 2338 κατ’
2295 2284 2457 2336 αὑτὸν
2485 2283 2803 2354 ⁵ἐξεταστῶν
2841 2283 2942 2352 τῆς
2975 2281 3251 2351 ἀληθείας,
3304 2278 3627 2350 παρεδέχθη.
3656 2281 3719 2332 υἱ

2140 2373 2196 2426 δὲ
2248 2374 2454 2428 τούτων
2501 2376 2680 2446 χρόνοι
2731 2375 2827 2428 καὶ
2864 2374 2972 2445 πρὸ
3013 2373 3121 2429 τῶν
3152 2372 3413 2443 Τρωῖκῶν
3463 2373 3721 2424 πίπτουσι

2141 2464 2367 2534 χρόνων,
2401 2465 2495 2518 καὶ
2528 2465 2714 2535 σχεδὸν
2757 2467 2870 2527 τοῖς
2919 2465 3159 2527 Μωσέως
3206 2462 3611 2534 πλησιάζουσιν,
3646 2461 3721 2525 ὡς

2140 2557 2196 2608 αἱ
2227 2555 2337 2609 τῶν
2366 2557 2620 2626 Φοινίκης
2669 2555 2931 2626 βασιλέων
2981 2556 3241 2628 μηνύουσι
3291 2555 3546 2625 διαδοχαί.
3583 2556 3723 2622 Σαγ-

2142 2648 2437 2717 χουνιάθων
2469 2648 2526 2701 δὲ
2555 2648 2696 2702 κατὰ
2726 2648 2824 2719 τὴν
2866 2649 3126 2703 Φοινίκων
3165 2647 3462 2709 διάλεκτον,
3501 2646 3722 2717 φιλαλή-

2144 2741 2252 2804 θως
2282 2741 2381 2812 τὴν
2411 2740 2644 2794 παλαιὰν
2692 2741 2930 2812 ἱστορίαν
2967 2743 3031 2793 ἐκ
3057 2740 3165 2793 τῶν
3200 2740 3338 2794 κατά
3388 2741 3540 2793 πόλιν
3588 2741 3720 2792 ὑπο-

2147 2833 2467 2905 μνημάτων,
2483 2834 2575 2886 καὶ
2605 2833 2712 2886 τῶν
2739 2835 2796 2887 ἐν
2820 2837 2931 2896 τοῖς
2951 2835 3112 2904 ἱεροῖς
3136 2832 3465 2904 ἀναγραφῶν
3490 2850 3724 2900 συναγα-

2143 2924 2256 2995 γὼν
2308 2926 2403 2979 καὶ
2457 2925 2795 2995 συγγράψας,
2854 2927 2945 2977 ἐπὶ
2991 2924 3346 2994 Σεμιράμεως
3391 2925 3576 2991 γέγονε
3625 2924 3723 2993 τῆς

2159 3015 2457 3086 Ἀσσυρίων
2507 3015 2792 3085 βασιλίδος,
2837 3017 2870 3086 ἥ
2919 3016 3022 3086 πρὸ
3065 3016 3173 3069 τῶν
3219 3014 3546 3085 Ἰλιακῶν,ἢ
3603 3017 3722 3068 κατ’

2146 3106 2342 3170 αὐτούς
2368 3104 2431 3175 γε
2473 3108 2598 3171 τοὺς
2625 3107 2848 3177 χρόνους
2895 3107 3146 3174 γενέσθαι
3192 3107 3625 3177 ἀναγέγραπταιο
3655 3105 3723 3158 τὰ

2145 3197 2202 3250 δὲ
2241 3197 2334 3251 τοῦ
2383 3197 2850 3268 Σαγχουνιάθωνος
2895 3199 2974 3259 εἱς
3013 3197 3231 3251 Ἐλλάδα
3262 3199 3509 3264 γλῶσσαν
3543 3199 3721 3268 ἡρμή-

2146 3304 2301 3372 νευσε
2347 3288 2518 3341 Φίλων
2564 3290 2592 3341 6
2644 3289 2888 3351 Βύϐλιος.
2934 3308 2954 3341 ι
3002 3287 3187 3342 Ταῦτα
3240 3289 3336 3355 μὲν
3367 3290 3395 3340 6
3443 3287 3721 3359 ὄηλωθεὶς,

2148 3383 2400 3454 ἀλήθειαν
2423 3383 2556 3451 ὁμοῦ
2585 3383 2678 3435 καὶ
2709 3380 3048 3450 παλαιότητα
3069 3380 3144 3449 τῷ
3177 3379 3240 3451 δὴ
3275 3378 3507 3448 Θεολόγῳ
3528 3398 3726 3450 μαρτυ-

2152 3476 2340 3546 ρήσας.
2373 3474 2431 3526 '0
2455 3474 2511 3526 δὲ
2529 3473 2751 3544 προῖὼν,
2768 3473 2827 3525 οὐ
2850 3471 2938 3525 τὸν
2953 3473 3046 3524 ἐπὶ
3070 3473 3282 3525 πάντων
3305 3473 3454 3535 Θεὸν,
3474 3472 3594 3524 οὐδὲ
3619 3474 3726 3543 μὴν

2148 3567 2274 3627 τοὺς
2305 3565 2426 3618 κατ’
2455 3563 2702 3635 οὐρανὸν,
2738 3562 2963 3633 θνητοὺς
2987 3561 3044 3614 δέ
3082 3561 3276 3631 ἄνδρας
3309 3564 3403 3615 καί
3440 3566 3723 3627 γυναῖκας,

2151 3658 2270 3710 οὐδὲ
2294 3657 2386 3710 τὸν
2414 3657 2613 3727 τρόπον
2636 3654 2902 3718 ἀστείους,
2930 3654 3073 3716 οἴους
3097 3654 3161 3706 δι’
3190 3655 3385 3724 ἀρετὴν
3408 3654 3555 3718 ἀξιον
3587 3650 3726 3707 εἷναι

2153 3747 2538 3816 ἀποδέξασθαι,
2578 3747 2611 3818 ἢ
2639 3747 2878 3820 ζηλῶσαι
2905 3747 3003 3818 τῆς
3034 3746 3368 3815 φιλοσοςίας,
3400 3747 3727 3816 φαυλότητος

2152 3841 2207 3894 δὲ
2239 3841 2332 3894 καὶ
2378 3839 2678 3910 μοχθηρίας
2733 3839 2948 3908 ἀπάσης
2995 3841 3190 3892 κακίαν
3237 3839 3727 3909 περιϐεϐλημένους

2154 3931 2408 4000 θεολογεῖ⁶
2464 3930 2556 3984 καὶ
2598 3933 2862 4001 μαρτυρεῖ
2890 3946 2951 3998 γε
2976 3928 3194 3992 τούτους
3243 3929 3438 3991 αὐτοὺς
3489 3928 3727 3992 ἐκείνους

2156 4019 2314 4088 εἶναι,
2350 4024 2475 4086 τοὺς
2507 4023 2671 4075 εἰσέτι
2703 4023 2796 4076 καὶ
2812 4022 2906 4074 νῦν
2938 4020 3091 4084 θεοὺς
3122 4021 3270 4090 παρὰ
3296 4023 3406 4084 τοῖς
3429 4023 3562 4072 πᾶσι
3583 4036 3732 4072 νενο-

2161 4115 2455 4186 μισμένους
2485 4113 2626 4167 κατά
2656 4130 2715 4166 τε
2747 4112 2845 4176 τὰς
2875 4113 3055 4176 πόλεις
3084 4112 3178 4166 xui.
3209 4111 3306 4175 τὰς
3333 4112 3533 4183 χώρας.
3562 4112 3725 4182 Δέχου

2155 4208 2211 4261 δὲ
2248 4206 2572 4260 καὶτούτων
2619 4207 2681 4256 ἐκ
2723 4204 2830 4256 τῶν
2871 4204 3159 4276 ἐγγράφων
3188 4204 3284 4266 τὰς
3311 4203 3627 4268 ἀποδείξεις.
3670 4203 3726 4256 ’0

2155 4299 2220 4369 δὴ
2237 4297 2407 4351 Φίλων
2434 4299 2513 4360 εἱς
2541 4297 2696 4349 ἐννέα
2728 4295 2940 4365 βίϐλους
2963 4296 3060 4364 τὴν
3089 4296 3264 4347 πᾶσαν
3288 4292 3383 4346 τοῦ
3406 4294 3728 4364 Σαγχουνιά-

2157 4387 2325 4449 θωνος
2370 4385 2750 4456 πραγματείαν
2781 4383 2988 4444 διελὼν,
3036 4383 3175 4435 κατὰ
3220 4381 3278 4434 τὸ
3328 4382 3608 4451 προοίμιον
3637 4381 3724 4434 τοῦ

2159 4477 2374 4549 πρώτου
2405 4477 2833 4546 συγγράμματος
2879 4477 3060 4536 αὐτοῖς
3088 4476 3291 4543 ῥήμασι
3326 4473 3575 4542 προλέγει
3602 4474 3727 4542 περὶ

2157 4566 2250 4618 τοῦ
2285 4563 2750 4634 Σαγχουνιάθωνος
2774 4564 2963 4618 ταῦτα·
2998 4583 3015 4614 ι
3050 4563 3264 4616 Τούτων
3277 4562 3448 4626 οὕτως
3475 4563 3724 4633 ἐχόντων,

2158 4656 2186 4706 ὁ
2219 4655 2627 4723 Σαγχουνιάθων
2661 4653 2798 4724 ἀνὴρ
2830 4653 3145 4724 πολυμαθὴς
3187 4653 3281 4705 καὶ
3323 4653 3726 4724 πολυπράγμων

2158 4747 2463 4816 γενόμενος,
2499 4747 2594 4799 καὶ
2642 4746 2709 4800 τὰ
2749 4747 2807 4809 ἐξ
2838 4745 3032 4816 ἀρχῆς,
3080 4746 3170 4814 ἀφ’
3197 4741 3257 4800 οὗ
3292 4746 3360 4797 τά
3393 4748 3568 4800 πάντα
3602 4764 3727 4800 συν-

2159 4836 2311 4908 έστη,
2335 4837 2483 4908 παρά
2501 4838 2713 4890 πάντων
2736 4837 2932 4889 εἰδέναι
2957 4835 3155 4899 ποθῶν,
3186 4837 3319 4889 πολὺ
3339 4839 3726 4906 φροντιστικῶς

474 4932 792 4987 universum
823 4942 1018 4983 novem
1055 4927 1110 4981 in
1135 4926 1302 4981 libros
1351 4925 1652 4991 distribuit,
1699 4925 1817 4994 ipso
1866 4925 2046 4978 statim

2159 4927 2519 4998 ἐξεμάστευσε
2568 4929 2635 4980 τὰ
2679 4926 2944 4990 Τααύτου,
2994 4926 3166 4991 εἰδὼς,
3200 4928 3280 4979 ὃτι
3325 4927 3432 4978 τῶν
3465 4928 3551 4997 ὑφ’
3578 4928 3726 4998 ἥλιον

472 5024 636 5097 primi
659 5023 783 5077 libri
806 5022 1073 5092 prooemio
1103 5019 1219 5075 haec
1251 5019 1321 5073 ad
1354 5017 1580 5072 verbum
1607 5017 1674 5070 de
1715 5017 1904 5071 eodem
1953 5031 2054 5070 au-

473 5127 628 5170 Ctore
644 5110 900 5182 praefatur
926 5130 938 5164 :
969 5129 988 5161 ι
1019 5108 1145 5165 Haec
1161 5124 1285 5164 cum
1314 5108 1389 5162 ita
1417 5121 1476 5162 se
1504 5106 1786 5169 haberent,
1815 5104 2058 5159 Sanchu-

475 5208 666 5263 niatho
694 5205 778 5261 vir
805 5206 860 5260 in
884 5204 1077 5276 primis
1095 5202 1370 5269 eruditus,
1389 5216 1512 5256 cum
1545 5214 1767 5270 operam
1791 5199 1843 5253 in
1862 5213 2052 5253 rerum

478 5298 839 5371 plurimarum
871 5296 1053 5351 studio
1078 5294 1374 5366 posuisset,
1411 5307 1649 5363 eumque
1673 5291 1913 5362 gentium
1937 5305 2056 5343 om-

479 5389 632 5442 nium
675 5386 959 5442 historiam
982 5386 1097 5456 jam
1135 5399 1366 5455 usquea
1393 5383 1590 5452 prima-
1613 5382 1854 5437 universi
1891 5381 2052 5435 moli-

480 5479 629 5533 tione
659 5490 822 5531 nosse
856 5476 1206 5532 vehementer
1235 5485 1466 5546 optaret,
1495 5475 1823 5546 praecipuam
1858 5489 2054 5545 quam-

479 5570 606 5624 dam
652 5569 705 5622 in
755 5568 1186 5640 pervestigandis
1251 5568 1443 5624 Taauti
1499 5568 1661 5623 rebus
1717 5567 2052 5637 diligentiam

480 5661 751 5725 adhibuit,
773 5663 918 5732 quod
943 5663 1078 5718 satis
1105 5661 1448 5732 intelligeret,
1474 5662 1720 5716 omnium
1750 5662 1842 5732 qui
1874 5661 2054 5714 lucem

487 5754 629 5808 hanc
651 5767 998 5823 aspexerant,
1031 5769 1154 5809 eum
1179 5754 1387 5807 litteras
1420 5753 1717 5822 principem
1754 5752 2051 5816 invenisse,

487 5863 550 5904 ac
572 5848 983 5905 scribendorum
1004 5847 1523 5904 commentariorum
1543 5856 1818 5902 auctorem
1847 5843 2017 5902 fuisse
2037 5862 2048 5897 :

2154 5020 2472 5088 γεγονότων,
2509 5019 2724 5091 πρῶτός
2773 5022 2886 5072 ἐστι
2915 5020 3154 5081 Τάαυτος
3191 5021 3219 5072 ὁ
3247 5019 3353 5071 τῶν
3383 5021 3726 5090 γραμμάτων

2152 5111 2248 5182 τὴν
2301 5111 2516 5182 εὕρεσιν
2548 5111 2856 5181 ἐπινοήσας,
2888 5111 2983 5163 καὶ
3034 5110 3134 5179 τῆς
3170 5110 3276 5163 τῶν
3321 5112 3725 5180 ὑπομνημάτων

2152 5204 2368 5274 γραφῆς
2396 5201 2688 5273 κατάρξας·
2715 5201 2806 5255 καὶ
2833 5202 2942 5254 ἀπὸ
2971 5200 3121 5254 τοῦδε
3144 5199 3330 5270 ὥσπερ
3364 5203 3596 5271 κρηπῖδα
3631 5203 3726 5272 βα-

2152 5294 2375 5365 λόμενος
2404 5294 2498 5346 τοῦ
2522 5294 2701 5361 λόγου,
2726 5292 2784 5345 ὃν
2813 5292 3097 5360 Αἰγύπτιοι
3133 5290 3229 5359 μὲν
3254 5292 3514 5344 ἐκάλεσεν
3547 5293 3722 5354 Bruto,

2171 5385 2531 5453 Ἀλεξανδρεῖς
2545 5383 2601 5436 δὲ
2615 5382 2757 5444 Θὼθ,
2772 5381 2978 5453 Ἑρμῆν
2997 5379 3309 5449 δὲἜλληνες
3328 5381 3685 5450 μετέφρασαν.
3702 5401 3720 5430 ι

2159 5475 2344 5530 Ταῦτα
2371 5473 2538 5528 εἰπὼν
2569 5474 2938 5544 ἐπιμέμφεται
2977 5475 3089 5534 τοῖς
3128 5471 3406 5539 νεωτέροις
3446 5475 3555 5532 τοῖς
3588 5472 3727 5542 μετά

2155 5566 2350 5631 ταῦτα,
2384 5567 2458 5629 ὼς
2484 5566 2547 5618 ἂν
2575 5564 2942 5635 βεϐιασμένως
2972 5561 3066 5614 καὶ
3085 5562 3181 5614 οὐκ
3209 5560 3421 5632 ἀληθῶς
3449 5564 3574 5624 τοὺς
3602 5560 3729 5634 περὶ

2158 5658 2298 5711 θεῶν
2330 5657 2528 5728 μύθους
2573 5656 2658 5708 ἐπ’
2699 5653 3024 5725 ἀλληγορίας
3059 5653 3149 5705 καί⁵
3178 5655 3410 5720 φυσικὰς
3454 5653 3720 5723 διηγήσεις

2155 5765 2214 5800 τε
2243 5749 2337 5800 καί⁵
2363 5747 2594 5817 θεωρίας
2622 5747 2900 5813 ἀνάγουσι·
2922 5744 3066 5811 λέγει
3093 5744 3135 5795 δ’
3166 5740 3257 5796 οὖν
3280 5743 3498 5814 προϊών·
3527 5762 3545 5794 ι
3583 5739 3704 5795 Ἀλλ
3722 5742 3736 5761 ’

2157 5842 2205 5893 οἱ
2249 5839 2346 5910 μὲν
2403 5838 2657 5894 νεώτατοι
2716 5837 2822 5891 τῶν
2859 5835 3174 5906 ἱερολόγων,
3214 5835 3282 5889 τὰ
3323 5833 3422 5903 μιν
3471 5837 3727 5904 γεγον5τα
