2077 3208
201 148 236 178 75
770 148 928 179 ΡΒΑΞΡΑΒ.
950 151 988 179 EV

1037 150 1077 179 iG.
1091 150 1159 179 LIB.
1178 150 1200 179 ἶ.
1792 157 1827 187 7d

201 213 350 249 πράγματα
366 214 395 247 ea
416 214 504 251 ἀρχῆς
525 214 731 251 ἀπεπέμψαντο,
753 217 914 252 ἀλληγορίας
931 218 986 252 (32)

1038 218 1072 245 ab
1085 218 1130 245 illo
1144 224 1233 247 autem
1252 220 1425 255 auspicatum
1442 226 1514 250 esse.
1529 224 1609 253 quem
1637 218 1672 246 ab
1689 217 1827 255 Egyptiii

201 258 248 284 καὶ
264 258 365 294 μύθους
388 260 590 295 ἐπινοήσαντες,
612 261 659 287 καὶ
674 263 729 292 τοῖς
744 263 884 297 κοσμικοῖς
903 263 988 298 παθή-

202 311 268 338 μασι
282 304 440 338 συγγένειαν
458 305 635 341 πλασάμενοι,
657 307 792 342 μυστήρια
806 308 986 343 κατέστησαν,

200 349 246 375 καὶ
262 349 345 376 πολὺν
365 351 456 382 αὐτοῖς
478 351 581 386 ἐτι-ἦγον
592 351 686 386 τῦφον,
708 351 746 384 ὡς
759 352 796 388 μὴ
809 353 907 388 ῥᾳδίως
927 353 988 380 τινὰ

200 396 315 430 συνορᾷν
326 396 360 422 τὰ
377 398 436 423 κατ’
448 394 576 431 ἀλήθειαν
587 398 729 433 γενόμενα.
749 399 777 426 ’0
796 399 824 425 δὲ
845 399 988 434 συμϐαλὼν

199 442 255 472 τοῖς
271 441 325 467 ἀπὸ
337 442 390 468 τῶν
406 442 508 469 ἀδύτων
523 443 673 479 εὑρεθεῖσιν
686 444 854 480 ἁποκρύφοις
871 446 989 481 Ἀμμου-

200 486 266 512 νέων
279 487 423 523 γράμμασι
440 490 639 524 συγκειμένοις,
648 490 665 516 ὃ.
681 490 712 526 δὴ
728 491 778 517 οὐκ
792 489 825 526 ἦν
838 492 905 517 πᾶσι
918 491 989 525 γνώ-

202 540 278 566 ριμα,
292 532 340 567 τὴν
354 533 470 568 μάθησιν
482 535 610 562 ἁπάντων
628 535 709 567 αὐτὸς
726 536 840 571 ἤσκησε
856 538 901 563 καὶ
914 537 989 569 τέλος

199 578 302 610 ἐπιθεὶς
316 580 348 614 τῇ
375 581 559 616 πραγματείᾳ,
580 582 625 607 τὸν
640 583 698 607 κατ’
722 582 808 617 ἀρχὰς
827 583 921 618 μῦθον,
943 584 989 610 καὶ

199 622 247 653 τὰς
260 623 424 660 ἀλληγορίας
437 625 557 652 ἐκποδὼν
573 627 764 661 ποιησάμενος,
780 627 928 663 ὲξηνύσατο
941 628 989 664 τὴν

199 669 335 703 πρόθεσιν,
352 671 403 701 ἕως
419 671 500 696 πάλιν
522 672 546 697 οἱ
564 673 750 707 ἐπιγενόμενοι
772 673 863 709 ἱερεῖς,
883 672 988 709 χρόνοις

200 713 310 750 ὕστερον
325 715 459 750 ἠθέλησαν
476 716 559 752 αὐτὴν
569 718 739 754 ἀποκρύψαι,
754 719 800 745 καὶ
810 719 849 750 εἰς
862 719 893 745 τὸ
904 719 989 754 μυθῶ-

198 759 241 790 δες
260 760 496 797 ἀποκαταστῆσαι.
519 763 563 796 Ἐξ
581 761 612 790 οὗ
633 764 664 790 τὸ
687 765 817 800 μυστικὸν
839 765 989 792 ἀνέκυπτεν

198 805 303 832 οὐδέπω
318 806 423 840 φθάσαν
444 808 483 839 εἰς
500 808 641 844 Ἕλληνας.
660 820 669 836 ι
688 811 799 842 Τούτοις
819 810 881 846 ἑξῆς
895 819 987 846 φησιν·

203 859 211 874 ι
228 851 310 877 Ταῦθ’
326 852 391 887 ἡμῖν
407 851 529 888 εὕρηται,
541 855 678 890 ἐπιμελῶς
693 855 791 882 εἰδέναι
810 856 844 883 τὰ
859 856 989 883 Φοινίκων

201 896 322 927 ποθοῦσι,
335 898 381 924 καὶ
396 898 495 934 πολλὴν
513 899 770 936 ὲξερευνησαμένοις
783 901 859 937 ὓλην,
870 901 930 937 οὐχὶ
940 901 989 937 τὴν
1004 889 1026 919 Β

201 943 265 977 παρ’
278 943 399 978 Ἕλλησι·
415 944 547 978 διάφωνος
558 945 613 980 γὰρ
624 946 704 981 αὕτη,
718 947 764 973 καὶ
778 947 992 982 φιλονεικότερον

201 988 245 1014 ὑπ’
261 989 340 1015 ἐνίων
351 990 460 1024 μᾶλλον,
474 991 490 1025 ἢ
506 991 573 1026 πρὸς
588 991 716 1027 ἀλήθειαν
726 993 892 1020 συντεθεῖσα.
910 1002 919 1018 ι
937 994 991 1020 Καὶ

202 1034 260 1069 μεθ’
269 1035 350 1070 ἕτερα
359 1043 366 1049 ’
380 1045 388 1060 ι
399 1036 491 1069 Οὕτως
508 1046 536 1063 τε
547 1037 618 1072 ἔχειν
628 1039 773 1065 πεπεῖσθαι
781 1040 847 1074 ἡμῖν
856 1039 988 1074 παρέστη,

199 1080 236 1111 ὡς
257 1080 360 1111 ἐκεῖνος
380 1082 511 1117 γέγραφε,
531 1082 579 1118 τὴν
597 1083 746 1118 διαφωνίαν
762 1084 843 1120 ὁρῶσι
865 1085 913 1120 τὴν
925 1086 990 1120 παρ’

200 1125 323 1161 Ἕλλησι,
347 1127 411 1161 περὶ
422 1125 455 1162 ἧς
471 1137 515 1162 μοι
537 1128 598 1163 τρία
613 1129 820 1164 πεφιλοτίμηται
837 1129 924 1164 βιϐλία
941 1130 990 1165 τὴν

199 1174 353 1210 ἐπιγραφὴν
378 1175 472 1210 ἔχοντα
499 1175 676 1209 Παραδόξου
704 1173 862 1211 Ἱστορίας.
892 1186 901 1203 ι
935 1179 990 1204 Καὶ

198 1218 276 1251 αὖθις
290 1220 347 1255 μεθ’
360 1221 441 1257 ἕτερα
455 1221 585 1256 ἐπιλέγει·
607 1232 616 1247 ι
634 1222 856 1260 Προδιαρθρῶσαι
866 1223 894 1250 δὲ
906 1224 990 1258 ἀναγ-

197 1267 273 1291 καῖον
288 1266 355 1301 πρὸς
371 1266 419 1302 τὴν
440 1265 516 1299 αὖθις
539 1268 695 1304 σαφήνειαν,
719 1269 766 1295 καὶ
781 1269 830 1305 τὴν
848 1269 901 1296 τῶν
919 1271 989 1297 κατὰ

199 1311 280 1346 μέρος
295 1311 449 1345 διάγνωσιν,
470 1313 510 1338 ὅτι
531 1313 555 1338 οἱ
574 1312 747 1339 παλαιότατοι
761 1313 815 1339 τῶν
833 1313 987 1350 βαρϐάρων,

197 1355 344 1392 ἐξαιρέτως
357 1357 385 1383 δὲ
401 1358 522 1390 Φοίνικές
533 1367 563 1385 τε
576 1359 622 1385 καὶ
641 1359 793 1393 Αἰγύπτιοι,
809 1362 872 1395 παρ’
886 1357 922 1387 ὧν
941 1362 988 1388 καὶ

197 1402 221 1427 οἱ
238 1402 326 1429 λοιτιοὶ
343 1403 494 1439 παρέλαϐον
511 1404 658 1440 ἅνθρωποι,
679 1404 757 1437 θεοὺς
772 1406 895 1441 ἐνόμιζον
911 1407 988 1442 μεγι-

199 1456 276 1480 στους
288 1449 351 1481 τοὺς
366 1449 400 1476 τὰ
417 1450 484 1485 πρὸς
502 1450 551 1485 τὴν
572 1449 701 1486 βιωτικὴν
714 1453 807 1487 χρεῖαν
819 1452 957 1488 εὑρόντας,
970 1452 986 1488 ἢ

198 1495 245 1520 καὶ
266 1495 336 1521 κατά
355 1503 380 1521 τι
406 1494 436 1522 εὖ
452 1496 616 1531 ποιήσαντας
637 1498 671 1523 τὰ
693 1497 766 1533 ἔθνη·
795 1498 939 1534 εὐεργέτας
958 1507 987 1525 τε

198 1539 308 1572 τούτους
322 1541 368 1567 καὶ
386 1541 491 1567 πολλῶν
514 1542 616 1574 αἰτίους
639 1543 748 1577 ἀγαθῶν
773 1544 931 1579 ἡγούμενοι,
949 1545 988 1577 ὡς

201 1584 277 1617 θεοὺς
297 1587 489 1622 προσεκύνουν·
507 1588 554 1614 καὶ
576 1589 615 1620 εἰς
639 1588 668 1614 τὸ
691 1589 778 1623 χρεὼν
799 1591 987 1623 καταστάντας

200 1632 279 1662 ναοὺς
291 1634 568 1669 μετασκευασάμενοι,
583 1635 681 1669 στήλας
689 1644 718 1661 τε
729 1635 776 1662 καὶ
787 1636 899 1672 ῥάϐδους
911 1637 989 1670 ἀφιέ-

201 1686 263 1713 ρουν
276 1678 305 1710 ἐξ
320 1679 449 1714 ὀνόματος
462 1679 561 1711 αὐτῶν,
577 1679 623 1706 καὶ
639 1680 722 1706 ταῦτα
739 1681 861 1716 μεγάλως
878 1681 988 1716 σεϐόμε-

198 1731 248 1755 νοι,
267 1725 312 1751 καὶ
326 1725 422 1760 ἑορτὰς
433 1726 527 1760 ἔνεμον
541 1726 633 1757 αὐτοῖς
643 1726 692 1757 τὰς
707 1726 838 1761 μεγίστας
854 1726 985 1758 Φοίνικες.

204 1770 362 1805 Ἐξαιρέτως
376 1771 404 1797 δὲ
424 1772 471 1798 καὶ
486 1771 539 1797 ἀπὸ
554 1771 608 1797 τῶν
620 1771 758 1806 σφετέρων
774 1771 914 1806 βασιλέων,
930 1773 986 1804 τοῖς

198 1818 337 1850 memmi;
355 1817 507 1852 στοιχείοις,
521 1817 567 1843 καί
587 1826 642 1843 τισι
657 1817 710 1844 τῶν
723 1817 905 1853 νομιζομένων
917 1818 984 1844 θεῶν

197 1861 246 1893 τὰς
263 1863 408 1897 ὀνομασίας
428 1863 569 1890 ἐπέθεσαν·
585 1864 716 1898 φυσικοὺς
730 1863 769 1895 δὲ,
781 1863 865 1898 ἥλιον,
882 1864 926 1890 καὶ
940 1872 984 1890 σε-

197 1907 292 1942 λήνην,
307 1907 354 1934 καὶ
372 1908 436 1939 τοὺς
456 1908 565 1939 λοιποὺς
584 1908 721 1944 πλανῆτας
744 1907 869 1943 ἀστέρας,
887 1908 933 1934 καὶ
951 1908 984 1934 τὰ

198 1955 327 1988 στοιχεῖα,
345 1955 392 1980 καὶ
411 1953 445 1980 τὰ
459 1954 561 1985 τούτοις
586 1953 701 1988 ωναφῆ,
720 1953 796 1985 θεοὺς
819 1954 914 1989 μόνους
929 1953 985 1987 ἐγί-

197 2006 312 2030 νωσκον,
328 1998 391 2024 ὥστ’
405 1999 496 2030 αὐτοῖς
511 1999 573 2030 τοὺς
591 1998 640 2033 μὲν
663 1998 784 2034 θνητοὺς,
803 1999 866 2031 τοὺς
880 1999 908 2025 δὲ
919 1999 984 2025 ἀθα-

197 2045 294 2075 νάτους
315 2044 392 2076 θεοὺς
406 2042 484 2071 εἷναι.
503 2054 512 2071 ι
531 2044 621 2071 Ταῦτα
633 2045 703 2072 κατὰ
712 2045 852 2081 προοίμιον
868 2046 882 2071 ὁ
899 2045 984 2072 Φίλων

197 2091 426 2125 διαστειλάμενος,
441 2090 504 2125 ἑξῆς
525 2091 677 2126 ἀπάρχεται
693 2091 743 2127 τῆς
757 2091 804 2118 τοῦ
819 2092 983 2126 Σαγχουνιάέ

198 2138 282 2170 Θωνος
308 2137 464 2173 ἑρμηνείας,
480 2134 531 2165 ὧδέ
543 2145 600 2169 πως
611 2137 660 2173 τὴν
672 2136 829 2173 Φοινικικὴν
844 2137 984 2173 ἐκτιθέμεκ

197 2192 242 2215 νος
258 2184 313 2219 (55)
329 2175 475 2218 θεολογίαν.

1038 263 1091 298 32
1116 264 1234 300 Thoyth,
1254 266 1289 292 ab
1311 265 1502 293 Alexandrinis
1519 264 1621 297 Tholh,
1642 265 1824 296 nominatum,

1039 307 1125 336 Graeci
1144 309 1258 344 Ἑρμῆν,
1271 310 1322 337 hoc
1340 316 1380 338 est
1394 309 1570 342 Mercurium,
1590 309 1741 338 reddidere.
1752 319 1762 336 ι
1776 309 1826 338 His

1039 355 1271 388 commemoratis,
1293 355 1460 383 recentiores
1470 355 1541 388 illos,
1553 355 1599 390 qui
1614 360 1707 391 postea
1735 363 1827 383 emer-

1038 404 1142 433 serant,
1155 407 1188 427 eo
1207 400 1318 428 nomine
1332 401 1513 435 reprehendit,
1535 401 1608 436 quod
1633 408 1694 436 quae
1717 401 1750 428 de
1771 401 1825 428 diis

1038 444 1119 479 vulgo
1135 443 1302 477 ferebantur,
1315 445 1348 472 ad
1357 445 1500 481 allegorias
1515 446 1607 473 nescio
1622 453 1690 479 quas
1715 439 1742 473 et
1754 446 1824 481 phy-

1039 490 1111 517 sicas
1127 489 1322 524 explicationes
1353 490 1379 516 vi
1403 489 1475 517 facta
1502 490 1609 517 veritati
1640 491 1824 518 traducerent.

1039 534 1064 563 ls
1079 542 1144 570 ergo
1161 535 1200 562 sic
1215 535 1241 561 in
1262 542 1407 569 progressu
1425 535 1544 570 loquitur
1559 544 1566 562 :
1588 545 1598 561 (
1617 535 1671 563 Sed
1690 536 1764 563 enim
1778 536 1825 571 qui

1039 581 1189 608 novissime
1205 588 1296 607 rerum
1317 589 1456 608 sacrarum
1471 581 1680 616 disputationem
1698 582 1822 617 attigero,

1039 634 1100 654 cum
1116 634 1210 653 eorum
1225 634 1285 661 qum
1307 626 1376 653 facta
1397 632 1475 654 erant
1487 627 1546 662 ipso
1564 627 1655 654 statim
1667 627 1745 655 initio
1756 628 1826 655 veri-

1040 677 1121 700 tatem
1143 673 1313 707 rejecisseut,
1330 673 1649 708 allegoriis-quibusdam
1666 681 1698 701 ac
1726 673 1827 701 fabulis

1040 718 1210 753 excogitatis,
1231 726 1349 753 cumque
1369 719 1451 746 rebus
1469 719 1502 745 iis
1522 727 1582 753 qurc
1597 720 1679 753 hujus
1706 720 1827 747 universi

1040 767 1165 790 naturam
1182 768 1388 799 consequuntur
1404 764 1535 792 atlinitatc
1557 765 1682 798 conﬁcta,
1699 766 1828 800 mysteria

1040 807 1258 842 densisobducta
1270 809 1388 836 tenebris
1400 809 1586 842 instituerunt,
1599 818 1633 837 ne
1645 810 1706 844 quis
1721 817 1827 842 eorum,

1040 862 1101 888 qua:
1119 863 1213 889 reapse
1239 860 1314 890 gesta
1339 860 1427 888 erant,
1458 856 1598 883 veritatem
1622 856 1721 884 intueri
1748 856 1828 883 facile

1041 905 1142 935 posset.
1160 901 1206 928 ltle
1219 906 1309 928 autem
1325 909 1385 928 cum
1400 903 1425 928 in
1443 910 1541 929 arcana
1571 902 1693 937 qumdam
1719 902 1830 928 Ammoc

1042 954 1163 973 meorum
1189 947 1327 974 volumina
1354 948 1503 979 incidisset,
1526 956 1586 982 qum
1605 955 1637 974 ex
1651 947 1826 974 interioribus

1041 993 1204 1027 templorum
1219 994 1414 1027 penetralibus,
1429 993 1474 1020 ubi
1502 994 1727 1028 antejacuerant,
1744 993 1827 1020 educ-

1041 1043 1067 1065 ta
1080 1046 1142 1065 cum
1157 1039 1236 1065 obvia
1252 1039 1354 1073 passim
1368 1046 1421 1065 non
1436 1042 1528 1065 essent
1544 1058 1551 1070 ,
1570 1039 1696 1065 omnium
1713 1043 1825 1065 senten-

1041 1084 1107 1111 tiam
1138 1084 1260 1119 diligenti
1303 1084 1477 1111 meditatione
1507 1084 1642 1118 quazsirit,
1680 1084 1825 1120 laetumque

1040 1129 1268 1164 suscepitlaboris
1280 1129 1382 1157 exitum
1395 1134 1567 1162 consecutus,
1579 1138 1639 1165 quae
1649 1130 1675 1157 iu
1684 1130 1742 1165 ipse
1750 1130 1826 1158 aditu

1040 1174 1220 1201 occurrebant
1235 1174 1334 1203 tabulis
1347 1183 1408 1202 cum
1420 1175 1556 1211 allegoriis
1572 1176 1700 1203 omnibus
1715 1177 1747 1203 de
1770 1184 1827 1203 me-

1040 1221 1086 1248 dio
1099 1222 1225 1254 sublatis,
1243 1222 1395 1250 institutum
1411 1230 1479 1257 opus
1492 1230 1568 1250 suam
1583 1223 1616 1249 ad
1630 1223 1824 1258 perfectionem

1040 1266 1280 1302 maturitatemque
1305 1268 1454 1302 perduxit:
1483 1268 1570 1295 donec
1589 1269 1635 1303 qui
1662 1273 1724 1303 post
1748 1269 1825 1295 illum

1039 1312 1167 1340 exstitere
1178 1313 1344 1345 sacerdotes,
1362 1313 1433 1340 idem
1453 1313 1542 1348 ipsum
1569 1313 1708 1341 occultare
1737 1314 1826 1341 denuo

1041 1362 1122 1392 atque
1139 1358 1172 1385 ad
1189 1359 1342 1393 priscarum
1358 1358 1510 1386 fabularum
1527 1365 1680 1386 commenta
1698 1367 1826 1387 revocare

1026 1408 1132 1438 postea
1150 1404 1311 1437 voluissent,
1327 1404 1399 1431 unde
1420 1403 1551 1439 mysticus
1567 1404 1611 1432 ille
1623 1411 1721 1432 sensus
1738 1413 1826 1434 emer-

1039 1450 1083 1482 sit,
1099 1450 1146 1485 qui
1160 1458 1302 1485 nunquam
1319 1454 1396 1477 antea
1434 1450 1592 1477 Graecorum
1618 1451 1724 1478 animos
1744 1459 1827 1480 occu-

1038 1501 1125 1531 parat.
1133 1506 1143 1522 ›
1152 1496 1257 1529 Quibus
1266 1496 1392 1530 deinceps
1402 1495 1453 1523 ista
1460 1495 1614 1531 subjungit:
1626 1504 1636 1522 ι
1648 1495 1710 1528 Hac
1717 1498 1825 1526 tandem

1040 1550 1056 1568 a
1070 1541 1148 1568 nob’is
1166 1545 1272 1576 reperta
1287 1548 1360 1575 sunt,
1377 1549 1438 1568 cum
1455 1541 1605 1569 vehementi
1630 1544 1826 1576 cognoscendae

1001 1572 1022 1601 θ
1039 1586 1200 1614 Phoenicum
1216 1587 1338 1614 historiae
1369 1586 1504 1614 desiderio
1529 1591 1695 1621 tenerentur,
1711 1596 1742 1616 ac
1757 1596 1824 1623 pos-

1039 1637 1164 1667 teaquam
1177 1633 1311 1668 ingentem
1326 1632 1458 1659 librorum
1479 1633 1763 1669 monimentorumque
1777 1634 1824 1662 sil-

1039 1686 1101 1705 vam
1116 1679 1212 1712 cupide
1227 1678 1341 1705 scrutati
1357 1686 1491 1712 essemus,
1507 1687 1560 1706 non
1573 1687 1633 1706 eam
1649 1684 1748 1714 tamen,
1764 1689 1824 1715 qure

1039 1730 1120 1758 penes
1135 1723 1243 1750 Graecos
1258 1728 1326 1754 erat,
1346 1723 1420 1757 quod
1445 1723 1532 1758 ipsam
1558 1733 1655 1760 magna
1675 1734 1737 1753 cum
1768 1727 1824 1754 dis-

1039 1769 1166 1796 sensione
1183 1769 1349 1803 animorum,
1376 1773 1403 1797 et
1422 1771 1604 1798 contentionis
1627 1772 1718 1806 potius
1741 1780 1823 1807 quam

1040 1815 1162 1842 veritatis
1191 1815 1281 1842 studio
1305 1815 1450 1842 conﬂatam
1482 1824 1497 1842 a
1520 1817 1659 1844 nonnullis
1680 1825 1741 1845 esse
1761 1826 1824 1853 pet"-

1037 1861 1167 1888 viderem.
1187 1871 1196 1887 ι
1210 1861 1278 1888 Tum
1289 1862 1451 1896 quibusdam
1472 1863 1620 1898 interjectis
1631 1870 1638 1890 ε
1651 1873 1660 1889 ι
1673 1864 1713 1891 Ad
1731 1864 1822 1898 iidem,

1038 1907 1135 1942 inquit,
1151 1908 1224 1935 illius
1242 1908 1350 1942 scriptis
1364 1908 1557 1941 adhibendam,
1572 1917 1605 1936 eo
1619 1910 1737 1937 maxime
1749 1911 1822 1944 quod

1038 1954 1124 1981 oculis
1141 1955 1276 1981 intuemur
1289 1954 1445 1982 Grecorum
1461 1955 1602 1982 hominum
1615 1955 1731 1983 dissidio
1743 1956 1824 1983 addu~

1038 2001 1073 2027 cti
1092 2009 1206 2033 sumus;
1223 2001 1256 2028 de
1275 2009 1329 2036 quo
1342 2002 1395 2028 tria
1412 2009 1519 2036 quoque
1542 2002 1691 2036 volumina,
1705 2011 1822 2038 quorum

1038 2047 1179 2082 inscriptio
1199 2051 1250 2078 est,
1276 2046 1314 2074 De
1329 2047 1478 2074 incredibili
1492 2048 1616 2081 historia,
1637 2048 1758 2083 studiose
1791 2057 1823 2076 ac

1037 2092 1178 2126 diligenter
1196 2091 1406 2119 elaboravimus.
1425 2101 1434 2117 ι
1449 2091 1487 2119 Ac
1496 2099 1603 2119 rursum
1619 2096 1679 2126 post
1689 2093 1742 2119 alia
1756 2100 1824 2120 non;

1037 2137 1121 2169 nulla,
1138 2137 1250 2164 subdit:
1269 2146 1278 2162 ι
1296 2133 1356 2165 Jam
1378 2144 1455 2169 vero,
1468 2145 1522 2171 quo
1545 2137 1676 2165 illustrior
1692 2138 1823 2166 habeatur

1036 2182 1176 2217 magisque
1191 2181 1319 2209 distincta
1335 2182 1374 2209 rei
1386 2182 1469 2210 totius
1481 2183 1656 2218 intelligentia
1673 2184 1726 2211 hoc
1740 2185 1822 2211 etiam

197 2235 261 2258 ante
283 2231 374 2258 omnia
398 2239 498 2266 ponere
521 2239 572 2258 nos
592 2234 715 2266 oportet,
740 2230 918 2257 barbarorum
942 2229 1158 2265 antiquissimos,
1179 2228 1320 2257 Phoenices
1340 2230 1366 2256 in
1389 2229 1484 2263 primis
1500 2235 1527 2258 et
1542 2230 1694 2267 Egyptios,
1721 2240 1736 2260 a
1759 2233 1823 2267 quit

197 2278 249 2306 bus
259 2278 347 2306 caeteri
362 2279 488 2314 deinceps
504 2279 594 2314 populi
611 2285 714 2305 morem
733 2278 808 2305 illum
831 2285 976 2313 accepere,
997 2278 1024 2305 in
1058 2277 1239 2304 maximorum
1260 2276 1373 2305 deorum
1395 2278 1456 2305 loco
1478 2286 1525 2306 eos
1559 2286 1654 2306 omnes
1675 2280 1822 2313 habuisse.

197 2326 245 2360 qui
260 2334 304 2353 res
319 2326 352 2353 ad
370 2327 451 2354 vitam
463 2326 593 2362 agendam
613 2326 781 2354 necessarias
806 2325 983 2359 invenissent,
1005 2325 1051 2360 qui
1078 2333 1131 2360 que
1154 2324 1313 2353 beneﬁcium
1330 2325 1438 2361 aliquod
1455 2325 1481 2353 in
1497 2334 1581 2362 genus
1601 2327 1742 2354 hominum
1757 2334 1824 2354 con¢

197 2372 335 2399 tulissent.
356 2371 409 2399 Eos
425 2372 555 2400 nimirum
574 2371 647 2407 quod
661 2371 712 2399 sibi
727 2371 908 2406 plurimorum
936 2376 1066 2399 auctores
1092 2372 1226 2398 bonorum
1260 2379 1321 2399 esse
1340 2372 1546 2407 persuaderent,
1579 2372 1678 2400 divinis
1711 2373 1822 2400 horrori-

197 2417 250 2446 bus
261 2419 368 2446 coluere
382 2428 390 2452 ;
405 2427 438 2447 ac
452 2420 614 2454 templorum
627 2427 690 2451 usu,
705 2426 765 2452 quae
775 2418 832 2453 jam
849 2423 911 2446 ante
940 2423 1096 2447 constructa
1112 2419 1229 2453 fuerant,
1245 2419 1297 2447 hoc
1312 2420 1346 2447 ad
1373 2428 1474 2448 munus
1488 2420 1661 2456 oﬂiciumque
1678 2420 1821 2454 traducto,

199 2464 252 2499 33
271 2465 412 2492 columnas
436 2466 548 2500 insuper
574 2466 718 2500 virgasque
739 2466 842 2500 ligneas
870 2465 992 2500 ipsorum
1024 2466 1134 2494 nomine
1172 2471 1368 2494 consecrarunt
1397 2475 1484 2503 caque
1522 2467 1659 2502 praecipuo
1681 2466 1821 2502 religionis

199 2511 274 2538 cultu
300 2512 438 2547 prosecuti
488 2512 643 2546 Phoenices,
689 2512 773 2540 festos
808 2513 861 2540 illis
891 2520 999 2548 quoque
1018 2513 1076 2541 dies
1107 2513 1186 2549 longe
1216 2513 1407 2543 celeberrimos
1440 2514 1609 2542 dedicarunt.
1631 2513 1661 2541 in
1689 2522 1744 2550 quo
1759 2516 1821 2551 qui-

198 2558 260 2586 dem
290 2559 420 2600 eximium
437 2560 503 2588 illud
536 2560 597 2593 fuit,
612 2560 685 2596 quod
704 2567 798 2595 regum
817 2568 929 2588 suorum
958 2561 1069 2588 nomina
1094 2560 1214 2589 universi
1239 2562 1320 2596 hujus
1343 2561 1498 2594 elementis,
1533 2569 1566 2588 ac
1587 2561 1751 2596 quibusdam
1774 2568 1822 2589 eoa

197 2612 271 2637 rum,
285 2605 384 2639 quibus
402 2606 570 2633 divinitatem
594 2606 646 2640 ipsi
671 2606 835 2638 tribuebant,
855 2606 1034 2641 imponerent.
1056 2605 1198 2633 Naturales
1224 2614 1306 2641 porro
1318 2607 1394 2639 deos,
1414 2606 1511 2638 solem,
1528 2605 1632 2638 lunam,
1649 2606 1823 2641 reliquasque

199 2650 291 2678 stellas
299 2651 459 2685 inerrantes,
480 2660 542 2680 cum
553 2652 695 2680 elementis
708 2659 741 2679 ac
758 2652 862 2679 caeteris
877 2660 940 2680 cum
965 2652 1087 2687 ejusdem
1101 2652 1230 2680 atiinitate
1246 2652 1411 2687 conjunctis,
1439 2651 1497 2679 solo
1508 2659 1541 2678 ex
1554 2651 1681 2679 omnibus
1695 2659 1824 2686 agnosce-

198 2698 278 2732 bant;
311 2705 341 2726 ut
375 2704 501 2728 mortales
520 2700 630 2735 quidem
663 2700 742 2734 alios,
763 2700 831 2728 alios
856 2706 946 2728 autem
976 2700 1144 2727 immortales
1174 2699 1241 2727 deos
1272 2700 1414 2726 haberent.
1439 2709 1449 2725 ι
1464 2697 1569 2731 Quibus
1592 2697 1671 2725 Philo
1703 2697 1824 2725 breviter

236 2817 292 2854 ('52)
311 2817 375 2846 Post
387 2817 549 2880 dilqyoplag
568 2819 711 2848 inserenda
722 2818 878 2853 coniunctio
891 2817 930 2849 δέ,
944 2825 977 2846 ex

236 2859 316 2880 tntae.
332 2853 435 2880 codice.
459 2861 475 2880 n
488 2854 549 2880 aliis
563 2854 765 2880 sollicitandum
780 2853 886 2880 videtur
899 2853 977 2880 nihil.

1068 2816 1123 2852 (53)
1149 2815 1363 2850 Ἐκτιθέμενος.
1383 2816 1672 2853 Μοῐιι.,ἰικτιθεμένου,
1681 2814 1756 2849 quod
1766 2813 1820 2843 fuitL

1037 2855 1105 2880 Lasse
1120 2851 1233 2880 rectius.
1246 2855 1277 2878 ut
1288 2850 1323 2877 ad
1339 2852 1574 2880 Σαγγουνιάθωνος
1589 2850 1733 2878 referatur.

198 2850 316 2882 Mo'ntac.
332 2853 435 2881 codice.
445 2850 475 2880 in
488 2850 549 2882 aliis
563 2854 765 2882 sollicitandum
773 2850 886 2881 'videtur
899 2853 977 2880 nihil.
1033 2850 1233 2885 tas'se'rectius,
1246 2855 1277 2878 ut
1288 2850 1323 2877 ad
1339 2850 1733 2888 Σαγχουνιάθωνοςιεῐεηιιιιτι

361 2901 457 2932 Pun.
477 2902 535 2933 Gn.
551 2902 636 2934 XX].
1620 2898 1639 2927 ³
