4154 6420
488 354 556 411 ’19
1149 353 1420 410 EUSEBII
1460 352 1943 410 CAESARIENSIS
1978 356 2059 411 ΟΡ

2168 357 2346 413 PARS
2386 356 2449 410 ΙΙ.
2489 386 2561 398 -
2599 355 3077 410 APOLOGETICA
3653 350 3722 403 80

485 473 743 528 lmbrium
778 480 1173 541 ventorumque
1212 478 1527 541 tempestate
1554 480 1739 525 coorta
1764 512 1779 533 ,
1824 487 1888 525 ex
1920 471 2049 541 Τιςιί

2161 474 2286 541 σοὺς
2342 472 2504 526 αὑτοῦ
2562 474 2772 543 τοῖχους
2822 473 2981 542 φασὶν
3028 471 3310 540 ἐπινοῆσαι
3354 469 3419 521 ἐκ
3468 467 3724 524 πλίνθων,

484 565 740 618 arborum
769 561 1052 617 collisione
1085 561 1226 631 ignis
1257 560 1567 624 exarsisset,
1597 576 1824 629 quaeque
1856 562 2053 615 ibidem

485 661 603 705 erat
636 650 843 722 sylvam
878 648 1234 712 incendisset,
1276 648 1467 702 arbore
1500 648 1660 715 cujus
1711 657 1835 701 ante
1870 664 2054 703 ramos

486 749 817 811 amputarat,
846 741 1048 811 navigii
1069 740 1187 794 loco
1221 753 1352 793 usus
1381 754 1724 808 nequaquam
1751 752 1870 793 sese
1917 739 2053 792 mari

487 836 639 890 nullo
660 835 786 889 licet
817 834 1066 903 exemplo
1108 832 1447 886 committere
1474 831 1762 885 dubitavit.
1796 831 2055 886 Geminos

486 942 707 998 quoque
728 927 917 996 cippos
945 940 1067 980 cum
1098 925 1207 994 igni
1234 933 1505 994 ventoque
1540 924 1870 986 dedicasset,
1922 938 2049 977 mox

487 1017 708 1086 utrique
756 1014 1087 1070 adorationis
1120 1015 1327 1069 cultum
1366 1014 1646 1079 exhibuit,
1685 1029 1933 1085 quasque
1963 1030 2056 1070 ve-

490 1108 672 1163 nando
698 1115 912 1177 ceperat
943 1105 1183 1161 ferarum
1214 1107 1536 1177 sanguinem
1572 1106 1781 1161 libavit.
1838 1104 2057 1162 Postea-

489 1215 650 1270 quam
685 1208 863 1253 autem
894 1214 1212 1271 supremum
1256 1198 1347 1253 isti
1380 1213 1571 1253 omnes
1597 1197 1740 1253 diem
1770 1198 2053 1266 obiissent,

489 1292 583 1362 qui
612 1291 953 1361 superstites,
988 1290 1186 1359 inquit,
1227 1304 1539 1343 remansere
1569 1330 1585 1355 ,
1631 1289 1813 1359 virgas
1847 1305 1910 1344 ac
1938 1290 2055 1357 cip-

489 1397 588 1452 pos
610 1382 663 1435 in
687 1396 879 1436 eorum
910 1382 1174 1435 honorem
1206 1389 1557 1436 consecratos
1609 1382 1943 1446 adorarunt,
1978 1380 2057 1435 fe-

489 1481 710 1541 stosque
738 1472 858 1525 dies
879 1471 1109 1525 solemni
1135 1470 1241 1523 ritu
1280 1472 1573 1540 quotannis
1606 1480 1953 1543 peregerunt.
1988 1473 2058 1526 At

488 1578 619 1618 vero
652 1563 842 1617 multis
870 1573 994 1633 post
1026 1564 1239 1617 szeculis
1263 1604 1279 1629 ,
1309 1580 1372 1618 ex
1414 1564 1561 1619 illius
1596 1562 1929 1635 Hypsuranii
1963 1577 2055 1618 so-

489 1651 611 1705 hole
632 1648 874 1705 Venator
907 1666 972 1704 ac
1004 1649 1247 1705 Piscator
1274 1654 1386 1707 nati
1415 1661 1563 1735 sunt,
1600 1653 1694 1722 qui
1738 1653 2057 1723 piscationis

489 1757 552 1797 ac
584 1741 891 1797 venationis
917 1750 1086 1795 artem
1110 1742 1388 1808 invenere,
1411 1758 1476 1797 ac
1493 1744 1587 1798 toti
1610 1746 1942 1814 piscatorum
1969 1760 2059 1799 ve-

2160 565 2294 635 μετὰ
2320 565 2491 618 ταῦτα
2524 568 2586 617 ἐκ
2616 565 2709 617 τοῦ
2738 564 2924 632 γένους
2957 563 3147 616 τούτου
3191 558 3442 629 γενέσθαι
3482 557 3729 621 νεανίδας

2155 657 2267 718 δύο,
2315 657 2596 710 καλεῖσθαι
2640 656 2697 710 δὲ
2741 656 2921 708 αὐτῶν
2965 655 3056 708 τὸν
3100 654 3198 724 μὲν
3237 650 3519 722 Τεχνίτην,
3552 649 3643 702 τὸν
3669 648 3728 702 δὲ

2159 751 2344 818 γήϊνον
2387 748 2708 818 Αύτὸχθονα.
2754 742 2914 800 Οὗτοι
2961 746 3262 815 ἐπενόησαν
3297 743 3375 814 τῷ
3421 740 3578 812 πηλῷ
3630 742 3727 811 τῆς

2159 840 2379 893 πλίνθου
2425 840 2782 911 συμμιγνύειν
2812 838 3064 910 φορυτὸν,
3096 838 3191 890 καὶ
3218 835 3295 905 τῷ
3321 834 3459 905 ἡλίῳ
3501 832 3670 896 αὑτὰς
3699 844 3727 873 ι

2156 933 2477 1004 τερσαίνειν,
2517 932 2652 985 ἀλλὰ
2692 932 2784 984 καὶ
2832 930 3028 997 στέγας
3058 927 3298 998 ἐξεῦρον.
3351 925 3485 978 Ἀπὸ
3524 923 3731 977 τούτων

2158 1025 2401 1089 ἐγένοντο
2453 1024 2649 1095 ἕτεροι,
2692 1017 2767 1077 ὧν
2815 1024 2845 1076 6
2899 1022 2998 1092 μὲν
3059 1020 3250 1091 Ἀγρὸς
3294 1018 3557 1080 ἐκαλεῖτο,
3595 1019 3624 1070 6
3674 1016 3731 1069 δὲ

2169 1115 2498 1187 Ἀγρούηρος
2534 1116 2569 1184 ἢ
2620 1114 2902 1186 Ἀγρότης,
2948 1108 3010 1167 οὗ
3050 1112 3143 1165 καὶ
3191 1112 3374 1175 ξόανον
3406 1105 3543 1162 εἶναι
3588 1107 3731 1178 μάλα

2160 1206 2470 1276 σεϐάσμιον,
2526 1207 2620 1258 καὶ
2685 1206 2809 1258 ναὸν
2849 1204 3319 1274 ζυγοφορούμενον
3367 1202 3426 1253 ἐν
3468 1199 3727 1272 Φοινίκῃο

2160 1296 2307 1366 παρὰ
2329 1296 2384 1348 δὲ
2412 1295 2634 1364 βιϐλίοις
2658 1295 2768 1363 (58)
2797 1294 3088 1365 ἐξαιρέτως
3117 1292 3256 1343 θεῶν
3282 1292 3311 1342 6
3341 1291 3593 1361 μέγιστος
3617 1290 3732 1340 ὀνο-

2162 1386 2409 1457 μάζεται.
2448 1385 2778 1454 Ἐπενόησαν
2803 1384 2859 1438 δὲ
2887 1380 3030 1439 οὗτοι
3064 1383 3229 1444 αύλὰς
3250 1381 3596 1453 προστιθέναι
3621 1382 3733 1441 τοῖς

2158 1479 2348 1542 οἴκοις,
2390 1480 2484 1531 καὶ
2534 1478 2887 1549 περιϐόλαια,
2930 1477 3024 1529 καὶ
3064 1475 3322 1545 σπήλαια.
3385 1471 3481 1526 Ἐκ
3525 1471 3730 1523 τούτων

2160 1571 2387 1640 ἀγρόται
2416 1572 2507 1623 καὶ
2539 1570 2784 1639 κυνηγοί.
2829 1563 2989 1622 Οὗτοι
3034 1568 3089 1620 δὲ
3123 1568 3216 1619 καὶ
3255 1564 3472 1635 ’Δλῆται
3515 1563 3608 1616 καὶ
3639 1561 3734 1613 Τι-

2160 1652 2319 1725 τᾶνες
2356 1661 2663 1714 καλοῦνται.
2724 1662 2854 1712 ’Ᾱπδ
2909 1660 3113 1728 τούτων
3169 1656 3419 1726 γενέσθαι
3507 1650 3733 1721 Ἀμύνον

2160 1755 2252 1806 καὶ
2280 1754 2491 1820 Μάγον,
2535 1752 2584 1804 οἳ
2620 1751 2931 1814 κατέδειξαν
2963 1752 3151 1819 κῶμας
3178 1750 3272 1802 καὶ
3304 1746 3557 1814 ποίμνας.
3597 1742 3732 1797 Ἀπὸ

490 1843 853 1904 natorumque
886 1834 1092 1887 nationi
1133 1850 1291 1888 suum
1322 1844 1511 1905 postea
1548 1850 1746 1891 nomen
1788 1836 2053 1891 indidere.

2161 1842 2361 1895 τούτων
2407 1840 2657 1910 γενέσθαι
2700 1840 2894 1910 Μισὼρ
2944 1841 3037 1892 καὶ
3085 1838 3257 1891 Συδὺκ
3295 1836 3425 1903 ('59),
3457 1835 3733 1887 τουτὲιστιν

488 1925 569 1978 Δί)
592 1924 783 1979 iisdem
820 1923 1013 1981 fratres
1039 1925 1306 1994 procreati
1330 1926 1464 1991 duo,
1493 1927 1589 1997 qui
1614 1926 1817 1981 ferrum
1833 1943 1898 1981 ac
1924 1927 2058 1982 mul-

488 2015 731 2085 tiplicem
762 2013 893 2071 ferri
925 2033 1085 2071 usum
1117 2032 1388 2086 reperere.
1438 2016 1683 2084 Quorum
1715 2018 1855 2073 alter
1885 2018 2058 2089 Chry-

490 2123 585 2162 sor
613 2108 856 2174 nomine,
889 2125 1050 2179 quem
1084 2107 1387 2165 Vulcanum
1436 2124 1561 2165 esse
1610 2110 1727 2177 ait,
1761 2110 2058 2180 plurimum

489 2215 669 2270 operm
697 2216 761 2257 ac
791 2203 959 2258 studii
1011 2203 1211 2272 partim
1267 2202 1322 2256 in
1378 2202 1712 2273 eloquentia,
1748 2203 1948 2274 partim
2003 2204 2059 2258 in

488 2296 838 2352 cantionibus
871 2312 935 2351 ac
947 2295 1225 2352 divinandi
1252 2298 1460 2351 artibus
1483 2296 1787 2352 collocavit.
1820 2294 1871 2352 ls
1897 2299 2058 2352 etiam

489 2386 712 2445 hamum
742 2397 906 2457 atque
934 2402 1137 2451 escam,
1164 2388 1494 2459 piscatorum
1528 2388 1749 2453 lineam,
1781 2403 1843 2441 ac
1869 2387 2062 2441 tumul-

490 2480 700 2535 tua’rias
724 2492 869 2535 rates
897 2480 1121 2546 invenit,
1146 2482 1465 2551 primusque
1481 2480 1789 2533 mortalium
1814 2479 2059 2534 omnium

488 2571 779 2642 navigavit.
805 2571 1171 2636 Quamobrem
1197 2588 1321 2627 eum
1351 2588 1569 2642 quoque
1600 2583 1722 2643 post
1747 2575 1956 2628 obitum
1986 2574 2064 2628 iu-

490 2676 604 2714 star
633 2661 721 2715 Dei
775 2663 1096 2727 coluerunt,
1152 2662 1440 2732 ipsumque
1479 2674 1738 2732 praeterea
1770 2663 2059 2719 Diamiehii

490 2756 711 2809 nomine
735 2755 1108 2824 appellarunt;
1146 2770 1245 2809 nec
1273 2757 1470 2809 desunt
1503 2756 1667 2810 etiam
1691 2756 1784 2826 qui
1808 2756 1878 2810 ab
1910 2754 2062 2826 ejus-

489 2851 608 2905 dem
646 2849 903 2904 fratribus
932 2849 1319 2904 struendorum
1352 2864 1416 2906 ex
1459 2851 1725 2905 lateribus
1775 2866 2058 2906 murorum

487 2955 552 2995 ac
578 2940 840 3010 parietum
864 2938 1128 2992 rationem
1183 2941 1542 3010 excogitatam
1586 2954 1712 2996 esse
1757 2940 1943 2998 velint.
1977 2940 2061 2995 Ab

486 3032 726 3104 ejusdem
750 3031 981 3100 posteris
1014 3032 1178 3103 geniti
1225 3032 1602 3087 adolescentes
1636 3032 1745 3087 duo
1772 3072 1787 3096 ,
1822 3046 2056 3102 quorum

490 3140 631 3180 unus
664 3123 889 3190 Artifex,
920 3124 1055 3178 alter
1087 3138 1218 3178 vero
1249 3125 1527 3179 terrestris
1562 3124 1816 3195 lndigena
1852 3140 2059 3179 nuncu-

487 3229 665 3287 patus.
692 3216 757 3271 Hi
791 3218 1213 3288 quisquiliarum
1241 3233 1366 3272 cum
1414 3217 1652 3272 lateritio
1680 3218 1796 3273 luto
1825 3219 2059 3274 miscen-

489 3312 707 3375 darum,
756 3310 1043 3379 utriusque
1073 3324 1204 3363 vero
1231 3310 1362 3364 solis
1390 3309 1572 3363 calore
1594 3309 1904 3364 exsiccandi
1937 3351 1951 3375 ,
1994 3323 2059 3365 ac

490 3410 759 3454 tectorum
818 3400 1025 3454 adibus
1068 3399 1521 3468 imponendorum
1582 3407 1832 3454 auctores
1883 3399 2056 3456 fuere.

490 3493 641 3546 Alios
670 3492 797 3545 item
829 3491 966 3546 duos
1013 3499 1389 3560 procrearunt,
1425 3505 1659 3559 quorum
1694 3507 1835 3546 unus
1884 3492 2013 3562 Agri
2042 3533 2059 3559 ,

492 3585 626 3637 alter
650 3583 858 3638 Rustici
898 3583 1013 3639 sive
1044 3582 1295 3650 agricolae
1326 3598 1523 3635 nomen
1578 3582 1803 3652 accepit.
1837 3581 1903 3639 Et
1934 3584 2061 3639 huic

492 3675 709 3743 quidem
737 3674 1090 3729 simulacrum
1118 3674 1322 3727 eximio
1346 3673 1492 3728 cultu
1508 3674 1813 3730 dedicatum
1843 3686 1946 3742 est,
1972 3677 2065 3732 ad-

492 3767 606 3820 dito
631 3782 849 3837 quoque
882 3766 937 3819 in
991 3764 1253 3820 Phoenice
1286 3765 1508 3833 templo,
1567 3766 1710 3834 quod
1758 3768 1825 3821 ab
1856 3769 2063 3837 aliquot

487 3858 799 3927 jugatorum
835 3857 999 3911 boum
1030 3856 1252 3925 paribus
1277 3857 1622 3927 gestabatur:
1656 3858 1787 3927 quin
1810 3859 1973 3913 etiam
2006 3861 2059 3913 in

493 3959 732 4003 veterum
777 3947 932 4003 libris
980 3949 1207 4002 deorum
1240 3949 1515 4002 maximus
1536 3950 1712 4020 elogio
1744 3950 1902 4018 plane
1948 3952 2063 4006 sin-

491 4039 665 4109 gulari
698 4040 1029 4095 nominatur.
1057 4041 1233 4094 Ambo
1259 4050 1513 4108 prmterea
1532 4043 1911 4098 construendis
1940 4043 2064 4098 ξιξόί-

489 4133 594 4189 bus
623 4148 732 4188 non
758 4132 935 4189 solum
965 4134 1134 4199 atria,
1165 4149 1352 4188 verum
1397 4135 1559 4189 etiam
1589 4133 1752 4190 ducta
1783 4135 1835 4189 in
1872 4135 2060 4191 orbem

491 4235 640 4296 septa
669 4241 791 4280 cum
824 4226 1098 4297 speluncis
1132 4225 1402 4282 addidere.
1433 4226 1515 4281 Ab
1544 4226 1611 4281 iis
1655 4237 1765 4281 tam
1797 4227 2063 4298 agricola-

491 4334 635 4383 rum,
659 4332 821 4388 quam
854 4327 1195 4381 venatorum,
1240 4315 1335 4386 qui
1367 4318 1596 4373 canibus
1630 4326 1936 4381 uterentur,
1963 4332 2061 4387 ge-

490 4424 596 4463 nus
634 4417 1010 4477 propagatum.
1063 4408 1259 4463 Iisdem
1290 4407 1561 4463 Erronum
1606 4422 1671 4463 ac
1701 4405 1957 4463 Titanum
1988 4417 2065 4462 at-

2158 1933 2377 1986 εύλυτον
2407 1935 2502 1986 καὶ
2527 1932 2752 1986 δίκαιον.
2797 1929 2954 1987 Οὗτοι
2995 1932 3094 2001 τὴν
3132 1929 3227 1982 τοῦ
3264 1929 3389 1992 ἁλὸς
3418 1928 3613 1998 χρῆσιν
3646 1922 3736 1977 εἱ-

2159 2042 2273 2095 ρον.
2320 2025 2452 2078 Ἀπὸ
2487 2023 2681 2096 Μισὼρ
2711 2025 2978 2086 Τάαυτος,
3008 2023 3066 2084 ὃς
3088 2018 3210 2092 εὗρε
3240 2021 3335 2091 τὴν
3364 2020 3473 2072 τῶν
3502 2017 3733 2090 πρώτων

2159 2117 2436 2188 στοιχείων
2484 2120 2737 2189 γραφήν·
2791 2117 2850 2170 ὃν
2897 2117 3182 2184 Αίγύπτιοι
3236 2115 3334 2185 μὲν
3377 2112 3547 2183 Θωὼρ
3597 2112 3731 2179 (40‘).

2172 2208 2540 2281 Ἀλεξανδρεῖς
2580 2210 2635 2263 δὲ
2677 2208 2858 2271 Θωῧθ,
2901 2209 3159 2278 ’Έλληνες
3203 2207 3259 2260 δὲ
3300 2206 3500 2277 Ἑρμῆν
3542 2206 3732 2257 ἐκάλε-

2162 2318 2292 2356 σαν*
2326 2305 2391 2355 ἐκ
2431 2301 2487 2355 δέ
2528 2300 2620 2354 τοῦ
2669 2302 2867 2363 Συδὺκ,
2917 2298 3318 2370 Διόσκουροι,ἢ
3364 2298 3647 2368 Καϐειροὶ,
3699 2296 3731 2365 ἢ

2162 2394 2526 2465 Κορύϐαντες,
2575 2394 2609 2466 ἢ
2660 2392 3030 2465 Σαμοθρᾷκες.
3089 2385 3270 2453 Οὗτοι,
3326 2392 3479 2460 φησι,
3527 2388 3736 2461 πρῶτοι

2161 2487 2343 2539 πλοῖον
2388 2481 2563 2555 εὗρον.
2608 2484 2703 2537 Ἐκ
2740 2482 2941 2538 τούτων
2980 2483 3266 2551 γεγόνασιν
3304 2481 3502 2552 ἕτεροι,
3545 2481 3594 2533 οἳ
3641 2480 3736 2533 καὶ

2160 2578 2387 2650 βοτάνας
2418 2575 2595 2649 εὗρον,
2626 2578 2719 2631 καὶ
2743 2576 2843 2648 τὴν
2870 2576 2976 2629 τῶν
3004 2574 3244 2629 δακετῶν
3280 2577 3443 2635 ίασιν,
3472 2575 3566 2627 καὶ
3591 2577 3737 2643 ἐπῳ-

2166 2671 2284 2733 δάς.
2320 2670 2476 2722 Κατὰ
2518 2668 2741 2732 τούτους
2767 2668 2975 2737 γίνεταί
3024 2684 3108 2729 τις
3151 2665 3358 2720 Ἐλιοίν
3405 2667 3734 2737 καλούμενος

2163 2761 2444 2830 ’Υψιστος,
2479 2760 2573 2813 καὶ
2600 2759 2787 2830 θήλεια
2811 2758 3078 2829 λεγομένη
3107 2758 3339 2827 Βηροὺθ,
3359 2758 3407 2810 οἳ
3434 2758 3527 2810 καὶ
3558 2757 3735 2826 κατῴ-

2161 2868 2290 2905 κουν
2323 2853 2452 2923 περὶ
2476 2850 2699 2914 Βύϐλον,
2728 2849 2787 2914 ἐξ
2816 2844 2891 2903 ὧν
2916 2851 3170 2917 γεννᾶται
3203 2849 3471 2916 Ἐπῐγειος
3497 2848 3530 2917 ἢ
3565 2846 3734 2899 A626-

2160 2940 2325 3011 χθων,
2340 2941 2400 2995 ὃν
2426 2940 2651 3012 ὕστερον
2673 2941 2938 2994 ἐκάλεσαν
2958 2940 3217 3011 Οὐρανόν·
3238 2940 3313 3003 ὡς
3343 2941 3437 2993 ἀπ’
3459 2938 3621 2992 αὑτοῦ
3642 2940 3735 2992 καὶ

2157 3033 2219 3085 τὸ
2249 3034 2390 3104 ὑπὲρ
2419 3034 2567 3103 ἡμᾶς
2602 3036 2883 3104 στοιχεῖον,
2914 3033 2984 3086 δι’
3026 3031 3330 3103 ὑπερϐολὴν
3363 3032 3458 3085 τοῦ
3503 3032 3732 3092 κάλλους

2160 3126 2447 3197 ὀνομάζειν
2477 3125 2725 3197 οὐρανόν.
2753 3125 2792 3177 Γ
2796 3126 3014 3177 εννᾶται
3034 3124 3093 3176 δὲ
3120 3122 3290 3192 τούτῳ
3316 3122 3518 3193 ἀδελφὴ
3540 3123 3605 3174 ἐκ
3626 3121 3735 3175 τῶν

2160 3216 2593 3290 προειρημένων,
2623 3216 2659 3287 ἢ
2700 3217 2793 3271 καὶ
2822 3215 3026 3286 ἐκλήθη
3060 3214 3156 3286 Γῆ,
3187 3214 3282 3267 καὶ
3307 3213 3397 3267 διὰ
3427 3213 3488 3266 τὺ
3516 3212 3735 3277 κάλλος,

2158 3311 2253 3364 ἀπ’
2282 3309 2475 3379 αὐτῆς,
2513 3312 2702 3380 φησιν,
2732 3308 2998 3363 ἐκάλεσαν
3037 3306 3136 3380 τὴν
3180 3305 3468 3377 ὁμώνυμον
3506 3306 3630 3377 γῆν.
3673 3306 3732 3359 Ὀ

2157 3399 2215 3452 δὲ
2258 3399 2465 3452 τούτων
2507 3398 2691 3470 πατὴρ
2738 3400 2768 3451 6
2816 3397 3077 3468 ’Υψιστος
3117 3399 3182 3450 ἐκ
3226 3395 3501 3467 συμϐολῆς
3530 3394 3735 3468 Θηρίων

2159 3490 2484 3562 τελευτήσας
2513 3489 2815 3561 άφιερώθη,
2845 3483 2890 3557 ᾧ
2920 3491 3011 3543 καὶ
3044 3489 3173 3561 χοὰς
3202 3489 3295 3542 καὶ
3324 3487 3516 3551 θυσίας
3542 3489 3590 3540 oi
3618 3489 3738 3539 παῖ-

2159 3582 2247 3645 δες
2289 3582 2558 3637 ἐτέλεσαν.
2594 3581 2927 3653 Παραλαϐὼν
2954 3582 3011 3634 δὲ
3042 3583 3071 3634 6
3103 3579 3346 3653 Οὐρανὸς
3374 3578 3471 3650 τὴν
3501 3577 3594 3631 τοῦ
3631 3593 3735 3631 πα-

2160 3675 2287 3745 τρὸς
2311 3674 2505 3745 ἀρχὴν,
2528 3674 2717 3742 ἄγεται
2748 3673 2881 3743 πρὸς
2900 3674 3078 3743 γάμον
3104 3671 3202 3742 τὴν
3228 3670 3461 3741 ἀδελφὴν
3488 3669 3614 3740 Γῆν,
3645 3669 3736 3721 καὶ

2162 3767 2395 3818 ποιεῖται
2427 3766 2484 3832 ἐξ
2516 3766 2685 3833 αὐτῆς
2716 3764 2908 3827 παῖδας
2939 3761 3003 3827 δ’,
3056 3759 3221 3825 Ἶλον,
3254 3763 3312 3815 ὃν
3370 3764 3465 3817 καὶ
3506 3763 3734 3834 Κρόνον,

2161 3861 2254 3912 καὶ
2299 3859 2545 3921 Βέτύλον,
2598 3861 2691 3912 τρια)⁸
2734 3857 2925 3927 Δαγὼν
2973 3861 3108 3927 (Η),
3158 3859 3216 3921 ὃς
3262 3859 3380 3910 ἐστι
3422 3858 3610 3919 Σίτων,
3644 3858 3737 3910 καὶ

2166 3956 2455 4006 Ἄτλαντα.
2486 3954 2594 4007 Καὶ
2627 3953 2687 4018 ἐξ
2714 3953 2884 4007 ἄλλων
2911 3953 2968 4005 δὲ
2995 3952 3247 4022 γαμετῶν
3274 3953 3304 4005 6
3334 3950 3579 4024 Οὐρανὸς
3611 3951 3737 4003 πολ⁴

2159 4047 2258 4120 λὴν
2286 4047 2410 4117 ἔσχε
2433 4046 2646 4114 γενεάν.
2680 4046 2770 4098 Διὸ
2807 4045 2899 4098 καὶ
2924 4045 3318 4114 χαλεπαίνουσα
3347 4046 3381 4114 ἡ
3407 4043 3504 4113 Γῆ,
3530 4043 3622 4095 τὸν
3642 4043 3738 4095 05.

2162 4139 2319 4212 pav6v
2352 4137 2726 4209 ζηλοτυποῦσα
2754 4138 3029 4201 ἐκάκιζεν,
3053 4137 3129 4200 ὡς
3159 4138 3253 4189 καὶ
3275 4136 3552 4207 διαστῆναι
3577 4135 3736 4206 ἀλλή-

2159 4231 2286 4286 λων.
2330 4231 2387 4285 Ὀ
2413 4231 2467 4284 δὲ
2501 4231 2741 4301 Οὐρανὸς
2777 4231 3140 4301 ἀποχωρήσας
3187 4230 3377 4299 αὐτῆς,
3420 4227 3555 4300 μετὰ
3594 4228 3733 4297 βίας,

2160 4324 2248 4377 ὅτε
2287 4324 2380 4376 καὶ
2418 4321 2667 4376 ἐϐούλετο
2698 4321 2885 4387 ἐπιὼν,
2910 4323 3003 4375 καὶ
3037 4320 3351 4391 πλησιάζων
3392 4321 3552 4392 αὐτῇ,
3576 4318 3735 4372 πάλιν

2161 4413 2552 4485 ἀπηλλάττετο.
2589 4414 2893 4486 Ἐπεχείρει
2915 4414 2973 4467 δὲ
2998 4415 3091 4466 καὶ
3111 4414 3237 4477 τοὺς
3266 4412 3326 4477 ἐξ
3348 4412 3516 4483 αὐτῆς
3541 4410 3735 4473 παῖδας

492 4498 755 4551 tributum
795 4512 1012 4552 nomen.
1048 4496 1214 4553 Filios
1247 4499 1516 4569 reliquere
1547 4497 1819 4569 Amynum
1869 4506 1923 4551 et
1952 4495 2059 4551 Ma-

2161 4505 2511 4577 διαφθείρειν,
2540 4507 2638 4575 τῆν
2670 4506 2723 4558 δὲ
2747 4507 2853 4575 Γῆν
2875 4504 3183 4575 ἀμύνασθαι
3208 4505 3486 4570 πολλάκις,
3521 4520 3736 4573 συμμαι

492 4607 619 4659 gum
653 4629 669 4655 ,
716 4589 916 4660 quibus
956 4590 1206 4644 villarum
1259 4605 1591 4660 gregumque
1624 4590 1945 4645 alendorum
1979 4602 2064 4644 ra-

492 4684 669 4737 tiones
698 4677 948 4735 l'eruntur
974 4691 1223 4749 acceptre.
1274 4681 1383 4752 36
1407 4681 1486 4736 Ex
1526 4681 1644 4736 istis
1678 4681 1791 4736 nati
1816 4680 1984 4736 Miser
2006 4688 2063 4736 et

495 4771 691 4842 Sydyc,
719 4756 933 4827 hoc‘est
959 4769 1150 4827 Solutu
1202 4772 1377 4827 facilis
1394 4814 1421 4845 _,
1464 4788 1529 4827 ac
1553 4771 1769 4837 Justus,
1806 4774 1899 4843 qui
1931 4773 2065 4828 salis

496 4879 655 4917 usum
684 4879 958 4933 reperere.
989 4856 1158 4919 Miser
1188 4864 1357 4919 lilium
1394 4865 1664 4920 Taautum
1714 4866 1907 4921 habuit
1958 4866 2066 4937 pri-

499 4970 711 5009 morum
735 4958 787 5010 in
803 4957 1088 5012 scribendo
1108 4957 1497 5011 elementorum
1522 4958 1878 5024 inventorem,
1903 4973 2065 5028 quem

505 5047 738 5118 Algyptii
759 5044 965 5116 Thoor,
992 5050 1345 5115 Alexandrini
1378 5049 1613 5121 Thoyth,
1654 5049 1826 5107 Graeci
1856 5050 2066 5107 Mercu—

570 5199 594 5227 ει
632 5186 720 5239 Ἵσ
750 5190 911 5243 αὐτα.

569 5346 682 5414 {'58)
722 5347 1003 5424 Βιᾷλίοις.
1037 5346 1199 5424 Forte
1244 5349 1539 5424 reponend.
1573 5349 1834 5415 Βυϐλίοις,
1862 5362 1920 5406 ut
1960 5350 2064 5424 By-

499 5416 911 5488 bliospopulus,
939 5431 1046 5470 non
1077 5419 1242 5470 libros
1273 5419 1552 5488 intelligat.

570 5486 681 5557 (59)
714 5486 934 5557 ,Μισὼρ
982 5488 1081 5540 καί
1125 5488 1341 5541 Συδύκ.
1390 5486 1609 5543 llebrtea
1664 5502 1809 5555 sunt,
1870 5500 2059 5551 mu:

499 5555 792 5638 rectitude;
822 5566 876 5638 et
1055 5558 1258 5638 justus.

569 5626 676 5697 (40)
714 5624 913 5693 Θωιίλοί
943 5624 1105 5681 Mont.
1137 5630 1236 5697 leg.
1274 5627 1415 5694 Θώθ,
1448 5629 1664 5696 melius,
1692 5640 1751 5684 ut
1780 5631 2014 5685 arbitror
2042 5648 2055 5695 ;

498 5697 709 5751 tametsi
738 5706 1037 5768 permutata
1065 5700 1149 5752 hic
1182 5698 1558 5768 Egyptiorum
1589 5709 1643 5754 et
1672 5701 2060 5754 Alexandrino-

499 5783 617 5820 rum
676 5765 894 5821 uomina
949 5768 1114 5822 videri
1166 5765 1397 5839 possint.
1436 5768 1610 5838 Supra
1652 5770 1795 5824 enim
1851 5786 1970 5841 cap.
2000 5772 2054 5836 9,

2162 4592 2282 4662 χιαν
2323 4592 2459 4663 αὐτῇ
2495 4592 2910 4665 συλλεξτμένην.
2950 4594 3042 4658 Είς
3088 4593 3284 4665 ἄνδρας
3310 4595 3366 4647 δὲ
3395 4591 3672 4664 προελθὼν
3708 4593 3741 4643 6

2163 4686 2409 4757 Κρόνος,
2486 4685 2658 4757 Ἐρμῇ
2709 4684 2792 4755 τῷ
2853 4685 3234 4756 Τρισμεγίστῳ
3297 4683 3585 4756 συμϐούλῳ
3644 4683 3738 4736 καὶ

2168 4777 2345 4850 βοηθῷ
2385 4772 2867 4849 χρώμενος,ὀἷιτος
2898 4777 3004 4848 γάρ
3041 4771 3107 4846 ῆν
3153 4775 3316 4830 αὑτοῦ
3353 4775 3735 4847 γραμματεὺς.

2166 4871 2256 4922 τὸν
2288 4873 2497 4943 πατέρα
2544 4869 2786 4942 Οὐρανὸν
2816 4868 3102 4939 ἀμύνεται,
3133 4870 3391 4940 τιμωρῶν
3434 4871 3501 4939 τῇ
3546 4866 3732 4938 μητρί.

2167 4962 2374 5032 Κρόνου
2416 4962 2474 5014 δὲ
2523 4961 2761 5028 γίνονται
2785 4959 2994 5024 παῖδες,
3032 4960 3345 5031 Περσεφόνη
3376 4960 3469 5012 καὶ
3517 4957 3734 5028 Ἀθηνᾶ.

2176 5055 2237 5108 Ἦ
2265 5054 2362 5125 μὲν
2391 5050 2486 5107 οὖν
2524 5051 2713 5124 πρώτη
2745 5051 3012 5125 παρθένος
3039 5051 3315 5105 ἐτελεύτα’
3346 5051 3447 5122 τῆς
3472 5051 3530 5105 δὲ
3580 5049 3739 5122 Ἀθη-

2170 5354 2273 5407 sub
2319 5353 2503 5418 ﬁnem,
2545 5351 2755 5423 Thoyth
2810 5351 3097 5423 Egyptiis,
3130 5350 3308 5406 'I‘hoth
3343 5368 3475 5408 vero
3502 5352 3737 5412 Alexan-

2162 5424 2332 5477 drinis
2358 5424 2649 5489 tribuerat;
2686 5424 2770 5476 hic
2800 5434 3007 5477 eontra.
3110 5474 3118 5483 ,

2233 5494 2340 5562 (Η)
2383 5492 2601 5561 Δαγὼν.
2643 5491 2928 5547 Hebraeum
2958 5504 3042 5547 est
3078 5498 3185 5562 In,
3219 5494 3576 5561 frumentum;
3607 5506 3732 5548 nam

2160 5573 2213 5615 et
2262 5564 2346 5615 hic
2402 5563 2563 5615 σίτων
2597 5563 2928 5631 explicatur:
2962 5574 3015 5617 et
3038 5562 3139 5631 τίδ’]
3184 5563 3274 5618 ille
3328 5562 3731 5619 Philistteorutu

2161 5633 2315 5695 deus,
2349 5632 2601 5685 frumenti
2629 5648 2848 5700 praeses.
2876 5632 2994 5686 Mox
3022 5632 3206 5690 n'oster
3231 5634 3735 5688 Sanchuniathmus

2160 5704 2376 5777 οῖς-τρο
2397 5701 2478 5777 ’δέ
2527 5701 2737 5777 Δαγὼν,
2782 5703 2969 5774 ἐπειδὴ
3018 5700 3139 5776 εὗρε
3168 5706 3313 5758 σῖτον
3344 5706 3436 5758 καὶ
3480 5703 3729 5777 ἄροτρον,

2163 5770 2363 5844 ἐκλήθη
2394 5772 2528 5833 Ζεὺς
2570 5772 2865 5846 ’Λρότριος.
