2077 3211
227 211 260 239 si
804 217 967 245 PREPAR.
989 218 1117 248 EVANG.
1139 219 1203 248 LIB.
1223 222 1246 250 ι.
1817 217 1853 255 ετ

228 270 276 303 vi;
287 270 380 307 γνώμῃ
389 271 436 298 καὶ
443 272 741 307 Ἐρμοῠ,κατεσκεύασε
749 276 853 311 Κρόνος
861 276 893 303 ὲκ
905 277 1003 312 σιδήροι

1067 278 1137 306 rium
1151 279 1338 307 nominarunt.
1357 279 1397 307 Ex
1411 280 1500 316 Sydyc
1516 289 1581 309 vero
1597 281 1732 316 Dioscuri,
1744 289 1791 310 seu
1803 282 1853 311 Ca-

229 316 319 352 ἅρπην
328 318 373 343 καὶ
381 318 455 354 δόρυ.
468 316 532 345 Εἶτα
542 320 556 344 ὁ
563 320 665 355 Ἐρμῆς
674 322 729 352 τοῖς
736 321 782 347 τοῦ
793 322 896 357 Κρόνου
910 324 1016 358 συμμά-

227 370 284 397 χοις
302 362 396 397 λόγους
410 365 525 398 μαγείας
536 365 695 400 διαλεχθεὶς,
711 366 792 393 πόθον
808 368 948 403 ἐνεποίησε
960 371 1015 399 τοῖς

227 408 286 433 κατ’
302 408 422 443 Οὐρανὸν
432 415 444 429 ι
458 410 546 445 μάχης
559 411 627 445 ὑπὲρ
639 411 688 445 τῆς
698 411 761 446 Γῆς,
772 414 820 439 καὶ
831 412 900 439 οὕτω
912 414 1015 448 Κρόνος

226 454 270 478 τὸν
279 453 407 487 Οὐρανὸν,
418 454 528 490 πολέμῳ
538 455 693 490 συμϐαλὼν,
703 457 752 491 τῆς
764 457 849 492 ἀρχῆς
861 457 956 492 ἤλασε,
968 459 1014 484 καὶ

226 497 275 532 τὴν
293 497 429 532 βασιλείαν
445 499 586 532 διεδέξατο.
611 501 696 527 Ἑάλω
707 502 734 528 δὲ
750 503 777 528 ὲν
792 504 824 537 τῇ
841 503 914 538 μάχῃ
932 503 978 530 καὶ
997 504 1013 538 ἡ

227 543 377 578 ἐπέραστος
393 544 439 571 τοῦ
457 545 578 581 Οὐρανοῦ
591 546 731 580 σύγκοιτος
746 548 873 583 ἐγκύμων
894 547 970 580 οὖσα,
982 551 1014 584 ἣν

225 588 363 616 ἐκδίδωσιν
379 590 393 616 ὁ
411 591 513 626 Κρόνος
524 592 591 627 πρὸς
608 593 696 628 γάμον
709 593 747 629 τῷ
762 594 877 628 Δαγῶνι,
888 595 974 622 τίκτει
985 596 1013 623 δὲ

226 633 301 669 παρὰ
314 634 400 671 τούτῳ
415 636 428 662 ὃ
442 637 511 663 κατὰ
525 639 642 674 γαστρὸς
667 639 696 671 ἐξ
724 640 847 674 Οὐρανοῦ
875 641 981 677 ἔφερεν,
1000 642 1014 667 ὃ

225 680 271 706 καὶ
286 681 398 708 ἐκάλεσε
414 683 568 719 Δημαροῦν.
589 685 649 710 Ἐπὶ
660 685 764 717 τούτοις
776 687 789 712 ό
807 687 910 721 Κρόνος
925 689 1011 722 τεῖχος

223 726 379 762 περιϐάλλει
407 730 438 764 τῇ
470 730 566 756 ἑαυτοῦ
591 731 712 766 οἰκήσει,
739 732 786 758 καὶ
803 732 913 768 πρώτην
934 733 1012 760 πόλιν

222 771 306 804 κτίζει
328 774 378 810 τὴν
401 775 447 802 ἐπὶ
476 776 603 812 Φοινίκης
626 776 736 804 Βύϐλον.
755 778 834 805 Μετὰ
860 779 948 806 ταῦτα
966 779 1011 806 τὸν

222 817 334 852 ἀδελφὸν
349 819 393 846 τὸν
405 820 469 847 ἴδιον
485 821 619 849 Ἄτλαντα
636 823 787 858 ὑπονοήσας
805 824 819 850 ό
833 825 946 860 Κρόνος,
961 834 1010 861 με·

222 864 258 890 τὰ
269 865 380 902 γνώμης
397 867 443 894 τοῦ
463 868 507 905 Ἑρ
512 869 562 904 μοῦ
576 871 616 901 εἰς
629 870 709 904 βάθος
722 871 774 906 γῆς
792 871 917 905 ἐμϐαλὼν
930 872 1010 900 κατέ-

222 918 304 944 χωσε,
317 912 394 939 Κατὰ
408 913 501 940 τοῦτον
513 914 606 950 χρόνον
615 916 640 941 οἱ
650 916 703 942 ἀπὸ
711 916 762 943 τῶν
772 917 941 953 Διοσκούρων
953 926 1011 953 σχερ

1067 324 1129 355 biri,
1146 332 1193 352 seu
1210 326 1390 360 Corybantes,
1406 334 1454 354 seu
1462 327 1579 362 denique
1591 328 1783 356 Samothraces
1797 330 1853 356 ori-

1066 370 1156 403 ginem
1171 378 1311 405 accepere.
1333 370 1434 399 Ambos
1449 380 1559 407 quoque
1585 374 1722 408 navigium
1748 374 1851 408 primos

1065 415 1235 450 excogitasse
1249 415 1350 443 ferunt.
1369 417 1410 443 Ab
1428 424 1545 453 utroque
1560 419 1694 453 procreati
1723 419 1780 452 alii,
1803 419 1850 454 qui

1065 469 1119 487 non
1134 461 1232 488 herbas
1242 462 1333 493 modo,
1344 462 1391 489 sed
1404 463 1486 489 etiam
1501 469 1694 491 venenatorum
1710 472 1850 492 morsuum

1065 505 1235 532 curationem
1276 511 1303 533 et
1342 507 1482 533 cautiones
1515 507 1650 534 invenere.
1682 506 1847 534 Eorumdem

1063 554 1142 577 :etate
1157 555 1236 578 natus
1258 555 1300 578 est
1319 551 1398 578 Eliun
1418 553 1527 586 quidam
1546 553 1656 580 nomine
1671 552 1848 585 Altissimus,

1064 595 1184 630 itemque
1201 596 1300 624 femina
1323 597 1423 624 Berutlt
1452 598 1594 633 appellata.
1621 598 1653 625 Hi
1681 599 1739 626 loca
1764 599 1850 635 Byblo

1063 641 1152 669 vicina
1164 648 1274 669 tenuere
1293 650 1325 670 ac
1340 642 1507 670 Terrestrem
1532 644 1677 678 quemdam
1703 645 1761 673 sive
1779 646 1850 672 indi-

1062 694 1158 721 genam
1173 688 1277 715 (Icelum
1291 694 1385 722 postea
1402 694 1589 723 nuncupatum
1608 698 1726 724 genuere
1737 711 1743 720 .
1761 698 1778 718 a
1793 699 1849 725 quo

1062 733 1143 760 etiam
1163 733 1229 760 illud
1242 734 1358 761 sublime
1377 735 1542 763 elementum
1562 756 1570 767 ,
1597 736 1669 770 quod
1699 745 1781 771 supra
1798 745 1848 765 nos

1061 779 1189 812 volvitur,
1206 784 1316 814 propter
1336 780 1464 807 eximiam
1482 781 1693 815 pulchritudinis
1707 790 1737 809 ac
1755 782 1848 809 formae

1061 824 1179 858 speciem
1187 825 1292 853 leum
1309 830 1453 853 vocarunt.
1467 826 1492 853 Is
1506 833 1628 853 sororem
1645 827 1739 853 habuit
1751 827 1847 854 iisdem

1061 871 1219 905 parentibus
1236 875 1338 903 natam,
1353 871 1395 898 cui
1412 879 1510 899 nomen
1529 871 1612 898 Terra
1627 892 1633 904 ,
1649 873 1721 907 quod
1739 878 1848 907 propter

1062 917 1227 952 singularem
1243 917 1302 951 ejus
1316 919 1439 952 Corporis
1452 918 1624 953 dignitatem,
1638 927 1698 945 cum
1713 926 1754 949 ea.
1765 926 1848 953 quam

223 954 282 987 δίας
296 957 342 983 καὶ
355 958 434 985 πλοῖα
448 960 598 992 συνθέντες,
618 961 761 994 ἔπλευσαν,
788 963 834 989 καὶ
851 963 1003 998 ἐκριφέντες

1063 967 1162 990 terram
1179 971 1318 995 vocamus,
1352 968 1445 997 postea
1475 965 1723 990 communicarunt.
1746 963 1848 992 ΡΗΙῈΠΒ

222 1001 291 1027 κατὰ
306 1002 337 1028 τὸ
350 1003 470 1031 Κάσσιον
487 1005 560 1040 ὅρος,
586 1007 647 1033 ναόν
677 1007 767 1034 αὐτόθι
793 1008 957 1043 ἁφιέρωσαν.
979 1010 1009 1036 Οἱ

222 1046 248 1074 δὲ
261 1047 401 1085 σύμμαχοι
416 1051 498 1083 Ἴλου,
516 1052 562 1078 τοῦ
589 1054 704 1087 Κρόνου,
729 1054 842 1089 Ἐλωεὶμ
860 1055 1011 1091 ἐπεκλήθη-

221 1101 280 1126 σαν,
295 1095 333 1127 ὠς
346 1096 379 1123 ἂν
392 1098 501 1134 Κρόνιοι
522 1097 594 1125 οὗτοι
611 1097 680 1134 ἦσαν
694 1101 717 1126 οἱ
730 1101 869 1135 λεγόμενοι
885 1102 930 1129 ἐπὶ
937 1102 1009 1138 Κρό-

220 1147 277 1167 νου.
295 1141 399 1177 Κρόνος
416 1143 444 1169 δὲ
460 1144 516 1170 υἱὸν
534 1144 603 1179 ἔχων
617 1145 734 1176 Σάδιδον,
760 1146 816 1181 ἰδίῳ
842 1147 923 1173 αὑτὸν
940 1148 1009 1184 σιδή-

219 1194 259 1220 ρῳ
275 1185 445 1222 διεχρήσατο,
458 1189 491 1215 δι¹
511 1190 637 1221 ὑπονοίας
651 1191 730 1217 αὑτὸν
742 1191 876 1227 ἐσχηκὼς,
895 1195 941 1219 καὶ
957 1194 1007 1229 τῆς

219 1230 314 1266 ψυχῆς,
332 1233 458 1269 αὐτόχειρ
483 1234 529 1261 τοῦ
550 1235 643 1267 παιδὸς
664 1236 817 1271 γενόμενος,
850 1239 1004 1273 ὲστέρησεν.

223 1276 359 1309 Ὡσαύτως
375 1279 422 1305 καὶ
435 1279 568 1316 θυγατρὸς
583 1280 650 1313 ιδίας
661 1281 708 1317 τὴν
726 1283 847 1319 κεφαλὴν
858 1284 1004 1319 ἀπέτεμεν·

216 1324 255 1352 (ἒς
272 1322 376 1354 πάντας
389 1324 577 1360 ἐκπεπλῆχθαι
593 1326 670 1358 θεοὺς
696 1327 745 1362 τὴν
765 1328 869 1363 Κρόνου
883 1328 1004 1365 γνώμην.

217 1366 319 1402 Χρόνου
332 1368 360 1395 δὲ
373 1369 521 1406 προϊόντος,
536 1372 656 1407 Οὐρανὸς
667 1372 694 1398 ὲν
706 1374 778 1408 φυγῇ
793 1374 943 1409 τυγχάνων,
960 1374 1006 1400 θυ-

216 1411 319 1446 γατέρα
333 1412 414 1439 αὑτοῦ
428 1414 562 1449 παρθένον
587 1416 737 1452 ’Λστάρτην
767 1418 824 1452 μεθ’
840 1418 941 1454 ἐτέρων
956 1419 1006 1445 αὑ-

216 1455 264 1490 τῆς
282 1456 402 1492 ἀδελφῶν
418 1458 473 1491 δύο,
494 1459 573 1492 Ῥέας
590 1461 637 1487 καὶ
653 1461 765 1497 Διώνης,
787 1462 855 1497 δόλῳ
870 1463 915 1489 τὸν
932 1463 1006 1499 Κρό-

216 1509 259 1527 νον
270 1502 374 1529 ἀνελεῖν
390 1504 558 1540 ὑποπέμπει·
574 1506 607 1538 ἂς
621 1507 667 1533 καὶ
683 1506 750 1533 ἑλὼν
764 1509 778 1535 ὁ
794 1509 898 1543 Κρόνος
913 1517 1005 1545 κουρι-

216 1546 273 1579 δίας
287 1549 409 1583 γαμετὰς
428 1550 645 1588 ἁδελφὰςρὺσας
672 1554 830 1588 ἐποιήσατο.
845 1553 927 1585 Γνοὺς
943 1553 971 1580 δὲ
990 1556 1004 1581 ό

217 1594 345 1628 οὐρανὸς,
362 1586 630 1632 ἑπιστρατεὺείκατὰ
644 1599 691 1625 τοῦ
706 1599 811 1634 Κρόνου
827 1599 1002 1635 Εἱμαρμένην

217 1640 263 1666 καὶ
280 1639 363 1677 Ὥραν
377 1642 436 1676 μεθ’
450 1642 550 1677 ἑτέρων
581 1644 743 1679 συμμάχων,
767 1646 812 1670 καί
824 1645 925 1676 ταύτας
938 1646 1005 1677 ἐξοι-

214 1686 397 1721 κειωσάμενος
409 1688 423 1713 ὁ
437 1688 622 1724 Κρόνος,παρ’
646 1689 732 1723 ἐαυτῷ
744 1690 883 1724 κατέσχεν.
895 1690 954 1716 Ἔτι
965 1690 1003 1723 δὲ,

213 1730 308 1765 φησὶν,
325 1731 457 1766 ἐπενόησε
480 1732 540 1763 θεὸς
552 1733 672 1768 Οὐρανὸς
692 1733 828 1761 Bai—.6741.
846 1735 933 1768 λίθους
951 1738 1002 1770 ἐμ-

211 1775 314 1811 ψύχους
343 1778 581 1813 μηχανησάμενος.
616 1779 712 1815 Κρόνῳ
739 1780 767 1806 δὲ
799 1782 923 1815 ἐγένοντο
949 1782 1002 1808 ἀπὸ

217 1820 368 1857 Ἀστάρτης
385 1821 534 1858 θυγατέρες
550 1823 619 1849 ἑπτὰ
635 1824 801 1860 Τιτανίδεςῆ
832 1826 999 1862 Ἀρτέμιδες.

212 1866 268 1892 Καὶ
282 1866 362 1893 πάλιν
380 1867 418 1902 τῷ
432 1867 505 1903 αὐτῷ
518 1869 636 1903 γίνονται
651 1870 704 1897 ἀπὸ
722 1871 798 1903 Ῥέας
814 1872 906 1904 παῖδες
919 1873 999 1907 ἑπτὰ,

212 1909 250 1939 ὧν
262 1914 276 1939 ό
289 1913 421 1946 νεώτατος
441 1914 499 1950 ἅμα
511 1917 543 1951 τῇ
565 1916 670 1950 γενέσει
690 1917 840 1954 ἀφιερώθη·
871 1919 917 1946 καὶ
948 1921 1001 1947 ἀπὸ

212 1958 315 1994 Διώνης
327 1959 439 1996 θήλειαι,
466 1962 513 1987 καὶ
540 1962 593 1988 ἀπὸ
619 1963 768 1999 Ἀστάρτης
793 1965 872 1991 πάλιν
889 1965 1000 2002 ἄρρενες

211 2003 268 2035 δύο,
282 2004 366 2036 Πόθος
381 2006 426 2032 καὶ¹
442 2007 539 2042 Ἔρως.
571 2008 599 2034 '0
608 2007 636 2034 δὲ
652 2008 756 2042 Δαγὼν,
774 2010 865 2046 ἐπειδὴ
876 2009 937 2047 εὗρε
959 2012 999 2037 σί-

211 2056 257 2073 τον
267 2048 314 2075 καὶ
325 2048 449 2084 ἄροτρον,
461 2050 562 2087 ἐκλήθη
576 2052 644 2084 Ζεὺς
670 2053 815 2089 ’Δρότριος¹
832 2055 941 2091 Συὸύκῳ
957 2056 997 2087 δὲ,

210 2093 250 2129 τῷ
265 2094 404 2130 λεγομένῳ
420 2097 536 2130 Δικαίῳ,
553 2097 602 2132 μία
624 2098 677 2126 τῶν
692 2100 838 2127 Τιτανίδων
860 2102 996 2129 συνελθοῦ-

211 2149 254 2173 σα,
271 2142 352 2177 γεννᾷ
381 2143 426 2169 τὸν
457 2143 630 2179 Ἀσκληπιόν*
667 2146 851 2182 ἐγεννήθησαν
868 2147 896 2174 δὲ
910 2149 956 2175 καὶ
969 2150 998 2175 ὲν

209 2186 319 2223 Παραίᾳ
336 2187 391 2223 (42)
405 2190 512 2224 Κρόνῳ,
524 2191 598 2225 τρεῖς
609 2190 712 2224 παῖδες,
736 2193 839 2228 Κρόνος
854 2187 998 2229 ὁμώνυμος

209 2232 248 2268 τῷ
257 2234 352 2270 πατρὶ,
366 2235 412 2261 καὶ
425 2236 492 2268 Ζεὺς
508 2236 603 2272 Βῆλος,
617 2238 664 2264 καὶ
685 2239 831 2266 Ἀπόλλων.
846 2240 923 2266 Κατὰ
941 2240 996 2267 τού-

207 2287 272 2311 τους
286 2279 404 2313 γίνονται
418 2280 516 2314 Πόντος
544 2283 591 2309 καὶ⁴
609 2283 718 2318 Τυφὼν,
747 2285 791 2311 καὶ
805 2285 922 2320 Νηρεὺς,
941 2294 995 2312 πα-

207 2324 259 2361 τὴρ
275 2325 387 2352 Πόντου.
410 2326 476 2353 Ἀπὸ
501 2327 529 2354 δὲ
553 2328 600 2355 τοῦ
617 2329 718 2356 Πόντου
747 2330 851 2364 γίνεται
870 2331 962 2357 Σιδών·
977 2332 994 2367 ἢ

206 2370 266 2398 καθ’
280 2371 431 2408 ὑπερϐολὴν
457 2373 592 2407 εὐφωνίας
619 2375 715 2410 πρώτη
733 2375 815 2410 ὕμνον
837 2376 908 2412 ᾠδῆς
921 2374 993 2413 εὑρευ

206 2417 253 2448 καὶ
270 2416 416 2443 Ποσειδῶν·
442 2417 481 2453 τῷ
494 2418 522 2445 δὲ
552 2419 726 2456 Δημαροῦντι
748 2421 851 2458 γίνεται
863 2422 996 2459 Μελίκαρξ

207 2463 267 2495 θος,
286 2464 300 2490 ὁ
319 2464 365 2490 καὶ
388 2464 533 2500 Ἡρακλῆς.
548 2463 614 2491 Εἶτα
639 2466 720 2494 πάλιν
745 2467 865 2502 Οὐρανὸς
884 2467 996 2503 πολεμεῖ

205 2507 308 2544 Πόντῳ,
318 2510 363 2535 καὶ
377 2510 511 2542 ἀποστὰς,
520 2511 691 2546 Δημαροῦντι
704 2512 886 2547 προστίθεται·
906 2513 994 2540 ἔπεισί

203 2563 238 2582 τε
251 2554 344 2591 Πόντῳ
355 2557 370 2582 ό
380 2556 536 2593 Δημαροῦς,
553 2558 702 2593 τροποῦταί
714 2567 744 2585 τε
757 2559 837 2587 αὑτὸν
851 2559 865 2585 ὁ
883 2560 991 2593 Πόντος,

203 2599 219 2626 ὸ
237 2599 265 2626 δὲ
281 2601 426 2636 Δημαροῦς
437 2602 525 2637 φυγῆς
539 2602 633 2629 θυσίαν
653 2602 764 2638 ηὔξατο.
788 2605 862 2631 Ἔτει
876 2605 903 2631 δὲ
916 2615 993 2641 τρια-

205 2644 294 2680 κοστῷ
309 2646 482 2683 δευτέρῳτῆς
492 2647 589 2675 ἑαυτοῦ
605 2650 765 2685 κρατήσεως
782 2651 829 2677 καὶ
843 2650 991 2686 βασιλείας,

202 2691 218 2717 ό
235 2688 315 2723 Ἶλος,
330 2692 402 2718 τοῦτ’
416 2693 490 2721 ἔστιν
502 2693 517 2720 ὀ
535 2694 648 2730 Κρόνος,
675 2696 795 2732 οὐρανὸν
817 2697 863 2724 τὸν
886 2698 992 2732 πατέρα

203 2736 323 2772 λοχήσας
341 2739 370 2765 ἐν
385 2739 459 2771 τόπῳ
470 2740 523 2767 τινὶ
541 2742 684 2777 μεσογείῳ,
703 2742 748 2768 καὶ
772 2742 860 2770 λαϐὼν
883 2744 992 2778 ὑποχεί-

223 2811 236 2825 ι
257 2805 299 2831 ta.
318 2805 348 2832 οὺ
353 2805 443 2840 ρανοῦ.

1061 1013 1150 1035 autern
1179 1008 1286 1035 illortun
1305 1009 1479 1042 Altissimus,
1497 1018 1557 1038 cum
1575 1009 1694 1036 ferarum
1715 1018 1846 1044 congres«

1061 1055 1137 1082 sione
1152 1055 1288 1089 periisset,
1305 1056 1417 1082 deorum
1435 1056 1461 1082 in
1488 1063 1632 1082 numerum
1655 1061 1696 1082 est
1722 1055 1824 1083 relatus
1837 1076 1847 1089 ,

1059 1107 1141 1134 quem
1156 1099 1333 1127 libatiouihus
1348 1108 1380 1127 ac
1394 1100 1536 1128 sacriﬁciis
1557 1101 1635 1127 liberi
1661 1100 1781 1127 coluere.
1812 1102 1850 1127 At

1058 1146 1150 1173 Ctelus
1164 1147 1208 1173 ubi
1227 1151 1369 1180 paternum
1384 1147 1411 1173 in
1423 1147 1566 1181 imperium
1575 1147 1764 1177 successisset,
1778 1146 1845 1174 Ter-

1059 1199 1116 1218 ram
1133 1200 1253 1219 sororem
1266 1192 1441 1220 matrimonio
1463 1199 1556 1219 secum
1580 1192 1691 1227 junxtt,
1712 1200 1744 1219 ex
1760 1200 1845 1227 eaque

1058 1237 1158 1264 liberos
1172 1242 1289 1272 quatuor
1307 1238 1436 1273 suscepit,
1451 1239 1537 1271 illum,
1547 1239 1594 1273 qui
1609 1238 1744 1266 Saturnus
1757 1238 1845 1266 dictus

1056 1288 1110 1317 est,
1126 1284 1259 1320 Betylum,
1274 1285 1421 1320 Dagonem,
1440 1285 1485 1320 qui
1497 1285 1568 1317 Sito,
1585 1285 1637 1313 hoc
1653 1290 1694 1313 est
1712 1284 1843 1317 frumenti

1057 1337 1168 1363 praeses,
1187 1330 1360 1363 nominatur,
1379 1335 1406 1357 et.
1429 1330 1576 1358 Atlantem.
1600 1329 1641 1359 Ex
1665 1329 1726 1357 aliis
1753 1335 1842 1357 autem

1058 1375 1189 1402 uxoribus
1204 1375 1340 1411 ingentem
1355 1375 1502 1403 liberorum
1519 1375 1721 1403 multitudinem
1731 1376 1841 1411 genuit;

1057 1420 1082 1447 id
1096 1421 1168 1456 quod
1184 1421 1252 1449 adeo
1270 1429 1352 1455 grave
1366 1425 1393 1449 et
1404 1421 1532 1452 acerbum
1561 1421 1652 1454 Terrae
1667 1422 1765 1449 accidit
1780 1441 1787 1452 ,
1813 1426 1843 1448 ut

1057 1465 1188 1501 zelotypia
1200 1466 1402 1493 vehementiore
1419 1472 1561 1497 succensa,
1586 1466 1635 1493 abs
1659 1466 1734 1493 Caelo
1750 1466 1848 1494 multia

1057 1515 1118 1538 ante
1133 1511 1240 1546 probris
1261 1516 1374 1538 onerato
1396 1510 1543 1537 divortium
1563 1510 1669 1538 fecerit.
1687 1511 1778 1538 Caelus
1793 1519 1843 1539 au-

1057 1560 1109 1583 tem
1128 1557 1179 1584 etsi
1195 1556 1229 1583 ab
1245 1564 1276 1584 ea
1290 1556 1498 1588 diseesserat,ri
1515 1561 1604 1583 tamen
1617 1557 1722 1592 quoties
1734 1557 1849 1587 libitum.

1029 1618 1038 1646 1
1056 1606 1124 1634 erat.
1142 1602 1235 1631 eadem
1249 1610 1389 1638 oppressa,
1417 1603 1529 1630 domum
1546 1612 1605 1630 sese
1620 1604 1709 1631 denuo
1725 1605 1842 1639 recipie-

1059 1649 1115 1675 bat.
1129 1648 1228 1676 Verum
1245 1649 1317 1685 quod
1336 1653 1477 1684 susceptos
1489 1657 1521 1676 ex
1534 1650 1591 1685 ipsa
1605 1650 1675 1678 filios
1691 1651 1844 1678 interﬁcere

1057 1699 1213 1726 conaretur,
1227 1695 1323 1728 Terra,
1350 1698 1507 1724 convocatis
1535 1697 1715 1725 auxiliaribus
1732 1697 1819 1732 copiis
1833 1718 1840 1730 ,

1055 1738 1115 1772 ejus
1134 1739 1265 1774 impetum
1283 1747 1353 1774 saepe
1369 1741 1555 1775 propulsabat.
1574 1741 1679 1768 Interea
1692 1741 1839 1774 Saturnus.

1055 1784 1102 1811 ubi
1119 1784 1223 1812 virilem
1240 1789 1346 1812 aetatem
1365 1787 1508 1822 attigisset,
1521 1786 1647 1815 Mercurii
1657 1787 1839 1822 Trisutegisti,

1053 1832 1100 1866 qui
1125 1831 1175 1866 ipsi
1193 1839 1206 1859 a
1221 1832 1320 1860 tabulis
1339 1837 1365 1859 et
1390 1833 1524 1860 codicillis
1540 1838 1615 1867 crat,
1627 1834 1741 1861 consilio
1758 1841 1839 1869 atque

1054 1878 1161 1913 opibus,
1179 1882 1316 1906 maternas
1329 1878 1435 1906 ulturus
1448 1879 1579 1914 injurias,
1595 1880 1671 1907 Ctelo
1693 1880 1762 1914 patri
1779 1888 1839 1907 sesu

1052 1924 1152 1952 acriter
1164 1924 1273 1959 objeeit.
1288 1924 1360 1951 Idem
1379 1925 1480 1954 liberos
1494 1927 1649 1960 procreavit
1663 1946 1670 1957 ,
1694 1925 1837 1960 Proserpi-

1051 1978 1114 1997 nam
1137 1975 1164 1997 ct
1186 1969 1333 1998 Minervam
1351 1980 1358 2004 ;
1384 1979 1416 1998 ac
1444 1971 1518 2006 prior
1545 1972 1653 2007 quidem
1674 1972 1748 2007 virgo
1765 1972 1836 1999 diem

1051 2016 1118 2043 obiit
1128 2025 1134 2043 :
1144 2015 1265 2043 Minerva
1273 2021 1363 2044 autem
1370 2017 1731 2052 Mercurioqueauctoribus,
1740 2018 1837 2045 falcem

1049 2068 1082 2087 ex
1091 2059 1164 2088 ferro
1174 2061 1336 2097 hastamque
1347 2061 1474 2089 conflavit
1483 2071 1491 2096 ;
1501 2066 1558 2089 tum
1566 2063 1716 2090 Mercurius
1726 2062 1837 2091 Saturni

1049 2107 1131 2134 sociis
1147 2107 1294 2136 vehemens
1305 2112 1401 2135 contra
1411 2107 1516 2136 Caelum
1529 2117 1577 2144 pro
1591 2109 1674 2136 Terra
1687 2109 1837 2137 dimicandi

1048 2153 1168 2181 studium
1185 2154 1297 2189 magicis
1319 2154 1492 2182 cantionibus
1509 2154 1610 2189 injecit.
1634 2154 1770 2182 Saturnus
1785 2154 1837 2190 igi-

1047 2203 1101 2232 tur,
1111 2199 1154 2226 his
1166 2200 1315 2231 iustructus
1328 2201 1423 2234 copiis,
1436 2200 1535 2227 bellum
1546 2209 1607 2228 cum
1620 2200 1699 2228 Patre
1711 2201 1838 2229 commit-

1049 2246 1090 2277 tit,
1106 2253 1194 2281 eoque
1210 2246 1316 2281 imperii
1332 2246 1431 2274 finibus
1455 2246 1551 2281 ejecto,
1574 2255 1686 2283 regnum
1704 2248 1832 2282 capessit.

1012 2295 1034 2321 ι)
1048 2291 1102 2327 37
1118 2291 1174 2319 Hoc
1188 2291 1214 2318 in
1229 2293 1376 2320 certamine
1388 2298 1465 2328 capta
1478 2292 1546 2322 (ΣιωΙί
1562 2293 1711 2321 concubina
1726 2298 1838 2328 gestans

1047 2342 1154 2364 uterum
1168 2359 1174 2371 ,
1192 2338 1271 2372 cujus
1288 2338 1332 2366 ille
1353 2340 1484 2374 singulari
1499 2347 1591 2367 amore
1608 2339 1748 2373 ﬂagrabat.
1770 2338 1835 2366 Eam

1049 2383 1183 2412 Saturnus
1210 2384 1312 2419 Dagoni
1343 2385 1369 2412 in
1395 2394 1507 2413 uxorem
1534 2385 1626 2419 dedit,
1657 2385 1729 2421 apud
1752 2391 1835 2420 quem

1047 2434 1202 2464 susceptum
1223 2437 1255 2457 ex
1279 2429 1355 2458 leo
1372 2430 1456 2459 fetum
1476 2431 1555 2459 enixa
1575 2430 1765 2458 Demaruntem
1786 2439 1838 2458 no»

1047 2474 1169 2501 minavit.
1183 2474 1251 2502 Tum
1271 2483 1332 2503 vero
1353 2477 1488 2505 Saturnus
1509 2478 1582 2506 mdes
1596 2485 1661 2508 suas
1676 2485 1755 2504 muro
1777 2479 1832 2506 ci-u-

1047 2519 1096 2554 git,
1113 2519 1281 2556 Byblumque
1297 2521 1391 2548 condit
1404 2523 1499 2550 urbem
1515 2522 1661 2562 iihmnicize
1671 2522 1832 2558 principem.

1048 2564 1108 2591 Mox
1124 2565 1258 2593 Atlantem
1273 2565 1396 2600 fratrem,
1411 2568 1484 2601 quod
1500 2575 1561 2594 eum
1578 2573 1735 2602 suspectum
1752 2569 1834 2596 habe-

1046 2615 1097 2644 ret,
1115 2611 1245 2638 suadente
1260 2611 1394 2639 Mercurio
1410 2613 1463 2639 alta
1479 2617 1549 2639 terra
1571 2611 1710 2640 defossum
1731 2614 1833 2642 obruit.

1046 2655 1097 2683 Per
1110 2656 1181 2684 idem
1197 2657 1281 2683 ferme
1305 2661 1411 2691 tempus
1433 2657 1625 2684 Dioscurorum
1641 2663 1752 2693 nepotes
1769 2666 1836 2691 cum.

1047 2701 1232 2728 tumultuariis
1240 2701 1343 2728 ratibus
1353 2701 1520 2736 navigiisque
1532 2701 1655 2730 conﬂatis
1665 2703 1837 2741 navigarent,

1046 2746 1079 2773 ad
1095 2747 1220 2774 Cassium
1234 2750 1352 2774 montem
1369 2747 1446 2781 ejecti
1463 2746 1592 2780 templum
1606 2756 1639 2775 eo
1654 2749 1713 2775 loco
1724 2749 1833 2777 dedica-

314 2872 437 2916 flgpqlg:
452 2915 456 2916 ν
473 2871 552 2914 Ρρηιε
575 2874 626 2910 leg.
661 2875 778 2911 Περαίᾳ,
792 2885 847 2912 quo
859 2877 969 2909 nomine
981 2878 1085 2913 aliquot
1111 2881 1150 2910 vel
1177 2880 1303 2916 regiones
1329 2880 1371 2909 vel
1393 2880 1475 2908 urbes
1496 2879 1668 2913 exstiterunt,
1691 2880 1774 2910 etiam
1805 2882 1836 2916 in

205 2904 295 2940 Syria,
312 2904 391 2942 cujus
405 2906 544 2936 thuicia
560 2904 632 2943 pars.
