4154 6408
475 428 546 486 εδ
1108 425 1381 485 EUSEBll
1410 425 1891 481 CAESARIENSIS
1929 426 2083 483 OPP.
2124 425 2306 481 PARS
2346 425 2412 481 Ιῐ.
2465 458 2522 469 -—
2561 421 3065 480 APOLOGETICA.
3642 413 3713 470 88

465 551 619 599 runt.
654 540 776 598 Jam
807 557 938 599 vero
966 543 1147 599 socios
1182 540 1278 607 lli,
1304 544 1395 612 qui
1423 540 1691 595 Saturnus
1724 539 1864 595 idem
1888 548 2031 603 erat1

2145 556 2280 611 ριον,
2305 538 2552 607 ἐκτέμνει
2598 535 2760 589 αὑτοῦ
2815 534 2882 587 τά
2910 534 3103 594 αἰδοῖα,
3141 532 3403 599 σύνεγγυς
3441 529 3713 600 πηγῶντε

466 634 642 690 Elnim
682 635 841 705 quasi
889 634 1200 690 Saturnios
1234 632 1613 704 appellarunt,
1653 632 1750 702 qui
1793 631 2037 701 ejusdem

466 725 689 781 Saturni
731 727 969 797 aequales
995 728 1155 783 etiam
1188 723 1528 779 dicebantur.
1572 720 1745 777 Porro
1780 720 2039 777 Sadiduzn

464 818 635 871 tilium
666 816 938 873 Saturnus
957 859 973 883 ,
1009 818 1152 889 quod
1173 829 1331 870 secus
1352 813 1555 883 aliquid
1585 814 1650 867 de
1678 813 1770 868 illo
1796 814 2041 883 suspica-

463 918 636 972 retur,
665 909 848 979 gladio
878 924 978 964 suo
1000 907 1298 978 jugulavit,
1336 921 1639 973 manusque
1664 916 1917 974 paternas
1944 920 2040 959 ex-

461 993 647 1049 stincti
692 996 957 1064 sanguine
1002 994 1338 1056 cruentavit,
1380 1009 1445 1047 ac
1490 994 1650 1062 paulo
1701 1003 1824 1062 post
1872 992 2039 1046 ﬁliam

463 1100 684 1154 quoque
734 1101 889 1141 suam
943 1086 1117 1155 capite
1161 1085 1469 1150 truncavit,
1509 1094 1568 1138 ut
1613 1084 1810 1154 reliqui
1844 1100 2038 1140 omnes

462 1175 536 1229 dii
582 1177 719 1231 hanc
763 1174 983 1231 Saturni
1026 1185 1265 1231 mentem
1316 1176 1532 1245 penitus
1576 1177 2035 1245 obstupescerent.

461 1266 528 1320 At
554 1266 736 1322 Catius
760 1283 884 1322 cum
915 1269 1131 1323 interim
1157 1268 1452 1331 exsularet,
1497 1277 1621 1337 post
1649 1269 1868 1337 aliquod
1901 1279 2037 1323 tem-

460 1359 605 1427 poris
659 1360 1036 1425 intervallum,
1089 1362 1343 1416 Astarten
1400 1361 1564 1414 ﬁliam
1615 1361 1878 1430 virginem
1911 1376 2038 1415 cum

457 1453 666 1508 duabus
695 1453 819 1507 aliis
836 1455 1117 1508 sororibus
1141 1453 1288 1506 Rhea
1312 1454 1568 1507 nimirum
1593 1469 1656 1507 ac
1690 1452 1862 1508 Dione
1883 1467 2037 1507 sum-

456 1543 636 1608 misit,
673 1559 800 1612 qnze
834 1543 1130 1598 Saturnum
1163 1543 1354 1598 fraude
1405 1543 1726 1614 insidiisque
1767 1544 2035 1598 tollerent.

459 1635 655 1690 Verum
686 1634 960 1692 Saturnus
988 1638 1195 1706 puellas
1217 1652 1402 1692 amore
1424 1637 1807 1707 blanditiisque
1822 1644 2034 1705 captas,

455 1744 674 1783 sorores
718 1730 908 1783 ambas
934 1745 1118 1785 secum
1157 1730 1505 1784 matrimonio
1548 1730 1838 1799 copulavit.
1878 1728 2035 1795 Quod

453 1819 544 1873 ubi
570 1817 758 1874 Caelus
781 1820 1059 1885 audiisset,
1083 1819 1275 1873 Fatum
1303 1835 1365 1875 ac
1393 1819 1857 1875 Pulchritudinem
1906 1835 2033 1875 eum

453 1908 577 1963 aliis
623 1910 791 1964 sociis
837 1910 1102 1964 adversus
1147 1925 1270 1965 eum
1315 1910 1714 1981 expeditionem
1760 1910 2038 1979 suscipere

449 2001 617 2070 ,it'ssit
639 2042 656 2068 ,
687 2016 851 2071 quam
894 2003 1097 2071 pariter
1132 2010 1421 2071 utramque
1469 2000 1739 2057 Saturnus
1769 2002 2036 2058 illecebris

452 2093 734 2149 delinitam
779 2096 918 2163 apud
943 2110 1002 2150 se
1034 2095 1278 2149 retinuit.
1313 2093 1575 2150 Praeterea
1602 2095 1806 2157 Caelus,
1839 2098 2035 2165 inquit.

453 2182 600 2241 Deus
644 2184 864 2256 Baetylia
918 2187 1154 2255 reperit,
1206 2188 1478 2241 animatos
1535 2186 1738 2256 lapides
1784 2187 2037 2243 insolenti

451 2283 570 2332 arte
593 2274 837 2331 molitus.
872 2272 1175 2340 Caeterum,
1216 2276 1430 2331 Astarte
1462 2275 1601 2330 ﬁlias
1629 2285 1837 2345 septem
1888 2275 2040 2333 Titao

457 2366 639 2431 nidas,
678 2368 792 2422 sive
824 2367 1026 2423 Dianas
1061 2368 1300 2423 Saturno
1327 2369 1553 2438 peperit,
1583 2368 1854 2440 simulque
1884 2371 2036 2426 Rhea

453 2459 675 2514 totidem
707 2459 849 2514 ﬁlios
871 2500 885 2524 ,
912 2475 1143 2529 quorum
1173 2472 1481 2530 postremus
1513 2470 1571 2515 ut
1590 2461 1825 2531 primum
1857 2462 2035 2518 lucem

448 2549 664 2618 aspexit
684 2559 1040 2605 consecratus
1054 2558 1156 2606 est.
1180 2551 1324 2618 Quin
1346 2552 1509 2605 etiam
1531 2564 1598 2605 ex
1620 2549 1789 2606 Dione
1812 2552 2036 2622 quidem

450 2642 657 2706 puellas
675 2681 690 2704 ,
719 2657 787 2696 ex
823 2642 1041 2697 Astarte
1067 2658 1196 2698 vero
1229 2658 1410 2699 mares
1437 2652 1698 2713 praeterea
1723 2643 1893 2710 duos,
1924 2643 2036 2699 Cu—

449 2734 690 2803 pidinem
722 2734 1091 2804 Amoremque
1119 2735 1378 2805 suscepit.
1411 2736 1595 2807 Dagon
1628 2745 1810 2792 autem
1837 2778 1852 2801 ,
1882 2735 2031 2807 quod

448 2823 782 2880 frumentum
816 2838 870 2881 et
896 2836 1139 2881 aratrum
1182 2826 1515 2891 invenisset,
1549 2826 1800 2882 Aratrius
1825 2825 2036 2895 Jupiter

448 2928 793 2988 nuncupatus
806 2927 907 2972 est.
930 2917 1163 2990 Sydyco,
1182 2934 1343 2988 quem
1356 2918 1566 2988 justum
1591 2919 2033 2989 interpretamur,

446 3027 555 3068 una
584 3026 650 3067 ex
691 3009 959 3067 Titanidis
1004 3010 1378 3082 Esculapium
1406 3012 1609 3083 genuit.
1636 3011 1876 3067 Saturno
1896 3028 2034 3083 prae-

448 3112 596 3163 terea
634 3103 789 3158 liberi
817 3113 927 3160 tres
969 3106 1024 3158 in
1056 3103 1237 3159 Peraea
1272 3105 1418 3169 nati,
1468 3103 1744 3160 Saturnus
1784 3104 2029 3174 ejusdem

447 3210 573 3248 cum
603 3192 764 3249 Patre
794 3194 1035 3250 nominis
1054 3237 1067 3260 ,
1102 3194 1214 3265 38
1248 3193 1457 3265 Jupiter
1490 3194 1650 3251 Belus
1670 3237 1686 3262 ,
1716 3203 1772 3251 et
1819 3195 2028 3265 Apollo.

446 3285 549 3341 His
572 3287 957 3355 propemodum
981 3288 1219 3355 aequales
1246 3286 1453 3342 Pontus
1472 3327 1486 3349 ,
1519 3285 1709 3358 Typho
1742 3295 1797 3341 et
1828 3284 2034 3342 Nereus

446 3376 608 3431 Ponti
639 3386 811 3445 pater.
834 3377 914 3433 Ex
945 3378 1118 3435 Ponto
1143 3376 1426 3447 Neptunus
1453 3394 1517 3432 ac
1548 3376 1680 3431 Sido
1711 3385 2032 3435 nascuntur.

449 3469 671 3525 Sidonis
691 3479 872 3526 autem
897 3486 962 3526 ea
993 3470 1235 3526 suavitas
1261 3479 1315 3524 et
1341 3468 1608 3540 elegantia
1640 3468 1791 3522 vocis
1811 3477 1948 3531 erat,
1977 3475 2038 3520 ut

450 3563 640 3633 hymni
673 3563 947 3618 modulate
974 3564 1204 3618 canendi
1242 3571 1413 3617 artem
1452 3562 1709 3631 princeps
1741 3559 2031 3614 inveniret.

447 3654 495 3709 A
542 3654 873 3710 Demarunte
936 3654 1291 3711 Melicartbus
1341 3664 1396 3708 et
1448 3652 1707 3708 Hercules
1742 3667 2035 3723 procrean-

452 3758 571 3810 tur,
617 3762 852 3816 moxque
897 3746 1083 3801 leus
1143 3746 1210 3801 ad
1264 3744 1611 3799 Demaruntis
1686 3759 1807 3799 sese
1851 3752 2034 3812 partes

450 3839 785 3908 adjungens;
832 3837 1035 3902 Ponto,
1064 3853 1095 3892 a
1127 3851 1238 3907 quo
1266 3836 1560 3901 defecerat,
1607 3835 1787 3889 denuo
1830 3834 2030 3888 bellum

452 3938 652 3986 movet.
677 3930 745 3984 At
784 3928 990 3984 Pontus
1040 3927 1451 3992 Demaruntem,
1480 3927 1573 3996 qui
1600 3942 1795 3998 magno
1826 3927 2030 3995 impetu

450 4039 583 4081 suos
614 4024 667 4077 in
689 4023 825 4079 ﬁnes
852 4023 1202 4085 incubuerat,
1230 4021 1282 4074 in
1315 4020 1496 4089 fugam
1516 4020 1704 4084 vertit;
1734 4019 1824 4073 ille
1846 4026 2028 4072 autem

450 4112 625 4168 felicis
642 4112 781 4183 fugae
804 4114 975 4183 gratia
1001 4112 1329 4167 sacriﬁcium
1347 4111 1509 4165 vovit.
1542 4109 1712 4163 Porro
1759 4108 2029 4162 Saturnus

447 4223 593 4261 anno
637 4207 893 4276 occupati
934 4206 1084 4277 regni
1118 4206 1290 4260 altero
1318 4219 1481 4273 supra
1513 4202 1848 4258 tricesimum
1874 4238 1890 4265 ,
1935 4200 2027 4254 ubi

445 4299 660 4355 Caelum
683 4310 888 4369 patrem
908 4299 1304 4353 mediterraneo
1324 4296 1559 4366 quodam
1584 4295 1639 4349 iu
1664 4295 1785 4348 loco
1806 4294 2026 4348 structis

443 4385 663 4441 insidiis
703 4396 920 4454 captum
970 4387 1023 4439 in
1071 4393 1391 4455 potestatem
1429 4383 1750 4449 habuisset,
1788 4382 2023 4437 verenda

444 4477 549 4545 ipsi
576 4476 733 4547 juxta
764 4475 940 4531 fontes
968 4476 1270 4547 ﬂuviosque
1301 4475 1664 4532 circumfusos
1692 4474 2021 4544 amputavit;

443 4581 556 4636 quo
594 4567 714 4620 loco
744 4566 929 4622 Caelus
961 4567 1102 4621 idem
1132 4574 1320 4637 postea
1364 4576 1714 4621 consecratus
1746 4576 1850 4620 est.
1884 4564 2022 4618 Tum
2058 4588 2099 4641 ι)

445 4673 578 4712 vero
612 4658 929 4729 dispertitos
970 4658 1091 4727 ejus
1133 4673 1197 4713 ac
1236 4659 1533 4727 dissipatus
1564 4659 1792 4727 spiritus
1820 4667 1937 4722 est,
1970 4668 2025 4711 et

444 4751 669 4820 sanguis
700 4766 729 4804 e
761 4749 983 4804 vulnere
1015 4749 1256 4805 deﬂuens
1284 4749 1337 4803 in
1369 4750 1670 4806 vicinorum
1701 4748 1935 4805 fontium
1960 4765 2026 4805 ae

444 4839 732 4896 ﬂuviorum
762 4855 933 4911 aquas
958 4841 1258 4897 distillavit.
1296 4841 1475 4898 Locus
1503 4844 1802 4898 etiamnum
1839 4852 2024 4900 osten-

444 4932 610 4987 ditur.
655 4953 677 4986 ι
711 4931 805 4988 Hae
857 4942 986 4989 sunt
1028 4948 1153 4988 cum
1203 4932 1465 4996 Saturni,
1526 4944 1640 4989 tum
1688 4950 1880 4990 eorum
1928 4937 2023 5006 qui

445 5024 667 5080 Saturni
713 5036 871 5081 aetate
912 5026 1205 5087 vixerunt,
1259 5028 1528 5083 decantati
1577 5045 1608 5082 a
1661 5028 1867 5085 Grtecis
1922 5029 2024 5083 aevi

442 5116 636 5174 laudes
667 5119 921 5189 egregiae;
954 5134 1094 5189 quos
1121 5120 1285 5174 etiam
1328 5121 1579 5190 princeps
1604 5130 1766 5189 atque
1791 5134 2019 5174 aureum

446 5209 730 5263 hominum
757 5210 934 5281 lingua
972 5212 1394 5281 discrepantium
1429 5227 1600 5281 genus
1622 5252 1635 5275 ,
1662 5214 1732 5267 ob
1760 5212 2021 5281 jactatam

445 5301 594 5355 illam
621 5314 858 5355 veterum
890 5301 1222 5368 felicitatem,
1260 5320 1575 5373 nuncupare
1598 5303 1793 5358 solent.
1822 5300 2021 5356 Verum

445 5400 632 5447 noster
663 5394 752 5447 hic
796 5394 1369 5464 scriptor,.interjectis
1402 5394 1762 5463 quibusdam,
1792 5394 1863 5448 ita
1896 5409 2023 5464 pro-

443 5480 692 5550 chuitur
718 5499 733 5535 :
766 5499 785 5532 ι
827 5480 1042 5536 Astarte
1068 5497 1219 5548 vero,
1249 5498 1374 5554 qua!
1399 5482 1632 5537 Maxima
1681 5483 2018 5544 nominatur,

442 5565 655 5637 Jupiter
693 5567 1021 5634 Demaroon,
1059 5577 1114 5624 et
1161 5585 1255 5625 rex
1288 5571 1515 5625 deorum
1558 5571 1818 5637 Adodus,
1865 5573 1918 5627 in
1955 5588 2021 5628 ea

449 5667 668 5737 regione
691 5666 929 5722 Saturno
957 5666 1327 5721 consentiente
1348 5676 1669 5735 regnarunt.
1684 5668 1903 5725 Astarte
1925 5684 2017 5723 ca-

446 5759 543 5830 plti
576 5773 711 5825 suo,
749 5770 1006 5827 tanquam
1057 5759 1267 5829 insigne
1299 5760 1485 5829 regni,
1514 5760 1659 5814 tauri
1707 5770 1870 5831 caput
1919 5763 2019 5815 im-

445 5852 660 5925 posuit;
686 5866 921 5925 cumque
940 5859 1207 5907 terrarum
1232 5849 1417 5907 orbem
1440 5863 1787 5923 peragraret,
1810 5855 2017 5925 lapsam

2142 632 2232 683 καὶ
2261 630 2539 698 ποταμῶν.
2571 628 2739 680 Ἔνθα
2760 625 3037 696 ἀφιερωθη
3066 623 3323 694 Οὐρανὸς,
3358 622 3452 675 καὶ
3474 620 3711 693 ἀπηρείσ-

2141 720 2244 791 σθη
2268 720 2431 774 αὑτοῦ
2458 720 2518 772 τὸ
2542 718 2783 789 πνεῦμα,
2835 717 2928 771 καὶ
2960 715 3264 778 ἀπέσταξεν
3294 713 3457 767 αὑτοῦ
3486 713 3546 765 τὸ
3576 709 3715 783 αἷμα

2139 813 2245 866 τῶν
2271 813 2481 865 αίδοίων
2558 813 2636 874 εἰς
2684 813 2782 871 τὰς
2826 809 3030 879 πηγὰς,
3064 808 3156 859 καὶ
3204 806 3311 859 τῶν
3356 804 3616 876 ποταμῶν
3643 802 3713 859 τὰ

2141 904 2326 969 ὕδατα,
2365 904 2458 957 καὶ
2487 903 2648 973 μέχρι
2679 901 2867 954 τούτου
2921 900 3192 953 δείκνυται
3223 898 3283 950 τὸ
3333 897 3583 967 χωρίον.»
3612 896 3715 949 Το-

2143 994 2302 1047 σοῦτο
2331 994 2430 1064 μὲν
2455 994 2520 1064 δὴ
2551 992 2619 1045 τὰ
2642 991 2736 1044 τού
2754 992 2982 1062 Κρόνου,
3002 991 3097 1043 καὶ
3123 989 3345 1042 τοιαῦτά
3374 1006 3436 1057 γε
3463 988 3557 1041 τοῦ
3581 987 3714 1060 παρ’

2143 1087 2365 1156 Ἕλλησι
2400 1085 2673 1155 βοωμένου
2707 1083 2824 1153 βίου
2872 1083 2981 1135 τῶν
3027 1082 3121 1135 ἐπὶ
3166 1082 3375 1152 Κρόνου
3405 1079 3475 1133 τά
3518 1080 3709 1150 σεμνά.

2140 1178 2248 1241 Οὓς
2279 1178 2374 1230 καί
2427 1193 2557 1245 φασι
2603 1176 2881 1243 γεγονέναι
2925 1175 3141 1246 πρῶτον
3199 1172 3426 1243 χρύσεόν
3467 1190 3524 1225 τε
3559 1172 3714 1241 γένος

2145 1268 2396 1339 μερόπων
2420 1266 2743 1337 ἀνθρώπιον,
2769 1267 2867 1335 τῆς
2905 1266 3343 1336 μακαριζομένης
3368 1265 3582 1333 ἐκείνης
3605 1263 3713 1315 τῶν

2143 1358 2386 1413 παλαιῶν
2419 1358 2778 1428 εὐδαιμονίας.
2810 1357 2974 1411 Πάλιν
2994 1357 3049 1410 δὲ
3076 1357 3105 1409 ὁ
3136 1357 3479 1427 συγγραφεὺς
3506 1355 3716 1419 τούτοις

2140 1451 2387 1522 ἐπιφέρει
2416 1450 2531 1521 μεθ’
2553 1450 2716 1520 ἕτερα
2743 1449 2931 1518 λέγων’
2968 1467 2987 1500 ι
3010 1449 3275 1519 Ἀστάρτη
3309 1448 3365 1501 δὲ
3391 1448 3424 1516 ἡ
3447 1446 3715 1516 Μεγίστη,

2140 1544 2230 1594 καὶ
2256 1543 2390 1604 Ζευς
2417 1540 2704 1611 Δημαροῦς
2733 1541 2825 1594 καὶ
2854 1539 3087 1603 ’Δδωδος
3112 1540 3362 1609 βασιλεὺς
3391 1539 3548 1601 Θεῶν,
3583 1542 3714 1592 ὲϐα-

2140 1631 2346 1685 σίλευον
2376 1633 2474 1702 τῆς
2503 1633 2707 1703 χώρας,
2742 1631 2949 1701 Κρόνου
2989 1630 3202 1700 γνώμῃ.
3249 1632 3311 1683 Ἡ
3344 1632 3400 1683 δὲ
3449 1630 3711 1702 Ἀστάρτη

2138 1723 2372 1793 ἐπέθηκε
2400 1727 2466 1794 τῇ
2492 1724 2599 1795 ἰδίᾳ
2620 1722 2828 1792 κεφαλῇ
2859 1720 3135 1791 βασιλείας
3184 1722 3510 1792 παράσημον
3545 1739 3715 1789 κιφα-

2138 1819 2233 1889 λὴν
2253 1819 2473 1889 ταύρου·
2505 1816 2895 1888 περινοστοῦσα
2923 1816 2982 1869 δὲ
3027 1815 3126 1886 τὴν
3171 1815 3516 1885 οἰκουμένην.
3558 1812 3716 1887 εὗρεν

2070 1896 2113 1952 Β
2140 1909 2411 1981 ἀεροπετῆ
2468 1909 2693 1980 ἀστέρα,
2752 1908 2811 1961 δν
2855 1909 2952 1960 καὶ
3007 1907 3325 1976 ἀνελομένη,
3361 1907 3419 1958 ὲν
3459 1906 3619 1977 Τύρῳ
3646 1910 3712 1978 τῇ

2139 2002 2269 2073 ἁγία
2291 2006 2439 2073 νήσῳ
2466 2001 2760 2073 ἀφιέρωσε.
2795 2000 2906 2071 Τὴν
2926 2000 2984 2052 δὶ
3025 1999 3326 2070 Ἀστάρτην
3349 1998 3591 2063 Φοίνικες
3614 2000 3713 2069 τὴν

2151 2093 2467 2165 Ἀφροδίτην
2492 2090 2632 2147 εἶναι
2686 2092 2925 2160 λέγουσι.
2969 2093 3077 2144 Καὶ
3116 2093 3145 2145 ὁ
3174 2092 3379 2161 Κρόνος
3405 2091 3461 2143 δὲ
3491 2090 3714 2163 περιϊὼν

2137 2187 2233 2256 τὴν
2263 2185 2607 2256 οἰκουμένην,
2664 2184 2862 2255 Ἀθηνᾷ
2909 2186 2979 2253 τῇ
3030 2171 3222 2237 ἑαυτοῦ
3268 2182 3497 2254 Θυγατρὶ
3533 2183 3713 2236 δίδωσι

2139 2276 2237 2347 τῆς
2281 2276 2531 2346 Ἀττικῆς
2564 2278 2663 2347 τὴν
2716 2275 3014 2345 βασιλείαν.
3067 2274 3271 2344 Λοιμοῦ
3314 2274 3371 2326 δὲ
3421 2275 3711 2344 γενομένου

2139 2370 2232 2422 καὶ
2265 2370 2492 2442 φθορᾶς,
2521 2370 2613 2422 τὸν
2656 2368 2845 2422 ἑαυτοῦ
2879 2385 3007 2438 μονο
3020 2370 3136 2437 γενῆ
3160 2367 3273 2419 υἱὸν
3314 2367 3518 2438 Κρόνος
3546 2366 3718 2437 Οὖρα·

2138 2461 2214 2531 νῷ
2258 2461 2429 2534 πατρὶ
2477 2463 2790 2533 ὁλοκαρποῖ,
2821 2461 2916 2515 καὶ
2959 2460 3028 2513 τά
3077 2460 3253 2515 αἰδοῖα
3302 2459 3711 2531 περιτέμνεται,

2136 2553 2300 2606 ταύτὸ
2321 2553 2658 2623 ποιῆσαικαὶ
2697 2554 2822 2615 τοὺς
2848 2551 2943 2621 ἀμ’
2969 2549 3119 2621 αὐτῷ
3175 2550 3494 2620 συμμάχους
3543 2566 3712 2602 κατα-

2138 2644 2439 2715 ναγκάσας·
2464 2646 2557 2699 καὶ
2582 2646 2696 2716 μετ’
2718 2647 2780 2699 οὐ
2817 2645 2972 2709 πολὺ,
3009 2645 3194 2715 ἕτερον
3221 2643 3388 2698 αὑτοῦ
3417 2642 3583 2697 παῖδα
3606 2642 3715 2697 ἀτιδ

2149 2739 2307 2801 Ῥέας
2335 2737 2730 2807 ὀνομαζόμενον
2757 2736 2912 2791 Μοὺθ
2953 2735 3290 2789 ἀποθανόντα
3337 2735 3570 2806 ἀφιεροῖ,
3603 2733 3715 2789 Θά-

2139 2846 2297 2883 νατον
2362 2829 2419 2881 δὲ
2479 2829 2669 2881 τοῦτον
2731 2829 2824 2881 καὶ
2884 2825 3172 2881 Πλούτωνα
3229 2827 3474 2890 Φοίνικες
3515 2824 3717 2896 ὄνομά·

2138 2921 2308 2984 ζουσι.
2346 2922 2457 2975 Καὶ
2486 2920 2580 2973 ἐπὶ
2647 2920 2857 2983 τούτοις
2894 2921 2923 2973 ό
2971 2918 3179 2990 Κρόνος
3228 2917 3431 2972 Βύϐλον
3486 2915 3586 2989 μὶν
3613 2915 3715 2987 τὴν

2136 3011 2290 3066 πόλιν
2354 3011 2453 3083 Θεᾷ
2528 3012 2819 3073 Βααλτίδι,
2895 3013 2963 3082 τῇ
3050 3010 3147 3064 καὶ
3241 3009 3416 3083 Διώνῃ
3490 3009 3713 3074 δίδωσι,

2136 3104 2377 3176 Βηρυτὸν
2464 3104 2520 3157 δὲ
2586 3104 2879 3158 Ποσειδῶνι
2974 3106 3070 3160 καὶ
3160 3103 3439 3174 Καϐηροις
3520 3102 3713 3174 Ἀγρό-

2133 3215 2255 3262 ταις
2281 3211 2345 3249 τε
2367 3198 2463 3252 καὶ
2498 3194 2782 3259 Ἁλιεῦσιν,
2823 3196 2852 3249 δ
2885 3198 2979 3249 καὶ
3012 3196 3215 3249 Πόντου
3241 3196 3477 3266 ’λείψανα
3501 3197 3582 3258 είς
3611 3193 3715 3265 τὴν

2060 3249 2103 3306 c
2139 3249 2377 3360 iiqp'urbv
2413 3249 2916 3358 ἀφιέρωσανίΠρὸ
2960 3287 3018 3340 δὲ
3058 3287 3263 3340 τούτων
3310 3249 3431 3351 θεὸς
3469 3249 3719 3348 muns:

2142 3377 2520 3449 μιμησάμενος
2553 3377 2643 3431 τὸν
2686 3376 2952 3448 Οὐρανὸν,
2992 3377 3101 3430 τῶν
3128 3376 3268 3429 θεῶν
3290 3376 3468 3445 waste,
3501 3374 3711 3447 Κρόνου

2137 3487 2195 3522 τε
2242 3470 2336 3522 καὶ
2376 3468 2648 3537 Δαγῶνος,
2694 3468 2929 3521 καὶτῶν
2995 3468 3197 3521 λοιπῶν
3246 3467 3544 3521 διετύπωσε
3585 3468 3715 3531 τοὺς

2139 3558 2314 3628 ἱεροὺς
2337 3557 2446 3610 τῶν
2481 3556 2757 3626 στοιχείων
2789 3557 3164 3627 χαρακτῆρας.
3198 3557 3488 3626 Ἐπενόησε
3514 3556 3572 3610 δὲ
3615 3555 3714 3610 καὶ

2136 3646 2213 3717 τῷ
2234 3646 2430 3719 Κρόνῳ
2459 3648 2761 3717 παράσημα
2793 3647 3096 3716 βασιλείας,
3127 3647 3352 3718 δμματα
3377 3646 3620 3718 τέσσαρα
3645 3647 3711 3699 ἐκ

2134 3740 2241 3792 τῶν
2290 3737 2635 3810 ἐμπροσθίων
2679 3738 2774 3791 καὶ
2816 3738 2925 3791 τῶν
2966 3738 3224 3792 ὀπισθίων
3271 3737 3484 3810 μερῶν*
3527 3737 3620 3790 δύο
3652 3736 3710 3790 δί

2134 3834 2310 3902 ἡσυχῇ
2351 3831 2574 3901 μύοντα·
2617 3830 2712 3883 καὶ
2757 3832 2849 3883 ἐπὶ
2895 3830 3003 3883 τῶν
3038 3830 3205 3901 ῶμων
3243 3830 3416 3903 πτερά
3441 3831 3707 3901 τέσσαρα,

2131 3918 2224 3971 δύο
2263 3917 2393 3988 μὲν,
2427 3918 2502 3982 ὡς
2540 3918 2829 3987 ίπτάμενα,
2863 3918 2955 3972 δύο
2998 3919 3055 3973 δὲ
3102 3918 3178 3981 ὡς
3223 3919 3508 3990 ὑφειμένα.
3542 3919 3616 3973 Th
3650 3919 3709 3979 δὲ

2134 4007 2399 4079 σύμϐολον
2426 4003 2515 4079 ἦν,
2550 4008 2734 4078 ἐπειδὴ
2770 4010 2978 4077 Κρόνος
3009 4007 3348 4081 κοιμώμενος
3373 4010 3587 4076 ἔϐλεπε,
3613 4010 3709 4065 καὶ

2130 4097 2447 4172 ἐγρηγορὼς
2486 4101 2765 4170 ἐκοιμᾶτο·
2814 4101 2908 4153 καὶ
2945 4101 3038 4154 ἐπὶ
3078 4100 3187 4154 τῶν
3227 4102 3442 4174 πτερῶν
3484 4102 3705 4173 ὁμοίως,

2128 4194 2208 4246 ὅτι
2242 4192 2652 4262 ἀναπαυόμενος
2689 4193 2905 4256 ἵπτατο,
2935 4195 3030 4248 καὶ
3061 4194 3354 4267 ίπτάμενος
3383 4195 3701 4248 ἀνεπαύετο.

2129 4284 2253 4347 Τοῖς
2295 4284 2353 4336 δὲ
2393 4282 2598 4345 λοιποῖς
2640 4280 2813 4347 Θεοῖς,
2852 4282 2946 4336 δύο
2988 4284 3203 4354 ἑκάστῳ
3242 4285 3577 4356 πτερώματα
3614 4285 3708 4337 ἐπὶ

2128 4376 2234 4428 τῶν
2286 4375 2471 4445 ῶμων,
2510 4374 2585 4437 ὡς
2629 4373 2710 4426 ὅτι
2757 4373 2823 4444 δὴ
2869 4374 3194 4428 συνίπταντο
3225 4375 3302 4446 τῷ
3346 4376 3556 4447 Κρόνῳ.
3596 4373 3706 4427 Καὶ

2128 4466 2277 4537 αύτῴ
2306 4467 2365 4521 δὲ
2398 4467 2556 4521 πάλιν
2591 4468 2684 4521 ἐπὶ
2723 4467 2826 4538 τῆς
2867 4467 3109 4538 κεφαλῆς
3165 4467 3340 4539 πτερά
3369 4467 3480 4520 δύο’
3521 4466 3580 4520 ἒν
3612 4465 3706 4518 ἐπὶ

2130 4560 2224 4615 τοῦ
2259 4561 2733 4632 ἠγεμονικωτάτου
2773 4560 2895 4625 νοῦ,
2920 4561 3013 4614 καὶ
3037 4559 3095 4613 ιν
3124 4560 3216 4613 ἐπὶ
3251 4561 3349 4631 τῆς
3378 4560 3701 4629 αἰσθήσεως.

2141 4653 2341 4709 Ἐλθὼν
2367 4653 2424 4707 δὲ
2461 4656 2491 4708 ό
2531 4655 2740 4725 Κρόνος
2773 4656 2853 4717 είς
2896 4652 3070 4705 Νότου
3105 4650 3312 4723 χώραν,
3348 4654 3566 4706 ἃπασαν
3609 4650 3705 4722 τὴν

2126 4746 2401 4817 Αἴγυπτον
2432 4748 2598 4802 ἔδωκε
2642 4745 2750 4816 θεῷ
2786 4743 3038 4815 Τααύτῳ,
3078 4746 3227 4809 ὅπως
3254 4744 3520 4815 βασίλειον
3554 4742 3706 4816 αὐτῷ

2125 4839 2369 4910 γένηται.
2405 4838 2590 4893 Ταῦτα
2613 4838 2691 4901 δὲ,
2718 4837 2873 4908 φησι,
2904 4837 3108 4909 πρῶτοι
3142 4837 3358 4891 πάντων
3388 4838 3706 4907 ὑπεμνημά-

2125 4933 2343 4984 τίσαντο
2374 4933 2423 4984 οἱ
2470 4930 2611 4983 ἐπτά
2654 4929 2820 4981 Συδὲκ
2857 4929 3047 4992 παῖδες
3086 4927 3368 4999 Κάϐειροι,
3401 4929 3493 4981 καὶ
3514 4927 3704 4995 ὄγδοος

2125 5023 2303 5078 αὐτῶν
2353 5024 2578 5093 ἀδελφὸς
2629 5024 2986 5091 Ἀσκληπιὸς,
3040 5023 3117 5087 ὠς
3164 5023 3346 5085 αὐτοῖς
3400 5018 3703 5073 ἐνετείλατο

2126 5119 2246 5182 θεὸς
2272 5118 2534 5175 Τάαυτοε.
2568 5118 2754 5172 ταῦτα
2788 5119 2962 5173 πάντα
3004 5121 3033 5171 ὀ
3070 5116 3345 5179 Θαϐίωνος
3368 5116 3517 5177 παῖς,
3548 5111 3701 5183 πρῶ-

2124 5228 2214 5273 τος
2243 5211 2354 5263 τῶν
2390 5210 2486 5263 ἀπ’
2513 5210 2707 5274 αἰῶνος
2751 5211 3052 5279 γεγονότων
3085 5208 3346 5261 ⁴Ιιοινίκων
3379 5206 3702 5277 ἱεροφάντης

2124 5301 2502 5372 ἀλληγορήσας
2520 5339 2535 5363 ,
2581 5302 2695 5364 τοῖς
2740 5317 2801 5353 τε
2850 5303 3100 5371 φυσικοῖς
3144 5300 3237 5352 καὶ
3283 5300 3568 5368 κοσμικοῖς
3596 5297 3702 5350 πά-

2127 5392 2274 5447 Θεσιν
2303 5392 2590 5463 ἀναμίξας,
2620 5392 2906 5463 παρέδωκε
2930 5396 3042 5455 τοῖς
3078 5391 3325 5463 ὀργιῶσι.
3350 5393 3444 5444 καὶ
3467 5389 3699 5443 τελετῶν

2127 5486 2455 5557 κατάρχουσι
2496 5486 2823 5557 προφήταις.
2874 5486 2937 5538 Ui
2982 5485 3040 5538 δὲ
3078 5484 3167 5537 τὸν
3209 5483 3376 5552 τῦςον
3419 5481 3601 5546 αὔξειν
3632 5483 3698 5535 ὲκ

2124 5578 2321 5641 παντὸς
2348 5577 2706 5639 ἐπινοοῦντες,
2736 5578 2848 5640 τοῖς
2881 5576 3057 5630 αὐτῶν
3084 5575 3343 5647 διαδόχοις
3376 5575 3698 5642 παρέδωκαν

2122 5672 2215 5724 καὶ
2253 5672 2365 5732 τοῖς
2414 5669 2778 5730 ἐπεισάκτοις.
2811 5661 2885 5718 ὧν
2928 5662 3009 5729 εἷς
3045 5662 3112 5728 ἦν
3149 5668 3343 5736 Ἴσιρις
3385 5665 3494 5722 τῶν
3527 5665 3697 5737 τριῶν

2121 5764 2462 5833 γραμμάτων
2500 5759 2750 5831 εὑρετὴς,
2794 5759 3019 5827 ἀδελφὸς
3052 5760 3168 5812 Χνᾶ
3207 5759 3301 5811 τοῦ
3346 5756 3561 5829 πρῶτον
3594 5774 3693 5828 μιν

2122 5851 2542 5925 τονομασθέντος
2572 5851 2837 5914 Φοίνικος.
2884 5870 2901 5904 ›
2942 5846 3053 5905 Εἴθ’
3084 5848 3209 5921 ἑξῆς
3244 5846 3410 5913 αὖθις*
3428 5849 3671 5921 ἐπιλέγει
