2077 3203
189 179 225 206 S3
767 179 928 207 ΡιιΑΞΡΑΡι.
950 180 975 207 Ε⁴

1025 180 1075 209 NG.
1096 180 1162 209 LIB.
1181 181 1203 209 l.
1775 185 1813 213 8ο

189 244 199 261 ι
215 237 246 263 Οῐ
258 236 287 263 δι
300 236 439 272 Ἕλληνες,
453 236 552 272 εὐφυΐα
566 238 669 268 πάντας
684 237 927 272 ὑπερϐαλλόμενοι,
940 237 975 264 τὰ

1027 239 1061 266 de
1080 239 1150 267 cmlo
1174 239 1280 266 stellam
1303 239 1416 274 reperit,
1434 247 1549 276 eamque
1572 241 1598 268 in
1623 240 1695 277 Tyro
1720 248 1815 270 sancta

188 281 239 317 μὲν
252 282 347 317 πρῶτα
360 282 472 308 πλεῖστα
490 282 671 315 ἑξιὸιώσαντο,
685 283 731 309 καὶ
743 284 798 314 τοῖς
814 282 973 318 προκοσμή-

188 336 253 362 μασι
266 327 320 362 (45)
348 327 477 359 ποικίλως
488 328 721 363 ὲξετραγῴδησαν,
736 329 796 359 ταῖς
812 328 865 354 τῶν
881 327 973 363 μύθων

186 373 304 407 ἡδοναῖς,
329 373 433 407 θέλγειν
456 373 636 405 ἐπινοοῦντες,
660 373 792 404 παντοίως
812 373 972 399 ἐποίκιλλον.

189 418 284 446 Ἔνθεν
306 419 436 451 Ἡσίοδος,
454 419 481 446 οἴ
506 428 536 445 τε
555 420 680 446 κυκλικοὶ
700 421 896 455 περιηχημένοι
917 421 975 447 Θεο-

187 465 278 498 γονίας
293 466 340 491 καὶ
357 465 583 501 Γιγαντομαχίας,
604 467 650 492 καὶ
669 466 869 501 Τιτανομαχίας
894 466 975 492 ἔπλα-

187 517 236 535 σαν
259 509 326 541 ἰδίας
348 510 394 536 καὶ
416 510 534 546 ἐκτομὰς
550 511 615 546 (44),
637 509 678 542 οἷς
698 512 973 547 συμπεριφερόμενοι,

185 554 346 590 ὲξενίκησαν
361 555 409 591 τὴν
425 555 563 592 ἀλήθειαν.
587 557 732 593 Σύντροφοι
746 557 774 583 δὲ
790 559 846 589 τοῖς
863 558 975 584 ἐκείνων

186 599 341 635 πλάσμασιν
364 601 391 627 αἱ
416 602 495 628 ἀκοαὶ
519 602 597 637 ἡμῶν
624 601 780 638 γενόμεναι,
805 603 852 629 καὶ
874 603 975 639 προλη-

186 644 295 678 φθεῖσαι
315 646 422 678 πολλοῖς
438 647 542 678 αἰῶσιν,
560 649 597 679 ὡς
614 648 847 683 παρακαταθήκην
872 649 975 683 φυλάσ-

187 696 294 722 σουσιν,
319 690 353 725 ἣν
380 691 561 726 παρεδέξαντο
586 693 755 728 μυθοποιίαν,
780 694 905 729 καθάπερ
929 695 976 721 καὶ

185 733 336 769 ἀρχόμενος
361 734 446 763 εἷπον.
464 737 544 769 ’Ἠτις
566 738 760 774 ωνεργηθεῖσα
786 740 882 774 χρόνῳ,
914 740 976 766 δυσ-

184 778 306 815 εξίτηλον
320 781 370 817 τὴν
384 782 500 817 κατοχὴν
511 782 595 818 αὐτῆς
609 785 760 820 εἴργασται.
777 785 857 810 Ὥστε
865 785 913 820 τὴν
928 785 977 820 μὲν

185 824 314 859 ἀλήθειαν
332 826 420 854 δοκεῖν
436 828 527 864 λῆροψ
543 829 573 855 τὸ
594 829 621 856 δὲ
640 831 689 865 τῆς
710 831 875 866 ἀφηγήσεως
889 831 975 863 νόθον,

185 870 324 906 ἀλήθειαν.
344 881 352 898 ι
368 888 402 892 —-
415 873 508 901 Ταῦτα
525 875 579 901 ἀπὸ
595 876 645 911 τῆς
659 876 896 911 Σαγχουνιάθωνος
908 885 976 912 προ-

186 915 289 942 κείσθω
305 918 423 952 γραφῆς,
439 919 654 955 ἑρμηνευθείσης
669 920 718 955 μὲν
730 921 784 947 ἀπὸ
798 921 915 953 Φίλωνος
928 921 975 948 τοῦ

186 960 313 994 Βυϐλίου,
331 964 541 1000 δοκιμασθείσης
558 965 585 991 δὲ
606 966 643 997 ὼς
662 966 768 1001 ἀληθῶς
791 966 844 1001 (4‘3)
862 967 913 993 ὑπὸ
925 967 975 1003 τῆς

186 1005 344 1041 Πορφυρίου
360 1008 406 1034 τοῦ
423 1009 566 1044 φιλοσόφου
589 1011 748 1046 μαρτυρίας.
768 1012 796 1038 '0
815 1012 837 1038 δ’
853 1012 933 1044 αὐτὸς
947 1013 975 1039 ὲν

184 1050 226 1086 τῷ
243 1053 307 1087 περὶ
330 1053 464 1080 Ἰουδαίων
478 1056 672 1091 συγγράμματι
689 1056 728 1082 ἔτι
746 1057 790 1082 καὶ
807 1057 892 1083 ταῦτα
912 1058 976 1093 περὶ

184 1096 233 1124 τοῦ
253 1098 358 1133 Κρόνου
376 1100 486 1135 γράφει·
505 1110 515 1125 ‹
538 1102 658 1133 Τάαυτος
671 1123 677 1133 ,
699 1102 728 1128 ὃν
751 1103 891 1137 Αἰγύπτιοι
915 1103 974 1130 Θὼθ

185 1145 431 1179 προσαγορεύουσι,
448 1146 527 1182 σοφίᾳ
540 1147 684 1181 διενεγκὼν
701 1148 774 1183 παρά
792 1150 847 1180 τοῖς
863 1149 974 1182 Φοίνιξι,

185 1189 295 1224 πρῶτος
309 1190 342 1216 τὰ
357 1191 425 1217 κατὰ
441 1192 488 1226 τὴν
505 1192 658 1219 θεοσέϐειαν
674 1194 705 1219 ὲκ
725 1195 774 1229 τῆς
787 1194 841 1220 τῶν
856 1195 974 1230 χυδαίων

184 1234 326 1269 ἀπειρίας,
347 1237 387 1268 εἰς
403 1238 617 1274 ὲπιστημονικὴν
634 1240 779 1275 ἐμπειρίαν
794 1240 925 1274 διέταξεν.
940 1240 975 1277 ᾮ

186 1278 257 1313 μετὰ
278 1281 374 1314 γενεὰς
390 1282 536 1315 πλείστας,
564 1283 624 1315 θεὸς
644 1284 859 1320 Σουρμοιιϐηλδς,
881 1286 975 1322 Θουρώ

184 1331 214 1349 τε
239 1325 255 1359 ὴ
279 1327 511 1361 μετονομασθεῖσα
536 1328 707 1364 Χούσαρθις,
731 1330 974 1366 ἀκολουθήσαντες,

184 1370 379 1406 κεκρυμμένην
393 1372 438 1398 τοῦ
453 1373 587 1406 Τααύτου,
601 1374 647 1400 καὶ
659 1374 833 1410 ἀλληγορίαις
851 1377 977 1403 ὲπεσκια-

185 1415 289 1451 σμένην
303 1417 354 1452 τὴν
367 1417 504 1452 θεολογίαν
521 1419 666 1454 ὲφώτισαν.
684 1430 693 1446 )
707 1421 762 1447 Καὶ
780 1422 849 1456 μετὰ
872 1422 976 1458 βραχέα

185 1461 277 1497 φησίν·
303 1473 312 1489 ι
334 1465 414 1496 Ἐθος
436 1462 469 1500 ἦν
494 1467 550 1497 τοῖς
570 1466 693 1498 παλαιοῖς
711 1468 739 1493 ἐν
763 1469 823 1499 ταῖς
845 1468 976 1503 μεγάλαις

186 1511 339 1544 συμφοραῖς
359 1510 414 1536 τῶν
433 1511 573 1542 κινδύνων,
590 1512 650 1538 ἀντὶ
670 1511 720 1546 τῆς
740 1512 847 1538 πάντων
863 1512 975 1548 φθορᾶς,

1026 282 1115 309 insula
1129 283 1311 312 consecravit.
1344 283 1479 312 Caeterum
1494 285 1565 313 hanc
1588 286 1674 321 ipsam
1688 286 1815 315 Astarten

1024 327 1168 356 Phoenices
1183 328 1314 356 Venerem
1329 337 1390 358 esse
1411 336 1573 359 memorant.
1592 332 1625 359 At
1644 331 1817 359 veroSatur-

1024 374 1174 405 nus,_dum
1193 375 1285 401 orbem
1300 375 1397 402 lustrat
1410 377 1566 404 universum
1577 397 1584 408 ,
1605 377 1732 405 Minervae
1752 378 1816 406 tiliae

1026 420 1110 448 totius
1134 421 1229 448 Attica
1253 429 1363 456 regnum
1391 423 1490 455 tradit,
1514 431 1546 451 ac
1565 424 1631 452 dirae
1654 425 1815 459 pestilentize

1025 464 1199 492 inelementia
1233 466 1370 501 exitioque
1406 473 1578 502 commotus,
1603 468 1703 502 lilium,
1732 477 1814 504 quem

1027 518 1110 537 unum
1126 518 1158 537 ex
1173 511 1293 546 legitima
1309 520 1393 539 uxore
1408 518 1574 548 susceperat,
1589 513 1665 542 Caelo
1690 515 1758 549 patri
1773 519 1815 542 t0.—

1027 561 1085 583 tum
1101 555 1217 583 ﬂammis
1240 561 1431 592 consumptum
1457 559 1593 591 immolat,
1615 563 1672 586 tum
1690 559 1740 587 sibi
1758 560 1816 594 ipse

1026 603 1142 630 verenda
1158 604 1324 638 prreseindit,
1338 604 1484 638 saciosrfae
1498 613 1594 632 omnes
1619 605 1653 632 ad
1671 605 1760 632 simile
1773 604 1815 632 fa-

1027 652 1100 674 ctum
1118 655 1168 682 per
1190 648 1244 675 vim
1259 648 1360 683 adigit;
1376 657 1426 677 nec
1443 650 1529 676 multo
1543 655 1614 684 post,
1627 650 1702 677 Muth
1719 650 1814 683 illium,

1027 702 1108 728 quem
1125 702 1158 721 ex
1176 693 1249 721 Rhea
1275 701 1415 730 genuerat,
1441 696 1497 722 vita
1520 696 1645 723 functum
1663 701 1816 729 consecrat,

1027 748 1107 774 quem
1135 739 1278 768 Phoenices
1305 742 1386 768 modo
1412 741 1537 773 Mortem,
1568 743 1649 770 modo
1674 744 1815 770 Plutonem

1028 786 1173 821 appellant.
1205 786 1306 814 Deinde
1334 786 1470 815 Saturnus
1493 787 1607 823 Byblum
1636 789 1731 816 urbem
1761 789 1818 816 dea:

1029 831 1162 864 Baaltidi,
1191 840 1252 866 quze
1280 832 1362 859 etiam
1389 832 1474 860 Dione
1497 833 1661 865 vocabatur,
1692 833 1817 868 Neptuno

1030 881 1119 903 autem
1146 881 1173 903 et
1195 877 1325 909 (laberis,
1350 878 1483 912 Agricolis
1498 879 1560 905 item
1583 884 1609 906 et
1630 879 1816 908 Piscatoribus

992 908 1013 936 Β
1027 921 1082 956 39
1101 921 1227 957 Berytum
1248 922 1319 949 dono
1334 908 1418 954 dedit,
1431 924 1476 950 ubi
1490 923 1569 950 Ponti
1584 924 1716 959 reliquias
1733 925 1816 952 iidem

1027 971 1231 993 consecrarunt.
1243 966 1364 995 Taautus
1376 976 1439 996 vero
1453 968 1523 995 Deus
1538 977 1599 996 eum
1613 970 1668 1003 jam
1682 974 1744 996 ante
1755 969 1818 997 Ca:-

1027 1012 1045 1038 li
1061 1012 1206 1047 imaginem
1223 1013 1382 1047 ellinxisset,
1405 1021 1469 1040 mox
1495 1014 1605 1041 Saturni
1627 1015 1710 1042 etiam
1735 1020 1818 1051 atque

1026 1056 1144 1092 Dagonis
1162 1062 1377 1092 ca-terorumque
1392 1058 1505 1086 deorum
1520 1060 1610 1087 vultus
1620 1080 1628 1091 ,
1643 1068 1752 1094 unaque
1773 1069 1817 1088 sa-

1026 1111 1088 1130 cros
1096 1104 1291 1130 elementorum
1304 1104 1475 1132 characteres
1487 1107 1629 1139 expressit.
1654 1105 1724 1139 Quin
1735 1106 1816 1134 etiam

1026 1151 1134 1186 insigne
1151 1151 1227 1185 regni
1244 1150 1363 1178 Saturno
1378 1152 1513 1186 ejusmodi
1524 1153 1688 1187 excogitavit
1701 1162 1709 1186 ;
1721 1153 1816 1181 oculos

1027 1196 1054 1224 in
1068 1198 1145 1224 vultu
1163 1197 1242 1225 binos
1257 1206 1289 1225 ac
1304 1198 1417 1225 totidem
1434 1199 1460 1225 in
1476 1199 1602 1234 oceipite,
1622 1206 1740 1234 quorum
1759 1199 1815 1226 duo

1026 1242 1132 1277 placide
1149 1243 1294 1270 connivere
1312 1251 1343 1270 ac
1361 1243 1464 1271 nictare
1478 1244 1634 1272 viderentur
1649 1253 1656 1272 :
1672 1245 1730 1272 alas
1749 1245 1814 1272 item

1026 1288 1142 1323 singulis
1163 1289 1190 1315 in
1205 1289 1326 1316 humeris
1350 1289 1484 1324 geminas,
1508 1298 1523 1317 e
1552 1290 1650 1324 quibus
1675 1291 1817 1325 explicatae

1026 1333 1097 1365 duae,
1112 1333 1172 1361 duze
1185 1341 1249 1361 vero
1264 1339 1411 1362 contracta:
1425 1342 1456 1362 ac
1467 1335 1592 1362 demissa:
1610 1335 1707 1363 forent.
1728 1336 1817 1371 Atque

1027 1379 1168 1406 oculorum
1194 1380 1318 1415 symbolo
1332 1380 1516 1416 signiﬁcatum
1531 1381 1647 1413 volebat,
1667 1382 1825 1410 Saturnum,

1027 1430 1054 1452 et
1064 1425 1224 1452 dormiendo
1240 1431 1396 1458 cernere,et
1407 1426 1527 1454 dormire
1541 1427 1694 1462 vigilando;
1711 1428 1828 1457 alarum.

1028 1475 1118 1498 autem
1147 1471 1273 1499 eumdem
1300 1476 1327 1498 et
1349 1472 1440 1499 volare
1457 1472 1634 1507 quiescendo,
1650 1477 1677 1500 et
1699 1473 1816 1502 volando

1028 1517 1170 1551 quieseere
1187 1526 1194 1550 ;
1210 1511 1315 1545 creteris
1330 1525 1395 1544 vero
1412 1517 1465 1545 diis
1490 1518 1547 1545 alas
1566 1518 1592 1544 in
1610 1517 1733 1546 humeris
1748 1519 1817 1549 duas

184 1553 216 1580 τὸ
233 1555 412 1590 ἠγαπημένον
428 1555 482 1582 τῶν
506 1557 619 1589 τέκνων,
631 1558 694 1589 τοὺς
711 1558 879 1592 κρατοῦντας
895 1558 911 1593 ἦ
929 1558 975 1584 πό-

1029 1568 1134 1590 tantum
1148 1563 1281 1596 attribuit,
1297 1564 1397 1598 quippe
1415 1564 1462 1598 qui
1481 1563 1630 1592 Saturnum
1655 1565 1744 1599 ipsum
1767 1573 1817 1592 vo-

184 1599 252 1632 λεως
274 1601 290 1636 ἢ
312 1601 425 1634 ἔθνους,
449 1604 489 1634 εἰς
508 1603 615 1638 σφαγὴν
638 1603 784 1630 ἐπιδιδόναι
807 1604 903 1639 λύτρον
919 1606 975 1636 τοῖς

182 1648 314 1682 τιμωροτς
339 1647 460 1683 δαίμοσι.
485 1649 709 1683 Κατεσφὰττοντο
737 1649 765 1676 δὲ
794 1650 818 1676 οἱ
844 1649 976 1685 διδόμενοι

184 1692 333 1727 μυστικῶς.
362 1693 466 1729 Κρόνος
490 1694 594 1726 τοίνυν,
619 1694 648 1720 ὃν
672 1695 695 1720 οἱ
718 1694 840 1727 Φοίνικες
869 1695 976 1731 Ἰσραὴλ

182 1738 427 1773 προσαγορεύουσι,
450 1739 600 1773 βασιλεύων
614 1740 662 1774 τῆς
679 1739 780 1774 χώρας,
795 1741 841 1766 καὶ
863 1740 976 1776 ὕστερον

185 1782 255 1818 μετὰ
283 1783 332 1819 τὴν
357 1784 404 1811 τοῦ
431 1783 487 1819 βίου
512 1784 639 1820 τελευτὴν
664 1786 704 1817 εἰς
727 1785 773 1812 τὸν
798 1785 844 1813 τοῦ
870 1786 976 1821 Κρόνου

190 1828 304 1865 Ἀστέρα
325 1829 514 1865 καθιερωθεὶς,
532 1831 561 1864 ἐξ
587 1831 736 1867 ἐπιχωρίας
753 1831 871 1867 νύμφης,
896 1832 977 1858 Ἀνω-

183 1873 250 1909 σρὲτ
273 1874 434 1911 λεγομένης,
456 1877 514 1903 υἱὸν
537 1877 607 1913 ἔχων
625 1878 766 1914 μονογενῆ,
785 1879 814 1905 ὃν
833 1879 877 1906 διὰ
897 1879 976 1905 τοῦτο

189 1919 273 1946 Ἰεοὺδ
293 1920 417 1953 ἐκάλουν,
435 1922 482 1948 τοῦ
508 1924 668 1958 μονογενοῦς
689 1924 776 1956 οὕτως
797 1925 837 1951 ἔτι
861 1925 907 1953 καὶ
928 1925 976 1951 νῦν

182 1964 350 2000 καλουμένου
366 1967 441 2002 παρὰ
454 1969 511 2000 τοῖς
526 1960 634 2002 Φοίνίξι,
657 1970 787 1996 κινδύνων
802 1971 835 1996 ὲκ
858 1970 976 2006 πολέμου

184 2010 322 2046 μεγίστων
346 2012 547 2047 κατειληφότων
570 2014 619 2050 τὴν
642 2015 748 2050 χώραν,
777 2015 909 2050 βασιλικῷ
928 2024 978 2042 κο-

184 2057 293 2092 σμήσας
310 2058 430 2093 σχὴματι
451 2058 497 2086 τὸν
512 2060 585 2092 υἱὸν,
609 2060 701 2096 βῶμόν
717 2069 747 2087 τε
768 2061 976 2088 κατασκευασά-

184 2110 265 2137 μενος
278 2103 436 2133 κατέθυσεν,
455 2114 464 2130 r
487 2105 515 2132 ’0
533 2105 556 2132 δ’
571 2105 651 2138 αὐτὸς
674 2106 754 2133 πάλιν
774 2106 904 2142 περὶτῶν
917 2107 977 2134 Φοι-

183 2148 266 2174 νίκων
281 2150 419 2185 στοιχείων
432 2151 465 2177 ἐκ
481 2151 535 2177 τῶν
553 2152 789 2187 Σαγχουνιάθωνος
804 2152 974 2188 μεταϐαλὼν,

185 2193 234 2220 θέα
256 2195 335 2222 ὁποῖά
360 2204 426 2231 φησι
448 2197 513 2232 περὶ
533 2197 587 2223 τῶν
608 2198 780 2233 ὲρπυστικῶν
802 2198 850 2225 καὶ
867 2198 975 2225 ἰοϐόλων

1027 1608 1110 1636 lando
1126 1614 1315 1643 sequerentur.
1329 1609 1368 1636 Ad
1385 1609 1507 1644 ejusdem
1522 1609 1633 1638 Saturni
1656 1614 1737 1644 caput
1758 1611 1816 1640 alas

1027 1659 1170 1690 propterea
1188 1655 1311 1690 geminas
1326 1655 1439 1689 ellinxit,
1464 1663 1582 1691 quarum
1608 1657 1692 1684 altera
1717 1656 1816 1684 mentis

1026 1701 1317 1736 principatum,altera
1333 1702 1469 1729 sentiendi
1486 1703 1539 1731 vim
1557 1703 1699 1731 indicaret.
1716 1703 1815 1731 Satur—

1027 1756 1080 1775 nus
1092 1752 1182 1775 autem
1206 1755 1268 1775 cum
1306 1748 1333 1775 in
1363 1748 1504 1778 Meridiem
1527 1750 1656 1782 venisset,
1680 1749 1815 1778 Taautum

1026 1793 1106 1820 deum
1127 1792 1236 1828 Egypti
1258 1794 1392 1821 universae
1405 1802 1494 1828 regem
1519 1795 1630 1822 ereavit.
1650 1796 1738 1830 Atque
1759 1796 1816 1823 haec

1025 1839 1163 1874 principes
1176 1839 1312 1871 omnium,
1326 1839 1425 1874 inquit,
1439 1839 1531 1867 Cabiri
1545 1847 1646 1875 septem
1662 1840 1740 1868 liberi
1764 1839 1815 1876 Sy-

1026 1885 1087 1917 deo,
1102 1893 1165 1912 eum
1181 1884 1341 1920 [Esculapio
1356 1885 1441 1913 fratre
1453 1890 1560 1918 octavo,
1572 1886 1715 1921 ipsiusmet
1727 1885 1817 1915 Tuan.—

1025 1932 1045 1958 ti
1067 1931 1157 1966 jussu,
1186 1932 1212 1959 in
1234 1933 1444 1960 commentarios
1473 1933 1633 1967 tabulasque
1655 1933 1814 1961 retulerant.

1026 1975 1177 2004 Thabionis
1194 1981 1286 2004 autem
1306 1977 1390 2011 ﬁlius,
1407 1978 1513 2012 primus
1527 1978 1597 2012 apud
1619 1977 1762 2005 Phrenices
1782 1985 1816 2005 ex

1026 2021 1102 2048 omni
1127 2022 1258 2049 memoria
1276 2030 1418 2050 sacrorum
1440 2024 1583 2058 interpres,
1599 2023 1692 2051 eadem
1715 2023 1817 2057 allego-

1026 2067 1075 2095 riis
1099 2068 1267 2102 quibusdam
1295 2070 1453 2102 ementitus,
1466 2077 1528 2098 cum
1544 2077 1634 2096 rerum
1648 2068 1814 2096 naturalium

1026 2119 1053 2140 et
1072 2120 1167 2141 eorum
1184 2122 1245 2149 quae
1257 2115 1360 2149 passim
1390 2115 1443 2142 hoc
1468 2115 1496 2142 in
1525 2115 1628 2142 mundo
1654 2114 1817 2149 contingunt

1026 2159 1215 2188 ali'ectionibus
1232 2161 1391 2195 conjuncta,
1404 2161 1544 2196 prophetis
1575 2161 1652 2195 orgia
1675 2160 1816 2188 celebran—

1026 2206 1110 2239 tibus,
1126 2210 1153 2234 ει
1164 2207 1361 2234 sacriﬁciorum
1377 2207 1625 2243 mysteriorumque
1647 2207 1817 2242 principihul

185 2239 298 2287 θηρίων,
316 2240 334 2267 ἃ
355 2241 387 2276 δὴ
411 2242 508 2277 χρῆσιν
530 2243 578 2278 μὲν
602 2243 707 2279 ἀγαθὴν
733 2242 886 2279 ἀνθρώποις
901 2243 975 2269 οὐδε-

1027 2252 1147 2280 tradidit.
1157 2251 1208 2285 Qui
1220 2252 1346 2287 deinceps
1368 2239 1478 2280 inanem
1499 2253 1570 2280 hanc
1580 2239 1790 2280 ostentationem
1805 2272 1814 2285 ,

186 2282 250 2316 μίαν
276 2284 414 2318 συντελεῖ,
441 2285 543 2322 φθορὰν
567 2287 597 2313 δὲ
622 2287 669 2314 καὶ
695 2287 784 2323 λύμην
807 2286 848 2320 οἷς
875 2288 908 2315 ἂν
930 2288 975 2314 τὸν

182 2326 303 2363 δυσαλθῆ
327 2329 374 2355 καὶ
394 2329 511 2364 χαλεπὸν
542 2331 580 2357 ἰὸν
608 2332 802 2368 ἐγχρίμψειεν,
822 2333 975 2368 ἀπεργάζε-

183 2381 239 2400 ται.
259 2373 362 2409 Γράφει
382 2375 411 2401 δὲ
429 2376 475 2402 καὶ
494 2377 581 2405 ταῦτα
602 2378 670 2413 πρὸς
689 2377 761 2409 λέξιν
786 2375 837 2405 ὧδέ
856 2388 915 2410 πως
933 2378 976 2405 λέ-

183 2425 251 2452 γων·
270 2428 279 2445 ί
302 2419 357 2455 Τὴν
378 2421 427 2456 μὲν
446 2419 493 2448 οὖν
520 2422 567 2448 τοῦ
587 2422 732 2457 δράκοντος
756 2422 835 2457 φύσιν
855 2423 901 2450 καὶ
921 2423 974 2450 τῶν

183 2463 271 2499 ὄφεων
289 2466 369 2498 αὐτὸς
387 2465 541 2500 ἐξεθείασεν
557 2470 572 2495 ὁ
608 2469 730 2500 Τὰαυτος
743 2490 751 2501 ,
779 2469 826 2496 καὶ
847 2470 904 2505 μετ’
925 2470 975 2497 αύ-

182 2511 230 2539 τὸν
245 2509 323 2543 αὖθις
336 2512 457 2545 Φοίνικές
472 2523 501 2540 τε
532 2515 579 2541 καὶ
594 2515 747 2549 Αἰγύπτιοι.
781 2515 976 2550 ῐΙνευματικὼ-

182 2563 264 2582 τατον
279 2555 334 2595 γὰρ
347 2556 377 2583 ea
392 2557 460 2590 ζῶον
478 2559 586 2586 πάντων
602 2560 655 2586 τῶν
673 2560 805 2595 ἑρπετῶν,
823 2561 869 2587 καὶ
886 2561 976 2596 πυρῶ⁴

182 2600 229 2634 δες
245 2601 292 2629 ὕπ’
306 2602 388 2629 αὑτοῦ
405 2603 539 2640 παρεδόθη
555 2606 619 2640 παρ’
634 2603 657 2639 ᾦ
668 2612 680 2626 ι
699 2606 746 2632 καὶ
757 2605 839 2643 τάχος
855 2606 976 2641 ἀνυπέρ-

183 2646 284 2683 ϐλητον
305 2648 349 2676 διὰ
364 2649 586 2686 τού-πνεύματος
607 2651 766 2688 παρίστησι,
787 2653 870 2687 χωρὶς
888 2653 975 2679 ποδῶν

221 2700 236 2714 ι
253 2694 297 2721 τσ.
313 2695 338 2721 ὃ.

221 2738 277 2774 (45)
297 2739 352 2777 [fat
377 2740 450 2777 τοῖς
463 2742 703 2777 προκοσμήμασι.
725 2742 822 2774 Μυειῑ..
840 2741 898 2770 εἶτα
920 2745 975 2775 τοῖς

184 2781 267 2814 ’προτίἶ
284 2773 373 2814 ,_,forte
389 2773 497 2814 melius,
513 2773 635 2804 εϊτίκᾶὶ
658 2780 714 2809 τοῖς
733 2773 974 2814 προσ-κοσμήμασι,

183 2809 525 2848 ιοήιςιδῑζπροκοσμήματα
539 2819 600 2848 esse
612 2813 729 2847 possint,
737 2809 975 2848 praviusfqii'idam

183 2844 423 2906 xtionisl‘ucus,
441 2844 475 2874 ὀι
495 2847 575 2882 quasi
591 2844 782 2883 sequentibus.
793 2844 894 2877 fabulis
907 2857 975 2884 προ-

231 2886 324 2906 ποιων.

231 2886 324 2907 ποιων.

1027 2306 1110 2333 quam
1126 2298 1200 2325 omni
1211 2306 1261 2333 ope
1281 2298 1411 2333 omnique
1421 2298 1511 2326 studio
1522 2306 1621 2334 augere
1629 2299 1814 2330 conatierant,

1027 2344 1084 2371 suis
1105 2351 1215 2379 quoque
1238 2344 1444 2371 successoribus
1470 2349 1497 2370 et
1520 2344 1635 2372 initiatis
1667 2343 1812 2377 reliquere.

1027 2389 1131 2418 Horum
1156 2397 1228 2418 unus
1253 2390 1329 2418 Isiris
1351 2391 1460 2426 quidam
1483 2390 1545 2424 fuit,
1561 2390 1642 2418 trium
1663 2389 1815 2418 litterarum

1027 2437 1162 2470 inventor,
1191 2436 1275 2464 frater
1300 2437 1374 2464 illius
1403 2437 1495 2470 Chnae,
1525 2438 1572 2471 qui
1597 2435 1702 2471 primus
1721 2438 1815 2470 postea

1026 2481 1142 2510 thnix,
1158 2487 1271 2510 vocatus
1290 2487 1342 2510 est.
1361 2493 1370 2508 ι
1385 2482 1489 2516 Quibus
1505 2483 1561 2509 ham
1573 2481 1669 2509 deinde
1678 2481 1790 2516 subiicit
1805 2490 1814 2509 :

1030 2537 1039 2553 ε
1061 2528 1095 2555 At
1109 2535 1176 2555 vero
1192 2527 1291 2560 Gnaei,
1308 2528 1434 2556 homines
1449 2535 1504 2563 prae
1515 2527 1620 2555 caeteris
1627 2526 1754 2562 gentibus
1766 2534 1816 2562 po:

1026 2572 1066 2599 liti
1083 2572 1232 2600 admodum
1246 2577 1273 2600 et
1288 2574 1420 2608 elegantis
1437 2572 1549 2606 ingenii,
1564 2572 1683 2603 primum
1703 2573 1815 2607 quidem

1026 2619 1142 2646 istorum
1157 2627 1288 2654 pleraque
1304 2619 1355 2647 sibi
1366 2624 1494 2653 tanquam
1506 2618 1615 2653 propria
1625 2618 1798 2647 vindicarunt
1804 2628 1813 2649 :

1026 2668 1074 2696 sed
1090 2675 1152 2696 cum
1169 2675 1250 2695 aures
1265 2672 1347 2702 atque
1369 2667 1475 2694 animos
1499 2666 1652 2695 fabularum
1676 2667 1816 2702 voluptate

1062 2756 1118 2790 (Μ)
1144 2755 1230 2788 Ὶδίας
1245 2755 1293 2781 καὶ
1310 2754 1369 2780 sua.
1391 2753 1481 2781 Malim
1498 2755 1543 2781 καὶ
1558 2754 1624 2790 ἰδίας
1640 2756 1710 2785 an,
1727 2758 1755 2790 ut
1766 2762 1815 2788 per

1026 2787 1250 2826 éx-top'a'tgpartes
1262 2790 1395 2826 quasdam
1409 2798 1448 2826 ac
1470 2790 1551 2816 veluti
1566 2789 1652 2817 frusta
1663 2789 1814 2826 intelligat.

1027 2834 1058 2854 ex
1076 2823 1134 2853 toto
1149 2823 1195 2852 illo
1211 2831 1304 2859 rerum
1319 2823 1522 2859 Phtenieiarum
1546 2831 1660 2859 corpore
1674 2824 1822 2858 decerptam

1062 2860 1119 2896 (45)
1144 2859 1191 2893 Ὠς
1202 2858 1328 2894 ἀληθῶς.
1350 2858 1636 2896 Εοι-ιο,,ὼς,ἀληθοῦς.
