2077 3238
178 211 214 239 89
759 211 921 240 PRIEPAR.
943 211 1071 241 EVANG.
1092 211 1155 239 LlB.
1179 211 1199 238 l.
1765 210 1803 238 90

175 268 206 295 in
217 276 286 303 quos
310 272 407 296 tetrum
433 268 498 296 illud
518 277 599 297 suum
628 273 655 296 et
683 269 793 296 exitiale
821 277 956 297 venenum
977 269 1158 297 excusserint.
1194 267 1239 295 Sic
1258 267 1342 303 igitur
1373 267 1407 294 ad
1435 267 1547 294 verbum
1571 266 1616 293 ille
1632 273 1661 293 ι(
1683 265 1804 293 Taautus

177 315 286 349 quidem
323 315 450 344 draconis
486 317 708 350 serpentiumque
740 321 845 343 natura:
869 315 1040 342 divinitatem
1078 315 1197 349 aliquam
1233 314 1383 346 tribuebat,
1421 321 1505 348 quam
1545 313 1605 348 ejus
1646 311 1803 347 opinionem

176 358 225 397 4]
242 360 383 389 Phoenices
414 366 441 389 et
470 361 589 397 Egyptii
615 366 708 397 postea
740 362 964 396 comprobarunt.
982 360 1128 387 Enimvero
1155 359 1309 394 genushoc
1325 359 1473 387 animantis
1488 366 1543 394 pne
1566 357 1672 385 cunctis
1699 357 1804 392 reptili—

177 405 239 438 bus,
249 406 276 433 vi
288 412 315 433 et
329 406 407 441 copia
417 408 528 443 spiritus
543 408 681 435 abundare
705 408 793 440 docet,
820 408 934 443 ejusque
962 411 1089 436 naturam
1114 407 1221 442 igneam
1246 414 1318 439 esse,
1333 405 1407 440 quod
1426 406 1508 433 etiam
1521 404 1803 440 proptereacelerita-

177 458 242 485 tem,
260 454 360 489 inquit,
375 463 430 489 prae.
444 463 473 482 se
488 455 539 482 fert
553 456 628 482 omni
645 456 803 490 exceptione
819 456 961 491 majorem,
987 463 1048 482 cum
1067 462 1155 488 neque
1181 455 1296 488 pedum,
1324 461 1412 488 neque
1433 460 1573 485 manuum,
1590 459 1677 486 neque
1694 451 1806 478 alterius

177 500 336 534 cujusquam
349 501 491 529 exterioris
510 503 623 529 membri
641 502 837 529 adminiculum
861 502 969 534 habeat,
1000 501 1152 535 cujusmodi
1170 505 1243 533 sunt,
1259 500 1357 535 quibus
1382 499 1414 527 ad
1437 504 1539 526 motum
1555 499 1666 534 reliquae
1678 498 1805 525 animan-

176 550 216 572 tes
236 545 273 574 uti
297 546 395 574 solent.
414 546 546 575 Praeterea
565 549 654 575 varias
688 556 720 576 ac
752 549 915 583 multiplices
943 549 1066 583 corporis
1092 547 1195 575 formas
1227 547 1354 580 ostendit,
1373 555 1405 573 ac
1424 547 1542 574 sinuosis
1572 546 1703 573 intortum
1721 544 1805 580 spiris

176 595 236 618 sese
248 599 329 625 quam
345 593 453 621 libuerit
465 595 576 622 incitato
589 596 677 623 vibrat
692 597 804 630 impetu.
837 595 976 622 Diuturnae
1003 595 1150 621 admodum
1179 595 1241 621 vitae
1259 598 1310 626 cst,
1338 602 1386 621 nec
1400 595 1488 621 solum
1504 598 1585 621 exuto
1599 593 1675 620 senio
1688 592 1805 626 juvenem

176 636 238 668 scit,
255 644 350 665 verum
371 640 453 667 etiam
471 641 575 675 majora
598 642 721 676 corporis
737 642 819 669 simul
842 646 869 669 et
893 641 990 667 virium
1016 640 1114 674 accipit
1142 640 1320 671 incrementa,
1346 640 1432 666 donec
1451 639 1559 666 tandem
1586 637 1709 665 confecto
1730 640 1805 664 certo

176 681 293 715 quodam
312 691 446 711 annorum
478 686 614 713 curriculo
638 687 665 713 in
696 687 816 721 seipsum
846 688 945 713 iterum
970 685 1148 717 dissolvatur,
1177 686 1407 720 quemadmodum
1438 686 1464 711 in
1488 685 1574 712 sacris
1599 684 1681 710 etiam
1704 682 1805 710 tabulis

175 727 245 755 idem
260 728 380 757 Taautus
397 731 527 764 scriptum
552 732 671 766 reliquit.
695 732 722 758 ld
747 732 819 767 quod
836 732 863 759 in
888 739 970 758 causa
996 730 1058 763 fuit,
1083 739 1132 758 cur
1153 731 1205 757 hoc
1231 730 1410 757 animantium
1436 738 1520 763 genus
1544 730 1570 756 in
1601 729 1686 756 sacris
1707 729 1806 763 pariter

176 777 257 807 alqne
281 776 419 810 mysteriis
436 777 558 804 adhiberi
578 779 687 805 soleret.
713 778 751 805 De
780 779 831 805 hoc
846 782 935 805 autem
963 778 990 805 in
1017 777 1232 811 commentariis,
1257 785 1326 812 quos
1349 777 1475 803 Etim/tia
1500 776 1699 810 inscripsimus,
1719 774 1807 809 pluri-

176 818 255 845 busa
272 821 351 847 nobis
377 822 545 857 disputatum
561 828 613 855 est,
636 824 682 851 ubi
708 825 797 859 ipsum
822 824 974 851 immortale
998 831 1069 854 esse,
1091 828 1118 850 et
1139 824 1166 850 in
1196 831 1256 851 sese
1280 824 1379 856 denuo,
1399 823 1626 857 qttellladmodum
1651 826 1712 848 ante
1730 821 1805 847 dice-

177 862 251 894 bam,
270 867 366 895 resolvi
381 867 638 897 demonstravimus.
664 870 719 897 Nec
731 871 803 897 enim
830 870 985 905 huju'smodi
1006 870 1117 901 animal,
1148 870 1202 897 nisi
1230 870 1257 896 vi
1283 870 1400 905 quadam
1433 877 1592 904 percussum
1619 875 1680 895 ante
1711 868 1804 899 fuerit,

179 915 265 937 morte
280 914 397 940 naturali
423 915 619 951 exstinguitur.
652 918 741 952 Atque
764 917 830 944 illud
856 917 965 951 quidem
988 915 1133 943 Phoenices
1151 917 1252 943 bonum
1273 916 1434 949 dtemonem,
1457 915 1576 950 Egyptii
1588 923 1651 941 vero
1664 914 1805 948 Cncpbum

179 959 304 985 similiter
324 967 525 995 nuncuparunt,
547 963 690 998 eidemque
705 969 787 998 caput
801 963 938 998 accipitris
964 964 999 991 ob
1015 963 1181 998 praecipuam
1197 964 1343 998 quamdam
1354 963 1436 997 huius
1450 963 1568 989 volucris
1581 961 1676 997 agendi
1692 961 1745 987 vim
1760 961 1808 987 ad-

179 1006 316 1033 diderunt.
333 1007 405 1040 Quin
419 1009 500 1035 etiam
520 1009 600 1043 Epeis
616 1010 669 1043 ille,
686 1010 731 1045 qui
753 1018 878 1039 summus
894 1010 928 1036 ab
953 1010 986 1036 iis
1007 1018 1147 1038 sacrorum
1172 1010 1304 1044 interpres
1322 1013 1348 1036 et
1362 1009 1451 1036 scriba
1471 1008 1643 1039 nominatur,
1671 1015 1806 1042 quemque

178 1049 259 1078 Arius
276 1051 505 1088 Iieracleopolitcs
521 1054 615 1082 Graeca
630 1056 722 1091 lingua
739 1056 865 1089 donavit,
882 1057 921 1084 sic
932 1056 965 1083 ad
980 1057 1093 1084 verbum
1102 1057 1245 1092 allegorice
1266 1063 1323 1083 rem
1334 1055 1412 1083 istam
1420 1054 1561 1087 exposuit:
1574 1063 1582 1078 ι
1595 1054 1672 1081 Unus
1684 1054 1806 1081 omnium

178 1097 296 1124 maxime
313 1099 422 1127 divinus
434 1096 493 1128 erat
521 1109 634 1136 serpens
646 1103 699 1134 ille,
725 1103 772 1136 qui
793 1103 930 1137 accipitris
951 1103 1066 1130 formam
1096 1111 1151 1138 prae
1169 1110 1199 1131 se
1215 1102 1325 1135 ferebat,
1353 1102 1478 1137 idemque
1506 1105 1618 1136 aspectu
1638 1100 1806 1135 jucundissi-

177 1151 239 1170 mus
253 1152 259 1170 :
271 1145 371 1179 quippe
383 1146 466 1179 enim,
479 1147 523 1174 ubi
538 1148 633 1175 oculos
651 1149 812 1182 aperuisset,
839 1148 968 1176 continuo
981 1149 1148 1184 primigenia:
1158 1157 1214 1177 sua:
1222 1149 1341 1184 regionis
1365 1149 1426 1177 loca
1443 1148 1535 1176 omnia
1549 1149 1610 1175 luce
1632 1147 1783 1183 complebat
1797 1157 1804 1175 :

178 1190 219 1216 sin
236 1194 325 1217 autent
345 1193 517 1226 conniveret,
541 1194 615 1222 illico
638 1196 756 1223 tenebrze
771 1197 962 1224 succedebant.
975 1198 1033 1224 »Αο
1043 1201 1138 1225 natura
1160 1197 1271 1232 quidem
1302 1197 1411 1232 igneum
1434 1197 1510 1224 illum
1533 1204 1594 1223 esse
1610 1195 1635 1222 vi
1652 1196 1711 1230 ipsa
1731 1196 1807 1223 verbi

176 1233 333 1269 διηύγασεν,
350 1237 376 1263 id
391 1242 432 1265 est
445 1238 608 1273 illustrabat,
627 1239 706 1274 Epeis
723 1241 867 1269 manifeste
895 1241 964 1269 decl:

1016 1242 1043 1268 'it
1072 1251 1079 1269 :
1098 1242 1169 1270 lucis
1202 1243 1287 1274 enim,
1305 1242 1334 1268 τὸ
1348 1242 1503 1277 διαυγὰσαι,
1533 1241 1587 1268 hoc
1604 1245 1645 1268 est
1660 1241 1806 1277 illustrare,

178 1281 318 1314 proprium
339 1287 392 1312 est.
413 1284 583 1321 Pherecydes
604 1292 706 1319 autem,
725 1288 870 1315 occasione
883 1295 915 1314 ex
930 1287 1104 1315 Phoenicibus
1120 1292 1245 1323 arrepta,
1270 1288 1449 1323 theologicam
1466 1288 1499 1315 de
1526 1287 1573 1314 illo
1595 1287 1707 1315 numine
1734 1288 1806 1323 quod

177 1324 327 1360 Ophionem
352 1329 410 1364 ipsc
424 1336 573 1366 nuncupat,
596 1332 683 1367 deque
694 1332 856 1367 Ophionidis
877 1334 994 1361 instituit
1013 1334 1244 1368 disputationem;
1260 1342 1311 1362 nos
1330 1339 1419 1362 autem
1435 1334 1469 1362 de
1482 1334 1537 1362 illis
1549 1334 1652 1368 aliquid
1664 1334 1745 1362 etiam
1759 1341 1811 1368 pu—

177 1376 235 1399 stea
250 1373 436 1408 subjiciemus.
449 1376 585 1404 Caeterum
596 1377 715 1413 Egyptii
726 1379 858 1406 mundum
870 1379 963 1406 eodem
983 1378 1098 1406 consilio
1117 1379 1303 1414 depingentes,
1326 1380 1474 1407 rotundum
1505 1379 1638 1406 circulum
1663 1378 1736 1406 aerio
1761 1386 1808 1405 co-

176 1421 235 1450 lore
256 1422 427 1457 ﬂammisqm:
456 1431 581 1458 sparsum
610 1426 776 1460 exprimunt,
809 1426 889 1461 cujus
913 1423 940 1453 in
959 1427 1049 1454 medio
1071 1435 1182 1462 serpens
1202 1431 1329 1455 extentus
1342 1427 1480 1461 accipitris
1494 1425 1581 1453 forma
1594 1426 1754 1453 collocatur.
1768 1425 1808 1453 Ac

172 1465 342 1500 totaquidem
359 1466 445 1502 ﬁgura
464 1468 559 1497 ϐιωεο
575 1469 661 1498 Theta
682 1473 828 1506 persimilis
856 1479 907 1507 est,
937 1475 975 1502 ita
1000 1475 1140 1508 nimirum,
1162 1479 1193 1503 ut
1212 1475 1316 1502 circulo
1336 1475 1468 1502 mundum
1494 1474 1649 1506 exhibeant,
1682 1478 1809 1503 serpente

176 1515 267 1539 autem
280 1513 370 1540 medio
387 1514 463 1541 illum
475 1515 602 1550 utrinque
612 1515 666 1551 42
687 1517 879 1553 oonjungente,
905 1519 1006 1546 bonum
1025 1520 1175 1547 daemonem
1193 1519 1356 1554 signiﬁcent.
1371 1519 1406 1545 At
1420 1525 1484 1546 vero
1497 1517 1656 1545 Zoroastres
1670 1517 1766 1552 Magus
1780 1519 1807 1545 in

176 1564 259 1585 sacro
284 1558 458 1587 Persicorum
480 1561 584 1589 rituum
610 1564 823 1597 commentario,
853 1565 912 1592 haec
941 1567 1052 1594 totidem
1083 1566 1174 1594 verbis
1196 1566 1297 1593 habet:
1319 1575 1327 1590 σ
1346 1565 1417 1593 Deus
1428 1569 1518 1593 autem
1544 1568 1587 1592 est
1605 1564 1742 1599 accipitris
1760 1571 1807 1591 ca-

177 1602 242 1638 pite,
271 1605 399 1640 princeps
426 1607 664 1643 omnium,expers
684 1609 822 1642 interitus,
843 1611 1035 1646 sempiternus,
1066 1613 1124 1640 sine
1144 1617 1224 1645 ortu,
1252 1612 1311 1639 sine
1340 1611 1482 1647 partibus,
1516 1611 1634 1638 maxime
1656 1610 1807 1641 dissimilis.

175 1650 266 1677 omnis
291 1650 357 1677 boni
381 1652 546 1686 moderator,
572 1654 775 1689 integerrimus,
801 1657 933 1684 bonorum
964 1658 1095 1692 optimus,
1118 1657 1293 1692 prudentium
1308 1657 1549 1692 prudentissimus,
1571 1656 1660 1690 legum
1674 1655 1809 1690 aequitatis

175 1702 208 1721 ac
233 1695 344 1731 justitiae
362 1703 472 1730 parens,
489 1705 519 1724 se
541 1701 646 1725 tantum
674 1705 838 1734 praeceptore
862 1702 968 1733 doctus,
999 1702 1140 1733 naturalis,
1161 1701 1306 1736 perfectus,
1328 1702 1447 1736 sapiens,
1476 1706 1503 1729 et
1528 1709 1614 1728 sacrae
1634 1701 1675 1728 vis
1690 1701 1808 1736 physica:

177 1747 248 1767 unus
273 1740 408 1770 inventor.
427 1751 437 1767 ›
464 1741 564 1769 Eadem
587 1743 700 1778 insuper
725 1746 838 1772 Ostanes
865 1746 898 1773 de
916 1746 961 1773 illo
981 1747 1064 1773 tradit
1094 1747 1120 1773 in
1142 1754 1174 1773 eo
1192 1746 1265 1782 quod
1297 1746 1484 1774 Octaleucltum
1516 1747 1666 1782 inscripsit,
1689 1746 1806 1773 volumi-

176 1794 220 1813 ne.
241 1786 348 1823 Reliquq'
365 1793 455 1815 autem
470 1796 575 1822 omnes,
593 1790 742 1823 principem
766 1791 840 1819 illum
863 1793 959 1824 secuti,
985 1792 1018 1819 de
1042 1800 1132 1819 rerum
1154 1798 1263 1826 natura,
1286 1793 1516 1829 quemadmodum
1542 1798 1603 1821 ante
1629 1795 1732 1821 dictum
1755 1797 1806 1826 est,

176 1833 358 1869 philosophati
378 1840 454 1868 sunt;
481 1843 513 1862 ac
549 1836 644 1870 primis
664 1837 805 1865 clementis
824 1847 855 1866 ac
875 1830 1042 1874 serpentium
1076 1841 1172 1875 forma,
1192 1844 1218 1869 in
1239 1843 1346 1877 templis
1372 1849 1433 1876 qua:
1460 1845 1671 1868 construxerant
1692 1841 1807 1868 solemni

177 1880 231 1907 ritu
252 1880 394 1913 dedicatis,
420 1889 482 1908 cum
507 1881 652 1914 sacriﬁcia,
679 1888 736 1910 tum
760 1884 843 1911 festos
864 1893 973 1920 quoque
998 1886 1066 1920 dies,
1089 1892 1115 1914 et
1141 1889 1216 1923 orgia
1243 1888 1425 1919 celebrarunt,
1442 1888 1514 1922 quod
1533 1887 1593 1914 illos
1616 1887 1729 1913 deorum
1747 1894 1806 1913 ma-

164 1926 268 1960 ,ximos
281 1934 352 1960 esse,
366 1935 513 1962 rerumque
527 1928 649 1955 omnium
664 1930 800 1965 principes
816 1939 847 1958 ac
857 1931 1041 1961 moderatores
1052 1938 1190 1968 putarent.
1207 1935 1306 1962 Verum
1326 1935 1383 1961 haec
1392 1935 1425 1961 de
1439 1934 1610 1969 serpentibus
1628 1934 1710 1961 modo
1725 1934 1804 1961 satis.

219 1983 298 2011 Ἀλλὰ
318 1984 371 2020 γὰρ
389 1984 424 2011 τὰ
440 1985 488 2019 μὲν
508 1985 556 2020 τῆς
574 1986 703 2013 Φοινίκων
719 1986 857 2021 θεολογίας
870 1989 963 2016 τοῦτον

177 2031 299 2068 περιέχει
322 2031 369 2058 τὸν
398 2031 508 2067 τρόπον.
539 2032 589 2058 Ἦν
615 2033 818 2070 ἀμεταστρεπτὶ
842 2036 963 2070 φεύγειν,

177 2079 224 2106 καὶ
238 2078 288 2112 τῆς
305 2078 358 2105 τῶν
379 2077 500 2104 παλαιῶν
518 2079 729 2116 φρενοϐλαϐείας
745 2081 795 2116 τὴν
819 2080 890 2108 ἴασιν
916 2091 965 2117 με-

175 2123 328 2155 ταδιώκειν,
351 2123 365 2149 ὁ
381 2125 513 2160 σωτήριος
530 2126 734 2160 εὐαγγελίζεται
749 2126 835 2161 λόγος.
858 2128 917 2154 ’Ὁτι
938 2128 967 2155 δὲ.

179 2169 216 2205 μὴ
236 2169 314 2205 μῦθοι
330 2169 427 2202 ταῦτα,
450 2171 497 2197 καὶ
512 2171 631 2206 ποιητῶν
651 2171 849 2208 ἁναπλάσματα
869 2173 966 2201 λανθά-

177 2215 274 2243 νουσαν
290 2225 350 2242 τινα
371 2216 400 2242 ὲν
423 2216 560 2249 ὑπονοίαις
578 2217 672 2253 ἔχοντα
691 2218 808 2254 θεωρίαν
821 2220 963 2255 τυγχάνει·

178 2261 267 2296 σοφῶν
282 2262 310 2288 δὲ
328 2262 374 2289 καὶ
392 2262 525 2295 παλαιῶν,
537 2263 574 2295 ὡς
590 2263 623 2290 ἂν
636 2264 817 2299 αὐτοὶ-φαῖεν,
832 2265 965 2300 Θεολὸγων

177 2306 285 2342 ἀληθεῖς
302 2308 460 2344 μαρτυρίαι,
475 2309 509 2335 τὰ
523 2310 570 2336 καὶ
587 2309 706 2345 ποιητῶν
719 2310 846 2338 ἁπάντων
864 2312 910 2338 καὶ
923 2312 965 2339 λο-

177 2353 323 2388 γογράφων
349 2354 522 2391 πρεσϐύτερα
546 2355 732 2391 περιέχουσαι,
761 2356 792 2383 τό
814 2366 844 2384 τε
870 2358 965 2385 πιστὸν

177 2399 231 2426 τῶν
243 2399 330 2434 λόγων
349 2401 517 2436 ἐπαγόμεναι
534 2401 587 2428 ἀπὸ
598 2402 648 2438 τῆς
667 2402 749 2430 εἰσέτι
767 2402 846 2439 δεῦρο
861 2404 889 2429 ὲν
905 2406 964 2436 ταῖς

178 2444 249 2472 κατὰ
264 2446 390 2483 Φοινίκην
399 2447 492 2474 πόλεσι
507 2455 536 2473 τε
553 2448 600 2474 καὶ
615 2447 721 2484 κώμαις
736 2449 889 2485 κρατούσης
909 2450 964 2477 τῶν

179 2490 248 2518 Θεῶν
271 2492 456 2528 προσηγορίας
481 2501 510 2519 τε
539 2493 585 2520 καὶ
610 2495 741 2530 ἱστορίας,
769 2496 824 2522 τῶν
846 2505 876 2522 τε
899 2498 963 2532 παρ’

177 2536 301 2569 ἑκάστοις
323 2538 538 2574 ἐπιτελουμένων
557 2540 725 2576 μυστηρίων,
745 2541 825 2577 δῆλον
846 2542 879 2569 ἂν
899 2543 943 2578 εἴη
955 2551 961 2557 ·

176 2582 216 2616 ὥς
234 2583 331 2619 μηκέτι
350 2584 450 2612 τούτων
467 2585 567 2622 χρῆναι
588 2587 690 2622 βιαίους
705 2588 854 2623 ἀνιχνεύειν
871 2597 963 2623 φυσιο-

178 2628 286 2664 λογίας,
305 2630 378 2666 σαφῆ
391 2630 437 2658 τὸν
459 2630 489 2663 ἐξ
510 2632 614 2659 ἑαυτῶν
633 2633 742 2669 ἔλεγχον
759 2634 964 2670 ἐπιφερομένων

177 2675 232 2703 τῶν
247 2676 428 2712 πραγμάτων.
442 2677 558 2714 Τοιαύτη
576 2678 625 2714 μὲν
639 2676 686 2706 οὖν
701 2681 717 2715 ὴ
731 2680 862 2707 Φοινίκων
877 2679 965 2707 Θεολο-

177 2721 236 2756 για.
254 2723 325 2758 Ὦρα
345 2722 373 2749 δὲ
397 2723 564 2758 μεταϐάντας
590 2725 638 2752 καὶ
659 2725 706 2762 τὴν
730 2726 885 2761 Αἰγυπτίων
904 2727 965 2753 ὲπι-

179 2767 327 2804 θεωρῆσαι.

1049 1990 1210 2026 llujusmodi
1231 2000 1295 2028 ergo
1310 1996 1352 2020 est
1368 1992 1526 2019 Phoenicum
1544 1992 1705 2026 theologica,
1723 2000 1806 2027 quam

1014 2040 1044 2063 ut
1060 2036 1192 2064 irretortis
1203 2038 1289 2065 oculis
1303 2038 1451 2072 fugiamus,
1465 2045 1496 2064 ac
1511 2037 1664 2071 priscorum
1681 2037 1802 2064 vesania:

1015 2083 1177 2110 medicinam
1194 2091 1399 2118 persequamur,
1415 2083 1543 2110 salutaris
1557 2081 1696 2118 Evangelii
1707 2082 1808 2110 doctri-

1017 2136 1051 2154 na
1069 2128 1199 2162 przccipit.
1218 2127 1284 2154 Nam
1303 2128 1375 2162 quod
1392 2128 1444 2154 ista
1459 2126 1550 2154 omnia
1565 2134 1615 2154 nec
1627 2126 1725 2154 fabulae
1741 2126 1806 2158 sint,

1018 2181 1067 2200 nec
1078 2177 1232 2200 commenta
1244 2178 1397 2207 poetarum.
1409 2180 1470 2207 quze
1480 2173 1607 2199 latentem
1620 2172 1712 2199 nescio
1724 2179 1806 2207 quam

1017 2219 1044 2246 in
1060 2219 1164 2246 intimis
1183 2219 1309 2246 sensibus
1320 2218 1575 2253 contemplationem
1589 2218 1728 2245 involvant
1741 2228 1747 2245 :
1759 2219 1807 2246 sed

1016 2264 1108 2299 potius
1125 2271 1190 2291 vera
1210 2263 1374 2298 sapientium
1391 2271 1423 2291 ac
1438 2268 1568 2296 veterum,
1584 2268 1613 2290 ut
1633 2263 1684 2298 ipsi
1695 2264 1806 2299 quidem

1017 2311 1162 2345 appellant,
1174 2310 1361 2345 theologorum
1373 2310 1540 2342 testimonia,
1553 2318 1613 2345 quze
1624 2318 1668 2337 res
1679 2310 1807 2338 omnibus

1016 2362 1042 2385 et
1056 2358 1142 2392 poetis
1150 2361 1177 2384 et
1188 2356 1342 2384 fabularum
1356 2356 1537 2391 scriptoribus
1549 2357 1718 2392 antiquiores
1728 2363 1806 2383 com-

1016 2402 1178 2437 plectantur,
1191 2402 1325 2436 lidemque
1333 2406 1475 2430 arcessant
1488 2409 1549 2429 cum
1561 2410 1595 2430 ex
1609 2401 1654 2429 illa
1664 2401 1733 2436 ipsa,
1745 2408 1806 2435 quae

1016 2448 1043 2475 in
1059 2447 1220 2483 Phpeuicum
1237 2447 1350 2475 urbibus
1375 2455 1408 2475 ac
1422 2447 1498 2483 pagis
1513 2447 1664 2474 etiamnum
1685 2446 1806 2474 celebra-

1018 2497 1071 2525 tur,
1085 2492 1197 2520 deorum
1210 2492 1392 2528 appellatione
1408 2497 1490 2527 atque
1508 2492 1633 2524 historia,
1649 2495 1707 2518 tum
1720 2499 1754 2518 ex
1772 2491 1806 2519 iis

1016 2545 1078 2573 quae
1105 2537 1176 2572 apud
1201 2537 1323 2572 singulos
1347 2541 1529 2572 peraguntur,
1555 2535 1692 2572 mysteriis
1716 2535 1806 2570 quivis

1016 2585 1123 2618 Opinor,
1134 2583 1258 2619 intelligit
1269 2593 1274 2610 :
1286 2583 1351 2611 nihil
1367 2588 1395 2610 ut
1404 2583 1460 2618 jam
1475 2589 1588 2610 necesse
1599 2581 1635 2609 sit
1645 2586 1754 2610 coactas
1762 2589 1807 2610 re-

1016 2637 1077 2656 rum
1090 2629 1203 2656 istarum
1218 2629 1344 2665 physicas
1358 2627 1552 2663 explicationes
1562 2627 1805 2660 perscrutari,cum

1015 2674 1176 2703 certissimis
1184 2681 1245 2709 quae
1253 2678 1387 2709 sponteac
1395 2680 1442 2708 per
1448 2679 1477 2700 se
1483 2672 1556 2706 ipsas
1563 2671 1804 2707 illaesuppeditant,

1015 2719 1183 2756 argumentis
1191 2718 1352 2753 iudiciisque
1362 2721 1514 2746 teneantur.
1523 2714 1586 2745 Haec
1592 2725 1657 2752 ergo
1663 2717 1806 2746 dethui-

1015 2774 1078 2794 cum
1092 2765 1228 2800 theologia
1239 2764 1313 2793 dicta
1324 2768 1414 2792 sunto.
1428 2762 1490 2790 ἔδω
1502 2763 1575 2791 enim
1594 2768 1702 2799 tempus
1715 2768 1757 2792 est
1777 2769 1807 2793 ut

1017 2812 1050 2841 ad
1066 2811 1257 2849 Egyptiorum
1271 2817 1350 2839 sacra
1364 2809 1572 2845 doctrinamque
1585 2814 1767 2838 transeamus.
