2077 3212
131 205 165 233 93

720 207 880 235 PMPAR.
902 206 1028 236 EVANG.
1051 207 1114 235 LIB.
1137 206 1168 235 Π.

1720 205 1755 233 94

128 264 156 289 αί
178 263 372 299 παρατεθεῖσαι
390 263 444 290 τῶν
469 264 621 300 εἰρημένων
637 264 747 301 ἐδήλουν
761 266 864 301 φωναὶ,
880 265 917 298 ὡς

968 273 999 293 ac
1010 266 1169 301 religionem
1187 264 1354 299 pertinentes
1367 265 1491 293 omnium
1506 264 1586 300 primi
1602 263 1752 298 collegere,

129 309 226 344 μηκέτι
246 310 342 345 χρῆναι
364 309 464 336 τούτων
492 309 597 344 βιαίους
616 311 767 345 ἀνιχνεύειν
789 311 914 345 φυσιολο-

125 355 197 390 γίας,
217 355 288 390 σοιφῆ
301 355 346 382 τὸν
359 355 388 389 ἐξ
402 355 505 382 ἑαυτῶν
523 355 632 391 ἔλεγχον
643 356 848 392 ἐπιφερομένων
861 357 915 384 τῶν

127 402 307 436 πραγμάτων.
334 403 450 437 Τοιαύτη
480 403 528 437 μὲν
549 401 623 438 οὖνὴ
642 402 696 429 τῶν
708 403 838 430 Φοινίκων
855 403 915 430 θεο-

126 448 213 481 λογία.
229 448 298 483 Ὥρα
317 448 344 474 δὲ
370 449 548 482 μεταδάντας,
564 449 609 475 καὶ
635 449 669 475 τὰ
687 449 842 483 Αἰγυπτίων
856 450 916 475 ἐπι-

126 492 274 527 θεωρῆσαι,
292 493 332 524 εἰς
347 492 377 519 τὸ
394 493 560 528 κατανοῆσαι
575 494 621 520 καὶ
638 494 753 520 συνιδεῖν
764 494 916 529 ἐξητασμέ-

125 547 185 569 vote,
203 539 226 564 εἰ
253 538 290 573 μὴ
312 539 461 574 κεκριμένη
478 539 525 565 καὶ
541 539 652 573 εὔλογος
670 539 834 574 συνέστηκεν
850 540 915 574 ἡμῖν

124 583 139 617 ἡ
158 582 186 614 ἐξ
212 583 300 609 αὐτῶν
330 583 513 620 ἀναχώρησις,
535 584 589 611 οὐδ’
616 585 713 616 ἄλλως,
737 585 753 620 ἦ
771 585 814 612 διὰ
831 585 914 620 μόνης

125 627 175 662 τῆς
190 628 379 664 Εὐαγγελικῆς
404 630 576 662 ἀποδείξεως,
595 630 733 666 πρώτιστα
747 631 856 657 πάντων
867 630 915 656 αὒ-

122 673 178 702 τοῐς
192 672 360 706 Αἰγυπτίοις,
381 671 439 700 εἶτα
458 674 486 700 δὲ
508 676 555 701 καὶ
577 676 632 706 τοῖς
647 675 680 701 τὰ
696 677 743 702 ἴσα
769 674 914 710 φρονοῦσιν

123 717 213 749 αὐτοῖς
225 718 437 754 κατωρθωμένη.
455 720 548 746 Πᾶσαν
564 721 613 755 μὲν
632 718 679 747 οὖν
694 720 743 755 τὴν
767 721 915 754 Αἰγυπτια-

123 761 173 797 κὴν
186 763 307 799 ἱστορίαν
316 765 356 794 εἰς
370 764 471 796 πλάτος
482 765 533 800 τῆς
550 765 682 801 Ἐλλήνων
698 765 842 801 μετείληφε
860 774 915 798 φω-

123 807 180 842 νῆς.
194 807 265 839 ἰδίως
278 817 308 834 τε
324 808 358 834 τὰ
372 809 436 844 περὶ
455 809 503 844 τῆς
516 810 575 836 κατ’
592 810 690 841 αὐτοὺς
706 809 842 842 θεολογίας
853 810 914 835 Μα-

122 852 207 884 νεθῶς
220 854 234 879 ὁ
252 852 399 887 Αἰγύπτιος
424 853 451 880 ἒν
464 863 493 880 τε
532 852 650 887 ἔγραψεν
662 853 851 888 ’,ερςῑβίίῗνίιρ⁷
868 853 915 881 καὶ

124 900 153 924 ὲν
167 898 270 934 ἑτέροις
290 898 372 925 αὑτοῦ
394 899 604 935 συγγράμμασι,
619 899 692 934 Πλὴν
704 898 772 926 ἀλλὰ
790 900 838 925 καὶ
856 899 915 925 Διό-

122 945 208 980 δωρος
223 946 236 971 ὁ
246 945 362 980 πρόσθεν
374 945 441 980 ἡμῖν
456 945 662 980 μνημονευθεὶς,
677 946 709 971 ὲκ
723 945 853 970 πλειόνων
867 944 916 976 τὰς
932 937 953 963 Β

124 990 244 1025 ἱστορίας
261 990 472 1025 ἀναλεξάμενος,
489 990 537 1016 καὶ
552 989 589 1021 ὡς
607 989 647 1015 ἕνι
667 989 782 1024 μάλιστα
799 989 834 1015 τὰ
850 990 916 1024 παρ’

122 1036 247 1066 ἑκάστοις
261 1036 366 1062 ἔθνεσιν
388 1034 602 1071 ἀπηκριῦωκὼς,
617 1035 752 1070 ἐπιφανὴς
774 1035 851 1070 ἀνὴρ,
870 1035 916 1060 καὶ

121 1081 200 1114 δόξαν
217 1082 247 1108 οὐ
265 1082 366 1117 μικρὰν
383 1081 507 1113 παιδείας
525 1082 599 1117 παρὰ
618 1082 685 1108 πᾶσι
699 1083 753 1113 τοῖς
767 1081 915 1115 φιλολόγοις

122 1126 309 1161 κτησάμενος·
324 1128 370 1153 καὶ
383 1127 415 1162 δὴ
432 1127 478 1153 καὶ
496 1128 584 1153 πᾶσαν
599 1127 648 1162 τὴν
665 1126 781 1153 παλαιὰν
794 1134 914 1160 συναγα-

121 1171 177 1204 γὼν
193 1172 323 1207 ἱστορίαν,
339 1173 459 1206 συνάψας
482 1181 511 1198 τε
527 1173 560 1198 τὰ
583 1172 677 1207 πρῶτα
690 1174 747 1202 τοῖς
764 1171 827 1205 ἑξῆς
844 1171 914 1207 πρά-

120 1226 219 1252 γμασι,
249 1218 297 1253 τὴν
314 1219 453 1254 καταρχὴν
468 1219 517 1253 τῆς
533 1219 596 1254 ὅλης
615 1219 762 1253 ἐποιήσατο
781 1226 914 1253 πραγμα-

121 1263 194 1295 τείας
223 1264 276 1290 duo
302 1264 353 1298 τῆς
377 1264 436 1290 κατ’
453 1264 616 1298 Αἰγυπτίους
636 1263 775 1297 θεολογίας
788 1271 794 1277 ·
816 1263 863 1297 ἀφ’
880 1260 914 1298 ἧς

120 1307 242 1343 ἡγοῦμαι
259 1310 381 1343 κρεῖττον
392 1307 461 1335 εἶναι
488 1307 651 1344 ποιήσασθαι
672 1308 722 1344 τὴν
732 1307 786 1334 τῶν
803 1316 915 1342 προκει‹

124 1354 212 1388 μένων
229 1354 390 1389 παράθεσιν,
413 1355 450 1385 ὡς
469 1355 502 1381 ἂν
524 1355 624 1390 μᾶλλον
641 1354 724 1389 οὗσης
738 1353 915 1389 γνωριμωτέ-

121 1408 171 1430 ρας
183 1401 238 1431 τοῖς
251 1400 361 1435 Ἕλλησι
378 1400 428 1435 τῆς
449 1400 542 1427 τούτου
565 1400 685 1436 γραφῆς.
704 1401 817 1434 Ἰστορεί
830 1399 853 1425 δ’
868 1397 914 1426 οὖν

119 1444 207 1471 ταῦτα
219 1445 286 1480 πρὸς
299 1445 381 1478 λέξιν.

970 312 1037 338 nihil
1055 311 1164 346 penitus
1177 311 1219 338 vel
1235 310 1269 337 ad
1285 318 1392 337 morum
1411 310 1640 343 informationem,
1655 310 1696 337 vel
1714 310 1754 336 al-

967 356 1102 392 legoricos
1115 355 1268 383 fabularum
1281 363 1379 384 sensus
1391 356 1502 390 referre,
1516 356 1562 384 sed
1584 356 1612 382 in
1629 355 1701 382 nuda
1723 362 1755 382 ac

966 402 1084 435 simplici
1096 402 1261 429 narrationis
1273 403 1359 437 ipsius
1373 402 1489 430 historia
1501 406 1658 430 constanter
1673 402 1756 427 luere-

966 456 995 474 re
1015 448 1146 475 voluisse.
1168 448 1226 475 lloc
1253 449 1390 483 ipsissima
1415 456 1521 480 eorum,
1537 455 1607 483 quos
1631 446 1755 473 laudavi-

966 500 1038 525 mus,
1050 493 1171 519 0nmium
1187 493 1269 520 verba
1281 493 1430 524 declarant,
1445 493 1513 519 nihil
1528 497 1557 519 ut
1569 492 1623 526 jam
1643 497 1755 518 necesse

965 537 1010 569 sit,
1023 542 1133 564 coactas
1148 545 1239 564 rerum
1265 538 1379 564 istarum
1408 537 1535 572 physicas
1560 535 1755 570 explicationes

965 584 1104 618 indagare,
1117 591 1179 610 cum
1201 584 1372 615 certissimis,
1395 591 1455 617 quae
1479 587 1577 617 sponte
1601 590 1633 609 ac
1655 589 1703 616 per
1725 589 1755 608 se

965 629 1039 663 ipsas
1058 629 1110 655 illae
1125 629 1310 663 suppeditant,
1332 629 1502 664 argumentis
1522 628 1684 662 indiciisquo
1715 631 1756 654 te-

964 679 1091 701 neantur.
1119 674 1181 702 Haec
1201 675 1283 710 igitur
1299 675 1332 702 de
1344 675 1505 702 Phwnicum
1526 673 1662 708 theologia
1683 673 1754 700 dicta

964 725 1054 747 sunto.
1070 720 1129 747 Jam
1144 729 1208 747 vero
1226 724 1334 755 tempus
1350 725 1442 753 est,ut
1455 720 1489 747 ad
1507 719 1697 754 [Egyptiorum
1711 726 1757 745 sa-

963 774 1008 793 cra
1024 765 1232 800 doctrinamque
1258 770 1441 798 transeamus,
1462 766 1679 798 ut'perspectum
1696 771 1756 790 om-

964 819 1012 838 nes
1030 816 1055 838 et
1076 811 1247 846 explorat-um
1265 811 1394 843 habeant,
1416 819 1480 837 num
1503 810 1607 844 absque
1632 810 1756 844 diligenti

965 865 996 884 ac
1021 860 1129 883 matura
1156 856 1352 883 deliberatione
1370 856 1404 882 ab
1426 855 1460 882 iis
1490 862 1599 889 quoque
1614 855 1756 882 disceden-

964 903 1029 930 dum
1043 902 1122 929 nobis
1136 909 1197 929 esse
1212 902 1398 934 statuerimus,
1425 907 1606 935 nostrumque
1621 901 1673 928 hoc
1689 908 1756 928 con-

968 946 1058 973 silium
1082 953 1138 972 non
1159 945 1270 973 aliunde
1290 954 1372 980 quam
1393 953 1426 973 ex
1457 946 1573 980 ipsamet
1597 942 1756 977 Evangelica

970 991 1195 1018 demonstratione
1217 990 1309 1025 petitis
1327 990 1492 1022 rationibus,
1507 989 1625 1023 primum
1646 987 1755 1022 quidem

969 1035 1116 1071 Egyptiis,
1132 1040 1188 1062 tum
1202 1036 1316 1071 reliquis
1331 1036 1460 1070 deinceps
1474 1035 1613 1066 omnibus,
1631 1034 1677 1068 qui
1692 1040 1755 1060 cum

969 1082 1002 1108 iis
1015 1081 1189 1115 opinionibus
1210 1085 1289 1107 erant
1309 1080 1504 1114 sententiisque
1526 1079 1676 1113 conjuncti,
1692 1084 1757 1113 pro-

968 1126 1059 1152 batum
1081 1125 1169 1152 fausta
1192 1133 1224 1152 ac
1250 1125 1366 1152 feliciter
1391 1124 1525 1151 evenerit.
1547 1123 1585 1149 Ac
1611 1122 1758 1149 Manethus

967 1171 1077 1205 quidem
1089 1170 1233 1205 [Egyptius
1246 1170 1389 1197 historiam
1403 1170 1510 1196 illorum
1522 1168 1677 1195 universam
1688 1167 1760 1195 Grab-

968 1217 1008 1244 cis
1022 1217 1120 1244 litteris
1138 1216 1197 1244 fuse
1212 1217 1359 1243 admodum
1373 1215 1531 1250 explicavit,
1546 1214 1696 1249 praesertim
1710 1221 1757 1240 ve-

967 1270 998 1289 ro
1013 1270 1074 1297 quae
1091 1263 1124 1289 ad
1144 1263 1266 1296 ipsorum
1281 1262 1444 1295 theologiam
1459 1260 1642 1295 pertinebant,
1652 1267 1713 1286 cum
1729 1259 1757 1285 in

967 1308 1051 1336 Sacra
1066 1309 1205 1341 volumine,
1218 1311 1275 1334 tutn
1289 1307 1352 1335 aliis
1361 1307 1525 1342 quihusdam
1543 1306 1672 1340 operibus
1686 1312 1761 1332 com-

968 1353 1124 1389 prehendit.
1141 1353 1192 1381 Sed
1205 1354 1335 1388 quoniam
1358 1353 1501 1384 Diodorus,
1528 1352 1551 1379 is
1573 1358 1652 1386 quem
1676 1355 1757 1377 antea

968 1399 1256 1431 commemoravimus,
1269 1399 1314 1433 qui
1329 1399 1451 1426 diversas
1461 1406 1492 1425 ex
1508 1397 1633 1432 pluribus
1650 1395 1760 1430 collegit

969 1444 1111 1477 historias.
1129 1445 1355 1479 singularumque
1382 1445 1465 1476 ritus,
1487 1450 1571 1478 quam
1605 1440 1760 1469 accuratis—

120 1489 191 1517 sime
207 1490 265 1518 lieri
284 1491 382 1524 p'otuit,
410 1491 569 1526 complexus
598 1495 650 1524 est,
670 1491 713 1517 vir
743 1498 811 1518 sane
830 1490 1013 1522 clarissimus,
1050 1491 1264 1525 opinionemque
1293 1491 1426 1518 doctrinm
1455 1498 1510 1517 non
1536 1489 1663 1524 exiguam
1689 1487 1760 1521 apud

121 1543 218 1564 omnes
236 1537 371 1572 politioris
388 1538 547 1564 litteraturae
568 1538 705 1564 studiosos
728 1541 909 1569 consecutus,
929 1538 969 1564 sic
985 1541 1070 1564 totam
1094 1538 1121 1564 in
1140 1545 1225 1564 unum
1251 1537 1334 1564 veluti
1353 1545 1454 1572 corpus
1474 1541 1596 1564 veterum
1616 1533 1759 1562 historiam

121 1583 224 1619 coegit,
249 1585 391 1618 sequentia
414 1591 476 1611 cum
497 1584 636 1618 prioribus
652 1588 713 1618 apte
743 1588 922 1617 connectens,
944 1587 974 1610 ut
998 1584 1032 1610 ab
1068 1584 1112 1610 illa
1140 1583 1333 1619 Egyptiorum
1366 1582 1502 1617 theologia
1522 1581 1613 1616 operis
1640 1578 1760 1607 universi

121 1629 286 1664 principium
307 1629 440 1656 duxerit:
467 1636 556 1663 operae
580 1629 696 1663 pretium
723 1637 767 1656 me
790 1629 924 1656 facturum
957 1631 1083 1663 arbitror,
1108 1630 1130 1657 si
1158 1637 1191 1657 ex
1215 1630 1320 1663 eadem;
1345 1637 1406 1664 qua:
1432 1637 1447 1656 a
1480 1627 1647 1663 propositam
1677 1626 1758 1654 nobis

121 1675 335 1709 disputationem
352 1674 464 1707 faciunt,
480 1675 639 1710 deprompta
654 1675 681 1701 in
712 1675 833 1701 omnium
859 1676 946 1703 oculis
976 1685 1008 1703 ac
1025 1677 1085 1703 luce
1098 1677 1274 1709 constituam,
1297 1676 1370 1710 quod
1382 1674 1470 1703 Graeci
1502 1673 1626 1701 homines
1658 1672 1759 1708 saepius

124 1723 153 1751 in
167 1723 251 1758 hujus
262 1722 383 1750 auctoris
395 1722 514 1749 lectione
531 1726 685 1749 versentur.
702 1721 765 1749 Haec
777 1722 859 1757 igitur
876 1723 909 1750 ad
929 1723 1041 1750 verbum
1056 1723 1100 1750 ille
1111 1726 1319 1751 commemorat.

387 1813 585 1839 ΚΕΦΛΛΑΙΟΝ
615 1813 655 1839 Α’.
930 1817 951 1846 C

130 1893 269 1928 Ἐπιτομὴ
292 1892 346 1926 τῆς
368 1893 537 1927 Αἰγυπτίων
553 1893 718 1926 θεολογίας,
742 1893 791 1919 καὶ
816 1893 855 1926 ὡς
871 1895 916 1926 εἰς

329 1928 481 1962 Ἕλληνας
493 1928 706 1962 μετεκομίσθη.

163 2018 173 2034 ι
189 2008 258 2035 Φασὶ
272 2007 327 2042 (48)
342 2007 431 2033 τοίνυν
453 2007 596 2041 Αἰγύπτιοι
618 2007 689 2033 κατὰ
708 2007 756 2042 τὴν
779 2007 808 2040 ἐξ
829 2008 917 2044 ἀρχῆς

129 2057 180 2084 τῶν
196 2055 264 2082 ὅλων
276 2055 393 2089 γένεσιν,
408 2053 533 2090 πρώτους
544 2054 607 2085 τοὺς
620 2052 780 2089 ἀνθρώπους
791 2053 916 2087 γενέσθαι

126 2100 198 2128 κατὰ
212 2100 261 2135 τὴν
276 2100 422 2134 Αἴγυπτον,
438 2099 482 2126 διά
491 2108 520 2125 τε
531 2099 580 2134 τὴν
591 2098 739 2134 εὐκρασίαν
752 2099 801 2133 τῆς
814 2098 916 2133 χώρας,

124 2147 174 2174 καὶ
189 2146 233 2173 διὰ
253 2146 302 2181 τὴν
320 2145 401 2180 φύσιν
422 2145 468 2171 τοῦ
488 2145 595 2170 Νείλου.
613 2143 713 2171 Τοῦτον
730 2145 783 2180 γὰρ
801 2144 917 2178 πολύγο-

125 2202 170 2219 νον
187 2193 262 2224 ὅντα,
285 2192 332 2219 καὶ
354 2191 404 2223 τὰς
425 2191 528 2227 τροφὰς
552 2191 696 2225 αὐτοφυεῖς
721 2190 917 2226 παρεχόμενον,

127 2238 227 2274 ῥᾳδίως
249 2237 393 2272 ἐκτρέφειν
413 2236 448 2262 τὰ
465 2235 676 2271 ζωογονηθέντα.
697 2234 766 2268 Τοὺς
783 2235 812 2262 δὲ
830 2235 917 2267 θεοὺς,

125 2283 285 2320 ἀνθρώπους
301 2284 350 2319 μὲν
364 2283 485 2319 ὑπάρξαι
502 2283 626 2318 θνητοὺς,
644 2282 687 2309 διὰ
703 2282 731 2308 δὲ
749 2281 856 2308 σύνεσιν
873 2282 919 2308 καὶ

125 2330 217 2365 κοινὴν
237 2329 389 2365 ἀνθρώπων
407 2329 577 2365 εὐεργεσίαν,
595 2330 686 2364 τυχεῖν
705 2328 755 2363 τῆς
770 2327 929 2360 ἀθανασίας·

124 2374 164 2403 ὧν
177 2375 265 2407 ὲνίους
277 2376 325 2402 καὶ
341 2375 459 2410 βασιλεῖς
473 2375 608 2409 γενέσθαι.
624 2374 919 2410 Μεθερμηνευομένους

123 2421 154 2448 δὲ
167 2421 276 2455 αὐτοὺς,
294 2421 370 2453 τινὰς
389 2421 437 2457 μὲν
453 2421 614 2457 ὁμωνύμους
628 2420 760 2456 ὑπάρχειν
771 2421 827 2451 τοῖς
839 2420 919 2455 οὐρα-

123 2468 202 2499 νίοις,
220 2467 296 2499 τινὰς
313 2468 342 2494 δὲ
363 2467 431 2494 ἰδίαν
448 2467 594 2502 ἐσχηκέναι
613 2466 811 2502 προσηγορίαν,
825 2465 919 2492 Ἥλιόν

123 2522 165 2545 τε,
178 2513 225 2540 καὶ
237 2514 352 2550 Κρόνον,
365 2514 411 2540 καὶ
433 2514 521 2546 Ῥέαν,
535 2513 575 2540 ἔτι
589 2513 617 2540 δὲ
629 2513 675 2539 καὶ
689 2512 738 2539 Δία
750 2513 796 2539 τὸν
812 2511 864 2538 ὑπό
877 2521 918 2538 τι-

123 2568 178 2586 νων
203 2560 340 2595 ’Δμμωνα
361 2559 641 2595 προσαγορευόμενον,
665 2559 734 2594 πρὸς
752 2559 780 2585 δὲ
803 2558 917 2590 τούτοις,

124 2606 217 2641 Ἥραν
239 2605 286 2632 καὶ
312 2606 473 2640 Ἥφαιστον,
502 2605 542 2632 ἔτι
564 2603 594 2632 δὲ
616 2604 733 2636 Ἑστίαν,
758 2605 804 2631 καὶ
824 2604 917 2630 τελευ-

123 2653 201 2678 ταῖον
225 2651 338 2687 Ἑρμῆν.
366 2652 420 2678 Καὶ
441 2651 548 2686 πρῶτον
573 2651 623 2686 μὲν
641 2650 735 2677 Ἥλιον
758 2649 917 2686 βασιλεῦσαι

122 2697 179 2724 τῶν
193 2698 253 2724 κατ’
272 2696 420 2731 Αἴγυπτον,
435 2697 580 2733 ὁμώνυμον
596 2697 660 2723 ὅντα
676 2697 714 2732 τῷ
727 2696 787 2723 κατ’
804 2696 918 2732 οὐρανὸν

122 2743 227 2780 ἄστρῳ.
247 2744 332 2771 Ἔνιοι
343 2743 372 2770 δὲ
387 2743 442 2770 τῶν
454 2743 548 2780 ἱερέων
565 2743 632 2778 φασὶ
648 2742 754 2778 πρῶτον
766 2742 917 2777 Ἥφαιστον

123 2789 294 2825 βασιλεῦσαι,
309 2789 395 2825 πυρὸς
406 2789 520 2824 εὑρετὴν
532 2788 685 2824 γενόμενον.
703 2787 782 2815 Μετὰ
793 2787 821 2813 δὲ
831 2786 918 2814 ταῦτα

1247 1814 1300 1850 45
1319 1812 1435 1841 CAPUT
1460 1812 1480 1840 ι.

971 1892 1117 1927 ΤΙιροΙοειίω
1137 1891 1326 1927 Egyptiorum
1344 1892 1453 1924 epilome
1467 1910 1474 1922 ,
1495 1894 1519 1927 et
1541 1888 1762 1927 quemadmodum

1182 1928 1215 1953 ad
1231 1926 1336 1953 Grtrcos
1352 1926 1412 1952 inde
1427 1926 1575 1952 transierit.

1005 2016 1014 2032 ι
1035 2007 1141 2040 Aiunt,
1171 2007 1281 2041 inquit,
1309 2006 1430 2042 Egyptii
1458 2006 1509 2033 sub
1534 2006 1653 2040 primum
1678 2006 1760 2040 hujus

968 2053 1156 2081 universitatis
1177 2057 1268 2080 ortum
1286 2073 1294 2085 ,
1314 2053 1417 2087 primos
1432 2052 1514 2079 etiam
1527 2051 1652 2079 homines
1669 2051 1696 2078 in
1712 2049 1763 2080 ΛΕ-

969 2103 1051 2134 gypto
1087 2104 1245 2134 procreatos
1274 2097 1381 2130 fuisse,
1411 2097 1509 2132 partim
1534 2097 1570 2124 ob
1594 2097 1761 2131 singularem

969 2145 1209 2179 quamdamtotius
1225 2143 1346 2178 regionis
1361 2142 1596 2177 temperationem,
1611 2142 1712 2176 partim
1726 2142 1762 2169 ob

971 2192 1057 2227 ipsius
1075 2190 1128 2217 Nili
1145 2195 1292 2218 naturam:
1310 2190 1387 2217 illum
1412 2189 1484 2217 enim
1500 2211 1506 2222 ,
1533 2189 1605 2223 quod
1631 2188 1763 2216 fecundus

974 2237 1120 2264 admodum
1137 2236 1173 2263 sit
1196 2244 1228 2263 ac
1257 2236 1334 2263 cibos
1353 2235 1423 2263 ultro
1446 2239 1596 2270 sponteque
1619 2239 1763 2262 nascentes

972 2283 1109 2322 praebeat,
1125 2282 1204 2309 facile
1219 2282 1325 2318 genitas
1346 2282 1499 2309 animantes
1522 2281 1604 2309 alere.
1621 2280 1680 2309 Jam
1697 2288 1762 2308 vero

971 2329 1038 2356 deos
1055 2329 1139 2363 ipsos,
1154 2336 1215 2355 cum
1233 2328 1357 2355 homines
1368 2335 1476 2363 quoque
1491 2328 1620 2355 mortales
1635 2327 1761 2359 fuissent.

971 2378 1062 2401 tamen
1078 2377 1189 2408 propter
1215 2373 1397 2408 sapientiam,
1414 2377 1441 2400 et
1465 2373 1620 2400 communia
1637 2371 1761 2407 quaedam

971 2420 998 2447 in
1013 2420 1154 2447 hominum
1171 2427 1256 2453 genus
1278 2420 1392 2452 merita,
1414 2419 1646 2446 immortalitatem
1661 2424 1761 2445 conse-

971 2470 1049 2493 cutos
1064 2473 1125 2493 esse
1138 2486 1146 2498 ,
1162 2473 1279 2499 quorum
1299 2465 1380 2493 etiam
1397 2464 1480 2500 aliqui
1494 2464 1521 2491 in
1536 2463 1653 2500 Egypto
1664 2469 1763 2498 regna-

970 2511 1069 2538 verint.
1085 2509 1186 2538 Eorum
1200 2511 1278 2544 alios,
1292 2511 1314 2538 si
1332 2510 1503 2545 interpretari
1518 2510 1621 2542 lubeat,
1636 2508 1758 2543 ejusdem

971 2565 1035 2585 cum
1046 2557 1184 2585 caelitibus
1195 2557 1315 2589 nominis
1329 2557 1424 2589 fuisse,
1435 2557 1505 2584 alios
1516 2556 1653 2591 propriam
1664 2563 1762 2590 quam-

971 2604 1034 2631 dam
1051 2604 1258 2638 appellationem
1275 2603 1326 2631 sibi
1343 2603 1514 2630 vindicasse:
1533 2606 1615 2636 atque
1629 2601 1700 2629 inter
1713 2609 1762 2630 eos

972 2649 1075 2682 Solem,
1085 2649 1246 2682 Saturnum,
1255 2651 1349 2684 Opem,
1359 2649 1504 2684 ipsumque
1514 2652 1643 2683 prteterea
1654 2647 1760 2681 Jovem,

970 2695 1018 2730 qui
1039 2695 1156 2722 Ammon
1181 2702 1196 2721 a
1220 2693 1384 2728 quihusdam
1411 2695 1606 2727 nuncupatur:
1624 2690 1759 2720 Iunonem

971 2741 1035 2768 item
1065 2745 1147 2776 atque
1174 2739 1348 2772 Vulcanum,
1377 2737 1511 2771 Vestam,
1537 2743 1761 2772 postremumque

972 2786 1148 2814 Mercurium.
1165 2785 1203 2811 Ac
1225 2783 1316 2810 Solem
1339 2783 1450 2818 quidem
1463 2802 1470 2816 ,
1487 2781 1596 2812 caeleste
1612 2782 1687 2811 sidus
1710 2789 1762 2810 no-

160 2900 215 2936 (48)
237 2900 324 2928 Mat.
346 2899 457 2927 Diodori
485 2899 562 2928 locus
579 2903 633 2934 est,
646 2899 693 2927 sed
719 2899 798 2935 plane
822 2897 917 2932 συντόμ

976 2903 1008 2924 ex
1024 2894 1072 2924 lib.
1087 2902 1096 2923 ι
1109 2893 1274 2928 descriptus,
1291 2899 1320 2928 p.
1337 2893 1366 2927 9,
1383 2891 1402 2921 ι.
1416 2891 1520 2927 6,_ante
1532 2891 1579 2919 lin.
