4154 6422
599 370 671 427 95
1273 362 1546 421 ECSEBII
1586 360 2068 418 CAZSARIENSIS
2102 362 2253 417 OPP.
2296 362 2479 419 PARS
2513 361 2578 419 ll.
2614 362 3209 420 —..\POLOGETICA.
3789 368 3860 422 96

602 486 750 539 mine
798 464 1123 536 referentem
1152 522 1168 546 ,
1219 478 1437 550 Αἴθῃ)ιί
1473 494 1698 547 regnum
1751 479 2046 549 principem
2099 490 2180 533 te-

2285 479 2490 549 Κρόνον
2523 479 2706 551 ἄρξαι,
2740 481 2831 534 καί⁸
2852 482 3104 549 γήμαντα
3139 480 3235 550 τὴν
3261 479 3496 549 ἀδελςρὴν
3530 481 3709 543 Ῥέαν,
3737 500 3862 551 γεν-

603 576 788 629 nnisse
807 614 824 639 ,
854 588 1169 643 quanquam
1198 587 1227 626 e
1256 572 1631 627 sacerdotibus
1677 570 1922 623 nonnulli
1959 570 2179 636 volunt,

608 666 911 721 Vulcanum
957 666 1110 719 illum
1162 664 1303 734 ignis
1335 664 1675 716 inventorem
1726 662 1964 731 primum
2001 677 2180 731 regem

602 757 1003 812 numerandum
1039 770 1196 821 esse,
1250 753 1337 808 cui
1373 751 1645 807 Saturnus
1689 753 1743 807 in
1775 752 2005 822 imperio
2051 768 2180 808 suc—

602 848 863 910 cesserit,
894 859 1069 917 exque
1098 845 1210 916 Ope
1259 861 1478 910 sorore,
1515 861 1680 916 quam
1718 846 1772 900 in
1805 861 2033 901 uxorem
2067 847 2182 916 ipse

601 942 853 1005 duxerat,
881 938 963 992 vel
992 937 1173 991 Osirin
1205 945 1260 991 et
1288 935 1432 1002 Isin,
1461 946 1520 991 ut
1550 937 1801 992 scribunt
1832 939 2034 1008 aliqui,
2060 939 2178 1003 vel,

605 1039 664 1084 ut
692 1030 874 1098 plures
907 1037 1196 1095 asserunt,
1227 1027 1418 1083 Jovem
1447 1027 1829 1100 Junouemque
1858 1031 2178 1099 susceperit,

601 1125 697 1190 qui
750 1122 864 1175 orbi
916 1122 1263 1189 postmodum
1325 1121 1585 1175 universo
1652 1131 1872 1191 propter
1924 1123 2180 1181 eximiam

602 1214 856 1266 virtutem
904 1212 1267 1282 imperarint:
1301 1214 1433 1268 deos
1472 1225 1654 1268 autem
1696 1215 1940 1284 quinque
1976 1230 2181 1284 genue—

607 1301 735 1366 rint,
782 1298 989 1363 Osirin,
1040 1300 1172 1369 Isin,
1207 1303 1548 1372 Typhonem,
1580 1304 1882 1373 Apollinem
1912 1320 1977 1359 ac
2010 1303 2183 1359 Vene-

601 1407 736 1445 rem.
775 1391 840 1445 Et
890 1394 1075 1447 Osirin
1106 1394 1325 1463 quidem
1374 1394 1646 1450 Bacchum
1699 1412 1857 1461 esse,
1893 1397 2003 1453 lsin
2053 1412 2182 1452 vero

600 1482 855 1537 Cererem
886 1501 901 1550 ;
936 1499 1100 1553 quam
1136 1501 1259 1539 cum
1296 1485 1386 1541 ille
1437 1503 1622 1541 secum
1658 1489 2005 1542 matrimonio
2053 1504 2184 1543 con-

599 1574 900 1643 iunxisset,
933 1592 1270 1647 regnumque
1302 1579 1668 1647 capessisset,
1698 1596 1822 1635 eum
1854 1580 2084 1649 plurima
2114 1582 2183 1636 ab

600 1668 793 1723 eodem
811 1668 1072 1722 beneﬁcia
1098 1670 1151 1722 in
1177 1672 1566 1740 rempublicam
1592 1682 1779 1727 essent
1811 1674 2030 1741 collata,
2064 1685 2179 1729 tum

602 1760 792 1813 urbem
825 1760 879 1812 in
916 1758 1187 1815 Thebaide
1215 1772 1434 1817 centum
1472 1764 1793 1820 instructam
1828 1767 2022 1835 portis.
2049 1766 2182 1821 aedi-

602 1851 819 1904 ﬁcatam
845 1892 860 1916 ,
890 1868 1010 1920 qua:
1041 1853 1109 1906 ab
1137 1854 1257 1908 aliis
1286 1856 1479 1911 civitas
1511 1854 1691 1923 Jovis,
1722 1858 1792 1911 ab
1830 1858 1953 1913 aliis
1986 1857 2184 1913 Thebae

604 1944 938 1997 nominetur.
995 1942 1115 1999 «Ιονί
1172 1956 1431 2015 praeterea
1494 1947 1810 2019 Iunonique
1865 1951 2181 2019 parentibus

606 2047 819 2087 sacram
870 2033 1043 2088 aedem
1072 2076 1086 2100 ,
1116 2034 1354 2107 itemque
1381 2038 1487 2093 diis
1526 2040 1736 2095 caeteris
1785 2056 1950 2095 aurea
1986 2042 2184 2111 templa

605 2126 840 2179 excitata
862 2165 877 2188 ,
909 2126 1111 2196 quibus
1153 2128 1385 2199 singulis
1418 2146 1543 2185 cum
1573 2140 1753 2188 certos
1781 2135 2048 2203 quosdam
2082 2135 2184 2189 ho-

607 2231 792 2281 nores,
825 2227 940 2271 tum
983 2219 1148 2272 etiam
1176 2219 1231 2273 in
1263 2236 1401 2290 quos
1431 2236 1623 2276 eorum
1665 2239 1795 2278 cura
1830 2225 2183 2289 incumberet,

608 2310 917 2364 sacerdotes
944 2310 1272 2367 attribuerit.
1310 2311 1482 2368 Porro
1511 2315 1764 2370 eumdem
1794 2315 1979 2371 Osirin
2021 2317 2183 2372 vitem

609 2398 887 2455 invenisse
914 2403 1157 2465 tradunt,
1194 2405 1543 2474 primumque
1573 2406 1701 2461 vino
1734 2420 1894 2461 usum
1925 2422 2079 2470 esse,
2121 2423 2187 2463 ac

609 2488 850 2558 reliquos
881 2504 1070 2547 omnes
1098 2493 1325 2563 populos
1356 2495 1741 2566 agriculturam
1769 2498 2040 2554 docuisse.
2074 2498 2189 2571 46

606 2579 765 2649 Apud
816 2596 942 2635 eum
995 2594 1177 2638 autem
1227 2601 1446 2641 summo
1501 2590 1555 2642 in
1608 2589 1813 2645 honore
1857 2589 2185 2646 Mercurium

610 2670 800 2740 fuisse,
827 2674 970 2743 quod
999 2674 1052 2730 in
1076 2678 1450 2746 excogitandis
1474 2681 1540 2734 iis
1560 2695 1682 2750 quae
1709 2682 1873 2741 vitam
1900 2683 2184 2737 hominum

604 2762 800 2831 juvare
833 2774 1089 2833 possent,
1127 2767 1334 2839 ingenii
1376 2772 1654 2825 solertiam
1686 2774 1998 2829 ostenderet
2029 2775 2189 2844 plane

609 2855 939 2925 singularem
968 2876 981 2912 :
1021 2860 1222 2929 quippe
1261 2862 1357 2931 qui
1386 2862 1595 2918 litteras
1625 2864 1927 2931 invenerit,
1956 2866 2186 2922 deorum

608 2946 877 3002 sacriﬁcia
924 2948 1026 3003 rite
1074 2950 1395 3015 instituerit,
1434 2953 1563 3025 lyrae
1607 2964 1831 3009 cantum
1880 2959 2184 3026 repererit,

606 3036 933 3108 Gnaeusque
963 3041 1214 3096 homines
1243 3042 1343 3114 τὴν
1376 3045 1672 3117 ἑρμηνείαν
1695 3087 1712 3113 ,
1741 3051 1846 3103 hoc
1889 3058 1973 3104 est
2000 3050 2187 3105 elocu-

605 3126 836 3196 tionem,
864 3128 1147 3199 docuerit;
1177 3148 1342 3203 quam
1370 3137 1439 3190 ob
1464 3152 1687 3193 causam
1730 3139 1968 3212 Ἑρμῆς,
2003 3141 2057 3196 id
2102 3152 2188 3199 est

605 3194 913 3275 Mercurius
940 3260 956 3284 ,
994 3221 1063 3276 ab
1111 3194 1303 3279 iisdem
1354 3225 1518 3281 fuerit
1566 3194 2256 3304 appellat.u.s;'deniquec

610 3309 767 3363 olivae
792 3310 1037 3379 plantam
1065 3313 1349 3371 invenerit.
1378 3316 1497 3373 Jam
1530 3336 1680 3386 vero,
1706 3337 1832 3379 cum.
1859 3324 2045 3379 orbem
2077 3335 2188 3381 ter-

608 3418 795 3458 rarum
846 3402 1021 3462 Osiris
1064 3418 1398 3478 peragraret.
1455 3410 1750 3469 Phoenicia:
1780 3417 1998 3484 quidem
2032 3417 2189 3474 Busi-

612 3494 717 3548 rim
746 3537 763 3560 ,
816 3494 1112 3567 Ethiopia:
1159 3509 1342 3555 autem
1380 3516 1444 3557 ac
1483 3502 1667 3575 Libyae
1710 3506 1956 3561 Antmum
2008 3509 2077 3563 ab
2122 3524 2189 3565 eo

608 3584 927 3656 praefectum
977 3603 1141 3657 esse;
1189 3599 1244 3645 at
1286 3591 1438 3646 illum
1490 3595 1891 3664 expeditionem
1941 3597 2190 3669 Apolline

611 3675 779 3732 fratre
808 3678 960 3733 socio
991 3682 1317 3752 suscepisse,
1342 3700 1373 3738 a
1399 3699 1506 3754 quo
1529 3696 1797 3756 repertam
1829 3688 2042 3744 laurum
2068 3706 2190 3746 esse

610 3766 812 3824 ferunt.
859 3768 1040 3825 Osirin
1098 3783 1358 3843 praeterea
1405 3778 1545 3833 duos
1579 3779 1783 3836 liberos
1827 3783 2188 3852 expeditionis

611 3874 726 3914 sua:
776 3862 1005 3917 comites
1038 3861 1295 3920 habuisse
1322 3908 1337 3933 ,
1374 3867 1590 3922 Anubin
1617 3909 1632 3933 ,
1686 3880 1739 3925 et
1790 3870 2138 3928 Macedonem
2169 3892 2184 3939 ;

612 3950 791 4021 iisque
822 3951 1020 4009 Panem
1060 3956 1412 4026 adiunxisse,
1445 3977 1609 4029 quem
1640 3964 1911 4034 przecipua
1951 3967 2185 4034 quadam

609 4039 849 4112 Egyptii
876 4048 1228 4103 veneratione
1262 4064 1683 4121 prosequantur,
1715 4056 1870 4124 cujus
1898 4057 2060 4111 etiam
2087 4074 2186 4112 no-

609 4133 756 4187 mine
806 4134 986 4191 Panos
1021 4138 1211 4193 urbem
1250 4140 1587 4196 aediﬁcarim.
1630 4142 1765 4198 Dum
1817 4154 1998 4201 autem
2039 4150 2185 4203 circa

608 4222 936 4295 Tapbosirin
985 4239 1297 4285 versaretur
1324 4269 1339 4293 ,
1390 4232 1657 4289 adductos
1688 4235 1755 4288 ad
1785 4250 1912 4290 eum
1960 4234 2185 4307 Satyros

607 4314 807 4373 fuisse:
841 4319 1099 4391 quodque
1129 4322 1397 4378 suavitate
1423 4333 1618 4380 cantus
1648 4326 1700 4379 in
1733 4327 1923 4396 primis
1947 4328 2186 4384 delecta-

608 4414 790 4472 retur,
836 4410 1173 4465 musicorum
1221 4411 1288 4466 ab
1322 4429 1389 4467 eo
1425 4415 1830 4475 multitudinem
1880 4417 2186 4474 circumdu-

607 4507 752 4552 ctam
779 4537 795 4563 ,
824 4514 1057 4569 quorum
1098 4518 1129 4557 e
1179 4520 1411 4561 numero
1456 4522 1650 4561 novem
1696 4524 1914 4579 quoque
1945 4511 2184 4582 virgines

607 4588 839 4642 canendi
901 4591 1246 4658 peritissimae
1304 4611 1405 4651 nec
1449 4597 1629 4653 minus
1700 4599 1931 4655 aliarum
2000 4617 2183 4657 rerum

605 4677 852 4733 doctrina
883 4681 1070 4748 peritae
1127 4682 1363 4750 fuerint,
1404 4704 1538 4758 quas
1568 4687 1742 4743 Grzeci
1782 4689 1965 4748 Musas
2001 4695 2186 4763 appel-

606 4772 762 4837 lent,
814 4773 1017 4843 quibus
1068 4776 1254 4845 Apollo
1300 4789 1574 4847 praeesset.
1627 4779 1799 4836 Porro
1830 4798 1955 4837 cum
2001 4785 2185 4841 nullus

606 4862 842 4933 populus
892 4862 1115 4930 Osirin,
1159 4877 1380 4938 propter
1414 4881 1633 4942 accepta
1684 4872 1754 4927 ab
1790 4888 1855 4928 eo
1901 4874 2167 4934 beneﬁcia

606 4970 713 5009 non
766 4956 925 5026 quasi
977 4957 1140 5013 deum
1192 4963 1495 5032 exciperet,
1548 4966 1785 5035 plurima
1838 4966 1923 5022 sui
1977 4969 2180 5037 passim

606 5047 861 5103 eumdem
895 5050 1228 5107 monimenta
1257 5053 1565 5124 reliquisse,
1599 5056 1873 5128 urbesque
1905 5074 2014 5113 non
2044 5075 2181 5129 pau-

608 5152 703 5193 cas
736 5137 791 5193 in
826 5138 978 5195 India
1011 5143 1363 5201 condidisse:
1401 5145 1535 5201 alias
1558 5148 1687 5201 item
1715 5147 1862 5202 circa
1892 5146 2182 5221 Phrygiam

609 5228 813 5285 obiisse
841 5233 1123 5300 nationes,
1158 5250 1224 5291 ac
1252 5251 1349 5307 per
1383 5236 1789 5309 Hellespontum
1825 5239 1879 5294 in
1910 5239 2183 5313 Europam

610 5319 931 5390 traiecisse;
965 5327 1098 5395 quin
1133 5328 1298 5383 etiam
1347 5344 1413 5383 ex
1454 5330 1578 5386 ﬁliis
1610 5330 1957 5388 Macedonem
2004 5333 2183 5390 Mace-

610 5409 788 5464 doniae
815 5426 997 5483 regem
1024 5431 1262 5485 creasse,
1295 5417 1632 5490 Triptolemo
1661 5439 1792 5480 vero
1830 5424 2182 5480 colendorum

611 5500 801 5557 Atticae
823 5503 1058 5573 regionis
1084 5522 1339 5577 agrorum
1365 5526 1548 5566 curam
1573 5514 2015 5585 provinciamque
2038 5533 2185 5569 tuan-

683 5672 708 5699 ⁸
751 5660 835 5714 τσ.
864 5660 1005 5734 οἴνῳ.

2285 573 2445 641 νῆσαι
2492 573 2635 625 κατά
2692 573 2790 641 μέν
2839 590 3013 635 τινας.
3060 573 3150 625 τὸν
3187 574 3399 640 Ὄσιριν
3441 573 3537 626 καὶ
3563 575 3662 647 τὴν
3695 572 3853 629 Ἶσιν·

2283 665 2424 717 κατὰ
2455 665 2512 717 δὲ
2541 665 2664 727 τοὺς
2686 664 2922 727 πλείους,
2947 665 3044 719 Δία
3070 681 3127 717 τε
3160 665 3253 718 καὶ
3284 667 3480 732 Ἦραν,
3511 665 3604 729 οὓς
3639 666 3708 719 δι’
3731 670 3860 740 ἀρε-

2282 754 2377 824 τὴν
2405 754 2618 823 βασιλεῖ
2630 772 2715 807 σαι
2736 754 2828 807 τοῦ
2854 754 3165 824 σύμπαντος
3189 755 3412 825 κόσμου.
3455 757 3548 809 Ἐκ
3574 756 3630 808 δὲ
3658 756 3862 812 τούτων

2281 846 2532 914 γενέσθαι
2578 846 2735 898 πέντε
2783 846 2959 909 θεοὺς,
3015 849 3249 917 Ὄσιριν,
3294 847 3390 899 καὶ
3433 843 3592 913 Ἶσιν,
3632 849 3726 902 καὶ
3753 850 3855 902 Tu-

2283 938 2456 1006 φῶνα,
2509 938 2817 991 Ἀπόλλωνά
2859 955 2953 1003 τε,
2998 939 3092 991 καὶ
3136 939 3471 1011 Ἀφροδίτην.
3502 941 3610 993 Καὶ
3640 941 3732 994 τὸν
3761 943 3862 1011 μὲν

2285 1030 2497 1100 Ὄσιριν
2526 1025 2665 1082 εἶναι
2698 1031 2788 1081 τὸν
2824 1030 3095 1081 Διόνυσον
3127 1029 3224 1100 τὴν
3256 1030 3312 1082 δέ
3344 1030 3503 1092 Ἶσιν,
3539 1031 3640 1100 τὴν
3671 1033 3863 1102 Δήμη-

2279 1135 2435 1189 τραν.
2462 1119 2678 1189 Ταύτην
2710 1121 2765 1171 δὲ
2794 1121 3045 1190 γήμαντα
3071 1120 3159 1172 τὸν
3191 1123 3424 1191 Ὄσιριν,
3454 1123 3548 1174 καὶ
3577 1122 3674 1191 τὴν
3704 1121 3864 1192 βασι-

2282 1207 2429 1262 λείαν
2462 1209 2860 1279 διαδεξάμενον,
2911 1209 3081 1262 πολλὰ
3117 1210 3323 1283 πρᾶξαι
3365 1211 3500 1281 πρὸς
3540 1212 3863 1283 εὐεργεσίαν

2282 1301 2375 1353 τού
2406 1301 2605 1359 κοινοῦ,
2633 1303 2814 1353 κτίσαι
2837 1318 2895 1353 τε
2925 1301 3074 1353 πόλιν
3107 1304 3164 1354 ἐν
3193 1305 3259 1371 τῇ
3293 1303 3515 1372 Θηϐαΐδι
3547 1305 3863 1374 ἑκατόμπυ-

2282 1392 2392 1455 λον,
2428 1393 2493 1461 ἦν
2517 1411 2669 1457 τινας
2697 1394 2793 1463 μὲν
2819 1393 2938 1456 Διὸς
2966 1394 3141 1458 πόλιν,
3178 1396 3353 1456 ἐνίους
3384 1394 3439 1446 δὲ
3468 1396 3653 1463 θήϐας
3688 1412 3864 1468 προσο

2282 1486 2473 1535 ειπεῖν.
2513 1484 2850 1554 Ἰδρύσασθαι
2877 1484 2932 1536 δὲ
2969 1485 3062 1537 καὶ
3100 1485 3244 1553 ίερὸν
3280 1485 3386 1536 τῶν
3408 1486 3631 1551 γονέων,
3661 1488 3781 1551 Διός
3802 1504 3863 1541 τε

2282 1575 2374 1626 καὶ
2410 1576 2603 1645 Ἥρας’
2637 1576 2731 1628 καὶ
2762 1575 2869 1627 τῶν
2892 1575 3065 1628 ἄλλων
3090 1576 3146 1628 δέ
3174 1576 3310 1627 θεῶν
3340 1578 3497 1639 ναούς
3520 1593 3578 1629 τε
3602 1579 3860 1648 χρυσοῦς,

2279 1654 2354 1713 ὧν
2388 1663 2603 1731 ἑκάστῳ
2637 1664 2801 1733 τιμὰς
2841 1664 3166 1733 ἀπονεῖμαι,
3216 1666 3306 1718 καί⁵
3353 1667 3693 1735 καταστῆσαι
3737 1670 3867 1731 τοὺς

2281 1754 2706 1824 ἐπιμελομένους
2724 1755 2905 1823 ίερεῖς.
2935 1755 3175 1827 Εὑρετὴν
3190 1756 3245 1808 δὲ
3268 1756 3518 1824 γενέσθαι
3534 1759 3624 1811 τὸν
3648 1756 3864 1831 Ὄσιριν

2214 1843 2255 1897 Β
2283 1844 2384 1913 τῆς
2416 1844 2683 1914 ἀμπέλου,
2727 1845 2942 1914 πρῶτόν
3002 1863 3062 1898 τε
3111 1846 3251 1917 ψιλῷ
3298 1849 3626 1919 χρησασθαι,
3661 1852 3755 1904 καὶ
3780 1850 3864 1904 δι-

2282 1936 2436 1998 δάξαι
2469 1937 2594 1999 τοὺς
2635 1936 2828 1999 ἄλλους
2878 1936 3197 2007 ἀνθρώπους
3229 1940 3328 2009 τὴν
3365 1941 3654 2011 γεωργίαν.
3689 1942 3868 2011 Τιμῶ-

2286 2027 2406 2080 σθαι
2439 2028 2496 2080 δὲ
2525 2029 2615 2080 ὑπ’
2648 2029 2811 2081 αὑτοῦ
2842 2030 3075 2099 μάλιστα
3109 2031 3328 2083 πάντων
3360 2034 3450 2084 τὸν
3497 2033 3722 2104 Ἑρμῆν,
3749 2034 3868 2086 δια-

2284 2119 2434 2190 saepe.)
2467 2120 2624 2188 φύσει
2649 2121 3112 2191 κεχορηγημένον,
3148 2123 3283 2192 πρὸς
3313 2124 3554 2176 ἐπίνοιαν
3583 2124 3688 2176 τῶν
3709 2124 3869 2176 δυνα-

2287 2209 2462 2279 μένων
2484 2210 2762 2281 ὼιρελῆσαι
2784 2212 2873 2263 τὸν
2906 2212 3085 2265 κοινὸν
3119 2211 3250 2282 βίον.
3277 2213 3521 2284 Εύρετήν
3552 2231 3611 2267 τε
3639 2215 3746 2286 γάρ
3770 2218 3869 2267 αύ-

2282 2299 2374 2351 τὸν
2404 2301 2654 2368 γενέσθαι
2686 2302 2796 2355 τῶν
2827 2304 3190 2374 γραμμάτων,
3225 2305 3319 2358 καὶ
3352 2305 3539 2369 θυσίας
3572 2306 3708 2359 θεῶν
3747 2306 3867 2360 δια-

2283 2390 2568 2456 τάξασθαι,
2592 2392 2763 2464 λύραν
2781 2411 2841 2447 τε
2876 2396 3076 2465 εὑρεῖν,
3111 2396 3204 2448 καὶ
3225 2396 3349 2459 τοὺς
3370 2396 3635 2465 Ἕλληνας
3660 2396 3870 2460 διδάξαι

2283 2480 2382 2552 τὴν
2415 2483 2543 2553 περὶ
2574 2482 2778 2537 τούτων
2810 2485 3105 2556 ἑρμηνείαν
3133 2485 3227 2552 ἀφ’
3252 2478 3424 2555 οὗπερ
3452 2486 3613 2538 αὑτὸν
3661 2486 3869 2557 Ἑρμῆν

2284 2573 2669 2645 ὀνομασθῆναι,
2700 2574 2888 2629 τοῦτον
2917 2577 2975 2632 δὲ
3008 2578 3104 2632 καὶ
3135 2579 3234 2650 τῆς
3266 2578 3452 2641 ἐλαίας
3486 2579 3547 2630 τὸ
3579 2579 3743 2646 φυτὸν
3770 2580 3868 2632 εύ-

2290 2669 2421 2737 ρεῖν.
2461 2667 2565 2720 Τὸν
2598 2667 2656 2720 δὲ
2704 2670 2916 2740 Ὄσιριν
2949 2670 3242 2725 ἐπελθόντα
3277 2674 3456 2727 πᾶσαν
3487 2672 3585 2742 τὴν
3616 2671 3870 2741 οἰκουμέ-

2286 2776 2407 2829 νην,
2437 2760 2529 2814 ἐπί⁵
2565 2760 2663 2829 μὲν
2693 2761 2945 2831 Φοινίκης
2968 2763 3309 2831 καταστῆσαι
3348 2763 3619 2834 Βούσιριν,
3647 2762 3787 2831 κατά
3808 2763 3870 2816 δέ

2285 2851 2383 2922 τὴν
2416 2852 2699 2906 Αἰθιοπίαν
2732 2854 2825 2907 καὶ
2870 2854 3095 2924 Λιϐύην,
3146 2856 3406 2908 Ἀνταῖον.
3440 2854 3612 2906 Αὑτὸν
3651 2853 3709 2906 δὲ
3747 2855 3871 2907 ἐπι-

2289 2943 2613 3014 στρατεῦσαι
2666 2946 2803 3015 μετὰ
2849 2946 2941 2998 τού
2984 2945 3213 3015 ἀδελφοῦ
3261 2945 3355 2999 τοῦ
3412 2944 3768 3011 Ἀπόλλωνος,
3806 2947 3871 3000 δν

2288 3050 2450 3102 φασιν
2486 3034 2714 3107 εὑρετὴν
2741 3034 2834 3088 τοῦ
2875 3035 3041 3104 φυτοῦ
3081 3038 3178 3106 τῆς
3216 3035 3421 3105 δάφνης
3451 3035 3727 3104 γενέσθαι.
3766 3036 3873 3088 Συ-

2289 3125 2614 3196 στρατεῦσαι
2645 3128 2702 3181 δὲ
2731 3127 2809 3197 τῷ
2852 3128 3075 3199 Ὀσίριδι
3112 3128 3237 3192 τοὺς
3273 3127 3366 3181 δύο
3407 3128 3580 3192 υίοὺς,
3618 3127 3872 3181 ’Δνουδίν

2288 3233 2347 3270 τε
2379 3217 2472 3271 καὶ
2511 3217 2817 3281 Μακεδόνα,
2848 3218 3185 3291 παραλαῦεῖν
3222 3219 3336 3289 (49)
3375 3235 3434 3271 τε
3468 3219 3562 3271 καὶ
3592 3217 3684 3273 τὸν
3717 3219 3874 3272 Πᾶνα

2287 3307 2650 3380 διαφερόντως
2678 3309 2768 3362 ὑπ’
2802 3310 3118 3377 Αἰγυπτίων
3153 3308 3482 3383 τιμώμενον,
3508 3303 3570 3363 οὗ
3605 3311 3697 3363 καὶ
3724 3308 3874 3364 ἐπώ-

2288 3418 2455 3472 νυμον
2482 3396 2621 3454 εἶναι
2650 3401 2747 3472 τὴν
2781 3403 2957 3466 Πανὸς
2985 3403 3159 3457 πόλιν.
3194 3406 3342 3456 Ὄντι
3375 3403 3430 3456 δὲ
3457 3402 3537 3474 τῷ
3574 3403 3709 3455 Πανὶ
3742 3405 3873 3473 περὶ

2288 3494 2387 3563 τὴν
2415 3494 2732 3563 Ταφόσιριν,
2761 3494 2995 3563 ἀχθῆναι
3021 3495 3080 3547 τὸ
3109 3494 3216 3547 τῶν
3242 3495 3496 3566 Σατύρων
3523 3498 3698 3562 γένος,
3720 3494 3875 3547 Φιλό-

2292 3601 2487 3653 μουσον
2503 3589 2560 3644 δὲ
2584 3591 2733 3662 ὄντα,
2760 3588 3042 3659 περιάγειν
3069 3587 3272 3656 πλῆθος
3299 3588 3672 3659 μουσουργῶν·
3699 3590 3757 3640 ἐν
3789 3582 3873 3651 οἷς

2289 3678 2386 3730 καὶ
2459 3678 2767 3749 παρθένους
2811 3679 2969 3732 ἐννέα
3013 3679 3317 3750 δυναμένας
3360 3680 3530 3751 ᾄδειν,
3573 3680 3667 3733 καὶ
3705 3679 3875 3733 τᾶλλα

2289 3768 2730 3840 πεπαιδευμένας
2773 3769 2873 3832 -τάς
2913 3770 3064 3841 παρά
3096 3774 3209 3833 τοῖς
3245 3771 3500 3841 Ἕλλησιν
3533 3769 3875 3840 ὀνομαζομέ-

2288 3875 2385 3922 νας
2417 3860 2660 3925 Μούσας,
2694 3855 2769 3914 ὧν
2793 3862 3042 3932 ἡγεῖσθαι
3076 3864 3167 3917 τὸν
3204 3864 3532 3919 Ἀπόλλωνα.
3575 3863 3781 3927 Παντὸς
3814 3863 3873 3916 δὶ

2288 3949 2472 4015 ἔθνους
2503 3954 2578 4016 ὡς
2613 3953 2732 4006 θεὸν
2770 3954 3169 4025 ἀποδεχομένου
3218 3955 3309 4008 τὸν
3357 3957 3593 4027 Ὄσιριν,
3642 3954 3730 4008 διὰ
3771 3955 3874 4017 τὰς

2287 4042 2625 4114 εὐεργεσίας,
2668 4046 2945 4116 πανταχοῦ
2994 4050 3232 4116 μνημεῖα
3281 4047 3476 4101 ἐαυτοῦ
3526 4046 3871 4112 καταλιπεῖν,

2287 4134 2472 4185 κτίσαι
2499 4132 2555 4185 δὲ
2585 4135 2679 4186 καὶ
2710 4135 2891 4198 πόλεις
2912 4136 3012 4188 οὐκ
3035 4137 3219 4205 ὀλίγας
3252 4140 3311 4190 ἐν
3349 4138 3549 4195 Ἰνδοῖς.
3595 4138 3874 4192 Ἐπελθεῖν

2285 4225 2341 4277 δὲ
2374 4225 2468 4278 καὶ
2507 4225 2575 4279 τὰ
2618 4226 2754 4280 ἄλλα
2784 4227 2853 4280 τά
2893 4228 3033 4282 κατά
3061 4230 3161 4300 τὴν
3192 4231 3430 4300 Φρυγίαν
3465 4231 3612 4303 ἔθνη,
3646 4233 3740 4285 καὶ
3773 4248 3874 4285 πε-

2289 4315 2590 4386 ραιωθῆναι
2621 4317 2762 4371 κατά
2792 4318 2884 4371 τὸν
2922 4318 3312 4391 Ἑλλήσποντον
3344 4322 3424 4384 είς
3456 4321 3746 4394 Εὐρώπην’
3776 4322 3871 4375 καὶ

2287 4408 2573 4461 Μακεδόνα
2614 4410 2715 4479 μὲν
2752 4410 2844 4463 τὸν
2882 4410 2996 4463 υἱὸν
3031 4409 3316 4463 ἀπολιπεῖν
3350 4412 3685 4476 Μακεδονίας
3716 4413 3873 4483 βασι-

2287 4498 2405 4566 λέα,
2436 4499 2793 4572 Τριπτολέμῳ
2819 4501 2875 4554 δὲ
2899 4501 3188 4575 ἐπιτρέψαι
3216 4502 3312 4565 τὰς
3330 4503 3473 4555 κατά
3495 4502 3591 4575 τὴν
3617 4503 3874 4573 Ἀττικὴν

2287 4591 2580 4662 γεωργίας
2631 4593 2725 4646 καὶ
2763 4592 2901 4663 μετὰ
2934 4593 3112 4647 ταῦτα
3145 4594 3206 4660 ἐξ
3245 4594 3549 4667 ἀνθρώπων
3594 4597 3672 4659 είς
3716 4596 3875 4659 θεοὺς

2292 4682 2653 4752 μεταστάντα,
2691 4686 2874 4754 τυχεῖν
2914 4683 3020 4736 ὑπὸ
3066 4683 3261 4747 Ἴσιδος
3306 4687 3399 4738 καὶ
3453 4685 3654 4757 Ἑρμοῦ
3712 4685 3876 4757 ιερῶν

2289 4773 2381 4826 καὶ
2411 4772 2520 4827 τῶν
2551 4772 2726 4828 ἄλλων
2770 4773 2879 4827 τῶν
2913 4776 3356 4843 ἐπιφανεστάτων
3397 4778 3455 4830 ἐν
3491 4776 3634 4841 θεοῖς
3670 4777 3871 4846 τιμῶν.

2288 4864 2488 4919 Τούτου
2532 4866 2587 4919 δὲ
2637 4867 2731 4919 καὶ
2770 4867 2993 4931 τελετάς
3035 4868 3371 4934 καταδεῖξαι,
3412 4870 3503 4921 καὶ
3541 4868 3709 4922 πολλά
3741 4869 3877 4937 περὶ

2287 4958 2450 5011 αὑτοῦ
2481 4958 2757 5028 μυστικῶς
2781 4960 3194 5030 εἰσηγήσασθαι.
3232 4960 3610 5031 ’Δναιρεθῆναι
3630 4960 3689 5015 δὲ
3711 4961 3875 5013 αὑτὸν

2290 5049 2395 5102 ὑπὸ
2428 5048 2687 5118 Τυφῶνος
2724 5049 2819 5103 τοῦ
2853 5050 3105 5122 ἀδελφοῦ,
3146 5051 3383 5123 πονηροῦ
3412 5052 3505 5104 καὶ
3527 5051 3755 5115 ἀσεϐοῦς
3778 5052 3871 5103 δν-

2291 5162 2401 5208 τος*
2429 5144 2489 5196 ὃν
2517 5143 2761 5197 διελόντα
2788 5144 2849 5196 τὸ
2881 5144 3038 5215 σῶμα
3068 5143 3163 5198 τοῦ
3198 5143 3544 5212 φονευθέντος
3571 5148 3650 5208 είς
3686 5144 3745 5209 ἒξ
3778 5149 3875 5200 καί

2291 5238 2461 5290 εἴκοσι
2509 5236 2670 5308 μέρη,
2722 5236 2907 5289 δοῦναι
2956 5237 3065 5289 τῶν
3115 5235 3604 5307 συνεπιτιθεμένων
3655 5239 3875 5308 ἑκάστῳ

2297 5324 2514 5395 μερίδα,
2552 5323 2873 5395 βουλόμενον
2918 5324 3131 5377 ἅπαντα
3189 5329 3477 5396 μετασχεῖν
3509 5326 3605 5380 τοῦ
3642 5326 3868 5397 μύσους.

2294 5418 2402 5488 Τὴν
2423 5417 2482 5470 δὲ
2501 5412 2641 5470 Ἶσιν
2660 5416 2892 5489 ἀδελφὴν
2923 5412 3087 5470 οὖσαν
3128 5417 3391 5487 Ὀσίριδος
3408 5418 3504 5471 καὶ
3522 5421 3756 5487 γυναῖκα
3783 5437 3876 5488 με·

2292 5509 2494 5561 τελθεῖν
2519 5508 2607 5560 τὸν
2632 5508 2809 5574 φόνον,
2838 5506 3333 5577 συναγωνιζομένου
3361 5506 3455 5559 τοῦ
3487 5507 3673 5571 παιδὸς
3701 5509 3876 5581 αὐτῆς

680 5799 792 5872 αθ)
831 5802 1225 5876 Παραλασεῖν.
1269 5801 1361 5863 Sic
1397 5804 1542 5863 enim
1570 5805 1815 5877 Diodon,
1846 5807 1991 5881 quod
2022 5808 2181 5880 longe

2285 5807 2423 5865 ctius
2451 5820 2616 5881 quam
2655 5806 2999 5874 καταλαϐεῖν,
3032 5806 3176 5879 quod
3203 5808 3256 5864 in
3292 5807 3397 5863 alia
3425 5807 3682 5865 editione.
