4154 6482
331 388 401 439 97
457 416 463 421 ο
1512 377 1830 434 ΡῃίΕΡΑΒ.
1865 378 1901 432 Ε

2000 378 2117 431 .NG.
2160 377 2287 432 LIB.
2329 378 2389 431 ll.
3509 380 3578 436 ‘38

334 502 518 570 Ὤρου.
564 498 863 551 Ανελοῦσαν
881 497 935 550 δὲ
952 498 1041 549 τὸν
1057 495 1288 565 Τυφῶνα
1310 498 1401 550 καὶ
1420 497 1543 559 τοὺς
1562 514 1622 548 συ
1633 495 1901 566 μπράξαν-

2005 494 2210 561 classe;
2267 495 2590 565 tandemque
2645 495 2815 548 rebus
2882 495 3206 549 subductum
3272 495 3524 578 i’mams
3560 536 3577 561 ,

327 609 448 654 τας,
496 590 642 660 παρά
674 592 773 661 τὴν
802 588 895 643 νῦν
938 590 1177 643 Ἀνταίου
1209 590 1546 659 καλουμένην
1575 590 1765 658 κώμην
1799 588 1896 656 βα·-

331 683 571 737 σιλεῦσαι
599 682 696 752 τῆς
724 681 1019 751 Αἰγύπτου.
1052 682 1332 755 Εύροῦσαν
1358 682 1413 735 δὲ
1444 683 1619 735 πάντα
1652 682 1720 734 τὰ
1756 682 1896 754 μέρη

326 769 421 824 τοῦ
475 771 743 842 σώματος,
814 771 952 843 πλὴν
1019 772 1126 825 τῶν
1185 771 1401 826 αἰδοίων
1453 773 1547 826 τοῦ
1612 773 1893 843 Ὀσίριδος,

328 864 543 933 ἑκάστῳ
581 863 734 936 μέρει
772 864 1103 935 περιπλάσαι
1131 863 1379 933 λέγουσιν
1412 864 1580 935 αὐτὴν
1612 867 1779 918 τύπον
1805 866 1898 919 άν-

328 952 650 1024 θρωποειδῆ,
702 954 1082 1027 παραπλήσιον
1141 954 1366 1025 Ὀσίριδι
1416 954 1477 1007 τὸ
1532 955 1784 1026 μέγεθος,
1838 958 1897 1023 ἐξ

327 1046 634 1117 ἀρωμάτων
669 1046 764 1099 καὶ
808 1045 1001 1117 κηροῦ,
1046 1046 1141 1101 καὶ
1173 1047 1510 1118 παραδοῦναι
1547 1051 1658 1112 τοῖς
1693 1049 1896 1120 ἱερεῦσι

324 1134 447 1189 καθ’
479 1137 607 1209 ὅλης
652 1138 755 1208 τῆς
796 1138 1072 1207 Αἰγύπτου
1104 1142 1291 1210 τιμᾷν,
1329 1138 1660 1211 καθιερῶσαι
1702 1141 1757 1194 δὲ
1803 1144 1898 1196 καὶ

322 1226 431 1279 τῶν
463 1229 590 1299 παρ’
624 1230 806 1293 αὐτοῖς
837 1229 1136 1300 γινομένων
1171 1230 1323 1294 ζώων
1373 1231 1431 1285 ἓν
1463 1234 1644 1285 ὁποῖον
1676 1231 1743 1286 ἂν
1775 1232 1897 1303 βουο

322 1315 576 1386 ληθῶσιν.
619 1320 757 1383 Τοὺς
788 1319 846 1372 δὲ
897 1319 1131 1393 ταύρους
1171 1324 1299 1386 τοὺς
1353 1324 1551 1393 ἰεροὺς,
1587 1324 1681 1377 καί
1712 1324 1803 1379 τόν
1834 1344 1893 1379 τε

324 1406 729 1479 ὀνομαζόμενον
779 1411 964 1476 Ἀπιν,
1014 1413 1107 1466 καὶ
1154 1412 1245 1467 τὸν
1283 1415 1488 1469 Μνεῦιν
1536 1412 1762 1488 Ὀσίριδι
1794 1434 1895 1471 κα-

324 1497 668 1571 θιερωθῆναι,
724 1501 819 1555 καὶ
866 1502 1088 1569 τούτους
1141 1505 1393 1559 σέϐεσθαι
1436 1507 1685 1579 καθάπερ
1719 1507 1894 1573 θεοὺς,

325 1592 475 1660 κοινῇ
523 1592 940 1665 καταδειχθῆναι
982 1598 1147 1650 πᾶσιν
1192 1597 1532 1666 Αἰγυπτίοις.
1566 1600 1751 1653 Ταῦτα
1788 1600 1896 1671 γὰρ

325 1682 438 1742 τοῖς
466 1681 683 1753 εὑροῦσι
719 1685 810 1737 τὸν
840 1685 932 1739 τοῦ
970 1684 1118 1740 σίτου
1153 1690 1366 1759 καρπὸν
1401 1691 1730 1762 συνεργῆσαι
1765 1691 1897 1762 πρὸς

326 1767 419 1821 τὸν
446 1772 667 1843 σπόρον,
718 1775 811 1828 καὶ
843 1776 942 1839 τὰς
979 1778 1168 1841 κοινάς
1209 1780 1503 1851 γεωργίας.
1569 1780 1793 1850 Ὀμόσαι
1841 1782 1898 1834 δὲ

326 1858 424 1930 τὴν
470 1857 631 1927 Ἶσιν,
687 1866 913 1936 μηδενὸς
951 1869 1143 1940 ἀνδρὸς
1179 1868 1259 1921 ἔτι
1296 1872 1586 1925 συνουσίαν
1622 1860 1895 1938 δέξαιῖθαι,

330 1955 674 2018 μεταστᾶσαν
702 1955 758 2008 δὲ
791 1956 883 2009 καὶ
908 1958 1079 2029 αὐτὴν
1109 1960 1167 2027 ἐξ
1196 1960 1519 2030 ἀνθρώπων,
1553 1967 1734 2034 τυχεῖν
1762 1965 1901 2019 ἀθα-

326 2040 503 2094 νάτων
552 2042 749 2112 τιμῶν,
792 2046 885 2099 καὶ
926 2049 1164 2119 ταφῆναι
1212 2051 1354 2103 κατὰ
1399 2051 1495 2123 τὴν
1531 2054 1772 2123 Μέμφιν.
1821 2055 1901 2110 Τὰ

329 2130 430 2198 μὲν
483 2128 577 2187 οὖν
622 2135 982 2206 ἀνευρεθέντα
1025 2139 1119 2193 τοῦ
1188 2141 1454 2212 Ὀσίριδος
1505 2144 1665 2213 μέρη,
1722 2146 1900 2216 ταφῆς

325 2221 621 2294 ἀξιωθῆναί
648 2242 779 2294 φασι
811 2229 902 2283 τὸν
935 2230 1224 2302 εἰρημένον
1271 2233 1492 2303 τρόπον,
1526 2234 1587 2285 τὸ
1614 2234 1670 2287 δὲ
1704 2235 1899 2290 αἰδοῖον

328 2315 432 2369 ὑπὸ
460 2317 556 2387 μὲν
588 2319 846 2388 Τυφῶνος
876 2323 956 2385 εἰς
982 2322 1074 2375 τὸν
1113 2324 1353 2394 ποταμὸν
1379 2325 1599 2395 ῥιφῆναι
1629 2326 1897 2394 λέγουσιν,

328 2406 434 2460 ὑπὸ
463 2407 521 2460 δὲ
553 2409 653 2479 τῆς
689 2411 887 2474 Ἴσιδος
913 2412 1066 2465 οὐδὲν
1093 2407 1253 2484 ἦττον
1276 2414 1387 2467 τῶν
1409 2415 1581 2470 ἄλλων
1604 2414 1899 2487 ἀξιωθῆναι

326 2496 499 2566 τιμῶν
533 2498 771 2552 ἰσοθέων.
802 2489 903 2554 Ἕν
946 2519 1004 2554 τε
1028 2500 1138 2574 γὰρ
1157 2506 1272 2567 τοῖς
1294 2506 1460 2575 ἱεροῖς
1491 2505 1708 2559 εἴδωλον
1732 2507 1897 2561 αὐτοῦ

326 2589 829 2656 κατασκευάσασαν,
863 2593 1029 2663 τιμὰς
1058 2595 1368 2660 καταδεῖξαι
1403 2597 1497 2649 καὶ
1528 2597 1770 2663 τελετὰς,
1807 2598 1899 2651 καὶ

325 2679 425 2745 τὰς
468 2677 656 2742 θυσίας
684 2679 784 2742 τὰς
823 2680 903 2751 τῷ
949 2681 1053 2752 θεῷ
1094 2683 1269 2755 τούτῳ
1314 2686 1604 2756 γινομένας
1648 2686 1900 2759 ἐντίμους

330 2768 578 2837 ποιῆσαι.
613 2768 705 2821 Διὸ
735 2772 979 2835 καὶτοὺς
1014 2772 1282 2846 Ἕλληνας
1310 2774 1371 2841 ἐξ
1397 2778 1673 2846 Αἰγύπτου
1708 2797 1901 2852 παρειδ

326 2859 566 2930 ληφότας
603 2859 673 2913 τὰ
716 2863 845 2932 περί
887 2864 1014 2927 τοὺς
1046 2865 1402 2938 ὀργιασμοὺς,
1449 2871 1672 2935 καὶτὰς
1717 2875 1900 2925 Διονυ-

329 2948 524 3012 σιακὰς
570 2950 784 3021 ἑορτὰς,
826 2954 993 3023 τιμᾷν
1025 2952 1185 3006 τοῦτο
1227 2955 1291 3008 τὸ
1337 2957 1524 3027 μόριον
1552 2959 1611 3010 ὲν
1644 2961 1755 3023 τοῖς
1795 2978 1899 3030 μυά

329 3042 594 3113 στηρίοις,
637 3044 733 3096 καὶ
760 3046 880 3106 ταῖς
931 3044 1025 3098 τοῦ
1058 3044 1183 3099 θεοῦ
1216 3047 1406 3101 τούτου
1439 3049 1680 3114 τελεταῖς
1707 3068 1767 3104 τε
1806 3053 1901 3106 καὶ

327 3130 564 3197 θυσίαις,
590 3131 954 3204 ὀνομάζοντας
978 3135 1111 3188 αὐτὸ
1143 3136 1364 3204 φαλλόν.
1398 3139 1537 3203 Τοὺς
1562 3139 1619 3193 δὲ
1644 3141 1899 3210 λέγοντας

328 3226 387 3277 ὲν
410 3223 617 3296 Θήϐαις
640 3227 763 3289 ταῖς
789 3225 1110 3292 Βοιωτικαῖς
1137 3229 1416 3297 γεγονέναι
1445 3232 1537 3285 τὸν
1562 3232 1680 3285 θεὸν
1712 3235 1778 3287 ἐκ
1797 3234 1897 3287 Σε-

332 3317 503 3387 μέλης
528 3317 621 3371 καὶ
645 3319 786 3383 Διὸς,
825 3318 1146 3389 σχεδιάζειν.
1182 3321 1384 3393 Ὀρφέα
1403 3322 1511 3395 γὰρ
1530 3325 1610 3387 εἰς
1629 3326 1903 3394 Αἴγυπτον

333 3406 707 3479 μεταϐαλόντα
739 3411 834 3464 καί⁹
877 3413 1217 3483 μετασχόντα
1244 3416 1343 3483 τῆς
1378 3414 1622 3485 τελετῆς,
1667 3418 1762 3470 καὶ
1792 3417 1911 3489 τῶν⁵

330 3500 695 3555 Διονυσιακῶν
742 3503 1052 3574 μυστηρίων
1102 3504 1449 3574 μεταλαϐεῖν,
1491 3510 1605 3570 τοῖς
1646 3523 1707 3559 τε
1756 3507 1901 3562 Καδ-

335 3593 507 3662 μείοις
541 3594 690 3663 φίλον
714 3595 845 3648 ὄντα
868 3596 962 3650 καὶ
990 3596 1354 3668 τετιμημένον
1384 3599 1475 3650 ὑπ’
1506 3598 1707 3664 αὐτῶν,
1737 3616 1903 3669 μετα-

333 3685 503 3739 θεῖναι
544 3686 638 3740 τοῦ
678 3687 800 3741 θεοῦ
836 3687 937 3760 τὴν
973 3687 1209 3758 γένεσιν,
1258 3690 1487 3754 ἐκείνοις
1523 3691 1898 3763 χαριζόμενον.

334 3778 473 3841 Τοὺς
502 3777 559 3831 δὲ
598 3778 811 3848 ὄχλους,
846 3779 914 3833 τὰ
951 3781 1050 3851 μὲν
1080 3780 1170 3834 διὰ
1209 3780 1309 3851 τὴν
1348 3781 1591 3850 ἄγνοιαν,
1633 3782 1703 3835 τὰ
1729 3782 1785 3835 δὲ
1814 3782 1903 3837 διὰ

333 3870 395 3922 τὸ
426 3869 705 3940 βούλεσθαι
730 3872 821 3925 τὸν
850 3872 973 3926 θεὸν
1004 3872 1240 3944 Ἕλληνα
1271 3873 1649 3944 ὀνομάζεσθαι,
1681 3874 1905 3945 προσδέ-

334 3960 530 4026 ξασθαι
588 3962 873 4034 προσηνῶς
931 3963 1029 4026 τὰς
1079 3964 1301 4028 τελετὰς
1346 3966 1442 4019 καὶ
1491 3965 1562 4018 τὰ
1610 3967 1900 4036 μυστήρια.

345 4054 626 4128 Ἀφορμὰς
661 4056 718 4110 δὲ
755 4056 902 4127 ἔχειν
944 4057 1037 4111 τὸν
1075 4058 1276 4128 Ὀρφέα
1309 4058 1447 4129 πρὸς
1474 4058 1573 4129 τὴν
1616 4058 1905 4129 μετάθεσιν

319 4150 433 4222 ,τῆς
468 4147 562 4200 τοῦ
604 4147 724 4201 θεοῦ
752 4148 1018 4216 γενέσεως
1050 4150 1146 4201 καὶ
1176 4150 1417 4221 τελετῆς,
1454 4142 1726 4212 τοιαύτας.
1761 4148 1905 4202 Κάδ-

336 4255 438 4310 μον
473 4240 538 4292 ὲκ
564 4239 755 4310 Θηϐῶν
792 4239 922 4293 ὄντα
942 4241 1282 4309 Αἰγυπτίων,
1316 4240 1571 4311 γεννῆσαι
1600 4242 1696 4294 σὺν
1728 4239 1906 4303 ἄλλοις

333 4330 547 4394 τέκνοις
618 4332 713 4385 καὶ
783 4330 1045 4402 Σεμέλην,
1105 4331 1311 4403 ταύτην
1364 4332 1421 4386 δὲ
1470 4332 1575 4386 ὑπὸ
1624 4333 1719 4385 τοῦ
1785 4332 1906 4394 Διός

336 4438 467 4475 ποτε
504 4421 615 4492 (50)
661 4421 979 4493 φθαρεῖσαν,
1028 4423 1223 4491 ἔγκυον
1262 4423 1536 4490 γενέσθαι,
1590 4424 1685 4475 καὶ
1728 4424 1907 4474 τεκεῖν

2006 588 2226 657 templa,
2263 603 2327 643 ac
2362 598 2586 643 carteros
2629 589 2721 658 qui
2769 586 2873 641 diis
2924 588 3083 640 tribui
3129 587 3304 641 solent
3341 587 3578 641 honores

2004 679 2235 734 eximios
2282 678 2349 733 ab
2373 680 2515 735 Iside
2567 695 2631 735 ac
2680 677 2947 733 Mercurio
3016 687 3368 733 consecutum
3418 693 3572 744 esse;

2005 768 2098 837 qui
2147 769 2268 837 ejus
2314 786 2422 824 non
2458 768 2620 824 modo
2655 769 2917 824 sacrilicia
2950 770 3350 840 religionesque
3376 771 3576 825 docue-

2004 862 2114 915 rint
2143 903 2158 926 ,
2197 863 2291 917 sed
2324 864 2485 917 etiam
2518 864 2775 933 pleraque
2805 863 3077 932 mysteriis
3113 863 3355 918 involuta
3402 863 3575 932 ipsius

2004 954 2058 1006 in
2088 954 2318 1024 gratiam
2348 952 2723 1023 cxcogitarint.
2749 953 3015 1007 Caeterum
3046 967 3074 1006 a
3103 951 3362 1023 Typhone
3386 952 3574 1019 fratre,

2004 1045 2226 1101 homine
2276 1046 2648 1100 conscelerate
2703 1055 2757 1099 et
2811 1046 2977 1113 impio
3028 1043 3368 1099 interfectum
3421 1045 3574 1099 illum

2003 1132 2175 1189 fuisse
2223 1133 2481 1200 tradunt;
2526 1135 2619 1204 qui
2671 1137 2958 1203 cumejus
2997 1134 3227 1188 cadaver
3273 1134 3328 1188 in
3379 1150 3474 1190 sex
3522 1144 3577 1190 et

2006 1224 2195 1295 viginti
2229 1233 2410 1295 partes
2473 1222 2824 1291 concidisset,
2867 1240 2961 1279 eas
2992 1226 3047 1278 in
3082 1224 3308 1280 sicarios
3352 1226 3574 1280 totidem

2002 1317 2274 1386 caedisque
2320 1315 2572 1369 fraternae
2612 1316 2791 1370 socios
2842 1314 3128 1379 diviserit,
3186 1316 3330 1385 quod
3385 1332 3577 1373 omnes

2006 1408 2231 1464 immani
2263 1408 2477 1477 piaculo
2516 1407 2808 1463 obstriCtos
2836 1423 2957 1461 esse
2985 1409 3162 1461 vellet.
3203 1406 3310 1462 Isin
3354 1418 3532 1463 autem
3559 1451 3575 1476 ,

2002 1503 2144 1571 quod
2196 1501 2429 1558 Osiridis
2475 1513 2529 1556 et
2576 1516 2733 1556 soror
2761 1509 2813 1554 et
2865 1514 3006 1553 uxor
3053 1509 3228 1567 esset,
3273 1515 3494 1570 operam
3525 1503 3577 1557 ei

2003 1608 2158 1647 suam
2195 1604 2427 1647 navante
2458 1591 2565 1647 Oro
2606 1592 2718 1645 ﬁlio
2743 1632 2758 1657 ,
2800 1591 3152 1661 parricidium
3195 1592 3361 1645 ullam
3414 1607 3536 1647 esse
3560 1633 3575 1657 ,

2002 1700 2238 1752 cumque
2267 1684 2579 1755 Typhonem
2602 1701 2665 1739 ac
2688 1684 2926 1753 reliquos
2956 1684 3177 1739 sceleris
3201 1685 3574 1751 administros,

2003 1776 2109 1847 47
2139 1777 2283 1831 circa
2313 1792 2436 1829 eum
2465 1816 2479 1839 ,
2510 1777 2603 1844 qui
2647 1792 2792 1829 nunc
2820 1776 2993 1830 Δηιαξί
3024 1787 3192 1845 pagus
3225 1778 3538 1833 nominatur
3559 1818 3576 1844 ,

1929 1852 1971 1907 Β
1999 1868 2331 1933 sustulisset,
2364 1867 2463 1921 toti
2493 1866 2728 1937 {Egypto
2764 1868 3085 1936 imperasse.
3118 1867 3414 1933 Praeterea,
3449 1884 3574 1924 cum

1998 1962 2184 2015 omnia
2217 1960 2463 2030 corporis
2490 1959 2635 2013 illius
2666 1959 2908 2013 membra
2934 1965 3126 2028 praeter
3163 1957 3395 2013 verenda
3421 1975 3573 2029 repe—

1995 2050 2198 2115 risset,
2233 2058 2419 2118 partes
2452 2048 2731 2118 singulas,
2769 2048 2822 2100 in
2872 2048 3114 2117 singulas
3162 2049 3287 2105 item
3333 2052 3575 2106 hominis
3679 2062 3683 2077 ‘

1996 2139 2232 2211 eﬁigies,
2280 2156 2402 2209 qua:
2443 2139 2627 2193 Osirin
2681 2139 3054 2209 magnitudine
3104 2141 3454 2209 referebant,
3505 2159 3571 2198 ex

1996 2231 2332 2286 aromatibus
2381 2246 2611 2300 ceraque
2660 2230 2927 2286 conflatas
2975 2232 3307 2300 inclusisse,
3370 2250 3574 2305 easque

1997 2320 2369 2377 sacerdotibus
2391 2331 2502 2377 tota
2558 2323 2759 2392 passim
2808 2322 3043 2393 {Egypto
3091 2325 3347 2380 colendas
3402 2326 3573 2382 tradi-

1995 2410 2142 2466 disse
2169 2451 2184 2476 ,
2232 2411 2313 2467 sic
2358 2420 2420 2467 ut
2445 2427 2510 2466 ex
2557 2413 2646 2479 iis,
2677 2429 2797 2483 quae
2828 2413 2968 2483 apud
3019 2413 3142 2470 illos
3172 2426 3528 2471 nascerentur
3555 2461 3568 2483 ,

1999 2501 2399 2564 animantibus,
2441 2503 2805 2573 quodcunque
2844 2505 3021 2559 visum
3061 2514 3238 2571 esset,
3283 2521 3575 2563 consecra-

1995 2601 2156 2660 rent;
2200 2601 2391 2669 tauros
2422 2603 2624 2661 autem,
2660 2594 2755 2664 qui
2796 2595 2939 2649 sacri
2984 2595 3275 2659 dicuntur,
3323 2611 3575 2668 quosque

1996 2682 2136 2753 Apin
2179 2701 2244 2740 ac
2288 2684 2504 2740 Mnevin
2553 2686 2656 2755 ipsi
2687 2695 2916 2751 vocant,
2951 2687 3229 2743 dedicatos
3260 2688 3329 2743 ab
3374 2688 3571 2744 iisdem

1999 2775 2190 2831 fuisse.
2226 2777 2412 2846 Itaque
2436 2818 2450 2841 ,
2488 2786 2547 2831 ut
2570 2778 2838 2848 ejusmodi
2870 2780 3173 2835 animantes
3219 2781 3420 2838 divinis
3466 2785 3572 2838 ho-

1998 2868 2223 2924 noribus
2254 2884 2446 2925 omnes
2484 2869 2724 2941 JEgyptii
2758 2880 3165 2933 venerarentur,
3202 2874 3404 2943 ubique
3436 2889 3572 2929 con—

2002 2961 2253 3014 stitutum
2276 3001 2292 3027 ,
2324 2962 2524 3031 quippe
2554 2977 2694 3030 quos
2739 2963 2932 3031 primis
2981 2962 3237 3018 frumenti
3274 2965 3575 3019 inventori-

2000 3051 2139 3115 bus,
2176 3061 2285 3105 tam
2338 3054 2403 3105 ad
2452 3068 2637 3107 semen
2674 3063 2829 3107 terrae
2874 3056 3317 3110 committendum
3346 3096 3361 3120 ,
3407 3071 3572 3125 quam

2001 3142 2072 3194 oh
2109 3150 2334 3196 caeteros
2379 3142 2724 3210 agricultura:
2754 3144 2968 3199 labores
2994 3185 3008 3209 ,
3043 3155 3167 3199 ante
3209 3160 3399 3201 omnes
3447 3147 3572 3202 usui

1926 3201 1969 3258 θ
2002 3229 2172 3285 fuisse
2217 3240 2511 3288 constaret.
2552 3231 2726 3286 Porro
2772 3229 3015 3288 eamde’m
3069 3232 3176 3287 lsin
3215 3234 3571 3303 jurejurando

2001 3322 2356 3376 confirmasse
2383 3323 2570 3387 aiunt,
2595 3323 2800 3379 nullius
2827 3340 2948 3380 sese
2989 3326 3087 3379 viri
3120 3326 3571 3382 consuetudinem

2002 3411 2057 3466 in
2113 3420 2394 3480 posterum
2461 3413 2873 3480 admissuram;
2928 3415 3148 3484 vitaque
3201 3415 3384 3470 functa
3444 3432 3571 3471 cum

2002 3510 2166 3567 esset,
2203 3503 2543 3559 immortales
2589 3506 2752 3559 etiam
2796 3505 3034 3561 honores
3079 3516 3426 3563 consecutam
3457 3549 3472 3574 ,
3507 3523 3575 3565 ac

2002 3594 2146 3649 circa
2197 3593 2470 3664 Memphin
2534 3599 2801 3666 sepultam
2860 3597 3049 3653 fuisse.
3100 3597 3221 3652 Jam
3258 3612 3387 3654 vero
3446 3615 3572 3654 cum

2002 3693 2214 3753 reperta
2260 3683 2490 3741 Osiridis
2533 3688 2775 3741 membra
2803 3727 2818 3750 ,
2853 3703 2978 3741 eum
3011 3688 3065 3740 in
3107 3688 3327 3742 modum
3408 3704 3573 3757 quem

2003 3772 2164 3840 paulo
2194 3782 2319 3826 aute
2361 3775 2912 3830 commemoravimus
2938 3817 2953 3841 ,
2983 3777 3275 3845 sepultura:
3318 3778 3575 3834 mandata

2000 3873 2188 3917 essent
2213 3883 2227 3929 ;
2264 3874 2377 3919 tum
2424 3867 2596 3934 ipsius
2643 3869 2878 3922 verenda
2904 3910 2918 3935 ,
2950 3884 3072 3939 quae
3101 3884 3130 3923 a
3160 3866 3420 3941 Typhone
3448 3883 3576 3939 pro—

2000 3955 2140 4023 jecta
2195 3959 2246 4011 in
2282 3958 2505 4012 (luvium
2557 3969 2748 4025 erant,
2778 3960 2974 4015 Isidem
3022 3960 3378 4017 nihilominus
3407 3976 3573 4030 quam

2004 4058 2195 4104 caatera
2228 4051 2414 4104 divino
2458 4052 2604 4103 cultu
2636 4060 2981 4120 prosecutam
3013 4066 3135 4107 esse
3184 4051 3384 4107 ferunt.
3436 4050 3576 4107 Nam
3642 4120 3645 4123 _

2004 4150 2058 4195 et
2085 4142 2302 4195 illorum
2327 4142 2381 4195 in
2410 4143 2625 4211 templis
2659 4143 3014 4197 simulacrum
3038 4144 3300 4211 erexisse,
3326 4144 3576 4213 ritusque

2006 4246 2071 4286 ac
2099 4233 2471 4297 caeremonias,
2499 4248 2622 4287 cum
2656 4233 2908 4301 legitimis
2940 4248 3005 4286 ac
3041 4233 3375 4288 solemnibus
3407 4233 3573 4302 hujus

2006 4324 2093 4380 dei
2124 4323 2409 4379 sacriﬁciis
2439 4339 2653 4378 summa
2682 4340 2802 4378 cum
2834 4324 3098 4393 religione
3128 4323 3449 4378 celebranda
3477 4340 3575 4379 cu-

2008 4425 2177 4467 rasse.
2210 4410 2572 4477 Quamobrem
2624 4413 2772 4481 ipsos
2814 4427 3031 4482 quoque
3063 4412 3316 4479 Graecos,
3358 4415 3450 4484 qui
3506 4415 3575 4470 ab

335 4510 479 4566 ἑπτὰ
541 4510 725 4583 μηνῶν
768 4512 1082 4566 διελθόντων
1151 4512 1370 4583 βρέφος,
1403 4508 1513 4566 οἷόν
1542 4526 1647 4582 περ
1689 4514 1738 4566 οἳ
1782 4515 1901 4566 κατ’

2011 4501 2278 4573 Egyptiis
2322 4503 2538 4571 orgiaca
2582 4518 2737 4558 sacra
2771 4519 2894 4557 cum
2940 4504 3136 4559 Bacchi
3165 4503 3318 4561 festis
3353 4521 3578 4576 accepe-

335 4603 610 4673 Αἴγυπτον
668 4605 762 4658 τὸν
798 4606 1010 4676 Ὄσιριν
1052 4606 1333 4675 γεγονέναι
1376 4606 1673 4677 νομίζουσι.
1720 4607 1822 4660 Τὸν
1848 4607 1903 4660 δὲ

335 4696 582 4767 Κάδμον,
632 4696 956 4766 τελευτῆσαν
996 4697 1058 4750 τὺ
1093 4696 1294 4769 βρέφος
1324 4698 1621 4770 χρυσῶσαι,
1674 4700 1768 4751 καὶ
1807 4698 1907 4764 τὰς

338 4786 685 4858 καθηκούσας
715 4788 863 4860 αὐτῷ
894 4790 1222 4860 ποιήσασθαι
1251 4789 1464 4854 θυσίας,
1495 4790 1698 4860 ἀνάψαι
1725 4791 1781 4844 δὲ
1812 4794 1907 4846 καὶ

335 4878 439 4949 τὴν
458 4879 670 4948 γένεσιν
700 4882 780 4943 εἰς
804 4882 922 4944 Δία,
948 4889 1277 4953 σεμνύνοντα
1301 4881 1392 4935 τὸν
1426 4884 1659 4953 Ὄσιριν,
1688 4884 1782 4937 καὶ
1807 4882 1908 4952 τῆς

339 4969 636 5042 φθαρείσης
659 4971 757 5042 τὴν
781 4972 1032 5045 διαϐολὴν
1064 4974 1485 5048 ἀφαιρούμενον.
1514 4975 1605 5027 Διὸ
1633 4976 1729 5028 καὶ
1760 4973 1909 5045 παρὰ

335 5062 453 5123 τοῖς
482 5060 737 5131 Ἕλλησιν
763 5063 1051 5133 ἐκδοθῆναι
1083 5064 1264 5133 λόγον.
1301 5065 1378 5130 ὼς
1414 5067 1447 5137 ἡ
1481 5066 1704 5135 Κάδμου
1744 5063 1909 5132 θυγά-

336 5156 447 5219 ⁸ὶξηρ
479 5149 686 5221 Σεμέλη
727 5151 949 5206 τέτοκεν
986 5155 1050 5206 ὲκ
1077 5154 1198 5217 Διὸς
1243 5153 1475 5226 Ὄσιριν.
1515 5156 1744 5208 Ἔπειτα
1773 5171 1910 5224 παρ-

337 5240 602 5295 ελθόντων
638 5242 747 5299 τῶν
791 5244 1176 5317 μυθογράφων,
1221 5247 1499 5318 ἐμπλῆσαι
1551 5247 1613 5299 τὸ
1657 5246 1905 5317 θέατρον,

338 5332 437 5386 καὶ
461 5335 574 5398 τοῖς
608 5335 1002 5406 ἐπιγινομένοις
1038 5336 1265 5408 ἰσχυρὰν
1299 5338 1480 5393 πίστιν
1513 5338 1609 5391 καὶ
1635 5336 1907 5407 ἀμετάθε-

337 5438 434 5477 τον
466 5424 801 5493 ἐγγενέσθαι.
831 5429 1075 5482 Καθόλου
1104 5429 1159 5481 δέ
1186 5445 1319 5498 φασι
1344 5430 1470 5492 τοὺς
1500 5427 1769 5499 ’Έλληνας
1799 5426 1912 5493 ἐξι-

339 5513 623 5579 διάζεσθαι
656 5516 781 5579 τοὺς
829 5518 1286 5587 ἐπιφανεστάτους
1331 5517 1641 5586 Αἰγυπτίων
1728 5515 1911 5588 ’ἓρωάς

341 5623 405 5661 τε
437 5607 532 5660 καὶ
557 5606 730 5670 θεούς.
765 5610 876 5661 Καὶ
907 5608 1014 5679 γὰρ
1050 5609 1321 5682 Ἠρακλέα
1344 5609 1405 5662 τὸ
1429 5609 1587 5678 γένος
1613 5607 1910 5675 Αἰγύπτιον

421 5722 533 5794 (50)
566 5721 700 5777 Ὑπὸ
726 5724 833 5794 τοῦ
860 5724 993 5789 Διός
1015 5737 1175 5778 ποτε.
1215 5724 1459 5785 Diodor.,
1486 5724 1591 5777 ὑπό
1606 5721 1785 5794 του-δή
1810 5737 1911 5773 πο-

346 5790 619 5866 τε,Ἰοιιεε
647 5793 861 5861 melius,
896 5795 1022 5864 quia
1047 5794 1212 5864 paulo
1242 5803 1363 5864 post
1394 5795 1662 5863 signiﬁcat
1694 5790 1907 5855 Jovem,

2010 4593 2158 4657 rint,
2209 4594 2513 4647 membrum
2558 4595 2688 4649 illud
2739 4606 2846 4649 tam
2899 4595 2953 4649 in
2989 4596 3262 4668 mysteriis
3310 4614 3473 4668 quam
3520 4600 3577 4653 in

2011 4686 2167 4740 istius
2209 4685 2451 4742 numinis
2477 4686 2874 4742 initiationibus
2902 4698 3066 4758 atque
3100 4690 3382 4746 sacriﬁciis
3407 4691 3575 4759 phalli

2008 4777 2229 4832 nomine
2248 4777 2494 4833 venerari
2521 4779 2711 4833 solitos
2742 4793 2882 4834 esse.
2909 4777 3220 4848 Enimvero,
3250 4781 3346 4850 qui
3375 4779 3576 4836 Thebis

2008 4869 2234 4925 Bmotiae
2265 4870 2425 4926 deum
2458 4872 2611 4926 illum
2640 4887 2706 4927 ex
2736 4870 2866 4927 Jove
2893 4887 2959 4926 ac
2991 4872 3203 4928 Semele
3234 4884 3419 4927 natum
3452 4883 3577 4929 esse

2007 4961 2213 5026 dicant,
2245 4961 2300 5017 id
2333 4971 2536 5019 temere
2558 4978 2622 5018 ac
2663 4963 2853 5018 leviter
2904 4962 3139 5018 effutire.
3178 4962 3387 5032 Quippe
3409 5004 3425 5028 ,
3474 4961 3578 5019 Or-

2009 5054 2206 5123 pheum
2238 5054 2406 5120 enim,
2438 5068 2562 5109 cum
2592 5054 2647 5107 in
2678 5053 2969 5124 Algyptum
2999 5054 3445 5122 commigrasset,
3476 5053 3575 5110 iis-

2007 5159 2115 5211 que
2139 5145 2310 5199 sacris
2337 5145 2579 5199 initiatus
2616 5145 2669 5198 in
2700 5147 2943 5213 ipsorum
2986 5157 3203 5213 quoque
3232 5141 3428 5197 Bacchi
3454 5160 3575 5217 my‘

2010 5236 2301 5290 steriorum
2335 5246 2542 5305 partem
2576 5252 2641 5290 ac
2668 5237 2981 5290 societatem
3037 5234 3309 5300 venisset,
3356 5248 3579 5306 propter

2008 5343 2151 5391 eam,
2189 5343 2309 5397 quae
2354 5328 2458 5383 sibi
2489 5320 2612 5381 cum
2647 5326 2900 5383 Cadmeis
2928 5324 3336 5392 intercedebat,
3381 5329 3578 5385 amici-

2010 5420 2139 5472 tiam
2164 5461 2178 5485 ,
2209 5432 2458 5488 quosque
2487 5418 2557 5472 ab
2582 5418 2689 5472 illis
2720 5418 2955 5470 honores
2985 5425 3306 5485 acceperat,
3334 5419 3578 5475 numinis

2010 5510 2157 5564 illius
2187 5518 2368 5564 ortum
2411 5510 2467 5563 in
2491 5510 2733 5578 ipsorum
2765 5508 2992 5578 gratiam
3022 5510 3410 5575 transtulisse;
3443 5513 3579 5566 mul‘

2008 5602 2295 5657 titudinem
2335 5610 2538 5663 autem,
2574 5600 2767 5670 partim
2799 5600 3140 5669 ignoratione
3163 5600 3427 5665 veritatis,
3454 5617 3581 5672 par-

2011 5716 2067 5769 in
2110 5715 2201 5768 illa
2232 5713 2345 5786 veri
2368 5713 2547 5786 patris
2567 5712 2932 5783 ignoratione,
2965 5730 2995 5771 a
3024 5713 3233 5770 C‘admo
3256 5711 3457 5767 Bacchi
3483 5730 3582 5786 pa-

2013 5793 2220 5838 rentem
2251 5784 2579 5838 celebratum
2607 5797 2748 5840 esse.
