  <div class='ocr_page' id='page_1' title='image "/cluster/home/n/w/nwhite01/storage/ocr_20150623/21:no.3/coo.31924054873017/063.png"; bbox 0 0 4154 6470; ppageno 0'>
   <div class='ocr_carea' id='block_1_1' title="bbox 606 317 3202 390">
    <p class='ocr_par' dir='ltr' id='par_1_1' title="bbox 606 317 3202 390">
     <span class='ocr_line' id='line_1_1' title="bbox 606 317 3202 390; baseline -0.007 0"><span class='ocrx_word' id='word_1_1' title='bbox 606 339 678 390; x_wconf 72' lang='lat'><strong>99</strong></span> <span class='ocrx_word' id='word_1_2' title='bbox 1277 329 1548 386; x_wconf 68' lang='lat' dir='ltr'><strong>LUSEBII</strong></span> <span class='ocrx_word' id='word_1_3' title='bbox 1581 324 2065 382; x_wconf 60' lang='lat' dir='ltr'><strong>CAZSARIENSIS</strong></span> <span class='ocrx_word' id='word_1_4' title='bbox 2097 322 2250 377; x_wconf 81' lang='lat' dir='ltr'><strong>OPP.</strong></span> <span class='ocrx_word' id='word_1_5' title='bbox 2288 320 2471 376; x_wconf 71' lang='lat' dir='ltr'><strong>PARS</strong></span> <span class='ocrx_word' id='word_1_6' title='bbox 2504 319 2566 374; x_wconf 90' lang='lat' dir='ltr'><strong>ll.</strong></span> <span class='ocrx_word' id='word_1_7' title='bbox 2606 350 2677 364; x_wconf 86' lang='lat'><strong>-—-</strong></span> <span class='ocrx_word' id='word_1_8' title='bbox 2699 317 3202 375; x_wconf 75' lang='lat' dir='ltr'><strong>APOLOGETICA.</strong></span> 
     </span>
    </p>
   </div>
   <div class='ocr_carea' id='block_1_2' title="bbox 3776 317 3887 373">
    <p class='ocr_par' dir='ltr' id='par_1_2' title="bbox 3776 317 3887 373">
     <span class='ocr_line' id='line_1_2' title="bbox 3776 317 3887 373; baseline 0.018 -2"><span class='ocrx_word' id='word_1_9' title='bbox 3776 317 3887 373; x_wconf 76' lang='grc' dir='ltr'><strong>ιοο</strong></span> 
     </span>
    </p>
   </div>
   <div class='ocr_carea' id='block_1_3' title="bbox 607 432 2195 519">
    <p class='ocr_par' dir='ltr' id='par_1_3' title="bbox 607 440 2192 519">
     <span class='ocr_line' id='line_1_3' title="bbox 607 440 2192 519; baseline -0.008 -12"><span class='ocrx_word' id='word_1_10' title='bbox 607 454 709 507; x_wconf 84' lang='lat' dir='ltr'><strong>tim</strong></span> <span class='ocrx_word' id='word_1_11' title='bbox 738 447 885 519; x_wconf 88' lang='lat' dir='ltr'><strong>quod</strong></span> <span class='ocrx_word' id='word_1_12' title='bbox 918 447 1068 501; x_wconf 84' lang='lat' dir='ltr'><strong>hunc</strong></span> <span class='ocrx_word' id='word_1_13' title='bbox 1100 443 1264 500; x_wconf 87' lang='lat' dir='ltr'><strong>deum</strong></span> <span class='ocrx_word' id='word_1_14' title='bbox 1300 458 1495 515; x_wconf 90' lang='lat' dir='ltr'><strong>genere</strong></span> <span class='ocrx_word' id='word_1_15' title='bbox 1525 440 1772 498; x_wconf 67' lang='lat' dir='ltr'><strong>Graecum</strong></span> <span class='ocrx_word' id='word_1_16' title='bbox 1804 441 1995 496; x_wconf 86' lang='lat' dir='ltr'><strong>haberi</strong></span> <span class='ocrx_word' id='word_1_17' title='bbox 2026 441 2192 495; x_wconf 82' lang='lat' dir='ltr'><strong>vehe—</strong></span> 
     </span>
    </p>
   </div>
   <div class='ocr_carea' id='block_1_4' title="bbox 2299 432 3892 519">
    <p class='ocr_par' dir='ltr' id='par_1_4' title="bbox 2299 432 3892 509">
     <span class='ocr_line' id='line_1_4' title="bbox 2299 432 3892 509; baseline -0.003 -17"><span class='ocrx_word' id='word_1_18' title='bbox 2299 439 2443 503; x_wconf 76' lang='grc' dir='ltr'><strong>ὖντα,</strong></span> <span class='ocrx_word' id='word_1_19' title='bbox 2487 438 2554 492; x_wconf 81' lang='grc' dir='ltr'><strong>δι’</strong></span> <span class='ocrx_word' id='word_1_20' title='bbox 2605 437 2825 509; x_wconf 76' lang='grc' dir='ltr'><strong>ἀνδρίαν</strong></span> <span class='ocrx_word' id='word_1_21' title='bbox 2868 436 3116 490; x_wconf 71' lang='grc' dir='ltr'><strong>ἐπελθεῖν</strong></span> <span class='ocrx_word' id='word_1_22' title='bbox 3157 434 3357 504; x_wconf 72' lang='grc' dir='ltr'><strong>πολλὴν</strong></span> <span class='ocrx_word' id='word_1_23' title='bbox 3393 432 3492 503; x_wconf 81' lang='grc' dir='ltr'><strong>τῆς</strong></span> <span class='ocrx_word' id='word_1_24' title='bbox 3536 432 3892 505; x_wconf 66' lang='grc' dir='ltr'><strong>οἰκουμένης,</strong></span> 
     </span>
    </p>
   </div>
   <div class='ocr_carea' id='block_1_5' title="bbox 610 533 2190 608">
    <p class='ocr_par' dir='ltr' id='par_1_5' title="bbox 610 533 2190 608">
     <span class='ocr_line' id='line_1_5' title="bbox 610 533 2190 608; baseline -0.007 -11"><span class='ocrx_word' id='word_1_25' title='bbox 610 550 823 597; x_wconf 90' lang='lat' dir='ltr'><strong>menter</strong></span> <span class='ocrx_word' id='word_1_26' title='bbox 865 545 1114 608; x_wconf 89' lang='lat' dir='ltr'><strong>optaret,</strong></span> <span class='ocrx_word' id='word_1_27' title='bbox 1158 536 1403 606; x_wconf 86' lang='lat' dir='ltr'><strong>ejusdem</strong></span> <span class='ocrx_word' id='word_1_28' title='bbox 1431 550 1554 589; x_wconf 90' lang='lat' dir='ltr'><strong>cum</strong></span> <span class='ocrx_word' id='word_1_29' title='bbox 1588 534 1837 589; x_wconf 86' lang='lat' dir='ltr'><strong>initiandi</strong></span> <span class='ocrx_word' id='word_1_30' title='bbox 1867 533 2009 588; x_wconf 90' lang='lat' dir='ltr'><strong>ritus</strong></span> <span class='ocrx_word' id='word_1_31' title='bbox 2029 573 2045 598; x_wconf 94' lang='lat'><strong>,</strong></span> <span class='ocrx_word' id='word_1_32' title='bbox 2074 541 2190 586; x_wconf 90' lang='lat' dir='ltr'><strong>tum</strong></span> 
     </span>
    </p>
   </div>
   <div class='ocr_carea' id='block_1_6' title="bbox 607 621 2193 701">
    <p class='ocr_par' dir='ltr' id='par_1_6' title="bbox 607 621 2193 701">
     <span class='ocr_line' id='line_1_6' title="bbox 607 621 2193 701; baseline -0.006 -16"><span class='ocrx_word' id='word_1_33' title='bbox 607 630 774 686; x_wconf 86' lang='lat' dir='ltr'><strong>etiam</strong></span> <span class='ocrx_word' id='word_1_34' title='bbox 807 627 1066 701; x_wconf 79' lang='lat' dir='ltr'><strong>mysteria</strong></span> <span class='ocrx_word' id='word_1_35' title='bbox 1095 626 1338 680; x_wconf 76' lang='lat' dir='ltr'><strong>studiose</strong></span> <span class='ocrx_word' id='word_1_36' title='bbox 1369 639 1433 679; x_wconf 92' lang='lat' dir='ltr'><strong>ac</strong></span> <span class='ocrx_word' id='word_1_37' title='bbox 1461 623 1692 677; x_wconf 83' lang='lat' dir='ltr'><strong>libenter</strong></span> <span class='ocrx_word' id='word_1_38' title='bbox 1722 621 2017 676; x_wconf 79' lang='lat' dir='ltr'><strong>admodum</strong></span> <span class='ocrx_word' id='word_1_39' title='bbox 2071 635 2193 676; x_wconf 88' lang='lat' dir='ltr'><strong>esse</strong></span> 
     </span>
    </p>
   </div>
   <div class='ocr_carea' id='block_1_7' title="bbox 606 713 2194 792">
    <p class='ocr_par' dir='ltr' id='par_1_7' title="bbox 606 713 2194 792">
     <span class='ocr_line' id='line_1_7' title="bbox 606 713 2194 792; baseline -0.006 -14"><span class='ocrx_word' id='word_1_40' title='bbox 606 722 977 792; x_wconf 69' lang='lat' dir='ltr'><strong>complexam.</strong></span> <span class='ocrx_word' id='word_1_41' title='bbox 1011 718 1275 773; x_wconf 66' lang='lat' dir='ltr'><strong>Caeterum</strong></span> <span class='ocrx_word' id='word_1_42' title='bbox 1319 715 1576 785; x_wconf 85' lang='lat' dir='ltr'><strong>Orpheo,</strong></span> <span class='ocrx_word' id='word_1_43' title='bbox 1630 713 1996 769; x_wconf 76' lang='lat' dir='ltr'><strong>transferendi</strong></span> <span class='ocrx_word' id='word_1_44' title='bbox 2038 720 2194 768; x_wconf 89' lang='lat' dir='ltr'><strong>ortus</strong></span> 
     </span>
    </p>
   </div>
   <div class='ocr_carea' id='block_1_8' title="bbox 608 802 2191 880">
    <p class='ocr_par' dir='ltr' id='par_1_8' title="bbox 608 802 2191 880">
     <span class='ocr_line' id='line_1_8' title="bbox 608 802 2191 880; baseline -0.006 -13"><span class='ocrx_word' id='word_1_45' title='bbox 608 813 901 877; x_wconf 88' lang='lat' dir='ltr'><strong>numinis,</strong></span> <span class='ocrx_word' id='word_1_46' title='bbox 951 808 1218 880; x_wconf 80' lang='lat' dir='ltr'><strong>ejusmodi</strong></span> <span class='ocrx_word' id='word_1_47' title='bbox 1273 821 1439 860; x_wconf 85' lang='lat' dir='ltr'><strong>ansas</strong></span> <span class='ocrx_word' id='word_1_48' title='bbox 1499 814 1556 859; x_wconf 85' lang='lat' dir='ltr'><strong>et</strong></span> <span class='ocrx_word' id='word_1_49' title='bbox 1618 806 1940 860; x_wconf 78' lang='lat' dir='ltr'><strong>occasiones</strong></span> <span class='ocrx_word' id='word_1_50' title='bbox 1999 802 2191 858; x_wconf 87' lang='lat' dir='ltr'><strong>fuisse.</strong></span> 
     </span>
    </p>
   </div>
   <div class='ocr_carea' id='block_1_9' title="bbox 606 896 2192 966">
    <p class='ocr_par' dir='ltr' id='par_1_9' title="bbox 606 896 2192 966">
     <span class='ocr_line' id='line_1_9' title="bbox 606 896 2192 966; baseline -0.006 -9"><span class='ocrx_word' id='word_1_51' title='bbox 606 902 879 958; x_wconf 81' lang='lat' dir='ltr'><strong>Cadmum</strong></span> <span class='ocrx_word' id='word_1_52' title='bbox 907 902 1155 955; x_wconf 80' lang='lat' dir='ltr'><strong>videlicet</strong></span> <span class='ocrx_word' id='word_1_53' title='bbox 1190 897 1392 952; x_wconf 81' lang='lat' dir='ltr'><strong>Thebis</strong></span> <span class='ocrx_word' id='word_1_54' title='bbox 1421 896 1691 966; x_wconf 63' lang='lat' dir='ltr'><strong>Egyptiis</strong></span> <span class='ocrx_word' id='word_1_55' title='bbox 1723 896 2041 961; x_wconf 79' lang='lat' dir='ltr'><strong>oriundum,</strong></span> <span class='ocrx_word' id='word_1_56' title='bbox 2068 909 2192 949; x_wconf 84' lang='lat' dir='ltr'><strong>cum</strong></span> 
     </span>
    </p>
   </div>
   <div class='ocr_carea' id='block_1_10' title="bbox 608 987 2191 1069">
    <p class='ocr_par' dir='ltr' id='par_1_10' title="bbox 608 987 2191 1069">
     <span class='ocr_line' id='line_1_10' title="bbox 608 987 2191 1069; baseline -0.004 -19"><span class='ocrx_word' id='word_1_57' title='bbox 608 995 722 1069; x_wconf 64' lang='grc' dir='ltr'><strong>ω</strong></span> <span class='ocrx_word' id='word_1_58' title='bbox 754 996 877 1050; x_wconf 86' lang='lat' dir='ltr'><strong>aliis</strong></span> <span class='ocrx_word' id='word_1_59' title='bbox 902 993 1109 1063; x_wconf 89' lang='lat' dir='ltr'><strong>aliquot</strong></span> <span class='ocrx_word' id='word_1_60' title='bbox 1141 990 1329 1045; x_wconf 89' lang='lat' dir='ltr'><strong>liberis</strong></span> <span class='ocrx_word' id='word_1_61' title='bbox 1358 987 1624 1044; x_wconf 77' lang='lat' dir='ltr'><strong>Semelem</strong></span> <span class='ocrx_word' id='word_1_62' title='bbox 1656 1003 1878 1058; x_wconf 88' lang='lat' dir='ltr'><strong>quoque</strong></span> <span class='ocrx_word' id='word_1_63' title='bbox 1908 988 2191 1056; x_wconf 81' lang='lat' dir='ltr'><strong>genuisse,</strong></span> 
     </span>
    </p>
   </div>
   <div class='ocr_carea' id='block_1_11' title="bbox 613 1078 2196 1150">
    <p class='ocr_par' dir='ltr' id='par_1_11' title="bbox 613 1078 2196 1150">
     <span class='ocr_line' id='line_1_11' title="bbox 613 1078 2196 1150; baseline -0.004 -10"><span class='ocrx_word' id='word_1_64' title='bbox 613 1088 755 1140; x_wconf 77' lang='lat' dir='ltr'><strong>lianc</strong></span> <span class='ocrx_word' id='word_1_65' title='bbox 800 1098 929 1138; x_wconf 90' lang='lat' dir='ltr'><strong>vero</strong></span> <span class='ocrx_word' id='word_1_66' title='bbox 972 1098 1003 1136; x_wconf 90' lang='lat' dir='ltr'><strong>a</strong></span> <span class='ocrx_word' id='word_1_67' title='bbox 1049 1081 1236 1137; x_wconf 80' lang='lat' dir='ltr'><strong>nescio</strong></span> <span class='ocrx_word' id='word_1_68' title='bbox 1266 1096 1378 1150; x_wconf 92' lang='lat' dir='ltr'><strong>quo</strong></span> <span class='ocrx_word' id='word_1_69' title='bbox 1408 1078 1547 1135; x_wconf 90' lang='lat' dir='ltr'><strong>forte</strong></span> <span class='ocrx_word' id='word_1_70' title='bbox 1585 1089 1995 1150; x_wconf 79' lang='lat' dir='ltr'><strong>constupratam</strong></span> <span class='ocrx_word' id='word_1_71' title='bbox 2022 1120 2038 1145; x_wconf 91' lang='lat'><strong>,</strong></span> <span class='ocrx_word' id='word_1_72' title='bbox 2072 1087 2196 1149; x_wconf 86' lang='lat' dir='ltr'><strong>post</strong></span> 
     </span>
    </p>
   </div>
   <div class='ocr_carea' id='block_1_12' title="bbox 610 1171 2190 1245">
    <p class='ocr_par' dir='ltr' id='par_1_12' title="bbox 610 1171 2190 1245">
     <span class='ocr_line' id='line_1_12' title="bbox 610 1171 2190 1245; baseline -0.004 -16"><span class='ocrx_word' id='word_1_73' title='bbox 610 1186 813 1245; x_wconf 87' lang='lat' dir='ltr'><strong>septem</strong></span> <span class='ocrx_word' id='word_1_74' title='bbox 848 1190 879 1229; x_wconf 90' lang='lat' dir='ltr'><strong>a</strong></span> <span class='ocrx_word' id='word_1_75' title='bbox 912 1182 1179 1242; x_wconf 84' lang='lat' dir='ltr'><strong>conceptu</strong></span> <span class='ocrx_word' id='word_1_76' title='bbox 1213 1187 1431 1227; x_wconf 63' lang='lat' dir='ltr'><strong>mensps</strong></span> <span class='ocrx_word' id='word_1_77' title='bbox 1480 1171 1741 1225; x_wconf 80' lang='lat' dir='ltr'><strong>infantem</strong></span> <span class='ocrx_word' id='word_1_78' title='bbox 1789 1171 2083 1240; x_wconf 83' lang='lat' dir='ltr'><strong>peperisse,</strong></span> <span class='ocrx_word' id='word_1_79' title='bbox 2118 1172 2190 1233; x_wconf 89' lang='lat' dir='ltr'><strong>ei,</strong></span> 
     </span>
    </p>
   </div>
   <div class='ocr_carea' id='block_1_13' title="bbox 611 1260 2193 1335">
    <p class='ocr_par' dir='ltr' id='par_1_13' title="bbox 611 1260 2193 1335">
     <span class='ocr_line' id='line_1_13' title="bbox 611 1260 2193 1335; baseline -0.004 -17"><span class='ocrx_word' id='word_1_80' title='bbox 611 1279 771 1335; x_wconf 86' lang='lat' dir='ltr'><strong>quem</strong></span> <span class='ocrx_word' id='word_1_81' title='bbox 812 1264 956 1333; x_wconf 84' lang='lat' dir='ltr'><strong>apud</strong></span> <span class='ocrx_word' id='word_1_82' title='bbox 990 1279 1049 1318; x_wconf 90' lang='lat' dir='ltr'><strong>se</strong></span> <span class='ocrx_word' id='word_1_83' title='bbox 1089 1272 1277 1317; x_wconf 86' lang='lat' dir='ltr'><strong>natum</strong></span> <span class='ocrx_word' id='word_1_84' title='bbox 1325 1260 1565 1332; x_wconf 66' lang='lat' dir='ltr'><strong>Egyptii</strong></span> <span class='ocrx_word' id='word_1_85' title='bbox 1600 1262 1899 1331; x_wconf 62' lang='lat' dir='ltr'><strong>prtedicant</strong></span> <span class='ocrx_word' id='word_1_86' title='bbox 1925 1300 1941 1325; x_wconf 96' lang='lat'><strong>,</strong></span> <span class='ocrx_word' id='word_1_87' title='bbox 1991 1260 2193 1313; x_wconf 88' lang='lat' dir='ltr'><strong>Osiridi</strong></span> 
     </span>
    </p>
   </div>
   <div class='ocr_carea' id='block_1_14' title="bbox 611 1352 2196 1426">
    <p class='ocr_par' dir='ltr' id='par_1_14' title="bbox 611 1352 2196 1426">
     <span class='ocr_line' id='line_1_14' title="bbox 611 1352 2196 1426; baseline -0.002 -17"><span class='ocrx_word' id='word_1_88' title='bbox 611 1356 982 1426; x_wconf 80' lang='lat' dir='ltr'><strong>persimilem;</strong></span> <span class='ocrx_word' id='word_1_89' title='bbox 1015 1355 1286 1409; x_wconf 82' lang='lat' dir='ltr'><strong>Cadmum</strong></span> <span class='ocrx_word' id='word_1_90' title='bbox 1314 1369 1445 1408; x_wconf 91' lang='lat' dir='ltr'><strong>vero</strong></span> <span class='ocrx_word' id='word_1_91' title='bbox 1473 1352 1702 1407; x_wconf 89' lang='lat' dir='ltr'><strong>infantis</strong></span> <span class='ocrx_word' id='word_1_92' title='bbox 1732 1352 1933 1406; x_wconf 87' lang='lat' dir='ltr'><strong>mortui</strong></span> <span class='ocrx_word' id='word_1_93' title='bbox 1964 1352 2196 1406; x_wconf 82' lang='lat' dir='ltr'><strong>cadaver</strong></span> 
     </span>
    </p>
   </div>
   <div class='ocr_carea' id='block_1_15' title="bbox 611 1444 2194 1514">
    <p class='ocr_par' dir='ltr' id='par_1_15' title="bbox 611 1444 2194 1514">
     <span class='ocr_line' id='line_1_15' title="bbox 611 1444 2194 1514; baseline -0.004 -12"><span class='ocrx_word' id='word_1_94' title='bbox 611 1463 747 1502; x_wconf 88' lang='lat' dir='ltr'><strong>auro</strong></span> <span class='ocrx_word' id='word_1_95' title='bbox 788 1447 1194 1510; x_wconf 85' lang='lat' dir='ltr'><strong>convestiisse,</strong></span> <span class='ocrx_word' id='word_1_96' title='bbox 1252 1445 1414 1514; x_wconf 83' lang='lat' dir='ltr'><strong>eique</strong></span> <span class='ocrx_word' id='word_1_97' title='bbox 1470 1445 1742 1499; x_wconf 85' lang='lat' dir='ltr'><strong>solemnes</strong></span> <span class='ocrx_word' id='word_1_98' title='bbox 1802 1444 2194 1498; x_wconf 83' lang='lat' dir='ltr'><strong>sacrificiorum</strong></span> 
     </span>
    </p>
   </div>
   <div class='ocr_carea' id='block_1_16' title="bbox 610 1536 2193 1607">
    <p class='ocr_par' dir='ltr' id='par_1_16' title="bbox 610 1536 2193 1607">
     <span class='ocr_line' id='line_1_16' title="bbox 610 1536 2193 1607; baseline -0.004 -13"><span class='ocrx_word' id='word_1_99' title='bbox 610 1541 750 1596; x_wconf 88' lang='lat' dir='ltr'><strong>ritus</strong></span> <span class='ocrx_word' id='word_1_100' title='bbox 796 1538 1102 1594; x_wconf 83' lang='lat' dir='ltr'><strong>instituisse</strong></span> <span class='ocrx_word' id='word_1_101' title='bbox 1127 1579 1143 1603; x_wconf 85' lang='lat'><strong>,</strong></span> <span class='ocrx_word' id='word_1_102' title='bbox 1174 1553 1237 1593; x_wconf 90' lang='lat' dir='ltr'><strong>ac</strong></span> <span class='ocrx_word' id='word_1_103' title='bbox 1284 1537 1504 1592; x_wconf 88' lang='lat' dir='ltr'><strong>demum</strong></span> <span class='ocrx_word' id='word_1_104' title='bbox 1551 1537 1724 1607; x_wconf 83' lang='lat' dir='ltr'><strong>ipsius</strong></span> <span class='ocrx_word' id='word_1_105' title='bbox 1762 1536 2193 1607; x_wconf 87' lang='lat' dir='ltr'><strong>procreationem</strong></span> 
     </span>
    </p>
   </div>
   <div class='ocr_carea' id='block_1_17' title="bbox 607 1628 2194 1704">
    <p class='ocr_par' dir='ltr' id='par_1_17' title="bbox 607 1628 2194 1704">
     <span class='ocr_line' id='line_1_17' title="bbox 607 1628 2194 1704; baseline -0.004 -15"><span class='ocrx_word' id='word_1_106' title='bbox 607 1630 731 1689; x_wconf 88' lang='lat' dir='ltr'><strong>Jovi</strong></span> <span class='ocrx_word' id='word_1_107' title='bbox 769 1634 1119 1704; x_wconf 84' lang='lat' dir='ltr'><strong>assignasse,</strong></span> <span class='ocrx_word' id='word_1_108' title='bbox 1155 1632 1258 1686; x_wconf 87' lang='lat' dir='ltr'><strong>hoc</strong></span> <span class='ocrx_word' id='word_1_109' title='bbox 1285 1633 1477 1701; x_wconf 79' lang='lat' dir='ltr'><strong>utique</strong></span> <span class='ocrx_word' id='word_1_110' title='bbox 1508 1630 1740 1686; x_wconf 93' lang='lat' dir='ltr'><strong>consilio</strong></span> <span class='ocrx_word' id='word_1_111' title='bbox 1763 1670 1778 1695; x_wconf 96' lang='lat'><strong>,</strong></span> <span class='ocrx_word' id='word_1_112' title='bbox 1812 1639 1872 1684; x_wconf 89' lang='lat' dir='ltr'><strong>ut</strong></span> <span class='ocrx_word' id='word_1_113' title='bbox 1912 1646 2036 1684; x_wconf 89' lang='lat' dir='ltr'><strong>cum</strong></span> <span class='ocrx_word' id='word_1_114' title='bbox 2072 1628 2194 1684; x_wconf 87' lang='lat' dir='ltr'><strong>Osi-</strong></span> 
     </span>
    </p>
   </div>
   <div class='ocr_carea' id='block_1_18' title="bbox 609 1724 2198 1797">
    <p class='ocr_par' dir='ltr' id='par_1_18' title="bbox 609 1724 2198 1797">
     <span class='ocr_line' id='line_1_18' title="bbox 609 1724 2198 1797; baseline -0.004 -15"><span class='ocrx_word' id='word_1_115' title='bbox 609 1727 717 1783; x_wconf 83' lang='lat' dir='ltr'><strong>ridi</strong></span> <span class='ocrx_word' id='word_1_116' title='bbox 748 1726 1089 1797; x_wconf 86' lang='lat' dir='ltr'><strong>majestatem</strong></span> <span class='ocrx_word' id='word_1_117' title='bbox 1120 1726 1459 1789; x_wconf 84' lang='lat' dir='ltr'><strong>conciliaret,</strong></span> <span class='ocrx_word' id='word_1_118' title='bbox 1490 1732 1606 1778; x_wconf 90' lang='lat' dir='ltr'><strong>tum</strong></span> <span class='ocrx_word' id='word_1_119' title='bbox 1637 1724 1809 1792; x_wconf 89' lang='lat' dir='ltr'><strong>ipsam</strong></span> <span class='ocrx_word' id='word_1_120' title='bbox 1838 1738 2057 1792; x_wconf 90' lang='lat' dir='ltr'><strong>quoque</strong></span> <span class='ocrx_word' id='word_1_121' title='bbox 2085 1738 2198 1776; x_wconf 86' lang='lat' dir='ltr'><strong>ma-</strong></span> 
     </span>
    </p>
   </div>
   <div class='ocr_carea' id='block_1_19' title="bbox 2298 524 3894 598">
    <p class='ocr_par' dir='ltr' id='par_1_19' title="bbox 2298 524 3894 598">
     <span class='ocr_line' id='line_1_19' title="bbox 2298 524 3894 598; baseline -0.002 -15"><span class='ocrx_word' id='word_1_122' title='bbox 2298 530 2691 595; x_wconf 78' lang='grc' dir='ltr'><strong>ὲξοικειοῦσθαι</strong></span> <span class='ocrx_word' id='word_1_123' title='bbox 2711 531 2770 583; x_wconf 79' lang='grc' dir='ltr'><strong>δὲ</strong></span> <span class='ocrx_word' id='word_1_124' title='bbox 2796 530 2958 583; x_wconf 75' lang='grc' dir='ltr'><strong>αὑτὸν</strong></span> <span class='ocrx_word' id='word_1_125' title='bbox 2983 530 3109 592; x_wconf 78' lang='grc' dir='ltr'><strong>τοὺς</strong></span> <span class='ocrx_word' id='word_1_126' title='bbox 3135 527 3425 595; x_wconf 80' lang='grc' dir='ltr'><strong>Ἕλληνας,</strong></span> <span class='ocrx_word' id='word_1_127' title='bbox 3450 524 3544 579; x_wconf 80' lang='grc' dir='ltr'><strong>καὶ</strong></span> <span class='ocrx_word' id='word_1_128' title='bbox 3570 527 3677 598; x_wconf 79' lang='grc' dir='ltr'><strong>μὴν</strong></span> <span class='ocrx_word' id='word_1_129' title='bbox 3700 527 3784 579; x_wconf 77' lang='grc' dir='ltr'><strong>ῑτε</strong></span> <span class='ocrx_word' id='word_1_130' title='bbox 3795 544 3894 596; x_wconf 84' lang='grc' dir='ltr'><strong>ρον</strong></span> 
     </span>
    </p>
   </div>
   <div class='ocr_carea' id='block_1_20' title="bbox 2298 616 3885 691">
    <p class='ocr_par' dir='ltr' id='par_1_20' title="bbox 2298 616 3885 691">
     <span class='ocr_line' id='line_1_20' title="bbox 2298 616 3885 691; baseline -0.002 -15"><span class='ocrx_word' id='word_1_131' title='bbox 2298 622 2428 676; x_wconf 74' lang='grc' dir='ltr'><strong>ὅντα</strong></span> <span class='ocrx_word' id='word_1_132' title='bbox 2458 621 2555 674; x_wconf 84' lang='grc' dir='ltr'><strong>τοῦ</strong></span> <span class='ocrx_word' id='word_1_133' title='bbox 2587 621 2649 687; x_wconf 79' lang='grc' dir='ltr'><strong>ἐξ</strong></span> <span class='ocrx_word' id='word_1_134' title='bbox 2695 621 3004 691; x_wconf 72' lang='grc' dir='ltr'><strong>ΙΔλκμήνης</strong></span> <span class='ocrx_word' id='word_1_135' title='bbox 3035 621 3166 691; x_wconf 81' lang='grc' dir='ltr'><strong>παρ’</strong></span> <span class='ocrx_word' id='word_1_136' title='bbox 3202 618 3459 688; x_wconf 83' lang='grc' dir='ltr'><strong>Ἕλλησιν</strong></span> <span class='ocrx_word' id='word_1_137' title='bbox 3488 616 3716 691; x_wconf 76' lang='grc' dir='ltr'><strong>ὕστερόν</strong></span> <span class='ocrx_word' id='word_1_138' title='bbox 3749 638 3885 675; x_wconf 77' lang='grc' dir='ltr'><strong>ποτε</strong></span> 
     </span>
    </p>
   </div>
   <div class='ocr_carea' id='block_1_21' title="bbox 2298 710 3882 784">
    <p class='ocr_par' dir='ltr' id='par_1_21' title="bbox 2298 710 3882 784">
     <span class='ocr_line' id='line_1_21' title="bbox 2298 710 3882 784; baseline 0.001 -17"><span class='ocrx_word' id='word_1_139' title='bbox 2298 714 2616 784; x_wconf 82' lang='grc' dir='ltr'><strong>γενομένου.</strong></span> <span class='ocrx_word' id='word_1_140' title='bbox 2656 715 2793 767; x_wconf 63' lang='grc' dir='ltr'><strong>Φασὶ</strong></span> <span class='ocrx_word' id='word_1_141' title='bbox 2825 713 2881 767; x_wconf 75' lang='grc' dir='ltr'><strong>δὲ</strong></span> <span class='ocrx_word' id='word_1_142' title='bbox 2914 712 3130 765; x_wconf 75' lang='grc' dir='ltr'><strong>καὶτὸν</strong></span> <span class='ocrx_word' id='word_1_143' title='bbox 3174 712 3387 782; x_wconf 77' lang='grc' dir='ltr'><strong>Περσέα</strong></span> <span class='ocrx_word' id='word_1_144' title='bbox 3432 710 3688 779; x_wconf 79' lang='grc' dir='ltr'><strong>γενέσθαι</strong></span> <span class='ocrx_word' id='word_1_145' title='bbox 3732 715 3882 768; x_wconf 64' lang='grc' dir='ltr'><strong>κατὰ</strong></span> 
     </span>
    </p>
   </div>
   <div class='ocr_carea' id='block_1_22' title="bbox 2298 801 3885 875">
    <p class='ocr_par' dir='ltr' id='par_1_22' title="bbox 2298 801 3885 875">
     <span class='ocr_line' id='line_1_22' title="bbox 2298 801 3885 875; baseline 0 -18"><span class='ocrx_word' id='word_1_146' title='bbox 2298 805 2398 875; x_wconf 77' lang='grc' dir='ltr'><strong>τὴν</strong></span> <span class='ocrx_word' id='word_1_147' title='bbox 2424 805 2727 873; x_wconf 75' lang='grc' dir='ltr'><strong>Αἴγυπτον,</strong></span> <span class='ocrx_word' id='word_1_148' title='bbox 2766 804 2863 859; x_wconf 75' lang='grc' dir='ltr'><strong>καὶ</strong></span> <span class='ocrx_word' id='word_1_149' title='bbox 2897 805 2996 874; x_wconf 82' lang='grc' dir='ltr'><strong>τῆς</strong></span> <span class='ocrx_word' id='word_1_150' title='bbox 3037 804 3233 866; x_wconf 80' lang='grc' dir='ltr'><strong>Ἴσιδος</strong></span> <span class='ocrx_word' id='word_1_151' title='bbox 3261 804 3361 874; x_wconf 81' lang='grc' dir='ltr'><strong>τὴν</strong></span> <span class='ocrx_word' id='word_1_152' title='bbox 3395 802 3608 871; x_wconf 81' lang='grc' dir='ltr'><strong>γένεσιν</strong></span> <span class='ocrx_word' id='word_1_153' title='bbox 3638 801 3743 856; x_wconf 76' lang='grc' dir='ltr'><strong>ὑπὸ</strong></span> <span class='ocrx_word' id='word_1_154' title='bbox 3771 805 3885 857; x_wconf 89' lang='grc' dir='ltr'><strong>τῶν</strong></span> 
     </span>
    </p>
   </div>
   <div class='ocr_carea' id='block_1_23' title="bbox 2312 894 3884 968">
    <p class='ocr_par' dir='ltr' id='par_1_23' title="bbox 2312 894 3884 968">
     <span class='ocr_line' id='line_1_23' title="bbox 2312 894 3884 968; baseline 0.001 -18"><span class='ocrx_word' id='word_1_155' title='bbox 2312 897 2580 968; x_wconf 75' lang='grc' dir='ltr'><strong>Ἐλλήνων</strong></span> <span class='ocrx_word' id='word_1_156' title='bbox 2608 899 2687 960; x_wconf 87' lang='grc' dir='ltr'><strong>είς</strong></span> <span class='ocrx_word' id='word_1_157' title='bbox 2756 903 2936 968; x_wconf 78' lang='grc' dir='ltr'><strong>Αργος</strong></span> <span class='ocrx_word' id='word_1_158' title='bbox 2976 894 3401 967; x_wconf 63' lang='grc' dir='ltr'><strong>μεταφέρεσθαι,</strong></span> <span class='ocrx_word' id='word_1_159' title='bbox 3439 895 3884 966; x_wconf 69' lang='grc' dir='ltr'><strong>μυθολογούντων</strong></span> 
     </span>
    </p>
   </div>
   <div class='ocr_carea' id='block_1_24' title="bbox 2300 984 3886 1059">
    <p class='ocr_par' dir='ltr' id='par_1_24' title="bbox 2300 984 3886 1059">
     <span class='ocr_line' id='line_1_24' title="bbox 2300 984 3886 1059; baseline 0 -18"><span class='ocrx_word' id='word_1_160' title='bbox 2300 988 2469 1059; x_wconf 81' lang='grc' dir='ltr'><strong>αὐτὴν</strong></span> <span class='ocrx_word' id='word_1_161' title='bbox 2502 984 2641 1041; x_wconf 74' lang='grc' dir='ltr'><strong>εἶναι</strong></span> <span class='ocrx_word' id='word_1_162' title='bbox 2688 986 2793 1050; x_wconf 82' lang='grc' dir='ltr'><strong>Ἰὼ,</strong></span> <span class='ocrx_word' id='word_1_163' title='bbox 2835 988 2935 1059; x_wconf 81' lang='grc' dir='ltr'><strong>τὴν</strong></span> <span class='ocrx_word' id='word_1_164' title='bbox 2967 989 3048 1050; x_wconf 85' lang='grc' dir='ltr'><strong>εἰς</strong></span> <span class='ocrx_word' id='word_1_165' title='bbox 3086 988 3206 1057; x_wconf 74' lang='grc' dir='ltr'><strong>βοὸς</strong></span> <span class='ocrx_word' id='word_1_166' title='bbox 3232 986 3401 1039; x_wconf 81' lang='grc' dir='ltr'><strong>τύπον</strong></span> <span class='ocrx_word' id='word_1_167' title='bbox 3436 988 3886 1059; x_wconf 80' lang='grc' dir='ltr'><strong>μεταμορφωθεί-</strong></span> 
     </span>
    </p>
   </div>
   <div class='ocr_carea' id='block_1_25' title="bbox 2302 1074 3885 1153">
    <p class='ocr_par' dir='ltr' id='par_1_25' title="bbox 2302 1074 3885 1153">
     <span class='ocr_line' id='line_1_25' title="bbox 2302 1074 3885 1153; baseline 0.001 -20"><span class='ocrx_word' id='word_1_168' title='bbox 2302 1098 2423 1145; x_wconf 88' lang='grc' dir='ltr'><strong>σαν,</strong></span> <span class='ocrx_word' id='word_1_169' title='bbox 2451 1080 2548 1151; x_wconf 85' lang='grc' dir='ltr'><strong>τὴν</strong></span> <span class='ocrx_word' id='word_1_170' title='bbox 2575 1081 2743 1150; x_wconf 71' lang='grc' dir='ltr'><strong>αὐτὴν</strong></span> <span class='ocrx_word' id='word_1_171' title='bbox 2765 1080 2842 1141; x_wconf 85' lang='grc' dir='ltr'><strong>δὲ,</strong></span> <span class='ocrx_word' id='word_1_172' title='bbox 2859 1082 2986 1142; x_wconf 74' lang='grc' dir='ltr'><strong>τοὺς</strong></span> <span class='ocrx_word' id='word_1_173' title='bbox 3015 1081 3111 1150; x_wconf 81' lang='grc' dir='ltr'><strong>μὲν</strong></span> <span class='ocrx_word' id='word_1_174' title='bbox 3140 1074 3303 1142; x_wconf 91' lang='grc' dir='ltr'><strong>Ἶσιν,</strong></span> <span class='ocrx_word' id='word_1_175' title='bbox 3330 1081 3454 1142; x_wconf 65' lang='grc' dir='ltr'><strong>τοὺς</strong></span> <span class='ocrx_word' id='word_1_176' title='bbox 3479 1079 3536 1132; x_wconf 72' lang='grc' dir='ltr'><strong>δὲ</strong></span> <span class='ocrx_word' id='word_1_177' title='bbox 3566 1082 3885 1153; x_wconf 71' lang='grc' dir='ltr'><strong>Δήμητραν,</strong></span> 
     </span>
    </p>
   </div>
   <div class='ocr_carea' id='block_1_26' title="bbox 2299 1172 3887 1244">
    <p class='ocr_par' dir='ltr' id='par_1_26' title="bbox 2299 1172 3887 1244">
     <span class='ocr_line' id='line_1_26' title="bbox 2299 1172 3887 1244; baseline -0.001 -17"><span class='ocrx_word' id='word_1_178' title='bbox 2299 1176 2426 1237; x_wconf 73' lang='grc' dir='ltr'><strong>τοὺς</strong></span> <span class='ocrx_word' id='word_1_179' title='bbox 2451 1174 2507 1226; x_wconf 81' lang='grc' dir='ltr'><strong>δὲ</strong></span> <span class='ocrx_word' id='word_1_180' title='bbox 2546 1174 2915 1244; x_wconf 76' lang='grc' dir='ltr'><strong>θεσμοφόρον,</strong></span> <span class='ocrx_word' id='word_1_181' title='bbox 2949 1173 3142 1236; x_wconf 73' lang='grc' dir='ltr'><strong>ἄλλους</strong></span> <span class='ocrx_word' id='word_1_182' title='bbox 3170 1173 3227 1225; x_wconf 82' lang='grc' dir='ltr'><strong>δὲ</strong></span> <span class='ocrx_word' id='word_1_183' title='bbox 3255 1172 3514 1242; x_wconf 77' lang='grc' dir='ltr'><strong>Σελήνην,</strong></span> <span class='ocrx_word' id='word_1_184' title='bbox 3550 1173 3644 1225; x_wconf 73' lang='grc' dir='ltr'><strong>καὶ</strong></span> <span class='ocrx_word' id='word_1_185' title='bbox 3686 1174 3887 1237; x_wconf 79' lang='grc' dir='ltr'><strong>ἄλλους</strong></span> 
     </span>
    </p>
   </div>
   <div class='ocr_carea' id='block_1_27' title="bbox 2304 1264 3885 1336">
    <p class='ocr_par' dir='ltr' id='par_1_27' title="bbox 2304 1264 3885 1336">
     <span class='ocr_line' id='line_1_27' title="bbox 2304 1264 3885 1336; baseline -0.002 -18"><span class='ocrx_word' id='word_1_186' title='bbox 2304 1265 2482 1336; x_wconf 81' lang='grc' dir='ltr'><strong>Ἥραν</strong></span> <span class='ocrx_word' id='word_1_187' title='bbox 2509 1265 2766 1334; x_wconf 75' lang='grc' dir='ltr'><strong>νομίζειν.</strong></span> <span class='ocrx_word' id='word_1_188' title='bbox 2805 1265 2910 1316; x_wconf 77' lang='grc' dir='ltr'><strong>Τὸν</strong></span> <span class='ocrx_word' id='word_1_189' title='bbox 2941 1264 2997 1316; x_wconf 82' lang='grc' dir='ltr'><strong>δὲ</strong></span> <span class='ocrx_word' id='word_1_190' title='bbox 3039 1266 3274 1334; x_wconf 86' lang='grc' dir='ltr'><strong>Ὄσιριν,</strong></span> <span class='ocrx_word' id='word_1_191' title='bbox 3309 1265 3434 1326; x_wconf 58' lang='grc' dir='ltr'><strong>τοὺς</strong></span> <span class='ocrx_word' id='word_1_192' title='bbox 3476 1264 3572 1333; x_wconf 85' lang='grc' dir='ltr'><strong>μὲν</strong></span> <span class='ocrx_word' id='word_1_193' title='bbox 3614 1265 3885 1335; x_wconf 74' lang='grc' dir='ltr'><strong>Σάραπιν,</strong></span> 
     </span>
    </p>
   </div>
   <div class='ocr_carea' id='block_1_28' title="bbox 2299 1355 3886 1427">
    <p class='ocr_par' dir='ltr' id='par_1_28' title="bbox 2299 1355 3886 1427">
     <span class='ocr_line' id='line_1_28' title="bbox 2299 1355 3886 1427; baseline -0.001 -16"><span class='ocrx_word' id='word_1_194' title='bbox 2299 1375 2424 1421; x_wconf 88' lang='grc' dir='ltr'><strong>τους</strong></span> <span class='ocrx_word' id='word_1_195' title='bbox 2465 1357 2519 1411; x_wconf 80' lang='grc' dir='ltr'><strong>δὲ</strong></span> <span class='ocrx_word' id='word_1_196' title='bbox 2555 1358 2825 1419; x_wconf 78' lang='grc' dir='ltr'><strong>Διόνυσον,</strong></span> <span class='ocrx_word' id='word_1_197' title='bbox 2857 1358 2985 1420; x_wconf 68' lang='grc' dir='ltr'><strong>τοὺς</strong></span> <span class='ocrx_word' id='word_1_198' title='bbox 3015 1355 3072 1409; x_wconf 80' lang='grc' dir='ltr'><strong>δὲ</strong></span> <span class='ocrx_word' id='word_1_199' title='bbox 3112 1355 3423 1417; x_wconf 56' lang='grc' dir='ltr'><strong>Πλούτωνα,</strong></span> <span class='ocrx_word' id='word_1_200' title='bbox 3468 1358 3592 1419; x_wconf 70' lang='grc' dir='ltr'><strong>τοὺς</strong></span> <span class='ocrx_word' id='word_1_201' title='bbox 3631 1356 3690 1408; x_wconf 84' lang='grc' dir='ltr'><strong>δὲ</strong></span> <span class='ocrx_word' id='word_1_202' title='bbox 3739 1358 3886 1427; x_wconf 79' lang='grc' dir='ltr'><strong>Ἀμ-</strong></span> 
     </span>
    </p>
   </div>
   <div class='ocr_carea' id='block_1_29' title="bbox 2305 1446 3890 1521">
    <p class='ocr_par' dir='ltr' id='par_1_29' title="bbox 2305 1446 3890 1521">
     <span class='ocr_line' id='line_1_29' title="bbox 2305 1446 3890 1521; baseline 0 -20"><span class='ocrx_word' id='word_1_203' title='bbox 2305 1467 2479 1521; x_wconf 89' lang='grc' dir='ltr'><strong>μωνα,</strong></span> <span class='ocrx_word' id='word_1_204' title='bbox 2510 1451 2634 1512; x_wconf 79' lang='grc' dir='ltr'><strong>τοὺς</strong></span> <span class='ocrx_word' id='word_1_205' title='bbox 2664 1448 2721 1502; x_wconf 79' lang='grc' dir='ltr'><strong>δὲ</strong></span> <span class='ocrx_word' id='word_1_206' title='bbox 2761 1450 2879 1511; x_wconf 86' lang='grc' dir='ltr'><strong>Δία,</strong></span> <span class='ocrx_word' id='word_1_207' title='bbox 2928 1448 3147 1517; x_wconf 78' lang='grc' dir='ltr'><strong>ἑτέρους</strong></span> <span class='ocrx_word' id='word_1_208' title='bbox 3176 1446 3234 1500; x_wconf 80' lang='grc' dir='ltr'><strong>δὲ</strong></span> <span class='ocrx_word' id='word_1_209' title='bbox 3284 1447 3437 1499; x_wconf 74' lang='grc' dir='ltr'><strong>Πᾶνα</strong></span> <span class='ocrx_word' id='word_1_210' title='bbox 3482 1447 3743 1517; x_wconf 75' lang='grc' dir='ltr'><strong>νομίζειν.</strong></span> <span class='ocrx_word' id='word_1_211' title='bbox 3781 1448 3890 1501; x_wconf 75' lang='grc' dir='ltr'><strong>Εὑ-</strong></span> 
     </span>
    </p>
   </div>
   <div class='ocr_carea' id='block_1_30' title="bbox 2303 1533 3885 1611">
    <p class='ocr_par' dir='ltr' id='par_1_30' title="bbox 2303 1533 3885 1611">
     <span class='ocr_line' id='line_1_30' title="bbox 2303 1533 3885 1611; baseline -0.001 -19"><span class='ocrx_word' id='word_1_212' title='bbox 2303 1539 2466 1611; x_wconf 84' lang='grc' dir='ltr'><strong>ρετὴν</strong></span> <span class='ocrx_word' id='word_1_213' title='bbox 2495 1539 2550 1592; x_wconf 86' lang='grc' dir='ltr'><strong>δὲ</strong></span> <span class='ocrx_word' id='word_1_214' title='bbox 2573 1538 2828 1607; x_wconf 81' lang='grc' dir='ltr'><strong>γενέσθαι</strong></span> <span class='ocrx_word' id='word_1_215' title='bbox 2848 1539 2946 1608; x_wconf 76' lang='grc' dir='ltr'><strong>τὴν</strong></span> <span class='ocrx_word' id='word_1_216' title='bbox 2978 1533 3121 1591; x_wconf 88' lang='grc' dir='ltr'><strong>Ἶσίν</strong></span> <span class='ocrx_word' id='word_1_217' title='bbox 3154 1554 3286 1606; x_wconf 84' lang='grc' dir='ltr'><strong>φασι</strong></span> <span class='ocrx_word' id='word_1_218' title='bbox 3316 1539 3622 1609; x_wconf 73' lang='grc' dir='ltr'><strong>φαρμάκων</strong></span> <span class='ocrx_word' id='word_1_219' title='bbox 3651 1538 3885 1601; x_wconf 81' lang='grc' dir='ltr'><strong>πολλῶν,</strong></span> 
     </span>
    </p>
   </div>
   <div class='ocr_carea' id='block_1_31' title="bbox 2302 1629 3887 1700">
    <p class='ocr_par' dir='ltr' id='par_1_31' title="bbox 2302 1629 3887 1700">
     <span class='ocr_line' id='line_1_31' title="bbox 2302 1629 3887 1700; baseline 0.001 -17"><span class='ocrx_word' id='word_1_220' title='bbox 2302 1631 2395 1683; x_wconf 72' lang='grc' dir='ltr'><strong>καὶ</strong></span> <span class='ocrx_word' id='word_1_221' title='bbox 2437 1630 2682 1700; x_wconf 72' lang='grc' dir='ltr'><strong>ἰατρικῆς</strong></span> <span class='ocrx_word' id='word_1_222' title='bbox 2719 1630 3048 1700; x_wconf 57' lang='grc' dir='ltr'><strong>ἐπιστήμης</strong></span> <span class='ocrx_word' id='word_1_223' title='bbox 3084 1629 3265 1699; x_wconf 80' lang='grc' dir='ltr'><strong>εὑρεῖν</strong></span> <span class='ocrx_word' id='word_1_224' title='bbox 3293 1629 3348 1682; x_wconf 80' lang='grc' dir='ltr'><strong>δὲ</strong></span> <span class='ocrx_word' id='word_1_225' title='bbox 3381 1630 3475 1681; x_wconf 73' lang='grc' dir='ltr'><strong>καὶ</strong></span> <span class='ocrx_word' id='word_1_226' title='bbox 3515 1629 3576 1681; x_wconf 81' lang='grc' dir='ltr'><strong>τὸ</strong></span> <span class='ocrx_word' id='word_1_227' title='bbox 3619 1630 3717 1699; x_wconf 75' lang='grc' dir='ltr'><strong>τῆς</strong></span> <span class='ocrx_word' id='word_1_228' title='bbox 3742 1629 3887 1684; x_wconf 79' lang='grc' dir='ltr'><strong>ἀθα-</strong></span> 
     </span>
    </p>
   </div>
   <div class='ocr_carea' id='block_1_32' title="bbox 2301 1712 3889 1793">
    <p class='ocr_par' dir='ltr' id='par_1_32' title="bbox 2301 1712 3889 1793">
     <span class='ocr_line' id='line_1_32' title="bbox 2301 1712 3889 1793; baseline 0.001 -18"><span class='ocrx_word' id='word_1_229' title='bbox 2301 1723 2492 1785; x_wconf 84' lang='grc' dir='ltr'><strong>νασίας</strong></span> <span class='ocrx_word' id='word_1_230' title='bbox 2543 1725 2855 1793; x_wconf 70' lang='grc' dir='ltr'><strong>φάρμακον,</strong></span> <span class='ocrx_word' id='word_1_231' title='bbox 2887 1721 2967 1774; x_wconf 80' lang='grc' dir='ltr'><strong>δι’</strong></span> <span class='ocrx_word' id='word_1_232' title='bbox 3012 1712 3074 1774; x_wconf 74' lang='grc' dir='ltr'><strong>οὗ</strong></span> <span class='ocrx_word' id='word_1_233' title='bbox 3119 1723 3210 1775; x_wconf 83' lang='grc' dir='ltr'><strong>τὸν</strong></span> <span class='ocrx_word' id='word_1_234' title='bbox 3252 1723 3367 1775; x_wconf 79' lang='grc' dir='ltr'><strong>υἱὸν</strong></span> <span class='ocrx_word' id='word_1_235' title='bbox 3410 1723 3576 1793; x_wconf 82' lang='grc' dir='ltr'><strong>Ὦρον</strong></span> <span class='ocrx_word' id='word_1_236' title='bbox 3624 1723 3730 1776; x_wconf 77' lang='grc' dir='ltr'><strong>ὑπὸ</strong></span> <span class='ocrx_word' id='word_1_237' title='bbox 3772 1722 3889 1776; x_wconf 86' lang='grc' dir='ltr'><strong>τῶν</strong></span> 
     </span>
    </p>
   </div>
   <div class='ocr_carea' id='block_1_33' title="bbox 611 1810 2195 1887">
    <p class='ocr_par' dir='ltr' id='par_1_33' title="bbox 611 1813 2195 1887">
     <span class='ocr_line' id='line_1_33' title="bbox 611 1813 2195 1887; baseline -0.004 -13"><span class='ocrx_word' id='word_1_238' title='bbox 611 1825 753 1874; x_wconf 90' lang='lat' dir='ltr'><strong>trem</strong></span> <span class='ocrx_word' id='word_1_239' title='bbox 783 1833 813 1871; x_wconf 95' lang='lat' dir='ltr'><strong>a</strong></span> <span class='ocrx_word' id='word_1_240' title='bbox 850 1818 1024 1887; x_wconf 85' lang='lat' dir='ltr'><strong>stupri</strong></span> <span class='ocrx_word' id='word_1_241' title='bbox 1057 1817 1222 1871; x_wconf 91' lang='lat' dir='ltr'><strong>oblati</strong></span> <span class='ocrx_word' id='word_1_242' title='bbox 1256 1815 1483 1870; x_wconf 87' lang='lat' dir='ltr'><strong>infamia</strong></span> <span class='ocrx_word' id='word_1_243' title='bbox 1517 1814 1793 1868; x_wconf 89' lang='lat' dir='ltr'><strong>liberaret.</strong></span> <span class='ocrx_word' id='word_1_244' title='bbox 1830 1813 1989 1868; x_wconf 88' lang='lat' dir='ltr'><strong>Hunc</strong></span> <span class='ocrx_word' id='word_1_245' title='bbox 2034 1815 2195 1885; x_wconf 80' lang='lat' dir='ltr'><strong>igitur</strong></span> 
     </span>
    </p>
   </div>
   <div class='ocr_carea' id='block_1_34' title="bbox 2299 1810 3886 1887">
    <p class='ocr_par' dir='ltr' id='par_1_34' title="bbox 2300 1814 3886 1887">
     <span class='ocr_line' id='line_1_34' title="bbox 2300 1814 3886 1887; baseline 0.001 -20"><span class='ocrx_word' id='word_1_246' title='bbox 2300 1816 2543 1868; x_wconf 80' lang='grc' dir='ltr'><strong>Τιτάνων</strong></span> <span class='ocrx_word' id='word_1_247' title='bbox 2581 1814 3057 1876; x_wconf 75' lang='grc' dir='ltr'><strong>ἐπιϐουλευθέντα,</strong></span> <span class='ocrx_word' id='word_1_248' title='bbox 3094 1815 3188 1867; x_wconf 75' lang='grc' dir='ltr'><strong>καὶ</strong></span> <span class='ocrx_word' id='word_1_249' title='bbox 3215 1815 3407 1886; x_wconf 72' lang='grc' dir='ltr'><strong>νεκρὸν</strong></span> <span class='ocrx_word' id='word_1_250' title='bbox 3438 1815 3732 1887; x_wconf 77' lang='grc' dir='ltr'><strong>εὑρεθέντα</strong></span> <span class='ocrx_word' id='word_1_251' title='bbox 3758 1814 3886 1869; x_wconf 71' lang='grc' dir='ltr'><strong>καθ’</strong></span> 
     </span>
    </p>
   </div>
   <div class='ocr_carea' id='block_1_35' title="bbox 614 1905 2197 1977">
    <p class='ocr_par' dir='ltr' id='par_1_35' title="bbox 614 1905 2197 1977">
     <span class='ocr_line' id='line_1_35' title="bbox 614 1905 2197 1977; baseline -0.001 -15"><span class='ocrx_word' id='word_1_252' title='bbox 614 1908 672 1963; x_wconf 88' lang='lat' dir='ltr'><strong>in</strong></span> <span class='ocrx_word' id='word_1_253' title='bbox 713 1907 936 1963; x_wconf 90' lang='lat' dir='ltr'><strong>modum</strong></span> <span class='ocrx_word' id='word_1_254' title='bbox 970 1922 1217 1977; x_wconf 84' lang='lat' dir='ltr'><strong>sparsam</strong></span> <span class='ocrx_word' id='word_1_255' title='bbox 1256 1907 1404 1961; x_wconf 85' lang='lat' dir='ltr'><strong>illam</strong></span> <span class='ocrx_word' id='word_1_256' title='bbox 1433 1906 1578 1975; x_wconf 89' lang='lat' dir='ltr'><strong>apud</strong></span> <span class='ocrx_word' id='word_1_257' title='bbox 1622 1906 1842 1962; x_wconf 66' lang='lat' dir='ltr'><strong>Graecos</strong></span> <span class='ocrx_word' id='word_1_258' title='bbox 1874 1906 1941 1960; x_wconf 91' lang='lat' dir='ltr'><strong>de</strong></span> <span class='ocrx_word' id='word_1_259' title='bbox 1982 1905 2197 1960; x_wconf 89' lang='lat' dir='ltr'><strong>Osiride</strong></span> 
     </span>
    </p>
   </div>
   <div class='ocr_carea' id='block_1_36' title="bbox 610 1995 2197 2067">
    <p class='ocr_par' dir='ltr' id='par_1_36' title="bbox 610 1995 2197 2067">
     <span class='ocr_line' id='line_1_36' title="bbox 610 1995 2197 2067; baseline -0.003 -13"><span class='ocrx_word' id='word_1_260' title='bbox 610 1996 817 2054; x_wconf 83' lang='lat' dir='ltr'><strong>famam</strong></span> <span class='ocrx_word' id='word_1_261' title='bbox 845 2012 997 2063; x_wconf 86' lang='lat' dir='ltr'><strong>esse,</strong></span> <span class='ocrx_word' id='word_1_262' title='bbox 1034 1998 1181 2067; x_wconf 88' lang='lat' dir='ltr'><strong>quod</strong></span> <span class='ocrx_word' id='word_1_263' title='bbox 1211 2012 1335 2051; x_wconf 89' lang='lat' dir='ltr'><strong>eum</strong></span> <span class='ocrx_word' id='word_1_264' title='bbox 1367 2012 1432 2051; x_wconf 78' lang='lat' dir='ltr'><strong>ex</strong></span> <span class='ocrx_word' id='word_1_265' title='bbox 1471 1995 1608 2051; x_wconf 90' lang='lat' dir='ltr'><strong>Jove</strong></span> <span class='ocrx_word' id='word_1_266' title='bbox 1636 1995 1847 2052; x_wconf 88' lang='lat' dir='ltr'><strong>Semele</strong></span> <span class='ocrx_word' id='word_1_267' title='bbox 1870 1995 2060 2050; x_wconf 83' lang='lat' dir='ltr'><strong>Cadmi</strong></span> <span class='ocrx_word' id='word_1_268' title='bbox 2088 1995 2197 2049; x_wconf 86' lang='lat' dir='ltr'><strong>filia</strong></span> 
     </span>
    </p>
   </div>
   <div class='ocr_carea' id='block_1_37' title="bbox 613 2088 2197 2160">
    <p class='ocr_par' dir='ltr' id='par_1_37' title="bbox 613 2088 2197 2160">
     <span class='ocr_line' id='line_1_37' title="bbox 613 2088 2197 2160; baseline -0.004 -13"><span class='ocrx_word' id='word_1_269' title='bbox 613 2091 991 2160; x_wconf 88' lang='lat' dir='ltr'><strong>suscepisset;</strong></span> <span class='ocrx_word' id='word_1_270' title='bbox 1019 2105 1127 2160; x_wconf 92' lang='lat' dir='ltr'><strong>qua</strong></span> <span class='ocrx_word' id='word_1_271' title='bbox 1163 2088 1473 2145; x_wconf 79' lang='lat' dir='ltr'><strong>tabularum</strong></span> <span class='ocrx_word' id='word_1_272' title='bbox 1504 2090 1801 2160; x_wconf 90' lang='lat' dir='ltr'><strong>scriptores</strong></span> <span class='ocrx_word' id='word_1_273' title='bbox 1826 2089 2012 2144; x_wconf 90' lang='lat' dir='ltr'><strong>omnia</strong></span> <span class='ocrx_word' id='word_1_274' title='bbox 2045 2099 2197 2157; x_wconf 89' lang='lat' dir='ltr'><strong>post-</strong></span> 
     </span>
    </p>
   </div>
   <div class='ocr_carea' id='block_1_38' title="bbox 612 2178 2197 2252">
    <p class='ocr_par' dir='ltr' id='par_1_38' title="bbox 612 2178 2197 2252">
     <span class='ocr_line' id='line_1_38' title="bbox 612 2178 2197 2252; baseline -0.004 -14"><span class='ocrx_word' id='word_1_275' title='bbox 612 2183 836 2238; x_wconf 85' lang='lat' dir='ltr'><strong>modum</strong></span> <span class='ocrx_word' id='word_1_276' title='bbox 861 2182 1072 2237; x_wconf 87' lang='lat' dir='ltr'><strong>theatra</strong></span> <span class='ocrx_word' id='word_1_277' title='bbox 1093 2182 1508 2252; x_wconf 88' lang='lat' dir='ltr'><strong>compleverint,</strong></span> <span class='ocrx_word' id='word_1_278' title='bbox 1539 2196 1716 2251; x_wconf 91' lang='lat' dir='ltr'><strong>eoque</strong></span> <span class='ocrx_word' id='word_1_279' title='bbox 1752 2180 1968 2235; x_wconf 86' lang='lat' dir='ltr'><strong>tandem</strong></span> <span class='ocrx_word' id='word_1_280' title='bbox 1996 2178 2197 2233; x_wconf 87' lang='lat' dir='ltr'><strong>factum</strong></span> 
     </span>
    </p>
   </div>
   <div class='ocr_carea' id='block_1_39' title="bbox 613 2270 2201 2340">
    <p class='ocr_par' dir='ltr' id='par_1_39' title="bbox 613 2270 2201 2340">
     <span class='ocr_line' id='line_1_39' title="bbox 613 2270 2201 2340; baseline -0.003 -14"><span class='ocrx_word' id='word_1_281' title='bbox 613 2284 738 2326; x_wconf 88' lang='lat' dir='ltr'><strong>esse</strong></span> <span class='ocrx_word' id='word_1_282' title='bbox 760 2311 776 2336; x_wconf 92' lang='lat'><strong>,</strong></span> <span class='ocrx_word' id='word_1_283' title='bbox 807 2279 869 2325; x_wconf 91' lang='lat' dir='ltr'><strong>ut</strong></span> <span class='ocrx_word' id='word_1_284' title='bbox 907 2280 1171 2326; x_wconf 89' lang='lat' dir='ltr'><strong>constans</strong></span> <span class='ocrx_word' id='word_1_285' title='bbox 1203 2270 1323 2340; x_wconf 85' lang='lat' dir='ltr'><strong>ejus</strong></span> <span class='ocrx_word' id='word_1_286' title='bbox 1352 2280 1407 2326; x_wconf 90' lang='lat' dir='ltr'><strong>et</strong></span> <span class='ocrx_word' id='word_1_287' title='bbox 1437 2272 1765 2326; x_wconf 87' lang='lat' dir='ltr'><strong>inconcussa</strong></span> <span class='ocrx_word' id='word_1_288' title='bbox 1795 2270 1929 2324; x_wconf 83' lang='lat' dir='ltr'><strong>ﬁdes</strong></span> <span class='ocrx_word' id='word_1_289' title='bbox 1956 2279 2201 2338; x_wconf 78' lang='lat' dir='ltr'><strong>postero-</strong></span> 
     </span>
    </p>
   </div>
   <div class='ocr_carea' id='block_1_40' title="bbox 613 2355 2201 2425">
    <p class='ocr_par' dir='ltr' id='par_1_40' title="bbox 613 2355 2201 2425">
     <span class='ocr_line' id='line_1_40' title="bbox 613 2355 2201 2425; baseline -0.003 -12"><span class='ocrx_word' id='word_1_290' title='bbox 613 2374 741 2415; x_wconf 88' lang='lat' dir='ltr'><strong>rum</strong></span> <span class='ocrx_word' id='word_1_291' title='bbox 787 2360 1064 2414; x_wconf 85' lang='lat' dir='ltr'><strong>mentibus</strong></span> <span class='ocrx_word' id='word_1_292' title='bbox 1111 2358 1389 2414; x_wconf 86' lang='lat' dir='ltr'><strong>insideret.</strong></span> <span class='ocrx_word' id='word_1_293' title='bbox 1445 2356 1589 2425; x_wconf 86' lang='lat' dir='ltr'><strong>Quiu</strong></span> <span class='ocrx_word' id='word_1_294' title='bbox 1638 2358 1802 2412; x_wconf 85' lang='lat' dir='ltr'><strong>etiam</strong></span> <span class='ocrx_word' id='word_1_295' title='bbox 1844 2355 2062 2411; x_wconf 50' lang='lat' dir='ltr'><strong>Graecos</strong></span> <span class='ocrx_word' id='word_1_296' title='bbox 2090 2395 2105 2421; x_wconf 89' lang='lat'><strong>,</strong></span> <span class='ocrx_word' id='word_1_297' title='bbox 2141 2364 2201 2408; x_wconf 92' lang='lat' dir='ltr'><strong>ut</strong></span> 
     </span>
    </p>
   </div>
   <div class='ocr_carea' id='block_1_41' title="bbox 613 2447 2202 2520">
    <p class='ocr_par' dir='ltr' id='par_1_41' title="bbox 613 2447 2202 2520">
     <span class='ocr_line' id='line_1_41' title="bbox 613 2447 2202 2520; baseline -0.002 -14"><span class='ocrx_word' id='word_1_298' title='bbox 613 2452 782 2507; x_wconf 88' lang='lat' dir='ltr'><strong>verbo</strong></span> <span class='ocrx_word' id='word_1_299' title='bbox 814 2450 1014 2514; x_wconf 88' lang='lat' dir='ltr'><strong>dicam,</strong></span> <span class='ocrx_word' id='word_1_300' title='bbox 1050 2450 1436 2506; x_wconf 85' lang='lat' dir='ltr'><strong>celeberrimos</strong></span> <span class='ocrx_word' id='word_1_301' title='bbox 1461 2464 1710 2520; x_wconf 91' lang='lat' dir='ltr'><strong>quosque</strong></span> <span class='ocrx_word' id='word_1_302' title='bbox 1738 2449 1894 2504; x_wconf 87' lang='lat' dir='ltr'><strong>aiunt</strong></span> <span class='ocrx_word' id='word_1_303' title='bbox 1921 2447 2202 2520; x_wconf 68' lang='lat' dir='ltr'><strong>Egyptio-</strong></span> 
     </span>
    </p>
   </div>
   <div class='ocr_carea' id='block_1_42' title="bbox 613 2541 2199 2613">
    <p class='ocr_par' dir='ltr' id='par_1_42' title="bbox 613 2541 2199 2613">
     <span class='ocr_line' id='line_1_42' title="bbox 613 2541 2199 2613; baseline -0.001 -15"><span class='ocrx_word' id='word_1_304' title='bbox 613 2558 738 2598; x_wconf 88' lang='lat' dir='ltr'><strong>rum</strong></span> <span class='ocrx_word' id='word_1_305' title='bbox 770 2543 970 2597; x_wconf 86' lang='lat' dir='ltr'><strong>heroas</strong></span> <span class='ocrx_word' id='word_1_306' title='bbox 1000 2550 1166 2612; x_wconf 90' lang='lat' dir='ltr'><strong>atque</strong></span> <span class='ocrx_word' id='word_1_307' title='bbox 1209 2541 1344 2597; x_wconf 88' lang='lat' dir='ltr'><strong>deos</strong></span> <span class='ocrx_word' id='word_1_308' title='bbox 1372 2542 1477 2598; x_wconf 88' lang='lat' dir='ltr'><strong>sibi</strong></span> <span class='ocrx_word' id='word_1_309' title='bbox 1508 2551 1766 2613; x_wconf 89' lang='lat' dir='ltr'><strong>tanquam</strong></span> <span class='ocrx_word' id='word_1_310' title='bbox 1798 2543 2051 2612; x_wconf 89' lang='lat' dir='ltr'><strong>proprios</strong></span> <span class='ocrx_word' id='word_1_311' title='bbox 2075 2542 2199 2596; x_wconf 89' lang='lat' dir='ltr'><strong>vin-</strong></span> 
     </span>
    </p>
   </div>
   <div class='ocr_carea' id='block_1_43' title="bbox 614 2632 2201 2706">
    <p class='ocr_par' dir='ltr' id='par_1_43' title="bbox 614 2632 2201 2706">
     <span class='ocr_line' id='line_1_43' title="bbox 614 2632 2201 2706; baseline -0.001 -14"><span class='ocrx_word' id='word_1_312' title='bbox 614 2636 851 2692; x_wconf 86' lang='lat' dir='ltr'><strong>dicasse.</strong></span> <span class='ocrx_word' id='word_1_313' title='bbox 904 2632 1040 2689; x_wconf 86' lang='lat' dir='ltr'><strong>Nam</strong></span> <span class='ocrx_word' id='word_1_314' title='bbox 1089 2632 1375 2690; x_wconf 84' lang='lat' dir='ltr'><strong>Herculem</strong></span> <span class='ocrx_word' id='word_1_315' title='bbox 1417 2635 1626 2701; x_wconf 86' lang='lat' dir='ltr'><strong>etiam,</strong></span> <span class='ocrx_word' id='word_1_316' title='bbox 1675 2632 1964 2706; x_wconf 67' lang='lat' dir='ltr'><strong>Egyptius</strong></span> <span class='ocrx_word' id='word_1_317' title='bbox 2003 2648 2201 2705; x_wconf 89' lang='lat' dir='ltr'><strong>genere</strong></span> 
     </span>
    </p>
   </div>
   <div class='ocr_carea' id='block_1_44' title="bbox 615 2725 2197 2797">
    <p class='ocr_par' dir='ltr' id='par_1_44' title="bbox 615 2725 2197 2797">
     <span class='ocr_line' id='line_1_44' title="bbox 615 2725 2197 2797; baseline -0.001 -14"><span class='ocrx_word' id='word_1_318' title='bbox 615 2742 742 2783; x_wconf 88' lang='lat' dir='ltr'><strong>cum</strong></span> <span class='ocrx_word' id='word_1_319' title='bbox 775 2736 957 2793; x_wconf 82' lang='lat' dir='ltr'><strong>esset,</strong></span> <span class='ocrx_word' id='word_1_320' title='bbox 991 2742 1059 2783; x_wconf 91' lang='lat' dir='ltr'><strong>ac</strong></span> <span class='ocrx_word' id='word_1_321' title='bbox 1104 2726 1370 2797; x_wconf 79' lang='lat' dir='ltr'><strong>singulari</strong></span> <span class='ocrx_word' id='word_1_322' title='bbox 1404 2725 1723 2782; x_wconf 86' lang='lat' dir='ltr'><strong>fortitudine</strong></span> <span class='ocrx_word' id='word_1_323' title='bbox 1751 2725 2012 2797; x_wconf 64' lang='lat' dir='ltr'><strong>praeditus</strong></span> <span class='ocrx_word' id='word_1_324' title='bbox 2033 2764 2048 2789; x_wconf 91' lang='lat'><strong>,</strong></span> <span class='ocrx_word' id='word_1_325' title='bbox 2077 2741 2197 2781; x_wconf 88' lang='lat' dir='ltr'><strong>ma-</strong></span> 
     </span>
    </p>
   </div>
   <div class='ocr_carea' id='block_1_45' title="bbox 615 2817 2198 2891">
    <p class='ocr_par' dir='ltr' id='par_1_45' title="bbox 615 2817 2198 2891">
     <span class='ocr_line' id='line_1_45' title="bbox 615 2817 2198 2891; baseline -0.001 -18"><span class='ocrx_word' id='word_1_326' title='bbox 615 2834 779 2891; x_wconf 88' lang='lat' dir='ltr'><strong>gnam</strong></span> <span class='ocrx_word' id='word_1_327' title='bbox 837 2818 988 2874; x_wconf 89' lang='lat' dir='ltr'><strong>orbis</strong></span> <span class='ocrx_word' id='word_1_328' title='bbox 1048 2828 1320 2873; x_wconf 84' lang='lat' dir='ltr'><strong>terrarum</strong></span> <span class='ocrx_word' id='word_1_329' title='bbox 1379 2829 1591 2889; x_wconf 83' lang='lat' dir='ltr'><strong>partem</strong></span> <span class='ocrx_word' id='word_1_330' title='bbox 1641 2819 1885 2886; x_wconf 84' lang='lat' dir='ltr'><strong>obiisse;</strong></span> <span class='ocrx_word' id='word_1_331' title='bbox 1946 2817 2198 2874; x_wconf 89' lang='lat' dir='ltr'><strong>eumdem</strong></span> 
     </span>
    </p>
   </div>
   <div class='ocr_carea' id='block_1_46' title="bbox 612 2907 2196 2979">
    <p class='ocr_par' dir='ltr' id='par_1_46' title="bbox 612 2907 2196 2979">
     <span class='ocr_line' id='line_1_46' title="bbox 612 2907 2196 2979; baseline -0.001 -18"><span class='ocrx_word' id='word_1_332' title='bbox 612 2913 797 2962; x_wconf 88' lang='lat' dir='ltr'><strong>tamen</strong></span> <span class='ocrx_word' id='word_1_333' title='bbox 842 2910 1003 2977; x_wconf 86' lang='lat' dir='ltr'><strong>quasi</strong></span> <span class='ocrx_word' id='word_1_334' title='bbox 1030 2907 1279 2963; x_wconf 68' lang='lat' dir='ltr'><strong>Graecum</strong></span> <span class='ocrx_word' id='word_1_335' title='bbox 1317 2924 1347 2962; x_wconf 88' lang='lat' dir='ltr'><strong>a</strong></span> <span class='ocrx_word' id='word_1_336' title='bbox 1382 2908 1588 2964; x_wconf 70' lang='lat' dir='ltr'><strong>Graecis</strong></span> <span class='ocrx_word' id='word_1_337' title='bbox 1622 2909 1907 2979; x_wconf 63' lang='lat' dir='ltr'><strong>praedicari</strong></span> <span class='ocrx_word' id='word_1_338' title='bbox 1935 2949 1951 2975; x_wconf 92' lang='lat'><strong>,</strong></span> <span class='ocrx_word' id='word_1_339' title='bbox 1983 2907 2196 2963; x_wconf 83' lang='lat' dir='ltr'><strong>tametsi</strong></span> 
     </span>
    </p>
   </div>
   <div class='ocr_carea' id='block_1_47' title="bbox 613 2998 2194 3071">
    <p class='ocr_par' dir='ltr' id='par_1_47' title="bbox 613 2998 2194 3071">
     <span class='ocr_line' id='line_1_47' title="bbox 613 2998 2194 3071; baseline -0.002 -17"><span class='ocrx_word' id='word_1_340' title='bbox 613 2998 772 3071; x_wconf 86' lang='lat' dir='ltr'><strong>longe</strong></span> <span class='ocrx_word' id='word_1_341' title='bbox 802 3001 874 3054; x_wconf 90' lang='lat' dir='ltr'><strong>ab</strong></span> <span class='ocrx_word' id='word_1_342' title='bbox 922 3000 1094 3055; x_wconf 82' lang='lat' dir='ltr'><strong>altero</strong></span> <span class='ocrx_word' id='word_1_343' title='bbox 1125 3001 1364 3070; x_wconf 89' lang='lat' dir='ltr'><strong>quodam</strong></span> <span class='ocrx_word' id='word_1_344' title='bbox 1409 2998 1638 3055; x_wconf 85' lang='lat' dir='ltr'><strong>llercule</strong></span> <span class='ocrx_word' id='word_1_345' title='bbox 1683 2999 1961 3055; x_wconf 85' lang='lat' dir='ltr'><strong>diversum</strong></span> <span class='ocrx_word' id='word_1_346' title='bbox 1984 3038 2001 3063; x_wconf 87' lang='lat'><strong>,</strong></span> <span class='ocrx_word' id='word_1_347' title='bbox 2032 3013 2194 3069; x_wconf 90' lang='lat' dir='ltr'><strong>quem</strong></span> 
     </span>
    </p>
   </div>
   <div class='ocr_carea' id='block_1_48' title="bbox 613 3089 2192 3163">
    <p class='ocr_par' dir='ltr' id='par_1_48' title="bbox 613 3089 2192 3163">
     <span class='ocr_line' id='line_1_48' title="bbox 613 3089 2192 3163; baseline -0.002 -16"><span class='ocrx_word' id='word_1_348' title='bbox 613 3091 671 3147; x_wconf 88' lang='lat' dir='ltr'><strong>in</strong></span> <span class='ocrx_word' id='word_1_349' title='bbox 720 3089 928 3147; x_wconf 69' lang='lat' dir='ltr'><strong>Graecia</strong></span> <span class='ocrx_word' id='word_1_350' title='bbox 970 3091 1158 3147; x_wconf 87' lang='lat' dir='ltr'><strong>multis</strong></span> <span class='ocrx_word' id='word_1_351' title='bbox 1187 3102 1311 3162; x_wconf 91' lang='lat' dir='ltr'><strong>post</strong></span> <span class='ocrx_word' id='word_1_352' title='bbox 1342 3092 1559 3146; x_wconf 69' lang='lat' dir='ltr'><strong>saeculis</strong></span> <span class='ocrx_word' id='word_1_353' title='bbox 1608 3091 1869 3145; x_wconf 82' lang='lat' dir='ltr'><strong>Alcmena</strong></span> <span class='ocrx_word' id='word_1_354' title='bbox 1902 3089 2192 3163; x_wconf 88' lang='lat' dir='ltr'><strong>pepererit.</strong></span> 
     </span>
    </p>
   </div>
   <div class='ocr_carea' id='block_1_49' title="bbox 611 3179 2192 3252">
    <p class='ocr_par' dir='ltr' id='par_1_49' title="bbox 611 3179 2192 3252">
     <span class='ocr_line' id='line_1_49' title="bbox 611 3179 2192 3252; baseline -0.001 -17"><span class='ocrx_word' id='word_1_355' title='bbox 611 3180 834 3236; x_wconf 80' lang='lat' dir='ltr'><strong>Addunt</strong></span> <span class='ocrx_word' id='word_1_356' title='bbox 861 3179 1118 3237; x_wconf 85' lang='lat' dir='ltr'><strong>Perseum</strong></span> <span class='ocrx_word' id='word_1_357' title='bbox 1150 3197 1370 3252; x_wconf 89' lang='lat' dir='ltr'><strong>quoque</strong></span> <span class='ocrx_word' id='word_1_358' title='bbox 1396 3182 1574 3237; x_wconf 87' lang='lat' dir='ltr'><strong>lucem</strong></span> <span class='ocrx_word' id='word_1_359' title='bbox 1603 3181 1659 3235; x_wconf 91' lang='lat' dir='ltr'><strong>in</strong></span> <span class='ocrx_word' id='word_1_360' title='bbox 1688 3179 1925 3252; x_wconf 65' lang='lat' dir='ltr'><strong>Egypto</strong></span> <span class='ocrx_word' id='word_1_361' title='bbox 1956 3181 2192 3251; x_wconf 89' lang='lat' dir='ltr'><strong>primum</strong></span> 
     </span>
    </p>
   </div>
   <div class='ocr_carea' id='block_1_50' title="bbox 613 3271 2196 3342">
    <p class='ocr_par' dir='ltr' id='par_1_50' title="bbox 613 3271 2196 3342">
     <span class='ocr_line' id='line_1_50' title="bbox 613 3271 2196 3342; baseline 0.001 -17"><span class='ocrx_word' id='word_1_362' title='bbox 613 3272 934 3341; x_wconf 75' lang='lat' dir='ltr'><strong>aspexisse,</strong></span> <span class='ocrx_word' id='word_1_363' title='bbox 969 3281 1025 3326; x_wconf 84' lang='lat' dir='ltr'><strong>et</strong></span> <span class='ocrx_word' id='word_1_364' title='bbox 1072 3271 1361 3341; x_wconf 87' lang='lat' dir='ltr'><strong>ipsiusmet</strong></span> <span class='ocrx_word' id='word_1_365' title='bbox 1406 3272 1565 3328; x_wconf 84' lang='lat' dir='ltr'><strong>Isidis</strong></span> <span class='ocrx_word' id='word_1_366' title='bbox 1595 3272 1862 3342; x_wconf 77' lang='lat' dir='ltr'><strong>originem</strong></span> <span class='ocrx_word' id='word_1_367' title='bbox 1909 3288 1942 3327; x_wconf 91' lang='lat' dir='ltr'><strong>a</strong></span> <span class='ocrx_word' id='word_1_368' title='bbox 1990 3271 2196 3327; x_wconf 66' lang='lat' dir='ltr'><strong>Graecis</strong></span> 
     </span>
    </p>
   </div>
   <div class='ocr_carea' id='block_1_51' title="bbox 614 3362 2195 3434">
    <p class='ocr_par' dir='ltr' id='par_1_51' title="bbox 614 3362 2195 3434">
     <span class='ocr_line' id='line_1_51' title="bbox 614 3362 2195 3434; baseline -0.002 -13"><span class='ocrx_word' id='word_1_369' title='bbox 614 3363 934 3420; x_wconf 81' lang='lat' dir='ltr'><strong>hominibus</strong></span> <span class='ocrx_word' id='word_1_370' title='bbox 960 3362 1282 3417; x_wconf 81' lang='lat' dir='ltr'><strong>translatam</strong></span> <span class='ocrx_word' id='word_1_371' title='bbox 1301 3364 1476 3431; x_wconf 77' lang='lat' dir='ltr'><strong>Argos</strong></span> <span class='ocrx_word' id='word_1_372' title='bbox 1498 3362 1687 3426; x_wconf 80' lang='lat' dir='ltr'><strong>fuisse,</strong></span> <span class='ocrx_word' id='word_1_373' title='bbox 1713 3365 1806 3434; x_wconf 89' lang='lat' dir='ltr'><strong>qui</strong></span> <span class='ocrx_word' id='word_1_374' title='bbox 1827 3365 1969 3419; x_wconf 83' lang='lat' dir='ltr'><strong>hanc</strong></span> <span class='ocrx_word' id='word_1_375' title='bbox 1998 3365 2195 3433; x_wconf 89' lang='lat' dir='ltr'><strong>ipsam,</strong></span> 
     </span>
    </p>
   </div>
   <div class='ocr_carea' id='block_1_52' title="bbox 615 3454 2201 3526">
    <p class='ocr_par' dir='ltr' id='par_1_52' title="bbox 615 3454 2201 3526">
     <span class='ocr_line' id='line_1_52' title="bbox 615 3454 2201 3526; baseline -0.002 -13"><span class='ocrx_word' id='word_1_376' title='bbox 615 3455 673 3515; x_wconf 91' lang='lat' dir='ltr'><strong>lo</strong></span> <span class='ocrx_word' id='word_1_377' title='bbox 701 3457 857 3512; x_wconf 81' lang='lat' dir='ltr'><strong>bovis</strong></span> <span class='ocrx_word' id='word_1_378' title='bbox 880 3457 934 3510; x_wconf 92' lang='lat' dir='ltr'><strong>in</strong></span> <span class='ocrx_word' id='word_1_379' title='bbox 980 3455 1210 3526; x_wconf 80' lang='lat' dir='ltr'><strong>figuram</strong></span> <span class='ocrx_word' id='word_1_380' title='bbox 1240 3454 1536 3525; x_wconf 87' lang='lat' dir='ltr'><strong>aliquando</strong></span> <span class='ocrx_word' id='word_1_381' title='bbox 1569 3466 1836 3510; x_wconf 89' lang='lat' dir='ltr'><strong>mutatam</strong></span> <span class='ocrx_word' id='word_1_382' title='bbox 1882 3472 2004 3512; x_wconf 86' lang='lat' dir='ltr'><strong>esse</strong></span> <span class='ocrx_word' id='word_1_383' title='bbox 2041 3456 2201 3512; x_wconf 81' lang='lat' dir='ltr'><strong>fabu-</strong></span> 
     </span>
    </p>
   </div>
   <div class='ocr_carea' id='block_1_53' title="bbox 617 3545 2197 3615">
    <p class='ocr_par' dir='ltr' id='par_1_53' title="bbox 617 3545 2197 3615">
     <span class='ocr_line' id='line_1_53' title="bbox 617 3545 2197 3615; baseline 0 -11"><span class='ocrx_word' id='word_1_384' title='bbox 617 3549 798 3604; x_wconf 66' lang='lat' dir='ltr'><strong>lentus</strong></span> <span class='ocrx_word' id='word_1_385' title='bbox 823 3566 839 3615; x_wconf 90' lang='lat'><strong>;</strong></span> <span class='ocrx_word' id='word_1_386' title='bbox 870 3564 994 3603; x_wconf 84' lang='lat' dir='ltr'><strong>cum</strong></span> <span class='ocrx_word' id='word_1_387' title='bbox 1021 3549 1267 3601; x_wconf 90' lang='lat' dir='ltr'><strong>eamdem</strong></span> <span class='ocrx_word' id='word_1_388' title='bbox 1297 3555 1478 3601; x_wconf 90' lang='lat' dir='ltr'><strong>tamen</strong></span> <span class='ocrx_word' id='word_1_389' title='bbox 1511 3545 1616 3603; x_wconf 90' lang='lat' dir='ltr'><strong>Isin</strong></span> <span class='ocrx_word' id='word_1_390' title='bbox 1644 3548 1759 3611; x_wconf 88' lang='lat' dir='ltr'><strong>alii,</strong></span> <span class='ocrx_word' id='word_1_391' title='bbox 1791 3548 1886 3602; x_wconf 88' lang='lat' dir='ltr'><strong>alii</strong></span> <span class='ocrx_word' id='word_1_392' title='bbox 1916 3548 2197 3611; x_wconf 79' lang='lat' dir='ltr'><strong>Cererem.</strong></span> 
     </span>
    </p>
   </div>
   <div class='ocr_carea' id='block_1_54' title="bbox 618 3638 2198 3709">
    <p class='ocr_par' dir='ltr' id='par_1_54' title="bbox 618 3638 2198 3709">
     <span class='ocr_line' id='line_1_54' title="bbox 618 3638 2198 3709; baseline 0.001 -15"><span class='ocrx_word' id='word_1_393' title='bbox 618 3638 1104 3708; x_wconf 78' lang='lat' dir='ltr'><strong>Tliesmoplioron,</strong></span> <span class='ocrx_word' id='word_1_394' title='bbox 1137 3639 1239 3693; x_wconf 90' lang='lat' dir='ltr'><strong>hoc</strong></span> <span class='ocrx_word' id='word_1_395' title='bbox 1283 3649 1370 3693; x_wconf 87' lang='lat' dir='ltr'><strong>est</strong></span> <span class='ocrx_word' id='word_1_396' title='bbox 1412 3638 1688 3709; x_wconf 81' lang='lat' dir='ltr'><strong>legiferam</strong></span> <span class='ocrx_word' id='word_1_397' title='bbox 1714 3679 1729 3704; x_wconf 92' lang='lat'><strong>,</strong></span> <span class='ocrx_word' id='word_1_398' title='bbox 1775 3640 1869 3694; x_wconf 87' lang='lat' dir='ltr'><strong>alii</strong></span> <span class='ocrx_word' id='word_1_399' title='bbox 1898 3681 1915 3707; x_wconf 91' lang='lat'><strong>,</strong></span> <span class='ocrx_word' id='word_1_400' title='bbox 1950 3641 2198 3695; x_wconf 88' lang='lat' dir='ltr'><strong>nonnulli</strong></span> 
     </span>
    </p>
   </div>
   <div class='ocr_carea' id='block_1_55' title="bbox 617 3729 2199 3801">
    <p class='ocr_par' dir='ltr' id='par_1_55' title="bbox 617 3729 2199 3801">
     <span class='ocr_line' id='line_1_55' title="bbox 617 3729 2199 3801; baseline 0.001 -16"><span class='ocrx_word' id='word_1_401' title='bbox 617 3730 831 3786; x_wconf 81' lang='lat' dir='ltr'><strong>Lunam</strong></span> <span class='ocrx_word' id='word_1_402' title='bbox 851 3770 867 3796; x_wconf 87' lang='lat'><strong>,</strong></span> <span class='ocrx_word' id='word_1_403' title='bbox 895 3733 989 3786; x_wconf 89' lang='lat' dir='ltr'><strong>alii</strong></span> <span class='ocrx_word' id='word_1_404' title='bbox 1018 3732 1254 3801; x_wconf 90' lang='lat' dir='ltr'><strong>denique</strong></span> <span class='ocrx_word' id='word_1_405' title='bbox 1279 3729 1551 3785; x_wconf 90' lang='lat' dir='ltr'><strong>Junonem</strong></span> <span class='ocrx_word' id='word_1_406' title='bbox 1581 3746 1704 3787; x_wconf 89' lang='lat' dir='ltr'><strong>esse</strong></span> <span class='ocrx_word' id='word_1_407' title='bbox 1734 3732 2045 3801; x_wconf 90' lang='lat' dir='ltr'><strong>oplnentur.</strong></span> <span class='ocrx_word' id='word_1_408' title='bbox 2074 3732 2199 3788; x_wconf 82' lang='lat' dir='ltr'><strong>Osi-</strong></span> 
     </span>
    </p>
   </div>
   <div class='ocr_carea' id='block_1_56' title="bbox 617 3824 2194 3897">
    <p class='ocr_par' dir='ltr' id='par_1_56' title="bbox 617 3824 2194 3897">
     <span class='ocr_line' id='line_1_56' title="bbox 617 3824 2194 3897; baseline 0.004 -18"><span class='ocrx_word' id='word_1_409' title='bbox 617 3826 705 3879; x_wconf 88' lang='lat' dir='ltr'><strong>rin</strong></span> <span class='ocrx_word' id='word_1_410' title='bbox 729 3835 909 3880; x_wconf 84' lang='lat' dir='ltr'><strong>autem</strong></span> <span class='ocrx_word' id='word_1_411' title='bbox 940 3841 969 3880; x_wconf 91' lang='lat' dir='ltr'><strong>a</strong></span> <span class='ocrx_word' id='word_1_412' title='bbox 991 3827 1323 3895; x_wconf 88' lang='lat' dir='ltr'><strong>quibusdam</strong></span> <span class='ocrx_word' id='word_1_413' title='bbox 1357 3824 1609 3896; x_wconf 87' lang='lat' dir='ltr'><strong>Sarapin,</strong></span> <span class='ocrx_word' id='word_1_414' title='bbox 1638 3825 1913 3882; x_wconf 84' lang='lat' dir='ltr'><strong>Bacchum</strong></span> <span class='ocrx_word' id='word_1_415' title='bbox 1941 3829 2013 3884; x_wconf 87' lang='lat' dir='ltr'><strong>ab</strong></span> <span class='ocrx_word' id='word_1_416' title='bbox 2035 3830 2158 3886; x_wconf 91' lang='lat' dir='ltr'><strong>aliis</strong></span> <span class='ocrx_word' id='word_1_417' title='bbox 2177 3872 2194 3897; x_wconf 96' lang='lat'><strong>,</strong></span> 
     </span>
    </p>
   </div>
   <div class='ocr_carea' id='block_1_57' title="bbox 617 3915 2196 3989">
    <p class='ocr_par' dir='ltr' id='par_1_57' title="bbox 617 3915 2196 3989">
     <span class='ocr_line' id='line_1_57' title="bbox 617 3915 2196 3989; baseline 0.004 -18"><span class='ocrx_word' id='word_1_418' title='bbox 617 3932 650 3971; x_wconf 87' lang='lat' dir='ltr'><strong>a</strong></span> <span class='ocrx_word' id='word_1_419' title='bbox 702 3917 981 3972; x_wconf 82' lang='lat' dir='ltr'><strong>nonnullis</strong></span> <span class='ocrx_word' id='word_1_420' title='bbox 1032 3915 1364 3981; x_wconf 87' lang='lat' dir='ltr'><strong>Plutonem,</strong></span> <span class='ocrx_word' id='word_1_421' title='bbox 1412 3916 1483 3971; x_wconf 89' lang='lat' dir='ltr'><strong>ab</strong></span> <span class='ocrx_word' id='word_1_422' title='bbox 1531 3918 1656 3973; x_wconf 87' lang='lat' dir='ltr'><strong>aliis</strong></span> <span class='ocrx_word' id='word_1_423' title='bbox 1694 3918 2059 3989; x_wconf 79' lang='lat' dir='ltr'><strong>Ammonem,</strong></span> <span class='ocrx_word' id='word_1_424' title='bbox 2111 3923 2196 3978; x_wconf 88' lang='lat' dir='ltr'><strong>vel</strong></span> 
     </span>
    </p>
   </div>
   <div class='ocr_carea' id='block_1_58' title="bbox 617 4007 2195 4071">
    <p class='ocr_par' dir='ltr' id='par_1_58' title="bbox 617 4007 2195 4071">
     <span class='ocr_line' id='line_1_58' title="bbox 617 4007 2195 4071; baseline 0.004 -9"><span class='ocrx_word' id='word_1_425' title='bbox 617 4007 845 4071; x_wconf 79' lang='lat' dir='ltr'><strong>Jovem,</strong></span> <span class='ocrx_word' id='word_1_426' title='bbox 869 4009 955 4064; x_wconf 82' lang='lat' dir='ltr'><strong>vel</strong></span> <span class='ocrx_word' id='word_1_427' title='bbox 986 4007 1135 4063; x_wconf 88' lang='lat' dir='ltr'><strong>Pana</strong></span> <span class='ocrx_word' id='word_1_428' title='bbox 1169 4010 1491 4065; x_wconf 79' lang='lat' dir='ltr'><strong>existimari.</strong></span> <span class='ocrx_word' id='word_1_429' title='bbox 1528 4008 1650 4065; x_wconf 89' lang='lat' dir='ltr'><strong>Jam</strong></span> <span class='ocrx_word' id='word_1_430' title='bbox 1680 4011 1751 4066; x_wconf 91' lang='lat' dir='ltr'><strong>ab</strong></span> <span class='ocrx_word' id='word_1_431' title='bbox 1782 4010 1923 4068; x_wconf 84' lang='lat' dir='ltr'><strong>Iside</strong></span> <span class='ocrx_word' id='word_1_432' title='bbox 1957 4014 2195 4070; x_wconf 85' lang='lat' dir='ltr'><strong>remedia</strong></span> 
     </span>
    </p>
   </div>
   <div class='ocr_carea' id='block_1_59' title="bbox 618 4102 2194 4172">
    <p class='ocr_par' dir='ltr' id='par_1_59' title="bbox 618 4102 2194 4172">
     <span class='ocr_line' id='line_1_59' title="bbox 618 4102 2194 4172; baseline 0.004 -17"><span class='ocrx_word' id='word_1_433' title='bbox 618 4102 882 4172; x_wconf 88' lang='lat' dir='ltr'><strong>pleraque</strong></span> <span class='ocrx_word' id='word_1_434' title='bbox 913 4102 1200 4172; x_wconf 88' lang='lat' dir='ltr'><strong>ipsamque</strong></span> <span class='ocrx_word' id='word_1_435' title='bbox 1225 4106 1364 4158; x_wconf 90' lang='lat' dir='ltr'><strong>adeo</strong></span> <span class='ocrx_word' id='word_1_436' title='bbox 1400 4104 1683 4159; x_wconf 66' lang='lat' dir='ltr'><strong>medicinae</strong></span> <span class='ocrx_word' id='word_1_437' title='bbox 1714 4115 1886 4159; x_wconf 89' lang='lat' dir='ltr'><strong>artem</strong></span> <span class='ocrx_word' id='word_1_438' title='bbox 1920 4106 2194 4163; x_wconf 84' lang='lat' dir='ltr'><strong>inventam</strong></span> 
     </span>
    </p>
   </div>
   <div class='ocr_carea' id='block_1_60' title="bbox 616 4193 2191 4268">
    <p class='ocr_par' dir='ltr' id='par_1_60' title="bbox 616 4193 2191 4268">
     <span class='ocr_line' id='line_1_60' title="bbox 616 4193 2191 4268; baseline 0.003 -20"><span class='ocrx_word' id='word_1_439' title='bbox 616 4207 738 4248; x_wconf 88' lang='lat' dir='ltr'><strong>esse</strong></span> <span class='ocrx_word' id='word_1_440' title='bbox 767 4193 1019 4261; x_wconf 85' lang='lat' dir='ltr'><strong>tradunt,</strong></span> <span class='ocrx_word' id='word_1_441' title='bbox 1048 4210 1113 4249; x_wconf 91' lang='lat' dir='ltr'><strong>ac</strong></span> <span class='ocrx_word' id='word_1_442' title='bbox 1141 4195 1305 4250; x_wconf 85' lang='lat' dir='ltr'><strong>simul</strong></span> <span class='ocrx_word' id='word_1_443' title='bbox 1336 4197 1762 4253; x_wconf 88' lang='lat' dir='ltr'><strong>immortalitatis</strong></span> <span class='ocrx_word' id='word_1_444' title='bbox 1794 4199 2148 4268; x_wconf 75' lang='lat' dir='ltr'><strong>pliarmacum</strong></span> <span class='ocrx_word' id='word_1_445' title='bbox 2176 4217 2191 4266; x_wconf 87' lang='lat'><strong>;</strong></span> 
     </span>
    </p>
   </div>
   <div class='ocr_carea' id='block_1_61' title="bbox 614 4283 2196 4357">
    <p class='ocr_par' dir='ltr' id='par_1_61' title="bbox 614 4283 2196 4357">
     <span class='ocr_line' id='line_1_61' title="bbox 614 4283 2196 4357; baseline 0.003 -18"><span class='ocrx_word' id='word_1_446' title='bbox 614 4286 776 4355; x_wconf 90' lang='lat' dir='ltr'><strong>cujus</strong></span> <span class='ocrx_word' id='word_1_447' title='bbox 826 4285 914 4339; x_wconf 92' lang='lat' dir='ltr'><strong>illa</strong></span> <span class='ocrx_word' id='word_1_448' title='bbox 946 4284 1002 4339; x_wconf 90' lang='lat' dir='ltr'><strong>vi</strong></span> <span class='ocrx_word' id='word_1_449' title='bbox 1048 4283 1221 4341; x_wconf 89' lang='lat' dir='ltr'><strong>Orum</strong></span> <span class='ocrx_word' id='word_1_450' title='bbox 1273 4287 1444 4341; x_wconf 88' lang='lat' dir='ltr'><strong>lilium</strong></span> <span class='ocrx_word' id='word_1_451' title='bbox 1478 4303 1644 4357; x_wconf 90' lang='lat' dir='ltr'><strong>quem</strong></span> <span class='ocrx_word' id='word_1_452' title='bbox 1692 4286 1947 4343; x_wconf 82' lang='lat' dir='ltr'><strong>Titanum</strong></span> <span class='ocrx_word' id='word_1_453' title='bbox 1984 4290 2196 4346; x_wconf 83' lang='lat' dir='ltr'><strong>insidiis</strong></span> 
     </span>
    </p>
   </div>
   <div class='ocr_carea' id='block_1_62' title="bbox 614 4379 2192 4451">
    <p class='ocr_par' dir='ltr' id='par_1_62' title="bbox 614 4379 2192 4451">
     <span class='ocr_line' id='line_1_62' title="bbox 614 4379 2192 4451; baseline 0.003 -19"><span class='ocrx_word' id='word_1_454' title='bbox 614 4385 905 4448; x_wconf 76' lang='lat' dir='ltr'><strong>exceptum</strong></span> <span class='ocrx_word' id='word_1_455' title='bbox 930 4417 948 4443; x_wconf 89' lang='lat'><strong>,</strong></span> <span class='ocrx_word' id='word_1_456' title='bbox 995 4392 1061 4433; x_wconf 90' lang='lat' dir='ltr'><strong>ac</strong></span> <span class='ocrx_word' id='word_1_457' title='bbox 1110 4386 1386 4433; x_wconf 89' lang='lat' dir='ltr'><strong>mortuum</strong></span> <span class='ocrx_word' id='word_1_458' title='bbox 1423 4379 1477 4434; x_wconf 91' lang='lat' dir='ltr'><strong>in</strong></span> <span class='ocrx_word' id='word_1_459' title='bbox 1523 4381 1682 4450; x_wconf 88' lang='lat' dir='ltr'><strong>aquis</strong></span> <span class='ocrx_word' id='word_1_460' title='bbox 1728 4392 2003 4451; x_wconf 85' lang='lat' dir='ltr'><strong>repertum</strong></span> <span class='ocrx_word' id='word_1_461' title='bbox 2031 4421 2047 4449; x_wconf 90' lang='lat'><strong>,</strong></span> <span class='ocrx_word' id='word_1_462' title='bbox 2082 4398 2192 4436; x_wconf 90' lang='lat' dir='ltr'><strong>non</strong></span> 
     </span>
    </p>
   </div>
   <div class='ocr_carea' id='block_1_63' title="bbox 2303 1904 3886 1980">
    <p class='ocr_par' dir='ltr' id='par_1_63' title="bbox 2303 1904 3886 1980">
     <span class='ocr_line' id='line_1_63' title="bbox 2303 1904 3886 1980; baseline 0.003 -22"><span class='ocrx_word' id='word_1_463' title='bbox 2303 1904 2515 1970; x_wconf 79' lang='grc' dir='ltr'><strong>ὓδατος,</strong></span> <span class='ocrx_word' id='word_1_464' title='bbox 2543 1905 2617 1977; x_wconf 79' lang='grc' dir='ltr'><strong>μὴ</strong></span> <span class='ocrx_word' id='word_1_465' title='bbox 2654 1907 2813 1976; x_wconf 79' lang='grc' dir='ltr'><strong>μόνον</strong></span> <span class='ocrx_word' id='word_1_466' title='bbox 2843 1906 3143 1976; x_wconf 74' lang='grc' dir='ltr'><strong>ἀναστῆσαι</strong></span> <span class='ocrx_word' id='word_1_467' title='bbox 3166 1907 3362 1961; x_wconf 72' lang='grc' dir='ltr'><strong>δοῦσαν</strong></span> <span class='ocrx_word' id='word_1_468' title='bbox 3388 1908 3486 1979; x_wconf 75' lang='grc' dir='ltr'><strong>τὴν</strong></span> <span class='ocrx_word' id='word_1_469' title='bbox 3517 1908 3718 1980; x_wconf 73' lang='grc' dir='ltr'><strong>ψυχὴν,</strong></span> <span class='ocrx_word' id='word_1_470' title='bbox 3745 1910 3886 1963; x_wconf 71' lang='grc' dir='ltr'><strong>ἀλλὰ</strong></span> 
     </span>
    </p>
   </div>
   <div class='ocr_carea' id='block_1_64' title="bbox 2299 1997 3885 2072">
    <p class='ocr_par' dir='ltr' id='par_1_64' title="bbox 2299 1997 3885 2072">
     <span class='ocr_line' id='line_1_64' title="bbox 2299 1997 3885 2072; baseline 0.001 -20"><span class='ocrx_word' id='word_1_471' title='bbox 2299 1998 2393 2052; x_wconf 69' lang='grc' dir='ltr'><strong>καὶ</strong></span> <span class='ocrx_word' id='word_1_472' title='bbox 2417 1998 2513 2067; x_wconf 77' lang='grc' dir='ltr'><strong>τῆς</strong></span> <span class='ocrx_word' id='word_1_473' title='bbox 2551 1999 2845 2062; x_wconf 78' lang='grc' dir='ltr'><strong>ἀθανασίας</strong></span> <span class='ocrx_word' id='word_1_474' title='bbox 2876 1999 3100 2068; x_wconf 74' lang='grc' dir='ltr'><strong>ποιῆσαι</strong></span> <span class='ocrx_word' id='word_1_475' title='bbox 3130 1999 3476 2068; x_wconf 70' lang='grc' dir='ltr'><strong>μεταλαϐεῖν.</strong></span> <span class='ocrx_word' id='word_1_476' title='bbox 3506 2001 3610 2054; x_wconf 81' lang='grc' dir='ltr'><strong>Τὸν</strong></span> <span class='ocrx_word' id='word_1_477' title='bbox 3630 2001 3688 2054; x_wconf 79' lang='grc' dir='ltr'><strong>δὲ</strong></span> <span class='ocrx_word' id='word_1_478' title='bbox 3714 1997 3885 2072; x_wconf 80' lang='grc' dir='ltr'><strong>Ὦρον</strong></span> 
     </span>
    </p>
   </div>
   <div class='ocr_carea' id='block_1_65' title="bbox 2301 2090 3882 2163">
    <p class='ocr_par' dir='ltr' id='par_1_65' title="bbox 2301 2090 3882 2163">
     <span class='ocr_line' id='line_1_65' title="bbox 2301 2090 3882 2163; baseline 0.001 -20"><span class='ocrx_word' id='word_1_479' title='bbox 2301 2090 2529 2144; x_wconf 76' lang='grc' dir='ltr'><strong>ὕστατον</strong></span> <span class='ocrx_word' id='word_1_480' title='bbox 2577 2090 2704 2144; x_wconf 70' lang='grc' dir='ltr'><strong>ὄντα</strong></span> <span class='ocrx_word' id='word_1_481' title='bbox 2736 2091 2845 2144; x_wconf 87' lang='grc' dir='ltr'><strong>τῶν</strong></span> <span class='ocrx_word' id='word_1_482' title='bbox 2895 2091 3055 2154; x_wconf 80' lang='grc' dir='ltr'><strong>θεῶν,</strong></span> <span class='ocrx_word' id='word_1_483' title='bbox 3094 2091 3406 2161; x_wconf 76' lang='grc' dir='ltr'><strong>βασιλεῦσαι</strong></span> <span class='ocrx_word' id='word_1_484' title='bbox 3438 2093 3535 2163; x_wconf 75' lang='grc' dir='ltr'><strong>τῆς</strong></span> <span class='ocrx_word' id='word_1_485' title='bbox 3582 2092 3882 2160; x_wconf 74' lang='grc' dir='ltr'><strong>Αἰγύπτου.</strong></span> 
     </span>
    </p>
   </div>
   <div class='ocr_carea' id='block_1_66' title="bbox 2300 2180 3885 2253">
    <p class='ocr_par' dir='ltr' id='par_1_66' title="bbox 2300 2180 3885 2253">
     <span class='ocr_line' id='line_1_66' title="bbox 2300 2180 3885 2253; baseline -0.001 -17"><span class='ocrx_word' id='word_1_486' title='bbox 2300 2181 2859 2253; x_wconf 79' lang='grc' dir='ltr'><strong>Μεθερμηνευόμενον</strong></span> <span class='ocrx_word' id='word_1_487' title='bbox 2891 2183 2948 2236; x_wconf 79' lang='grc' dir='ltr'><strong>δέ</strong></span> <span class='ocrx_word' id='word_1_488' title='bbox 2999 2200 3163 2253; x_wconf 85' lang='grc' dir='ltr'><strong>φασιν</strong></span> <span class='ocrx_word' id='word_1_489' title='bbox 3192 2184 3351 2236; x_wconf 75' lang='grc' dir='ltr'><strong>αὑτὸν</strong></span> <span class='ocrx_word' id='word_1_490' title='bbox 3381 2180 3518 2237; x_wconf 83' lang='grc' dir='ltr'><strong>εἶναι</strong></span> <span class='ocrx_word' id='word_1_491' title='bbox 3544 2184 3636 2237; x_wconf 75' lang='grc' dir='ltr'><strong>τὸν</strong></span> <span class='ocrx_word' id='word_1_492' title='bbox 3688 2183 3885 2237; x_wconf 75' lang='grc' dir='ltr'><strong>Ἀπόλ-</strong></span> 
     </span>
    </p>
   </div>
   <div class='ocr_carea' id='block_1_67' title="bbox 2299 2272 3887 2348">
    <p class='ocr_par' dir='ltr' id='par_1_67' title="bbox 2299 2272 3887 2348">
     <span class='ocr_line' id='line_1_67' title="bbox 2299 2272 3887 2348; baseline 0.001 -21"><span class='ocrx_word' id='word_1_493' title='bbox 2299 2272 2466 2337; x_wconf 80' lang='grc' dir='ltr'><strong>λωνα,</strong></span> <span class='ocrx_word' id='word_1_494' title='bbox 2504 2276 2602 2345; x_wconf 79' lang='grc' dir='ltr'><strong>τήν</strong></span> <span class='ocrx_word' id='word_1_495' title='bbox 2625 2293 2685 2328; x_wconf 89' lang='grc' dir='ltr'><strong>τε</strong></span> <span class='ocrx_word' id='word_1_496' title='bbox 2713 2276 2962 2347; x_wconf 79' lang='grc' dir='ltr'><strong>ἰατρικὴν</strong></span> <span class='ocrx_word' id='word_1_497' title='bbox 2991 2276 3084 2328; x_wconf 57' lang='grc' dir='ltr'><strong>καὶ¹</strong></span> <span class='ocrx_word' id='word_1_498' title='bbox 3112 2278 3378 2347; x_wconf 78' lang='grc' dir='ltr'><strong>μαντικὴν</strong></span> <span class='ocrx_word' id='word_1_499' title='bbox 3414 2277 3519 2330; x_wconf 78' lang='grc' dir='ltr'><strong>ὑπὸ</strong></span> <span class='ocrx_word' id='word_1_500' title='bbox 3544 2276 3644 2346; x_wconf 75' lang='grc' dir='ltr'><strong>τῆς</strong></span> <span class='ocrx_word' id='word_1_501' title='bbox 3677 2276 3887 2348; x_wconf 78' lang='grc' dir='ltr'><strong>μητρὸς</strong></span> 
     </span>
    </p>
   </div>
   <div class='ocr_carea' id='block_1_68' title="bbox 2304 2367 3887 2441">
    <p class='ocr_par' dir='ltr' id='par_1_68' title="bbox 2304 2367 3887 2441">
     <span class='ocr_line' id='line_1_68' title="bbox 2304 2367 3887 2441; baseline 0 -20"><span class='ocrx_word' id='word_1_502' title='bbox 2304 2367 2500 2431; x_wconf 78' lang='grc' dir='ltr'><strong>Ἴσιδος</strong></span> <span class='ocrx_word' id='word_1_503' title='bbox 2522 2368 2859 2440; x_wconf 78' lang='grc' dir='ltr'><strong>διδαχθέντα,</strong></span> <span class='ocrx_word' id='word_1_504' title='bbox 2886 2368 2972 2421; x_wconf 78' lang='grc' dir='ltr'><strong>διὰ</strong></span> <span class='ocrx_word' id='word_1_505' title='bbox 3003 2368 3111 2421; x_wconf 86' lang='grc' dir='ltr'><strong>τῶν</strong></span> <span class='ocrx_word' id='word_1_506' title='bbox 3141 2370 3426 2441; x_wconf 77' lang='grc' dir='ltr'><strong>χρησμῶν,</strong></span> <span class='ocrx_word' id='word_1_507' title='bbox 3455 2371 3549 2424; x_wconf 75' lang='grc' dir='ltr'><strong>καὶ</strong></span> <span class='ocrx_word' id='word_1_508' title='bbox 3577 2368 3887 2441; x_wconf 82' lang='grc' dir='ltr'><strong>θεραπειῶν</strong></span> 
     </span>
    </p>
   </div>
   <div class='ocr_carea' id='block_1_69' title="bbox 2300 2459 3882 2532">
    <p class='ocr_par' dir='ltr' id='par_1_69' title="bbox 2300 2459 3882 2532">
     <span class='ocr_line' id='line_1_69' title="bbox 2300 2459 3882 2532; baseline 0 -20"><span class='ocrx_word' id='word_1_509' title='bbox 2300 2459 2629 2531; x_wconf 71' lang='grc' dir='ltr'><strong>εὐεργετεῖν.</strong></span> <span class='ocrx_word' id='word_1_510' title='bbox 2674 2461 3058 2531; x_wconf 83' lang='grc' dir='ltr'><strong>Συμφωνεῖται</strong></span> <span class='ocrx_word' id='word_1_511' title='bbox 3112 2461 3169 2514; x_wconf 74' lang='grc' dir='ltr'><strong>δὲ</strong></span> <span class='ocrx_word' id='word_1_512' title='bbox 3223 2460 3376 2532; x_wconf 83' lang='grc' dir='ltr'><strong>παρὰ</strong></span> <span class='ocrx_word' id='word_1_513' title='bbox 3421 2463 3533 2525; x_wconf 80' lang='grc' dir='ltr'><strong>τοῖς</strong></span> <span class='ocrx_word' id='word_1_514' title='bbox 3584 2459 3882 2523; x_wconf 78' lang='grc' dir='ltr'><strong>πλείστοις,</strong></span> 
     </span>
    </p>
   </div>
   <div class='ocr_carea' id='block_1_70' title="bbox 2299 2548 3887 2623">
    <p class='ocr_par' dir='ltr' id='par_1_70' title="bbox 2299 2548 3887 2623">
     <span class='ocr_line' id='line_1_70' title="bbox 2299 2548 3887 2623; baseline 0 -21"><span class='ocrx_word' id='word_1_515' title='bbox 2299 2550 2382 2603; x_wconf 84' lang='grc' dir='ltr'><strong>δτι</strong></span> <span class='ocrx_word' id='word_1_516' title='bbox 2417 2553 2530 2615; x_wconf 86' lang='grc' dir='ltr'><strong>τοῖς</strong></span> <span class='ocrx_word' id='word_1_517' title='bbox 2572 2553 2699 2623; x_wconf 81' lang='grc' dir='ltr'><strong>περὶ</strong></span> <span class='ocrx_word' id='word_1_518' title='bbox 2732 2552 2824 2606; x_wconf 78' lang='grc' dir='ltr'><strong>τὸν</strong></span> <span class='ocrx_word' id='word_1_519' title='bbox 2866 2551 2964 2605; x_wconf 87' lang='grc' dir='ltr'><strong>Δία</strong></span> <span class='ocrx_word' id='word_1_520' title='bbox 3007 2554 3100 2606; x_wconf 77' lang='grc' dir='ltr'><strong>καὶ</strong></span> <span class='ocrx_word' id='word_1_521' title='bbox 3143 2553 3235 2607; x_wconf 77' lang='grc' dir='ltr'><strong>τὸν</strong></span> <span class='ocrx_word' id='word_1_522' title='bbox 3274 2554 3489 2623; x_wconf 88' lang='grc' dir='ltr'><strong>Ὄσιριν</strong></span> <span class='ocrx_word' id='word_1_523' title='bbox 3535 2550 3700 2615; x_wconf 79' lang='grc' dir='ltr'><strong>θεοῖς,</strong></span> <span class='ocrx_word' id='word_1_524' title='bbox 3744 2548 3887 2604; x_wconf 72' lang='grc' dir='ltr'><strong>κατὰ</strong></span> 
     </span>
    </p>
   </div>
   <div class='ocr_carea' id='block_1_71' title="bbox 2299 2643 3887 2718">
    <p class='ocr_par' dir='ltr' id='par_1_71' title="bbox 2299 2643 3887 2718">
     <span class='ocr_line' id='line_1_71' title="bbox 2299 2643 3887 2718; baseline -0.001 -20"><span class='ocrx_word' id='word_1_525' title='bbox 2299 2644 2401 2717; x_wconf 82' lang='grc' dir='ltr'><strong>τὴν</strong></span> <span class='ocrx_word' id='word_1_526' title='bbox 2440 2644 2635 2709; x_wconf 82' lang='grc' dir='ltr'><strong>Ἴσιδος</strong></span> <span class='ocrx_word' id='word_1_527' title='bbox 2676 2646 2892 2717; x_wconf 73' lang='grc' dir='ltr'><strong>ἡλικίαν</strong></span> <span class='ocrx_word' id='word_1_528' title='bbox 2919 2647 3302 2718; x_wconf 85' lang='grc' dir='ltr'><strong>μεγαλόσωμοί</strong></span> <span class='ocrx_word' id='word_1_529' title='bbox 3335 2663 3477 2709; x_wconf 84' lang='grc' dir='ltr'><strong>τινες</strong></span> <span class='ocrx_word' id='word_1_530' title='bbox 3509 2645 3766 2713; x_wconf 77' lang='grc' dir='ltr'><strong>Γίγαντες</strong></span> <span class='ocrx_word' id='word_1_531' title='bbox 3789 2643 3887 2696; x_wconf 68' lang='grc' dir='ltr'><strong>επὶ</strong></span> 
     </span>
    </p>
   </div>
   <div class='ocr_carea' id='block_1_72' title="bbox 2299 2736 3890 2809">
    <p class='ocr_par' dir='ltr' id='par_1_72' title="bbox 2299 2736 3890 2809">
     <span class='ocr_line' id='line_1_72' title="bbox 2299 2736 3890 2809; baseline 0 -20"><span class='ocrx_word' id='word_1_532' title='bbox 2299 2736 2360 2789; x_wconf 83' lang='grc' dir='ltr'><strong>τὸ</strong></span> <span class='ocrx_word' id='word_1_533' title='bbox 2407 2736 2710 2808; x_wconf 84' lang='grc' dir='ltr'><strong>τερατῶδες</strong></span> <span class='ocrx_word' id='word_1_534' title='bbox 2756 2738 3143 2809; x_wconf 69' lang='grc' dir='ltr'><strong>κοσμούμενοι,</strong></span> <span class='ocrx_word' id='word_1_535' title='bbox 3199 2737 3436 2808; x_wconf 86' lang='grc' dir='ltr'><strong>πόλεμον</strong></span> <span class='ocrx_word' id='word_1_536' title='bbox 3481 2739 3730 2809; x_wconf 68' lang='grc' dir='ltr'><strong>ἧγειραν.</strong></span> <span class='ocrx_word' id='word_1_537' title='bbox 3780 2736 3890 2790; x_wconf 84' lang='grc' dir='ltr'><strong>Νο-</strong></span> 
     </span>
    </p>
   </div>
   <div class='ocr_carea' id='block_1_73' title="bbox 2305 2826 3875 2899">
    <p class='ocr_par' dir='ltr' id='par_1_73' title="bbox 2305 2826 3875 2899">
     <span class='ocr_line' id='line_1_73' title="bbox 2305 2826 3875 2899; baseline 0.006 -21"><span class='ocrx_word' id='word_1_538' title='bbox 2305 2826 2598 2897; x_wconf 80' lang='grc' dir='ltr'><strong>μοθετῆσαι</strong></span> <span class='ocrx_word' id='word_1_539' title='bbox 2655 2828 2712 2882; x_wconf 82' lang='grc' dir='ltr'><strong>δὲ</strong></span> <span class='ocrx_word' id='word_1_540' title='bbox 2778 2831 2901 2894; x_wconf 79' lang='grc' dir='ltr'><strong>τοὺς</strong></span> <span class='ocrx_word' id='word_1_541' title='bbox 2957 2830 3287 2897; x_wconf 82' lang='grc' dir='ltr'><strong>Αἰγυπτίους</strong></span> <span class='ocrx_word' id='word_1_542' title='bbox 3353 2831 3551 2899; x_wconf 83' lang='grc' dir='ltr'><strong>γαμεῖν</strong></span> <span class='ocrx_word' id='word_1_543' title='bbox 3616 2828 3875 2897; x_wconf 72' lang='grc' dir='ltr'><strong>ἀδελφὰς.</strong></span> 
     </span>
    </p>
   </div>
   <div class='ocr_carea' id='block_1_74' title="bbox 2299 2915 3887 2993">
    <p class='ocr_par' dir='ltr' id='par_1_74' title="bbox 2299 2915 3887 2993">
     <span class='ocr_line' id='line_1_74' title="bbox 2299 2915 3887 2993; baseline 0.001 -23"><span class='ocrx_word' id='word_1_544' title='bbox 2299 2918 2387 2972; x_wconf 75' lang='grc' dir='ltr'><strong>διὰ</strong></span> <span class='ocrx_word' id='word_1_545' title='bbox 2416 2920 2477 2971; x_wconf 80' lang='grc' dir='ltr'><strong>τὸ</strong></span> <span class='ocrx_word' id='word_1_546' title='bbox 2506 2920 2605 2992; x_wconf 78' lang='grc' dir='ltr'><strong>τὴν</strong></span> <span class='ocrx_word' id='word_1_547' title='bbox 2630 2915 2769 2974; x_wconf 87' lang='grc' dir='ltr'><strong>Ἶσιν</strong></span> <span class='ocrx_word' id='word_1_548' title='bbox 2802 2919 2879 2991; x_wconf 83' lang='grc' dir='ltr'><strong>τῷ</strong></span> <span class='ocrx_word' id='word_1_549' title='bbox 2924 2920 3152 2993; x_wconf 78' lang='grc' dir='ltr'><strong>Ὀσίριδι</strong></span> <span class='ocrx_word' id='word_1_550' title='bbox 3183 2919 3397 2990; x_wconf 78' lang='grc' dir='ltr'><strong>ἁδελφῷ</strong></span> <span class='ocrx_word' id='word_1_551' title='bbox 3438 2920 3552 2973; x_wconf 71' lang='lat' dir='ltr'><strong>sm</strong></span> <span class='ocrx_word' id='word_1_552' title='bbox 3586 2920 3758 2989; x_wconf 70' lang='grc' dir='ltr'><strong>αὐτῆς</strong></span> <span class='ocrx_word' id='word_1_553' title='bbox 3786 2936 3887 2987; x_wconf 88' lang='grc' dir='ltr'><strong>γα-</strong></span> 
     </span>
    </p>
   </div>
   <div class='ocr_carea' id='block_1_75' title="bbox 2302 3004 3881 3085">
    <p class='ocr_par' dir='ltr' id='par_1_75' title="bbox 2302 3004 3881 3085">
     <span class='ocr_line' id='line_1_75' title="bbox 2302 3004 3881 3085; baseline 0.001 -21"><span class='ocrx_word' id='word_1_554' title='bbox 2302 3011 2562 3082; x_wconf 74' lang='grc' dir='ltr'><strong>μηθῆναι.</strong></span> <span class='ocrx_word' id='word_1_555' title='bbox 2618 3032 2637 3063; x_wconf 75' lang='grc' dir='ltr'><strong>ι</strong></span> <span class='ocrx_word' id='word_1_556' title='bbox 2693 3013 2802 3066; x_wconf 75' lang='grc' dir='ltr'><strong>Καὶ</strong></span> <span class='ocrx_word' id='word_1_557' title='bbox 2840 3012 3013 3067; x_wconf 81' lang='grc' dir='ltr'><strong>ταῦτα</strong></span> <span class='ocrx_word' id='word_1_558' title='bbox 3041 3014 3138 3085; x_wconf 83' lang='grc' dir='ltr'><strong>μὲν</strong></span> <span class='ocrx_word' id='word_1_559' title='bbox 3166 3012 3296 3085; x_wconf 82' lang='grc' dir='ltr'><strong>περὶ</strong></span> <span class='ocrx_word' id='word_1_560' title='bbox 3335 3011 3540 3065; x_wconf 86' lang='grc' dir='ltr'><strong>τούτων</strong></span> <span class='ocrx_word' id='word_1_561' title='bbox 3585 3004 3881 3084; x_wconf 72' lang='grc' dir='ltr'><strong>ἱστοροῦσι.</strong></span> 
     </span>
    </p>
   </div>
   <div class='ocr_carea' id='block_1_76' title="bbox 2299 3103 3885 3176">
    <p class='ocr_par' dir='ltr' id='par_1_76' title="bbox 2299 3103 3885 3176">
     <span class='ocr_line' id='line_1_76' title="bbox 2299 3103 3885 3176; baseline -0.002 -18"><span class='ocrx_word' id='word_1_562' title='bbox 2299 3104 2435 3175; x_wconf 78' lang='grc' dir='ltr'><strong>Περὶ</strong></span> <span class='ocrx_word' id='word_1_563' title='bbox 2464 3103 2519 3157; x_wconf 85' lang='grc' dir='ltr'><strong>δὲ</strong></span> <span class='ocrx_word' id='word_1_564' title='bbox 2544 3103 2651 3157; x_wconf 88' lang='grc' dir='ltr'><strong>τῶν</strong></span> <span class='ocrx_word' id='word_1_565' title='bbox 2677 3104 3069 3176; x_wconf 82' lang='grc' dir='ltr'><strong>ἀφιερωμένων</strong></span> <span class='ocrx_word' id='word_1_566' title='bbox 3098 3103 3251 3169; x_wconf 75' lang='grc' dir='ltr'><strong>ζώων</strong></span> <span class='ocrx_word' id='word_1_567' title='bbox 3290 3104 3402 3175; x_wconf 82' lang='lat' dir='ltr'><strong>(5i)</strong></span> <span class='ocrx_word' id='word_1_568' title='bbox 3432 3104 3553 3157; x_wconf 79' lang='grc' dir='ltr'><strong>κατ’</strong></span> <span class='ocrx_word' id='word_1_569' title='bbox 3587 3103 3885 3171; x_wconf 74' lang='grc' dir='ltr'><strong>Αἴγυπτον,</strong></span> 
     </span>
    </p>
   </div>
   <div class='ocr_carea' id='block_1_77' title="bbox 2296 3195 3887 3267">
    <p class='ocr_par' dir='ltr' id='par_1_77' title="bbox 2296 3195 3887 3267">
     <span class='ocr_line' id='line_1_77' title="bbox 2296 3195 3887 3267; baseline -0.001 -18"><span class='ocrx_word' id='word_1_570' title='bbox 2296 3196 2532 3261; x_wconf 80' lang='grc' dir='ltr'><strong>τοιοῦτός</strong></span> <span class='ocrx_word' id='word_1_571' title='bbox 2579 3213 2664 3261; x_wconf 89' lang='grc' dir='ltr'><strong>τις</strong></span> <span class='ocrx_word' id='word_1_572' title='bbox 2703 3199 2833 3267; x_wconf 84' lang='grc' dir='ltr'><strong>παρ’</strong></span> <span class='ocrx_word' id='word_1_573' title='bbox 2880 3198 3066 3260; x_wconf 75' lang='grc' dir='ltr'><strong>αὐτοῖς</strong></span> <span class='ocrx_word' id='word_1_574' title='bbox 3104 3197 3324 3267; x_wconf 78' lang='grc' dir='ltr'><strong>κατέχει</strong></span> <span class='ocrx_word' id='word_1_575' title='bbox 3369 3196 3545 3263; x_wconf 88' lang='grc' dir='ltr'><strong>λόγος.</strong></span> <span class='ocrx_word' id='word_1_576' title='bbox 3592 3196 3746 3259; x_wconf 69' lang='grc' dir='ltr'><strong>Τινὲς</strong></span> <span class='ocrx_word' id='word_1_577' title='bbox 3785 3195 3887 3265; x_wconf 78' lang='grc' dir='ltr'><strong>μέν</strong></span> 
     </span>
    </p>
   </div>
   <div class='ocr_carea' id='block_1_78' title="bbox 2297 3288 3884 3363">
    <p class='ocr_par' dir='ltr' id='par_1_78' title="bbox 2297 3288 3884 3363">
     <span class='ocr_line' id='line_1_78' title="bbox 2297 3288 3884 3363; baseline 0 -22"><span class='ocrx_word' id='word_1_578' title='bbox 2297 3305 2429 3358; x_wconf 81' lang='grc' dir='ltr'><strong>φασι</strong></span> <span class='ocrx_word' id='word_1_579' title='bbox 2462 3290 2587 3352; x_wconf 79' lang='grc' dir='ltr'><strong>τοὺς</strong></span> <span class='ocrx_word' id='word_1_580' title='bbox 2617 3288 2677 3353; x_wconf 74' lang='grc' dir='ltr'><strong>ἐξ</strong></span> <span class='ocrx_word' id='word_1_581' title='bbox 2698 3290 2872 3363; x_wconf 82' lang='grc' dir='ltr'><strong>ἀρχῆς</strong></span> <span class='ocrx_word' id='word_1_582' title='bbox 2912 3290 3240 3360; x_wconf 86' lang='grc' dir='ltr'><strong>γενομένους</strong></span> <span class='ocrx_word' id='word_1_583' title='bbox 3265 3289 3444 3353; x_wconf 70' lang='grc' dir='ltr'><strong>θεοὺς,</strong></span> <span class='ocrx_word' id='word_1_584' title='bbox 3483 3290 3697 3358; x_wconf 80' lang='grc' dir='ltr'><strong>ὀλίγους</strong></span> <span class='ocrx_word' id='word_1_585' title='bbox 3723 3289 3884 3353; x_wconf 80' lang='grc' dir='ltr'><strong>δντας</strong></span> 
     </span>
    </p>
   </div>
   <div class='ocr_carea' id='block_1_79' title="bbox 2297 3379 3888 3451">
    <p class='ocr_par' dir='ltr' id='par_1_79' title="bbox 2297 3379 3888 3451">
     <span class='ocr_line' id='line_1_79' title="bbox 2297 3379 3888 3451; baseline 0.002 -21"><span class='ocrx_word' id='word_1_586' title='bbox 2297 3379 2391 3430; x_wconf 71' lang='grc' dir='ltr'><strong>καὶ</strong></span> <span class='ocrx_word' id='word_1_587' title='bbox 2424 3380 2884 3449; x_wconf 77' lang='grc' dir='ltr'><strong>κατισχυομένους</strong></span> <span class='ocrx_word' id='word_1_588' title='bbox 2922 3380 3027 3432; x_wconf 77' lang='grc' dir='ltr'><strong>ὑπὸ</strong></span> <span class='ocrx_word' id='word_1_589' title='bbox 3057 3379 3150 3432; x_wconf 75' lang='grc' dir='ltr'><strong>τοῦ</strong></span> <span class='ocrx_word' id='word_1_590' title='bbox 3193 3379 3431 3451; x_wconf 74' lang='grc' dir='ltr'><strong>πλήθους</strong></span> <span class='ocrx_word' id='word_1_591' title='bbox 3469 3380 3563 3433; x_wconf 71' lang='grc' dir='ltr'><strong>καὶ</strong></span> <span class='ocrx_word' id='word_1_592' title='bbox 3628 3380 3725 3450; x_wconf 79' lang='grc' dir='ltr'><strong>τῆς</strong></span> <span class='ocrx_word' id='word_1_593' title='bbox 3758 3380 3888 3433; x_wconf 80' lang='grc' dir='ltr'><strong>ἀσε-</strong></span> 
     </span>
    </p>
   </div>
   <div class='ocr_carea' id='block_1_80' title="bbox 2298 3472 3885 3544">
    <p class='ocr_par' dir='ltr' id='par_1_80' title="bbox 2298 3472 3885 3544">
     <span class='ocr_line' id='line_1_80' title="bbox 2298 3472 3885 3544; baseline 0.001 -18"><span class='ocrx_word' id='word_1_594' title='bbox 2298 3473 2451 3537; x_wconf 76' lang='grc' dir='ltr'><strong>ϐείας</strong></span> <span class='ocrx_word' id='word_1_595' title='bbox 2475 3473 2582 3526; x_wconf 89' lang='grc' dir='ltr'><strong>τῶν</strong></span> <span class='ocrx_word' id='word_1_596' title='bbox 2598 3473 2846 3543; x_wconf 63' lang='grc' dir='ltr'><strong>γηγενῶν</strong></span> <span class='ocrx_word' id='word_1_597' title='bbox 2872 3472 3201 3544; x_wconf 78' lang='grc' dir='ltr'><strong>ἀνθρώπων,</strong></span> <span class='ocrx_word' id='word_1_598' title='bbox 3223 3472 3556 3543; x_wconf 73' lang='grc' dir='ltr'><strong>ὁμοιωθῆναί</strong></span> <span class='ocrx_word' id='word_1_599' title='bbox 3586 3488 3727 3526; x_wconf 88' lang='grc' dir='ltr'><strong>τισιν</strong></span> <span class='ocrx_word' id='word_1_600' title='bbox 3756 3472 3885 3527; x_wconf 63' lang='lat' dir='ltr'><strong>d16-</strong></span> 
     </span>
    </p>
   </div>
   <div class='ocr_carea' id='block_1_81' title="bbox 2297 3564 3885 3636">
    <p class='ocr_par' dir='ltr' id='par_1_81' title="bbox 2297 3564 3885 3636">
     <span class='ocr_line' id='line_1_81' title="bbox 2297 3564 3885 3636; baseline -0.001 -16"><span class='ocrx_word' id='word_1_601' title='bbox 2297 3584 2415 3636; x_wconf 91' lang='grc' dir='ltr'><strong>γοις</strong></span> <span class='ocrx_word' id='word_1_602' title='bbox 2446 3565 2626 3631; x_wconf 80' lang='grc' dir='ltr'><strong>ζώοις,</strong></span> <span class='ocrx_word' id='word_1_603' title='bbox 2660 3566 2755 3619; x_wconf 66' lang='grc' dir='ltr'><strong>καὶ</strong></span> <span class='ocrx_word' id='word_1_604' title='bbox 2782 3565 2956 3628; x_wconf 70' lang='grc' dir='ltr'><strong>οὕτως</strong></span> <span class='ocrx_word' id='word_1_605' title='bbox 2979 3564 3283 3633; x_wconf 84' lang='grc' dir='ltr'><strong>διαφυγεῖν·</strong></span> <span class='ocrx_word' id='word_1_606' title='bbox 3324 3565 3513 3618; x_wconf 73' lang='grc' dir='ltr'><strong>ἔπειτα</strong></span> <span class='ocrx_word' id='word_1_607' title='bbox 3557 3564 3717 3636; x_wconf 77' lang='grc' dir='ltr'><strong>χάριν</strong></span> <span class='ocrx_word' id='word_1_608' title='bbox 3746 3566 3885 3619; x_wconf 83' lang='grc' dir='ltr'><strong>ἁπο-</strong></span> 
     </span>
    </p>
   </div>
   <div class='ocr_carea' id='block_1_82' title="bbox 2296 3654 3888 3729">
    <p class='ocr_par' dir='ltr' id='par_1_82' title="bbox 2296 3654 3888 3729">
     <span class='ocr_line' id='line_1_82' title="bbox 2296 3654 3888 3729; baseline -0.002 -18"><span class='ocrx_word' id='word_1_609' title='bbox 2296 3657 2535 3722; x_wconf 85' lang='grc' dir='ltr'><strong>διδόντας</strong></span> <span class='ocrx_word' id='word_1_610' title='bbox 2559 3658 2658 3729; x_wconf 84' lang='grc' dir='ltr'><strong>τῆς</strong></span> <span class='ocrx_word' id='word_1_611' title='bbox 2686 3656 2979 3729; x_wconf 83' lang='grc' dir='ltr'><strong>σωτηρίας,</strong></span> <span class='ocrx_word' id='word_1_612' title='bbox 3009 3656 3315 3728; x_wconf 78' lang='grc' dir='ltr'><strong>ἀφιερῶσαι</strong></span> <span class='ocrx_word' id='word_1_613' title='bbox 3340 3655 3437 3720; x_wconf 78' lang='grc' dir='ltr'><strong>τὰς</strong></span> <span class='ocrx_word' id='word_1_614' title='bbox 3475 3657 3666 3725; x_wconf 88' lang='grc' dir='ltr'><strong>φύσεις</strong></span> <span class='ocrx_word' id='word_1_615' title='bbox 3707 3654 3888 3709; x_wconf 75' lang='grc' dir='ltr'><strong>αὐτῶν</strong></span> 
     </span>
    </p>
   </div>
   <div class='ocr_carea' id='block_1_83' title="bbox 2295 3744 3887 3821">
    <p class='ocr_par' dir='ltr' id='par_1_83' title="bbox 2295 3744 3887 3821">
     <span class='ocr_line' id='line_1_83' title="bbox 2295 3744 3887 3821; baseline -0.002 -16"><span class='ocrx_word' id='word_1_616' title='bbox 2295 3751 2404 3805; x_wconf 88' lang='grc' dir='ltr'><strong>τῶν</strong></span> <span class='ocrx_word' id='word_1_617' title='bbox 2433 3751 2608 3816; x_wconf 77' lang='grc' dir='ltr'><strong>ζώων,</strong></span> <span class='ocrx_word' id='word_1_618' title='bbox 2640 3744 2722 3813; x_wconf 76' lang='grc' dir='ltr'><strong>οἷς</strong></span> <span class='ocrx_word' id='word_1_619' title='bbox 2749 3747 3203 3821; x_wconf 78' lang='grc' dir='ltr'><strong>ἀφωμοιώθησαν.</strong></span> <span class='ocrx_word' id='word_1_620' title='bbox 3250 3751 3313 3803; x_wconf 83' lang='lat' dir='ltr'><strong>Ol</strong></span> <span class='ocrx_word' id='word_1_621' title='bbox 3353 3749 3411 3803; x_wconf 70' lang='grc' dir='ltr'><strong>δέ</strong></span> <span class='ocrx_word' id='word_1_622' title='bbox 3448 3766 3630 3819; x_wconf 86' lang='grc' dir='ltr'><strong>φασιν,</strong></span> <span class='ocrx_word' id='word_1_623' title='bbox 3669 3748 3729 3801; x_wconf 74' lang='grc' dir='ltr'><strong>εν</strong></span> <span class='ocrx_word' id='word_1_624' title='bbox 3766 3750 3887 3811; x_wconf 85' lang='grc' dir='ltr'><strong>ταῖς</strong></span> 
     </span>
    </p>
   </div>
   <div class='ocr_carea' id='block_1_84' title="bbox 2297 3839 3888 3916">
    <p class='ocr_par' dir='ltr' id='par_1_84' title="bbox 2297 3839 3888 3916">
     <span class='ocr_line' id='line_1_84' title="bbox 2297 3839 3888 3916; baseline -0.003 -20"><span class='ocrx_word' id='word_1_625' title='bbox 2297 3843 2434 3916; x_wconf 81' lang='grc' dir='ltr'><strong>πρὸς</strong></span> <span class='ocrx_word' id='word_1_626' title='bbox 2479 3845 2605 3907; x_wconf 84' lang='grc' dir='ltr'><strong>τοὺς</strong></span> <span class='ocrx_word' id='word_1_627' title='bbox 2651 3841 2943 3912; x_wconf 75' lang='grc' dir='ltr'><strong>πολεμίους</strong></span> <span class='ocrx_word' id='word_1_628' title='bbox 2999 3839 3314 3912; x_wconf 76' lang='grc' dir='ltr'><strong>συμϐολαῖς,</strong></span> <span class='ocrx_word' id='word_1_629' title='bbox 3369 3841 3888 3904; x_wconf 76' lang='grc' dir='ltr'><strong>κατασκευάσαντας</strong></span> 
     </span>
    </p>
   </div>
   <div class='ocr_carea' id='block_1_85' title="bbox 2296 3930 3886 4003">
    <p class='ocr_par' dir='ltr' id='par_1_85' title="bbox 2296 3930 3886 4003">
     <span class='ocr_line' id='line_1_85' title="bbox 2296 3930 3886 4003; baseline -0.004 -14"><span class='ocrx_word' id='word_1_630' title='bbox 2296 3935 2512 3999; x_wconf 83' lang='grc' dir='ltr'><strong>εἰκόνας</strong></span> <span class='ocrx_word' id='word_1_631' title='bbox 2537 3935 2645 3988; x_wconf 87' lang='grc' dir='ltr'><strong>τῶν</strong></span> <span class='ocrx_word' id='word_1_632' title='bbox 2676 3932 2851 3999; x_wconf 76' lang='grc' dir='ltr'><strong>ζώων,</strong></span> <span class='ocrx_word' id='word_1_633' title='bbox 2875 3932 2912 3986; x_wconf 76' lang='grc' dir='ltr'>ἃ</span> <span class='ocrx_word' id='word_1_634' title='bbox 2941 3932 3035 3986; x_wconf 78' lang='grc' dir='ltr'><strong>νῦν</strong></span> <span class='ocrx_word' id='word_1_635' title='bbox 3068 3933 3287 4003; x_wconf 82' lang='grc' dir='ltr'><strong>τιμῶσι,</strong></span> <span class='ocrx_word' id='word_1_636' title='bbox 3321 3936 3507 4003; x_wconf 86' lang='grc' dir='ltr'><strong>φορεῖν</strong></span> <span class='ocrx_word' id='word_1_637' title='bbox 3528 3931 3731 3994; x_wconf 87' lang='grc' dir='ltr'><strong>ταύτας</strong></span> <span class='ocrx_word' id='word_1_638' title='bbox 3758 3930 3886 3994; x_wconf 73' lang='grc' dir='ltr'><strong>τοὺς</strong></span> 
     </span>
    </p>
   </div>
   <div class='ocr_carea' id='block_1_86' title="bbox 2296 4023 3886 4100">
    <p class='ocr_par' dir='ltr' id='par_1_86' title="bbox 2296 4023 3886 4100">
     <span class='ocr_line' id='line_1_86' title="bbox 2296 4023 3886 4100; baseline -0.001 -21"><span class='ocrx_word' id='word_1_639' title='bbox 2296 4028 2569 4100; x_wconf 80' lang='grc' dir='ltr'><strong>ἡγεμόνας</strong></span> <span class='ocrx_word' id='word_1_640' title='bbox 2597 4027 2690 4082; x_wconf 73' lang='grc' dir='ltr'><strong>επὶ</strong></span> <span class='ocrx_word' id='word_1_641' title='bbox 2724 4025 2827 4096; x_wconf 77' lang='grc' dir='ltr'><strong>τῆς</strong></span> <span class='ocrx_word' id='word_1_642' title='bbox 2866 4026 3131 4097; x_wconf 83' lang='grc' dir='ltr'><strong>κεφαλῆς,</strong></span> <span class='ocrx_word' id='word_1_643' title='bbox 3161 4026 3254 4079; x_wconf 77' lang='grc' dir='ltr'><strong>καὶ</strong></span> <span class='ocrx_word' id='word_1_644' title='bbox 3284 4024 3444 4079; x_wconf 81' lang='grc' dir='ltr'><strong>τοῦτο</strong></span> <span class='ocrx_word' id='word_1_645' title='bbox 3474 4023 3761 4096; x_wconf 83' lang='grc' dir='ltr'><strong>γνώρισμα</strong></span> <span class='ocrx_word' id='word_1_646' title='bbox 3786 4024 3886 4094; x_wconf 82' lang='grc' dir='ltr'><strong>τῆς</strong></span> 
     </span>
    </p>
   </div>
   <div class='ocr_carea' id='block_1_87' title="bbox 2295 4110 3886 4189">
    <p class='ocr_par' dir='ltr' id='par_1_87' title="bbox 2295 4110 3886 4189">
     <span class='ocr_line' id='line_1_87' title="bbox 2295 4110 3886 4189; baseline -0.005 -18"><span class='ocrx_word' id='word_1_647' title='bbox 2295 4117 2473 4189; x_wconf 79' lang='grc' dir='ltr'><strong>ἀρχῆς</strong></span> <span class='ocrx_word' id='word_1_648' title='bbox 2506 4116 2672 4187; x_wconf 73' lang='grc' dir='ltr'><strong>ἔχειν’</strong></span> <span class='ocrx_word' id='word_1_649' title='bbox 2699 4115 2758 4168; x_wconf 69' lang='grc' dir='ltr'><strong>ιν</strong></span> <span class='ocrx_word' id='word_1_650' title='bbox 2792 4116 2849 4168; x_wconf 83' lang='grc' dir='ltr'><strong>δὲ</strong></span> <span class='ocrx_word' id='word_1_651' title='bbox 2878 4119 2998 4180; x_wconf 80' lang='grc' dir='ltr'><strong>ταῖς</strong></span> <span class='ocrx_word' id='word_1_652' title='bbox 3025 4114 3168 4170; x_wconf 75' lang='grc' dir='ltr'><strong>κατὰ</strong></span> <span class='ocrx_word' id='word_1_653' title='bbox 3194 4114 3302 4167; x_wconf 91' lang='grc' dir='ltr'><strong>τῶν</strong></span> <span class='ocrx_word' id='word_1_654' title='bbox 3344 4113 3554 4185; x_wconf 69' lang='grc' dir='ltr'><strong>ἐχθρῶν</strong></span> <span class='ocrx_word' id='word_1_655' title='bbox 3583 4112 3782 4176; x_wconf 86' lang='grc' dir='ltr'><strong>νίκαις,</strong></span> <span class='ocrx_word' id='word_1_656' title='bbox 3808 4110 3886 4174; x_wconf 80' lang='grc' dir='ltr'><strong>ὡς</strong></span> 
     </span>
    </p>
   </div>
   <div class='ocr_carea' id='block_1_88' title="bbox 2296 4201 3885 4279">
    <p class='ocr_par' dir='ltr' id='par_1_88' title="bbox 2296 4201 3885 4279">
     <span class='ocr_line' id='line_1_88' title="bbox 2296 4201 3885 4279; baseline -0.004 -15"><span class='ocrx_word' id='word_1_657' title='bbox 2296 4209 2363 4264; x_wconf 83' lang='grc' dir='ltr'><strong>ἂν</strong></span> <span class='ocrx_word' id='word_1_658' title='bbox 2412 4208 2562 4263; x_wconf 77' lang='grc' dir='ltr'><strong>αἴτια</strong></span> <span class='ocrx_word' id='word_1_659' title='bbox 2599 4206 2668 4261; x_wconf 81' lang='grc' dir='ltr'><strong>τὰ</strong></span> <span class='ocrx_word' id='word_1_660' title='bbox 2708 4206 2824 4272; x_wconf 79' lang='grc' dir='ltr'><strong>ζῶα</strong></span> <span class='ocrx_word' id='word_1_661' title='bbox 2853 4209 3142 4279; x_wconf 86' lang='grc' dir='ltr'><strong>γενόμενα,</strong></span> <span class='ocrx_word' id='word_1_662' title='bbox 3173 4201 3248 4262; x_wconf 85' lang='grc' dir='ltr'><strong>ὧν</strong></span> <span class='ocrx_word' id='word_1_663' title='bbox 3281 4208 3379 4271; x_wconf 73' lang='grc' dir='ltr'><strong>τὰς</strong></span> <span class='ocrx_word' id='word_1_664' title='bbox 3421 4208 3636 4270; x_wconf 81' lang='grc' dir='ltr'><strong>εἰκόνας</strong></span> <span class='ocrx_word' id='word_1_665' title='bbox 3668 4205 3885 4277; x_wconf 73' lang='grc' dir='ltr'><strong>ἔφερον,</strong></span> 
     </span>
    </p>
   </div>
   <div class='ocr_carea' id='block_1_89' title="bbox 2295 4295 3887 4370">
    <p class='ocr_par' dir='ltr' id='par_1_89' title="bbox 2295 4295 3887 4370">
     <span class='ocr_line' id='line_1_89' title="bbox 2295 4295 3887 4370; baseline -0.003 -17"><span class='ocrx_word' id='word_1_666' title='bbox 2295 4298 2628 4354; x_wconf 78' lang='grc' dir='ltr'><strong>ἀποθεῶσαι.</strong></span> <span class='ocrx_word' id='word_1_667' title='bbox 2675 4299 2889 4370; x_wconf 83' lang='grc' dir='ltr'><strong>’Ἑτεροι</strong></span> <span class='ocrx_word' id='word_1_668' title='bbox 2936 4299 2993 4353; x_wconf 79' lang='grc' dir='ltr'><strong>δὲ</strong></span> <span class='ocrx_word' id='word_1_669' title='bbox 3028 4299 3221 4370; x_wconf 79' lang='grc' dir='ltr'><strong>τρίτην</strong></span> <span class='ocrx_word' id='word_1_670' title='bbox 3268 4299 3449 4352; x_wconf 83' lang='grc' dir='ltr'><strong>αἰτίαν</strong></span> <span class='ocrx_word' id='word_1_671' title='bbox 3500 4298 3744 4369; x_wconf 81' lang='grc' dir='ltr'><strong>φέρουσι,</strong></span> <span class='ocrx_word' id='word_1_672' title='bbox 3787 4295 3887 4367; x_wconf 84' lang='grc' dir='ltr'><strong>τῆς</strong></span> 
     </span>
    </p>
   </div>
   <div class='ocr_carea' id='block_1_90' title="bbox 2296 4388 3886 4464">
    <p class='ocr_par' dir='ltr' id='par_1_90' title="bbox 2296 4388 3886 4464">
     <span class='ocr_line' id='line_1_90' title="bbox 2296 4388 3886 4464; baseline -0.003 -20"><span class='ocrx_word' id='word_1_673' title='bbox 2296 4391 2484 4464; x_wconf 87' lang='grc' dir='ltr'><strong>χρείας</strong></span> <span class='ocrx_word' id='word_1_674' title='bbox 2543 4391 2703 4444; x_wconf 77' lang='grc' dir='ltr'><strong>ἓνεκα</strong></span> <span class='ocrx_word' id='word_1_675' title='bbox 2758 4389 2865 4444; x_wconf 89' lang='grc' dir='ltr'><strong>τῶν</strong></span> <span class='ocrx_word' id='word_1_676' title='bbox 2938 4390 3095 4456; x_wconf 79' lang='grc' dir='ltr'><strong>ζώων</strong></span> <span class='ocrx_word' id='word_1_677' title='bbox 3161 4391 3463 4460; x_wconf 80' lang='grc' dir='ltr'><strong>φάσκοντες</strong></span> <span class='ocrx_word' id='word_1_678' title='bbox 3538 4388 3678 4444; x_wconf 72' lang='grc' dir='ltr'><strong>αὐτὰ</strong></span> <span class='ocrx_word' id='word_1_679' title='bbox 3736 4404 3886 4443; x_wconf 86' lang='grc' dir='ltr'><strong>τετι-</strong></span> 
     </span>
    </p>
   </div>
   <div class='ocr_carea' id='block_1_91' title="bbox 616 4469 2195 4554">
    <p class='ocr_par' dir='ltr' id='par_1_91' title="bbox 616 4469 2191 4539">
     <span class='ocr_line' id='line_1_91' title="bbox 616 4469 2191 4539; baseline 0.003 -16"><span class='ocrx_word' id='word_1_680' title='bbox 616 4476 831 4523; x_wconf 88' lang='lat' dir='ltr'><strong>tantum</strong></span> <span class='ocrx_word' id='word_1_681' title='bbox 863 4469 917 4522; x_wconf 90' lang='lat' dir='ltr'><strong>in</strong></span> <span class='ocrx_word' id='word_1_682' title='bbox 946 4469 1124 4524; x_wconf 90' lang='lat' dir='ltr'><strong>lucem</strong></span> <span class='ocrx_word' id='word_1_683' title='bbox 1152 4472 1365 4526; x_wconf 86' lang='lat' dir='ltr'><strong>reddito</strong></span> <span class='ocrx_word' id='word_1_684' title='bbox 1390 4473 1574 4526; x_wconf 86' lang='lat' dir='ltr'><strong>animo</strong></span> <span class='ocrx_word' id='word_1_685' title='bbox 1597 4474 1887 4539; x_wconf 89' lang='lat' dir='ltr'><strong>revocarit,</strong></span> <span class='ocrx_word' id='word_1_686' title='bbox 1913 4475 2007 4529; x_wconf 86' lang='lat' dir='ltr'><strong>sed</strong></span> <span class='ocrx_word' id='word_1_687' title='bbox 2027 4475 2191 4529; x_wconf 89' lang='lat' dir='ltr'><strong>etiam</strong></span> 
     </span>
    </p>
   </div>
   <div class='ocr_carea' id='block_1_92' title="bbox 2299 4469 3889 4554">
    <p class='ocr_par' dir='ltr' id='par_1_92' title="bbox 2303 4480 3889 4554">
     <span class='ocr_line' id='line_1_92' title="bbox 2303 4480 3889 4554; baseline -0.002 -18"><span class='ocrx_word' id='word_1_688' title='bbox 2303 4482 2528 4554; x_wconf 82' lang='grc' dir='ltr'><strong>μῆσθαι.</strong></span> <span class='ocrx_word' id='word_1_689' title='bbox 2565 4481 2675 4553; x_wconf 82' lang='grc' dir='ltr'><strong>Τὴν</strong></span> <span class='ocrx_word' id='word_1_690' title='bbox 2726 4483 2823 4554; x_wconf 83' lang='grc' dir='ltr'><strong>μὲν</strong></span> <span class='ocrx_word' id='word_1_691' title='bbox 2873 4484 2982 4554; x_wconf 86' lang='grc' dir='ltr'><strong>γὰρ</strong></span> <span class='ocrx_word' id='word_1_692' title='bbox 3029 4482 3250 4553; x_wconf 76' lang='grc' dir='ltr'><strong>θήλειαν</strong></span> <span class='ocrx_word' id='word_1_693' title='bbox 3309 4481 3436 4553; x_wconf 82' lang='grc' dir='ltr'><strong>βοῦν</strong></span> <span class='ocrx_word' id='word_1_694' title='bbox 3467 4521 3483 4547; x_wconf 87' lang='grc'><strong>,</strong></span> <span class='ocrx_word' id='word_1_695' title='bbox 3536 4482 3739 4536; x_wconf 78' lang='grc' dir='ltr'><strong>τίκτειν</strong></span> <span class='ocrx_word' id='word_1_696' title='bbox 3791 4480 3889 4534; x_wconf 78' lang='grc' dir='ltr'><strong>καὶ</strong></span> 
     </span>
    </p>
   </div>
   <div class='ocr_carea' id='block_1_93' title="bbox 619 4559 2195 4648">
    <p class='ocr_par' dir='ltr' id='par_1_93' title="bbox 619 4559 2187 4636">
     <span class='ocr_line' id='line_1_93' title="bbox 619 4559 2187 4636; baseline 0.003 -21"><span class='ocrx_word' id='word_1_697' title='bbox 619 4559 1030 4616; x_wconf 87' lang='lat' dir='ltr'><strong>immortalitate</strong></span> <span class='ocrx_word' id='word_1_698' title='bbox 1059 4561 1296 4616; x_wconf 91' lang='lat' dir='ltr'><strong>donarit.</strong></span> <span class='ocrx_word' id='word_1_699' title='bbox 1323 4560 1496 4617; x_wconf 89' lang='lat' dir='ltr'><strong>Porro</strong></span> <span class='ocrx_word' id='word_1_700' title='bbox 1526 4566 1672 4619; x_wconf 91' lang='lat' dir='ltr'><strong>hunc</strong></span> <span class='ocrx_word' id='word_1_701' title='bbox 1704 4566 1898 4629; x_wconf 89' lang='lat' dir='ltr'><strong>Orum,</strong></span> <span class='ocrx_word' id='word_1_702' title='bbox 1937 4566 2033 4636; x_wconf 92' lang='lat' dir='ltr'><strong>qui</strong></span> <span class='ocrx_word' id='word_1_703' title='bbox 2063 4566 2187 4619; x_wconf 84' lang='lat' dir='ltr'><strong>deo-</strong></span> 
     </span>
    </p>
   </div>
   <div class='ocr_carea' id='block_1_94' title="bbox 2299 4559 3887 4648">
    <p class='ocr_par' dir='ltr' id='par_1_94' title="bbox 2299 4574 3887 4648">
     <span class='ocr_line' id='line_1_94' title="bbox 2299 4574 3887 4648; baseline -0.003 -19"><span class='ocrx_word' id='word_1_704' title='bbox 2299 4574 2484 4646; x_wconf 79' lang='grc' dir='ltr'><strong>ἀροῦν.</strong></span> <span class='ocrx_word' id='word_1_705' title='bbox 2546 4575 2628 4628; x_wconf 78' lang='grc' dir='ltr'>Τὰ</span> <span class='ocrx_word' id='word_1_706' title='bbox 2674 4575 2732 4629; x_wconf 82' lang='grc' dir='ltr'><strong>δὲ</strong></span> <span class='ocrx_word' id='word_1_707' title='bbox 2797 4576 3048 4648; x_wconf 82' lang='grc' dir='ltr'><strong>πρόόατα</strong></span> <span class='ocrx_word' id='word_1_708' title='bbox 3099 4576 3304 4628; x_wconf 87' lang='grc' dir='ltr'><strong>τίκτειν</strong></span> <span class='ocrx_word' id='word_1_709' title='bbox 3362 4576 3459 4629; x_wconf 72' lang='grc' dir='ltr'><strong>καὶ</strong></span> <span class='ocrx_word' id='word_1_710' title='bbox 3495 4575 3706 4644; x_wconf 76' lang='grc' dir='ltr'><strong>σκέπην</strong></span> <span class='ocrx_word' id='word_1_711' title='bbox 3744 4588 3887 4642; x_wconf 84' lang='grc' dir='ltr'><strong>παρ-</strong></span> 
     </span>
    </p>
   </div>
   <div class='ocr_carea' id='block_1_95' title="bbox 616 4652 2195 4740">
    <p class='ocr_par' dir='ltr' id='par_1_95' title="bbox 616 4652 2189 4727">
     <span class='ocr_line' id='line_1_95' title="bbox 616 4652 2189 4727; baseline 0.003 -21"><span class='ocrx_word' id='word_1_712' title='bbox 616 4667 740 4707; x_wconf 88' lang='lat' dir='ltr'><strong>rum</strong></span> <span class='ocrx_word' id='word_1_713' title='bbox 774 4652 1105 4707; x_wconf 89' lang='lat' dir='ltr'><strong>novissimus</strong></span> <span class='ocrx_word' id='word_1_714' title='bbox 1129 4661 1246 4718; x_wconf 87' lang='lat' dir='ltr'><strong>est,</strong></span> <span class='ocrx_word' id='word_1_715' title='bbox 1283 4654 1338 4707; x_wconf 89' lang='lat' dir='ltr'><strong>in</strong></span> <span class='ocrx_word' id='word_1_716' title='bbox 1368 4653 1602 4726; x_wconf 64' lang='lat' dir='ltr'><strong>Egypto</strong></span> <span class='ocrx_word' id='word_1_717' title='bbox 1632 4672 1891 4727; x_wconf 80' lang='lat' dir='ltr'><strong>regnasse</strong></span> <span class='ocrx_word' id='word_1_718' title='bbox 1913 4696 1930 4722; x_wconf 91' lang='lat'><strong>,</strong></span> <span class='ocrx_word' id='word_1_719' title='bbox 1960 4656 2189 4725; x_wconf 81' lang='lat' dir='ltr'><strong>ejusque</strong></span> 
     </span>
    </p>
   </div>
   <div class='ocr_carea' id='block_1_96' title="bbox 2299 4652 3888 4740">
    <p class='ocr_par' dir='ltr' id='par_1_96' title="bbox 2299 4667 3888 4740">
     <span class='ocr_line' id='line_1_96' title="bbox 2299 4667 3888 4740; baseline 0 -19"><span class='ocrx_word' id='word_1_720' title='bbox 2299 4667 2459 4739; x_wconf 82' lang='grc' dir='ltr'><strong>ἐχειν,</strong></span> <span class='ocrx_word' id='word_1_721' title='bbox 2496 4670 2591 4722; x_wconf 63' lang='grc' dir='ltr'><strong>καί⁹</strong></span> <span class='ocrx_word' id='word_1_722' title='bbox 2617 4670 2716 4740; x_wconf 87' lang='grc' dir='ltr'><strong>τὴν</strong></span> <span class='ocrx_word' id='word_1_723' title='bbox 2761 4670 2850 4724; x_wconf 77' lang='grc' dir='ltr'><strong>διὰ</strong></span> <span class='ocrx_word' id='word_1_724' title='bbox 2876 4670 2970 4724; x_wconf 84' lang='grc' dir='ltr'><strong>τοῦ</strong></span> <span class='ocrx_word' id='word_1_725' title='bbox 3003 4669 3273 4738; x_wconf 82' lang='grc' dir='ltr'><strong>γάλακτος</strong></span> <span class='ocrx_word' id='word_1_726' title='bbox 3313 4668 3529 4723; x_wconf 74' lang='grc' dir='ltr'><strong>καὶτοῦ</strong></span> <span class='ocrx_word' id='word_1_727' title='bbox 3563 4667 3729 4739; x_wconf 80' lang='grc' dir='ltr'><strong>τυροῦ</strong></span> <span class='ocrx_word' id='word_1_728' title='bbox 3759 4684 3888 4740; x_wconf 86' lang='grc' dir='ltr'><strong>τρο-</strong></span> 
     </span>
    </p>
   </div>
   <div class='ocr_carea' id='block_1_97' title="bbox 616 4744 2195 4834">
    <p class='ocr_par' dir='ltr' id='par_1_97' title="bbox 616 4744 2189 4819">
     <span class='ocr_line' id='line_1_97' title="bbox 616 4744 2189 4819; baseline 0.004 -22"><span class='ocrx_word' id='word_1_729' title='bbox 616 4759 839 4809; x_wconf 88' lang='lat' dir='ltr'><strong>nomen,</strong></span> <span class='ocrx_word' id='word_1_730' title='bbox 876 4744 1223 4815; x_wconf 86' lang='lat' dir='ltr'><strong>interpretari</strong></span> <span class='ocrx_word' id='word_1_731' title='bbox 1255 4747 1302 4802; x_wconf 86' lang='lat' dir='ltr'><strong>si</strong></span> <span class='ocrx_word' id='word_1_732' title='bbox 1331 4748 1483 4816; x_wconf 86' lang='lat' dir='ltr'><strong>velis,</strong></span> <span class='ocrx_word' id='word_1_733' title='bbox 1511 4749 1817 4819; x_wconf 81' lang='lat' dir='ltr'><strong>Apollinem</strong></span> <span class='ocrx_word' id='word_1_734' title='bbox 1851 4749 2189 4819; x_wconf 76' lang='lat' dir='ltr'><strong>signiﬁcare;</strong></span> 
     </span>
    </p>
   </div>
   <div class='ocr_carea' id='block_1_98' title="bbox 2299 4744 3887 4834">
    <p class='ocr_par' dir='ltr' id='par_1_98' title="bbox 2299 4759 3887 4834">
     <span class='ocr_line' id='line_1_98' title="bbox 2299 4759 3887 4834; baseline -0.001 -22"><span class='ocrx_word' id='word_1_735' title='bbox 2299 4760 2424 4830; x_wconf 83' lang='grc' dir='ltr'><strong>φήν.</strong></span> <span class='ocrx_word' id='word_1_736' title='bbox 2461 4760 2563 4814; x_wconf 76' lang='grc' dir='ltr'><strong>Τὸν</strong></span> <span class='ocrx_word' id='word_1_737' title='bbox 2611 4760 2667 4814; x_wconf 79' lang='grc' dir='ltr'><strong>δὲ</strong></span> <span class='ocrx_word' id='word_1_738' title='bbox 2706 4760 2845 4815; x_wconf 82' lang='grc' dir='ltr'><strong>κύνα</strong></span> <span class='ocrx_word' id='word_1_739' title='bbox 2890 4761 3239 4834; x_wconf 81' lang='grc' dir='ltr'><strong>συνθηρεύειν</strong></span> <span class='ocrx_word' id='word_1_740' title='bbox 3268 4760 3595 4832; x_wconf 78' lang='grc' dir='ltr'><strong>ἀνθρώποις,</strong></span> <span class='ocrx_word' id='word_1_741' title='bbox 3642 4759 3737 4813; x_wconf 77' lang='grc' dir='ltr'><strong>καὶ</strong></span> <span class='ocrx_word' id='word_1_742' title='bbox 3782 4776 3887 4828; x_wconf 74' lang='grc' dir='ltr'><strong>φυσ-</strong></span> 
     </span>
    </p>
   </div>
   <div class='ocr_carea' id='block_1_99' title="bbox 617 4836 2195 4924">
    <p class='ocr_par' dir='ltr' id='par_1_99' title="bbox 617 4836 2191 4909">
     <span class='ocr_line' id='line_1_99' title="bbox 617 4836 2191 4909; baseline 0.004 -20"><span class='ocrx_word' id='word_1_743' title='bbox 617 4837 711 4904; x_wconf 90' lang='lat' dir='ltr'><strong>qui</strong></span> <span class='ocrx_word' id='word_1_744' title='bbox 745 4837 890 4907; x_wconf 87' lang='lat' dir='ltr'><strong>quod</strong></span> <span class='ocrx_word' id='word_1_745' title='bbox 921 4837 992 4891; x_wconf 88' lang='lat' dir='ltr'><strong>ab</strong></span> <span class='ocrx_word' id='word_1_746' title='bbox 1021 4836 1158 4893; x_wconf 89' lang='lat' dir='ltr'><strong>Iside</strong></span> <span class='ocrx_word' id='word_1_747' title='bbox 1203 4848 1425 4909; x_wconf 86' lang='lat' dir='ltr'><strong>parente</strong></span> <span class='ocrx_word' id='word_1_748' title='bbox 1467 4839 1720 4896; x_wconf 88' lang='lat' dir='ltr'><strong>medendi</strong></span> <span class='ocrx_word' id='word_1_749' title='bbox 1765 4855 1832 4895; x_wconf 90' lang='lat' dir='ltr'><strong>ac</strong></span> <span class='ocrx_word' id='word_1_750' title='bbox 1860 4841 2191 4897; x_wconf 85' lang='lat' dir='ltr'><strong>vaticinandi</strong></span> 
     </span>
    </p>
   </div>
   <div class='ocr_carea' id='block_1_100' title="bbox 2299 4836 3885 4924">
    <p class='ocr_par' dir='ltr' id='par_1_100' title="bbox 2299 4847 3885 4924">
     <span class='ocr_line' id='line_1_100' title="bbox 2299 4847 3885 4924; baseline 0.001 -21"><span class='ocrx_word' id='word_1_751' title='bbox 2299 4849 2550 4905; x_wconf 81' lang='grc' dir='ltr'><strong>λακτικὺν</strong></span> <span class='ocrx_word' id='word_1_752' title='bbox 2579 4847 2738 4906; x_wconf 74' lang='grc' dir='ltr'><strong>εἶναι.</strong></span> <span class='ocrx_word' id='word_1_753' title='bbox 2769 4851 2970 4924; x_wconf 84' lang='grc' dir='ltr'><strong>Διόπερ</strong></span> <span class='ocrx_word' id='word_1_754' title='bbox 3000 4852 3091 4906; x_wconf 82' lang='grc' dir='ltr'><strong>τὸν</strong></span> <span class='ocrx_word' id='word_1_755' title='bbox 3114 4851 3237 4906; x_wconf 84' lang='grc' dir='ltr'><strong>θεὸν</strong></span> <span class='ocrx_word' id='word_1_756' title='bbox 3273 4852 3365 4905; x_wconf 83' lang='grc' dir='ltr'><strong>τὸν</strong></span> <span class='ocrx_word' id='word_1_757' title='bbox 3394 4853 3526 4922; x_wconf 75' lang='grc' dir='ltr'><strong>παρ’</strong></span> <span class='ocrx_word' id='word_1_758' title='bbox 3563 4851 3748 4915; x_wconf 78' lang='grc' dir='ltr'><strong>αὐτοῖς</strong></span> <span class='ocrx_word' id='word_1_759' title='bbox 3785 4866 3885 4905; x_wconf 85' lang='grc' dir='ltr'><strong>κα-</strong></span> 
     </span>
    </p>
   </div>
   <div class='ocr_carea' id='block_1_101' title="bbox 616 4929 2195 5021">
    <p class='ocr_par' dir='ltr' id='par_1_101' title="bbox 616 4929 2193 5021">
     <span class='ocr_line' id='line_1_101' title="bbox 616 4929 2193 5021; baseline 0.006 -39"><span class='ocrx_word' id='word_1_760' title='bbox 616 4936 791 4983; x_wconf 84' lang='lat' dir='ltr'><strong>artem</strong></span> <span class='ocrx_word' id='word_1_761' title='bbox 836 4929 1138 4994; x_wconf 87' lang='lat' dir='ltr'><strong>didicisset,</strong></span> <span class='ocrx_word' id='word_1_762' title='bbox 1179 4931 1406 4988; x_wconf 87' lang='lat' dir='ltr'><strong>edendis</strong></span> <span class='ocrx_word' id='word_1_763' title='bbox 1455 4933 1696 4989; x_wconf 88' lang='lat' dir='ltr'><strong>oraculis</strong></span> <span class='ocrx_word' id='word_1_764' title='bbox 1735 4934 2055 5021; x_wconf 79' lang='lat' dir='ltr'><strong>morbisque</strong></span> <span class='ocrx_word' id='word_1_765' title='bbox 2100 4950 2193 4991; x_wconf 80' lang='lat' dir='ltr'><strong>sa-</strong></span> 
     </span>
    </p>
   </div>
   <div class='ocr_carea' id='block_1_102' title="bbox 2299 4929 3884 5021">
    <p class='ocr_par' dir='ltr' id='par_1_102' title="bbox 2299 4941 3884 5016">
     <span class='ocr_line' id='line_1_102' title="bbox 2299 4941 3884 5016; baseline 0 -21"><span class='ocrx_word' id='word_1_766' title='bbox 2299 4941 2555 5015; x_wconf 87' lang='grc' dir='ltr'><strong>λούμενον</strong></span> <span class='ocrx_word' id='word_1_767' title='bbox 2592 4944 2865 5008; x_wconf 71' lang='grc' dir='ltr'><strong>Ἄνουϐιν,</strong></span> <span class='ocrx_word' id='word_1_768' title='bbox 2910 4944 3070 5009; x_wconf 79' lang='grc' dir='ltr'><strong>κυνὸς</strong></span> <span class='ocrx_word' id='word_1_769' title='bbox 3115 4945 3257 5016; x_wconf 74' lang='grc' dir='ltr'><strong>ἔχειν</strong></span> <span class='ocrx_word' id='word_1_770' title='bbox 3294 4944 3553 5015; x_wconf 79' lang='grc' dir='ltr'><strong>κεφαλήν·</strong></span> <span class='ocrx_word' id='word_1_771' title='bbox 3596 4941 3884 5014; x_wconf 67' lang='grc' dir='ltr'><strong>ὄμφαίνον-</strong></span> 
     </span>
    </p>
   </div>
   <div class='ocr_carea' id='block_1_103' title="bbox 618 5022 2195 5107">
    <p class='ocr_par' dir='ltr' id='par_1_103' title="bbox 618 5022 2195 5096">
     <span class='ocr_line' id='line_1_103' title="bbox 618 5022 2195 5096; baseline 0.006 -22"><span class='ocrx_word' id='word_1_772' title='bbox 618 5022 818 5078; x_wconf 87' lang='lat' dir='ltr'><strong>nandis</strong></span> <span class='ocrx_word' id='word_1_773' title='bbox 863 5025 1069 5093; x_wconf 89' lang='lat' dir='ltr'><strong>optime</strong></span> <span class='ocrx_word' id='word_1_774' title='bbox 1106 5025 1176 5080; x_wconf 89' lang='lat' dir='ltr'><strong>de</strong></span> <span class='ocrx_word' id='word_1_775' title='bbox 1202 5026 1490 5080; x_wconf 81' lang='lat' dir='ltr'><strong>hominum</strong></span> <span class='ocrx_word' id='word_1_776' title='bbox 1531 5040 1730 5096; x_wconf 88' lang='lat' dir='ltr'><strong>genere</strong></span> <span class='ocrx_word' id='word_1_777' title='bbox 1770 5037 2064 5083; x_wconf 89' lang='lat' dir='ltr'><strong>mereatur.</strong></span> <span class='ocrx_word' id='word_1_778' title='bbox 2098 5027 2195 5085; x_wconf 82' lang='lat' dir='ltr'><strong>Est</strong></span> 
     </span>
    </p>
   </div>
   <div class='ocr_carea' id='block_1_104' title="bbox 2299 5022 3883 5107">
    <p class='ocr_par' dir='ltr' id='par_1_104' title="bbox 2299 5032 3883 5107">
     <span class='ocr_line' id='line_1_104' title="bbox 2299 5032 3883 5107; baseline 0.001 -21"><span class='ocrx_word' id='word_1_779' title='bbox 2299 5051 2407 5098; x_wconf 76' lang='grc' dir='ltr'><strong>Ιιιες,</strong></span> <span class='ocrx_word' id='word_1_780' title='bbox 2440 5035 2526 5089; x_wconf 84' lang='grc' dir='ltr'><strong>ὅτι</strong></span> <span class='ocrx_word' id='word_1_781' title='bbox 2562 5035 2965 5107; x_wconf 82' lang='grc' dir='ltr'><strong>σωματοφύλαξ</strong></span> <span class='ocrx_word' id='word_1_782' title='bbox 3004 5032 3074 5107; x_wconf 82' lang='grc' dir='ltr'><strong>ἦν</strong></span> <span class='ocrx_word' id='word_1_783' title='bbox 3102 5035 3210 5090; x_wconf 87' lang='grc' dir='ltr'><strong>τῶν</strong></span> <span class='ocrx_word' id='word_1_784' title='bbox 3242 5036 3371 5107; x_wconf 71' lang='grc' dir='ltr'><strong>περὶ</strong></span> <span class='ocrx_word' id='word_1_785' title='bbox 3395 5036 3488 5090; x_wconf 78' lang='grc' dir='ltr'><strong>τὸν</strong></span> <span class='ocrx_word' id='word_1_786' title='bbox 3527 5036 3742 5106; x_wconf 85' lang='grc' dir='ltr'><strong>Ὄσιριν</strong></span> <span class='ocrx_word' id='word_1_787' title='bbox 3787 5035 3883 5088; x_wconf 74' lang='grc' dir='ltr'><strong>καὶ</strong></span> 
     </span>
    </p>
   </div>
   <div class='ocr_carea' id='block_1_105' title="bbox 614 5114 2195 5198">
    <p class='ocr_par' dir='ltr' id='par_1_105' title="bbox 614 5114 2193 5189">
     <span class='ocr_line' id='line_1_105' title="bbox 614 5114 2193 5189; baseline 0.004 -19"><span class='ocrx_word' id='word_1_788' title='bbox 614 5124 800 5170; x_wconf 79' lang='lat' dir='ltr'><strong>autem</strong></span> <span class='ocrx_word' id='word_1_789' title='bbox 837 5114 954 5171; x_wconf 70' lang='lat' dir='ltr'><strong>haec</strong></span> <span class='ocrx_word' id='word_1_790' title='bbox 976 5118 1287 5173; x_wconf 88' lang='lat' dir='ltr'><strong>communis</strong></span> <span class='ocrx_word' id='word_1_791' title='bbox 1311 5118 1674 5189; x_wconf 89' lang='lat' dir='ltr'><strong>plurimorum</strong></span> <span class='ocrx_word' id='word_1_792' title='bbox 1704 5120 2037 5175; x_wconf 77' lang='lat' dir='ltr'><strong>existimatio</strong></span> <span class='ocrx_word' id='word_1_793' title='bbox 2058 5160 2073 5187; x_wconf 89' lang='lat'><strong>,</strong></span> <span class='ocrx_word' id='word_1_794' title='bbox 2099 5120 2193 5177; x_wconf 85' lang='lat' dir='ltr'><strong>Gi-</strong></span> 
     </span>
    </p>
   </div>
   <div class='ocr_carea' id='block_1_106' title="bbox 2299 5114 3884 5198">
    <p class='ocr_par' dir='ltr' id='par_1_106' title="bbox 2299 5121 3884 5198">
     <span class='ocr_line' id='line_1_106' title="bbox 2299 5121 3884 5198; baseline 0.001 -19"><span class='ocrx_word' id='word_1_795' title='bbox 2299 5125 2390 5198; x_wconf 77' lang='grc' dir='ltr'><strong>τὴν</strong></span> <span class='ocrx_word' id='word_1_796' title='bbox 2440 5121 2603 5181; x_wconf 82' lang='grc' dir='ltr'><strong>Ἶσιν.</strong></span> <span class='ocrx_word' id='word_1_797' title='bbox 2655 5127 2830 5181; x_wconf 87' lang='grc' dir='ltr'><strong>Ἔνιοι</strong></span> <span class='ocrx_word' id='word_1_798' title='bbox 2876 5127 2935 5181; x_wconf 73' lang='grc' dir='ltr'><strong>δέ</strong></span> <span class='ocrx_word' id='word_1_799' title='bbox 2981 5144 3135 5197; x_wconf 87' lang='grc' dir='ltr'><strong>φασι,</strong></span> <span class='ocrx_word' id='word_1_800' title='bbox 3173 5128 3271 5198; x_wconf 81' lang='grc' dir='ltr'><strong>τῆς</strong></span> <span class='ocrx_word' id='word_1_801' title='bbox 3304 5126 3498 5191; x_wconf 82' lang='grc' dir='ltr'><strong>Ἴσιδος</strong></span> <span class='ocrx_word' id='word_1_802' title='bbox 3539 5124 3884 5197; x_wconf 73' lang='grc' dir='ltr'><strong>προηγουμέ-</strong></span> 
     </span>
    </p>
   </div>
   <div class='ocr_carea' id='block_1_107' title="bbox 614 5207 2195 5292">
    <p class='ocr_par' dir='ltr' id='par_1_107' title="bbox 614 5207 2189 5280">
     <span class='ocr_line' id='line_1_107' title="bbox 614 5207 2189 5280; baseline 0.003 -20"><span class='ocrx_word' id='word_1_803' title='bbox 614 5213 812 5277; x_wconf 81' lang='lat' dir='ltr'><strong>gautas</strong></span> <span class='ocrx_word' id='word_1_804' title='bbox 845 5207 1112 5277; x_wconf 86' lang='lat' dir='ltr'><strong>quosdam</strong></span> <span class='ocrx_word' id='word_1_805' title='bbox 1145 5207 1373 5261; x_wconf 87' lang='lat' dir='ltr'><strong>immani</strong></span> <span class='ocrx_word' id='word_1_806' title='bbox 1416 5216 1683 5279; x_wconf 84' lang='lat' dir='ltr'><strong>vastaque</strong></span> <span class='ocrx_word' id='word_1_807' title='bbox 1719 5207 1862 5263; x_wconf 90' lang='lat' dir='ltr'><strong>mole</strong></span> <span class='ocrx_word' id='word_1_808' title='bbox 1900 5210 2148 5280; x_wconf 86' lang='lat' dir='ltr'><strong>corporis</strong></span> <span class='ocrx_word' id='word_1_809' title='bbox 2173 5250 2189 5277; x_wconf 91' lang='lat'><strong>,</strong></span> 
     </span>
    </p>
   </div>
   <div class='ocr_carea' id='block_1_108' title="bbox 2299 5207 3881 5292">
    <p class='ocr_par' dir='ltr' id='par_1_108' title="bbox 2299 5217 3881 5292">
     <span class='ocr_line' id='line_1_108' title="bbox 2299 5217 3881 5292; baseline -0.002 -19"><span class='ocrx_word' id='word_1_810' title='bbox 2299 5234 2389 5288; x_wconf 78' lang='grc' dir='ltr'><strong>ντις</strong></span> <span class='ocrx_word' id='word_1_811' title='bbox 2419 5219 2545 5281; x_wconf 78' lang='grc' dir='ltr'><strong>τοὺς</strong></span> <span class='ocrx_word' id='word_1_812' title='bbox 2579 5217 2766 5285; x_wconf 88' lang='grc' dir='ltr'><strong>κύνας,</strong></span> <span class='ocrx_word' id='word_1_813' title='bbox 2796 5219 2920 5276; x_wconf 78' lang='grc' dir='ltr'><strong>καθ’</strong></span> <span class='ocrx_word' id='word_1_814' title='bbox 2952 5220 3011 5274; x_wconf 84' lang='grc' dir='ltr'><strong>δν</strong></span> <span class='ocrx_word' id='word_1_815' title='bbox 3059 5220 3252 5292; x_wconf 77' lang='grc' dir='ltr'><strong>καιρὸν</strong></span> <span class='ocrx_word' id='word_1_816' title='bbox 3295 5219 3474 5291; x_wconf 64' lang='grc' dir='ltr'><strong>ἐζήτει</strong></span> <span class='ocrx_word' id='word_1_817' title='bbox 3509 5218 3602 5273; x_wconf 80' lang='grc' dir='ltr'><strong>τὸν</strong></span> <span class='ocrx_word' id='word_1_818' title='bbox 3643 5220 3881 5290; x_wconf 86' lang='grc' dir='ltr'><strong>Ὄσιριν,</strong></span> 
     </span>
    </p>
   </div>
   <div class='ocr_carea' id='block_1_109' title="bbox 617 5299 2195 5384">
    <p class='ocr_par' dir='ltr' id='par_1_109' title="bbox 617 5299 2188 5371">
     <span class='ocr_line' id='line_1_109' title="bbox 617 5299 2188 5371; baseline 0.003 -19"><span class='ocrx_word' id='word_1_819' title='bbox 617 5312 687 5352; x_wconf 76' lang='lat' dir='ltr'><strong>ac</strong></span> <span class='ocrx_word' id='word_1_820' title='bbox 720 5299 1031 5370; x_wconf 73' lang='lat' dir='ltr'><strong>prodigiose</strong></span> <span class='ocrx_word' id='word_1_821' title='bbox 1068 5300 1308 5371; x_wconf 79' lang='lat' dir='ltr'><strong>quodam</strong></span> <span class='ocrx_word' id='word_1_822' title='bbox 1337 5300 1639 5357; x_wconf 82' lang='lat' dir='ltr'><strong>instructos</strong></span> <span class='ocrx_word' id='word_1_823' title='bbox 1668 5312 1928 5371; x_wconf 87' lang='lat' dir='ltr'><strong>apparatu</strong></span> <span class='ocrx_word' id='word_1_824' title='bbox 1949 5342 1965 5369; x_wconf 89' lang='lat'><strong>,</strong></span> <span class='ocrx_word' id='word_1_825' title='bbox 1998 5300 2188 5358; x_wconf 84' lang='lat' dir='ltr'><strong>Jovem</strong></span> 
     </span>
    </p>
   </div>
   <div class='ocr_carea' id='block_1_110' title="bbox 2299 5299 3882 5384">
    <p class='ocr_par' dir='ltr' id='par_1_110' title="bbox 2299 5309 3882 5384">
     <span class='ocr_line' id='line_1_110' title="bbox 2299 5309 3882 5384; baseline -0.001 -21"><span class='ocrx_word' id='word_1_826' title='bbox 2299 5311 2363 5364; x_wconf 82' lang='grc' dir='ltr'><strong>τά</strong></span> <span class='ocrx_word' id='word_1_827' title='bbox 2393 5310 2651 5382; x_wconf 72' lang='grc' dir='ltr'><strong>τε,θηρία</strong></span> <span class='ocrx_word' id='word_1_828' title='bbox 2693 5313 2787 5367; x_wconf 78' lang='grc' dir='ltr'><strong>καὶ</strong></span> <span class='ocrx_word' id='word_1_829' title='bbox 2828 5314 2955 5377; x_wconf 82' lang='grc' dir='ltr'><strong>τοὺς</strong></span> <span class='ocrx_word' id='word_1_830' title='bbox 3001 5311 3362 5376; x_wconf 81' lang='grc' dir='ltr'><strong>ἀπαντῶντας</strong></span> <span class='ocrx_word' id='word_1_831' title='bbox 3417 5310 3724 5384; x_wconf 73' lang='grc' dir='ltr'><strong>ἀπείργειν.</strong></span> <span class='ocrx_word' id='word_1_832' title='bbox 3771 5309 3882 5363; x_wconf 73' lang='grc' dir='ltr'><strong>Καὶ</strong></span> 
     </span>
    </p>
   </div>
   <div class='ocr_carea' id='block_1_111' title="bbox 618 5388 2195 5477">
    <p class='ocr_par' dir='ltr' id='par_1_111' title="bbox 618 5388 2191 5464">
     <span class='ocr_line' id='line_1_111' title="bbox 618 5388 2191 5464; baseline 0.003 -19"><span class='ocrx_word' id='word_1_833' title='bbox 618 5389 934 5462; x_wconf 86' lang='lat' dir='ltr'><strong>Osirimque</strong></span> <span class='ocrx_word' id='word_1_834' title='bbox 978 5392 1135 5457; x_wconf 86' lang='lat' dir='ltr'><strong>deos,</strong></span> <span class='ocrx_word' id='word_1_835' title='bbox 1180 5391 1342 5449; x_wconf 84' lang='lat' dir='ltr'><strong>Isidis</strong></span> <span class='ocrx_word' id='word_1_836' title='bbox 1388 5393 1728 5464; x_wconf 88' lang='lat' dir='ltr'><strong>temporibus</strong></span> <span class='ocrx_word' id='word_1_837' title='bbox 1786 5394 1928 5450; x_wconf 86' lang='lat' dir='ltr'><strong>bello</strong></span> <span class='ocrx_word' id='word_1_838' title='bbox 1971 5388 2191 5452; x_wconf 83' lang='lat' dir='ltr'><strong>lacessi-</strong></span> 
     </span>
    </p>
   </div>
   <div class='ocr_carea' id='block_1_112' title="bbox 2299 5388 3877 5477">
    <p class='ocr_par' dir='ltr' id='par_1_112' title="bbox 2299 5401 3877 5477">
     <span class='ocr_line' id='line_1_112' title="bbox 2299 5401 3877 5477; baseline 0.001 -23"><span class='ocrx_word' id='word_1_839' title='bbox 2299 5401 2385 5454; x_wconf 81' lang='grc' dir='ltr'><strong>τὸν</strong></span> <span class='ocrx_word' id='word_1_840' title='bbox 2418 5402 2518 5471; x_wconf 63' lang='grc' dir='ltr'><strong>μιν</strong></span> <span class='ocrx_word' id='word_1_841' title='bbox 2547 5402 2798 5474; x_wconf 74' lang='grc' dir='ltr'><strong>αἴλουρον</strong></span> <span class='ocrx_word' id='word_1_842' title='bbox 2832 5406 2966 5477; x_wconf 82' lang='grc' dir='ltr'><strong>πρὸς</strong></span> <span class='ocrx_word' id='word_1_843' title='bbox 3001 5405 3100 5468; x_wconf 79' lang='grc' dir='ltr'><strong>τὰς</strong></span> <span class='ocrx_word' id='word_1_844' title='bbox 3146 5404 3380 5465; x_wconf 81' lang='grc' dir='ltr'><strong>ἀσπίδας</strong></span> <span class='ocrx_word' id='word_1_845' title='bbox 3420 5402 3640 5459; x_wconf 80' lang='grc' dir='ltr'><strong>εὔθετον</strong></span> <span class='ocrx_word' id='word_1_846' title='bbox 3695 5401 3877 5472; x_wconf 74' lang='grc' dir='ltr'><strong>ὑπάρ-</strong></span> 
     </span>
    </p>
   </div>
   <div class='ocr_carea' id='block_1_113' title="bbox 616 5480 2195 5570">
    <p class='ocr_par' dir='ltr' id='par_1_113' title="bbox 616 5480 2190 5560">
     <span class='ocr_line' id='line_1_113' title="bbox 616 5480 2190 5560; baseline 0.004 -23"><span class='ocrx_word' id='word_1_847' title='bbox 616 5480 788 5540; x_wconf 79' lang='lat' dir='ltr'><strong>vissc.</strong></span> <span class='ocrx_word' id='word_1_848' title='bbox 814 5481 893 5537; x_wconf 76' lang='lat' dir='ltr'><strong>Ex</strong></span> <span class='ocrx_word' id='word_1_849' title='bbox 920 5497 988 5539; x_wconf 91' lang='lat' dir='ltr'><strong>eo</strong></span> <span class='ocrx_word' id='word_1_850' title='bbox 1025 5484 1263 5555; x_wconf 85' lang='lat' dir='ltr'><strong>denique</strong></span> <span class='ocrx_word' id='word_1_851' title='bbox 1301 5484 1472 5556; x_wconf 88' lang='lat' dir='ltr'><strong>legem</strong></span> <span class='ocrx_word' id='word_1_852' title='bbox 1515 5485 1662 5541; x_wconf 89' lang='lat' dir='ltr'><strong>illam</strong></span> <span class='ocrx_word' id='word_1_853' title='bbox 1707 5483 2087 5560; x_wconf 68' lang='lat' dir='ltr'><strong>£gyptiorum</strong></span> <span class='ocrx_word' id='word_1_854' title='bbox 2121 5490 2190 5543; x_wconf 89' lang='lat' dir='ltr'><strong>de</strong></span> 
     </span>
    </p>
   </div>
   <div class='ocr_carea' id='block_1_114' title="bbox 2299 5480 3881 5570">
    <p class='ocr_par' dir='ltr' id='par_1_114' title="bbox 2299 5493 3881 5570">
     <span class='ocr_line' id='line_1_114' title="bbox 2299 5493 3881 5570; baseline 0.001 -25"><span class='ocrx_word' id='word_1_855' title='bbox 2299 5510 2410 5564; x_wconf 79' lang='grc' dir='ltr'><strong>χειν</strong></span> <span class='ocrx_word' id='word_1_856' title='bbox 2440 5495 2536 5548; x_wconf 78' lang='grc' dir='ltr'><strong>καὶ</strong></span> <span class='ocrx_word' id='word_1_857' title='bbox 2585 5496 2653 5549; x_wconf 74' lang='grc' dir='ltr'><strong>τὰ</strong></span> <span class='ocrx_word' id='word_1_858' title='bbox 2682 5496 2819 5552; x_wconf 68' lang='grc' dir='ltr'><strong>ἄλλα</strong></span> <span class='ocrx_word' id='word_1_859' title='bbox 2848 5497 3052 5553; x_wconf 85' lang='grc' dir='ltr'><strong>δακετὰ</strong></span> <span class='ocrx_word' id='word_1_860' title='bbox 3083 5498 3191 5552; x_wconf 85' lang='grc' dir='ltr'><strong>τῶν</strong></span> <span class='ocrx_word' id='word_1_861' title='bbox 3221 5497 3482 5570; x_wconf 78' lang='grc' dir='ltr'><strong>ἑρπετῶν,</strong></span> <span class='ocrx_word' id='word_1_862' title='bbox 3510 5498 3602 5552; x_wconf 83' lang='grc' dir='ltr'><strong>τὸν</strong></span> <span class='ocrx_word' id='word_1_863' title='bbox 3625 5496 3684 5550; x_wconf 68' lang='grc' dir='ltr'><strong>δὲ</strong></span> <span class='ocrx_word' id='word_1_864' title='bbox 3705 5493 3881 5567; x_wconf 83' lang='grc' dir='ltr'><strong>ίχνεύ-</strong></span> 
     </span>
    </p>
   </div>
   <div class='ocr_carea' id='block_1_115' title="bbox 617 5575 2195 5663">
    <p class='ocr_par' dir='ltr' id='par_1_115' title="bbox 617 5575 2185 5648">
     <span class='ocr_line' id='line_1_115' title="bbox 617 5575 2185 5648; baseline 0.003 -18"><span class='ocrx_word' id='word_1_865' title='bbox 617 5575 971 5630; x_wconf 81' lang='lat' dir='ltr'><strong>matrimonio</strong></span> <span class='ocrx_word' id='word_1_866' title='bbox 997 5589 1124 5631; x_wconf 87' lang='lat' dir='ltr'><strong>cum</strong></span> <span class='ocrx_word' id='word_1_867' title='bbox 1147 5576 1430 5633; x_wconf 84' lang='lat' dir='ltr'><strong>sororibus</strong></span> <span class='ocrx_word' id='word_1_868' title='bbox 1457 5577 1697 5637; x_wconf 85' lang='lat' dir='ltr'><strong>ineundo</strong></span> <span class='ocrx_word' id='word_1_869' title='bbox 1723 5578 1949 5637; x_wconf 78' lang='lat' dir='ltr'><strong>ﬂuxisse</strong></span> <span class='ocrx_word' id='word_1_870' title='bbox 1974 5580 2185 5648; x_wconf 81' lang='lat' dir='ltr'><strong>volunt,</strong></span> 
     </span>
    </p>
   </div>
   <div class='ocr_carea' id='block_1_116' title="bbox 2299 5575 3879 5663">
    <p class='ocr_par' dir='ltr' id='par_1_116' title="bbox 2299 5587 3879 5663">
     <span class='ocr_line' id='line_1_116' title="bbox 2299 5587 3879 5663; baseline 0.001 -23"><span class='ocrx_word' id='word_1_871' title='bbox 2299 5602 2455 5656; x_wconf 86' lang='grc' dir='ltr'><strong>μονα,</strong></span> <span class='ocrx_word' id='word_1_872' title='bbox 2483 5587 2554 5641; x_wconf 82' lang='grc' dir='ltr'><strong>τὰ</strong></span> <span class='ocrx_word' id='word_1_873' title='bbox 2594 5588 2704 5644; x_wconf 86' lang='grc' dir='ltr'><strong>τῶν</strong></span> <span class='ocrx_word' id='word_1_874' title='bbox 2748 5589 3106 5663; x_wconf 83' lang='grc' dir='ltr'><strong>κροκοδείλων</strong></span> <span class='ocrx_word' id='word_1_875' title='bbox 3132 5590 3217 5645; x_wconf 77' lang='grc' dir='ltr'><strong>ὼά</strong></span> <span class='ocrx_word' id='word_1_876' title='bbox 3259 5590 3587 5661; x_wconf 76' lang='grc' dir='ltr'><strong>συντρίϐειν,</strong></span> <span class='ocrx_word' id='word_1_877' title='bbox 3635 5588 3879 5661; x_wconf 75' lang='grc' dir='ltr'><strong>ἀναιρεῖν</strong></span> 
     </span>
    </p>
   </div>
   <div class='ocr_carea' id='block_1_117' title="bbox 615 5688 2195 5833">
    <p class='ocr_par' dir='ltr' id='par_1_117' title="bbox 615 5688 2195 5833">
     <span class='ocr_line' id='line_1_117' title="bbox 640 5688 2195 5771; baseline 0.004 -25"><span class='ocrx_word' id='word_1_878' title='bbox 640 5690 804 5771; x_wconf 45' lang='grc'><strong>,(51)</strong></span> <span class='ocrx_word' id='word_1_879' title='bbox 855 5688 1284 5760; x_wconf 67' lang='grc' dir='ltr'><strong>Ἀφιερωμένων</strong></span> <span class='ocrx_word' id='word_1_880' title='bbox 1327 5689 1500 5754; x_wconf 74' lang='grc' dir='ltr'><strong>ζώων.</strong></span> <span class='ocrx_word' id='word_1_881' title='bbox 1546 5694 1838 5766; x_wconf 78' lang='lat' dir='ltr'><strong>Sequentia</strong></span> <span class='ocrx_word' id='word_1_882' title='bbox 1895 5698 1963 5756; x_wconf 87' lang='lat' dir='ltr'><strong>de</strong></span> <span class='ocrx_word' id='word_1_883' title='bbox 2013 5698 2195 5753; x_wconf 86' lang='lat' dir='ltr'><strong>anima</strong></span> 
     </span>
     <span class='ocr_line' id='line_1_118' title="bbox 615 5760 1201 5833; baseline -0.01 -15"><span class='ocrx_word' id='word_1_884' title='bbox 615 5760 694 5818; x_wconf 69' lang='grc' dir='ltr'><strong>ιιι»</strong></span> <span class='ocrx_word' id='word_1_885' title='bbox 748 5777 783 5822; x_wconf 89' lang='lat' dir='ltr'><strong>l,</strong></span> <span class='ocrx_word' id='word_1_886' title='bbox 820 5774 872 5829; x_wconf 89' lang='lat' dir='ltr'><strong>p.</strong></span> <span class='ocrx_word' id='word_1_887' title='bbox 911 5761 977 5815; x_wconf 72' lang='grc'><strong>74</strong></span> <span class='ocrx_word' id='word_1_888' title='bbox 1008 5766 1059 5815; x_wconf 86' lang='lat' dir='ltr'><strong>et</strong></span> <span class='ocrx_word' id='word_1_889' title='bbox 1091 5776 1201 5833; x_wconf 87' lang='lat' dir='ltr'><strong>seq.</strong></span> 
     </span>
    </p>
   </div>
   <div class='ocr_carea' id='block_1_118' title="bbox 2299 5688 3878 5833">
    <p class='ocr_par' dir='ltr' id='par_1_118' title="bbox 2299 5703 3878 5780">
     <span class='ocr_line' id='line_1_119' title="bbox 2299 5703 3878 5780; baseline 0.001 -23"><span class='ocrx_word' id='word_1_890' title='bbox 2299 5716 2378 5758; x_wconf 73' lang='lat' dir='ltr'><strong>Im</strong></span> <span class='ocrx_word' id='word_1_891' title='bbox 2426 5704 2570 5776; x_wconf 89' lang='lat' dir='ltr'><strong>apud</strong></span> <span class='ocrx_word' id='word_1_892' title='bbox 2627 5703 2920 5780; x_wconf 64' lang='lat' dir='ltr'><strong>Egyptios</strong></span> <span class='ocrx_word' id='word_1_893' title='bbox 2960 5707 3394 5773; x_wconf 83' lang='lat' dir='ltr'><strong>consecratione,</strong></span> <span class='ocrx_word' id='word_1_894' title='bbox 3430 5705 3699 5764; x_wconf 88' lang='lat' dir='ltr'><strong>Diodorus</strong></span> <span class='ocrx_word' id='word_1_895' title='bbox 3755 5703 3878 5760; x_wconf 82' lang='lat' dir='ltr'><strong>fuse</strong></span> 
     </span>
    </p>
   </div>
  </div>
