4154 6426
331 345 428 401 ιοι

1489 325 1805 386 ΡΒᾸΞΡΑΒ.
1848 322 2109 380 EVANG.
2153 321 2281 377 LIB.
2324 320 2388 377 Π.

3492 315 3595 368 102

326 482 390 522 τε
421 465 515 519 καὶ
545 464 670 528 τοὺς
708 459 1083 532 κροκοδείλους
1117 456 1272 527 πηλῷ
1300 454 1639 524 κυλιόμενον,
1670 451 1765 504 καί
1797 451 1911 502 ὲπι-

2014 444 2126 517 49
2165 443 2311 512 quod
2340 439 2516 498 Osiris
2542 438 2750 510 primus
2771 437 2968 494 lsidem
2991 449 3241 495 sororem
3271 436 3326 489 in
3363 448 3589 491 uxorem

329 556 588 627 πηδῶντα
610 556 863 627 κεχῄνοσι
905 554 1016 616 τοῖς
1051 549 1302 620 στόμασι,
1346 545 1681 615 διαφαγόντα
1714 560 1773 594 τε
1812 542 1912 595 αύ-

329 649 442 702 τῶν
482 648 550 702 τὰ
586 648 735 711 ἐντὸς
762 647 863 717 τῆς
920 643 1164 708 κοιλίας,
1200 640 1427 711 νεκροὺς
1474 634 1906 708 ἀπεργάζεσθαι.

330 740 453 794 Τῶν
501 740 558 794 δὲ
597 739 823 812 ὀρνέων,
866 735 962 809 τὴν
1008 735 1106 806 μὲν
1157 733 1264 785 ἶϐιν
1311 730 1593 802 χρησίμην
1646 727 1913 797 ὑπάρχειν

328 831 467 904 πρός
489 849 549 885 τε
572 832 697 895 τοὺς
725 830 876 899 ὄφεις
899 827 993 882 καὶ
1019 826 1118 890 τὰς
1149 824 1376 895 ἀκρίδας
1400 822 1493 876 καὶ
1523 822 1621 885 τὰς
1661 820 1909 890 κάμπας·

325 926 420 981 τὸν
448 925 504 979 δὲ
561 925 776 997 ἱέρακα,
818 922 957 994 πρὸς
992 919 1121 982 τοὺς
1164 916 1462 989 σκορπίους
1493 915 1588 968 καὶ
1614 912 1908 982 κεράστας,

326 1019 422 1075 καὶ
452 1019 520 1073 τά
556 1016 728 1089 μικρά
757 1016 866 1070 τῶν
894 1013 1135 1069 δακετῶν
1168 1010 1393 1083 Θηρίων,
1434 1009 1527 1062 καί
1557 1006 1644 1059 διὰ
1677 1005 1737 1058 τὸ
1773 1021 1914 1075 συμ-

329 1109 621 1167 ϐάλλεσθαι
654 1111 774 1172 ταῖς
810 1107 1113 1179 μαντείαιςο
1146 1103 1235 1156 τὸν
1260 1104 1304 1157 δ’
1336 1098 1621 1156 ἁετὸν.διά
1658 1097 1719 1150 τὸ
1760 1098 1914 1168 βασι-

329 1198 477 1253 λικὸν
506 1195 665 1253 εἶναι’
698 1199 788 1252 τὸν
817 1197 872 1251 δὲ
899 1197 1100 1269 τράγον
1135 1194 1296 1262 φασὶν
1330 1187 1754 1251 ἁποτεθεῶσθαι,
1814 1200 1915 1239 κα·-

330 1291 506 1363 θάπερ
539 1292 772 1352 καὶτοῖς
807 1288 1030 1357 Ἕλλησι
1059 1286 1149 1339 τὸν
1196 1283 1464 1355 Πρίαπον,
1497 1280 1585 1333 διὰ
1631 1279 1692 1331 τὸ
1724 1295 1915 1349 γεννη-

326 1384 475 1437 τικὸν
510 1383 717 1455 μόριον*
754 1381 817 1434 τὸ
861 1380 957 1451 μὲν
990 1378 1098 1449 γὰρ
1130 1375 1267 1441 ζῶον
1302 1370 1440 1427 εἶναι
1470 1371 1627 1425 τοῦτο
1663 1386 1913 1437 κατωφε-

329 1475 586 1547 ρέστατον
621 1472 757 1545 πρὸς
783 1471 886 1535 τὰς
936 1467 1243 1530 συνουσίας,
1269 1465 1331 1518 τὸ
1362 1465 1419 1518 δὲ
1466 1464 1651 1535 μόριον
1678 1461 1770 1514 τοῦ
1804 1460 1913 1513 σώ-

333 1581 522 1634 ματος,
556 1564 617 1617 τὸ
644 1565 742 1634 τῆς
772 1563 1040 1632 γενέσεως
1069 1561 1261 1621 αἴτιον,
1294 1556 1557 1628 τιμᾶσθαι
1604 1553 1914 1624 προσηκόν-

324 1672 453 1718 τως,
490 1655 565 1720 ὡς
595 1654 659 1709 ἂν
699 1654 940 1725 ἀρχηγὸν
969 1652 1028 1706 ὃν
1059 1651 1161 1721 τῆς
1195 1650 1303 1704 τῶν
1334 1648 1489 1713 ζώων
1524 1647 1758 1716 φύσεως.
1799 1646 1917 1700 Κα-

327 1746 480 1801 θόλου
503 1748 560 1800 δὲ
594 1746 653 1799 τὸ
681 1748 902 1808 αἰίοἶον,
944 1745 1003 1796 οὐ
1035 1743 1153 1796 κατ’
1192 1742 1523 1811 Αἰγυπτίους
1564 1740 1743 1810 μόνον,
1778 1738 1914 1792 ἀλλά

326 1839 423 1893 καὶ
450 1837 560 1892 τῶν
589 1838 762 1891 ἄλλων
794 1838 894 1890 οὐκ
934 1835 1170 1904 ὀλίγους,
1189 1832 1585 1905 καθιερωκέναι
1623 1830 1764 1883 κατὰ
1810 1829 1909 1892 τὰς

326 1930 569 1993 τελετάς,
602 1928 676 1992 ὼς
702 1929 874 1981 αἴτιον
905 1926 1004 1996 τῆς
1036 1925 1145 1978 τῶν
1178 1924 1332 1989 ζώων
1357 1922 1641 1992 γενέσεως.
1682 1920 1820 1986 Τούς
1847 1937 1909 1974 τε

331 2023 499 2094 ἱερεῖς
540 2020 666 2084 τοὺς
709 2017 1122 2090 παραλαϐόντας
1164 2018 1262 2080 τὰς
1291 2015 1564 2087 πατρικὰς
1613 2015 1911 2086 ἱερωσύνας

329 2113 453 2167 κατ’
475 2110 769 2180 Αἴγυπτον,
792 2109 964 2180 τούτῳ
991 2107 1067 2179 τῷ
1093 2108 1198 2179 θεῷ
1235 2106 1508 2178 μυεῖσθαι·
1538 2104 1775 2167 καὶτοὺς
1798 2104 1911 2157 Πᾶ-

324 2218 425 2266 νας
464 2202 543 2265 δὲ,
580 2201 676 2254 καὶ
727 2201 855 2264 τοὺς
900 2198 1175 2269 Σατύρους
1217 2197 1380 2267 φασὶν
1417 2196 1577 2247 ἕνεκα
1607 2193 1706 2264 τῆς
1740 2192 1910 2263 αὐτῆς

325 2292 507 2357 αἰτίας
534 2291 799 2364 τιμᾶσθαι
840 2289 988 2362 παρά
1034 2286 1359 2360 ἀνθρώποις.
1392 2285 1481 2338 Διὸ
1510 2285 1603 2339 καὶ
1638 2284 1738 2348 τάς
1765 2283 1908 2337 εἰκό-

325 2402 426 2450 νας
467 2384 647 2439 αὐτῶν
673 2383 981 2437 ἀνατιθέναι
1021 2381 1146 2443 τοὺς
1173 2378 1458 2441 πλείστους
1492 2379 1550 2430 ὲν
1588 2378 1701 2440 τοῖς
1744 2376 1908 2448 ἱεροῖς

326 2475 690 2546 ἐντεταμένας
714 2517 728 2541 ,
774 2477 868 2528 καὶ
909 2475 974 2544 τῇ
1010 2472 1105 2525 τοῦ
1145 2471 1348 2543 τράγου
1404 2468 1563 2539 φύσει
1618 2467 1910 2540 παραπλη-

326 2568 474 2631 σίως·
504 2568 565 2621 τὸ
592 2567 700 2638 γὰρ
723 2565 860 2631 ζῶον
888 2564 1048 2618 τοῦτο
1076 2560 1463 2635 παραδίδοσθαι
1492 2559 1628 2629 πρὸς
1654 2558 1755 2622 τὰς
1786 2575 1910 2612 συν-

322 2661 510 2725 ουσίας
543 2661 809 2732 ὑπάρχειν
853 2658 1223 2730 ἐνεργότατον.
1261 2655 1400 2719 Τοὺς
1437 2653 1494 2707 δὲ
1517 2652 1750 2725 ταύρους
1781 2653 1907 2716 τοὺς

326 2759 527 2832 ἱεροὺς,
544 2757 635 2811 τὸν
658 2754 819 2810 ’Ἆπιν
838 2754 932 2809 καὶ
962 2755 1053 2808 τὸν
1086 2753 1291 2807 Μνεῦιν
1317 2751 1580 2823 τιμᾶσθαι
1613 2747 1908 2819 παραπληο

327 2851 457 2914 σίως
487 2852 599 2913 τοῖς
620 2847 782 2912 θεοῖς,
818 2847 933 2918 ἃμα
968 2846 1065 2917 μὲν
1094 2846 1182 2899 διά
1228 2844 1328 2915 τὴν
1372 2842 1666 2915 γεωργίαν,
1693 2839 1807 2911 ἅμα
1851 2838 1909 2893 δὲ

324 2940 421 2996 καὶ
459 2940 545 2994 διὰ
588 2940 649 2994 τὸ
694 2939 793 3010 τὴν
842 2937 1058 3009 ε’ύρεσιν
1102 2937 1209 2990 τῶν
1240 2933 1469 3007 καρπῶν
1508 2933 1689 2994 αὐτοῖς
1721 2931 1908 2983 ἀνατι-

325 3030 495 3085 θέναι.
525 3032 664 3096 Τοὺς
702 3030 759 3083 δὲ
801 3028 995 3092 λύκους
1040 3025 1324 3098 τιμᾶσθαι,
1365 3024 1451 3078 διά
1484 3023 1582 3095 τὴν
1610 3020 1747 3094 πρὸς
1781 3021 1909 3083 τοὺς

323 3127 496 3190 κύνας
523 3125 623 3196 τῆς
658 3123 872 3193 φύσεως
926 3119 1238 3191 ὁμοιότητα,
1282 3116 1378 3170 καὶ
1411 3115 1534 3168 ἐπεὶ
1575 3114 1638 3166 τὸ
1679 3110 1907 3166 παλαιόν
1934 3129 1977 3186 ο

323 3233 478 3290 φασι,
516 3215 615 3287 τῆς
650 3213 843 3276 Ἴσιδος
888 3210 1025 3282 μετά
1064 3209 1158 3263 τοῦ
1190 3206 1378 3270 παιδὸς
1408 3206 1573 3277 Ὤρου
1615 3201 1913 3274 μελλούσης

316 3304 736 3377 διαγωνίζεσθαι
791 3302 926 3374 πρὸς
973 3298 1226 3370 Τυφῶνα,
1280 3293 1681 3367 παραγενέσθαι
1722 3290 1915 3363 βοηθὸν

320 3400 384 3467 ἐξ
416 3397 543 3470 ᾅδου
572 3396 664 3450 τὸν
698 3395 912 3464 Ὄσιριν
943 3391 1022 3463 τῷ
1060 3390 1234 3460 τέκνῳ
1265 3389 1360 3441 καὶ
1388 3388 1453 3457 τῇ
1485 3385 1725 3454 γυναικὶ.
1757 3382 1909 3453 λύκῳ

319 3490 428 3560 τὴν
450 3488 573 3559 ΰψιν
608 3484 960 3558 ὁμοιωθέντα.
1016 3483 1232 3552 Ἔτεροι
1257 3479 1313 3532 δὲ
1353 3478 1607 3544 λέγουσιν
1648 3474 1913 3537 Αἰθίοπας

322 3575 761 3649 στρατεύσαντας
790 3574 880 3628 ἐπὶ
920 3573 1019 3645 τὴν
1061 3572 1356 3640 Αἴγυπτον,
1399 3567 1506 3621 ὑπὸ
1548 3562 1786 3637 πλήθους
1818 3562 1912 3616 λύ-

323 3686 438 3724 κων
474 3667 782 3739 διωχθῆναυ
824 3666 906 3720 διὸ
953 3664 1049 3719 καί
1090 3661 1461 3731 Λυκοπολίτην
1505 3655 1769 3728 κληθῆναι
1810 3655 1911 3726 τὴν

321 3760 528 3832 χώραν.
561 3760 665 3812 Τὸν
692 3758 749 3812 δὲ
780 3755 1115 3831 κροκόδειλον
1147 3751 1400 3807 σέϐεσθαί
1445 3766 1599 3820 φασι,
1629 3746 1719 3801 διὰ
1743 3746 1805 3800 τὸ
1836 3746 1910 3817 μὴ

320 3852 525 3923 τολμᾷν
553 3849 900 3921 διανήχεσθαι
930 3846 1021 3901 τδν
1063 3847 1254 3900 Νεῖλον
1295 3846 1421 3907 τοὺς
1454 3841 1564 3897 ἀπὸ
1604 3841 1701 3911 τῆς
1751 3840 1912 3910 Ἀρα-

282 4014 285 4015 ν
322 3943 449 4006 ϐίας
491 3944 584 3997 καὶ
627 3942 832 4012 Λιϐύης
886 3938 1108 4012 λῃστὰς,
1165 3938 1275 3991 τῶν
1326 3933 1683 4007 κροκοδείλων
1725 3930 1906 4001 χάριν.

320 4035 458 4088 Φασὶ
486 4033 545 4087 δέ
580 4049 701 4086 τινα
746 4031 852 4085 τῶν
900 4029 1028 4101 παρ’
1070 4029 1252 4091 αὐτοῖς
1287 4025 1550 4097 βασιλέων
1581 4022 1911 4090 διωκόμενον

326 4126 434 4178 ὑπὸ
456 4124 564 4177 τῶν
604 4124 747 4178 ἰδίων
792 4122 989 4185 κυνῶν,
1039 4120 1373 4188 καταφυγεῖν
1423 4119 1502 4181 εἰς
1547 4116 1645 4186 τὴν
1693 4112 1907 4184 λίμνην,

327 4217 520 4270 ἔπειτα
549 4215 654 4268 ὑπὸ
676 4212 1018 4284 κροκοδείλου
1049 4209 1426 4282 ἀναληψθέντα
1457 4204 1796 4276 παραδόξως,
1830 4204 1909 4265 εἰς

325 4305 388 4362 τὸ
420 4304 594 4375 πέραν
618 4302 1003 4372 ἀπενεχθῆναι.
1041 4300 1228 4363 Αἱτίας
1256 4298 1314 4351 δὲ
1343 4297 1437 4351 καὶ
1469 4295 1634 4357 ἄλλας
1664 4293 1799 4363 φασί
1836 4308 1913 4346 τι·

326 4415 413 4462 νες
436 4399 539 4468 τῆς
570 4396 679 4451 τῶν
720 4395 931 4463 ἀλόγων
961 4391 1115 4458 ζώων
1148 4390 1333 4462 τιμῆς.
1382 4386 1487 4440 Τοῦ
1521 4387 1631 4457 γὰρ
1672 4382 1910 4456 πλήθους

2014 538 2335 607 accepisset.
2376 553 2396 587 ι
2427 534 2604 603 Atque
2650 530 2956 599 huiusmodi
2992 538 3137 594 sunt,
3166 544 3288 599 qua:
3316 526 3384 583 de
3414 526 3588 581 homi-

2016 628 2178 681 nibus
2226 627 2281 681 in
2336 626 2471 681 deos
2519 622 2854 678 consecratis
2909 617 3288 690 Egyptiorum
3351 616 3591 673 historiaI

2013 717 2393 787 prodiderunt.
2423 714 2543 769 1am
2585 727 2715 767 vero
2744 712 2811 766 de
2839 710 3154 765 animalium
3180 708 3591 764 consecratione

2013 810 2131 863 hzec
2165 809 2234 863 ab
2277 807 2469 863 iisdem
2519 805 2632 859 fere
2669 802 2809 857 tradi
2857 802 3053 857 solent.
3094 801 3431 867 Quibusdam
3464 814 3590 855 sane

2012 899 2208 967 placet,
2232 897 2325 966 qui
2350 897 2419 950 ab
2446 895 2605 949 initio
2625 892 2699 946 dii
2733 891 2955 967 fuerint,
2987 905 3111 945 cum
3136 890 3207 944 ob
3238 890 3593 959 paucitatem,

2014 989 2298 1042 hominum
2346 996 2689 1042 terrenorum
2739 965 2938 1054 partim
2996 983 3345 1038 multitudine
3395 981 3593 1052 partim

2013 1081 2290 1150 impietate
2329 1080 2803 1150 opprimerentur,
2858 1091 2955 1131 eos
3002 1076 3325 1129 animalium
3378 1076 3593 1132 ratione

2011 1175 2313 1227 carentium
2349 1171 2524 1226 forma
2569 1178 2741 1225 tectos
2779 1168 3082 1239 periculum
3125 1168 3449 1232 declinasse,
3495 1183 3589 1223 eo-

2013 1280 2245 1333 rumque
2297 1273 2544 1323 naturas,
2601 1275 2834 1330 quorum
2893 1258 3127 1314 mutuati
3186 1260 3596 1314 similitudinem

2013 1358 2250 1421 fuerant,
2296 1364 2353 1409 ut
2388 1356 2623 1424 aliquam
2662 1354 2732 1408 oh
2763 1363 2999 1420 acceptae
3044 1351 3236 1407 salutis
3272 1351 3597 1406 beneﬁcium

2012 1452 2242 1521 gratiam
2288 1448 2575 1510 referrent,
2623 1461 2992 1501 consecrasse.
3039 1446 3142 1499 Alii
3183 1459 3312 1500 vero
3363 1444 3442 1501 sic
3481 1444 3602 1500 exi-

2013 1543 2262 1607 stimant,
2324 1540 2469 1609 quod
2523 1541 2579 1593 in
2635 1538 3026 1594 certaminibus
3071 1539 3359 1593 adversum
3413 1537 3600 1594 hostes

2014 1633 2186 1698 initis,
2231 1648 2419 1686 earum
2469 1630 2851 1694 animantium,
2895 1645 3035 1699 quas
3084 1630 3187 1699 ipsi
3249 1645 3396 1685 nunc
3437 1645 3602 1685 vene.

2015 1733 2229 1788 rantur,
2261 1734 2378 1775 arte
2403 1723 2712 1776 elaboratas
2754 1720 3042 1790 imagines,
3083 1720 3320 1775 summis
3371 1719 3427 1773 in
3459 1720 3603 1791 capi-

1946 1795 1986 1849 Β
2017 1814 2163 1866 tibus
2211 1812 2486 1866 exercitus
2530 1812 2698 1865 «luces
2740 1824 2804 1864 ac
2857 1807 3153 1878 principes,
3194 1808 3275 1864 sic
3334 1817 3598 1879 tanquam

2015 1902 2227 1971 imperii
2253 1902 2647 1955 monimentum
2678 1899 2895 1968 aliquod
2923 1907 2976 1954 et
3014 1899 3249 1969 insigne,
3272 1907 3597 1968 gestassent,

2012 1994 2184 2063 partis
2229 1993 2578 2062 postmodum
2623 1990 2894 2057 victoriis,
2932 1990 3054 2045 illas
3088 1989 3158 2045 ab
3193 1989 3407 2055 iisdem,
3436 1994 3596 2058 quasi

2011 2082 2294 2136 victoriam
2334 2080 2691 2150 peperissent,
2724 2080 2947 2133 deorum
2985 2078 3039 2132 in
3065 2092 3354 2132 numerum
3398 2077 3598 2134 relatas

2010 2171 2201 2227 fuisse.
2237 2170 2523 2226 Postremo
2564 2178 2713 2234 sunt,
2746 2171 2837 2240 qui
2870 2169 3091 2225 tertiam
3117 2169 3299 2224 cultus
3325 2169 3596 2239 ejusmodi

2009 2278 2232 2319 causam
2272 2263 2570 2329 proferant,
2621 2262 2910 2315 utilitatem
2962 2275 3107 2327 eam,
3159 2275 3325 2331 quam
3371 2275 3441 2316 ex
3488 2261 3597 2317 hoc

2008 2352 2372 2409 animantium
2438 2366 2634 2422 genere
2683 2353 3043 2422 perciperent.
3104 2351 3352 2423 Quippe,
3398 2334 3593 2408 bovem

2008 2447 2151 2502 enim
2178 2444 2437 2500 feminam
2468 2460 2576 2498 non
2606 2458 2800 2513 parere
2841 2443 3026 2507 modo,
3057 2443 3152 2499 sed
3189 2443 3355 2498 etiam
3401 2455 3594 2511 arare;

2010 2539 2079 2594 ab
2116 2537 2311 2593 ovibus
2338 2546 2519 2592 autem
2556 2536 2718 2603 fctus,
2750 2545 2950 2601 vestes,
3002 2535 3176 2603 lactis,
3211 2534 3470 2606 caseique
3495 2534 3599 2590 ali-

2009 2641 2251 2686 mentum
2282 2630 2650 2700 suppeditari;
2688 2643 2879 2684 canem
2923 2629 3046 2684 usui
3072 2644 3199 2684 cum
3236 2629 3304 2684 ad
3347 2629 3596 2685 venatio-

2010 2735 2162 2786 nem,
2188 2729 2300 2774 tum
2338 2719 2405 2773 ad
2449 2718 2753 2773 custodiam
2794 2717 3109 2772 hominibus
3140 2732 3299 2784 esse;
3326 2733 3494 2788 quam
3524 2719 3597 2774 ob

2011 2827 2255 2877 causam,
2286 2810 2447 2864 deum
2489 2810 2662 2873 illum,
2695 2824 2856 2878 quem
2888 2809 3127 2863 Anubim
3154 2810 3462 2874 nominant,
3498 2824 3595 2865 ca-

2011 2904 2142 2956 nino
2169 2918 2288 2958 esse
2321 2902 2516 2970 capite,
2571 2909 2628 2955 ut
2667 2915 2792 2954 eum
2837 2898 3070 2955 Osiridis
3121 2908 3176 2954 et
3215 2899 3373 2955 lsidis
3401 2910 3599 2970 praeto-

2010 2998 2225 3049 rianum
2270 2994 2442 3049 fuisse
2493 2993 2723 3047 militem
2764 2991 3092 3063 significent,
3135 3008 3450 3061 quanquam
3483 3009 3596 3049 non

2011 3086 2229 3151 desunt,
2261 3085 2351 3155 qui
2383 3084 2569 3149 velint,
2595 3083 2788 3138 Isidem
2816 3096 2927 3153 quo
2950 3093 3192 3154 tempore
3215 3082 3402 3140 Osirin
3448 3101 3598 3156 qua:-

2013 3184 2177 3241 reret,
2208 3184 2510 3244 praeeuntes
2538 3189 2725 3229 secum
2772 3174 2994 3229 duxisse
3028 3190 3213 3241 canes,
3239 3177 3331 3246 qui
3366 3175 3511 3232 feras
3542 3186 3599 3233 et

2012 3268 2233 3322 obvium
2278 3282 2552 3336 quemque
2587 3274 3013 3321 summoverent.
3055 3265 3228 3322 Porro
3269 3266 3428 3323 felcm
3464 3270 3591 3338 qui-

2010 3359 2133 3413 dem
2165 3360 2454 3414 adversum
2488 3356 2711 3427 aspidas
2736 3358 3085 3428 reliquosque
3134 3369 3439 3428 serpentes,
3494 3362 3593 3433 qui

2012 3466 2199 3505 morsu
2234 3464 2501 3505 venenum
2529 3448 2840 3512 infundunt,
2866 3448 3148 3518 perutilcm
3172 3463 3324 3504 esse:
3360 3450 3594 3506 ichneu-

2010 3558 2227 3597 monem
2259 3550 2440 3596 autem
2469 3556 2577 3595 non
2620 3541 2783 3593 modo
2819 3540 3220 3594 crocodilorum
3259 3555 3360 3596 ova
3407 3550 3596 3597 conte-

2010 3649 2148 3700 rere,
2177 3632 2273 3688 sed
2313 3633 2480 3688 etiam
2517 3631 2821 3687 crocodilos
2852 3631 3002 3700 ipsos
3037 3632 3404 3701 exstinguere,
3444 3634 3592 3702 quod

2012 3727 2066 3781 in
2102 3740 2262 3781 caeno
2285 3734 2411 3780 ante
2441 3724 2739 3789 volutatus,
2784 3722 3057 3777 inhiantia
3087 3725 3331 3793 ipsorum
3377 3739 3473 3778 ora
3506 3724 3591 3778 in-

2010 3817 2175 3882 siliat,
2206 3830 2435 3886 quaeque
2481 3824 2671 3871 ventre
2711 3814 3060 3870 continentur
3099 3815 3353 3870 intestina
3405 3830 3594 3871 corro-

2009 3911 2121 3966 dat.
2154 3909 2234 3964 Ex
2268 3911 2461 3965 avibus
2495 3911 2681 3976 etiam,
2734 3909 3029 3979 plurimum
3083 3908 3196 3963 ibin
3243 3917 3436 3963 contra
3470 3924 3591 3966 ser-

2009 4011 2221 4073 pentes,
2258 4002 2493 4056 locustas
2517 4009 2570 4054 et
2591 4014 2785 4054 erucas
2820 4000 2942 4068 opis
2980 3998 3277 4067 auxiliique
3304 3997 3589 4065 conferre;

2009 4107 2110 4148 nec
2140 4093 2321 4147 minus
2361 4090 2673 4160 accipitrem
2705 4096 2895 4144 contra
2920 4088 3236 4157 scorpiones
3260 4102 3326 4143 ac
3350 4096 3594 4160 cerastas

2010 4186 2395 4252 minorumque
2429 4181 2725 4237 bestiarum
2750 4180 2966 4249 vulgus,
2994 4193 3119 4248 quae
3156 4192 3344 4232 morsu
3381 4186 3591 4248 pestem

2008 4285 2065 4334 et
2090 4276 2366 4331 interitum
2399 4274 2652 4337 afferunt,
2685 4287 2810 4327 cum
2846 4271 3021 4326 eidem
3049 4276 3311 4339 praeterea
3356 4270 3591 4326 multum

2011 4370 2066 4425 in
2101 4368 2347 4437 auguriis
2387 4364 2925 4433 divinationibusque
2972 4362 3279 4426 tribuatur;
3349 4360 3590 4431 aquilam

673 4449 1044 4556 ἀφισταμένου
1074 4482 1184 4536 τῶν
1206 4449 1503 4552 βασιλέων,
1534 4449 1631 4532 καλ
1666 4449 1910 4545 συμφρο-

2012 4459 2265 4529 denique,
2292 4456 2439 4527 quod
2461 4456 2668 4526 regium
2714 4453 2918 4523 aliquid
2950 4467 3062 4523 prae
3083 4467 3144 4507 se
3168 4449 3329 4516 ferat,
3356 4465 3591 4505 venera-

326 4583 542 4646 νοῦντος
565 4582 644 4644 εἰς
685 4579 746 4633 τὸ
780 4577 976 4650 μηκέτι
1019 4573 1414 4646 βασιλεύεσθαι,
1460 4567 1741 4638 ἐπινοῆσαι
1785 4581 1908 4619 τινα

322 4672 556 4743 διάφορα
602 4668 923 4737 σεϐάσματα
962 4664 1143 4727 αὐτοῖς
1186 4660 1296 4714 τῶν
1351 4656 1503 4724 ζώων
1568 4653 1905 4725 παρασχεῖν,

322 4766 472 4829 ὅπως
518 4763 765 4817 ἑκάστων
800 4759 860 4813 τὸ
902 4756 1001 4829 μὲν
1048 4755 1177 4826 παρ’
1231 4753 1418 4814 αὐτοῖς
1459 4748 1771 4820 τιμώμενον
1821 4761 1909 4799 σε-

324 4856 616 4927 eous-mg
640 4852 735 4906 τοῦ
767 4852 823 4905 δὲ
856 4848 1007 4922 παρὰ
1031 4849 1143 4911 τοῖς
1171 4845 1351 4908 ἄλλοις
1395 4839 1772 4912 άφιερωμένου
1804 4854 1907 4892 κα-

298 4947 756 5019 ταφρονούντων,
796 4942 1065 5015 μηδέποτε
1095 4937 1387 5009 ὁμονοῆσαι
1417 4933 1682 4987 δύνωνται
1707 4928 1909 4995 πάντες

320 5043 375 5096 οἰ
402 5041 522 5095 κατ’
557 5040 847 5107 Αἴγυπτον.
892 5034 1060 5088 Ὅταν
1088 5032 1145 5085 δὲ
1178 5027 1424 5099 ἀποθάνῃ
1469 5041 1521 5079 τι
1548 5022 1658 5077 τῶν
1684 5021 1910 5094 εἰρημέ-

320 5150 433 5192 νων
456 5132 632 5199 ζώων,
675 5129 871 5184 σινδόνι
899 5125 1258 5196 καλύψαντες,
1292 5121 1389 5176 καὶ
1429 5120 1549 5192 μετ’
1573 5116 1819 5189 οἰμωγῆς
1837 5114 1909 5169 τὰ

323 5224 499 5297 στήθη
525 5220 1025 5292 καταπληξάμενοι,
1064 5218 1121 5269 ἐν
1157 5216 1329 5286 ἱεραῖς
1362 5210 1556 5283 θήκαις
1590 5208 1905 5297 θάπτουσιν.

326 5318 429 5382 Ὃς
528 5315 594 5370 ἀν
624 5331 677 5366 τι
706 5310 912 5366 τούτων
948 5309 1057 5363 τῶν
1102 5306 1256 5371 ζώων
1290 5302 1430 5358 ἑκὼν
1460 5299 1769 5371 διαφθείρῃ,
1810 5296 1906 5351 θα-

321 5411 472 5481 νάτῳ
525 5407 844 5481 περιπίπτει
864 5443 880 5469 ,
926 5402 1066 5474 πλὴν
1112 5401 1210 5455 ὲάν
1259 5398 1509 5467 αἴλουρον
1561 5393 1596 5465 ἢ
1654 5392 1752 5463 τὴν
1800 5389 1907 5444 ἶϐιν

321 5501 644 5574 ἀποκτείνῃ.
671 5498 856 5552 Ταῦτα
907 5495 1016 5566 γὰρ
1069 5494 1164 5548 ἐάν
1218 5508 1278 5545 τε
1329 5488 1492 5552 ἑκὼν,
1524 5485 1620 5540 ὲάν
1666 5501 1726 5538 τε
1758 5484 1907 5539 ἄκων

321 5591 620 5663 ἀποκτείνῃ
666 5607 772 5654 τις,
821 5588 1039 5651 πάντως
1092 5584 1309 5654 θανάτῳ
1366 5580 1709 5653 περιπίπτει.
1748 5574 1908 5628 Ἀλλά

324 5686 459 5758 μὴν,
480 5684 583 5738 καὶ
616 5681 736 5737 καθ’
770 5682 837 5753 ἢν
864 5677 1042 5734 οἰκίαν
1072 5674 1272 5748 εὑρεθῇ
1305 5671 1453 5729 κύων
1482 5664 1904 5745 τετελευτηκὼς,

323 5776 592 5849 ξυρῶνται
639 5775 839 5839 πάντες
869 5771 991 5827 ὅλον
1021 5769 1083 5824 τὸ
1115 5766 1294 5839 σῶμα,
1340 5765 1436 5820 καὶ
1468 5760 1744 5818 ποιοῦνται
1778 5758 1905 5814 πέν-

2011 4551 2146 4606 tioni
2187 4564 2328 4605 esse.
2374 4546 2518 4613 Jam,
2569 4546 2781 4600 hircum
2828 4545 3008 4615 ipsum
3056 4557 3276 4613 quoque
3326 4553 3589 4612 tanquam

2006 4643 2168 4697 deum
2209 4641 2278 4696 ab
2329 4640 2439 4695 illis
2481 4638 2727 4694 habitum
2782 4634 2974 4699 fuisse,
3007 4634 3364 4691 nihilominus
3422 4649 3589 4704 quam

2005 4734 2263 4805 Priapum
2296 4749 2327 4788 a
2357 4732 2582 4795 Graecis,
2612 4730 2683 4785 ob
2705 4728 3010 4784 membrum
3050 4725 3298 4797 corporis
3327 4724 3394 4780 ad
3429 4734 3592 4793 gene-

2006 4829 2275 4884 rationem
2303 4834 2708 4897 comparatum;
2738 4822 2940 4894 quippe
2958 4821 3063 4876 hoc
3092 4820 3387 4874 animantis
3414 4829 3589 4886 genus

2008 4920 2062 4975 in
2084 4918 2345 4975 Venerem
2371 4932 2606 4988 pronum
2639 4915 2934 4971 admodum
2980 4927 3104 4969 esse
3146 4921 3312 4980 atque
3355 4921 3590 4977 propen-

2006 5028 2128 5068 sum
2159 5029 2175 5068 :
2206 5009 2315 5081 50
2340 5010 2490 5064 illam
2524 5021 2653 5063 vero
2679 5015 2889 5076 partem
2921 5000 3188 5072 corporis,
3226 4999 3313 5054 cui
3360 4996 3589 5052 debetur

2006 5103 2324 5174 generatio,
2382 5100 2532 5172 quod
2579 5098 2928 5169 potissimum
2994 5092 3317 5149 animalium
3377 5097 3588 5146 natura;

2006 5194 2340 5267 principium
2379 5193 2473 5258 sit,
2510 5206 2623 5246 non
2661 5190 2779 5244 sine
2811 5187 3023 5241 ratione
3053 5183 3180 5238 coli.
3218 5180 3284 5236 Et
3308 5194 3440 5235 sane
3458 5194 3587 5252 par-

2007 5296 2116 5342 tem
2159 5286 2345 5346 istam.
2397 5284 2445 5337 si
2493 5281 2549 5337 in
2586 5280 2903 5334 universum
2956 5274 3106 5343 loqui
3140 5272 3334 5343 placet,
3371 5287 3482 5326 non
3516 5273 3587 5328 ab

2006 5374 2279 5448 Egyptiis
2315 5373 2500 5439 modo,
2535 5372 2631 5427 sed
2672 5370 2743 5424 ab
2767 5367 2890 5422 aliis
2927 5366 3092 5421 etiam
3116 5363 3389 5434 plerisque
3406 5377 3586 5435 gem-

2006 5473 2111 5526 bus
2147 5470 2203 5523 in
2246 5480 2532 5522 sacrorum
2566 5463 2754 5527 initiis,
2792 5468 2983 5529 utpote
3017 5472 3240 5513 causam
3277 5454 3585 5526 generatio-

2007 5559 2491 5618 nis'animantium
2522 5570 2645 5612 esse
2702 5558 3100 5616 consecratam,
3143 5549 3403 5617 ipsosque
3446 5547 3584 5603 adeo

2008 5653 2342 5712 sacerdotes,
2393 5648 2487 5718 qui
2545 5646 2782 5717 patrium
2836 5642 2892 5695 in
2942 5639 3175 5712 Egypto
3214 5634 3584 5692 sacerdotium

2006 5743 2356 5807 ha‘retlitario
2407 5741 2565 5813 quasi
2614 5739 2736 5812 jure
2784 5734 3079 5804 accipiant,
3132 5727 3377 5784 numinis
3419 5726 3589 5797 hujus
