4154 6406
623 293 727 348 ωδ
1289 275 1562 334 EUSEBII
1596 271 2081 331 CIESARIENSIS
2118 272 2271 327 OPP.
2305 272 2487 327 PARS
2521 273 2586 327 ii.
2625 304 2694 313 —
2716 273 3221 333 APOLOCETICA.
3770 279 3878 337 1οι

621 400 893 472 mysteriis
931 397 1157 453 initiari.
1189 396 1331 463 Quin
1370 394 1532 450 etiam
1575 403 1628 447 et
1664 392 1840 448 Panas
1875 402 1929 447 et
1972 392 2193 465 Satyros

2294 392 2405 455 θος,
2464 390 2564 444 κᾶν
2616 387 2776 455 οἶνος,
2832 392 2865 463 ἢ
2915 395 3079 458 σῖτος,
3125 395 3159 465 ﬁ
3210 412 3262 450 τι
3305 394 3412 448 τῶν
3458 395 3592 466 πρὸς
3630 396 3721 449 τὸν
3759 397 3873 467 βίον

621 491 1032 548 aiuntcamdem
1050 490 1120 544 ob
1132 502 1351 544 causam
1382 487 1783 540 venerationem
1801 487 1871 540 ab
1888 486 2193 541 hominibus

2295 483 2605 553 ἀναγκαίων
2635 484 2771 555 τύχῃ
2798 485 3046 555 κείμενον
3089 486 3148 541 ἐν
3192 485 3269 558 τῷ
3311 489 3462 557 οἴκῳ,
3496 489 3596 541 οὐκ
3628 489 3706 541 ἔτι
3739 502 3875 560 χρη-

619 589 944 636 consecutos
975 594 1116 646 esse,
1134 594 1365 649 quorum
1393 577 1683 631 simulacra
1706 576 1970 646 plerique,
2001 592 2198 647 magna

618 687 745 727 cum
773 673 1049 727 hircorum
1089 679 1279 724 natura
1313 669 1691 734 similitudine,
1724 669 1777 722 in
1807 669 2025 738 templis
2054 670 2198 724 arri-

619 765 800 834 gentia
829 762 1150 828 dedicarint,
1184 761 1329 830 quod
1364 761 1630 814 nimirum
1664 762 1768 815 hoc
1813 760 2014 815 animal
2054 762 2197 816 sala-

618 854 902 909 cissimum
931 855 1210 907 habeatur.
1253 850 1453 907 Sacros
1509 860 1700 908 tauros
1725 853 1863 921 Apin
1889 868 1953 907 ac
1976 852 2193 908 Mnevin

618 946 765 1014 quod
800 944 1008 1008 attinet,
1040 942 1253 998 divinos
1287 942 1421 1011 ipsis
1454 942 1694 999 honores
1720 945 1966 1009 concedi,
1996 945 2193 1014 partim

618 1037 761 1107 quod
788 1034 1005 1088 arandae
1036 1042 1196 1087 terra:
1224 1033 1487 1098 serviant,
1518 1034 1716 1102 partim
1761 1035 1907 1103 quod
1943 1035 2010 1089 iis
2051 1034 2198 1105 ipsa-

617 1144 736 1181 rum
761 1140 976 1195 quoque
1008 1123 1223 1194 frugum
1268 1124 1511 1177 inventio
1537 1125 1822 1178 tribuatur.
1858 1122 2040 1193 Lupos
2064 1139 2196 1179 vero

617 1216 869 1270 similiter
893 1214 1020 1280 coli,
1048 1229 1158 1267 non
1190 1213 1353 1266 modo
1386 1222 1607 1281 propter
1632 1230 1775 1272 eam,
1799 1230 1963 1282 quam
1994 1213 2196 1268 habent

615 1322 739 1361 cum
785 1306 1016 1361 canibus
1068 1313 1277 1358 natura:
1334 1304 1673 1369 affinitatem,
1722 1304 1816 1359 sed
1853 1307 2017 1359 etiam
2048 1307 2194 1376 quod

614 1398 767 1462 olim,
804 1395 1079 1463 inquiunt,
1131 1391 1272 1445 Iside
1314 1406 1437 1445 cum
1480 1390 1591 1446 Oro
1622 1392 1735 1445 tilio
1774 1392 2037 1446 adversus
2084 1389 2194 1463 Ty-

613 1490 849 1560 phonem
881 1487 1225 1551 dimicatura,
1263 1485 1375 1539 filio
1420 1484 1583 1539 simul
1623 1491 1677 1537 et
1714 1484 1871 1538 uxori
1916 1485 2192 1554 suppetias

614 1583 684 1637 ab
712 1580 904 1635 inferis
935 1580 1206 1634 excitatus
1240 1587 1294 1632 et
1331 1577 1445 1646 lupi
1480 1575 1653 1630 forma
1690 1584 1866 1631 tectus
1892 1574 2066 1632 Osiris
2105 1586 2194 1630 tu-

2297 576 2491 630 σασθαι
2542 577 2723 638 αὐτοῖς
2771 576 3138 647 ὑπομείνειαν.
3174 577 3445 649 Τρέφουσι
3491 578 3549 631 δὲ
3580 579 3672 631 τὸν
3708 581 3873 632 Ἀπιν

2294 669 2351 720 ὲν
2383 666 2627 736 Μέμφει,
2662 664 2757 717 καὶ
2788 666 2877 718 τὸν
2912 666 3115 720 Μνεῦιν
3145 667 3204 719 ὲν
3238 664 3420 719 Ἡλίου
3446 667 3597 719 πόλει
3623 685 3635 697 ·
3661 668 3871 721 καὶτὸν

2291 756 2491 828 τράγον
2539 758 2596 808 ἐν
2646 755 2850 828 Μένδῃ,
2885 758 2980 809 καὶ
3010 757 3100 810 τὸν
3134 757 3469 830 κροκόδειλον
3502 761 3560 811 ἐν
3597 761 3662 829 τῇ
3695 760 3874 831 Μύρι-

2291 850 2379 914 δος
2409 850 2594 920 λίμνῃ,
2621 850 2713 901 καὶ
2752 850 2820 902 τά
2867 849 3028 902 λοιπά
3062 848 3225 922 θηρία
3254 852 3312 903 ὲν
3347 853 3509 923 ἰεροῖς
3542 851 3868 923 περιϐόλοις,

2292 937 2569 1010 σεμίδαλιν
2614 938 3354 1012 προσφέροντες,ἣ·χόνδρον
3396 939 3615 1010 ἕψοντες
3667 944 3725 995 ἐν
3769 943 3871 1010 γά-

2290 1029 2468 1093 λακτι,
2489 1030 2584 1082 καὶ
2612 1030 2877 1099 πέμματα
2908 1031 3223 1085 παντοδαπά
3253 1032 3431 1103 μέλιτι
3468 1032 3750 1104 φύροντες,
3773 1035 3868 1087 καὶ

2290 1120 2429 1190 κρέα
2453 1121 2663 1192 χήνεια,
2699 1121 2766 1173 τὰ
2819 1121 2919 1191 μὲν
2966 1121 3208 1192 ἕψοντες,
3236 1123 3304 1176 τά
3326 1123 3381 1176 δὲ
3415 1123 3705 1188 ὀπτῶντες.
3741 1125 3868 1189 Τοῖς

2288 1213 2348 1266 δὲ
2380 1212 2702 1282 ὠμοφάγοις
2731 1213 2899 1266 πολλά
2930 1213 3037 1266 τῶν
3081 1214 3284 1285 ὀρνέων
3320 1216 3744 1287 παραϐάλλουσι,
3774 1217 3869 1269 καὶ

2289 1302 2505 1374 θηλείας
2536 1303 2749 1373 ἑκάστῳ
2783 1304 2889 1357 τῶν
2922 1304 3076 1369 ζώων
3108 1306 3207 1370 τὰς
3240 1307 3615 1371 εὐειδεστάτας
3648 1307 3869 1377 συντρέ-

2289 1413 2500 1465 φουσιν,
2532 1396 2599 1459 ἃς
2647 1396 2979 1460 παλλακίδας
3031 1399 3721 1469 προσαγορεύουσιν.”οταν
3751 1398 3808 1455 δὲ
3838 1404 3869 1457 ό

2292 1490 2455 1552 Ἀπις
2507 1488 2834 1560 τελευτήσας
2887 1491 3031 1559 ταφῇ
3089 1490 3555 1560 μεγαλοπρεπῶς,
3613 1489 3869 1560 ζητοῦσιν

2286 1578 2472 1650 ἕτερον
2519 1579 2737 1649 ὅμοιον
2775 1581 2904 1633 ὅταν
2948 1579 3005 1632 δὲ
3050 1580 3271 1651 εὑρεθῇ,
3299 1581 3369 1634 τά
3403 1582 3501 1651 μὲν
3546 1581 3723 1652 πλήθη
3771 1580 3865 1635 τοῦ

613 1674 786 1729 lisset.
834 1673 1154 1740 Quanquam
1202 1670 1294 1725 alii
1345 1669 1569 1723 tradunt
1610 1667 1921 1737 A‘thiopes,
1961 1683 2085 1723 cum
2131 1668 2187 1722 in

2294 1669 2439 1734 δέους
2481 1670 2806 1724 ἀπολύονται
2838 1669 2933 1723 καὶ
2965 1669 3067 1723 τοῦ
3096 1670 3324 1734 πένθους
3344 1687 3357 1701 ⁸
3392 1672 3584 1739 ἄγεται
3618 1671 3675 1724 δὲ
3707 1674 3737 1726 ό
3772 1672 3868 1743 μό-

614 1764 907 1836 Egyptum
956 1762 1373 1825 incubuissent,
1429 1776 1460 1815 a
1513 1761 1768 1830 luporum
1842 1760 2190 1815 multitudine

2294 1778 2414 1833 σχος
2461 1761 2678 1833 πρῶτον
2726 1764 2806 1825 εἰς
2856 1761 3051 1814 Νείλου
3101 1760 3274 1815 πόλιν.
3305 1761 3414 1815 Καὶ
3454 1761 3576 1815 τότε
3622 1761 3781 1832 μόνον
3811 1765 3868 1817 αἰ

625 1857 864 1924 pessime
889 1861 1114 1909 vexatos
1141 1863 1196 1907 et
1224 1854 1278 1907 in
1311 1851 1493 1923 fugam
1518 1861 1670 1906 actos
1712 1850 1904 1918 fuisse,
1949 1851 2002 1905 id
2040 1850 2191 1921 quod

2294 1854 2543 1920 γυναῖκες
2568 1852 2728 1905 αὐτὸν
2755 1851 2922 1923 ὁρῶσι
2954 1852 3096 1905 κατά
3129 1851 3419 1923 πρόσωπον
3445 1851 3749 1922 ἱστάμεναι,
3774 1853 3870 1908 καὶ

613 1949 779 2003 etiam
822 1948 877 2001 in
934 1960 1101 2002 causa
1150 1944 1336 2009 fuerit,
1382 1961 1480 2000 cur
1523 1960 1587 1999 ea
1634 1944 1783 2013 regio
1806 1942 2191 2014 Lycopolitana

614 2040 904 2095 diceretur.
954 2036 1367 2092 (lrocodilorum
1422 2034 1829 2089 venerationem
1887 2034 2193 2087 institutam

612 2146 758 2197 esse,
792 2128 941 2201 quod
970 2143 1160 2183 eorum
1206 2136 1355 2182 metu
1396 2125 1612 2179 Arabiae
1638 2123 1927 2195 Libyaeque
1954 2123 2194 2179 latrones

612 2219 797 2275 Nilum
827 2218 1198 2275 transmittere
1224 2231 1335 2272 non
1375 2216 1610 2270 audeant
1637 2232 1650 2267 :
1694 2224 1749 2268 ct
1779 2229 1948 2267 unum
1974 2214 2193 2282 quidem

616 2312 735 2368 suis
763 2326 793 2366 e
820 2311 1060 2382 regibus,
1102 2316 1163 2363 ut
1191 2322 1391 2362 canum
1440 2321 1668 2361 suorum
1704 2306 1966 2375 impetum
1995 2319 2062 2359 ac
2099 2319 2193 2359 ra-

616 2404 761 2460 biem
788 2401 1067 2472 effugeret,
1098 2415 1225 2455 cum
1255 2400 1307 2453 in
1330 2398 1583 2468 paludem
1611 2395 1972 2466 confugisset,
2009 2410 2042 2453 a
2069 2409 2195 2450 cro-

615 2496 797 2552 codilo
824 2495 1065 2566 quodam
1100 2501 1297 2563 praeter
1324 2490 1788 2561 exspectationem
1812 2486 2007 2543 leniter
2028 2501 2193 2542 exce-

615 2598 793 2659 ptum,
842 2596 1007 2657 atque
1067 2588 1120 2642 in
1189 2584 1503 2640 ulteriorem
1576 2582 1752 2652 ripam
1827 2588 2193 2636 transvectum

614 2680 808 2736 fuisse.
857 2677 955 2733 His
989 2678 1124 2733 alias
1150 2690 1371 2748 quoque
1413 2676 1700 2730 brutorum
1732 2671 2051 2727 animalium
2075 2671 2191 2727 cul-

615 2779 705 2827 tus
739 2776 981 2826 rationes
1027 2769 1310 2839 adjiciunt.
1361 2765 1653 2821 Enimvero
1680 2801 1695 2829 ,
1732 2779 1859 2820 cum
1898 2780 1928 2818 a
1975 2763 2194 2834 regibus

613 2863 743 2917 olim
768 2861 1061 2917 multitudo
1089 2859 1401 2927 defecisset,
1434 2858 1658 2929 jamque
1696 2856 1765 2912 de
1798 2854 2037 2910 tollendo
2069 2853 2192 2909 fun-

612 2955 761 3009 ditus
794 2952 947 3024 regio
973 2952 1261 3009 dominatu
1304 2947 1712 3020 conspiratione
1734 2946 1878 3002 facta
1908 2945 2191 3017 cogitaret,

2286 1942 2621 1996 δεικνύουσιν
2646 1943 3052 2015 ἀνασυράμεναι
3083 1942 3152 1996 τὰ
3192 1941 3401 1996 ἑαυτῶν
3438 1943 3730 2014 γεννητικὰ
3772 1945 3871 2015 μό-

2291 2052 2403 2108 ρια.
2448 2035 2550 2087 Τὸν
2597 2035 2653 2087 δὲ
2708 2036 2893 2105 ἕτερον
2946 2034 3137 2106 χρόνον
3190 2034 3426 2098 ἅπαντα,
3483 2036 3869 2107 κεκωλυμένον

2291 2127 2435 2180 ἐστὶν
2479 2127 2559 2190 εἰς
2597 2126 2719 2196 bal/tv
2752 2126 2922 2191 αὑτάς
2956 2125 3211 2197 ἔρχεσθαι
3245 2126 3421 2197 τούτῳ
3450 2126 3528 2198 τῷ
3568 2126 3696 2199 θεῷ.
3731 2127 3871 2182 Φασὶ

2288 2223 2346 2276 δὲ
2378 2223 2478 2294 τὴν
2506 2222 2601 2276 τοῦ
2649 2222 2911 2294 Ὀσίριδος
2949 2222 3126 2294 ψυχὴν
3166 2224 3244 2286 είς
3267 2222 3457 2276 τοῦτον
3488 2223 3626 2293 μετά
3655 2223 3755 2295 τὴν
3779 2240 3869 2276 τε-

2289 2316 2481 2388 λευτὴν
2518 2316 2869 2385 μεταστῆναι.
2906 2315 3142 2386 Τοιαύτη
3169 2315 3264 2368 καὶ
3295 2316 3330 2387 ἡ
3354 2314 3665 2381 Αἰγυπτίων
3696 2316 3870 2387 ἀσχή-

2294 2426 2411 2480 μων
2442 2408 2671 2478 ἀθεότης
2706 2408 2905 2479 μᾶλλον
2938 2407 2972 2477 ἢ
3003 2407 3268 2476 θεολογία,
3303 2409 3439 2479 πρὸς
3462 2409 3529 2481 ἣν
3565 2407 3660 2460 καὶ
3690 2407 3752 2460 τὸ
3782 2410 3871 2460 ὲν⁶

2293 2498 2542 2554 ίστασθαι
2557 2495 2915 2570 αἰσχρόνῖίῖς
2938 2498 3033 2552 καὶ⁵
3048 2498 3270 2562 εἰκότως
3293 2500 3730 2563 καταπτύσαντες
3749 2500 3873 2553 ἀνε-

2290 2590 2642 2661 χωρήσαμεν,
2677 2588 2942 2661 λύτρωσιν
2986 2589 3078 2642 καὶ
3112 2587 3421 2661 ἐλευθερίαν
3453 2591 3562 2644 τῶν
3594 2590 3867 2644 τοσούτων

2290 2679 2475 2734 κακῶν
2504 2679 2799 2751 οὐδετέρως
2833 2679 3144 2749 εὑράμενοι,
3180 2679 3213 2751 ἢ
3247 2680 3333 2735 διὰ
3369 2681 3535 2752 μόνης
3564 2681 3662 2751 τῆς
3695 2698 3871 2754 σωτη-

2294 2772 2409 2846 ρίου
2432 2773 2526 2826 καὶ
2553 2772 2912 2844 εύαγγελικῆς
2943 2771 3310 2836 διδασκαλίας,
3339 2773 3437 2844 τῆς
3484 2772 3583 2836 τὰς
3631 2772 3870 2836 διανοίας

2289 2864 2512 2933 τυφλοῖς
2552 2864 2651 2934 τὴν
2683 2863 2974 2934 ἀνάϐλεψιν
3020 2864 3536 2937 εύαγγελισαμένης.
3565 2864 3781 2918 Τούτων
3811 2864 3870 2919 δὲ

2291 2953 2471 3009 αὐτῶν
2507 2951 2605 3017 τὰς
2650 2955 2980 3026 σεμνοτέρας
3025 2954 3089 3026 δὴ
3133 2954 3363 3027 θεωρίας
3395 2972 3451 3009 τε
3499 2955 3593 3009 καὶ
3625 2956 3870 3025 φυσιολο-

613 3048 667 3101 id
698 3046 768 3101 ab
794 3045 980 3115 aliquo
1003 3044 1235 3100 solerter
1262 3040 1567 3108 inventum,
1620 3040 1699 3095 uti
1753 3041 1932 3094 varios
1966 3038 2074 3094 illis
2124 3053 2190 3093 ac

2294 3045 2435 3115 γίας,
2460 3045 2654 3119 μικρὸν
2682 3046 2905 3119 ὓστερον
2933 3047 3361 3118 ἐπισκεψόμεθα,
3386 3048 3523 3103 ὲπάν
3545 3049 3639 3102 καὶ
3660 3048 3727 3102 τά
3752 3047 3872 3101 Ἐλο

612 3140 985 3208 discrepantes
1011 3135 1365 3191 colendorum
1386 3133 1746 3188 animantium
1769 3132 1908 3187 ritus
1931 3130 2189 3194 traderet,

614 3238 677 3284 ut
700 3244 825 3285 cum
856 3228 1089 3299 singulis
1125 3241 1257 3283 suos
1291 3226 1495 3296 quique
1531 3225 1837 3280 animantes
1863 3232 1918 3279 et
1941 3223 2192 3294 religiose

615 3321 876 3385 colerent,
917 3330 971 3375 et
1008 3328 1357 3374 consecratos
1393 3319 1462 3373 ab
1491 3319 1612 3374 aliis
1642 3319 2011 3388 repudiarent.
2051 3332 2192 3371 nun-

614 3427 781 3485 quam
822 3412 1093 3467 universa
1138 3410 1304 3465 totius
1344 3409 1561 3481 Aﬂgypti
1597 3409 1933 3479 praefectura:
1973 3409 2027 3462 in
2064 3423 2190 3462 tun-

618 3511 766 3557 tuam
787 3500 1142 3556 consiliorum
1168 3498 1614 3570 voluntatumque
1638 3498 1951 3553 societatem
1977 3505 2032 3549 et
2062 3512 2193 3551 con-

612 3593 952 3663 iunctionem
972 3593 1156 3645 venire
1183 3599 1431 3660 possent.
1453 3587 1598 3655 Jam,
1618 3589 1710 3645 ubi
1733 3589 2049 3642 animalium
2067 3588 2195 3643 isto-

618 3702 738 3741 rum
755 3684 974 3756 aliquod
989 3684 1312 3738 exstinctum
1329 3691 1430 3747 est,
1454 3683 1629 3752 ipsum
1654 3682 1820 3736 linteo
1836 3690 2078 3750 opertum
2104 3696 2163 3735 sa
2181 3709 2193 3719 -

618 3777 801 3833 crisin
820 3770 993 3832 thecis
1011 3790 1136 3830 cum
1157 3775 1356 3844 ingenti
1378 3774 1526 3829 luctu
1553 3774 1880 3843 planctuque
1900 3772 2192 3841 sepeliunt.

620 3868 723 3938 51
757 3866 914 3934 Quod
952 3866 1000 3921 si
1023 3865 1149 3935 quis
1197 3879 1389 3920 eorum
1414 3864 1708 3934 quodpiam
1732 3875 1924 3932 sponte
1956 3864 2193 3934 dataque

623 3972 790 4028 Opera
826 3955 1110 4021 occiderit,
1136 3964 1313 4010 morte
1334 3956 1645 4010 damnatur.
1682 3952 1863 4009 Felem
1891 3964 2070 4009 autem
2102 3955 2190 4009 vel

620 4051 735 4106 ibin
771 4050 1024 4122 quisquis
1081 4048 1195 4104 sive
1244 4048 1500 4118 prudens,
1529 4048 1642 4103 sive
1689 4047 2002 4116 imprudens
2045 4062 2194 4117 pere-

622 4144 804 4209 merit,
835 4143 981 4199 circa
1016 4142 1232 4198 veniam
1262 4155 1479 4195 omnem
1499 4139 1692 4210 capitis
1724 4138 2049 4209 supplicium
2068 4138 2188 4193 luit.

618 4236 906 4302 Praeterea,
933 4249 1279 4306 quacumque
1306 4234 1362 4288 in
1400 4234 1564 4290 domo
1594 4233 1895 4288 exstinctus
1927 4233 2079 4287 canis
2108 4247 2193 4286 re-

620 4340 809 4400 pertus
867 4326 1049 4392 fuerit,
1103 4342 1304 4397 corpus
1332 4334 1506 4382 totum
1540 4325 1608 4379 ad
1671 4334 1849 4379 cutem
1881 4339 2054 4394 usque
2106 4339 2193 4377 ra-

2295 3135 2488 3208 ληνικά
2514 3134 2874 3207 διαλάϐωμεν.
2907 3135 3062 3190 Οὕτω
3093 3135 3226 3209 δῆτα
3258 3137 3462 3209 ἀναμὶξ
3494 3137 3868 3207 Αἰγυπτιακῆς

2293 3224 2428 3295 όμοῦ
2463 3227 2559 3279 καὶ
2596 3226 2906 3297 Φοινικικῆς
2939 3226 3351 3299 συνδραμούσης
3401 3227 3745 3298 μυθολογίας,
3780 3245 3872 3280 κεαο

2295 3317 2568 3388 κράτηκεν
2598 3318 2820 3381 εἰκότως
2853 3316 3003 3387 παρά
3045 3320 3156 3381 τοῖς
3195 3317 3463 3380 πλείστοις
3500 3317 3609 3370 τῶν
3636 3316 3802 3370 ἐθνῶν
3834 3319 3869 3387 ἡ

2293 3410 2391 3479 τῆς
2420 3409 2654 3471 παλαιᾶς
2676 3408 2882 3478 πλάνης
2905 3406 3313 3478 δεισιδαιμονία.
3333 3408 3494 3461 Ἀλλὰ
3515 3407 3624 3480 γάρ
3650 3407 3869 3461 λεκτέον

2296 3501 2389 3553 καὶ
2422 3500 2489 3552 τὰ
2522 3499 2811 3569 Ἑλλήνων.
2847 3498 2927 3551 Τά
2962 3498 3059 3567 μὲν
3108 3497 3173 3568 δὴ
3219 3497 3393 3568 σεμνά
3429 3498 3530 3568 τῆς
3561 3498 3871 3567 Αἰγυπτίων

2298 3591 2639 3662 μυθολογίας,
2670 3591 2760 3644 τὸν
2804 3588 3133 3661 προτεθέντα
3180 3590 3500 3662 περιείληφε
3552 3592 3774 3662 τρόπον,
3802 3589 3872 3641 τά

2294 3684 2351 3736 δὲ
2391 3681 2695 3751 Ἑλληνικὰ,
2722 3682 2802 3736 ὅτι
2850 3680 3053 3734 τούτων
3101 3681 3281 3735 αὐτῶν
3323 3682 3729 3752 ἀποσπάσματα
3774 3680 3871 3732 καὶ

2297 3775 2735 3848 παρακούσματα
2784 3775 3063 3846 τυγχάνει,
3092 3775 3409 3849 προείρηται
3458 3776 3555 3848 μὲν
3588 3774 3867 3837 πολλάκις,

2297 3867 2389 3919 καὶ
2440 3866 2526 3919 διὰ
2560 3867 2660 3935 τῆς
2698 3865 2805 3918 τῶν
2850 3865 3218 3937 προτεθέντων
3254 3866 3610 3936 συγγραφέων
3637 3864 3869 3933 διαγνώ-

2297 3976 2453 4023 σεως.
2484 3958 2559 4011 Oti
2597 3958 2704 4029 μὴν
2727 3956 2861 4011 άλλά
2886 3957 2981 4009 καὶ
3012 3953 3072 4020 ὲξ
3095 3956 3263 4027 αὐτῆς
3292 3954 3395 4025 τῆς
3421 3956 3733 4028 Ἑλληνικῆς
3754 3955 3870 4008 θεο-

2294 4050 2479 4119 λογίας
2526 4049 2721 4118 γένοιτ“
2757 4048 2821 4101 ἂν
2872 4047 3115 4120 ἔκδηλον,
3151 4046 3503 4119 ἐπαγομένων
3542 4051 3599 4101 ὲν
3639 4050 3757 4112 ταῖς
3786 4049 3868 4101 οξ·

2296 4144 2470 4205 κείαις
2501 4143 2629 4213 περὶ
2654 4141 2789 4194 θεῶν
2810 4143 3154 4214 ἀναγραφαῖς
3184 4139 3391 4194 οἴκοθεν
3430 4139 3529 4210 μὲν
3561 4140 3730 4202 οὐδὲν,
3750 4142 3871 4204 ταῖς

2294 4235 2351 4288 δὲ
2399 4234 2508 4289 τῶν
2550 4232 2747 4299 ἔξωθεν
2782 4234 3217 4305 περιπιπτόντων
3254 4229 3617 4303 μυθολογίαις.
3654 4230 3870 4294 Ξοάνοις

2294 4345 2354 4380 τε
2396 4327 2505 4398 γάρ
2552 4329 2663 4389 τοῖς
2714 4326 3133 4398 παραπλησίοις,
3161 4326 3255 4379 καὶ
3290 4325 3607 4396 μυστηρίοις
3629 4327 3740 4387 τοῖς
3774 4325 3872 4377 αύ-

621 4420 811 4475 dentes
841 4420 895 4472 in
926 4419 1072 4474 luctu
1112 4427 1401 4474 versantur
1430 4416 1696 4480 universi,
1749 4431 1813 4470 ac
1848 4415 1975 4469 licet
2000 4414 2188 4468 vinum

2296 4421 2408 4481 τοῖς
2431 4417 2839 4471 ἀποδείκνυνται
2868 4416 3265 4489 συγχρώμενοι,
3290 4417 3365 4479 ὼς
3385 4416 3559 4469 ἔνεστι
3594 4414 3872 4486 μαθεῖνιὲκ

623 4520 718 4567 aut
747 4511 1098 4574 frumentum,
1128 4521 1223 4565 aut
1259 4508 1462 4578 aliquid
1478 4508 1625 4563 aliud
1654 4508 1974 4562 necessaria).
1990 4506 2193 4560 victum

621 4616 854 4659 annona:
875 4602 1172 4670 repositum
1212 4601 1267 4654 in
1307 4600 1514 4662 aedibus
1561 4599 1669 4655 illis
1700 4597 1882 4662 fuerit,
1914 4612 1982 4651 eo
2009 4606 2194 4652 tamen

624 4692 727 4747 sibi
760 4705 920 4746 nemo
952 4704 1176 4759 prorsus
1203 4689 1279 4742 uti
1317 4688 1397 4743 fas
1423 4688 1476 4741 in
1507 4697 1784 4757 posterum
1812 4702 1934 4742 esse
1964 4687 2196 4743 arbitra-

626 4792 734 4839 tur.
755 4781 1023 4837 Cteterum
1049 4779 1285 4849 Memphi
1308 4780 1526 4849 quidem
1560 4780 1723 4849 Apin,
1749 4777 1964 4832 Mnevin
2012 4788 2193 4832 autem

625 4880 680 4934 in
709 4876 854 4932 Solis
874 4875 1093 4930 civitate
1124 4873 1310 4937 alunt;
1344 4870 1551 4926 Menda:
1598 4871 1835 4937 hircum,
1861 4870 2193 4926 crocodilum

625 4970 682 5024 in
734 4968 959 5040 Myridis
1011 4966 1226 5037 palude,
1281 4973 1511 5020 caeteras
1572 4963 1776 5019 bestias
1822 4962 1877 5016 in
1911 4976 2194 5017 sacrorum

624 5057 989 5130 quorumdam
1012 5064 1292 5125 septorum
1321 5054 1551 5117 ambitu,
1585 5053 1784 5123 quibus
1808 5051 2067 5117 similam,
2102 5060 2197 5106 aut

626 5149 828 5204 elixum
861 5147 1000 5201 lacte
1019 5144 1325 5200 cliondrum
1368 5158 1432 5197 ac
1458 5143 1735 5212 placentas
1772 5141 1952 5195 omnis
1982 5141 2195 5210 generis

627 5256 752 5295 cum
782 5240 1055 5295 anserinis
1084 5238 1342 5293 carnibus
1374 5238 1567 5306 partim
1602 5236 1784 5297 elixis,
1827 5235 2026 5304 partim
2054 5234 2197 5289 assis

628 5331 915 5403 objiciunt.
976 5330 1049 5385 lis
1097 5338 1302 5394 autem,
1334 5343 1457 5398 quae
1504 5327 1673 5381 cruda
1703 5334 2020 5390 vescuntur,
2070 5339 2199 5378 aves

627 5424 927 5479 obtrudunt
955 5437 1118 5491 quam
1143 5420 1408 5488 plurimas
1436 5418 1774 5487 feminasque
1803 5416 2199 5485 pulcherrimas

2296 4510 2395 4579 τῆς
2430 4510 2559 4579 περὶ
2588 4507 2791 4562 τούτων
2828 4510 3095 4579 ἰστορίας,
3123 4509 3189 4579 ἢν
3217 4510 3245 4561 ὁ
3284 4506 3379 4570 τάς
3415 4505 3757 4577 βιϐλιοθήκας
3781 4507 3873 4559 ἐπὶ

2297 4601 2493 4655 ταύτὸν
2521 4600 2654 4672 ὁμοῦ
2684 4598 3023 4669 συναγαγὼν,
3046 4594 3105 4653 οὗ
3130 4599 3223 4652 καὶ
3244 4597 3475 4670 πρόσθεν
3497 4596 3870 4669 ἐμνημόνευσα

2301 4693 2443 4747 κατά
2487 4694 2546 4747 τὸ
2577 4691 2761 4765 τρίτον
2795 4695 2890 4748 καὶ
2919 4692 3178 4764 τέταρτον
3210 4690 3307 4761 τῆς
3347 4688 3675 4761 δηλωθείσης
3706 4689 3870 4744 αὐτοῦ

2303 4784 2683 4855 πραγματείας
2716 4784 2937 4855 ίστορεῖ,
2965 4781 3063 4854 τὴν
3114 4781 3212 4853 τῆς
3262 4781 3500 4852 ἱστορίας
3560 4780 3732 4853 ἀρχὴν
3766 4782 3872 4835 ἀπὸ

2300 4874 2407 4926 τῶν
2424 4874 2513 4927 τοῦ
2532 4874 2756 4944 Κάδμου
2783 4873 2989 4944 χρόνων
3021 4870 3404 4940 πεποιημένος.
3424 4871 3526 4923 Τὸν
3548 4870 3603 4923 δὲ
3631 4871 3868 4943 Κάδμον,

2304 4964 2443 5036 μετά
2475 4966 2712 5019 Μωῦσέα
2755 4963 3006 5032 γενέσθαι
3053 4963 3106 5015 αἰ
3155 4961 3399 5034 ἀκριϐεῖς
3440 4960 3547 5015 τῶν
3581 4980 3873 5034 χρονογρα-

2302 5057 2438 5126 φιῶν
2479 5056 2783 5128 παριστῶσι
2825 5055 3085 5126 διαδοχαὶ,
3114 5054 3188 5118 ὡς
3222 5053 3362 5107 κατά
3393 5054 3580 5128 καιρὸν
3613 5056 3871 5121 ἐπιδείξο-

2304 5165 2426 5218 μεν,
2461 5147 2601 5201 ῶστε
2657 5148 2751 5200 καὶ
2798 5147 2907 5201 τῶν
2944 5145 3271 5216 Ἑλληνικῶν
3298 5144 3432 5198 θεῶν
3458 5145 3872 5199 ἀποδείκνυσθαι

2298 5239 2390 5291 τὸν
2415 5238 2652 5293 Μωῦσέα
2685 5240 2997 5311 προτερεῖν*
3022 5238 3071 5290 εἰ
3096 5235 3162 5306 δὴ
3191 5236 3296 5307 πρὸ
3321 5234 3541 5305 Κάδμου
3573 5233 3670 5306 μὲν
3697 5230 3870 5298 οὗτος,

2300 5332 2348 5383 οἰ
2382 5329 2440 5383 δὲ
2472 5329 2584 5383 θεοὶ
2614 5330 2869 5401 νεώτεροι
2917 5327 3016 5397 τῆς
3067 5327 3290 5398 Κάδμου
3332 5327 3618 5396 γεγονότες
3659 5325 3873 5397 ἡλικίας

2302 5418 2914 5486 ἀναφαίνονται.Ἀκουε
2937 5417 2981 5469 δ’
3003 5413 3095 5471 οὖν
3124 5417 3233 5470 τῶν
3255 5417 3350 5471 τοῦ
3378 5415 3736 5489 συγγραφέως
3762 5431 3874 5488 φω-

630 5528 756 5569 cum
792 5512 1021 5579 singulis
1052 5511 1292 5565 maribus
1314 5510 1616 5571 enutriunt,
1663 5521 1801 5577 quas
1846 5505 2067 5575 pellices
2098 5519 2202 5558 no-
2304 5506 2431 5560 νῶν.

621 5595 835 5648 minare
874 5594 1070 5648 solent.
1110 5600 1180 5647 At
1219 5608 1346 5647 vero
1383 5593 1486 5663 Αρί
1526 5593 1808 5663 magnifice
1847 5600 1971 5661 post
2007 5602 2239 5646 mortem
2278 5590 2619 5661 consepulto,
2658 5588 2888 5644 alterum
2928 5588 2976 5642 ei
3015 5589 3348 5658 persimilem
3388 5597 3669 5655 quaerunt;
3709 5603 3891 5658 eoque

622 5700 872 5761 reperto,
927 5699 1074 5744 metu
1130 5688 1361 5760 populus
1414 5690 1703 5745 universus
1762 5688 2022 5760 luctuque
2072 5689 2352 5745 liberatur.
2395 5685 2610 5742 Vitulus
2669 5693 2849 5739 autem
2911 5683 3146 5753 primum
3187 5684 3240 5738 in
3281 5680 3384 5738 Nili
3422 5682 3693 5739 civitatem
3731 5683 3885 5739 duci-
