4154 6416
444 375 548 433 105
1632 373 1954 430 ΡΒᾹΞΡΑΒ.

2074 372 2251 430 ΓΑΝΕ.
2284 373 2413 429 LIB.
2453 376 2520 430 ll.
3612 375 3714 434 £00

439 500 547 552 tur,
575 504 637 543 ac
691 498 805 543 tum
838 490 1054 559 quidem
1106 490 1237 544 solis
1292 490 1620 545 mulieribus
1655 507 1779 545 eum
1842 491 2023 546 videre
2068 493 2215 557 licet,
2247 508 2369 563 quae
2397 507 2580 547 coram
2621 491 2874 548 sistentes
2914 507 3035 548 sese
3070 491 3309 550 redactis
3347 493 3592 550 Vestibus
3614 495 3719 553 ho—

442 593 628 641 aestas
671 583 776 652 ipsi
811 580 992 652 partes
1036 585 1353 649 Ostendunt,
1397 600 1460 638 ac
1522 585 1778 663 deinceps
1827 585 1895 639 ab
1950 588 2100 641 omni
2145 602 2373 657 prorsus
2425 584 2668 654 ejusdem
2726 575 2969 641 numinis
3041 597 3264 657 aspectu
3322 586 3709 642 excluduntur.

439 675 617 747 Hujus
645 686 827 732 autem
853 678 908 732 in
934 691 1135 748 corpus
1161 666 1402 734 Osiridis
1447 681 1558 733 vita
1618 674 1791 734 functi
1838 682 2083 735 animum
2136 682 2552 752 transmigrasse
2584 681 2753 735 aiunt.
2812 676 2937 735 Haec
2965 680 3055 735 illa
3089 689 3172 736 est
3214 678 3600 751 Egyptidrum
3620 677 3706 735 di~

436 770 682 825 vinitatis
738 772 920 825 omnis
969 770 1166 841 ejectio
1217 772 1420 840 potius,
1470 786 1643 840 quam
1669 772 1960 841 theologia,
1999 784 2067 827 eo
2125 788 2300 844 usque
2330 772 2552 828 infamis
2578 782 2725 827 certe
2749 772 2992 842 quidem,
3017 779 3076 827 ut
3099 771 3183 826 vel
3212 787 3335 827 eam
3364 771 3705 840 argumentis

433 875 750 932 oppugnare
788 869 941 931 turpe
998 864 1260 918 videatur.
1317 861 1469 919 Hauc
1500 879 1601 919 nos
1644 863 1768 933 jure
1822 880 1955 920 sane
2002 880 2068 920 ac
2126 866 2325 920 merito
2380 864 2742 936 respuendam
2790 865 2950 920 nobis
2995 864 3500 935 repudiandamque
3545 872 3708 934 puta-

433 962 640 1025 vimus,
707 961 802 1030 qu’i
868 971 1049 1015 tamen
1118 976 1227 1014 non
1280 961 1384 1015 alia
1433 969 1710 1015 tantorum
1772 959 2048 1015 malorum
2084 961 2466 1031 scelerumque
2510 961 2876 1032 tyrannidem,
2931 975 3096 1031 quam
3151 958 3408 1014 salutaris
3441 956 3606 1012 unius
3654 966 3709 1011 et

432 1052 759 1121 evangelicae
812 1052 1074 1107 doctrina:
1133 1053 1189 1106 vi
1242 1053 1610 1117 excussimus,
1668 1068 1793 1122 qua:
1842 1060 2028 1106 mente
2057 1053 2353 1123 animoque
2412 1052 2574 1108 caecis
2606 1052 2824 1108 videndi
2857 1051 3177 1107 facultatem
3223 1050 3454 1106 feliciter
3481 1064 3705 1104 annun-

430 1143 552 1198 tiat.
586 1145 742 1211 Quod
776 1153 1045 1215 superest,
1099 1143 1219 1201 illas
1251 1160 1469 1216 quoque
1503 1160 1687 1199 rerum
1734 1145 2068 1199 naturalium
2100 1146 2362 1211 rationes,
2407 1160 2639 1214 quarum
2684 1145 3056 1201 honestiorem
3124 1143 3287 1213 paulo
3351 1142 3589 1212 speciem
3617 1141 3703 1196 in-

429 1239 608 1296 fandis
652 1240 1004 1310 religionibus
1044 1238 1369 1301 obtendunt,
1418 1238 1770 1310 postmodum
1809 1238 2219 1309 expendemus,
2274 1237 2319 1294 si
2361 1248 2544 1293 tamen
2597 1237 2753 1307 prius
2795 1237 2863 1293 de
2899 1234 3214 1291 Graecorum
3260 1233 3426 1288 etiam
3491 1233 3697 1287 rituum

427 1330 815 1401 superstitione
891 1329 1373 1400 disputaverimus.
1449 1328 1783 1393 Enimvero,
1858 1344 1983 1383 cum
2044 1344 2214 1383 unum
2258 1328 2481 1399 aliquod
2516 1328 2683 1383 veluti
2734 1343 2938 1397 corpus
2993 1328 3140 1382 hunc
3178 1323 3237 1379 in
3292 1323 3515 1379 modum
3539 1324 3706 1379 exsti-

426 1423 603 1489 tisset,
647 1428 713 1478 ex
772 1425 1031 1494 permista
1070 1424 1473 1481 Phoeniciarum
1513 1424 2003 1497 Egyptiarumque
2036 1422 2361 1481 fabellarum
2414 1426 2677 1486 varietate
2733 1423 3051 1489 conflatum,
3095 1422 3296 1476 mirum
3341 1434 3475 1475 sane
3516 1419 3695 1474 videri

426 1530 536 1570 non
590 1514 768 1582 debet,
827 1518 873 1573 si
930 1519 1135 1574 erroris
1179 1520 1388 1590 antiqui
1445 1518 1762 1589 superstitio
1816 1519 2009 1590 perdiu
2043 1517 2209 1575 fuerit
2256 1521 2399 1590 apud
2434 1529 2620 1590 gentes
2676 1519 2965 1591 plerasque
3009 1517 3311 1573 dominata.
3367 1514 3460 1569 Sic
3498 1514 3685 1585 igitur,

424 1610 698 1674 quomodo
733 1620 857 1665 ante
909 1611 1162 1677 narravi,
1221 1611 1435 1681 egregia
1482 1627 1604 1667 sese
1660 1592 2041 1685 Egyptiorum
2100 1620 2410 1667 commenta
2460 1610 2764 1681 fabulaeque
2816 1609 3139 1664 habuerunt.
3179 1607 3284 1678 52
3325 1606 3482 1662 Nunc
3523 1616 3584 1664 ut
3616 1610 3684 1666 de

423 1699 627 1757 Graecis
685 1702 892 1773 aliquid
944 1703 1214 1767 dicamus,
1275 1705 1409 1759 ordo
1465 1705 1727 1775 postulat.
1774 1702 1843 1758 Et
1892 1717 2212 1774 quanquam
2268 1704 2403 1759 istas
2440 1702 2591 1758 aliud
2631 1718 2755 1759 esse
2805 1702 2940 1755 nihil
2985 1706 3149 1772 quam
3201 1700 3502 1771 fragmenta
3546 1718 3698 1772 quae-

420 1797 568 1862 dam,
612 1796 965 1867 invectasque
1014 1812 1296 1867 perperam
1352 1808 1405 1853 et
1465 1800 1643 1854 alieno
1709 1813 1874 1855 sensu
1941 1804 2186 1852 veterum
2236 1797 2453 1853 illarum
2509 1795 3019 1865 interpretationes,
3058 1794 3292 1864 ipSamet
3338 1792 3453 1863 jam
3494 1794 3694 1863 saepius

418 1885 767 1944 laudatorum
822 1890 1152 1958 scriptorum
1196 1889 1520 1944 auctoritate
1562 1890 1881 1959 judlcioque
1917 1888 2297 1955 ostendimus;
2346 1888 2398 1942 id
2438 1888 2615 1958 ipsum
2665 1896 2844 1941 tamen
2894 1886 3161 1957 producta
3210 1887 3263 1939 in
3312 1886 3487 1941 lucem
3544 1883 3694 1940 Grat-

422 2000 616 2040 corum
649 1985 935 2041 hominum
960 1982 1230 2051 theologia
1257 1981 1460 2037 clarius
1482 1981 1763 2053 apparebit
1805 2001 1817 2034 :
1862 1984 2064 2053 quippe
2091 1981 2185 2051 qui
2217 1982 2273 2036 in
2325 1982 2441 2037 suis
2492 1981 2600 2036 illis
2645 1981 2712 2036 de
2738 1982 2993 2036 universo
3023 1979 3253 2034 deordm
3288 1994 3487 2049 genere
3538 1995 3693 2036 coin-

419 2076 727 2141 mentariis,
768 2074 1052 2146 preprium
1085 2073 1558 2145 domesticumque
1584 2074 1865 2144 proferant
1904 2077 2062 2141 nihil,
2113 2075 2206 2130 sed
2257 2075 2310 2128 in
2363 2072 2675 2130 exterarum
2735 2072 2989 2144 ﬁgmenta
3035 2073 3362 2142 populorum
3422 2072 3689 2145 incidant,

425 2171 742 2243 partimque
794 2169 1108 2226 simulacris
1156 2170 1383 2225 omnino
1438 2171 1711 2227 similibus
1741 2215 1756 2237 ,
1808 2171 2004 2241 partim
2059 2172 2249 2227 iisdem
2303 2184 2519 2240 quoque
2568 2169 2844 2238 mysteriis
2898 2168 2977 2224 uti
3030 2168 3460 2236 convincantur;
3493 2184 3685 2239 quem-

419 2261 715 2317 admodum
767 2275 834 2315 ex
860 2260 1175 2316 eorumdem
1242 2260 1466 2315 historia
1494 2261 1674 2330 quivis
1726 2262 1942 2317 auferre
1976 2271 2172 2332 potest,
2208 2278 2371 2333 quam
2407 2262 2631 2331 ipsemet
2670 2259 2937 2317 Diodorus
2966 2260 3126 2332 cujus
3177 2276 3286 2316 non
3341 2261 3510 2317 semel
3560 2275 3688 2319 ante

419 2355 645 2410 memini
707 2353 865 2409 tertio
922 2358 1226 2421 quartoque
1279 2351 1555 2408 volumine
1613 2353 1765 2408 citati
1817 2355 2019 2425 operis,
2072 2370 2184 2425 quo
2218 2355 2400 2410 varias
2440 2370 2611 2410 unum
2661 2355 2716 2409 in
2771 2370 2971 2425 corpus
3022 2353 3387 2413 Bibliothecas
3441 2357 3683 2430 collegit,

418 2444 540 2503 fhse
590 2444 957 2516 prosequitur,
985 2457 1104 2497 eam
1158 2458 1189 2497 a
1223 2441 1414 2496 Cadmi
1459 2449 1617 2499 aetate
1650 2445 1988 2514 auspicatus.
2019 2442 2175 2500 Hunc
2209 2460 2336 2500 vero
2369 2444 2635 2499 Cadmum
2682 2453 2803 2513 post
2840 2442 3061 2516 Moysen
3107 2457 3298 2501 natum
3338 2462 3480 2516 esse,
3512 2465 3684 2506 accu-

417 2547 536 2594 rata
602 2546 905 2607 temporum
971 2535 1114 2592 serie
1176 2550 1241 2589 ac
1296 2537 1647 2594 successione
1706 2536 1997 2595 manifeste
2066 2539 2488 2609 comprobatur,
2548 2549 2611 2593 nt
2663 2554 2764 2594 suo
2815 2538 2938 2596 loco
3002 2540 3373 2598 ostendemus.
3428 2541 3507 2598 Ex
3570 2560 3683 2615 quo

411 2631 662 2702 proinde,
702 2629 1019 2687 Graecorum
1068 2627 1389 2685 numinibus
1433 2630 1797 2700 antiquiorem
1846 2630 2016 2686 fuisse
2066 2630 2315 2703 Moysen,
2378 2639 2527 2686 certa
2591 2630 2804 2686 ratione
2852 2630 3176 2697 conficitur,
3227 2647 3353 2687 cum
3408 2634 3457 2690 is
3522 2645 3682 2695 aetate

410 2723 674 2778 Cadmum
711 2721 1085 2785 antecesserit,
1125 2731 1251 2792 post
1298 2736 1462 2792 quem
1509 2719 1825 2778 Graecorum
1852 2724 1986 2780 deos
2014 2723 2069 2778 in
2092 2723 2265 2780 lucem
2285 2724 2459 2780 editos
2495 2722 2669 2779 fuisse
2686 2728 2921 2778 constat.
2970 2720 3076 2777 Sed
3114 2723 3387 2792 ipsissima
3434 2727 3680 2796 ejusdem

410 2814 652 2869 auctoris
680 2814 842 2867 verba
876 2812 992 2882 jam
1024 2813 1172 2868 audi.

936 2931 1333 2985 ΚΕΦΑΛΑῙΟΝ
1380 2916 1456 2985 Βί.

2715 2912 2945 2984 CAPUT
2986 2925 3052 2983 ιι.

421 3021 697 3093 Ἐπιτομὴ
718 3020 837 3096 τῶν
856 3016 997 3096 amp:
1017 3024 1270 3096 Ἕλλησι
1303 3025 1439 3092 περι
1470 3041 1533 3077 τε
1559 3012 1730 3096 θεῶν,
1751 3024 1852 3078 καὶ
1878 3025 1973 3078 τῶι

2098 3025 2565 3096 Eorumepitoma.
2620 3038 2739 3094 quae
2789 3025 2854 3076 de
2883 3021 3187 3096 ercorum
3212 3021 3317 3074 diis
3344 3033 3394 3076 et
3430 3021 3674 3079 heroibus

657 3094 792 3160 παρ’
821 3092 1023 3171 αὐτοῖς
1052 3092 1262 3161 ἡρώων
1287 3095 1736 3163 μυθευομένων.

2342 3092 2351 3096 ⁷
2526 3092 2766 3166 fabulose
2815 3092 3043 3161 conﬁcta
3101 3101 3245 3145 sunt.

479 3183 592 3255 (52)
610 3184 853 3256 Κάδμον,
885 3185 976 3238 τὸν
1007 3185 1317 3255 Ἀγήνορος,
1341 3189 1503 3254 φασὶν
1530 3186 1594 3239 ἐκ
1609 3186 1862 3256 Φοινίκης
1883 3186 1973 3241 ὑπί

2166 3188 2435 3243 Cadmum
2479 3184 2744 3257 Agenoris
2774 3182 2946 3238 filium
2997 3190 3326 3247 memorant,
3350 3197 3419 3238 ex
3445 3181 3671 3239 Phaeni-

405 3275 502 3330 τοῦ
552 3275 816 3347 βασιλέως
882 3275 1256 3351 ἀποσταλῆναι
1313 3275 1449 3349 πρὸς
1506 3276 1837 3348 ἀναζήτησιν
1888 3278 1973 3349 τῆς

2091 3279 2176 3335 cia
2200 3278 2361 3349 jussu
2417 3278 2580 3347 regis.
2642 3274 2872 3343 Europa:
2922 3287 3086 3343 quam
3145 3269 3353 3341 Jupiter
3416 3282 3675 3343 rapuerat

404 3365 699 3438 Εὐρώπης,
730 3367 798 3437 ἥν
843 3366 947 3419 ὑπὸ
998 3365 1119 3430 Διὸς
1156 3367 1488 3438 ἅρπαγῆναι.
1523 3367 1615 3439 Μὴ
1648 3366 1876 3439 εὑρόντα
1908 3368 1973 3431 δέ,

2090 3369 2397 3441 quaerendae
2449 3368 2625 3439 gratia
2682 3362 2986 3436 profectum
3013 3379 3135 3420 esse
3165 3381 3178 3418 :
3211 3364 3353 3420 hanc
3372 3379 3501 3420 vero
3522 3365 3668 3434 quod

404 3459 486 3520 είς
511 3456 773 3511 Βοιωτίαν
804 3456 977 3510 ἐλθεῖν
1004 3457 1189 3511 κτίσαι
1216 3474 1277 3510 τε
1314 3457 1415 3522 τὰς
1447 3457 1633 3513 αὐτόθι
1654 3458 1856 3532 Θήϐας,
1882 3461 1973 3531 γή-

2088 3462 2326 3535 reperire
2344 3477 2450 3517 non
2464 3460 2749 3531 potuisset,
2784 3458 2838 3512 in
2866 3457 3136 3513 Bmotiam
3168 3457 3404 3522 venisse,
3437 3472 3669 3529 quaeque

408 3568 586 3622 μαντα
628 3551 687 3604 δὲ
737 3551 1035 3622 Ἀρμονῖαν
1084 3552 1184 3623 τὴν
1230 3551 1569 3624 Ἀφροδίτης,
1616 3553 1873 3625 γεννῆσαι
1926 3552 1986 3620 ἐξ

405 3642 577 3712 αὐτῆς
599 3641 840 3712 Σεμέλην
865 3642 960 3696 καὶ⁹
985 3641 1083 3707 τὰς
1107 3641 1312 3714 ταύτης
1330 3641 1582 3712 ἀδελφάς.
1597 3643 1674 3714 Τῇ
1700 3642 1756 3697 δὲ
1775 3642 1985 3718 Σεμέλῃ

405 3732 498 3786 τὸν
520 3732 616 3785 Δία
642 3732 871 3803 μιγέντα
897 3734 1318 3806 παρακληθῆναι
1343 3734 1443 3797 τὰς
1473 3734 1775 3799 ἐπιπλοκὰς
1792 3737 1984 3806 ὁμοίας

402 3825 539 3897 αὐτῇ
574 3826 904 3897 ποιήσασθαι
934 3828 1053 3892 ταῖς
1071 3827 1205 3899 πρὸς
1228 3826 1327 3899 τὴν
1343 3827 1539 3899 ⁶⁷Ηραν.
1558 3826 1907 3892 Ἐπελθόντος
1925 3828 1982 3881 δὲ

400 3917 567 3972 αὐτοῦ
601 3918 921 3991 θεοπρεπῶς
962 3918 1100 3991 μετά
1143 3917 1382 3991 βροντῶν
1415 3917 1511 3973 καὶ
1535 3918 1851 3990 ἀστραπῶν,
1882 3919 1983 3972 οὐκ

401 4013 644 4079 ἐνεγκεῖν
670 4010 769 4082 τὴν
804 4011 1045 4081 Σεμέλην
1073 4009 1350 4081 ἐγκύμονα
1368 4008 1480 4080 (55)
1510 4004 1673 4063 οὖσαν
1705 4008 1980 4081 ἐκτρῶσαι

398 4101 463 4155 τὸ
501 4101 700 4173 βρέφος
725 4142 740 4166 ,
790 4100 896 4154 ὑπὸ
946 4100 1004 4154 δέ
1052 4099 1147 4154 τοῦ
1196 4100 1368 4173 πυρὸς
1418 4100 1588 4171 αὐτὴν
1633 4099 1972 4172 τελευτῆσαι.

398 4193 504 4249 Τὸν
528 4194 585 4249 δὲ
603 4193 702 4248 Δία
729 4192 963 4249 λαϐόντα
982 4193 1042 4247 τὸ
1065 4193 1292 4258 παιδίον,
1317 4192 1654 4265 παραδοῦναι
1675 4192 1753 4264 τῷ
1779 4193 1973 4266 Ἐρμῇ·

398 4285 684 4358 ἐκπέμψαι
714 4303 775 4339 τε
804 4287 883 4350 εἰς
920 4282 981 4339 τὸ
1010 4287 1094 4355 ¹ἐν
1125 4288 1190 4357 τῇ
1245 4284 1402 4358 Νύσῃ
1444 4284 1638 4357 ἄντρον
1659 4324 1674 4349 ,
1724 4285 1975 4356 κείμενον

399 4376 606 4447 μεταξὺ
635 4374 887 4448 Φοινίκης
927 4393 986 4430 τε
1011 4378 1107 4430 καὶ⁸
1148 4375 1362 4430 Νείλου.
1405 4375 1560 4429 Οὕτω
1600 4376 1660 4430 δὲ
1701 4376 1975 4448 τραφέντα

393 4466 488 4522 τὸν
518 4468 769 4522 Διόνυσον
814 4468 920 4521 ὑπὸ
960 4466 1067 4522 τῶν
1112 4466 1357 4538 Νυμφῶν
1375 4506 1392 4532 ,
1433 4466 1660 4539 εὑρετὴν
1687 4465 1784 4521 τοῦ
1830 4465 1975 4549 οἴνου

2086 3556 2163 3612 ibi
2226 3556 2344 3611 sitae
2389 3562 2518 3609 sunt
2544 3537 2761 3607 Thebas
2795 3549 3129 3613 condidisse,
3162 3565 3226 3605 ac
3262 3548 3511 3605 Semelen
3537 3565 3664 3606 cum

2084 3645 2330 3715 ejusdem
2366 3643 2647 3700 sororibus
2669 3656 2736 3696 ex
2765 3638 3062 3697 Harmonia
3096 3636 3317 3696 Veneris
3343 3639 3473 3701 tilia,
3495 3655 3662 3711 quam

2084 3751 2313 3792 uxorem
2365 3734 2619 3798 duxerat,
2654 3733 2983 3803 susCepisse.
3035 3730 3104 3787 At
3135 3747 3261 3786 cum
3315 3746 3345 3785 a
3377 3730 3532 3799 Jove,
3564 3733 3661 3803 qui

2084 3842 2272 3884 secum
2305 3840 2421 3881 rem
2447 3825 2734 3889 habuerat,
2759 3819 3109 3878 vehementer
3141 3819 3355 3877 Semele
3391 3822 3658 3891 petiisset,

2081 3919 2161 3973 uti
2187 3918 2307 3989 ejus
2359 3916 2414 3970 in
2456 3925 2736 3986 pesterum
2795 3912 3211 3975 consuetudine,
3242 3928 3350 3982 qua
3380 3911 3655 3969 Junonem

2081 3998 2458 4073 conveniebat,
2494 4005 2603 4061 frui
2628 4005 2734 4062 sibi
2781 4006 2988 4071 liceret,
3015 4020 3141 4060 eum
3186 4005 3469 4076 majestate
3497 4005 3659 4076 plane

2079 4100 2265 4155 divina
2296 4113 2421 4154 cum
2467 4097 2674 4152 tonitru
2721 4108 2785 4151 ac
2832 4095 3138 4167 fulguribus
3162 4095 3483 4160 accessisse,
3518 4111 3658 4166 quo-

2080 4206 2201 4244 rum
2230 4189 2322 4244 illa
2351 4189 2460 4243 vim
2498 4203 2623 4243 cum
2655 4185 2925 4240 sustinere
2943 4199 3055 4239 non
3079 4192 3465 4254 posset,qucm
3498 4193 3656 4241 utero

2079 4278 2250 4335 fetum
2306 4278 2553 4351 gestabat
2613 4275 2921 4332 abortivum
2988 4274 3266 4339 effudisse,
3321 4273 3651 4345 ﬂammaque

2078 4368 2688 4440 ctialestiConilagrasse.
2742 4365 2849 4436 53
2900 4363 3110 4435 Jupiter
3139 4372 3342 4432 autem,
3374 4364 3651 4435 inquiunt.

2075 4473 2361 4532 exceptum
2419 4459 2683 4515 infantem
2745 4456 3015 4512 Mercurio
3063 4455 3302 4523 tradidit,
3363 4471 3393 4511 a
3443 4472 3553 4526 quo
3595 4458 3650 4513 in

396 4559 670 4629 γενέσθαι,
694 4560 787 4615 καὶ
818 4559 915 4632 τὴν
942 4558 1164 4629 φυτείαν
1199 4557 1406 4621 διδάξαι
1436 4557 1538 4627 τῆς
1571 4556 1818 4628 ἀμπέλου
1850 4546 1973 4623 τοὺς

2081 4555 2354 4628 quoddam
2379 4551 2539 4625 Nysae
2564 4560 2781 4608 antrum
2810 4549 3148 4606 thniciam
3178 4549 3318 4603 inter
3360 4546 3654 4619 Nilumque

396 4650 735 4723 ἀνθρώπους.
773 4652 968 4723 Εὑρεῖν
1002 4651 1060 4704 δὲ
1094 4651 1186 4706 καὶ
1227 4650 1287 4704 τὸ
1317 4651 1381 4702 ἐκ
1414 4648 1512 4720 τῆς
1561 4647 1754 4720 κριθῆς
1804 4664 1972 4701 κατα-

400 4744 794 4815 σκευαζόμενον
825 4744 979 4814 πόμα
998 4784 1013 4808 ,
1058 4743 1119 4797 τὸ
1149 4741 1478 4814 καλούμενον
1512 4740 1700 4807 ζύθονδ
1744 4741 1970 4815 περιφέ-

400 4852 516 4905 ρειν
553 4835 612 4890 δὲ
645 4835 999 4907 στρατόπεδον
1022 4875 1037 4900 ,
1071 4835 1132 4890 οὐ
1195 4835 1355 4907 μόνον
1400 4833 1612 4906 ἀνδρῶν
1639 4873 1654 4898 ,
1695 4832 1831 4887 ἀλλὰ
1877 4835 1972 4889 καὶ

394 4925 689 4996 γυναικῶν,
716 4926 813 4980 καὶ
843 4926 970 4990 τοὺς
1003 4926 1219 4990 ἀδίκους
1241 4926 1336 4980 καὶ
1365 4924 1582 4990 ἀσεϐεῖς
1614 4922 1723 4978 τῶν
1756 4922 1969 4997 ἀνθρώ-

393 5032 514 5071 πων
544 5015 812 5083 κολάζειν,
841 5015 1170 5090 στρατεῦσαι
1190 5016 1247 5070 δὲ
1267 5019 1347 5081 είς
1378 5015 1478 5088 τὴν
1515 5014 1742 5087 Ἰνδικὴν
1771 5018 1973 5088 τριετεῖ

391 5110 587 5183 χρόνῳ.
636 5107 913 5163 Ἐντεῦθεν
950 5111 1078 5175 τοὺς
1099 5108 1365 5182 ’Έλληνας
1415 5107 1726 5173 καταδεῖξαι
1756 5123 1971 5180 τριετη-

396 5202 557 5276 ρικάς
586 5201 778 5267 θυσίας
822 5201 1080 5274 Διονύσῳ,
1114 5201 1209 5256 καὶ
1254 5202 1345 5256 τὸν
1377 5199 1500 5255 θεὸν
1548 5199 1789 5272 νομίζειν
1827 5200 1969 5255 κατά

389 5289 485 5344 τὸν
504 5291 692 5364 χρόνον
716 5291 903 5346 τοῦτον
933 5291 1201 5346 ποιεῖσθαι
1226 5291 1327 5355 τὰς
1350 5291 1504 5365 παρά
1522 5294 1632 5357 τοῖς
1660 5290 1968 5364 ἀνθρώποις

390 5379 712 5448 ἐπιφανείας
732 5397 746 5410 ·
783 5380 959 5435 σέϐειν
980 5399 1041 5435 τε
1072 5376 1234 5436 αὐτὸν
1266 5382 1471 5445 πάντας
1503 5379 1843 5454 ἀνθρώπους,
1879 5381 1966 5436 διὰ

466 5559 581 5629 (59.)
620 5559 801 5615 Locus
831 5560 970 5616 alius
996 5571 1082 5617 est
1103 5560 1344 5624 Diodori,
1366 5576 1433 5617 ex
1463 5560 1557 5615 lib.
1592 5574 1665 5627 ιν,
1688 5575 1743 5631 p.
1772 5559 1879 5615 210
1898 5557 1962 5625 Β,

392 5638 452 5685 at
483 5631 713 5685 subinde
738 5631 1073 5685 decurtatus.

463 5700 1235 5823 ἱδέὶκξῑίέέέηζ
1274 5700 1674 5823 ιξᾷιῖιξὲθίξθῖς
1701 5699 1961 5823 iam

389 5768 490 5842 καὶ
518 5768 811 5842 ἐγκύμονα.
849 5769 1004 5838 Apud
1036 5768 1277 5842 Diodor._,
1306 5768 1542 5842 plenius,
1574 5771 1674 5842 τὴν
1701 5768 1758 5822 δὲ
1787 5768 1960 5842 Σεμέ-

389 5836 491 5910 λην
521 5836 712 5909 ἔγκυον
741 5836 925 5904 οὖσαν,
965 5840 1058 5894 καὶ
1095 5840 1157 5893 τὺ
1199 5836 1429 5911 μέγεθος
1456 5841 1555 5912 τῆς
1589 5836 1959 5911 περιστάσεως

666 5937 936 6000 Parnm.
976 5934 1094 5999 Gn.
1127 5934 1301 6001 XXI.

2077 4642 2291 4698 delatus
2307 4651 2410 4697 est.
2440 4639 2540 4696 Hic
2569 4655 2699 4712 ergo
2723 4637 2973 4695 Bacchus
2999 4637 3362 4710 nympharum
3387 4639 3566 4693 studio
3595 4649 3651 4694 et

2074 4747 2241 4804 opera
2290 4732 2576 4797 educatus,
2633 4730 2744 4786 vini
2810 4745 2914 4786 usu
2968 4737 3208 4800 reperto,
3261 4730 3435 4783 vinea:
3483 4727 3650 4784 simul

2071 4826 2380 4896 plantandte
2412 4824 2679 4880 rationem
2719 4823 2972 4891 homines
3028 4824 3235 4888 docuit,
3259 4832 3531 4892 potusque
3551 4836 3647 4891 ge-

2070 4934 2199 4983 nus,
2247 4920 2397 4990 quod
2437 4934 2505 4974 ex
2542 4916 2753 4972 hordeo
2796 4914 3106 4982 conficitur,
3152 4913 3505 4985 zythumque,
3540 4912 3647 4967 hoc

2069 5019 2155 5065 est
2186 5009 2470 5075 cerevisia,
2517 5008 2854 5072 nominatur,
2910 5006 3136 5062 invenit.
3169 5004 3313 5060 Idem
3341 5004 3644 5060 exercitum

2068 5115 2135 5156 ex
2197 5101 2328 5157 viris
2368 5101 2800 5170 mulieribusque
2856 5098 3152 5154 conflatum
3201 5096 3639 5157 circumducens.

2069 5207 2265 5263 ptenas
2303 5207 2335 5247 a
2386 5190 2718 5249 facinorosis
2738 5200 2793 5246 et
2821 5189 3005 5259 impiis
3038 5186 3320 5257 expetivit.
3354 5185 3511 5254 Quod
3542 5200 3644 5241 au-

2068 5295 2175 5341 tem
2206 5287 2255 5341 is
2282 5285 2579 5340 triennium
2616 5284 2672 5338 in
2721 5280 2906 5337 Indica
2953 5278 3296 5350 expeditione
3342 5278 3639 5348 posuisset.

2069 5377 2242 5434 Graeci
2299 5376 2567 5433 trieterica
2602 5390 2761 5432 sacra
2801 5374 2921 5443 ejus
2950 5373 3007 5428 in
3039 5373 3300 5428 honorem
3332 5372 3639 5435 instituere.

2066 5554 2607 5636 οὐκένὲγκασανὶτδ
2638 5554 2738 5636 μὲν
2771 5553 2970 5636 βρέφος
2994 5550 3286 5636 ἐκτρῶσαι,
3456 5549 3521 5636 δέ

2066 5627 2238 5701 πυρὸς
2262 5623 2431 5701 αὐτὴν
2450 5623 2785 5701 τελευτῆσαιᾲ
2811 5623 3043 5701 Eadem,
3074 5625 3167 5701 sed
3197 5636 3321 5701 cum
3352 5623 3534 5701 aliqua
3557 5627 3639 5701 tat

2065 5685 2192 5755 me'n
2217 5685 2514 5760 'varieiate,
2547 5685 2732 5761 libfn,
2762 5709 2818 5765 p.
2845 5694 2948 5749 £98
2975 5685 3042 5760 Α,
3075 5692 3168 5748 ubi
3191 5689 3426 5757 Junonis
3445 5685 3641 5745 fraudo

2064 5778 2238 5824 totum
2272 5768 2323 5823 id
2355 5766 2559 5823 factum
2590 5778 2712 5822 esse
2742 5765 2950 5822 scribit.

3399 5919 3444 5992 ι
