4154 6408
495 307 598 364 107

1095 313 1364 372 EUSEBII
1397 315 1873 373 C/ESARIENSIS
1901 316 2053 373 OPP.
2092 320 2273 375 PARS
2314 321 2378 376 ll.
2419 348 2490 360 —
2515 316 3012 373 APOLOGETICA.

3645 320 3745 377 108

492 445 619 484 cum
650 444 745 501 per
797 429 929 485 illud
990 440 1205 503 tempus
1261 435 1531 492 Bacchum
1580 455 1700 495 sese
1749 440 2040 497 hominibu:

2167 440 2264 510 τὴν
2293 437 2386 490 τοῦ
2417 436 2560 489 οίνου
2605 434 2779 487 δόσιν’
2830 434 3019 507 ὥσπερ
3044 435 3139 489 καὶ⁵
3179 436 3278 507 τὴν
3320 439 3612 510 Δήμητραν
3659 441 3746 496 διά

499 522 857 592 spectandum
915 524 1157 595 prazhere
1200 526 1420 582 solitum
1469 539 1741 599 putarent.
1789 531 2062 589 Caeterum

489 617 704 672 divinos
743 616 984 675 honores
1024 631 1245 691 propter
1288 622 1398 677 vini
1448 638 1672 689 munus,
1707 628 2064 695 quemadmo—

489 708 619 762 dum
646 706 811 764 Ceres
838 710 908 765 ob
939 712 1143 767 inventi
1166 711 1423 768 frumenti
1456 716 1804 781 beneficium,
1841 719 1909 774 ab
1940 720 2063 774 uni-

490 814 652 856 verso
727 800 1012 857 hominum
1084 820 1277 874 genere
1337 807 1665 877 impetravit.
1713 807 1834 865 Jam
1894 812 2059 867 al.’um

485 900 747 961 praeterea
778 891 1046 948 Bacchum
1092 894 1262 950 fuisse
1312 898 1556 962 tradunt.
1592 900 1685 970 qui
1727 901 2061 974 hunclongo

486 990 707 1037 aetatum
742 983 1023 1038 intervallo
1067 989 1428 1055 praecesserit,
1462 1004 1734 1062 quemque
1767 991 2057 1047 Sabazium

485 1075 732 1129 nonnulli
768 1062 982 1140 vocant,
1010 1074 1164 1133 Jovis
1190 1094 1255 1134 ex
1281 1078 1609 1152 Proserpina
1651 1084 1847 1140 lilium.
1884 1083 2058 1155 Hujus

489 1176 600 1219 non
630 1174 785 1220 ortus
845 1167 1029 1232 modo,
1089 1169 1186 1225 sed
1245 1171 1411 1226 etiam
1469 1175 1761 1241 sacriﬁcia,
1810 1176 2059 1245 ritusque

481 1257 737 1311 nocturni
758 1272 823 1311 ac
853 1257 1106 1325 latentes,
1139 1261 1287 1332 quod
1323 1275 1618 1334 perpetuus
1661 1267 1827 1322 veluti
1871 1283 2056 1324 comes

479 1348 547 1401 ad
582 1348 907 1405 concubitus
936 1348 1235 1410 foeditatem
1260 1356 1434 1424 pudor
1458 1358 1815 1423 adliaarescat,
1852 1360 1923 1414 ab
1951 1360 2056 1415 illis

478 1441 832 1497 invehuntur.
867 1442 1006 1499 Eum
1039 1462 1259 1517 quoque
1294 1448 1666 1519 jugandorum
1697 1452 1860 1507 boum
1890 1455 2057 1509 ratio-

477 1547 603 1587 nem
668 1534 905 1602 primum
962 1538 1303 1609 excogitasse
1354 1541 1529 1605 aiunt,
1588 1542 1818 1615 ideoque
1849 1560 2056 1601 cornua

490 1623 736 1694 ejusdem
771 1626 1078 1684 simulacris
1124 1629 1365 1701 alligunt.
1419 1634 1489 1687 At
1517 1650 1640 1690 vero
1668 1636 1947 1706 juniorem
1977 1638 2056 1692 al-

482 1724 658 1769 terum
681 1731 749 1770 ex
794 1717 1004 1773 Semele
1034 1730 1243 1789 natum,
1278 1725 1525 1793 corporis
1555 1727 1781 1782 mollitie
1810 1729 2052 1799 luxuque

2164 528 2263 598 τὴν
2285 526 2386 597 τῆς
2417 524 2509 579 τοῦ
2545 526 2691 578 σίτου
2727 526 2930 596 τροφῆς
2954 526 3188 599 εὕρεσιν.
3226 523 3381 583 Εἶναι
3408 528 3464 582 δέ
3490 548 3620 600 φασι
3655 534 3747 586 καὶ

2164 618 2320 671 ἀλλον
2353 616 2606 669 Διόνυσον
2638 616 2773 669 πολὺ
2807 618 2919 681 τοῖς
2948 619 3161 688 χρόνοις
3205 620 3573 693 προτεροῦντα
3620 622 3746 677 τού-

2162 727 2278 772 του,
2313 708 2404 761 τὸν
2434 707 2539 759 ῦπό
2573 724 2733 760 τινων
2767 709 3030 773 Σαϐάζιον
3063 712 3460 782 ὀνομαζόμενον
3481 753 3495 777 ,
3537 716 3600 766 ἐκ
3622 716 3743 781 Διὸς

2163 799 2256 853 καὶ
2278 797 2624 871 Περσεφόνης
2658 800 2968 870 γενόμενον,
3006 797 3066 856 οὗ
3108 801 3205 873 τὴν
3249 802 3482 871 γένεσιν,
3515 805 3609 859 καὶ
3647 808 3744 870 τάς

2162 892 2385 955 θυσίας,
2440 888 2533 945 καὶ
2594 890 2693 954 τὰς
2738 892 2902 962 τιμάς
2963 895 3278 965 νυκτερινὰς
3343 896 3436 950 καὶ
3483 898 3742 967 κρυφίους

2160 986 2488 1056 εἰσάγουσιν,
2521 984 2610 1038 διὰ
2648 984 2747 1056 τὴν
2787 985 3048 1057 αἰσχύνην
3094 986 3192 1058 τὴν
3227 990 3291 1040 έκ
3318 989 3413 1059 τῆς
3456 990 3741 1053 συνουσίας

2161 1077 2666 1139 ἐπακολουθοῦσαν,
2714 1077 2773 1130 ὃν
2819 1078 2911 1130 καὶ
2959 1078 3173 1149 πρῶτον
3218 1079 3344 1151 βοῦς
3395 1081 3740 1154 ἐπιχειρῆσαι

2160 1170 2468 1239 ζευγνύειν·
2506 1171 2601 1240 ἀφ’
2660 1162 2720 1224 οὗ
2768 1169 2905 1239 δῆτα
2947 1171 3042 1223 καὶ
3090 1172 3346 1243 κερατίαν
3389 1172 3552 1226 αὑτὸν
3592 1173 3741 1226 εἰσά-

2159 1279 2335 1329 γουσι.
2379 1263 2481 1314 Τὸν
2514 1263 2570 1315 δὲ
2620 1263 2684 1315 ὲκ
2735 1261 2978 1331 Σεμέλης
3030 1262 3326 1335 νεώτερον,
3358 1264 3624 1336 τρυφερὸν
3660 1263 3740 1335 τῷ

2160 1352 2406 1423 σώματι,
2456 1354 2550 1406 καὶ
2602 1352 2907 1423 εὐπρεπείᾳ
2938 1352 3263 1421 διενεγκεῖν,
3308 1355 3403 1408 καὶ
3452 1356 3588 1427 πρὸς
3639 1356 3740 1420 τὰς

2156 1442 2549 1514 ἀφροδισιακὰς
2604 1444 2796 1514 ἡδονάς
2856 1444 3229 1517 εὐκατάφορον
3280 1447 3530 1514 γενέσθαι
3581 1448 3734 1517 φασί.

2155 1533 2314 1587 Κατά
2341 1533 2398 1585 δὲ
2430 1534 2528 1596 τάς
2574 1534 2882 1604 στρατείας,
2916 1535 3188 1602 γυναικῶν
3224 1535 3422 1607 πλῆθος
3456 1537 3738 1608 περιάγειν

2156 1624 2611 1696 καθωπλισμένας
2641 1625 2861 1697 λόγχαις
2893 1627 3352 1700 τεθυρσωμέναις.
3385 1629 3523 1682 Φασὶ
3554 1628 3609 1681 δὲ
3641 1629 3736 1682 καὶ

2154 1714 2252 1778 τάς
2299 1714 2522 1779 Μούσας
2578 1715 2726 1785 αύτῷ
2767 1716 3164 1786 συναποδημεῖν
3197 1716 3498 1787 παρθένους
3534 1716 3732 1781 οὔσας,

473 1806 826 1875 dimuentem,
854 1811 1033 1879 specie
1073 1810 1357 1885 formaque
1386 1792 1740 1885 praestitisse,
1775 1829 1945 1890 atque
1993 1820 2040 1875 in

2153 1808 2246 1859 καὶ
2294 1806 2731 1877 πεπαιδευμένας
2782 1806 3144 1881 διαφερόντως
3165 1848 3178 1871 ,
3223 1807 3290 1871 ἃς
3320 1809 3414 1860 καὶ
3443 1808 3531 1861 διά
3557 1808 3732 1878 μελῳ-

472 1910 562 1951 res
589 1912 849 1955 venereas
870 1916 1099 1970 pronum
1135 1903 1427 1959 admodum
1455 1920 1519 1960 ac
1536 1906 1842 1976 proclivem
1876 1907 2040 1964 fuisse

2151 1902 2269 1965 δίας
2296 1902 2390 1956 καὶ
2423 1902 2701 1973 ὀρχήσεως
2739 1900 3088 1971 ψυχαγωγεῖν
3133 1900 3224 1953 τὸν
3268 1901 3421 1954 θεόν·
3460 1901 3734 1968 παιδαγω-

471 2003 924 2046 commemorant.
981 1992 1038 2048 In
1089 1994 1299 2051 bellicis
1360 2007 1542 2053 autem
1614 2001 2040 2070 expeditionibus

2150 1996 2244 2064 γόν
2290 2013 2348 2049 τε
2398 1994 2564 2048 αὑτοῦ
2598 1994 2852 2065 Σειληνὸν
2884 1994 3093 2065 μεγάλα
3137 1992 3537 2065 συμϐάλλεσθαι
3584 1993 3734 2063 αύτῷ

472 2081 763 2136 mulierum
790 2084 1004 2139 turbam
1061 2086 1527 2156 circumducebat,
1572 2108 1605 2148 a
1637 2095 1839 2165 quibus
1881 2095 2040 2151 hastae

2153 2085 2290 2157 πρὸς
2320 2086 2542 2156 ἀρετήν.
2575 2086 2718 2158 Πρὸς
2748 2085 2804 2138 δὲ
2837 2085 2935 2149 τὰς
2968 2086 3032 2138 ὲκ
3066 2084 3157 2138 τοῦ
3183 2085 3565 2149 πλεονάζοντος
3587 2086 3732 2138 οξνου

471 2170 759 2229 frondibus
815 2183 969 2231 tecta:
1019 2175 1351 2233 ferebantur.
1406 2179 1714 2248 Quinetiam
1795 2186 2042 2253 addunt,

472 2262 658 2319 Musas
677 2266 935 2337 virgines,
967 2269 1165 2324 eximia
1216 2286 1398 2326 rerum
1428 2273 1788 2342 plurimarum
1816 2279 2043 2334 scientia

471 2357 744 2427 praeditas,
781 2359 1036 2415 itinerum
1065 2362 1184 2431 ejus
1219 2365 1445 2420 comites
1474 2365 1666 2433 fuisse,
1696 2384 1818 2439 quae
1847 2368 2046 2427 Bacchi

469 2449 713 2505 animum
746 2452 943 2522 partim
970 2455 1236 2510 suavitate
1263 2468 1479 2525 cantus,
1512 2460 1709 2529 partim
1738 2462 2046 2519 saltationis

467 2541 734 2611 elegantia
763 2552 817 2599 et
848 2545 1213 2601 concinnitate
1238 2559 1564 2605 recrearent.
1581 2550 1768 2607 Eidem
1801 2551 2044 2610 Silenum

467 2635 818 2707 prealagogum
851 2638 1177 2703 attribuunt,
1211 2639 1368 2710 cujus
1400 2656 1467 2696 ex
1485 2644 1765 2714 praeceptis
1805 2646 2043 2702 maxima

465 2735 684 2796 caperet
725 2729 794 2784 ad
819 2729 1075 2785 virtutem
1107 2732 1443 2802 adjumenta.
1483 2733 1677 2801 Porro,
1709 2737 1869 2808 mitra
1921 2740 2045 2809 qui-

464 2817 586 2872 dem
615 2818 916 2875 revinctum
941 2821 1094 2875 illum
1123 2832 1287 2893 caput
1320 2823 1581 2882 habuisse
1614 2824 1822 2895 ferunt,
1851 2829 2044 2885 adver-

465 2921 561 2962 sus
591 2914 783 2962 acutos
832 2909 1030 2979 capitis
1084 2910 1322 2979 dolores,
1359 2929 1501 2984 quos
1541 2930 1610 2970 ex
1678 2916 2042 2974 immoderato

463 2996 576 3051 vini
601 2997 801 3053 haustu
834 3009 1145 3067 pateretur:
1186 2998 1442 3058 Bimatris
1465 3017 1593 3059 vero
1613 3016 2037 3077 cognomentum

462 3088 758 3159 accepisse,
783 3091 929 3159 quod
964 3106 1031 3146 ex
1060 3107 1169 3147 uno
1192 3093 1410 3163 quidem
1444 3102 1618 3165 patre,
1637 3098 1731 3153 sed
1764 3114 1831 3154 ex
1865 3109 2040 3155 matre
2065 3131 2108 3188 ο

465 3179 679 3249 gemina
713 3178 909 3236 Bacchi
947 3181 1057 3236 duo
1104 3183 1215 3238 nati
1264 3195 1467 3242 essent.
1524 3185 1773 3245 Ferulam
1821 3207 2040 3262 quoque

462 3270 517 3324 in
547 3285 770 3325 manum
806 3270 909 3341 ipsi
937 3273 1068 3327 dare
1087 3274 1283 3342 solent,
1323 3277 1471 3346 quod
1507 3293 1631 3333 cum
1660 3280 1823 3349 prisci
1862 3281 2040 3337 homi-

460 3373 560 3413 nes
599 3359 822 3415 assiduo
866 3362 999 3415 meri
1044 3377 1147 3417 usu
1203 3363 1257 3417 in
1302 3365 1507 3420 rabiem
1548 3381 1613 3422 ac
1633 3366 1872 3425 furorem
1908 3373 2036 3435 acti,

460 3464 583 3505 sese
611 3450 819 3506 baculis
849 3452 922 3506 ita
955 3462 1146 3508 mutuo
1168 3455 1459 3522 caaderent,
1489 3466 1549 3512 ut
1569 3473 1635 3513 ex
1679 3460 1854 3532 plagis
1898 3464 2038 3519 inte-

462 3540 601 3595 ritus
627 3540 920 3612 aliquando
948 3554 1293 3614 sequeretur,
1326 3545 1598 3617 lignorum
1634 3549 1756 3605 loco
1788 3549 2037 3608 Bacchus

458 3643 555 3686 eos
578 3628 765 3686 ferulis
787 3633 865 3688 uti
894 3633 1163 3691 docuerit.
1194 3633 1332 3690 Eum
1370 3646 1631 3707 praeterea
1688 3642 1880 3698 volunt
1903 3642 2037 3699 Bac-

457 3719 622 3773 chum
650 3720 867 3790 quidem
885 3736 914 3775 a
935 3722 1162 3779 Bacchis
1188 3724 1510 3783 mulieribus
1530 3728 1870 3786 nominatum
1890 3747 2033 3799 esse,

459 3807 714 3866 Lenaeum
757 3821 939 3867 autem
973 3815 1130 3885 quasi
1170 3818 1549 3886 torcularium,
1580 3821 1725 3891 quod
1764 3822 1818 3877 in
1853 3831 2035 3879 torcu~

458 3901 668 3958 laribus
690 3919 810 3959 uvae
838 3905 1137 3972 calcentur,
1172 3906 1281 3982 54
1314 3908 1590 3966 Bromium
1623 3912 1856 3984 denique
1876 3916 2033 3986 quasi

460 4005 726 4047 sonorum
750 3994 821 4048 ob
843 3994 1115 4065 ingentem
1143 3996 1295 4053 illum
1345 3996 1617 4070 fragorem
1645 4043 1659 4066 ,
1691 4003 1785 4073 qui
1819 4006 2034 4062 caelitus

458 4081 515 4137 in
543 4083 716 4153 ipsius
746 4094 867 4140 ortu
929 4087 1253 4159 contigerat.
1310 4090 1392 4145 Ad
1450 4101 1756 4149 extremum
1812 4093 2033 4168 Satyros

456 4175 625 4231 etiam
656 4177 864 4247 passim
902 4178 971 4233 ab
1004 4179 1099 4234 illo
1128 4181 1558 4252 circumductos,
1588 4187 1683 4257 qui
1715 4200 1840 4241 eum
1866 4188 2032 4243 salta-

459 4269 674 4323 tionum
717 4278 771 4324 et
812 4271 1203 4341 tragoediarum
1234 4275 1595 4332 oblectatione
1647 4292 1711 4332 ac
1759 4279 2034 4349 voluptate

458 4359 783 4426 mulcerent,
828 4364 1074 4433 adeoque
1106 4365 1378 4422 theatrum
1433 4370 1633 4438 ipsum,
1659 4384 1783 4423 cum
1809 4370 1877 4425 iis
1910 4385 2032 4439 qua:

2151 2176 2537 2244 κεφαλαλγίας,
2566 2175 2914 2231 ἀναδεδέσθαι
2947 2177 3046 2246 τὴν
3078 2176 3315 2247 κεφαλὴν
3343 2176 3528 2247 μίτρᾳ.
3563 2178 3735 2245 Διμή-

2147 2285 2282 2341 τορα
2323 2268 2379 2320 δὲ
2421 2268 2583 2321 αὑτὸν
2617 2266 3117 2340 προσαγορεύουσι,
3152 2268 3239 2321 διά
3280 2269 3339 2320 τὸ
3377 2267 3582 2339 πατρὸς
3614 2267 3731 2332 ἐνὸς

2149 2357 2388 2429 ὑπάρξαι
2418 2358 2545 2422 τοὺς
2577 2358 2671 2411 δύο
2695 2359 3003 2422 Διονύσους,
3038 2359 3285 2430 μητέρων
3313 2358 3368 2411 δὲ
3401 2358 3563 2411 δυοῖν.
3582 2358 3731 2431 Νάρ-

2148 2448 2289 2517 θηκα
2309 2449 2364 2502 δὲ
2395 2448 2802 2519 προσάπτουσιν
2836 2448 3004 2519 αὐτῷ,
3024 2449 3112 2501 διά
3133 2449 3192 2501 τὸ
3218 2449 3468 2513 πίνοντας
3493 2451 3731 2521 ἀχρατον

2146 2541 2269 2602 τοὺς
2291 2539 2553 2604 παλαιοὺς
2577 2540 2669 2593 τὸν
2701 2537 2865 2604 οἶνον,
2891 2539 3177 2612 μανιώδεις
3201 2539 3464 2608 γίνεσθαι,
3489 2540 3584 2592 καὶ
3609 2545 3727 2604 ταῖς

2147 2628 2471 2702 βακτηρίαις
2523 2630 2782 2702 ἀλλήλους
2830 2632 3087 2693 τύπτειν,
3120 2631 3193 2693 ὼς
3246 2631 3342 2684 καὶ
3391 2632 3725 2702 ἀναιρεῖσθαί

2143 2740 2317 2788 τινας.
2347 2723 2509 2776 Ὅθεν
2542 2723 2636 2776 καὶ
2671 2723 2792 2776 ἀντὶ
2842 2721 3034 2788 ξύλων,
3068 2721 3299 2794 νάρθηκι
3325 2724 3558 2795 χρῆσθαι
3592 2742 3725 2779 κατ-

2143 2813 2328 2879 έδειξε.
2370 2813 2663 2868 Καλεῖσθαι
2711 2813 2767 2867 δὲ
2811 2815 2972 2869 αὑτὸν
3016 2814 3247 2884 Βάκχον,
3290 2815 3399 2869 ἀπὸ
3438 2816 3545 2869 τῶν
3579 2818 3723 2870 Βακ-

2141 2904 2276 2976 χῶν,
2308 2906 2540 2976 Ληναῖον
2579 2905 2668 2971 δὲ,
2705 2907 2815 2960 ἀπὸ
2868 2906 2963 2960 τοῦ
2997 2906 3282 2960 πατεῖσθαι
3308 2906 3408 2969 τάς
3448 2907 3722 2976 σταφυλὰς

2148 2998 2207 3051 ὲν
2228 2996 2441 3067 ληνοῖς’
2495 2998 2732 3070 Βρόμιον
2776 2998 2868 3056 δὲ,
2903 2999 3011 3052 ἀπὸ
3042 2998 3141 3053 τοῦ
3182 2998 3322 3052 κατά
3367 2997 3465 3069 τὴν
3510 3000 3723 3067 γένεσιν

2142 3091 2306 3147 αὐτοῦ
2342 3092 2569 3164 βρόμου.
2595 3094 2705 3147 Καὶ
2748 3093 3023 3165 Σατύρους
3054 3092 3109 3145 δέ
3152 3110 3311 3161 φασιν
3339 3092 3496 3145 αὑτὸν
3530 3092 3722 3162 περιά-

2141 3178 2334 3249 γεσθαι
2362 3182 2418 3233 ὲν
2453 3183 2569 3245 ταῖς
2602 3181 2860 3253 ὀρχήσεσι
2890 3183 2981 3236 καλ⁵
3005 3184 3124 3245 ταῖς
3158 3182 3504 3253 τραγῳδίαις,
3531 3181 3719 3251 τέρψιν

2139 3271 2289 3343 αὐτῷ
2316 3271 2408 3325 καὶ
2431 3271 2627 3344 ἡδονὴν
2652 3272 3012 3345 παρέχοντας,
3038 3273 3349 3338 καταδεῖξαι
3377 3272 3434 3324 δὲ
3467 3272 3718 3343 θέατρον,

2139 3364 2233 3417 καὶ
2268 3362 2543 3434 μουσικῶν
2578 3363 2944 3436 ἀκροαμάτων
2977 3363 3317 3432 συστήματα.
3344 3359 3580 3413 Τοιαῦτα
3621 3360 3719 3430 μὲν

2136 3453 2206 3506 τά
2231 3451 2361 3521 περὶ
2393 3449 2668 3503 Διονύσου.
2705 3449 2810 3501 Τὸν
2841 3449 2896 3501 δὲ
2930 3450 3175 3519 Πρίαπον
3202 3488 3216 3510 ,
3251 3447 3363 3499 υἱὸν
3405 3443 3544 3499 εἷναί
3584 3462 3717 3515 φασι

2135 3541 2389 3595 Διονύσου
2432 3542 2524 3593 καλ⁸
2578 3538 2918 3610 Ἀφροδίτης,
2972 3539 3059 3593 διά
3108 3538 3170 3591 τὸ
3219 3540 3344 3602 τοὺς
3397 3538 3717 3603 οἰνωθέντας

2137 3631 2381 3701 φυσικῶς
2415 3629 2730 3684 ἐντετάσθαι
2764 3629 2900 3699 πρὸς
2937 3629 3035 3692 τὰς
3074 3627 3466 3701 ἀφροδισιακὰς
3499 3629 3714 3699 ἡδονάς.

2136 3722 2292 3786 Τινὲς
2320 3721 2379 3775 δέ
2410 3737 2541 3790 φασι
2570 3721 2631 3773 τὸ
2663 3719 2860 3773 αἰδοῖον
2891 3719 2998 3773 τῶν
3030 3718 3332 3792 ἀνθρώπων
3363 3719 3487 3781 τοὺς
3521 3719 3707 3772 παλαι-

2134 3812 2228 3877 οὺς
2261 3810 2504 3881 μυθικῶς
2526 3809 2773 3882 Πρίαπον
2803 3811 3105 3881 ὀνομάζειν.
3152 3810 3321 3862 Ἔνιοι
3361 3811 3418 3862 δὲ
3466 3810 3713 3878 λέγουσι,

2133 3902 2195 3957 τὸ
2221 3901 2535 3972 γεννητικὸν
2588 3901 2776 3972 μόριον
2816 3900 2986 3953 αἴτιον
3013 3901 3277 3972 ὑπάρχειν
3321 3902 3419 3971 τῆς
3450 3902 3713 3969 γενέσεως

2134 3993 2242 4047 τῶν
2267 3993 2591 4066 ἀνθρώπων,
2622 3996 2716 4049 καὶ
2742 3994 2831 4048 διά
2865 3993 3022 4049 τοῦτο
3054 3996 3133 4058 είς
3172 3995 3385 4049 ἅπαντα
3419 3996 3509 4048 τὸν
3543 3995 3715 4050 αἰῶνα

2133 4088 2314 4156 τυχεῖν
2337 4086 2434 4156 τῆς
2472 4086 2740 4139 ἀθανάτου
2772 4086 2954 4157 τιμῆς.
2984 4087 3190 4160 Ὥσπερ
3216 4085 3309 4142 οὖν
3334 4090 3428 4142 καὶ
3463 4091 3513 4142 οἱ
3546 4088 3715 4158 Αίγύο

2136 4195 2280 4230 πτιοι
2314 4178 2413 4248 τὴν
2438 4174 2578 4232 Ἶσιν
2623 4177 2831 4247 ἔφησαν
2862 4178 2930 4231 τά
2967 4179 3104 4252 μέλη
3140 4180 3233 4233 τοῦ
3283 4181 3546 4251 Ὀσίριδος
3577 4182 3712 4234 ἀνα-

2133 4267 2437 4341 ζητοῦσαν,
2473 4271 2533 4324 τὸ
2579 4270 2776 4325 αἰδοῖον
2816 4271 2979 4325 αὑτοῦ
3040 4274 3114 4344 μὴ
3157 4272 3458 4344 δυναμένην
3508 4274 3709 4347 εὑρεῖν,

2134 4359 2444 4425 καταδεῖξαι
2474 4363 2640 4434 τιμᾷν
2678 4360 2752 4425 ὡς
2788 4361 2943 4427 θεὸν,
3001 4362 3097 4415 καὶ
3140 4363 3417 4416 ἀναθεῖναι
3478 4365 3618 4417 κατά
3651 4362 3712 4417 τὸ

458 4450 526 4507 ad
560 4449 775 4519 plenam
823 4467 887 4508 ac
941 4469 1291 4512 numerosam
1341 4459 1619 4514 variorum
1671 4470 2031 4516 concentuum

2143 4452 2284 4525 ἱερὸν
2307 4453 2683 4526 ἐντεταμένον.
2725 4454 2885 4508 Ἀλλά
2910 4456 3004 4507 καλ.
3034 4455 3162 4526 παρ’
3188 4454 3444 4525 Ἕλλησιν
3463 4457 3524 4509 οὐ
3552 4455 3711 4526 μόνον

458 4542 825 4613 integritatem
883 4547 1176 4616 pertinent,
1205 4551 1568 4622 excogitatum
1606 4551 1795 4610 fuisse.
1848 4555 2027 4626 Atque

456 4636 571 4691 haec
588 4636 655 4692 de
687 4634 901 4694 Baccho
928 4637 1098 4695 Graeci
1138 4642 1512 4711 prodiderunt.
1553 4645 1672 4701 Jam
1704 4663 1834 4704 vero
1870 4648 2026 4704 Pria-

452 4740 582 4796 pum
609 4727 855 4797 ejusdem
917 4727 1114 4785 Bacchi
1168 4732 1503 4805 Venerisque
1537 4737 1705 4792 [illum
1749 4756 1869 4797 esse
1915 4750 2026 4797 tra-

452 4816 611 4881 dunt,
644 4820 791 4889 quod
827 4821 1078 4876 homines
1105 4824 1235 4878 vino
1282 4826 1483 4881 madidi
1516 4830 1747 4885 naturali
1787 4833 2022 4901 quodam

453 4906 509 4961 in
533 4909 823 4963 obscenam
856 4911 1185 4980 voluptatem
1219 4913 1423 4982 impetu
1460 4918 1697 4989 arrigere
1722 4938 2022 4979 consueve-

452 4998 583 5052 rint.
613 4997 939 5069 Quanquam
1002 5003 1123 5057 aliis
1181 5005 1377 5074 placet,
1438 5008 1723 5065 honestum
1777 5016 2024 5083 corporis

456 5086 681 5141 humani
713 5090 1019 5144 membrum
1061 5106 1090 5145 a
1125 5094 1400 5150 veteribus
1446 5093 1699 5167 Priapum
1743 5098 1798 5152 in
1826 5098 2023 5155 fabulis

453 5178 784 5247 appellatum
843 5196 1001 5248 esse;
1040 5183 1131 5239 alii
1193 5201 1323 5241 vero
1366 5187 1596 5255 malunt,
1654 5188 1795 5244 idem
1843 5191 2021 5260 ipsum

453 5270 601 5338 quod
631 5270 883 5327 humanae
930 5276 1298 5343 generationis
1330 5293 1494 5334 causa
1552 5280 1643 5345 sit,
1685 5281 2022 5339 immortales

456 5361 695 5418 honores
721 5377 787 5419 ex
819 5366 964 5419 omni
988 5368 1312 5423 seculorum
1352 5371 1617 5425 memoria
1662 5383 2017 5428 consecutum

455 5453 625 5509 tuisse
659 5472 673 5509 :
708 5458 1165 5525 quemadmodum
1228 5463 1391 5516 etiam
1441 5461 1681 5534 Egyptii
1713 5462 1893 5520 l‘erunt
1920 5465 2021 5519 lsi-

454 5546 577 5599 dem
610 5561 734 5599 eum
764 5546 1153 5619 iuvestigaudis
1175 5551 1404 5610 Osiridis
1452 5556 1714 5612 membris
1732 5567 2020 5629 occupata,

452 5643 723 5701 veretrum
773 5652 942 5691 unum
996 5655 1060 5692 ex
1096 5642 1353 5695 omnibus
1385 5643 1625 5712 reperire
1653 5659 1764 5700 non
1812 5654 2020 5715 posset,

450 5726 694 5783 divinum
727 5731 778 5786 ei
816 5731 1018 5787 cultum
1053 5731 1373 5801 instituisse,
1428 5743 1481 5791 et
1510 5745 1778 5793 arrectum
1810 5738 1930 5803 eius
1956 5739 2022 5796 si-

2135 4548 2193 4598 ἐν
2224 4548 2343 4609 ταῖς
2379 4547 2754 4610 Διονυσιακαῖς
2789 4546 3049 4609 τελεταῖς,
3078 4547 3211 4600 ἀλλά
3247 4549 3341 4600 καὶ
3363 4550 3483 4610 ταῖς
3525 4547 3709 4609 ἄλλαις

2134 4637 2373 4699 άπάσαις
2415 4629 2568 4698 οὗτος
2609 4637 2637 4688 ὁ
2686 4634 2808 4699 θεὸς
2840 4636 3099 4705 τυγχάνει
3155 4636 3299 4699 τινὸς
3347 4636 3531 4706 τιμῆς,
3575 4638 3709 4705 μετά

2133 4726 2365 4794 γέλωτος
2391 4728 2484 4781 καὶ
2509 4725 2728 4790 παιδιᾶς
2756 4727 3220 4797 παρεισαγόμενος
3241 4727 3297 4779 εν
3324 4729 3443 4789 ταῖς
3467 4726 3705 4790 θυσίαις*

2131 4819 2204 4883 ὡς
2238 4821 2330 4872 καὶ
2362 4822 2453 4873 τὸν
2487 4818 2930 4893 Ἑρμαφρόδιτον,
2976 4818 3032 4869 ὃν
3068 4818 3125 4884 ἐξ
3166 4816 3363 4888 Ἑρμοῦ
3399 4819 3491 4871 καὶ
3519 4819 3708 4889 Ἀφρο-

2131 4910 2280 4980 δίτης
2299 4911 2643 4981 γεννηθέντα,
2667 4912 2849 4980 τυχεῖν
2876 4909 2973 4977 τῆς
3004 4908 3391 4981 προσηγορίας.
3426 4908 3621 4961 Τοῦτον
3649 4909 3705 4963 δέ

2134 5020 2264 5071 φασι
2289 5003 2380 5055 τὸν
2412 5002 2532 5055 θεὸν
2555 5003 2696 5057 κατά
2727 5018 2879 5064 τινας
2909 5001 3131 5071 χρόνους
3157 4999 3437 5068 φαίνεσθαι
3465 5001 3593 5069 παρ’
3616 5000 3708 5051 άν-

2133 5096 2391 5167 θρώποις,
2412 5096 2503 5148 καὶ
2524 5093 2813 5163 γεννᾶσθαι
2832 5094 2931 5163 τὴν
2950 5092 3043 5145 τοῦ
3067 5091 3314 5159 σώματος
3339 5091 3498 5161 φύσιν
3518 5092 3706 5162 ἔχοντα

2132 5186 2190 5252 ἐξ
2222 5186 2414 5257 ἀνδρὸς
2444 5188 2538 5238 καὶ
2565 5184 2838 5252 γυναικός.
2875 5184 3044 5235 Ἔνιοι
3068 5183 3123 5236 δὲ
3152 5183 3219 5235 τά
3251 5181 3475 5235 τοιαῦτα
3504 5182 3707 5253 τέρατα

2132 5277 2398 5347 ὑπάρχειν
2433 5277 2597 5344 φασὶ,
2647 5276 2885 5337 σπανίως
2942 5292 3000 5327 τε
3049 5275 3351 5344 γενόμενα,
3401 5273 3707 5345 σημαντικά

2132 5368 2263 5421 ποτὲ
2294 5368 2392 5438 μὲν
2426 5368 2610 5421 κακῶν
2632 5407 2647 5431 ,
2692 5366 2822 5420 ποτὲ
2850 5366 2893 5419 δ’
2937 5365 3154 5434 ἀγαθῶν
3199 5365 3462 5434 γίνεσθαι.
3500 5365 3611 5429 Τὰς
3646 5364 3705 5418 δὲ

2133 5460 2390 5523 Μούσας,
2439 5459 2740 5530 θυγατέρας
2788 5455 2925 5512 εἶναι
2980 5460 3098 5522 Διὸς
3156 5460 3248 5512 καὶ
3304 5457 3701 5530 Μνημοσύνης·

2132 5552 2278 5615 τινὲς
2309 5551 2385 5615 δὲ,
2424 5550 2667 5623 Οὐρανοῦ
2720 5552 2815 5604 καλ⁸
2846 5551 2974 5620 Γῆς.
3009 5551 3314 5624 Παρθένους
3345 5567 3403 5602 τε
3454 5548 3622 5612 αὐτὰς
3656 5548 3703 5598 οἱ

2132 5645 2375 5698 πλεῖστοι
2431 5643 2821 5715 μυθολογοῦσι,
2872 5647 3053 5714 τυχεῖν
3085 5661 3143 5697 τε
3198 5643 3296 5712 τῆς
3335 5640 3705 5711 προσηγορίας

2132 5736 2242 5791 ἀπὸ
2266 5735 2357 5789 τοῦ
2396 5738 2549 5791 αυεῖν
2588 5737 2711 5800 τοὺς
2735 5735 3071 5799 ἀνθρώπους,
3106 5734 3262 5790 τοῦτο
3313 5732 3368 5786 δέ
3413 5733 3525 5784 ἔστι
3563 5729 3706 5783 διδά-
