4154 6456
474 368 577 425 109
1633 370 1955 429 ΡΒᾸΞΡΑΒ.
1993 370 2114 427 EVA

2086 369 2251 428 ANG.
2286 371 2418 427 LIB.
2461 373 2527 429 H.
3621 377 3723 430 HO

472 506 623 544 σκειν
664 490 732 545 τὰ
780 492 937 546 καλά.
988 492 1125 564 Περὶ
1165 491 1223 548 δὲ
1272 509 1366 547 του
1418 492 1752 565 ’Ἡρακλέους
1790 492 2046 564 Ἕλληνες
2073 494 2112 550 Α

2079 494 2119 550 Α
2145 491 2453 546 mulacrnm
2488 491 2543 546 in
2573 492 2775 562 templo
2833 507 3208 549 consecrasse.
3246 492 3318 548 At
3369 493 3516 549 enim
3577 496 3719 566 apud

469 583 644 637 τοιάδε
678 584 1054 656 φασί.Δανάης
1074 585 1176 655 τῆς
1207 586 1478 655 Ἀκρισίου
1508 586 1602 641 καὶ
1624 586 1765 650 Διὸς,
1796 584 2047 654 γενέσθαι

2152 580 2370 637 Graecos
2401 598 2507 638 non
2538 592 2748 638 tantum
2784 584 2838 638 in
2862 584 3064 641 Bacchi
3096 584 3271 641 sacris
3313 593 3369 641 et
3398 586 3593 651 initiis,
3617 602 3716 642 ve-

468 674 714 746 Περσέα’
748 675 1002 748 Περσέως
1031 677 1087 730 δὲ
1109 679 1203 731 καὶ
1234 677 1609 749 Ἀνδρομέδας,
1645 676 2041 748 Ἠλεκτρύωνα·

2149 688 2273 727 rum
2297 682 2353 727 et
2387 674 2441 728 in
2485 676 2698 729 caeteris
2746 691 2962 746 quoque
3009 678 3266 732 omnibus
3321 676 3426 732 hoc
3472 677 3718 731 nummis

469 767 535 820 ὲκ
554 766 610 819 δὲ
645 766 832 821 τούτου
870 768 1120 836 γενέσθαι
1150 769 1248 840 τὴν
1286 768 1612 841 Ἀλκμήνην,
1712 767 1936 839 μιγέντα
1955 767 2046 821 τὸν

2147 780 2339 835 genus,
2380 765 2435 820 in
2483 765 2754 822 sacrificia
2789 782 2914 821 cum
2964 768 3076 822 risu
3134 784 3199 824 ac
3238 769 3380 839 jocis
3408 770 3712 831 inductum.

468 856 568 910 Δία
588 859 842 928 γεννῆσαι
868 859 965 912 τὸν
984 859 1277 930 Ἡρακλέα.
1300 859 1644 930 Μισγόμενον
1670 859 1727 913 δὲ
1759 859 2047 930 αὐτῇ,τρι-

2146 864 2296 908 certo
2348 855 2587 924 quodam
2657 855 2866 912 honore
2928 868 3355 928 prosequuntur.
3414 859 3716 916 Persimilis

472 948 739 1005 πλασίονα
761 952 861 1023 τὴν
876 951 1046 1006 νύκτα
1070 954 1313 1023 ποιῆσαι·
1340 952 1508 1023 μόνην
1523 969 1583 1005 τε
1598 951 1801 1021 ταύτην
1815 951 1909 1004 τοῦ
1925 952 2046 1014 Διὸς

2146 944 2275 999 huic
2325 943 2832 1016 Hermaphroditus,
2862 948 2947 1003 cui
2976 949 3121 1017 quod
3166 947 3363 1006 Herme
3398 958 3454 1005 et
3493 950 3713 1021 Aphro-

466 1042 566 1113 τὴν
589 1043 825 1113 ὁμιλίαν,
854 1044 953 1098 οὐκ
975 1044 1246 1116 ἐρωτικῆς
1270 1043 1560 1114 ἐπιθυμίας
1586 1044 1747 1098 ἕνεκα
1766 1043 2040 1112 γενέσθαι,

2144 1037 2276 1099 dite,
2315 1037 2420 1093 hoc
2452 1048 2537 1094 est
2572 1037 2841 1094 Mercurio
2890 1054 2958 1093 ac
3014 1037 3222 1094 Venere
3247 1050 3398 1096 satus
3421 1050 3587 1107 esset,
3611 1041 3718 1098 hoc

467 1134 725 1207 καθάπερ
748 1136 839 1189 ἐπὶ
870 1136 980 1189 τῶν
1017 1136 1191 1191 ἄλλων
1223 1136 1521 1204 γυναικῶν,
1551 1135 1689 1189 ἀλλὰ
1710 1136 1771 1190 τὸ
1792 1135 2041 1188 πλεῖστον

2144 1129 2381 1185 nominis
2412 1131 2670 1187 tribuere.
2717 1132 2797 1188 Ac
2851 1132 3101 1187 nonnulli
3145 1131 3365 1203 quidem
3403 1135 3562 1190 statis
3586 1136 3715 1205 qui-

465 1225 569 1296 τῆς
608 1226 951 1290 παιδοποιίας
989 1227 1169 1298 χάριν.
1189 1228 1300 1298 Τὴν
1332 1227 1389 1280 δὲ
1423 1228 1598 1299 ’Ἥραν
1633 1226 2040 1298 ζηλοτυποῦσαν

2141 1221 2374 1278 busdam
2408 1224 2745 1293 temporibus
2794 1224 2958 1280 deum
2984 1225 3150 1279 istum
3185 1223 3327 1279 inter
3344 1224 3598 1282 homines
3626 1242 3717 1297 ap-

465 1320 908 1389 παρακατασχεϊν
951 1318 1050 1388 μὲν
1118 1318 1425 1390 Ἀλκμήνης
1468 1320 1567 1383 τὰς
1625 1318 1840 1383 ὠδῖνας,
1869 1320 1961 1372 τὸν
1981 1318 2041 1372 δὲ

2140 1330 2356 1386 parere,
2378 1318 2632 1387 virilique
2659 1319 2825 1375 simul
2872 1334 2937 1375 ac
2965 1317 3221 1373 muliebri
3264 1333 3395 1373 sexu
3437 1319 3716 1388 procreari

464 1408 745 1481 Εὐρυσθέα
772 1410 878 1482 πρὸ
905 1410 996 1464 τοῦ
1053 1409 1385 1482 καθήκοντος
1425 1410 1617 1481 χρόνου
1657 1411 1793 1481 πρὸς
1826 1410 1886 1463 τὸ
1922 1410 2039 1481 φῶς

2140 1409 2386 1465 scribunt
2431 1429 2444 1465 :
2484 1410 2574 1465 alii
2635 1420 2846 1476 contra,
2905 1412 3051 1481 quod
3113 1410 3384 1482 ejusmodi
3432 1410 3715 1466 hominum

462 1501 709 1570 ἀγαγεῖν,
738 1502 831 1555 τοῦ
860 1501 981 1567 Διὸς
1017 1502 1480 1575 προαγορεύοντος
1510 1502 1601 1556 τὸν
1635 1502 2038 1574 τεχθησόμενον

2139 1509 2295 1556 ortus
2320 1516 2548 1570 perraro
2582 1503 2923 1574 contingant,
2951 1517 3048 1558 eos
3087 1503 3141 1556 in
3185 1501 3559 1571 prodigiorum
3593 1501 3716 1557 loco

462 1592 582 1646 κατ’
613 1591 826 1664 ἐκείνην
873 1593 972 1665 τήν
1021 1593 1239 1663 ἡμέραν
1272 1591 1589 1662 βασιλεῦσαι
1620 1592 1714 1645 τοῦ
1764 1591 2039 1664 Περσιδῶν

2138 1593 2378 1660 habitos,
2423 1611 2513 1651 res
2546 1613 2940 1667 nonnunquam
2990 1598 3272 1661 adversas,
3307 1597 3600 1667 aliquando
3629 1612 3718 1652 se.-

460 1684 672 1752 γένους.
709 1685 957 1739 Τεκοῦσα
983 1685 1039 1738 δὲ
1085 1686 1384 1758 Ἀλκμήνη,
1436 1683 1717 1754 ἐξέθηκεν,
1772 1684 1847 1749 ὥς
1883 1702 2036 1755 φασι,

2139 1685 2349 1740 cundas
2376 1687 2745 1754 praenuntiare
2768 1686 3085 1742 defendunt.
3115 1686 3379 1742 Praeterea
3419 1686 3601 1741 Musas
3623 1687 3716 1742 alii

460 1774 520 1828 τὸ
549 1774 767 1848 βρέφος,
800 1775 949 1846 φόϐῳ
977 1776 1079 1846 τῆς
1108 1776 1305 1847 Ἥρας.
1362 1775 1473 1846 Τὴν
1535 1775 1592 1829 δὲ
1638 1774 1868 1844 Ἀθηνᾶν
1897 1778 2038 1843 ἀγα-
2069 1834 2100 1848 _

2077 1834 2110 1848 __
2138 1773 2288 1831 Jovis
2318 1792 2383 1831 ac
2401 1775 2803 1848 Mnemosynes,
2838 1777 2925 1832 alii
2948 1777 3083 1832 Caeli
3113 1777 3400 1847 Terraeque
3428 1777 3566 1834 filias
3595 1794 3717 1833 esse

460 1834 681 1922 σθέῖᾶαᾷ
801 1834 1238 1939 βρέφος,.πεῖσαι
1266 1834 1369 1937 τὴν
1396 1834 1572 1938 Ἥραν
1605 1834 1860 1937 ὐποσγεῖν
1891 1834 2038 1937 αὐτῷ
2069 1834 2100 1889 Ε

2142 1867 2361 1922 volunt:
2387 1868 2606 1924 easdem
2638 1834 2876 1940 virgines
2907 1869 3077 1926 fuisse
3102 1870 3344 1940 plerique
3368 1870 3712 1935 fabulantur,

460 1956 554 2028 τὴν
582 1958 772 2030 θηλήν.
798 1959 904 2011 Τοῦ
937 1958 994 2011 δὲ
1019 1958 1209 2021 παιδὸς
1243 1958 1382 2027 ὑπὲρ
1418 1958 1517 2028 τὴν
1562 1958 1776 2028 ἡλικίαν
1809 1958 2040 2028 βιαιότε-

2139 1954 2531 2026 Musarumque
2597 1960 2819 2013 nomine
2873 1962 3204 2030 appellatas,
3271 1961 3417 2032 quod
3464 1961 3710 2017 homines

459 2064 552 2120 ρον
584 2049 1035 2119 ἐπισπασαμένου
1085 2047 1181 2119 τὴν
1209 2046 1397 2117 θηλήν,
1430 2049 1463 2118 ή
1507 2048 1604 2119 μὲν
1632 2049 1779 2121 Ἥρα
1815 2048 2037 2119 διαλγή-

2140 2045 2289 2113 ipsos
2324 2050 2500 2117 μυεῖν,
2532 2048 2584 2102 id
2634 2057 2718 2104 est
2747 2049 2970 2105 honesta
3015 2050 3211 2106 docere
3251 2060 3596 2121 putarentur.
3636 2050 3714 2107 Do

458 2157 600 2195 σασα
626 2140 687 2195 τὸ
716 2140 915 2211 βρέφος
943 2139 1180 2210 ἔρριψεν·
1219 2138 1489 2210 Ἀθηνᾶδὲ
1517 2141 1856 2212 κομισαμένη
1880 2142 2033 2206 αὐτὸ,

2138 2133 2370 2191 Hercule
2398 2147 2580 2192 autem
2622 2139 2677 2191 in
2708 2138 2856 2195 hunc
2881 2139 2992 2196 fere
3016 2140 3237 2196 modum
3269 2141 3441 2198 Graeci
3476 2142 3713 2212 loquun-

458 2232 557 2303 τὴν
584 2231 799 2304 μητέρα
830 2232 1051 2303 τρέφειν
1096 2229 1550 2301 παρεκελεύσατο.
1597 2231 1751 2285 Μετὰ
1777 2233 1834 2286 δὲ
1862 2233 2036 2286 ταῦτα

2138 2238 2247 2283 tur.
2275 2226 2536 2284 Perseum
2568 2230 2790 2299 quidem
2821 2245 2889 2287 ex
2923 2230 3058 2288 Jove
3095 2242 3148 2287 et
3173 2232 3355 2288 Danae
3382 2233 3580 2291 Acrisii
3600 2235 3710 2290 filia

460 2324 491 2393 ή
525 2323 627 2393 μὲν
660 2323 806 2395 Ἥρα
836 2321 928 2375 δύο
956 2321 1257 2394 δράκοντας
1284 2322 1567 2375 ἀπέστειλε
1587 2362 1601 2385 ,
1660 2324 1785 2387 τοὺς
1826 2323 2034 2379 ἀναλώ-

2134 2329 2505 2390 procreatum,
2550 2320 2930 2394 Electryonem
2987 2339 3054 2380 ex
3112 2324 3455 2381 Andromeda
3517 2341 3709 2383 susce-

458 2428 650 2479 σοντας
676 2415 737 2467 τὸ
787 2414 1005 2486 βρέφος,
1050 2416 1079 2468 ό
1136 2414 1194 2467 δὲ
1222 2415 1349 2476 παῖς
1384 2412 1444 2465 οὐ
1480 2414 1869 2485 καταπλαγεὶς,
1905 2418 2033 2472 ἐκα-

2133 2411 2304 2480 pisse,
2337 2411 2431 2481 qui
2460 2410 2781 2467 Alcmenam
2833 2422 3020 2482 postea
3066 2415 3314 2483 genuerit
3344 2430 3358 2467 :
3391 2415 3707 2471 Alcmenam

464 2507 589 2577 τέρᾳ
614 2506 720 2559 τῶν
777 2506 974 2578 χειρῶν
1020 2506 1111 2560 τὸν
1140 2507 1343 2578 αὐχένα
1372 2508 1565 2579 θλίψας
1608 2508 1874 2575 ἀπέπνιξε
1907 2510 2032 2575 τοὺς

2132 2500 2418 2569 veroJovi,
2449 2505 2542 2574 qui
2578 2513 2791 2561 noctem
2828 2506 2882 2560 in
2920 2522 3022 2562 suo
3050 2508 3335 2577 complexu
3381 2524 3504 2563 cum
3532 2508 3710 2564 tribus

452 2598 771 2670 δράκοντας.
810 2598 989 2670 Ἀνδρὶ
1011 2598 1068 2652 δὲ
1098 2601 1375 2671 γενομένῳ
1397 2600 1476 2670 τῷ
1505 2600 1795 2672 Ἡρακλεῖ,
1851 2601 1925 2654 Εὐ
1936 2619 2031 2674 ρυ-

2132 2596 2384 2651 noctibus
2410 2607 2740 2667 aequaverat,
2767 2596 3049 2654 Herculem
3074 2601 3371 2670 peperisse.
3406 2600 3706 2671 thuidem

454 2689 617 2752 σθεῦς
646 2692 674 2743 ὀ
698 2689 796 2760 τήν
825 2689 1102 2760 βασιλείαν
1142 2690 1281 2762 ἔχων
1311 2692 1409 2763 τῆς
1451 2692 1720 2762 Ἀργείας,
1765 2694 2032 2763 προστάτ-

2133 2687 2311 2743 solum
2346 2688 2497 2761 hunc
2518 2705 2585 2744 ex
2611 2691 2867 2747 omnibus
2913 2690 3065 2747 Jovis
3092 2706 3471 2764 congressum,
3500 2709 3611 2749 non
3639 2710 3706 2750 ex

450 2795 531 2834 εει
559 2778 755 2844 ἄθλους
773 2779 987 2834 τελέσαι
1014 2779 1241 2834 δώδεκα.
1270 2782 1364 2845 Εἰς
1393 2781 1590 2853 πολλὴν
1619 2783 1678 2836 δὲ
1718 2784 2030 2855 ἀμηχανίαν

2132 2780 2399 2833 amatoria
2425 2780 2682 2849 cupidine
2705 2790 2766 2836 ut
2791 2790 3037 2849 caeteros,
3063 2784 3264 2853 quibus
3287 2800 3400 2839 rem
3430 2800 3553 2841 cum
3584 2786 3707 2841 aliis

449 2875 778 2946 ἑμπεσόντος
810 2875 996 2939 αὐτοῦ,
1030 2877 1180 2946 Ἦρα
1213 2875 1311 2946 μὲν
1342 2875 1587 2947 ἐπεμψεν
1611 2876 1761 2947 αὐτῷ
1791 2876 2026 2931 λύσσανο

2130 2869 2457 2924 mulieribus
2489 2869 2773 2936 habuerat,
2816 2872 2910 2927 sed
2951 2888 3019 2927 ex
3066 2874 3330 2944 singulari
3362 2876 3596 2945 quadam
3643 2892 3708 2932 ac

448 2966 479 3020 ὁ
512 2966 653 3038 δὲτῇ
681 2966 827 3038 ψυχῇ
859 2967 1164 3038 δυσφορῶν,
1183 2970 1262 3031 είς
1299 2968 1494 3039 μανίαν
1528 2968 1772 3022 ἐνέπεσε*
1804 2968 1898 3022 τοῦ
1928 2970 2034 3024 πά-

2131 2960 2401 3029 praecipua
2450 2961 2812 3031 suscipiendae
2839 2963 3048 3019 sobolis
3073 2964 3368 3035 cupiditate
3403 2966 3702 3036 profectum

449 3057 576 3123 θους
606 3058 665 3112 δὲ
693 3058 1082 3130 αὐξανομένου,
1116 3059 1226 3113 τῶν
1250 3059 1461 3133 φρενῶν
1516 3061 1675 3124 ἐκτὸς
1716 3060 2027 3132 γενόμενος,
2084 3090 2087 3091 ν

2084 3090 2087 3091 ν
2131 3063 2272 3103 esse.
2291 3049 2361 3104 At
2384 3047 2528 3107 Juno
2556 3053 2821 3126 zelotypia
2856 3052 3112 3125 ﬂagrans,
3154 3073 3278 3112 cum
3312 3056 3500 3113 Jovem
3529 3058 3708 3115 diser-

448 3148 540 3204 τὸν
574 3152 789 3223 ἑταῖρον
813 3152 906 3204 καὶ
933 3148 1244 3219 ἀδελφιδοῦν
1289 3150 1486 3203 Ἰόλαον
1523 3149 1848 3204 ἐπεϐάλλετο
1879 3149 2027 3203 κτεί-
2054 3164 2099 3225 c
2130 3146 2185 3193 te
2226 3138 2331 3210 55
2375 3143 2760 3211 praedicantem
2819 3145 3104 3212 audiissct,
3149 3146 3395 3204 futurum
3428 3158 3488 3204 ut
3516 3149 3611 3220 qui
3639 3166 3707 3206 eo

449 3259 585 3309 νειν,
614 3241 708 3297 τοῦ
737 3244 795 3297 δὲ
820 3241 1135 3312 φεύγοντος,
1166 3241 1292 3306 τοὺς
1328 3242 1489 3307 ἰδίους
1515 3241 1709 3306 παῖδας
1754 3243 1818 3295 ὲκ
1845 3242 2031 3313 Μεγά-

2131 3230 2218 3284 dic
2263 3240 2599 3298 nasceretur,
2642 3235 2690 3291 is
2730 3234 3075 3294 Persidarum
3124 3242 3311 3312 generi
3368 3243 3700 3313 imperaret,

448 3350 573 3407 ρας,
596 3333 697 3403 τῆς
712 3334 985 3406 Κρέοντος
1003 3332 1096 3387 τοῦ
1117 3332 1381 3402 βασιλέως
1402 3333 1691 3406 θυγατρὸς,
1710 3333 2030 3405 γενομένους

2130 3320 2403 3379 Alcmenae
2429 3333 2585 3394 partu
2611 3328 2704 3397 qui
2734 3338 2980 3385 maturus
3012 3331 3125 3401 jam
3149 3342 3266 3388 erat
3315 3333 3571 3400 inhibito,
3604 3332 3706 3389 En-

448 3425 598 3496 αὐτῷ
624 3425 1007 3492 κατετόξευσεν
1054 3424 1130 3489 ὡς
1180 3426 1492 3496 πολεμίους.
1524 3427 1635 3480 Καὶ
1661 3425 1798 3494 μετὰ
1856 3421 2028 3480 ταῦτα

2130 3416 2406 3485 rystheum
2439 3417 2493 3472 in
2521 3418 2697 3475 lucem
2722 3432 2846 3476 ante
2868 3421 3171 3492 legitimum
3199 3427 3456 3483 nascendi
3486 3435 3702 3498 tempus

447 3518 632 3589 ἠρέμα
658 3518 935 3581 καταστὰς
959 3518 1227 3588 ὑπουργεῖ
1249 3515 1327 3588 τῷ
1370 3517 1642 3590 Εὐρυσθεῖ
1666 3517 1793 3581 τοὺς
1817 3517 2026 3573 δώδεκα

2127 3506 2333 3562 eduxit.
2361 3506 2503 3574 Quin
2532 3510 2696 3565 etiam
2736 3511 2993 3569 Alcmena
3023 3512 3256 3572 Junonis
3315 3527 3462 3574 metu
3512 3520 3701 3576 subla-

447 3609 661 3674 ἄθλους.
707 3610 951 3681 Ἀναιρεῖ
998 3609 1055 3663 δὲ
1094 3610 1347 3674 καὶτοὺς
1394 3609 1759 3681 Κενταύρους,
1801 3609 1919 3681 μεθ’
1948 3603 2025 3664 ὧν

2128 3604 2242 3650 tum
2271 3596 2534 3654 infantem
2556 3602 2852 3671 exposuit;
2885 3602 3064 3659 Pallas
3096 3614 3277 3661 autem
3332 3607 3578 3679 ejusdem
3602 3610 3702 3665 ad-

446 3702 697 3774 Χείρωνα
730 3703 820 3756 τὸν
841 3704 934 3756 ἐπὶ
986 3705 1053 3774 τῇ
1090 3703 1307 3775 ἰατρικῇ
1339 3700 1785 3773 βοώμενον.Φασὶ
1802 3702 1861 3756 δὲ
1895 3702 2024 3757 ἴδιόν
2104 3687 2417 3746 Ἰηίνθιίοηθ
2442 3701 2619 3761 Cap“:
2655 3690 2923 3749 Junonem
2969 3696 3144 3766 ipsam
3193 3707 3255 3754 υι
3298 3713 3590 3756 mammam
3622 3702 3700 3756 illi

445 3811 497 3849 τι
519 3794 793 3866 συμὸἧναι
827 3793 968 3849 κατὰ
992 3796 1091 3865 τὴν
1128 3794 1338 3863 γένεσιν
1374 3792 1528 3847 τοῦδε
1579 3793 1675 3847 τοῦ
1711 3791 1858 3848 θεοῦ.
1892 3795 2024 3859 Ζεὺς

2123 3779 2406 3849 praeberet,
2471 3783 2717 3847 adduxit,
2771 3800 2937 3857 quam
2986 3787 3078 3843 ubi
3117 3789 3495 3848 vehementius
3532 3808 3697 3864 quam

445 3884 555 3956 γὰρ
586 3881 778 3956 πρώτῃ
804 3884 902 3954 μὲν
923 3883 1087 3955 ἐμίγη
1109 3883 1330 3952 γυναικὶ
1368 3882 1537 3954 θνητῇ
1565 3881 1738 3956 Νιόϐῃ
1760 3885 1825 3954 τῇ
1848 3884 2024 3954 Φορω·

2122 3879 2256 3927 tetas
2310 3872 2453 3929 ferre
2504 3875 2786 3932 videbatur
2815 3877 2999 3934 infans
3047 3881 3384 3950 attraxisset,
3434 3882 3578 3940 Juno
3599 3884 3700 3941 do-

441 3975 603 4039 νέως,
626 3974 829 4047 ἐσχάτῃ
851 3974 928 4037 δὲ,
960 3974 1238 4048 Ἀλκμήνῃ
1264 3976 1330 4045 τῇ
1353 3972 1447 4027 τοῦ
1474 3973 1803 4045 Ἡρακλέους
1832 3973 2017 4044 μητρί.

2123 3960 2256 4017 loris
2283 3962 2570 4034 impatiens
2594 3981 2718 4022 eum
2752 3967 3003 4039 proiecit,
3026 3967 3205 4027 Pallas
3231 3987 3360 4029 vero
3383 3983 3696 4046 susceptum

441 4063 659 4135 Ταύτην
690 4064 749 4117 δὲ
775 4063 883 4116 άπὸ
904 4062 1109 4133 Νιόϐης
1152 4062 1549 4134 ἑκκαιδεκάτην
1586 4062 2016 4132 γενεαλογοῦσιν.

2122 4062 2183 4109 ut
2207 4063 2384 4111 mater
2415 4058 2582 4113 aleret
2611 4075 2710 4115 sua
2734 4060 3111 4118 adhortatione
3135 4063 3382 4134 perfecit.
3400 4065 3511 4123 Nec
3527 4070 3697 4123 multo

453 4156 543 4212 Ἐν
574 4155 745 4229 ταύτῃ
767 4155 824 4209 δὲ
856 4157 952 4226 τὴν
998 4155 1134 4226 πρὸς
1192 4155 1291 4220 τὰς
1322 4154 1519 4227 θνητὰς
1538 4156 1752 4228 ὁμιλίαν
1795 4154 2033 4210 κατέλυ-·

2121 4155 2247 4217 post
2273 4151 2523 4220 geminos
2558 4152 2825 4210 dracones
2880 4156 2973 4225 qui
3025 4157 3314 4227 puerulum
3368 4159 3697 4231 deglutirent

441 4263 555 4305 σεν.
601 4249 762 4304 Ἀλλὰ
783 4249 890 4320 γὰρ
912 4248 1134 4313 τελέσας
1155 4250 1281 4312 τοὺς
1321 4248 1515 4313 ἄθλους
1537 4252 1566 4303 ὁ
1600 4249 1893 4323 Ἡρακλῆς,
1920 4250 2020 4322 τὴν

2119 4235 2264 4292 Juno
2288 4242 2579 4297 summittit
2606 4260 2621 4296 :
2658 4254 2711 4299 at
2740 4245 2829 4300 ille
2877 4247 3013 4301 nihil
3060 4248 3283 4303 territus
3310 4249 3539 4306 alterum
3570 4252 3697 4309 dex-

442 4343 545 4415 μὲν
580 4341 774 4396 ἑαυτοῦ
818 4344 1049 4410 γυναῖκα
1103 4341 1364 4413 Μεγάραν
1415 4340 1727 4413 συνῴκησεν
1766 4342 1904 4414 Ἰόλᾳ
1940 4342 2019 4413 τῷ

2121 4335 2256 4396 tera,
2291 4331 2508 4386 sinistra
2540 4334 2769 4388 alterum
2797 4335 2933 4390 eliso
2971 4345 3187 4407 gutture
3210 4338 3512 4396 suffocavit.
3551 4342 3691 4400 Cum

435 4432 722 4504 ἀδελφιδῷ,
754 4433 840 4486 διὰ
872 4433 969 4503 τὴν
996 4432 1125 4504 περὶ
1151 4432 1219 4484 τὰ
1243 4432 1413 4486 τέκνα
1433 4433 1736 4505 συμφοράν.
1759 4434 1932 4499 Αὐτὸς
1961 4434 2017 4487 δὲ

2121 4429 2301 4476 autem
2355 4423 2566 4479 virilem
2629 4424 2887 4482 Hercules
2947 4437 3160 4484 artatcm
3226 4432 3516 4504 attigisset,
3579 4434 3697 4490 Eu-

449 4526 621 4595 Ἰόλην
653 4525 749 4597 τήν
778 4523 1017 4597 Εὐρύτου
1049 4525 1181 4597 πρὸς
1209 4527 1387 4596 γάμον
1416 4525 1664 4595 αἰτήσας,
1725 4525 1798 4597 μὴ
1838 4525 2020 4590 δόντος
2043 4505 2089 4564 Ῐ]

2051 4505 2097 4564 D
2123 4517 2376 4588 rystheus
2401 4519 2492 4588 qui
2524 4530 2637 4574 tum
2673 4520 2832 4595 Argis
2865 4524 3182 4593 imperabat,
3219 4528 3516 4585 certamina
3549 4531 3691 4589 duo-

435 4617 497 4672 δὲ
523 4616 617 4671 τοῦ
644 4617 849 4689 πατρὸς
876 4617 1127 4688 νοσήσας,
1158 4615 1407 4687 χρησμὸν
1454 4614 1721 4687 λαμὸάνει
1745 4616 2017 4690 ἀπολυθήα

2121 4608 2297 4663 decim
2326 4609 2374 4663 ei
2405 4610 2737 4666 conficienda
2774 4616 3095 4684 przescribit,
3126 4633 3363 4689 eumque
3388 4661 3405 4686 ,
3441 4621 3572 4676 dum
3615 4622 3696 4678 in-

440 4710 630 4764 σεσοαι
667 4709 765 4780 τῆς
789 4708 968 4772 νόσου,
993 4709 1041 4760 εἰ
1088 4708 1351 4780 πρότερον
1380 4706 1609 4780 πραθεὶς
1660 4707 2011 4766 δουλεύσειεν.

2120 4699 2264 4770 genti
2287 4715 2467 4755 rerum
2490 4700 2801 4759 difficultate
2843 4708 3040 4763 anxius
3092 4722 3156 4765 ac
3191 4712 3542 4780 perturbatus
3577 4712 3692 4771 ha:-

437 4802 685 4865 Πλεύσας
714 4798 807 4856 οὖν
834 4805 915 4865 εἰς
938 4802 1037 4874 τήν
1093 4801 1334 4873 Φρυγίαν
1384 4801 1490 4856 ὑπό
1515 4818 1657 4867 τινος
1710 4802 1817 4856 τῶν
1845 4803 2012 4873 φίλων

2118 4799 2222 4856 ret,
2256 4792 2506 4850 immisso
2536 4791 2721 4851 furore
2758 4793 2904 4854 Juno
2941 4797 3009 4854 de
3050 4801 3251 4856 mentis
3294 4812 3566 4873 potestate
3595 4805 3693 4860 de-

437 4895 834 4966 πιπράσκεται,
850 4892 943 4945 κιιιί⁸
957 4892 1143 4958 δοῦλος
1167 4892 1376 4963 γίνεται
1393 4893 1674 4964 Ὀμφάλης
1695 4892 2009 4964 βασιλευού-

2114 4881 2255 4953 jicit.
2294 4882 2439 4956 Ergo
2461 4887 2513 4940 vi
2551 4887 2728 4944 morbi
2765 4889 3008 4946 animum
3054 4891 3107 4947 in
3138 4893 3254 4950 dies
3280 4894 3446 4952 altius
3491 4911 3691 4965 perva-

438 5002 543 5057 σης
568 4985 677 5040 τῶν
724 4986 844 5040 τότε
881 4986 1152 5049 Μαιόνων,
1204 4982 1322 5038 νυνὶ
1364 4984 1422 5039 δὲ
1451 4984 1638 5040 Λυδῶν
1684 4985 2015 5058 ὀνομαζομέ·

2121 4975 2302 5042 dente,
2326 4991 2448 5033 cum
2482 4977 2595 5050 jam
2648 4982 2860 5038 nullum
2901 4985 3137 5056 amplius
3184 4986 3416 5043 rationis
3465 5003 3692 5046 sensum

436 5095 565 5133 νων.
588 5078 798 5133 Γίνεται
822 5078 879 5133 δὲ
899 5078 1046 5150 αὐτῷ
1072 5076 1208 5132 κατὰ
1232 5078 1323 5132 τὸν
1350 5077 1447 5149 τῆς
1475 5076 1715 5142 δουλείας
1738 5077 1926 5151 καιρὸν
1950 5080 2014 5132 ὲκ

2119 5067 2365 5137 haberet,
2428 5071 2637 5128 socium
2706 5089 2771 5129 ac
2818 5083 3068 5145 nepotem
3116 5075 3333 5133 Jolaum
3385 5078 3695 5137 interﬁcere

434 5169 631 5243 δούλης
675 5170 790 5233 υἰδς
837 5169 1126 5234 Κλεόλαος.
1178 5170 1368 5240 Γήμας
1425 5168 1484 5223 δὲ
1535 5168 1634 5241 τὴν
1708 5169 2011 5242 Ὀμφάλην,

2119 5169 2370 5230 conatus,
2404 5178 2641 5234 cumque
2668 5165 2717 5221 is
2740 5180 2861 5221 sese
2892 5166 3016 5239 fuga
3065 5168 3439 5237 subduxisset,
3486 5170 3697 5229 liberos

437 5263 671 5321 ποιεῖται
722 5261 817 5315 καὶ
845 5260 905 5327 ἐξ
929 5261 1096 5332 αὐτῆς
1126 5259 1336 5324 παῖδας.
1385 5259 1650 5315 Ἐπανιὼν
1680 5260 1737 5314 δὲ
1789 5262 1870 5325 εἰς
1912 5259 2011 5333 τὴν

2117 5251 2234 5322 ipse
2282 5269 2413 5311 suos
2451 5271 2518 5311 ex
2546 5254 2760 5325 Megara
2811 5259 3062 5315 Creontis
3090 5260 3236 5331 regis
3261 5260 3370 5316 filia
3402 5274 3693 5334 susceptos

449 5351 763 5424 Ἀρκαδίαν,
792 5351 886 5405 καὶ
909 5349 1218 5413 καταλύσας
1246 5349 1397 5421 παρὰ
1428 5348 1560 5421 ’Δεῷ
1598 5348 1708 5422 (54)
1737 5349 1815 5419 τῷ
1857 5350 2010 5420 βασι·

2116 5345 2198 5402 sic
2224 5353 2484 5417 tanquam
2546 5347 2732 5403 hostes
2772 5348 2986 5419 sagittis
3034 5350 3287 5408 confecit.
3348 5351 3539 5410 Postea
3584 5355 3690 5411 sibi

431 5444 538 5507 λετ,
565 5444 632 5514 τῇ
665 5441 896 5514 θυγατρὶ
948 5442 1136 5496 τούτου
1180 5440 1356 5513 λάθρα
1390 5441 1590 5512 μιγεὶς,
1640 5440 1735 5494 καὶ
1780 5441 2012 5512 ποιήσας

2123 5438 2379 5506 paulatim
2427 5439 2709 5507 mentique
2758 5440 3003 5496 redditus
3028 5456 3163 5509 suae,
3193 5458 3259 5499 ex
3298 5443 3581 5514 impensis
3619 5448 3695 5507 ab
3755 5426 3763 5434 ’

434 5532 607 5605 αὐτὴν
632 5532 849 5602 ἔγκυον,
906 5531 1194 5602 ἐπανῆλθε.
1252 5531 1364 5586 Καὶ
1425 5531 1567 5603 μετὰ
1619 5529 1793 5585 ταῦτα
1847 5531 2009 5585 πάλιν

2118 5528 2423 5601 Eurystheo
2451 5531 2846 5588 certaminibus
2877 5532 3163 5590 duodecim
3193 5537 3371 5591 victor
3395 5538 3588 5602 evasit,
3624 5553 3690 5594 ac

432 5626 611 5697 εγημε
642 5624 963 5696 Δηϊάνειραν
1007 5622 1105 5694 τὴν
1136 5624 1339 5688 Οἰνέως
1356 5662 1373 5687 ,
1418 5622 1864 5695 τετελευτηκότος
1906 5621 2007 5694 ήδη

2118 5630 2408 5680 centauros
2434 5623 2728 5694 ipsumque
2756 5624 2895 5682 adeo
2919 5624 3214 5682 Chironem
3243 5626 3527 5683 medicina
3568 5636 3687 5683 arte

506 5740 619 5811 (δι)
654 5738 797 5807 Astii.
844 5738 1088 5802 Diodor.,
1100 5754 1236 5863 1pag.
1262 5739 1370 5795 259
1393 5737 1661 5810 ι),’Ἀλιῳ,
1689 5748 1855 5796 recte.
1883 5735 2023 5798 Vide
2048 5736 2377 5798 Pausaniam
2406 5741 2461 5796 in
2489 5739 2790 5809 Arcadicis,
2829 5758 2883 5813 p.
2915 5742 3042 5811 259,
3084 5745 3179 5802 ubi
3205 5744 3273 5801 de
3303 5744 3408 5800 hoc
3436 5742 3698 5803 Herculis

506 5812 639 5863 sitio
667 5808 930 5863 nlui-ibus.
961 5809 1076 5863 Alei
1138 5810 1223 5863 lia
1254 5824 1475 5863 nomen.
1500 5806 1673 5863 Δύγη.

428 5806 639 5883 ﬂagitio
665 5806 930 5882 pluribus.
961 5809 1076 5865 Alei
1100 5806 1223 5864 filii
1254 5824 1475 5875 nomen,
1500 5806 1682 5878 Δύγη.
