4154 6404
474 345 573 400 HI

1123 341 1395 398 EUSEBH
1427 338 1915 396 CESARIENSIS
1945 338 2097 394 OPP.
2139 337 2319 394 PARS
2347 337 2410 393 H.
2444 369 2516 382 ——
2547 341 3048 399 APOLOGETICA.

3617 341 3723 397 ΗΞ

472 467 754 521 ﬂorentem
788 464 1008 519 occidit.
1038 465 1304 519 Caeterum
1325 505 1340 530 ,
1378 463 1651 533 peculiare
1674 477 1738 516 ac
1773 462 2049 532 singulare

2156 460 2244 513 τοῦ
2276 460 2617 532 Μελεάγρου.
2645 461 2840 515 Λαϐὼν
2890 461 2946 516 δὲ
3000 459 3342 530 αίχμάλωτον
3371 459 3468 529 τὴν
3503 458 3721 522 Φυλέως

470 558 748 628 quidpiam
777 555 942 626 hujus
971 556 1027 610 in
1062 557 1304 610 numinis
1348 556 1722 624 procreatione
1750 553 2044 622 contigisse

470 658 728 702 narrant:
771 646 992 717 quippe,
1022 645 1210 702 Jovem
1241 645 1408 709 enim,
1441 654 1501 699 ut
1533 660 1658 699 eum
1684 642 1859 698 Niobe
1901 642 2045 697 Pho—

472 741 620 794 ronei
653 740 761 794 lilia
818 740 1131 794 mortalium
1177 740 1422 793 omnium
1466 738 1754 792 mulierum
1780 735 2043 806 principe,

470 835 546 887 ita
572 848 696 887 cum
721 832 979 886 Alcmena
998 830 1244 885 Herculis
1262 840 1486 899 parente
1503 829 1751 885 omnium
1771 835 2045 897 postrema

471 938 587 977 rem
623 922 901 985 habuisse,
949 930 1002 976 et
1056 922 1109 975 in
1151 936 1237 987 ea,
1267 937 1433 991 quam
1470 929 1595 990 post
1641 918 1851 974 Nioben
1895 918 2046 972 deci-

470 1030 619 1069 mam
665 1024 873 1069 sextam
927 1013 1296 1082 generationis
1319 1013 1509 1067 ordine
1537 1019 1850 1075 numerant,
1884 1009 2046 1063 ﬁnem

468 1121 595 1160 cum
633 1104 950 1160 mortalibus
1003 1102 1391 1174 congrediendi
1451 1101 1670 1156 fecisse.
1699 1099 1893 1165 Porro,
1921 1114 2045 1154 cum

464 1209 502 1251 c
531 1194 646 1250 suis
675 1195 781 1249 illis
802 1193 1241 1263 expeditionibus
1285 1194 1460 1249 vietor
1488 1191 1748 1248 Hercules
1777 1191 2047 1257 rediisset,

467 1284 741 1352 Megaram
766 1299 1017 1350 uxorem,
1066 1286 1138 1338 ob
1162 1283 1416 1337 acerbam
1452 1282 1771 1347 liberorum,
1801 1298 1939 1352 quos
1962 1282 2049 1335 illa

470 1377 575 1433 sibi
609 1386 894 1447 pepererat
929 1376 1323 1436 calamitatem,
1373 1375 1725 1431 matrimonio
1752 1390 1875 1429 cum
1905 1374 2050 1429 lolao

469 1482 666 1539 nep0te
694 1468 1021 1539 conjunxit:
1054 1469 1171 1538 ipse
1201 1482 1331 1522 vero
1370 1483 1497 1522 cum
1531 1466 1827 1536 expetitum
1857 1470 1924 1522 ad
1948 1483 2051 1521 nu-

468 1563 612 1632 ptias
636 1560 784 1617 Iolen
813 1561 883 1614 ab
901 1558 1107 1631 Euryto
1133 1568 1287 1629 patre
1321 1574 1429 1613 non
1458 1559 1794 1628 impetraret,
1830 1559 1885 1613 in
1911 1575 2052 1614 mor-

468 1655 599 1711 bum
618 1655 830 1721 incidit,
854 1668 967 1724 quo
999 1652 1073 1708 ita
1097 1652 1316 1706 demum
1338 1666 1398 1706 se
1423 1651 1710 1705 liberatum
1735 1651 1800 1705 iri
1826 1666 1892 1706 ex
1924 1667 2050 1705 ora-

472 1748 598 1803 culo
624 1747 892 1818 intelligit,
944 1748 991 1802 si
1027 1746 1180 1816 prius
1218 1761 1337 1801 sese
1378 1744 1764 1799 venumdatam
1802 1745 2052 1799 volunta-

2146 551 2441 624 θυγατέρα,
2472 553 2711 622 ἐπεμίγη
2741 554 2900 623 αὐτῇ,
2925 553 3020 606 καὶ
3060 551 3324 604 ἐτέκνωσε
3352 549 3719 622 Τληπόλεμον.

2146 642 2385 694 Δειπνῶν
2412 642 2470 694 δὲ
2509 645 2755 713 παροινεῖ
2802 643 2939 711 (55),
2984 643 3074 694 τὸν
3124 639 3472 695 διακονοῦντα
3527 638 3653 710 περί
3671 654 3724 691 τι

2146 732 2593 805 διαμαρτήσαντα
2627 733 2863 803 κονδύλῳ
2894 733 3139 795 πατάξας
3192 733 3528 786 ἀπέκτεινεν.
3572 732 3725 785 Ἐπεὶ

2147 826 2203 879 δὲ
2234 827 2596 897 πορευόμενος
2627 822 2756 898 ἦλθε
2790 826 2925 899 1:96;
2968 827 3059 879 τὸν
3092 824 3295 896 Εὔηνον
3340 825 3601 895 ποταμὸν,
3624 842 3725 879 κα-

2148 917 2481 987 ταλαμϐάνει
2509 917 2716 970 Νέσσον
2746 918 2837 969 τὸν
2882 916 3212 987 Κένταυρον,
3267 915 3458 985 μισθοῦ
3481 914 3727 969 διαϐιϐά-

2151 1006 2309 1072 ζοντα
2335 1010 2426 1061 τδν
2456 1009 2718 1079 ποταμόν.
2774 1002 2943 1071 Οὗτος
2991 1008 3048 1061 δὲ
3100 1009 3365 1078 πρότερον
3404 1007 3725 1071 διαϐιϐάσας

2148 1100 2247 1168 τὴν
2272 1101 2615 1171 Δηϊάνειραν,
2665 1100 2759 1153 καὶ
2785 1100 2872 1153 διὰ
2909 1101 2969 1151 τό
3016 1099 3209 1162 κάλλος
3232 1099 3482 1170 ἐρασθεὶς
3530 1100 3721 1171 αὐτῆς,

2151 1192 2503 1261 ἐπεχείρησεν
2530 1191 2700 1261 αὐτὴν
2734 1191 3044 1260 βιάσασθαι.
3090 1191 3496 1263 Ἐπιϐοωμένης
3538 1192 3594 1245 δὲ
3640 1191 3731 1245 αὑ-

2151 1282 2250 1351 τῆς
2276 1284 2367 1334 τὸν
2400 1282 2586 1353 ἄνδρα,
2616 1284 2643 1335 ό
2687 1284 2787 1352 μὲν
2842 1282 3116 1354 Ἡρακλῆς
3165 1283 3413 1349 ἐτόξευσε
3444 1284 3535 1337 τὸν
3589 1284 3731 1337 Κέν-

2151 1391 2367 1445 ταυρον·
2398 1375 2512 1426 ea:
2563 1375 2773 1438 Νέσσος
2827 1372 3031 1445 μεταξὺ
3090 1374 3437 1444 μισγόμενος,
3503 1376 3597 1428 καὶ
3641 1374 3732 1430 διὰ

2151 1467 2252 1537 τὴν
2271 1467 2503 1538 ὀξύτητα
2527 1466 2625 1536 τῆς
2646 1466 2854 1537 πληγῆς
2881 1467 3040 1530 εὐθὺς
3067 1466 3445 1537 ἀποθνήσκων,
3465 1467 3631 1536 ἔφησε
3662 1469 3730 1538 τῇ

2151 1559 2443 1628 Δηϊανείρα
2466 1556 2658 1610 δώσειν
2689 1557 2928 1628 φίλτρον,
2967 1558 3113 1620 ὅπως
3147 1557 3386 1628 μηδεμιᾷ
3406 1556 3511 1609 τῶν
3542 1558 3723 1611 ἄλλων

2152 1649 2423 1716 γυναικῶν
2464 1648 2735 1719 Ἡρακλῆς
2769 1647 2972 1719 θελήσῃ
3033 1647 3349 1717 πλησιάσαι.
3380 1647 3725 1720 Παρεκελεύ-

2157 1756 2286 1791 σατο
2315 1734 2427 1802 οῦν,
2470 1738 2708 1791 λαϐοῦσα
2742 1738 2876 1810 (55')
2906 1739 2996 1792 τὸν
3022 1739 3079 1805 ἐξ
3104 1738 3267 1793 αὑτοῦ
3286 1740 3520 1792 πεσόντα
3551 1740 3731 1807 γόνον,

472 1843 568 1897 riae
595 1841 842 1897 servituti
896 1840 1252 1908 manciparat.
1304 1836 1473 1908 Igitur
1494 1838 1551 1892 in
1584 1836 1873 1909 Phrygiam
1904 1840 2050 1892 navi-

2156 1830 2243 1883 καὶ
2272 1830 2446 1900 τούτῳ
2499 1806 2880 1899 προσμίξασαν
2914 1830 3089 1884 ἔλαιον
3144 1832 3239 1883 καὶ
3265 1830 3327 1883 τὸ
3356 1831 3462 1883 ἀπὸ
3487 1806 3586 1898 τῆς
3611 1829 3734 1882 ἀκί-

472 1933 690 2004 gatione
727 1941 1003 2002 suscepta,
1038 1932 1106 1986 ab
1136 1947 1247 1986 uno
1277 1929 1515 2001 quodam
1537 1944 1603 1985 ex
1633 1931 1826 1986 amicis
1857 1930 2049 1985 vendi-

472 2039 586 2090 tus,
638 2021 939 2094 Omphalen
988 2037 1202 2088 eorum,
1257 2022 1351 2091 qui
1400 2031 1514 2075 tum
1562 2021 1784 2092 quidem
1821 2021 2052 2077 Maeones

471 2115 833 2181 vocabantur,
874 2130 1022 2169 nunc
1082 2128 1212 2168 vero
1265 2111 1545 2183 Lydorum
1598 2127 1795 2167 nomen
1826 2114 2049 2179 habent,

472 2208 716 2278 reginam
742 2205 1020 2261 dominam
1071 2204 1299 2259 sortitus
1351 2212 1474 2259 est:
1510 2217 1576 2258 ac
1622 2204 1860 2273 primum
1890 2205 2053 2258 servi-

473 2301 613 2369 tutis
640 2315 752 2355 suae
779 2309 1020 2368 tempore
1036 2296 1208 2351 ﬁlium
1237 2311 1305 2351 ex
1344 2295 1541 2351 ancilla
1570 2296 1805 2365 quadam
1848 2297 2051 2366 genuit,

474 2390 700 2446 nomine
744 2387 1216 2454 Cleolaum;mox
1269 2387 1363 2441 ubi
1409 2384 1711 2457 Omphalen
1762 2388 1935 2451 ipsam
1998 2390 2053 2444 in

476 2480 586 2552 56
621 2480 906 2551 conjugem
936 2479 1205 2543 duxisset,
1260 2477 1463 2532 liberos
1492 2493 1557 2532 ex
1587 2493 1649 2534 ea
1683 2495 1900 2549 quoque
1929 2496 2055 2536 sus-

474 2572 636 2640 cepit.
701 2570 827 2625 lnde
868 2572 1098 2640 repetita
1131 2569 1384 2633 Arcadia,
1421 2578 1776 2640 posteaquam
1800 2571 1891 2625 Lci
1917 2574 2059 2639 regis

475 2662 664 2724 ﬁliam,
702 2677 731 2716 a
765 2676 875 2730 quo
900 2668 1161 2730 exceptus
1185 2660 1426 2731 hospitio
1469 2658 1665 2726 fuerat,
1715 2662 2057 2716 clandestino

474 2752 764 2808 concubitu
788 2751 1069 2822 gravidam
1099 2750 1390 2817 eﬁ‘ecisset,
1417 2752 1678 2808 continuo
1715 2754 1892 2807 rediit.
1919 2751 2055 2808 Tum

473 2844 741 2900 exstincto
796 2843 910 2912 jam
976 2842 1248 2912 Meleagro
1297 2841 1609 2911 Dejaniram
1665 2841 1834 2897 OEnei
1892 2844 2058 2899 ﬁliam

476 2940 700 2990 exorem
725 2934 895 3001 ducit,
933 2934 1187 3003 idemque
1215 2934 1562 3003 postmodum
1592 2950 1717 2987 cum
1745 2933 1929 3005 Pliylei
1956 2948 2059 2989 cu-

470 3026 688 3098 jusdam
737 3026 869 3093 ﬁlia,
924 3040 1090 3094 quam
1124 3026 1266 3080 bello
1323 3034 1561 3095 ceperat,
1593 3025 1964 3095 congreditur,
1991 3039 2056 3079 ex

473 3134 643 3188 eaque
701 3116 1075 3187 Tlepolemum
1134 3124 1378 3187 generat.
1458 3117 1598 3170 Cum
1668 3126 1850 3169 autem
1911 3117 2127 3211 apudc

472 3210 717 3265 UEneum
751 3209 1044 3279 aliquando
1096 3217 1360 3273 manaret,
1413 3223 1562 3274 eum,
1596 3208 1688 3278 qui
1713 3223 1918 3262 mensa:
1947 3208 2054 3261 mi-

477 3302 765 3365 nistrabat,
835 3300 981 3370 quod
1032 3298 1217 3355 nescio
1269 3301 1400 3370 quid
1456 3299 1761 3353 ministerio
1803 3299 2057 3355 obeundo

478 3402 775 3463 peccasset,
822 3408 1000 3464 pugno
1058 3408 1381 3461 percussum
1441 3391 1737 3446 interemit.
1766 3390 2055 3458 Praeterea,

476 3503 600 3541 eum
625 3487 814 3543 itinere
837 3495 1094 3555 suscepto
1116 3485 1183 3539 ad
1205 3483 1449 3538 Evenum
1476 3483 1699 3537 ﬂuvium
1716 3483 2056 3552 accessisset,

474 3576 708 3633 Nessum
750 3576 821 3631 ibi
877 3584 1202 3630 centaurum
1233 3573 1480 3638 offendit,
1530 3572 1626 3643 qui
1652 3574 1889 3627 viatores
1922 3588 2059 3629 mer-

476 3666 609 3722 cede
649 3665 1068 3737 trajiceret.llic
1133 3673 1439 3720 transvecta
1497 3664 1734 3733 primum
1780 3661 2056 3734 Dejanira,

477 3758 722 3814 mulieris
755 3771 942 3811 amore
967 3766 1158 3826 captus
1181 3756 1253 3810 ob
1297 3756 1619 3827 elegantiam
1652 3754 1843 3812 forma:
1870 3757 2060 3825 singu-

476 3842 668 3915 larem,
699 3849 871 3918 ipsam
901 3849 950 3902 vi
983 3848 1292 3917 opprimere
1324 3847 1656 3911 conabatur;
1692 3847 1786 3901 sed
1807 3862 1931 3901 cum
1966 3846 2059 3902 illa

474 3939 656 3995 virum
686 3952 881 4007 magna
910 3952 1043 3992 voce
1071 3933 1422 4006 appellasset,
1461 3932 1723 3989 Hercules
1737 3942 2057 3989 centaurum

476 4030 695 4100 quidem
729 4029 925 4099 sagitta
941 4027 1207 4092 conﬁxit;
1243 4022 1449 4081 Nessos
1500 4033 1682 4080 autem
1720 4024 1774 4078 in
1808 4021 2056 4095 ﬂagranti

476 4122 769 4177 concubitu
801 4121 871 4175 ob
902 4120 1143 4201 vulneris
1161 4119 1511 4174 acerbitatem
1538 4116 1700 4172 morti
1727 4117 1842 4188 jam
1874 4115 2058 4186 proxi-

473 4229 618 4278 mus,
657 4212 917 4282 philtrum
969 4209 1242 4282 Dejanirae
1295 4225 1416 4264 sese
1447 4210 1705 4265 daturum
1748 4209 2056 4278 pollicetur,

474 4320 585 4374 quo
607 4307 651 4360 si
687 4307 764 4360 uti
791 4305 939 4372 velit,
967 4304 1193 4360 omnino
1234 4303 1481 4375 perﬁciat
1520 4311 1577 4356 ut
1613 4318 1682 4355 ne
1706 4301 1931 4356 alterius
1958 4317 2059 4356 un-

475 4412 639 4466 quam
685 4395 945 4452 llercules
978 4396 1227 4451 mulieris
1277 4395 1557 4449 amoribus
1588 4394 1857 4463 capiatur.
1897 4390 2059 4446 Jubct

2149 1921 2238 1983 δος
2273 1921 2711 1991 ἀποσταζόμενον
2727 1916 2886 1992 αἷμα,
2912 1923 3095 1993 χρίσαι
3121 1923 3213 1976 τὸν
3227 1923 3428 1994 χιτῶνα
3459 1923 3551 1975 τοῦ
3569 1922 3734 1993 Ἡρα-

2154 2011 2361 2075 κλέους.
2397 2012 2565 2066 Τοῦτο
2604 2013 2660 2065 δὲ
2684 2015 2958 2083 ποιήσασα
3011 2015 3324 2086 Δηϊάνειρα,
3360 2017 3578 2083 κατεῖχε
3606 2013 3736 2082 παρ’

2154 2103 2321 2172 ἑαυτῇ
2348 2103 2407 2155 τὸ
2435 2103 2745 2175 φάρμακον.
2775 2105 2945 2158 Πάλιν
2972 2105 3029 2159 δὲ
3083 2109 3112 2160 6
3172 2105 3450 2177 Ἡρακλῆς
3478 2105 3576 2175 τὴν
3601 2104 3739 2157 Φύλ-

2155 2192 2345 2256 λαντος
2371 2193 2649 2265 θυγατέρα
2692 2194 2871 2249 λαϐὼν
2914 2197 3282 2267 αἰχμάλωτον,
3307 2196 3402 2249 καὶ
3433 2196 3612 2266 μιγεὶς
3636 2195 3738 2247 αὖ-

2157 2288 2245 2355 τῇ,
2279 2285 2391 2338 υἱὸν
2420 2286 2687 2356 Ἀντίοχον
2716 2288 2991 2357 ἐγέννησε.
3013 2289 3124 2341 Καὶ
3150 2289 3312 2342 πάλιν
3358 2289 3740 2360 Ἀστυάνειραν

2157 2376 2255 2446 τὴν
2295 2377 2581 2448 Ἀρμενίου
2619 2377 2713 2431 τοῦ
2742 2376 3006 2447 βασιλέως
3031 2378 3306 2450 θυγατέρα
3338 2377 3518 2433 λαϐὼν
3540 2379 3743 2450 αίχμάο

2155 2467 2346 2533 λωτόν,
2371 2470 2466 2522 καὶ
2498 2469 2678 2539 μιγεὶς
2729 2470 2889 2541 αὐτῇ,
2944 2471 3267 2541 Κτήσιππον
3294 2473 3409 2525 υἱὸν
3461 2470 3737 2541 ἐγέννησε.

2156 2559 2359 2622 Θέσπις
2387 2559 2442 2613 δὲ
2472 2559 2501 2611 6
2535 2560 2814 2631 Ἀθηναῖος
2847 2564 2975 2624 παῖς
3014 2562 3335 2633 Ἐρεχθέως,
3363 2565 3426 2615 ἐκ
3467 2562 3741 2634 διαφόρων

2157 2650 2431 2718 γυναικῶν
2454 2650 2757 2723 θυγατέρας
2788 2651 3007 2722 ἀριθμῷ
3040 2656 3378 2724 πεντήκοντα
3405 2652 3739 2724 πεποιηκὼς,

2160 2744 2662 2815 φιλοτιμησάμενός
2683 2761 2742 2797 τε
2766 2743 2934 2808 αὑτὰς
2957 2744 3016 2808 ἐξ
3042 2744 3371 2814 Ἡρακλέους
3393 2744 3588 2808 παῖδας
3604 2745 3737 2816 κτή-

2159 2840 2376 2904 σασθαι,
2411 2839 2648 2902 καλέσας
2681 2840 2773 2892 ὲπί
2798 2857 2919 2891 τινα
2960 2838 3149 2892 θυσίαν
3195 2838 3285 2892 τὸν
3333 2836 3743 2910 Ἡρακλέα,καὶ

2158 2931 2425 3003 λαμπρῶς
2448 2931 2607 2984 αὑτὸν
2629 2931 2903 2993 ἑστιάσας,
2922 2931 3061 2985 κατά
3091 2931 3219 3001 μίαν
3247 2930 3395 3000 αὐτῷ
3435 2931 3541 2984 τῶν
3575 2930 3743 2998 θυγα-

2159 3023 2331 3094 τέρων
2363 3022 2699 3076 ἀπέστειλεν.
2739 3021 2797 3074 Ὀ
2828 3022 2885 3074 δὲ
2913 3025 2969 3074 ὲν
2992 3022 3089 3093 μιᾷ
3139 3022 3296 3075 νυκτὶ
3343 3021 3612 3093 διέφθειρε
3640 3021 3740 3087 τὰς

2160 3117 2359 3179 πάσας,
2387 3115 2482 3168 καὶ
2514 3115 2722 3183 γίνεται
2760 3113 2940 3184 πατὴρ
2969 3115 3078 3167 τῶν
3112 3114 3461 3186 καλουμένων
3499 3114 3740 3169 Θεσπια-

2158 3206 2281 3259 δῶν.
2315 3204 2507 3259 Λαϐὼν
2536 3206 2594 3259 δὲ
2621 3207 2716 3258 καὶ
2739 3205 2837 3275 τὴν
2876 3207 3045 3276 Ἰόλην
3079 3206 3444 3277 αἰχμάλωτον,
3500 3206 3596 3260 καὶ
3649 3206 3744 3260 θυ-

2160 3297 2280 3349 σίαν
2308 3296 2597 3359 ἐπιτελῶν,
2631 3295 2956 3358 ἀποστείλας
2976 3298 3069 3351 ἐπὶ
3107 3297 3205 3366 τὴν
3241 3300 3474 3364 γυναῖκα
3498 3296 3744 3367 Δηϊάνει-

2163 3406 2282 3458 ραν,
2304 3389 2423 3459 ᾔτει
2448 3388 2653 3458 χιτῶνα
2674 3388 2768 3441 καὶ
2794 3388 3030 3457 ίμάτιον,
3048 3383 3129 3450 οἷς
3154 3386 3335 3440 είὼθει
3358 3387 3590 3458 χρῆσθαι
3607 3388 3743 3458 πρὸς

2158 3479 2254 3543 τάς
2283 3479 2489 3541 θυσίας.
2529 3480 2595 3532 'H
2626 3478 2683 3531 δὲ
2734 3479 2825 3530 τὸν
2864 3478 3066 3549 χιτῶνα
3093 3477 3329 3548 χρίσασα
3365 3477 3443 3547 τῷ
3468 3477 3618 3548 παρᾶ
3648 3476 3742 3531 τοῦ

2160 3570 2474 3642 Κενταύρου
2505 3568 2767 3639 διδομένῳ
2813 3569 2926 3637 (56)
2988 3568 3195 3639 φίλτρῳ
3222 3567 3557 3622 ἀποστέλλει.
3600 3569 3658 3621 ’0
3682 3568 3745 3623 δὲ

2170 3662 2443 3732 Ἡρακλῆς
2462 3663 2552 3715 τὸν
2579 3661 2782 3732 χιτῶνα
2799 3659 3179 3733 περιθέμενος,
3195 3660 3486 3733 περιέπεσε
3500 3663 3566 3731 τῇ
3591 3660 3745 3732 μεγί-

2159 3770 2262 3824 στῃ
2285 3755 2561 3826 συμφορᾷ.
2585 3754 2696 3824 Τῆς
2728 3752 2838 3824 γάρ
2860 3752 3043 3815 ἀκίδος
3068 3752 3160 3805 τὸν
3182 3755 3246 3806 ὲκ
3261 3752 3358 3823 τῆς
3398 3753 3641 3824 Ἐχίδνης
3667 3752 3746 3806 ίὸν

2159 3844 2544 3915 ἀπειληφυίας,
2605 3843 2702 3899 καὶ
2756 3843 2843 3897 διά
2896 3843 3057 3898 τοῦτο
3099 3844 3193 3898 τοῦ
3257 3844 3481 3915 χιτῶνος
3514 3845 3600 3898 διὰ
3645 3842 3747 3917 τήν

2158 3934 2460 4006 θερμασίαν
2512 3936 2614 4006 τὴν
2661 3934 2839 4007 σάρκα
2882 3933 2978 3988 τοῦ
3041 3933 3290 4005 σώματος
3312 3934 3744 4006 λυμαινομένου,

2158 4023 2460 4098 περιαλγὴς
2529 4025 2821 4096 γενόμενος
2868 4025 2961 4079 τὸν
3014 4025 3404 4097 διακονήσαντα
3481 4026 3744 4080 ἀπέκτει-

2158 4134 2268 4180 νεν,
2327 4117 2489 4181 αὐτός
2543 4134 2603 4171 τε
2650 4117 2789 4171 κατὰ
2838 4118 3086 4189 χρησμὸν
3126 4120 3262 4189 πυρὶ
3302 4118 3493 4171 ἑαυτὸν
3563 4132 3747 4189 παρα-

2157 4209 2303 4271 δοὺς,
2338 4207 2512 4273 οὕτως
2553 4209 2818 4263 κατέλυσε
2862 4211 2955 4264 τὸν
3001 4209 3136 4280 βίον.
3173 4229 3192 4261 ι
3234 4211 3346 4264 Καὶ
3383 4210 3454 4263 τά
3495 4210 3592 4280 μὲν
3624 4208 3747 4263 καθ’

2173 4300 2445 4370 Ἡρακλέα
2483 4300 2727 4354 τοιαῦτα.
2773 4300 2910 4374 Περὶ
2949 4301 3009 4355 δὲ
3055 4300 3148 4355 τοῦ
3203 4300 3551 4371 Ἀσκληπιοῦ,
3584 4300 3750 4369 φασὶν

2158 4384 2298 4443 εἶναι
2338 4391 2453 4445 υἱὸν
2494 4392 2829 4456 Ἀπόλλωνος
2845 4394 2942 4446 καὶ
2964 4392 3283 4463 Φορωνίδος.
3312 4390 3550 4463 ζηλῶσαι
3577 4390 3749 4461 δὲτὴν

474 4492 680 4552 itaque,
738 4489 967 4544 seminis
1022 4489 1109 4544 sui
1164 4487 1459 4543 deﬂuentis
1519 4485 1722 4555 aliquid
1775 4485 2052 4554 colligere,

2163 4482 2409 4554 ίατρικὴν
2454 4484 2801 4555 ἐπιστήμην,
2836 4485 2929 4538 ἐπὶ
2967 4483 3223 4536 τοσοῦτον
3268 4483 3327 4536 δὲ
3378 4483 3651 4554 προϐῆναι.
3680 4485 3747 4553 τῇ

475 4582 622 4651 quod
656 4596 781 4635 cum
815 4580 940 4636 oleo
972 4591 1026 4635 et
1051 4581 1338 4651 sanguine,
1375 4579 1469 4649 qui
1494 4594 1559 4634 ex
1598 4578 1687 4634 teli
1726 4577 1950 4647 cuspide
1973 4575 2058 4630 di-

475 4672 737 4737 stillabat,
768 4670 1172 4735 commisceret,
1206 4685 1381 4739 eoque
1405 4670 1646 4725 tunicam
1675 4666 1925 4723 Herculis
1956 4681 2060 4721 un-

474 4774 642 4834 geret.
700 4762 891 4818 Paruit
930 4761 1207 4832 Dejanira,
1236 4770 1401 4832 atque
1422 4762 1565 4831 apud
1610 4776 1668 4816 se
1699 4759 2058 4829 pharmacum

476 4856 731 4910 servavit.
796 4856 867 4911 At
920 4852 1181 4911 Hercules
1234 4871 1427 4912 rursus
1481 4869 1610 4910 cum
1657 4852 1782 4907 aliis
1820 4851 2057 4915 duabus,

475 4963 612 5017 quas
640 4947 783 5003 bello
812 4955 1051 5018 ceperat,
1067 4948 1368 5012 consuevit,
1398 4961 1632 5017 quarum
1683 4946 1851 4999 altera
1891 4943 2057 5014 Phyl-

475 5038 645 5105 lantis
668 5039 953 5110 cujusdam
987 5038 1096 5097 lilia
1124 5038 1479 5101 Antiochum,
1506 5037 1674 5092 altera”
1700 5050 1828 5089 vero
1857 5034 2056 5105 Astya-

476 5132 595 5185 nira
617 5134 855 5200 nomine,
884 5148 1011 5203 rege
1038 5130 1300 5186 Armenio
1323 5138 1547 5201 parente
1568 5139 1706 5197 sata,
1738 5126 2052 5197 Ctesippum

475 5225 526 5280 ei
568 5226 794 5295 peperit.
856 5223 1062 5280 Deinde
1117 5222 1350 5294 Thespis
1402 5222 1754 5277 Atheniensis
1802 5217 2054 5273 Erecthei

477 5318 643 5381 ﬁlius,
678 5317 771 5386 qui
830 5331 895 5372 ex
927 5316 1158 5372 diversis
1207 5314 1534 5370 mulieribus
1590 5312 1730 5368 ﬁlias
1785 5311 2054 5381 quinqua-

475 5409 623 5479 ginta
646 5416 925 5478 genuerat,
973 5422 1099 5463 cum
1149 5421 1244 5462 eas
1279 5421 1470 5461 omnes
1520 5421 1584 5458 ex
1617 5402 1863 5459 Herculis
1902 5417 2056 5457 com-

2155 4571 2304 4645 δόξῃ,
2330 4574 2407 4637 ὡς
2431 4575 2657 4639 πολλοὺς
2699 4576 3269 4648 τῶνδάπεγνωσμένων
3305 4574 3602 4646 ἀρρώστων
3642 4592 3750 4629 πα·

2160 4662 2396 4734 ραδόξως
2447 4663 2794 4737 θεραπεύειν.
2852 4667 3015 4720 Ὥστε
3052 4666 3143 4719 τὸν
3186 4667 3285 4719 Δία
3326 4663 3747 4738 παροξυνθέντα,

2159 4758 2409 4831 κεραυνῷ
2436 4759 2665 4830 βαλόντα
2678 4760 2842 4814 αὐτὸν
2859 4760 3204 4831 διαφθεῖραι·
3230 4759 3322 4813 τὸν
3338 4758 3395 4812 δὲ
3440 4758 3749 4813 Ἀτώλλωνα

2158 4849 2246 4904 διὰ
2271 4850 2369 4922 τὴν
2394 4852 2673 4924 ἀναίρεσιν
2710 4851 2807 4906 τοῦ
2844 4851 3034 4916 παιδὸς
3067 4849 3472 4923 παροξυνθέντα
3495 4889 3511 4913 ,
3552 4849 3747 4920 φονεῦ-

2161 4959 2250 4996 σαι
2273 4945 2400 5006 τοὺς
2418 4941 2510 4997 τὸν
2536 4944 2804 5016 κεραυνὸν
2835 4943 2915 5015 τῷ
2955 4946 3038 4997 Διὶ
3084 4943 3600 5008 κατασκευάσαντας
3637 4942 3750 4997 Κύ-

2159 5034 2403 5098 κλωπας.
2454 5036 2586 5089 ,Ἐπὶ
2622 5035 2681 5089 δὲ
2725 5038 2792 5107 τῇ
2830 5034 3037 5090 τούτων
3076 5036 3300 5106 τελευτῇ
3343 5034 3750 5108 παροξυνθέντα

2157 5124 2248 5177 τὸν
2277 5124 2394 5189 Δία,
2427 5123 2731 5196 προστάξαι
2756 5126 2834 5197 τῷ
2874 5126 3167 5181 Ἀπόλλωνι
3198 5126 3456 5198 θητεῦσαι
3479 5130 3606 5200 παρ’
3632 5126 3749 5181 Ἀδ-

2163 5218 2337 5286 μήτῳ,
2366 5218 2460 5270 καὶ
2488 5217 2691 5289 ταύτην
2736 5220 2835 5289 τὴν
2878 5220 3155 5290 τιμωρίαν
3195 5220 3379 5273 λαϐεῖν
3412 5222 3542 5293 παρ’
3581 5218 3748 5274 αὐτοῦ

2159 5309 2253 5362 τοῦ
2286 5309 2648 5380 ἐγκλήματος.
2678 5311 2865 5365 Ταῦτα
2908 5313 3007 5383 μὲν
3041 5309 3133 5367 οῦν
3165 5316 3223 5366 ὲν
3259 5314 3336 5384 τῷ
3364 5314 3610 5385 τετάρτῳ
3639 5311 3748 5367 τῶν

2165 5400 2569 5466 Βιϐλιοϐηκῶν
2587 5404 2616 5455 6
2644 5402 2909 5473 Διόδωρος
2937 5403 3347 5474 παρατέθειται.

475 5505 636 5571 plcxu
675 5504 880 5574 prolem
918 5504 1197 5574 suscipere
1237 5503 1585 5557 vehementer
1624 5508 1858 5569 optaret,
1899 5514 2025 5552 eum
2064 5496 2130 5551 ad
2172 5496 2418 5551 solemne
2482 5499 2757 5565 quoddam
2811 5499 3141 5554 sacriﬁcium
3212 5500 3424 5561 invitat,
3468 5498 3749 5565 eidemque

476 5596 763 5668 magniﬁce
820 5594 1115 5652 admodum
1195 5593 1450 5663 lautaque
1507 5600 1732 5662 accepto
1803 5590 2048 5660 singulas
2114 5588 2346 5642 seorsim
2412 5589 2725 5643 summittit.
2778 5587 2873 5641 Ille
2928 5599 3111 5644 autem
3161 5605 3287 5643 cum
3335 5589 3593 5642 omnibus
3646 5601 3756 5643 una

547 5730 658 5804 (55)
680 5731 974 5801 Rapon-ef.
1006 5728 1157 5785 Verti
1200 5730 1342 5804 apud
1369 5727 1866 5804 (Eneum,Diodor.
1901 5733 2044 5804 enim

477 5799 579 5875 leg.
613 5799 742 5875 παρ’
766 5799 938 5868 ἠοίνεῖ,
964 5816 1125 5873 quem
1160 5802 1334 5855 tribus
1361 5809 1485 5853 ante
1510 5799 1665 5854 lineis
1708 5800 2028 5855 nominavit.

2229 5724 2368 5794 (55‘)
2400 5722 2702 5794 Λᾳὸοὖσοα.
2728 5721 2895 5794 Forte
2915 5719 3200 5778 λαόοῦσαν.
3220 5723 3397 5794 Eutr.

2227 5792 2337 5868 (56)
2374 5792 2686 5862 Διδομένῳ.
2722 5793 2853 5865 Leg.
2884 5794 3177 5865 δεδομένῳ.
3214 5793 3373 5849 Enn.
