4154 6442
535 420 642 480 H3

1694 429 2014 486 PREPAR.
2054 428 2325 499 ,EVANG.
2369 424 2496 482 LIB.
2556 425 2619 482 ιι.

3682 426 3791 487 ιιι

528 539 828 610 eademque
859 549 1016 596 nocte
1046 548 1392 613 congféssus,
1424 559 1636 612 eorum,
1665 546 1758 615 qui
1790 543 2110 614 Thespiadae
2136 550 2184 606 Α
2212 545 2365 599 satis.
2405 541 2525 597 Jam
2577 558 2707 598 vero
2757 544 2901 614 quod
2951 540 3329 614 IEsculapium
3381 543 3572 599 attinet
3593 586 3608 610 ,
3643 544 3792 604 hunc

532 630 905 696 nominantur,
943 643 1095 703 pater
1122 633 1347 690 effectus
1375 645 1477 691 est.
1503 634 1785 691 Postremo
1814 652 1937 692 cum
1971 635 2118 691 lolen
2217 636 2486 705 Apollinis
2539 652 2608 691 ex
2657 635 2963 697 Phoronide
3011 635 3181 689 ﬁlium
3231 650 3355 691 esse
3382 636 3601 691 tradunt
3626 676 3644 699 ,
3693 640 3788 709 qui

530 736 749 791 quoque
775 724 1043 793 captivam
1091 726 1430 791 abduxisset,
1490 731 1664 784 sacris
1697 744 1919 798 operam
1948 730 2109 783 datu-

528 826 644 874 rus,
669 812 817 866 misit
846 814 940 883 qui
965 831 993 867 a
1017 814 1271 885 Dejanira
1292 816 1523 887 conjuge
1549 818 1789 873 titnicam
1826 827 1880 872 et
1903 827 2110 872 vestem

528 905 823 972 acciperet,
867 907 1071 975 quibus
1120 907 1177 962 in
1244 910 1530 966 sacriﬁciis
1591 911 1669 965 uti
1727 910 1922 965 solitus
1968 917 2107 964 erat.

527 993 781 1065 Dejanira
806 999 1043 1053 tunicam
1079 998 1336 1055 Centauri
1367 1002 1568 1072 philtro
1602 1010 1922 1072 perunctam
1969 1018 2108 1057 nun-

526 1087 605 1141 tio
639 1087 916 1143 ferendam
938 1092 1121 1158 tradit,
1144 1109 1309 1163 quam
1337 1094 1504 1149 simul
1539 1103 1702 1165 atque
1731 1093 1992 1151 Hercules
2026 1095 2108 1148 in-

524 1178 755 1246 duisset,
790 1180 844 1234 in
875 1193 1083 1251 pestem
1132 1184 1290 1255 longe
1337 1187 1668 1241 teterrimam
1730 1187 2102 1263 ineidit;cum

522 1271 669 1325 enim
717 1275 926 1343 sagitta:
987 1275 1215 1343 ferrum,
1261 1293 1372 1347 quo
1416 1276 1651 1351 Nessum
1700 1279 2101 1343 vulneraverat,

525 1360 716 1417 Lernae
747 1380 951 1421 veneno
976 1369 1202 1423 tinctum
1229 1379 1393 1437 esset,
1422 1372 1607 1425 tunica
1639 1386 1839 1440 corpus
1869 1371 1988 1439 ejus
2012 1386 2104 1424 ve-

522 1453 762 1509 hementi
794 1458 991 1512 ardore
1047 1461 1428 1529 populabatur.
1472 1462 1565 1517 ille
1629 1478 1759 1532 ergo
1814 1464 1863 1516 vi
1897 1460 2103 1517 doloris

523 1545 770 1612 adactus,
797 1565 945 1617 eum,
977 1553 1070 1621 qui
1101 1551 1373 1609 funestam
1412 1555 1476 1610 ad
1508 1570 1567 1610 se
1593 1564 1800 1609 vestem
1828 1554 2102 1616 attulerat,

520 1635 626 1706 5'7
657 1640 965 1709 interfecit,
996 1643 1248 1719 idemque
1291 1645 1642 1714 postmodum
1687 1644 1900 1720 oraculi
1945 1644 2105 1715 jussu

2216 744 2342 784 eum
2374 729 2656 785 medicina:
2695 738 2866 783 artem
2909 727 3180 796 praecipuo
3207 728 3443 797 quodam
3479 728 3661 785 studio
3689 748 3787 785 eo-

2214 819 2370 884 leret,
2402 825 2612 872 tantum
2636 824 2721 875 est
2748 817 2803 871 in
2824 832 2885 871 ea
2913 814 3089 872 laudis
3117 826 3170 871 et
3212 816 3397 887 gloriae
3434 827 3786 885 consecutus,

2214 918 2274 964 ut
2316 910 2584 980 plurimos
2626 909 2790 965 etiam
2819 949 2833 972 ,
2880 922 3111 978 quorum
3158 908 3438 978 deplorata
3474 911 3587 978 jam
3636 913 3786 969 salus

2206 1010 2362 1065 erat,
2412 1014 2607 1072 praeter
2646 1002 2889 1056 omnium
2937 1002 3392 1070 exspectationem
3428 1003 3786 1061 incolumitati

2212 1093 2503 1165 redderet:
2553 1094 2699 1164 quod
2747 1092 2958 1164 Jupiter
2990 1109 3114 1148 cum
3158 1095 3382 1150 moleste
3425 1093 3627 1160 ferret,
3658 1111 3784 1152 eum

2209 1181 2441 1239 fulmine
2472 1187 2638 1239 ictum
2683 1186 2794 1238 vita
2845 1184 3115 1254 spoliavit.
3166 1185 3359 1254 Apollo
3387 1202 3515 1242 vero
3563 1187 3785 1243 interitu

2209 1273 2302 1328 ﬁlii
2333 1274 2568 1343 graviter
2624 1284 2975 1339 commotus,
3036 1272 3299 1344 Cyclopas
3355 1273 3600 1332 fulminis
3642 1278 3788 1333 illius

2208 1368 2442 1423 artiﬁces
2477 1367 2790 1422 interemit:
2820 1380 3056 1436 quorum
3084 1367 3228 1422 caede
3259 1365 3472 1437 Jupiter
3496 1369 3787 1425 vehemen-

2208 1461 2317 1515 tius
2348 1470 2701 1529 exasperatus
2736 1459 3037 1528 Apollinem
3064 1459 3229 1528 jussit
3262 1461 3518 1515 humilem
3551 1478 3615 1516 ac
3660 1476 3785 1517 sor-

2207 1552 2388 1612 didam
2420 1552 2651 1606 Admeto
2683 1552 2798 1621 regi
2828 1566 3048 1621 operam
3088 1568 3309 1612 navare.
3345 1555 3589 1623 hancque
3626 1554 3694 1608 ab
3718 1568 3785 1609 eo

2209 1640 2493 1696 commissi
2544 1640 2806 1695 facinoris
2859 1656 3074 1710 poenam
3118 1644 3396 1711 expetivit.
3451 1645 3627 1713 Atque
3670 1643 3786 1700 haec

518 1731 688 1785 vitam
737 1733 993 1789 incendio
1027 1735 1358 1790 terminavit.
1403 1756 1422 1788 ι
1472 1738 1551 1793 Ac
1580 1739 1648 1792 de
1678 1734 1912 1791 Hercule
1942 1734 2107 1789 modo
2213 1732 2485 1788 Diodorus
2515 1731 2657 1787 libro
2686 1730 3033 1789 Bibliotheca:
3058 1743 3255 1804 quarto
3282 1744 3695 1792 commemorat.

587 1870 697 1925 Καὶ
720 1872 819 1944 τὴν
847 1871 1039 1942 λοιπὴν
1068 1872 1124 1925 δὲ
1152 1872 1428 1941 θεολογίαν
1457 1874 1620 1926 πάλιν
1645 1876 1672 1928 ὁ
1691 1873 1854 1937 αὐτὸς
1895 1875 1960 1926 ἐκ
1994 1871 2088 1925 τῶι

2279 1869 2427 1943 idem
2455 1877 2660 1936 autem,
2688 1868 2908 1933 Graecos
2937 1869 3201 1939 reliquam
3232 1871 3433 1939 pariter
3460 1887 3574 1928 suae
3625 1873 3782 1930 theo-

517 1962 690 2017 ἄλλων
719 1962 888 2017 ἐθνῶν
922 1954 1304 2035 μετειληφέναι
1336 1965 1469 2036 φησὶ
1496 1967 1622 2029 τοὺς
1649 1965 1936 2036 Ἕλληνας,
1959 1963 2099 2035 γρά-

517 2067 632 2120 φων
652 2050 711 2102 ὲν
734 2049 813 2121 τῷ
842 2051 1013 2122 τρίτῳ
1038 2052 1134 2121 τῆς
1165 2054 1335 2117 αὐτῆς
1376 2054 1660 2123 Ἱστορίας
1703 2054 1828 2108 τάδε
1849 2071 1863 2084 '
1897 2071 1916 2105 ι
1964 2055 2102 2119 Φασὶ

515 2141 694 2196 τοίνυν
725 2140 859 2216 (ὃϐῒ)
906 2139 1201 2194 Ἀτλάντιοι
1230 2143 1442 2212 πρῶτον
1468 2147 1596 2216 παρ’
1632 2144 1815 2207 αὐτοῖς
1849 2143 2099 2213 βασιλεῦ-

518 2250 609 2286 σαι
637 2233 901 2304 Οὐρανὸν,
936 2233 1125 2287 τούτου
1155 2234 1210 2288 δὲ
1237 2235 1488 2303 γενέσθαι
1514 2237 1711 2300 παῖδας
1738 2240 1802 2290 ἐκ
1838 2237 2098 2291 πλειόνων

515 2325 788 2403 γυναικῶν
813 2326 975 2379 πέντε
999 2327 1135 2398 πρὸς
1156 2330 1269 2390 τοῖς
1288 2328 1713 2399 τεσσαράκοντα,
1741 2322 1814 2382 ὧν
1835 2329 2100 2383 ὀκτωκαί-

511 2416 644 2495 δεκα
673 2417 920 2487 λέγουσιν
966 2418 1231 2489 ὑπάρχειν
1261 2420 1322 2471 ἐκ
1372 2420 1616 2485 Τεπαίας
1664 2421 1776 2492 (57)
1816 2422 2092 2491 γυναικὸς,

509 2494 578 2581 ἢν
628 2507 882 2580 σώφρονα
926 2511 1225 2581 γενομένην
1255 2512 1348 2565 καὶ
1376 2494 1604 2565 πολλῶν*
1633 2512 1854 2581 ἀγαθῶν
1889 2515 2092 2578 αἰτίαν,

508 2600 882 2672 ἀποθεωθῆναι
920 2602 1062 2673 μετὰ
1108 2602 1204 2674 τὴν
1228 2604 1506 2675 τελευτὴν,
1528 2606 1639 2675 Γῆν
1676 2607 2093 2677 μετονομασθεῖ-

509 2710 629 2748 σαν.
670 2693 930 2748 Γενέσθαι
958 2694 1014 2748 δὲ
1054 2695 1282 2767 Οὐρανῷ
1334 2697 1641 2769 θυγατέρας
1678 2697 1961 2752 Βασίλειαν
1997 2698 2093 2752 καὶ

519 2785 700 2863 Ῥέαν,
724 2787 825 2858 τὴν
858 2787 951 2842 καὶ
985 2786 1302 2858 Πανδώραν.
1341 2787 1453 2860 Τὴν
1485 2788 1543 2842 δὲ
1578 2788 1866 2843 Βασίλειαν
1896 2788 2092 2862 ἐκθρέ-

503 2877 681 2947 ψασαν
717 2880 844 2939 τοὺς
871 2878 1152 2948 ἀδελφοὺς,
1191 2881 1396 2950 μητρὸς
1426 2880 1637 2935 εὔνοιαν
1690 2882 2090 2953 παρεχομένην,

509 2969 722 3042 μητέρα
755 2970 868 3041 (58)
895 2970 1424 3043 προσαγορευθῆναι.
1459 2973 1724 3043 ’Ὕστερον
1744 2973 1800 3025 δὲ
1831 2972 1970 3043 μετὰ
1995 2972 2091 3044 τὴν

505 3061 599 3116 τοῦ
637 3062 882 3135 Οὐρανοῦ
928 3064 1186 3134 τελευτὴν
1227 3065 1625 3135 συνοικήσασαν
1685 3065 1962 3136 Ὑπερίονι
2015 3065 2092 3136 τῷ

503 3150 739 3222 ἀδελφῷ,
792 3154 1048 3223 γεννῆσαι
1101 3153 1195 3206 δύο
1246 3153 1462 3225 παῖδας,
1522 3152 1616 3216 οὒς
1669 3152 1763 3212 καὶ
1808 3153 2091 3223 ὠνόμασεν

2204 1958 2362 2028 logiae
2390 1958 2583 2012 silvam
2633 1957 2702 2012 ab
2730 1957 2933 2011 exteris
2973 1958 3287 2014 nationibus
3335 1969 3615 2015 mutuatos
3661 1977 3784 2018 esse

2203 2051 2437 2117 docens,
2471 2051 2652 2121 operis
2680 2051 2767 2107 sui
2797 2049 2956 2105 tertio
2993 2049 3067 2104 ita
3097 2050 3209 2107 fere
3239 2054 3430 2109 scribit
3457 2072 3471 2109 :
3515 2073 3534 2107 ι
3567 2054 3777 2108 Caelum

2200 2141 2430 2196 Atlantii
2476 2143 2714 2213 primum
2768 2142 2913 2213 apud
2946 2158 3005 2198 se
3052 2161 3311 2216 regnasse
3339 2146 3628 2211 dictitant,
3682 2147 3780 2216 qui

2200 2234 2403 2290 liberos
2432 2236 2673 2305 quinque
2702 2252 2867 2307 supra
2897 2237 3253 2309 quadraginta
3286 2254 3351 2292 ex
3376 2238 3624 2307 pluribus
3657 2253 3778 2291 mu-

2200 2328 2428 2394 lieribus
2461 2329 2785 2397 procrearit,
2811 2345 3047 2399 quorum
3080 2329 3378 2385 octodecim
3406 2328 3571 2384 Titaza
3605 2342 3776 2386 matre

2198 2427 2358 2476 natos
2389 2434 2510 2475 esse
2538 2419 2745 2474 volunt.
2777 2418 2930 2476 Hanc
2967 2436 3132 2485 vero,
3165 2420 3309 2489 quod
3342 2420 3603 2491 singulari
3633 2431 3774 2475 tem-

2194 2511 2457 2581 perantiae
2482 2510 2642 2566 laude
2670 2509 2966 2574 floruisset.
2994 2528 3058 2566 ac
3091 2513 3158 2567 de
3187 2512 3302 2566 suis
3332 2514 3536 2589 optime
3581 2511 3775 2565 merita

2194 2609 2361 2668 esset,
2385 2601 2720 2656 divinitatem
2752 2610 2874 2670 post
2893 2602 3099 2656 obitum
3125 2612 3495 2666 consecutam,
3524 2617 3771 2672 novoque

2194 2694 2416 2748 nomine
2451 2692 2677 2751 Terram
2715 2695 3035 2763 appellatam
3081 2694 3267 2749 fuisse.
3326 2694 3587 2749 Prmterea
3635 2694 3772 2751 (Σωιὶ

2194 2784 2335 2841 ﬁlias
2374 2782 2678 2857 Basileam,
2709 2781 3027 2853 Rheamque
3056 2784 3278 2838 laudant
3305 2826 3320 2847 ,
3363 2801 3484 2854 quze
3516 2784 3765 2839 Pundora

2193 2890 2412 2946 quoque
2462 2877 2797 2930 nominatur.
2848 2876 2928 2929 Ac
2984 2874 3248 2929 Basileam
3298 2875 3516 2943 quidem
3569 2877 3769 2945 aiunt,

2193 2967 2340 3035 quod
2370 2974 2616 3029 materna
2643 2965 2804 3037 plane
2834 2965 3209 3020 benevolentia
3241 2964 3435 3019 fratres
3460 2967 3767 3035 educasset,

2194 3065 2424 3111 matrem
2465 3071 2587 3112 esse
2616 3065 3023 3124 nuncupatam:
3051 3072 3285 3127 cumque
3327 3056 3479 3111 leo
3504 3058 3616 3125 jam
3660 3058 3768 3112 vita

2194 3145 2385 3203 functo
2412 3162 2535 3201 cum
2573 3144 2878 3215 Hyperione
2906 3146 3069 3200 fratre
3095 3146 3502 3198 matrimonium
3537 3145 3763 3211 iniisset,

506 3212 703 3298 Ἥλιον·
727 3212 819 3297 καί
840 3212 1096 3316 Σελῆνην.
1123 3245 1262 3308 Τοὺς
1294 3224 1349 3298 δὲ
1377 3212 1639 3313 ἀδελφούς
1660 3244 1759 3314 τῆς
1804 3212 1959 3309 Ῥέας
1991 3261 2088 3313 φο-

2192 3218 2392 3294 liberos
2418 3239 2672 3307 genuisse
2693 3237 2852 3302 duos,
2882 3252 3116 3307 quorum
3144 3237 3372 3291 alterum
3405 3237 3608 3302 Solem,
3635 3237 3769 3292 alte-

503 3336 796 3409 6ηθέντας,
849 3336 941 3389 τὸν
990 3337 1089 3407 μὲν
1149 3337 1440 3409 Ὑπερίονα
1495 3337 1860 3407 κατασφάξαι,
1909 3337 2001 3392 τὸν
2031 3337 2088 3390 δὲ

504 3429 692 3482 ’Ἥλιον
720 3431 801 3492 είς
828 3429 920 3482 τὸν
959 3429 1242 3500 Ἠριδανὸν
1270 3426 1512 3500 ποταμὸν
1537 3429 1830 3494 ἁποπνίξαι
1851 3446 1867 3460 ο
1902 3429 2000 3500 τὴν
2031 3427 2087 3482 δέ

502 3521 739 3592 Σελήνην
767 3519 940 3574 ταῦτα
969 3519 1267 3590 μαθοῦσαν,
1290 3520 1398 3575 ἀπὸ
1427 3519 1653 3588 στέγους
1674 3521 1873 3591 ἑαυτὴν
1905 3520 2083 3592 ῥίψαι.

502 3611 613 3684 Τὴν
645 3611 703 3665 δὲ
729 3610 954 3682 ίμητέρα
996 3609 1217 3681 ἐμμανῆ
1267 3607 1567 3679 γενομένην
1592 3607 1897 3679 πλανᾶσθαι
1948 3608 2086 3663 κατὰ

502 3700 609 3774 τὴν
633 3699 839 3772 χώραν,
873 3700 1173 3771 λελυμένην
1205 3699 1303 3772 μὲν
1323 3699 1421 3763 τὰς
1436 3698 1650 3772 τρίχας,
1668 3699 1755 3777 διὰ
1789 3700 2084 3770 τυμπάνων

497 3792 558 3845 δὲ
590 3792 686 3845 καὶ
716 3791 1010 3863 κυμϐάλων
1033 3789 1392 3855 ἐνθεάζουσαν
1411 3831 1425 3856 ,
1469 3791 1563 3843 καὶ
1591 3788 1727 3855 ὅλως
1775 3789 1957 3860 ἀφανῆ
1989 3790 2084 3842 καὶ⁵

500 3880 668 3952 αὐτὴν
698 3880 969 3950 γενέσθαι.
1002 3880 1141 3944 Τοὺς
1165 3880 1222 3933 δὲ
1256 3878 1444 3950 ὄχλους
1473 3878 1859 3949 θαυμάσαντας
1875 3878 1971 3949 τὴν
1995 3896 2084 3932 πε-

502 3971 799 4046 ριπέτειαν,
830 3972 920 4025 τὸν
951 3972 1051 4043 μὲν
1076 3970 1260 4024 Ἥλιον
1294 3971 1389 4025 καὶ
1420 3969 1519 4043 τὴν
1553 3971 1791 4042 Σελήνην
1843 3987 2083 4041 μεταγα-

498 4066 613 4135 γεῖν
646 4063 739 4118 ἐπὶ
771 4063 837 4117 τὰ
859 4064 980 4117 κατ’
1012 4063 1251 4136 Οὐρανὸν
1267 4064 1473 4134 ἄστρα⁹
1506 4063 1605 4134 τήν
1627 4079 1690 4114 τε
1725 4062 1938 4133 μητέρα
1958 4061 2082 4115 τού-

497 4142 638 4221 των,
688 4155 809 4210 θεόν
852 4172 912 4208 τε
940 4155 1179 4227 νομίσαι,
1209 4155 1303 4208 καὶ
1358 4154 1578 4224 βωμοὺς
1616 4153 1952 4224 ἱδρύσασθαι,
1986 4153 2081 4206 καὶ

497 4249 618 4311 ταῖς
654 4246 743 4301 διὰ
781 4247 1077 4318 τυμπάνων
1123 4245 1215 4300 καὶ
1261 4243 1555 4317 κυμϐάλων
1592 4243 1891 4316 ἐνεργείαις
1917 4243 2079 4313 τιμῆ-

503 4353 618 4396 σαι.

574 4640 593 4673 ι
630 4621 838 4694 Φρύγες
867 4620 925 4675 δέ
969 4636 1100 4690 φασι
1135 4619 1328 4691 Μηὸνα
1366 4614 1758 4687 βασιλεύσαντα
1797 4599 1897 4682 τῆς
1930 4611 2073 4687 Φρυτ

498 4716 642 4785 γίας,
665 4712 832 4768 παῖδα
846 4710 1095 4784 Κυϐέλην
1107 4708 1429 4782 κτήσασθαι,
1452 4708 1518 4778 ῆν
1539 4706 1632 4760 καὶ
1657 4704 1895 4777 σύριγγα
1920 4701 2074 4774 πρώ-

493 4825 595 4879 την
612 4806 814 4874 εὑρεῖν,
841 4802 1108 4875 κληθῆναί
1139 4819 1198 4855 τε
1222 4800 1433 4874 Ὀρείαν
1470 4795 1703 4869 μητέραε
1722 4795 1988 4865 Μαρσύαν
2017 4793 2073 4848 δὲ

493 4896 586 4950 τὸν
616 4895 805 4969 Φρύγα
831 4893 968 4966 πρὸς
990 4892 1195 4962 ταύτην
1228 4889 1407 4961 φιλίαν
1435 4887 1626 4959 ἔχοντα
1650 4926 1664 4951 ,
1720 4884 1936 4957 πρῶτον
1977 4884 2073 4937 αὐ-

493 4988 620 5052 λοὺς
670 4984 1072 5058 συστήσασθαι·
1134 4981 1437 5038 διατελέσαι
1490 4979 1545 5033 δὲ
1606 4977 1769 5050 μέχρι
1814 4976 2072 5047 τελευτῆς

493 5078 790 5153 ἀπείρατον
822 5078 1169 5150 ἀφροδισίων.
1201 5074 1311 5150 Τὴν
1341 5074 1398 5127 δὲ
1426 5070 1676 5139 Κυϐέλην
1712 5068 2071 5123 συνελθοῦσαν

492 5176 576 5239 εις
602 5171 818 5244 ὁμιλίαν
843 5169 1072 5236 Ἀττιδι,
1103 5167 1356 5239 γενέσθαι
1381 5164 1679 5236 ἐγκύμονα.
1697 5154 1772 5218 Οὗ
1804 5159 2072 5231 γνωσθέν-

492 5283 606 5331 τος,
650 5268 681 5320 ὁ
713 5264 916 5337 ταύτης
945 5262 1128 5334 πατὴρ
1197 5261 1288 5315 τὴν
1322 5261 1506 5327 Ἀττιν
1555 5258 1790 5329 ἀναιρεῖ,
1840 5254 1935 5309 καὶ⁵
1969 5253 2069 5325 τὰς

492 5354 754 5427 τροφούς*
780 5355 879 5431 τὴν
900 5355 957 5410 δὲ
984 5344 1235 5425 Κυϐέλην
1256 5351 1474 5423 ἐμμανῆ
1501 5348 1821 5420 γενομένην,
1849 5346 1944 5401 ἐπὶ
1973 5343 2072 5418 τὴν

492 5447 678 5521 χώραν
698 5448 1026 5521 ἐκπηδῆσαι,
1058 5445 1236 5501 ἐκεῖσέ
1264 5461 1323 5496 τε
1346 5440 1701 5508 ὀλολύζουσαν
1736 5438 1831 5493 καὶ
1857 5455 2073 5510 τυμπα-

496 5539 745 5607 νίζουσαν
774 5539 1054 5594 διατελεῖν.
1080 5540 1324 5592 Συνεῖναι
1349 5537 1406 5590 δὲ
1422 5536 1559 5606 αὐτῇ
1588 5535 1874 5607 Μαρσύαν,
1906 5531 1965 5585 ὃν
1992 5533 2071 5594 είς

565 5675 705 5748 (56‘)
745 5673 899 5748 Φασὶ
924 5673 1152 5748 τοίνυν.
1186 5669 1411 5748 ρίοόρζ.
1451 5666 1549 5723 lib.
1572 5682 1654 5731 ιιι,
1693 5682 1748 5736 p.
1778 5662 1881 5720 189
1909 5662 1973 5728 D,
2001 5678 2066 5717 ex

494 5738 606 5817 quo
626 5738 895 5817 nonnulla
921 5744 1150 5817 strictim
1185 5738 1476 5817 Fiusebius.

721 5814 990 5888 Τεπαίαςο.
1030 5809 1426 5888 Lege'l‘tuietg
1444 5826 1564 5888 curn
1597 5804 1853 5888 Diodoro,
1883 5819 1936 5872 p.

496 5871 686 5955 B,‘ub'i
712 5887 872 5940 etiam
906 5871 1002 5948 ait,
1032 5871 1329 5938 octodecim
1354 5878 1475 5930 illos
1508 5878 1688 5930 'l‘naea:
1716 5871 1915 5930 liberos
1950 5872 2058 5926 ἀπὸ

2191 3348 2306 3386 ram
2340 3329 2550 3386 Lunam
2580 3331 2792 3386 vocarit
2821 3349 2834 3385 :
2895 3330 3057 3385 Rheze
3114 3346 3243 3384 vero
3268 3328 3483 3395 fratres,
3519 3330 3663 3398 quod
3697 3330 3767 3384 ab

2190 3422 2257 3497 iis
2289 3422 2391 3477 sibi
2427 3429 2753 3489 metuerent,
2782 3420 3145 3493 Hyperionem
3175 3421 3410 3490 primum
3438 3420 3721 3497 jugulasse
3746 3463 3762 3487 ,

2188 3513 2383 3568 deinde
2423 3513 2605 3569 Solem
2646 3512 2869 3568 Eridani
2919 3512 3161 3568 fluminis
3192 3513 3350 3582 aquis
3398 3513 3762 3582 praefocasse;

2187 3604 2395 3678 Lunam
2448 3617 2671 3673 autem,
2719 3613 2941 3675 accepto
2989 3607 3121 3661 dirae
3150 3605 3476 3661 calamitatis
3525 3606 3761 3672 nuntio,

2185 3712 2306 3755 sese
2336 3698 2403 3754 de
2453 3713 2670 3753 summo
2703 3706 2844 3752 tecto
2876 3695 3205 3767 praecipitem
3240 3697 3491 3751 dedisse:
3530 3706 3757 3751 matrem

2184 3790 2421 3861 denique
2452 3788 2638 3844 furore
2667 3796 2866 3853 actam,
2896 3788 3103 3856 sparsis
3134 3772 3386 3842 crinibus
3412 3829 3427 3853 ,
3461 3788 3760 3858 tympanis-

2184 3898 2291 3954 que
2314 3899 2379 3938 ac
2407 3882 2671 3954 cymbalis
2698 3881 2934 3936 alllatnm
2959 3881 3201 3936 numinis
3226 3891 3278 3935 et
3302 3881 3558 3950 impetum
3585 3889 3740 3937 osten

2181 3975 2435 4040 dentem,
2476 3983 2644 4030 totam
2678 3975 2882 4043 passim
2913 3974 3191 4043 regionem
3225 3973 3509 4028 oberrasse
3535 4013 3548 4035 ,
3584 3972 3759 4028 donec

2177 4054 2303 4135 ipsa
2348 4080 2569 4136 quoque
2593 4066 2838 4121 omnium
2873 4081 2939 4119 ex
2988 4065 3163 4121 oculis
3192 4065 3525 4135 evanuisset,
3571 4065 3760 4135 Itaque

2182 4155 2589 4211 multitudinem
2621 4154 2787 4224 hujus
2830 4154 3067 4209 nevitate
3092 4168 3253 4208 casus
3281 4151 3608 4216 attonitam,
3656 4150 3757 4206 So-

2180 4247 2285 4301 lem
2314 4255 2478 4317 atque
2527 4244 2738 4299 Lunam
2770 4245 2823 4299 in
2853 4244 3065 4315 gemina
3116 4243 3240 4297 caeli
3289 4241 3465 4296 sidera
3513 4250 3756 4296 transtu—

2180 4338 2350 4403 lisse,
2397 4338 2685 4407 utriusque
2727 4351 2854 4392 vero
2906 4344 3137 4389 matrem
3182 4333 3295 4387 dea:
3348 4333 3466 4387 loco
3514 4333 3753 4388 habitam

2178 4430 2374 4497 erectis
2422 4430 2725 4494 altaribus,
2777 4437 2831 4485 et
2879 4436 3140 4498 usurpato
3177 4425 3342 4483 simili
3373 4436 3753 4498 tympanorum

2181 4520 2663 4591 cymbalorumque
2692 4520 2897 4591 crepitu
2941 4518 3196 4574 coluisse.

2256 4613 2366 4684 58
2396 4633 2415 4664 ε
2451 4613 2523 4667 At
2558 4628 2687 4666 vero
2715 4612 2953 4684 Phryges
2986 4610 3229 4666 Meoncm
3269 4611 3558 4681 quemdam
3602 4608 3754 4665 aiunt

2182 4708 2433 4779 Phrygia:
2472 4722 2654 4778 regem
2702 4706 2868 4761 ﬁliam
2914 4704 3166 4759 habuisse
3209 4705 3427 4758 nomine
3455 4703 3705 4775 Cybelem
3730 4742 3748 4769 ,

2180 4814 2303 4870 quae
2340 4799 2514 4868 prima
2549 4797 2784 4852 listulam
2833 4795 3133 4859 invenerit,
3184 4803 3238 4847 et
3280 4794 3532 4848 Montana
3583 4792 3752 4847 Mater

2177 4890 2447 4960 appellata
2475 4888 2677 4944 fuerit:
2709 4887 2974 4960 Marsyam
3022 4897 3199 4940 autem
3243 4886 3415 4956 patria
3458 4883 3749 4955 Phrygem,

2178 4998 2303 5038 cum
2332 4984 2437 5052 ipsi
2463 4981 2750 5057 familiaris
2777 4990 2941 5047 esset,
2973 4980 3134 5034 tibias
3162 4976 3519 5041 conﬂnvisse;
3548 4985 3597 5030 et
3625 4989 3748 5030 cor-

2176 5075 2330 5145 poris
2374 5074 2737 5145 integritatem
2782 5089 2812 5127 a
2847 5072 3010 5127 rebus
3057 5070 3301 5126 venereis
3346 5069 3642 5122 immunem
3682 5082 3752 5125 ac

2175 5167 2401 5223 liberam
2445 5165 2511 5221 ad
2545 5167 2753 5221 obitum
2788 5180 2962 5236 usque
2986 5178 3251 5219 servasse.
3276 5147 3492 5214 Addunt
3524 5169 3747 5230 praeter-

2175 5272 2239 5314 ea
2270 5257 2496 5331 Cybeles
2524 5256 2777 5322 Patrem,
2808 5272 2931 5311 cum
2965 5269 3086 5309 eam
3114 5270 3176 5308 ex
3205 5252 3403 5307 Attidis
3449 5259 3746 5307 consuetu~

2177 5353 2304 5409 dine
2348 5358 2562 5404 uterum
2611 5356 2824 5419 gestare
2867 5345 3261 5415 comperisset,
3306 5344 3373 5399 de
3407 5343 3585 5397 medio
3634 5355 3741 5395 non

2176 5441 2326 5495 Attin
2360 5438 2543 5501 modo,
2577 5437 2670 5491 sed
2712 5437 2858 5505 ipsas
2884 5448 3100 5505 quoque
3130 5435 3366 5490 nutrices
3412 5432 3738 5487 sustulisse:

2178 5529 2270 5601 qui
2299 5526 2657 5582 adolescentis
2682 5526 2933 5579 interitus
2954 5539 3019 5578 eo
3039 5523 3267 5594 Cybeles
3288 5523 3529 5577 animum
3558 5521 3742 5575 furore.

2170 5665 2267 5736 τῆς
2294 5665 2497 5736 μητρὸς
2528 5661 3161 5736 ὀνομάζεσθαι-Τιτᾶνας.
3185 5656 3317 5736 Quae
3346 5658 3551 5736 notatio
3575 5668 3737 5726 quam

2169 5726 2316 5790 recta
2347 5726 2438 5799 sit,
2476 5726 2775 5805 inytli'ologi
2813 5730 3066 5787 viderint.
3098 5727 3233 5782 Vide
3257 5744 3313 5803 p.
3340 5726 3444 5781 192
3468 5727 3535 5792 A,
3572 5738 3695 5794 pen.

2238 5825 2350 5905 (58)
2386 5825 2644 5894 Μητέρα.
2687 5823 2931 5892 [δίοιῖοτη
2966 5818 3209 5894 μεγάλην
3241 5810 3470 5893 μητέρα.
