4154 6422
435 398 542 453 1ιό

1072 394 1345 452 EUSEBII
1383 392 1869 451 CAESARIENSIS
1914 393 2064 451 OPP.
2114 394 2296 451 PARS
2335 392 2399 450 ll.
2426 424 2496 438 -—
2535 391 3040 449 APOLOGETICA.

432 513 748 581 concitavit,
778 522 840 569 ut
865 528 963 584 per
1003 513 1314 569 universam
1350 514 1622 584 regionem
1650 529 1774 569 cum
1825 514 2004 569 nlula.

2109 514 2341 582 ἅμιλλαν
2368 515 2496 585 περὶ
2526 512 2790 582 μουσικῆς
2828 510 3049 565 ἰλθόντα
3091 509 3168 581 τῷ
3208 510 3501 564 Ἀπόλλωνι
3521 550 3536 569 .
3591 512 3686 563 καὶ

434 606 604 669 tibus,
635 619 699 660 ac
726 615 1105 675 tympanorum
1140 607 1320 659 sonitu
1355 614 1614 674 perpetuo
1648 605 2002 661 discursant.

434 698 607 757 Porro
634 696 906 769 Marsyam
936 706 1052 751 tum
1098 698 1316 769 quidem
1352 707 1409 751 ut
1456 697 1752 767 plurimum
1781 712 1908 752 cum
1942 713 2006 752 ea

436 794 712 842 versatum
741 800 886 850 esse,
915 794 1104 856 postea
1131 798 1258 840 vero
1288 785 1358 839 ab
1392 784 1639 854 Apolline
1664 826 1680 852 ,
1716 785 1810 856 qui
1838 786 2008 840 victo-

436 878 574 932 riam
601 890 670 931 ex
701 876 916 932 musico
957 874 1258 931 certamine
1304 890 1429 929 cum
1470 875 1663 930 eodem
1712 876 2008 932 commisso

435 967 736 1034 retulerat,
767 976 944 1023 cutem
992 966 1096 1036 ipsi
1146 965 1273 1021 vivo
1319 981 1385 1021 ac
1434 967 1659 1037 spiranti
1707 967 2008 1024 detractam

433 1058 622 1114 fuisse.
649 1056 853 1112 Deinde
873 1055 1177 1126 Apollinem
1197 1053 1428 1126 Cybeles
1448 1069 1636 1110 amore
1663 1054 2002 1125 flagrantem,

429 1162 683 1203 errorum
713 1147 763 1202 ei
794 1162 916 1202 sese
947 1147 1016 1201 ad
1047 1144 1427 1217 Hyperboreos
1454 1161 1627 1217 usque
1658 1146 1913 1201 comitem
1945 1162 2010 1202 ac

431 1237 643 1293 socium
673 1238 994 1307 praebuisse,
1029 1236 1338 1306 Attidisque
1363 1237 1595 1293 cadaver
1626 1237 1864 1307 sepeliri,
1897 1238 2008 1310 Cy-

432 1331 714 1401 belemque
744 1330 915 1400 ipsam
948 1344 1050 1399 pro
1080 1330 1179 1385 dea
1214 1330 1318 1386 coli
1358 1330 1592 1400 jussisse
1620 1350 1633 1385 :
1677 1346 1799 1401 qua:
1842 1346 2009 1387 causa

430 1422 522 1486 sit,
554 1421 911 1491 quamobrem
933 1419 1176 1492 Phryges
1200 1422 1501 1477 etiamnum
1528 1421 1674 1477 hunc
1702 1436 1910 1477 morem
1933 1423 2008 1477 ita

430 1514 722 1579 retineant,
754 1524 814 1568 ut
845 1513 1210 1569 adolescentis
1237 1514 1515 1568 interitum
1544 1513 1804 1584 lacrymis
1832 1513 2010 1570 luctu-

428 1619 538 1675 que
568 1615 1013 1676 prosequantur,
1059 1620 1297 1675 eumque
1346 1620 1470 1660 cum
1520 1605 1718 1675 Cybele
1756 1614 1869 1660 tum
1914 1620 2011 1661 ex-

429 1697 653 1753 structis
682 1698 815 1763 aris,
844 1706 957 1751 tum
983 1698 1320 1752 solemnibus
1339 1696 1625 1752 sacriﬁciis
1655 1705 2004 1753 venerentur.

428 1789 784 1858 Quinetiam
818 1790 887 1846 ab
936 1790 1127 1844 iisdem
1174 1790 1524 1862 postmodum
1576 1789 1631 1844 in
1681 1789 2009 1847 Pessinunte

2108 603 2437 674 ἡττηθέντα,
2477 601 2655 666 ζῶντα
2691 602 2796 654 ὐπὸ
2826 601 2921 654 τοῦ
2968 602 3299 665 ’Λπόλλωνος
3368 600 3682 672 ἐκδαρῆναι.

2110 694 2213 746 Τὸν
2237 692 2295 747 δὲ
2338 692 2669 759 Ἀπόλλωνα,
2693 692 2992 763 ἐρασθέντα
3019 692 3117 762 τῆς
3138 692 3406 763 Κυϐέλης,
3438 692 3686 762 συμπλα-

2109 784 2338 856 νηθῆναι
2368 785 2479 854 (59)
2499 785 2636 855 αὐτῇ
2664 784 2827 855 μέχρι
2848 783 2954 837 τῶν
2990 782 3392 854 Ὑπερϐορέων,
3429 782 3685 836 κελεῦσαί

2108 891 2169 928 τε
2197 873 2366 944 θάψαι
2391 872 2454 927 τὸ
2479 872 2722 936 ¹Ἄττιδος
2760 872 2920 944 σῶμα
2938 912 2953 937 ,
2990 873 3084 926 καὶ
3112 874 3277 943 τιμᾷν
3304 872 3379 936 ώς
3437 870 3558 924 Θεὸν
3587 872 3687 944 τὴν

2112 965 2381 1038 Κυϐέλην.
2415 966 2617 1037 Διόπερ
2670 965 2836 1018 εἰσέτι
2890 966 2985 1017 καὶ
3019 966 3258 1035 σήμερον
3299 965 3425 1027 τοὺς
3469 964 3689 1035 Φρύγας

2108 1058 2266 1112 τοῦτο
2289 1059 2485 1123 ποιεῖν,
2520 1057 2852 1128 θρηνοῦντας
2873 1055 2965 1111 τοῦ
2997 1057 3283 1128 μειρακίου
3315 1056 3407 1110 τὸν
3431 1055 3685 1121 θάνατον,

2113 1151 2329 1222 βωμούς
2354 1167 2412 1204 τε
2444 1149 2857 1221 ἱδρυσαμένους,
2892 1146 3106 1211 θυσίαις
3136 1149 3324 1201 ’Ἄττιν
3369 1164 3428 1200 τε
3465 1149 3559 1201 καὶ
3590 1147 3688 1219 τὴν

2112 1242 2361 1314 Κυϐέλην
2386 1244 2571 1313 τιμᾷν.
2601 1241 2867 1310 ’Υστερον
2890 1238 3036 1293 δὲ’έν
3060 1238 3375 1292 Πεσινοῦντι
3418 1238 3517 1308 τῆς
3545 1238 3688 1310 Φρυ-

2111 1336 2234 1405 γίας
2277 1332 2690 1388 κατασκευάσαι
2737 1331 2863 1384 ναὸν
2912 1328 3198 1399 πολυτελῆ,
3234 1329 3327 1382 καὶ
3378 1328 3544 1399 τιμὰς
3595 1329 3690 1382 καὶ

2111 1426 2302 1489 θυσίας
2326 1423 2638 1488 καταδεῖξαι
2674 1420 3285 1493 μεγαλοπρεπεστάτας.
3315 1420 3468 1473 Μετὰ
3495 1418 3553 1472 δὲ
3590 1419 3691 1491 τὴν

2121 1516 2435 1588 Ὑπερίονος
2474 1514 2733 1583 τελευτὴν
2754 1513 2881 1577 τοὺς
2905 1509 3149 1581 Οὐρανοῦ
3181 1510 3373 1573 παῖδας
3418 1508 3690 1564 διελέσθαι

2107 1608 2208 1677 τὴν
2227 1604 2520 1676 βασιλείαν,
2539 1598 2614 1657 ὧν
2633 1603 2898 1673 ὑπάρχειν
2928 1601 3388 1668 ἐπιφανεστάτους
3422 1598 3692 1655 Ἄτλαντα

2111 1698 2203 1749 καὶ
2224 1697 2449 1767 Κρόνον.
2468 1694 2667 1748 Τοῦτον
2689 1693 2746 1747 δὲ
2773 1694 2864 1746 τὸν
2894 1690 3165 1744 Ἄτλαντα
3187 1689 3372 1742 λαϐεῖν
3393 1690 3519 1754 τούς
3540 1689 3690 1760 παρὰ

2107 1784 2198 1839 τὸν
2236 1782 2735 1865 Ὠκεανδντόπους,
2771 1780 3062 1851 γενόμενον
3080 1779 3405 1848 ἀστρολόγον
3433 1780 3687 1851 ἄριστον·

428 1879 679 1954 Ριιτηίω
701 1880 901 1953 oppido
932 1882 1225 1955 superbum
1274 1897 1339 1938 ac
1370 1882 1720 1952 magniﬁcum
1752 1882 1829 1938 illi
1860 1892 2005 1938 tem-

2109 1875 2347 1949 ὑπάρξαι
2370 1876 2427 1930 δὲ
2452 1874 2599 1945 αὐτῷ
2644 1874 2739 1927 καὶ
2763 1871 3068 1943 θυγατέρας
3094 1870 3253 1934 ἑπτὰ,
3288 1870 3386 1935 τὰς
3424 1870 3693 1942 καλουμέ-

430 1975 581 2043 plum
625 1974 922 2030 excitatum
948 2015 963 2041 ,
1013 1976 1066 2031 in
1122 1991 1296 2045 eoque
1342 1976 1610 2032 sacriﬁcia
1660 1976 2006 2048 honoresque

430 2064 648 2120 divinos
678 2065 918 2119 maximo
945 2065 1498 2138 splendidissimoque
1533 2075 1796 2138 apparatu
1844 2067 2004 2124 insti-

436 2163 587 2211 tutos
612 2153 801 2211 fuisse.
822 2154 942 2210 Jam
967 2171 1096 2211 vero
1124 2156 1259 2212 Coeli
1292 2155 1433 2212 ﬁlios
1466 2156 1772 2231 Hyperione
1791 2158 2007 2214 sublato

434 2260 663 2314 regnum
696 2245 839 2301 inter
868 2261 987 2302 sese
1015 2245 1269 2302 divisisse
1291 2287 1308 2314 ,
1342 2260 1578 2315 quorum
1616 2246 1777 2318 longe
1818 2247 2009 2303 claris-

433 2336 561 2393 simi
589 2336 744 2392 Atlas
777 2345 832 2392 et
882 2335 1153 2394 Saturnus
1186 2338 1480 2394 evaserint.
1527 2338 1704 2409 Atque
1734 2337 2007 2391 Atlantem

431 2429 655 2497 quidem
682 2429 864 2485 vicina
894 2428 1112 2485 Oceano
1143 2430 1266 2485 loca
1310 2431 1586 2496 tenuisse,
1618 2444 1743 2484 rara
1771 2428 2008 2499 quadam

430 2520 741 2590 astrologiae
770 2521 1082 2592 cognitione
1110 2529 1481 2592 praestantem.
1520 2519 1677 2578 Hunc
1706 2530 1914 2592 septem
1945 2520 2010 2575 ll-

432 2612 538 2668 lias
571 2611 833 2667 habuisse
858 2611 1081 2666 nomine
1111 2610 1440 2677 Atlantidas,
1473 2628 1597 2684 quae
1625 2628 1693 2667 ex
1725 2611 2013 2683 primario-

432 2718 557 2758 rum
582 2702 906 2774 eximia'que
949 2686 1422 2758 indolis'deorum
1459 2701 1754 2758 concubitu
1785 2701 2010 2774 amplis-

432 2794 559 2852 simi
581 2794 798 2867 generis
819 2794 997 2865 capita
1024 2794 1300 2865 ducesque
1328 2792 1551 2860 fuerint,
1582 2793 1851 2864 susceptis
1870 2793 2012 2864 ejus-

435 2887 584 2945 modi
642 2885 830 2943 liberis
858 2927 873 2952 ,
923 2899 1065 2956 quos
1114 2895 1338 2956 propter
1387 2885 1638 2940 virtutem
1688 2886 1744 2941 in
1779 2887 2009 2941 deorum

431 2976 773 3049 hcroumque
801 2991 1032 3032 numero
1060 2984 1247 3047 postea
1275 2985 1629 3031 censuerunt.
1651 2976 1852 3033 Earum
1879 2990 2008 3031 vero

430 3079 563 3125 natu
605 3069 900 3127 maximam
929 3108 946 3135 ,
972 3082 1095 3139 qua:
1122 3065 1263 3123 Maia
1309 3068 1607 3123 vocabatur
1630 3109 1646 3134 ,
1676 3066 2007 3124 Mercurium

428 3159 550 3218 Jovi
587 3161 881 3232 peperisse.
927 3160 999 3216 At
1048 3159 1347 3220 Saturnum
1395 3175 1505 3215 non
1549 3161 1732 3215 minus
1777 3161 2006 3217 avaritia

429 3268 597 3325 quam
624 3252 845 3309 libidine
880 3253 1408 3323 intemperantiaque
1442 3250 1710 3308 famosum
1741 3292 1757 3318 ,
1796 3250 2005 3308 Rheam

430 3358 680 3401 sororem
716 3359 902 3400 secum
934 3343 1284 3399 matrimonio
1316 3343 1693 3414 conjunxisse,
1724 3357 1792 3398 ex
1833 3359 2008 3414 eaque

426 3433 620 3491 Jovem
650 3435 981 3507 suscepisse.
1008 3434 1074 3489 Et
1099 3433 1265 3490 alium
1285 3434 1504 3504 quidem
1529 3435 1641 3505 jam
1668 3444 1794 3491 ante
1819 3433 2004 3493 Jovem

429 3526 728 3594 exstitisse,
761 3527 855 3596 qui
876 3526 1006 3583 Coeli
1033 3525 1201 3582 frater
1226 3540 1351 3581 cum
1374 3534 1518 3581 esset
1540 3527 1594 3580 in
1619 3525 1778 3581 Creta
1810 3542 2008 3599 regna-

428 3627 625 3685 Verat,
652 3634 815 3688 quem
849 3628 1028 3674 tamen
1074 3619 1348 3690 posterior
1398 3618 1487 3674 hic
1518 3619 1680 3692 longo
1726 3620 2006 3692 dignitatis

429 3722 487 3766 et
530 3711 719 3782 gloriae
761 3710 1031 3782 superarit
1078 3710 1382 3766 intervallo.
1438 3708 1647 3783 Quippe
1671 3711 1817 3768 hunc
1856 3715 2002 3767 enim

431 3802 553 3857 orbi
585 3811 854 3858 terrarum
885 3803 1139 3858 universo
1171 3803 1501 3873 imperasse,
1550 3821 1673 3860 cum
1720 3806 1868 3878 prior
1916 3808 2007 3862 ille

429 3894 537 3951 soli
565 3894 742 3949 Creta!
770 3893 1084 3949 dominatus
1109 3904 1293 3960 esset,
1324 3895 1417 3949 ubi
1448 3896 1631 3950 decem
1664 3898 1807 3953 lilios
1836 3896 2007 3954 Cure-

432 3997 515 4047 tas
557 3985 779 4040 nomine
823 3986 1168 4056 procrearit;
1214 3986 1371 4055 cujus
1399 3988 1561 4042 etiam
1613 3989 1792 4045 adhuc
1819 3991 2004 4063 sepul-

429 4078 623 4133 chrum
656 4079 711 4132 in
740 4078 904 4134 Creta
929 4080 1139 4135 ostendi
1172 4077 1315 4136 fama
1341 4088 1443 4139 est.
1469 4080 1578 4155 59
1607 4081 1780 4138 Porro
1813 4082 2007 4140 Satur-

430 4186 562 4242 num
590 4168 856 4235 Siciliam,
905 4168 1131 4243 Libyam
1156 4182 1210 4226 et
1238 4170 1443 4227 Italiam
1474 4174 1703 4243 imperio
1730 4175 2002 4243 tenuisse,

427 4261 588 4329 Cujus
632 4259 777 4315 ﬁlius
803 4257 1014 4330 Jupiter
1044 4263 1169 4317 vita:
1214 4264 1482 4319 rationem
1536 4265 1722 4320 inierit
1764 4274 2004 4337 paternae

427 4353 657 4407 omnino
719 4356 1069 4408 contrariam.
1135 4352 1294 4412 Hunc
1346 4355 1439 4411 alii
1495 4372 1721 4426 regnum
1783 4359 2006 4413 cedente

430 4444 578 4498 ultro
612 4450 767 4513 patre
794 4445 1099 4513 capessisse
1135 4445 1366 4513 volunt,
1407 4446 1502 4501 alii
1531 4462 1802 4503 consensu
1826 4464 2002 4520 popu-

2107 1988 2201 2034 νας
2243 1969 2602 2031 Ἀτλαντίδας.
2635 1967 2852 2030 Ταύτας
2876 1966 2933 2019 δὲ
2963 1964 3214 2035 μιγείσας
3242 1967 3357 2028 τοῖς
3387 1964 3692 2033 εὐφυεστά-

2107 2080 2219 2127 τοις
2241 2062 2403 2128 θεοῖς,
2421 2063 2697 2134 ἀρχηγοὺς
2714 2058 3051 2129 καταστῆναι
3074 2056 3169 2110 τοῦ
3191 2056 3446 2111 πλείστου
3474 2058 3687 2127 γένους,

2110 2155 2371 2218 τεκούσας
2397 2155 2464 2207 δι’
2487 2154 2690 2226 ἀρετὴν
2716 2153 2872 2217 θεοὺς
2904 2154 2996 2205 καὶ
3026 2155 3236 2229 ἥρωας.
3262 2147 3362 2204 Ὧν
3408 2152 3507 2223 τὴν
3550 2165 3690 2223 πρε-

2113 2244 2383 2315 σϐυτάτην
2401 2244 2579 2297 Μαῖαν
2604 2246 2688 2296 Διὶ
2719 2249 2991 2315 μιγεῖσαν,
3018 2243 3403 2312 τεκνοποιῆσαι
3428 2242 3520 2295 τὸν
3565 2243 3689 2315 Ἐρ-

2116 2335 2244 2407 μῆν.
2282 2336 2384 2388 Τὸν
2401 2334 2457 2389 δὲ
2477 2335 2703 2407 Κρόνον,
2724 2336 3047 2410 διαφέροντα
3085 2335 3367 2406 πλεονεξίᾳ
3399 2336 3493 2389 καὶ
3528 2333 3690 2389 ἀσελ-

2109 2426 2254 2497 γείᾳ,
2292 2425 2469 2496 γῆμαι
2502 2427 2602 2498 τὴν
2644 2426 2878 2500 ἀδελφὴν
2920 2427 3098 2494 Ῥέαν,
3131 2427 3190 2494 έξ
3213 2422 3281 2499 ἧς
3308 2426 3567 2496 γεννῆσαι
3596 2424 3690 2479 τὸν

2111 2518 2229 2573 Δία.
2275 2517 2564 2586 Γεγονέναι
2607 2518 2663 2572 δὲ
2702 2520 2798 2573 καὶ
2837 2520 3021 2591 ἕτερον
3064 2519 3163 2573 Δία
3210 2520 3301 2573 τὸν
3327 2518 3551 2588 ἀδελφὸν
3588 2517 3689 2589 μὲν

2108 2610 2352 2677 Οὐρανοῦ
2370 2652 2385 2677 ,
2417 2610 2517 2680 τῆς
2541 2610 2599 2664 δὲ
2626 2614 2851 2685 Κρήτης
2868 2610 3281 2682 βασιλεύσαντα,
3308 2613 3374 2681 τῇ
3395 2610 3518 2681 δόξῃ
3552 2608 3687 2664 πολύ

2108 2702 2427 2773 λειπόμενον
2442 2702 2537 2755 τοῦ
2567 2702 3044 2774 μεταγενεστέρου.
3078 2702 3277 2756 Τοῦτον
3307 2702 3404 2773 μὲν
3431 2698 3522 2756 οὖν
3542 2700 3691 2771 βασι-

2108 2791 2299 2847 λεῦσαι
2316 2792 2411 2846 τοῦ
2430 2794 2745 2865 σύμπαντος
2772 2795 2978 2866 κόσμου
2999 2811 3014 2825 ο
3032 2790 3202 2847 τὸνδὲ
3218 2794 3316 2865 τῆς
3331 2795 3571 2866 Κρήτης,
3591 2793 3689 2847 καὶ

2108 2884 2243 2939 δέκα
2263 2884 2456 2949 παῖδας
2489 2886 2767 2956 γεννῆσαι,
2788 2886 2914 2949 τοὺς
2944 2884 3343 2955 ὀνομασθέντας
3378 2886 3687 2955 Κουρήτας,

2108 2975 2417 3030 δείκνυσθαι
2438 2976 2494 3029 δὲ
2511 2976 2675 3030 αὐτοῦ
2692 2994 2854 3047 φασιν
2877 2978 3043 3032 είσέτι
3076 2978 3170 3032 νῦν
3192 2978 3360 3048 τάφον
3394 2981 3450 3032 ὲν
3468 2980 3685 3051 Κρήτῃ.

2109 3066 2476 3122 Δυναστεῦσαι
2517 3067 2575 3121 δὲ
2610 3068 2700 3122 τὸν
2743 3070 2951 3142 Κρόνον
2981 3069 3123 3125 κατά
3166 3069 3415 3124 Σικελίαν
3453 3071 3549 3124 καὶ
3586 3072 3687 3124 Λι-

2109 3158 2246 3231 ϐύην
2270 3160 2364 3214 καὶ
2401 3160 2653 3215 Ἰταλίαν.
2689 3161 2892 3215 Τούτου
2930 3162 2987 3215 δὲ
3018 3163 3306 3235 γενόμενον
3327 3162 3419 3216 τὸν
3447 3162 3567 3227 Δία,
3594 3164 3689 3218 τὸν

2108 3252 2349 3307 ἐναντίον
2378 3252 2457 3324 τῷ
2483 3255 2651 3326 πατρὶ
2679 3253 2793 3324 βίον
2822 3254 3082 3325 ζηλῶσαι.
3114 3253 3471 3319 Διαδέξασθαι
3498 3255 3557 3308 δὲ
3584 3256 3686 3309 αὐ·

2105 3344 2196 3399 τὸν
2228 3344 2326 3416 τὴν
2360 3343 2633 3414 βασιλείαν
2668 3346 2719 3399 οί
2761 3346 2860 3415 μέν
2888 3362 3051 3415 φασιν
3084 3345 3299 3408 ἑκόντος
3339 3343 3435 3397 τοῦ
3480 3344 3688 3415 πατρὸς

2108 3438 2639 3508 παραχωρήσαντος·
2685 3439 2734 3489 οί
2773 3435 2850 3499 δὲ,
2901 3436 3008 3489 ὐπὸ
3042 3436 3152 3490 τῶν
3192 3438 3365 3509 ὄχλων
3404 3436 3688 3508 αἱρεθέντα
3786 3454 3793 3461 ο

2106 3527 2194 3582 διὰ
2224 3528 2285 3582 τὸ
2318 3530 2473 3599 μῖσος
2503 3527 2564 3580 τὸ
2611 3527 2748 3597 πρὸς
2785 3527 2879 3580 τὸν
2920 3519 3149 3599 πατέρα.
3196 3527 3687 3600 Ἐπιστρατεύσαν-

2105 3637 2198 3683 τος
2219 3620 2277 3674 δὶ
2303 3621 2387 3672 ἐπ’
2418 3618 2579 3672 αὐτὸν
2601 3617 2694 3672 τοῦ
2721 3617 2931 3689 Κρόνου
2967 3618 3104 3688 μετὰ
3130 3617 3235 3672 τῶν
3268 3618 3531 3682 Τιτάνων,
3554 3634 3689 3689 κρα-

2105 3713 2269 3784 τῆσαι
2298 3713 2447 3785 μάχῃ
2476 3711 2569 3765 τὸν
2598 3712 2720 3775 Δία,
2757 3711 2852 3765 καὶ
2879 3710 3128 3765 ἐπελθεῖν
3165 3712 3346 3764 πᾶσαν
3377 3710 3475 3782 τὴν
3506 3711 3686 3764 οἰκου-

2110 3806 2300 3878 μένην,
2333 3803 2629 3873 διενεγκεῖν
2662 3802 2718 3855 δὲ
2748 3803 2911 3858 αὐτὸν
2946 3803 3192 3874 σώματος
3224 3802 3401 3874 ῥώμη,
3440 3800 3532 3856 καὶ
3567 3803 3687 3868 ταῖς

2106 3898 2294 3962 ἄλλαις
2319 3899 2560 3970 ἀρεταῖς,
2580 3896 2817 3966 σπουδήν
2832 3911 2890 3948 τε
2918 3895 3188 3949 ποιεῖσθαι
3210 3895 3388 3948 πᾶσαν
3415 3897 3495 3958 είς
3524 3892 3688 3947 κόλα-

2107 4009 2193 4046 σιν
2220 3991 2319 4062 μὲν
2342 3989 2452 4043 τῶν
2477 3989 2711 4052 ἀσεϐῶν,
2747 3987 3064 4060 εὐεργεσίας
3089 3987 3145 4041 δὲ
3169 3987 3275 4040 τῶν
3301 3986 3541 4055 ἀγαθῶν,
3567 3978 3692 4039 ἀνθ’

2105 4078 2180 4138 ὧν
2231 4084 2385 4155 μετά
2410 4084 2506 4157 τὴν
2540 4084 2597 4151 ἐξ
2631 4083 2931 4157 ἀνθρώπων
2962 4082 3291 4154 μετάστασιν
3319 4080 3688 4153 ὀνομασθῆναι

2105 4178 2271 4248 Ζῆνα,
2307 4176 2395 4231 διὰ
2429 4177 2489 4230 τὸ
2528 4177 2704 4231 δοκεῖν
2733 4174 2826 4230 τοῦ
2865 4174 3047 4238 καλῶς
3091 4173 3191 4246 ζῇν
3230 4174 3403 4227 αἴτιον
3432 4170 3688 4242 γενέσθαι

2104 4271 2217 4332 τοῖς
2248 4267 2573 4340 ἀνθρώποις.
2606 4266 2727 4322 Τῶν
2761 4267 2858 4337 μὲν
2892 4261 2984 4320 οὖν
3012 4266 3139 4336 περὶ
3159 4266 3273 4328 τοῖς
3329 4261 3688 4325 Ἀτλαντείοις

2105 4358 2558 4431 θεολογουμένων,
2586 4357 2655 4412 τά
2684 4357 2953 4428 κεφάλαια
2986 4355 3161 4409 ταῦτά
3187 4357 3323 4408 ἔστι.
3368 4353 3590 4415 Τούτοις
3629 4349 3690 4403 δέ

2106 4467 2237 4522 φασι
2273 4450 2516 4514 καὶτοὺς
2551 4449 2819 4520 Ἕλληνας
2850 4445 3210 4518 συγχρῆσθαι.
3252 4463 3270 4496 ι
3304 4440 3490 4497 Ταῦτα
3517 4443 3546 4494 ὁ
3566 4440 3688 4494 Διό-

427 4533 642 4599 lorum,
679 4533 775 4602 qui
799 4543 1011 4602 patrem
1062 4534 1189 4590 odio
1235 4546 1693 4606 prosequerentur
1718 4578 1734 4604 ,
1772 4539 2004 4594 electum

2108 4542 2273 4615 δωρος
2312 4544 2370 4598 ὲν
2396 4544 2467 4616 τῇ
2494 4541 2652 4615 τρίτῃ
2684 4539 2794 4594 τών
2847 4535 3160 4606 Ἱστοριῶν.
3209 4536 3267 4590 '0
3310 4534 3356 4587 δ’
3387 4534 3550 4597 αὐτὸς
3594 4532 3692 4586 καὶ

428 4621 602 4681 fuisse
626 4641 640 4678 :
670 4638 907 4695 cumque
956 4623 1248 4693 Saturnus,
1279 4624 1534 4683 Titanum
1560 4630 1765 4684 auxilio
1794 4628 1967 4687 fretus
1987 4671 2004 4697 ,

428 4712 486 4767 in
512 4712 683 4769 ﬁlium
713 4714 1009 4779 movisset,
1062 4715 1358 4771 commisso
1403 4717 1590 4785 praalio
1618 4715 1741 4772 Jovi
1772 4720 2005 4776 cessisse

426 4805 735 4872 victoriam,
766 4805 862 4879 qui
894 4807 1210 4861 universum
1240 4818 1426 4877 postea
1460 4808 1725 4865 mundum
1750 4824 2006 4880 peragra-

428 4899 521 4955 rit.
552 4898 817 4957 Eumdem
866 4915 976 4956 non
1006 4900 1205 4956 robore
1237 4902 1399 4958 modo
1431 4903 1683 4974 corporis
1705 4945 1721 4972 ,
1754 4905 1846 4960 sed
1875 4905 2007 4960 alia-

326 5031 338 5063 ε
400 5007 550 5048 ~rum
594 5007 812 5065 quoque
845 4993 1112 5049 virtutum
1147 4992 1307 5048 laude
1349 4996 1669 5063 praestitisse
1696 5035 1712 5060 ,
1744 4996 1798 5051 in
1829 5011 2002 5068 eoque

426 5095 616 5137 curam
647 5096 865 5138 omnem
891 5097 956 5138 ac
985 5081 1228 5139 studium
1276 5086 1548 5154 posuisse,
1588 5085 1671 5140 uti
1709 5086 2001 5142 sceleratos

426 5172 649 5243 quidem
682 5175 893 5231 meritis
922 5177 1099 5247 poenis
1128 5177 1383 5242 alliceret,
1416 5177 1594 5232 bonos
1621 5186 1803 5232 autem
1833 5179 1999 5233 bene-

425 5266 567 5325 liciis
598 5267 939 5323 cumularet:
973 5269 1023 5323 id
1056 5268 1202 5339 quod
1242 5268 1298 5326 in
1332 5284 1497 5326 causa
1533 5267 1717 5336 fuerit,
1750 5285 1849 5324 cur
1873 5285 1999 5326 eum

423 5360 592 5416 rebus
618 5357 873 5412 humanis
904 5359 1232 5416 subductum
1263 5361 1430 5433 Ζῆνα,
1471 5361 1578 5416 hoc
1606 5370 1692 5416 est
1736 5362 1861 5416 vita:
1902 5376 2000 5432 pa-

424 5465 676 5520 rentem,
725 5454 1093 5519 nominarint,
1128 5456 1272 5527 quod
1325 5456 1641 5511 hominibus
1694 5455 1814 5525 ipse
1862 5455 2000 5512 bene

422 5549 641 5606 vivendi
690 5558 881 5604 auctor
928 5545 1100 5603 fuisse
1148 5548 1445 5605 videretur.
1472 5547 1651 5620 Atque
1705 5548 1820 5603 haec
1868 5555 1999 5603 sunt

495 5758 608 5829 (59)
648 5753 1175 5828 Συμπλανηθῆναι.
1226 5754 1496 5829 lta_eni_m
1551 5756 1800 5821 Diodor.,
1843 5755 1996 5829 quod

424 5824 624 5888 rectius
652 5824 828 5884 visum
857 5835 941 5883 est
965 5824 1129 5897 quam
1163 5824 1570 5898 συμπλακῆναι,
1606 5836 1664 5882 ιιι
1690 5835 1815 5881 ante
1843 5824 1988 5897 lege-

2106 4636 2165 4688 έν
2196 4637 2261 4706 τῇ
2303 4633 2438 4707 ἕκτῃ
2467 4633 2574 4687 ἀπὸ
2616 4633 2715 4704 τῆς
2746 4631 3035 4702 Εὐημέρου
3067 4627 3162 4682 τοῦ
3209 4624 3518 4697 Μεσσηνίου
3556 4640 3693 4697 γρα-

2113 4723 2242 4795 φῆς,
2272 4725 2524 4796 έπικυροῖ
2552 4724 2651 4795 τὴν
2697 4721 2865 4793 αὐτὴν
2900 4719 3198 4788 θεολογίαν,
3228 4710 3330 4770 ὧδε
3361 4715 3501 4768 κατά
3543 4713 3688 4778 λέξον

2113 4817 2339 4885 φάσκων
2360 4834 2373 4848 ·
2407 4836 2427 4868 ι
2460 4817 2598 4889 Περὶ
2640 4813 2779 4868 θεῶν
2810 4811 2989 4865 τοίνυν
3020 4808 3202 4873 διττὰς
3246 4809 3295 4861 οἱ
3334 4806 3550 4860 παλαιοὶ
3579 4804 3688 4858 τῶν

2106 4908 2405 4981 ἀνθρώπων
2453 4910 2565 4970 τοῖς
2600 4903 3076 4975 μεταγενεστέροις
3118 4899 3414 4954 δεδώκασιν
3458 4897 3685 4959 ἐννοίας.

2108 4998 2247 5063 Τοὺς
2278 4999 2374 5069 μὲν
2413 4997 2520 5071 γὰρ
2567 4997 2771 5060 ἀϊδίους
2818 4995 2911 5048 καὶ¹
2954 4992 3265 5065 ἀφθάρτους
3312 4986 3450 5043 εἷναί
3499 5005 3685 5059 φασιν,

2108 5085 2218 5144 οἷον
2248 5092 2398 5161 ἥλιον
2422 5092 2515 5145 καὶ
2542 5089 2791 5160 σελήνην,
2826 5088 2922 5141 καὶ
2948 5087 3017 5140 τά
3046 5085 3181 5141 ἄλλα
3208 5085 3276 5139 τά
3309 5085 3428 5139 κατ’
3460 5084 3689 5155 οὐρανὸν

2108 5182 2303 5253 ἄστρα,
2354 5182 2491 5258 πρὸς
2537 5181 2594 5234 δὲ
2638 5178 2867 5243 τούτοις,
2916 5177 3149 5249 ἀνέμους
3195 5177 3290 5231 καὶ
3333 5174 3460 5239 τούς
3495 5173 3688 5238 ἀλλους

2106 5276 2232 5337 τοὺς
2261 5275 2359 5345 τῆς
2384 5274 2573 5345 ὁμοίας
2611 5272 2826 5342 φύσεως
2860 5271 3070 5333 τούτοις
3100 5268 3439 5340 τετευχότας.
3470 5266 3688 5320 Τούτων

2107 5365 2214 5437 γὰρ
2245 5365 2474 5419 ἕκαστον
2501 5364 2669 5418 ἀΐδιον
2698 5363 2844 5435 ἔχειν
2882 5363 2980 5434 τὴν
3010 5360 3227 5443 γένεσιη
3248 5362 3341 5414 καὶ
3370 5361 3471 5433 τὴν
3495 5360 3688 5423 διαμο-

2105 5458 2201 5529 νήν
2225 5474 2237 5487 ·
2275 5458 2497 5528 ἑτέρους
2534 5458 2591 5511 δὲ
2630 5456 2879 5525 λέγουσιν
2907 5452 3183 5523 ἐπιγείους
3216 5451 3469 5523 γενέσθαι
3505 5451 3683 5514 θεοὺς,

2103 5547 2193 5600 διά
2222 5545 2281 5600 δὲ
2319 5547 2418 5609 τὰς
2452 5549 2533 5610 είς
2563 5545 2882 5619 ἀνθρώπους
2930 5544 3247 5617 εὐεργεσίας
3281 5542 3393 5615 (60)
3455 5555 3688 5613 τετυχη-

2104 5756 2287 5827 batur.
2326 5756 2455 5827 licet
2483 5756 2598 5812 base
2632 5757 2794 5812 etiam
2825 5757 2987 5814 lectio
3015 5756 3147 5814 ferri
3174 5754 3369 5827 possit.

2173 5826 2285 5896 (60)
2322 5826 2453 5884 Post
2484 5827 2803 5890 εὐεργεσίας
2832 5828 3000 5885 Mont.
3033 5828 3155 5884 add.
3177 5824 3484 5881 ἀθανάτου.
