4154 6428
474 414 582 507 Il‘l

1648 446 1976 503 PREPAR.
2013 445 2263 502 EVANG.
2307 444 2433 500 LIB.
2475 444 2537 500 ll.

3629 396 3733 490 ne

470 563 637 625 κότας
682 563 844 634 τιμῆς
901 561 995 616 καὶ
1040 562 1216 635 δόξης,
1268 557 1379 617 οἷον
1437 560 1732 633 Ἡρακλέα,
1784 561 2054 624 Διόνυσον,

2165 559 2531 615 Atlantiorum
2565 559 2849 629 theologia:
2875 572 3087 612 summa
3112 553 3277 610 veluti
3298 554 3499 627 capita,
3533 553 3734 625 quibus

485 652 806 724 ’Δρισταῖον,
841 651 934 705 καὶ
967 653 1094 716 τοὺς
1126 652 1318 716 ἄλλους
1361 653 1487 716 τοὺς
1520 654 1789 715 τοιούτους
1832 652 2052 721 ὁμοίως.

471 743 608 814 Περὶ
639 742 694 796 δὲ
726 743 835 796 τῶν
871 743 1129 811 ἐπιγείων
1161 742 1319 805 θεῶν,
1351 742 1534 795 πολλοὶ
1565 744 1658 795 καὶ
1692 740 1924 795 ποικίλοι
1959 757 2058 792 πα-

476 830 781 902 ραδέδονται
813 831 959 899 λόγοι
1007 830 1159 902 παρά
1189 834 1303 894 τοῖς
1347 833 1641 903 ἱστορικοῖς
1671 847 1730 884 τε
1759 831 1852 883 καὶ
1893 829 2058 900 μυθο-

470 924 722 994 γράφοις.
756 925 863 977 Καὶ
894 924 1003 978 τῶν
1062 925 1160 995 μέν
1207 924 1520 996 ἱστορικῶν,
1566 924 1850 994 Εύήμερος
1892 924 1921 975 ὁ
1959 922 2057 993 τὴν

473 1014 626 1085 ἱερὰν
653 1014 973 1088 ἀναγραφὴν
998 1014 1385 1087 ποιησάμενος,
1420 1015 1565 1079 ἰδίως
1609 1013 1885 1086 ἀνέγραψε
1909 1028 1925 1043 θ
1949 1011 2057 1065 τῶν

468 1102 528 1155 δὲ
573 1101 901 1173 μυθολόγων,
933 1105 1202 1176 Ὅμηρος,
1227 1105 1321 1157 καὶ
1366 1104 1627 1168 Ἡσίοδος,
1660 1103 1759 1157 καὶ
1803 1103 2054 1175 Ὀρφεὺς,

472 1191 568 1244 καὶ
613 1192 792 1264 ἐτεροι
839 1193 1071 1247 τοιοῦτοι
1122 1195 1630 1268 τερατωδεστέρους
1678 1194 1881 1265 μύθους
1930 1194 2057 1265 περὶ

473 1282 614 1336 θεῶν
638 1286 998 1341 πεπλάκασινν.
1042 1288 1230 1357 Ἡμεῖς
1253 1287 1308 1340 δέ
1331 1289 1398 1341 τὰ
1424 1288 1553 1360 παρ’
1579 1286 1909 1359 ἀμφοτέροις
1932 1286 2059 1338 ἀνα-

467 1377 830 1447 γεγραμμένα
858 1379 1230 1450 πειρασόμεθα
1263 1382 1543 1450 συντόμως
1568 1380 1911 1451 ἐπιδραμεῖν,
1938 1395 2057 1431 στο-

469 1467 758 1539 χαζόμενοι
790 1470 890 1539 τῆς
924 1470 1289 1542 συμμετρίας.
1325 1472 1613 1543 Εὐήμερος
1657 1472 1754 1542 μὲν
1781 1466 1873 1525 οὖν
1908 1471 2058 1541 φίλος

469 1558 708 1628 γεγονὼς
734 1561 1087 1632 Κασσάνδρου
1121 1561 1403 1632 βασιλέως,
1439 1562 1533 1615 καὶ
1574 1561 1661 1614 διὰ
1703 1561 1893 1615 τοῦτον
1923 1563 2057 1631 ἡνα-

469 1651 776 1723 γκασμένος
796 1652 971 1706 τελεῖν
1000 1652 1285 1724 βασιλικάς
1307 1670 1460 1717 τινας
1481 1655 1670 1724 χρείας
1693 1653 1789 1705 καὶ
1815 1653 2058 1723 μεγάλας

469 1742 797 1815 ἀποδημίας,
834 1744 999 1814 φησὶν
1051 1744 1442 1815 ἐκτοπισθῆναι
1494 1744 1635 1798 κατὰ
1681 1745 1781 1815 τὴν
1841 1761 2057 1815 μεσημ-

471 1835 637 1907 ϐρίαν
664 1837 744 1900 είς
774 1835 867 1889 τὸν
923 1836 1195 1890 Ὠκεανόν.
1245 1836 1652 1891 Ἐκπλεύσαντα
1697 1835 1754 1889 δέ
1802 1835 1964 1889 αὐτὸν
1997 1837 2061 1887 ἐκ

2162 653 2312 724 ipsos
2356 666 2575 723 quoque
2623 650 2840 707 Graecos
2884 651 2959 705 uti
3015 650 3206 705 solitos
3251 656 3372 705 esse
3430 646 3666 701 tradunt.
3706 665 3726 696 ι

2160 744 2435 801 Hactenus
2461 744 2729 799 Diodorus
2758 742 3118 797 Historiarum
3135 740 3409 796 volumine
3430 739 3610 803 tertio,
3638 753 3733 808 qui

2160 836 2404 907 ejusdem
2450 836 2631 906 operis
2662 844 2815 889 sexto
2844 834 2986 888 hanc
3016 835 3187 903 ipsum
3218 833 3285 887 de
3312 833 3597 886 numinum
3643 844 3735 882 ra-

2158 928 2307 984 tione
2332 928 2654 983 sententiam
2684 924 2933 980 Evemeri
2956 925 3242 994 cujusdam
3268 922 3521 978 Messenii
3552 921 3734 976 verbis

2161 1020 2585 1088 testimonioque
2617 1018 2903 1073 conﬁrmat
2923 1058 2937 1081 ,
2970 1016 3045 1069 ita
3076 1014 3360 1070 scribens:
3402 1031 3420 1063 ι
3462 1011 3732 1073 Deorum,

2160 1112 2354 1182 inquit,
2404 1111 2654 1167 netiones
2703 1108 2937 1179 posteris
2982 1106 3098 1162 suis
3136 1114 3345 1160 veteres
3398 1103 3738 1159 tradiderunt

2160 1202 2388 1257 omnino
2436 1203 2616 1257 duas:
2666 1201 2805 1256 alios
2852 1200 2997 1253 enim
3044 1197 3406 1266 sempiternos
3455 1204 3509 1250 et
3559 1192 3737 1249 omnis

2158 1305 2411 1364 expertes
2448 1295 2699 1350 interitus
2732 1307 2853 1348 esse
2884 1291 3114 1354 dicunt,
3169 1286 3477 1359 cuiusmodi
3518 1285 3687 1341 solem
3720 1324 3737 1349 ,

2162 1389 2372 1451 lunam,
2403 1401 2466 1441 ac
2498 1385 2706 1455 reliqua
2742 1382 2864 1439 coeli
2892 1390 3037 1435 astra
3071 1383 3533 1439 commemorant,
3580 1376 3740 1428 item-

2159 1493 2268 1548 que
2300 1486 2513 1540 ventos,
2547 1486 2710 1544 atque
2741 1473 2793 1528 id
2831 1489 3003 1543 genus
3049 1481 3314 1533 caeteros,
3361 1468 3458 1538 qui
3504 1465 3737 1521 similem

2163 1568 2231 1622 iis
2266 1580 2516 1622 naturam
2553 1566 2735 1621 sortiti
2767 1565 2913 1619 sint:
2950 1564 3157 1617 nullum
3186 1562 3329 1616 enim
3367 1559 3595 1613 istorum
3641 1573 3741 1615 nec

2163 1668 2318 1714 ortus
2358 1658 2444 1712 sui
2476 1657 2809 1727 principium
2846 1655 3140 1721 habuisse,
3175 1668 3274 1708 nec
3305 1652 3606 1706 desiturum
3634 1665 3739 1702 un-

2163 1763 2328 1818 quam
2362 1761 2484 1801 esse
2518 1766 2528 1799 :
2567 1744 2706 1799 alios
2752 1759 2903 1809 vero,
2936 1743 3135 1798 terreni
3187 1756 3311 1796 cum
3358 1739 3470 1795 nati
3519 1745 3740 1801 essent,

2163 1849 2345 1896 tamen
2376 1849 2600 1909 propter
2629 1852 2691 1892 ea
2728 1835 3026 1901 beneﬁcia,
3051 1834 3252 1902 quibus
3277 1875 3292 1900 ,
3323 1832 3605 1887 hominum
3638 1829 3741 1886 sibi

470 1928 570 1999 τῆς
610 1926 927 1998 εὐδαίμονος
971 1926 1250 1997 Ἀραϐίας,
1290 1927 1620 1998 ποιήσασθαι
1666 1925 1759 1979 τὸν
1803 1923 1972 1979 πλοῦν
1995 1924 2059 1978 δι’

2166 1951 2339 2006 genus
2371 1934 2806 1997 obstrinxerant,
2838 1931 3046 1986 cultum
3081 1938 3135 1984 ct
3191 1927 3417 1999 gloriam
3471 1941 3739 1982 consecu-

484 2018 736 2072 Ὠκεανοῦ
769 2017 989 2081 πλείους
1022 2018 1257 2089 ἡμέρας,
1292 2017 1387 2070 καὶ
1420 2017 1846 2089 προσενεχθῆναι
1875 2017 2063 2087 νήσοις

470 2108 747 2176 πλαγίαις
765 2101 841 2161 ὧν
861 2107 989 2178 μίαν
1017 2108 1329 2180 ὑπερέχειν,
1358 2108 1458 2180 τὴν
1480 2108 1888 2179 ὀνομαζομένην
1916 2107 2059 2174 Παγ-

470 2198 655 2269 χαίαν,
692 2199 750 2251 ἐν
859 2197 1146 2253 τεθεᾶσθαι
1193 2201 1319 2261 τοὺς
1365 2198 1707 2262 ἐνοικοῦντας
1750 2197 2059 2268 Παγχαίους

471 2290 725 2361 εὐσεϐείᾳ
756 2290 1131 2361 διαφέροντας,
1178 2291 1273 2343 καὶ
1305 2292 1432 2354 τοὺς
1461 2289 1618 2354 θεοὺς
1654 2289 1931 2361 τιμῶντας
1964 2307 2057 2360 με-

470 2382 1014 2455 γαλοπρεπεστάταις
1052 2381 1284 2446 θυσίαις,
1331 2382 1428 2436 καὶ
1473 2382 1818 2458 ἀναθήμασιν
1849 2381 2057 2449 ἀξιολό-

466 2491 607 2543 τοις,
636 2476 894 2547 ἀργυροῖς
934 2490 993 2527 τε
1034 2474 1127 2527 καὶ
1157 2474 1407 2545 χρυσοῖς·
1445 2468 1586 2527 εῖναι
1629 2473 1685 2527 δὲ
1730 2472 1829 2544 τὴν
1893 2470 2055 2543 νῆσον

473 2567 625 2639 ἱερὰν
659 2566 817 2621 θεῶν.
853 2568 964 2621 Καὶ
1007 2566 1168 2638 ἕτερα
1200 2565 1371 2620 πλείω
1405 2565 1795 2637 θαυμαζόμενα
1826 2564 1968 2619 κατά
1997 2582 2057 2618 τε

461 2659 565 2730 τὴν
584 2659 935 2731 ἀρχαιότητα,
960 2660 1053 2713 καὶ
1073 2660 1173 2731 τὴν
1195 2659 1293 2731 τῆς
1314 2659 1658 2729 κατασκευῆς
1680 2656 2057 2729 πολυτεχνίαν,

475 2752 603 2825 περὶ
631 2747 706 2807 ὧν
737 2752 804 2806 τά
836 2752 984 2807 κατὰ·
1011 2755 1201 2825 μέρος,
1233 2754 1289 2805 ἐν
1323 2754 1444 2817 ταῖς
1479 2752 1586 2823 πρὸ
1616 2750 1822 2821 ταύτης
1854 2749 2058 2820 βίϐλοις

464 2844 955 2917 ἀναγεγράφαμεν·
997 2840 1137 2898 εἶναι
1168 2844 1214 2898 δ’
1260 2846 1322 2898 ἐν
1362 2846 1498 2915 αὐτῇ
1542 2844 1685 2897 κατά
1728 2860 1853 2896 τινα
1898 2842 2058 2913 λόφον

467 2935 669 3007 ὑψηλὸν
706 2936 827 2989 καθ’
857 2934 1187 3008 ὑπερϐολὴν,
1224 2935 1368 3007 ἱερὸν
1400 2935 1525 2998 Διὸς
1564 2933 1922 3006 Τριφυλαίου,
1952 2951 2058 2987 κα-

466 3026 789 3099 θιδρυμένον
819 3028 910 3080 ὑπ’
940 3026 1131 3089 αὐτοῦ,
1163 3025 1286 3080 καθ’
1310 3026 1369 3079 δν
1402 3025 1593 3097 καιρὸν
1619 3024 2060 3099 ἐϐασίλευσεὶτῆς

465 3117 796 3189 οἰκουμένης
843 3118 1084 3187 ἀπάσης,
1111 3116 1191 3170 ἔτι
1245 3117 1387 3171 κατὰ
1441 3115 1762 3189 ἀνθρώπους
1812 3115 1909 3170 ὧν.
1971 3117 2061 3170 Ἐν

468 3210 648 3280 τούτῳ
673 3208 753 3280 τῷ
798 3208 928 3280 ἱερῷ
959 3209 1162 3279 στήλην
1195 3203 1336 3262 εἶναι
1364 3209 1592 3280 χρυσῆν,
1627 3209 1686 3263 ἐν
1799 3213 1911 3273 τοῖς
1948 3211 2062 3264 Πα-

469 3302 682 3374 γχαίοις
726 3302 1052 3374 γράμμασιν
1101 3301 1369 3373 ὑπάρχειν
1412 3302 1808 3372 γεγραμμένας
1856 3303 1957 3365 τάς
2002 3319 2061 3355 τε

468 3393 712 3467 οὐρανοῦ
743 3395 836 3448 καὶ
864 3394 1077 3465 Κρόνου
1108 3395 1204 3447 καὶ
1238 3394 1358 3458 Διὸς
1389 3393 1618 3466 πράξεις
1649 3394 2056 3463 κεφαλαιωδῶς.

368 3475 385 3488 ’
468 3486 626 3543 Μετά
658 3485 831 3541 ταῦτά
881 3502 1013 3557 φησι
1050 3484 1266 3558 πρῶτον
1299 3484 1541 3557 Οὐρανὸν
1577 3484 1799 3556 βασιλέα
1837 3485 2061 3554 γεγονέ-

471 3593 582 3642 ναι,
609 3576 827 3647 ἐπιεικῆ
858 3595 979 3630 τινα
1012 3575 1182 3646 ἄνδρα
1213 3576 1309 3629 καὶ
1341 3577 1662 3648 εὐεργέτην,
1697 3579 1792 3632 καὶ
1820 3577 1922 3649 τῆς
1949 3577 2060 3632 τῶν

470 3667 688 3740 ἄστρων
731 3668 997 3739 κινήσεως
1036 3667 1396 3738 ἐπιστήμονα.
1445 3669 1541 3720 Ὃν
1580 3668 1676 3721 καὶ
1716 3666 1930 3738 πρῶτον
1964 3667 2058 3720 θυ-

471 3761 618 3825 σίαις
652 3761 879 3831 τιμῆσαι
909 3761 1034 3823 τοὺς
1059 3758 1345 3829 οὐρανίους
1379 3757 1556 3822 θεοὺς,
1582 3751 1662 3813 διὸ
1698 3761 1794 3814 καὶ
1820 3761 2061 3833 Οὐρανὸν

470 3852 996 3926 προσαγορευθῆναι.
1037 3851 1200 3914 Υίοὺς
1228 3850 1286 3904 δὲ
1328 3849 1477 3921 αὐτῷ
1508 3850 1763 3920 γενέσθαι
1805 3853 1916 3907 ἀπὸ
1959 3870 2061 3921 7U.-

471 3945 659 4009 ναικὸς
717 3943 952 4009 Ἑστίας,
999 3943 1152 3995 Πᾶνα
1206 3942 1303 3995 καὶ
1351 3942 1593 4013 Κρόνονο
1634 3941 1936 4015 θυγατέρας
1981 3944 2059 4008 δὲ,

485 4037 644 4093 Ῥέαν
690 4038 785 4092 κα)⁵
820 4038 1136 4109 Δήμητραν.
1188 4034 1396 4107 Κρόνον
1446 4034 1504 4088 δὲ
1556 4033 1872 4104 βασιλεῦσαι
1924 4036 2063 4108 μετά

472 4130 748 4203 οὐρανὸν,
804 4130 899 4183 καὶ
952 4128 1208 4198 γήμαντα
1279 4128 1436 4182 Ῥέαν
1487 4131 1747 4201 γεννῆσαι
1800 4128 1898 4182 Δία
1965 4130 2060 4183 καὶ

475 4219 677 4292 Ἦραν,
708 4220 804 4273 καὶ
830 4217 1160 4272 Ποσειδῶνα.
1202 4217 1307 4271 Τὸν
1342 4218 1398 4271 δὲ
1425 4219 1525 4277 Δία
1555 4219 1941 4291 διαδεξάμενον
1962 4221 2062 4293 τὴν

476 4312 755 4383 βασιλείαν
792 4310 888 4365 τοῦ
918 4310 1152 4383 Κρόνου,
1185 4311 1361 4382 γῆμαι
1392 4311 1593 4384 Ἦραν,
1627 4313 1722 4366 καὶ
1748 4313 2061 4385 Δήμητραν,

475 4405 571 4458 καὶ
603 4403 774 4475 Θέμιν
791 4421 804 4433 ·
845 4401 908 4469 ἐξ
937 4396 1012 4457 ὧν
1038 4401 1235 4466 παῖδας
1264 4402 1616 4474 ποιήσασθαι,
1644 4389 1935 4476 Κουρῆτας
1964 4403 2064 4475 μὲν

473 4497 585 4551 ἀπὸ
612 4496 713 4568 τῆς
760 4495 1007 4568 πρώτης,
1046 4494 1393 4569 Περσεφόνην
1444 4496 1503 4549 δέ
1534 4496 1605 4550 ἐκ
1643 4497 1742 4567 τῆς
1779 4495 2061 4568 δευτέρας,

2163 2037 2246 2085 tos
2273 2026 2466 2091 fuisse,
2493 2040 2728 2096 quorum
2755 2024 2809 2079 in
2841 2037 3071 2078 numero
3100 2020 3406 2085 Herculem,
3438 2018 3731 2079 Bacchum.

2159 2119 2473 2181 Aristaeum,
2503 2131 2628 2171 cum
2660 2114 2782 2170 aliis
2806 2155 2820 2179 ,
2854 2129 3087 2185 quorum
3122 2112 3317 2169 similis
3361 2125 3537 2168 causa.
3574 2119 3733 2176 erat,

2158 2217 2479 2280 posuerunt.
2512 2206 2780 2262 Caeterum
2813 2206 2985 2261 multa
3012 2219 3145 2260 sane
3192 2203 3601 2273 admodumque
3643 2218 3732 2255 va-

2157 2301 2241 2355 ria
2271 2300 2338 2356 de
2367 2300 2599 2355 terrenis
2644 2298 2795 2354 hisce
2830 2297 3146 2354 numinibus
3174 2310 3299 2350 cum
3331 2293 3593 2356 historici,
3625 2301 3740 2346 tum

2158 2390 2468 2447 fabularum
2493 2405 2711 2461 quoque
2732 2390 3029 2461 scriptores
3066 2388 3341 2444 memoriae
3365 2384 3740 2457 prodiderunt.

2162 2481 2462 2538 Evemerus
2496 2483 2715 2553 quidem
2764 2482 2906 2538 inter
2946 2483 3239 2538 historicos
3269 2522 3283 2546 ,
3319 2481 3373 2536 in
3408 2494 3562 2536 sacra
3609 2479 3698 2532 illa
3723 2520 3742 2545 ,

2165 2589 2332 2644 quam
2368 2575 2630 2644 scripsit,
2665 2574 2892 2630 historia
2940 2575 3220 2646 proprium
3257 2574 3359 2628 hoc
3402 2572 3503 2628 sibi
3542 2572 3743 2641 delegit

2162 2674 2545 2735 argumentum
2575 2685 2589 2721 :
2618 2681 2685 2721 ex
2716 2667 2894 2737 poetis
2915 2674 3095 2721 autem
3126 2665 3421 2731 Homerus,
3453 2663 3743 2730 Hesiodus,

2159 2756 2415 2827 Orpheus
2447 2772 2512 2812 ac
2540 2759 2746 2825 caeteri,
2775 2759 2976 2829 quibus
3012 2757 3208 2813 fabula:
3232 2758 3587 2828 placuerunt,
3616 2768 3749 2827 pro-

2160 2847 2375 2918 digiosa
2405 2848 2656 2916 quaedam
2703 2849 3077 2916 monstrisque
3123 2849 3322 2903 similia
3356 2847 3424 2902 de
3464 2847 3571 2902 diis
3599 2860 3752 2901 eom-

2161 2944 2347 2988 menta
2379 2934 2745 2989 somniarunt.
2774 2934 2885 2991 Nos
2918 2950 3051 2990 vero
3077 2952 3199 3007 quae
3224 2936 3293 2990 ab
3339 2945 3569 3004 utroque
3599 2935 3753 2990 scri-

2162 3034 2382 3093 ptorum
2435 3041 2635 3097 genere
2694 3027 3009 3097 accepimus
3042 3068 3058 3093 ,
3124 3034 3191 3081 ut-
3228 3026 3451 3081 modum
3504 3025 3742 3095 aliquem

2163 3125 2490 3185 teneamus,
2540 3120 2779 3174 breviter
2828 3135 2892 3174 ea
2946 3120 3372 3189 summatimque
3426 3133 3744 3189 perennem

2164 3210 2513 3266 conabimur.
2545 3210 2845 3267 Evemerus
2874 3211 3048 3283 igitur
3090 3211 3231 3282 quod
3271 3210 3414 3282 regis
3445 3210 3742 3267 Cassandri

2164 3304 2377 3360 amicus
2403 3312 2569 3370 esset,
2600 3320 2725 3361 cum
2758 3304 2879 3374 ejus
2921 3319 3088 3360 causa
3131 3305 3557 3375 regia-quaedam
3592 3304 3745 3360 obire

2162 3396 2374 3464 munia,
2408 3405 2463 3452 et
2509 3398 2837 3468 longinquas
2871 3396 3158 3452 instituere
3188 3396 3299 3468 60
3346 3395 3743 3467 peregrinatio-

2164 3504 2265 3544 nes
2289 3495 2577 3558 cogeretur
2600 3530 2616 3554 ,
2649 3503 2770 3543 sese
2821 3489 2875 3542 in
2923 3486 3200 3543 Oceanum
3236 3488 3532 3558 aliquando
3576 3488 3743 3545 meri-

2162 3580 2305 3635 diem
2330 3595 2533 3636 versus.
2549 3580 2787 3636 delatum
2806 3593 2928 3635 esse
2953 3588 3379 3635 commemorat:
3405 3594 3529 3634 cum
3560 3588 3743 3633 autem

2162 3690 2227 3729 ex
2260 3672 2421 3730 felice
2459 3673 2663 3729 Arabia
2698 3673 3000 3738 solvisset,
3045 3673 3247 3729 multos
3277 3674 3331 3727 in
3365 3669 3582 3727 Oceano
3627 3671 3745 3726 dies

2162 3766 2526 3839 nauigationis
2550 3781 2771 3823 cursum
2812 3767 3075 3833 tenuisse,
3103 3767 3280 3821 donec
3301 3766 3366 3820 ad
3400 3774 3744 3821 transversas

2164 3859 2433 3930 quasdam
2485 3868 2541 3915 et
2566 3858 2819 3930 obliquas
2850 3857 3064 3915 Insulas
3088 3860 3414 3930 appelleret,
3449 3860 3743 3930 exquibus;

2163 3963 2249 4015 ea,
2283 3965 2408 4020 quae
2439 3950 2653 4005 caeteris
2685 3948 2981 4015 eminebat,
3010 3946 3278 4004 Panchaea
3306 3948 3607 4003 dicebatur.
3644 3945 3744 4001 Hic

2163 4056 2293 4098 vero
2322 4056 2383 4098 se
2403 4039 2703 4097 Panchaeos
2736 4039 3011 4096 insulares
3039 4038 3262 4103 vidisse,
3306 4039 3400 4107 qui
3446 4039 3645 4109 pietate
3677 4055 3743 4095 ac

2166 4134 2432 4206 religione
2462 4140 2814 4205 praestarent,
2847 4132 3088 4203 deosque
3116 4130 3406 4202 magniﬁco
3447 4131 3741 4185 admodum

2165 4224 2568 4281 sacriﬁciorum
2631 4232 2896 4294 apparatu
2929 4264 2946 4290 ,
3012 4221 3281 4292 donisque
3334 4221 3744 4290 pretiosissimis

2165 4331 2304 4373 auro
2349 4324 2686 4387 argentoque
2740 4312 3074 4383 llulgentibus
3118 4316 3528 4365 venerarentur.
3591 4307 3746 4365 Hane

2165 4408 2331 4478 igitur
2361 4406 2597 4463 insulam
2635 4404 2742 4461 diis
2772 4417 3006 4459 sacram.
3029 4417 3153 4458 esse
3176 4441 3193 4467 ,
3227 4402 3282 4462 in
3313 4417 3422 4473 qua
3456 4416 3582 4456 cum
3632 4403 3739 4456 alia

2165 4501 2427 4571 pleraque
2487 4499 2815 4563 viserentur,
2870 4510 2993 4567 qua:
3055 4495 3475 4550 admirationem
3542 4495 3743 4564 partim

487 4585 717 4658 Ἀθηνᾶν
753 4587 823 4641 δὲ’
851 4588 961 4641 ἀπὸ
995 4586 1096 4658 τῆς
1130 4588 1345 4659 τρίτης.
1394 4586 1649 4641 Ἐλθόντα
1681 4588 1738 4641 δὲ
1768 4589 1850 4652 εἰς
1882 4587 2059 4641 Βαϐυ-

2165 4600 2439 4649 vetustate
2470 4606 2651 4646 rerum
2675 4631 2688 4655 ,
2719 4590 2919 4660 partim
2946 4587 3211 4660 singulari
3248 4586 3381 4643 artis
3419 4585 3738 4642 excellentia

475 4680 641 4745 λῶνα,
670 4678 1061 4752 ἐπιξενωθῆναι
1104 4680 1292 4751 Βήλῳ·
1339 4680 1433 4733 καὶ
1468 4680 1605 4751 μετὰ
1651 4677 1823 4733 ταῦτα
1856 4681 1935 4742 εἰς
1964 4679 2059 4749 τὴν

2162 4693 2566 4742 eommoverent
2595 4725 2611 4748 ,
2656 4697 2890 4754 qumque
2928 4680 3305 4751 superioribus
3362 4678 3517 4735 libris
3560 4692 3746 4749 perse-

473 4772 760 4844 Πάγχαιαν
802 4772 963 4843 νῆσον
1015 4773 1151 4850 πρὸς
1197 4771 1434 4843 Ὠκεανῷ
1476 4771 1738 4843 κειμένην
1769 4771 2059 4845 παραγενό-

2162 4778 2273 4834 cuti
2336 4791 2570 4840 sumus;
2626 4782 2741 4830 tum
2788 4773 2842 4827 in
2901 4773 3137 4843 quodam
3190 4772 3389 4827 mirum
3422 4769 3476 4824 in
3518 4768 3741 4824 modum

477 4877 660 4933 μενον,
687 4860 763 4915 Οὐ
774 4861 933 4935 ρανοῦ
964 4860 1059 4915 τοῦ
1089 4861 1218 4917 ἰδίου
1255 4862 1600 4935 προπάτορος
1633 4859 1814 4933 βωμὸν
1846 4861 2063 4934 ἱδρύσα-

475 4953 622 5009 σθαι.
686 4952 973 5007 Κάκεῖθεν.
1015 4953 1103 5007 διὰ
1158 4953 1358 5025 Συρίας
1399 4953 1574 5007 ἐλθεῖν
1621 4954 1760 5028 πρὸς
1801 4954 1893 5007 τὸν
1942 4956 2063 5008 τότε

472 5052 740 5123 δυνάστην
791 5050 1054 5117 Κάσσιον,
1118 5050 1179 5117 ἐξ
1226 5046 1300 5107 οὓς
1342 5052 1437 5106 καὶ
1486 5051 1549 5105 τὸ
1607 5051 1849 5107 Κάσσιον
1913 5052 2058 5123 ὅρος.

489 5142 742 5198 Ἑλθόντα
802 5144 859 5197 δέ
920 5146 1001 5209 εἰς
1057 5144 1334 5212 Κιλικίαν,
1403 5145 1627 5217 πολέμῳ
1674 5146 1892 5216 νικῆσαι
1957 5145 2061 5199 Κί-

476 5230 604 5284 λικα
636 5230 937 5303 τοπάρχην.
992 5232 1105 5285 Καὶ
1160 5232 1293 5287 ἄλλα
1340 5233 1400 5288 δὲ
1450 5233 1680 5289 πλεῖστα
1729 5233 1857 5306 ἔθνη
1904 5234 2063 5288 ἐπελ-

478 5321 641 5376 θόντα
672 5325 803 5395 παρ’
842 5322 1019 5379 ἅπασι
1041 5325 1357 5397 τιμηθῆναι,
1401 5328 1495 5380 καὶ
1530 5327 1649 5380 θεὸν
1691 5325 2062 5399 ἀναγορευθῆ-

476 5432 585 5469 ναι.
613 5435 632 5468 ι
663 5415 848 5472 Ταῦτα
867 5418 963 5471 καὶ
984 5417 1053 5471 τά
1077 5418 1288 5483 τούτοις
1325 5418 1677 5492 παραπλήσια
1699 5420 1775 5484 ὡς
1794 5421 1924 5492 περὶ
1944 5420 2066 5491 θνη-

475 5507 585 5562 τῶν
611 5507 843 5581 ἀνδρῶν,
869 5511 1001 5581 περὶ
1018 5510 1127 5564 τῶν
1153 5511 1290 5564 θεῶν
1315 5512 1556 5575 διελθὼν,
1585 5512 1837 5583 ἐπιφέρει
1864 5512 2061 5580 λέγων’

485 5618 505 5650 ι
530 5600 641 5654 Καὶ
668 5601 797 5671 περὶ
832 5601 930 5673 μὲν
948 5603 1233 5674 Εὐημέρου
1262 5603 1355 5657 τοῦ
1375 5605 1778 5674 συνταξαμένου
1797 5603 1894 5674 τὴν
1914 5604 2065 5674 ίεράν

478 5692 821 5764 ἀναγραφὴν,
855 5693 1305 5767 ἀρκεσθησόμεθα
1328 5699 1437 5760 τοῖς
1467 5697 1696 5767 ῥηθεῖσι.
1724 5695 1807 5747 Τὰ
1829 5695 1886 5748 δὲ
1918 5695 2065 5766 παρά

478 5787 595 5848 τοῖς
622 5785 848 5856 Ἕλλησι
902 5786 1342 5857 μυθολογούμενα
1389 5788 1516 5858 περὶ
1564 5787 1723 5854 θεῶν,
1758 5786 2067 5849 ἀκολούθως

490 5873 722 5948 Ἦσιόδῳ
756 5878 848 5931 καὶ
891 5879 1112 5951 Ὁμήρῳ
1146 5880 1238 5933 καὶ
1271 5881 1475 5950 Ὀρφεῖ,
1523 5877 1895 5955 πειρασόμεθα
1941 5894 2067 5933 συν-

2164 4871 2313 4926 edito
2360 4868 2499 4923 colle
2555 4865 2706 4921 lovis
2767 4863 3056 4936 Tripltylwi
3111 4863 3372 4934 templum
3436 4862 3505 4916 ab
3551 4860 3740 4915 eodem

2166 4961 2295 5017 olim
2351 4960 2481 5015 dum
2538 4959 2719 5014 adhuc
2770 4958 2913 5012 inter
2959 4946 3210 5012 homines
3256 4961 3480 5023 ageret,
3517 4951 3743 5021 orbique

2165 5061 2438 5108 terrarum
2498 5050 2827 5119 imperaret,
2880 5045 3200 5102 excitatum.
3254 5042 3311 5096 In
3361 5042 3468 5097 hoc
3512 5057 3739 5096 aureum

2166 5143 2608 5216 cippumfuisse,
2641 5141 2735 5211 qui
2771 5156 2858 5195 res
2899 5155 2930 5193 a
2975 5137 3115 5193 ccelo
3140 5178 3156 5203 ,
3189 5135 3426 5189 Saturno
3452 5174 3467 5197 ,
3512 5149 3578 5189 ac
3611 5131 3743 5188 Jove

2165 5235 2426 5307 praeclare
2470 5241 2653 5305 gestas
2693 5229 3019 5285 Panchaicis
3054 5226 3244 5283 litteris
3267 5226 3583 5281 summatim
3612 5240 3742 5281 exe.-

2163 5334 2315 5381 ratas
2339 5323 2663 5380 contineret.
2704 5318 2916 5387 Quibus
2942 5315 3225 5387 subjungit
3263 5316 3465 5371 coelum
3494 5316 3738 5385 omnium

2165 5419 2467 5490 principem
2499 5429 2759 5486 regnasse
2784 5453 2798 5477 ,
2835 5412 3013 5466 virum
3059 5419 3121 5465 ut
3163 5425 3394 5466 summa;
3425 5409 3696 5480 aequitatis
3725 5448 3740 5473 ,

2166 5507 2247 5563 sic
2270 5503 2626 5574 benignitatis
2652 5503 2705 5555 in
2734 5514 2926 5555 omnes
2954 5500 3166 5554 eximiae
3188 5541 3203 5565 ,
3254 5501 3459 5569 quique
3500 5500 3739 5555 siderum

2165 5608 2351 5655 motus
2385 5605 2441 5652 et
2463 5596 2849 5652 conversiones
2877 5592 3120 5661 apprime
3154 5592 3405 5654 calleret,
3452 5591 3742 5660 ipsumque

2169 5691 2306 5745 adeo
2333 5687 2476 5758 quod
2530 5686 2740 5756 primus
2770 5682 3054 5738 sacriﬁciis
3089 5683 3329 5737 cmlestia
3375 5683 3609 5736 numina-
3648 5698 3741 5735 c0-

2166 5780 2379 5843 luisset,
2405 5778 2527 5833 caeli
2551 5784 2972 5850 cognomentum
2994 5775 3287 5831 invenisse.
3308 5773 3569 5828 Eumdcm
3597 5773 3741 5826 ﬁlios

2166 5888 2235 5932 ex
2267 5871 2430 5930 Vesta
2465 5869 2695 5942 conjuge
2744 5864 2882 5923 duos
2910 5866 3172 5924 habuisse
3223 5862 3422 5920 Panem
3457 5872 3509 5918 et
3545 5861 3739 5915 Satur-
