4154 6488
426 373 557 444 ’119

1090 394 1366 453 EUSEBII
1406 396 1894 456 C£SARIENSIS
1929 399 2078 457 OPP.
2124 401 2304 457 PARS
2341 401 2401 457 ll.
2432 433 2499 445 —
2531 401 3029 459 APOLOCETICA.

444 519 579 560 num
606 548 622 572 ,
672 506 924 580 ﬁliasque
955 512 1180 569 totidem
1207 554 1222 579 ,
1256 515 1462 573 Rheam
1509 533 1574 575 ac
1610 517 1885 576 Cererem.
1921 520 2016 592 Ipsi

2130 523 2313 592 τόμως
2355 515 3017 593 ὲπιδραμεῖν.ιΕἷθ⁹ιξῆς
3063 521 3420 576 ὲπισυνάπτει
3466 521 3566 586 τὰς
3611 519 3723 575 τῶν

446 609 576 650 vero
606 594 908 654 Saturnum
956 601 1011 656 in
1043 618 1270 675 regnum
1324 609 1658 665 successisse
1685 651 1701 677 ,
1732 612 1826 680 qui
1874 612 2025 667 Rhea

442 698 630 741 secum
665 698 786 744 toro
808 690 1001 761 juncta
1026 691 1214 751 Jovem
1234 736 1252 762 ,
1282 695 1551 755 Junonem
1573 741 1588 765 ,
1620 717 1687 757 ac
1716 700 2025 774 Neptunum

444 779 765 845 procrearit.
819 780 1007 839 Jovem
1066 795 1245 842 autem
1278 828 1292 851 .
1350 805 1475 846 cum
1528 792 1749 850 Saturni
1800 812 2025 868 regnum

443 869 796 928 haereditario
821 876 948 945 jure
995 882 1333 952 accepisset,
1377 899 1578 945 uxores
1608 888 1831 946 duxisse
1871 898 1986 945 tres
2008 929 2024 953 9

439 961 712 1020 lunonem
739 1007 755 1032 ,
809 969 1061 1025 Cererem
1087 1014 1102 1036 .
1152 989 1218 1029 ac
1252 973 1571 1032 Themidem
1606 1020 1620 1046 ,
1683 994 1914 1051 quarum
1959 995 2025 1034 ex

440 1056 619 1124 prima
652 1057 904 1125 Curetas,
936 1061 1320 1136 Proserpinam
1348 1083 1414 1124 ex
1454 1071 1693 1127 secunda
1714 1111 1729 1135 ,
1766 1088 1831 1127 ex
1869 1072 2025 1128 tertia

439 1146 679 1218 denique
710 1149 983 1209 Palladem
1035 1159 1360 1229 susceperit.
1415 1163 1475 1216 ln
1524 1161 1852 1236 Babylonem
1898 1180 2023 1220 cum

436 1239 698 1304 venisset,
745 1242 985 1311 hospitio
1027 1245 1140 1302 Beli
1176 1264 1339 1305 usum
1379 1266 1540 1319 esse,
1590 1254 1823 1325 indeque
1860 1258 2025 1311 simul

436 1342 504 1382 ac
552 1330 786 1387 insulam
834 1333 1160 1394 Panehaaam
1194 1340 1413 1398 Oceano
1454 1346 1762 1414 proximam
1810 1347 2026 1405 delatus

439 1419 652 1490 fuisset,
690 1440 844 1480 aram
877 1426 1223 1502 leo,cujus
1259 1449 1429 1507 nepos
1467 1446 1610 1501 erat,
1641 1453 1854 1493 sacram
1901 1455 2025 1496 ere-

438 1514 620 1570 xisse:
649 1525 818 1587 atque
863 1520 994 1578 hinc
1037 1539 1135 1595 per
1175 1524 1387 1598 Syriam
1440 1528 1507 1583 ad
1552 1528 1800 1585 Cassium
1832 1547 2025 1603 quem—

435 1604 584 1670 dam,
616 1622 649 1662 a
681 1623 792 1677 quo
822 1626 981 1667 mons
1025 1615 1251 1671 Cassius
1282 1631 1483 1672 nomen
1525 1620 1833 1690 acceperit,
1876 1622 2026 1691 ejus-

2137 609 2375 682 ποιητῶν
2414 610 2761 681 μυθολογίας.
2803 611 2962 665 Ἀλλά
3013 610 3123 682 γάρ
3171 610 3408 668 τοσαῦτα
3465 612 3558 666 καὶ
3611 610 3723 666 άπδ

2132 702 2232 771 τῆς
2278 700 2546 771 Ἐλλήνων
2600 700 2879 770 θεολογίας
2932 701 3297 774 ἀποχρώντως
3347 704 3480 773 ἡμῖν
3524 703 3723 756 ἀποτι-

2131 793 2376 864 τμήσθω.
2431 787 2527 857 Οἷς
2571 793 2791 862 εὔλογον
2837 794 3171 863 ἐπισυνάψαι
3211 794 3319 847 τῶν
3356 794 3535 847 αὐτῶν
3581 792 3721 847 θεῶν

2131 884 2229 949 τάς
2265 887 2324 938 ἐν
2356 888 2469 949 τοῖς
2508 885 2723 950 ἀδύτοις
2755 885 2996 950 τελετάς,
3042 888 3137 940 καὶ⁸
3182 886 3251 940 τὰ
3296 887 3584 960 ἀπόρρητα
3615 902 3718 956 μυ-

2132 979 2357 1052 στήρια·
2396 977 2701 1047 σκέψασθαί
2725 996 2782 1033 τε
2816 979 3043 1052 πότερον
3072 978 3224 1043 θείας
3249 979 3324 1044 ὡς
3355 977 3570 1049 άληθῶς
3602 978 3721 1032 θεο-

2129 1068 2317 1138 λογίας
2366 1068 2599 1141 ὲχούσας
2649 1087 2702 1125 τι
2756 1070 3057 1144 θεοπρεπὲς
3106 1072 3306 1142 δεῖγμα
3357 1071 3633 1142 φέρουσιν,
3682 1069 3718 1141 ἢ

2130 1161 2374 1217 κάτωθεν
2416 1163 2581 1217 ποθεν
2615 1164 2835 1235 μακρᾶς
2880 1166 2975 1218 καὶ
3012 1165 3334 1236 δαιμονικῆς
3378 1164 3587 1234 πλάνης
3627 1164 3720 1233 ὁρ-

2133 1249 2363 1320 μῶνται,
2399 1251 2636 1320 γέλωτος
2665 1254 2699 1325 ἢ
2741 1256 2835 1307 καὶ
2875 1255 3075 1326 μᾶλλον
3107 1255 3392 1326 αἰσχύνης,
3425 1252 3623 1325 μᾶλλον
3659 1251 3718 1305 δὲ

2127 1346 2242 1407 τοῖς
2284 1343 2366 1398 ἔτι
2394 1344 2797 1414 τυφλώττουσιν
2840 1347 3024 1401 οἴκτου
3067 1347 3196 1401 δντα
3232 1346 3376 1413 ἄξια.
3431 1344 3615 1399 Ταῦτα
3660 1343 3720 1398 δι

2130 1435 2362 1507 Κλήμης
2418 1437 2448 1490 ὁ
2487 1437 2790 1508 θαυμάσιος
2832 1440 2890 1492 ὲν
2933 1438 3031 1508 τῷ)
3065 1438 3202 1512 πρὸς
3243 1437 3513 1509 Ἕλληνας
3564 1439 3717 1505 Προ-

2129 1527 2419 1595 τρεπτικῷ
2454 1528 2752 1601 διαρρήδην
2810 1530 3164 1594 ἑκκαλύπτει,
3220 1531 3436 1589 πάντων
3498 1530 3596 1601 μὶν
3627 1527 3717 1585 διὰ

2130 1618 2324 1691 πείρας
2357 1618 2527 1674 ἐλθὼν
2559 1621 2722 1693 ἀνὴρ,
2754 1621 2947 1676 θᾶττόν
2975 1640 3039 1692 γε
3077 1624 3184 1695 μὴν
3212 1625 3310 1696 τῆς
3342 1624 3550 1695 πλάνης
3581 1622 3718 1678 ἀνα-

434 1696 557 1750 dem
579 1700 678 1752 aevi
708 1700 1007 1777 principem
1032 1721 1152 1761 sese
1181 1709 1481 1764 contulisse
1509 1730 1522 1764 :
1551 1725 1676 1765 mox
1706 1712 1759 1765 in
1772 1712 2016 1769 Ciliciam

2127 1710 2341 1774 νεύσας,
2374 1710 2524 1765 ὠσάν
2573 1712 2711 1783 πρὸς
2747 1712 2841 1767 τοῦ
2872 1715 3142 1787 σωτηρίου
3170 1714 3349 1784 λόγου,
3381 1715 3472 1769 καὶ
3495 1713 3582 1768 διὰ
3613 1712 3718 1784 τῆς

433 1798 654 1844 ventum
669 1806 790 1845 cum
805 1803 972 1877 esset,
994 1796 1131 1852 bello
1144 1796 1365 1865 Cilicem
1381 1802 1695 1871 toparcham
1712 1819 2016 1873 superasse;

2127 1803 2491 1875 εὐαγγελικῖκ
2515 1804 2866 1872 διδασκαλίας
2901 1807 3012 1862 τῶν
3056 1808 3243 1862 κακῶν
3287 1807 3713 1880 λελυτρωμένος.

432 1877 668 1951 denique
690 1882 759 1936 ab
781 1885 1039 1940 omnibus
1062 1889 1335 1958 gentibus.
1363 1905 1502 1960 quas
1525 1891 1614 1947 ille
1644 1894 1910 1962 plurimas
1932 1896 2016 1949 οἱ»

2127 1895 2343 1967 Βραχέα
2374 1896 2418 1949 δ’
2449 1892 2542 1950 οὖν
2571 1898 2895 1953 καὶτούτων
2929 1900 3253 1954 ἐπάκουσον.

434 1971 623 2039 iisset,
670 1972 909 2031 honores
955 1989 1309 2035 consecutum
1342 1982 1616 2054 deumque
1658 1987 2028 2041 renuntiatum
2063 1985 2252 2041 fuisse.
2287 2006 2305 2039 ι
2339 1986 2464 2045 llaec
2486 1988 2754 2046 Diodorus
2773 1990 2988 2063 aliaque
3012 1994 3098 2049 his
3149 1994 3348 2049 similia
3364 1993 3432 2049 de
3477 1991 3716 2048 numini-

431 2067 538 2123 bus
564 2068 646 2137 sic
664 2077 926 2141 tanquam
953 2073 1021 2130 de
1051 2074 1366 2133 hominibus
1410 2080 1571 2134 morti
1594 2080 1847 2138 obnoxiis
1894 2082 1987 2137 ubi
2027 2082 2344 2153 disputavit,
2371 2083 2445 2138 ita
2479 2083 2978 2156 prosequitur:61
2998 2086 3112 2141 «Ad
3137 2085 3457 2141 Evemerum
3491 2085 3713 2155 quidem

431 2162 579 2248 quod
602 2164 815 2229 attinet,
843 2166 936 2234 qui
962 2182 1173 2222 sacram
1207 2172 1535 2241 conscripsit
1573 2173 1882 2240 historiam,
1911 2176 2026 2232 haec
2057 2177 2242 2233 abillo
2283 2186 2566 2233 mutuatos
2593 2193 2695 2233 nos
2713 2194 2836 2234 esse
2855 2179 3117 2235 sulliciat:
3158 2179 3437 2248 deinceps,
3484 2193 3624 2248 quas
3648 2176 3715 2233 de

433 2247 626 2310 natura
648 2257 874 2314 deorum
915 2259 1089 2317 Graeci
1112 2262 1326 2320 fabulas
1367 2275 1748 2337 vutgaverunt,
1775 2267 2021 2331 Hesiodi.
2064 2270 2283 2328 llomeri
2301 2272 2615 2344 Orpheique
2667 2273 2909 2343 vestigiis
2943 2273 3277 2341 insistentes,
3305 2272 3536 2341 carptim
3561 2284 3714 2325 sum-

431 2353 733 2426 matimque
748 2358 1114 2429 perstringere
1134 2361 1479 2419 conabimur.
1509 2369 1672 2422 iTum
1692 2369 2058 2438 superioribus
2078 2370 2185 2426 illis
2206 2367 2524 2424 Graecorum
2551 2379 2837 2439 poetarum
2884 2368 3132 2423 fictiones
3184 2368 3395 2422 attexit.
3432 2365 3538 2423 Sed
3563 2366 3712 2421 enim

431 2444 538 2503 ista
584 2447 748 2504 nobis
787 2446 1102 2504 Graecorum
1161 2452 1446 2526 theologia:
1493 2456 1656 2525 quasi
1727 2454 2035 2528 fragmenta
2087 2460 2223 2515 satis
2271 2470 2455 2527 erunt,
2516 2460 2720 2532 quibus
2769 2469 3139 2532 opportunum
3193 2461 3381 2531 utique
3416 2459 3579 2514 fuerit
3621 2473 3714 2514 so-

430 2541 640 2613 lemnes
680 2546 999 2601 eorumdem
1037 2549 1321 2605 numinum
1359 2551 1414 2605 in
1458 2552 1784 2623 templorum
1830 2553 2008 2624 adytis
2069 2555 2319 2611 initiandi
2368 2556 2526 2621 ritus,
2563 2572 2877 2628 arcanaque
2930 2556 3318 2628 mysteriorum
3353 2568 3512 2611 sacra
3575 2552 3713 2607 sub-

426 2638 683 2709 iungere,
718 2655 784 2695 ac
829 2641 1117 2713 diligenter
1163 2644 1329 2700 simul
1363 2646 1568 2711 videre,
1607 2663 1739 2702 num
1792 2664 1921 2703 vere
1980 2650 2196 2707 divinas
2262 2652 2339 2709 illi
2384 2653 2673 2707 numinum
2740 2653 3004 2717 rationes,
3048 2652 3270 2723 Deoque
3325 2652 3549 2723 dignum
3608 2648 3712 2704 ali-

428 2730 563 2801 quid
609 2732 921 2798 complean
965 2735 1256 2806 religiones
1318 2737 1576 2804 inferant,
1621 2757 1691 2795 an
1756 2751 1946 2798 contra
1996 2744 2065 2799 ab
2112 2744 2304 2802 inferis
2352 2747 2621 2804 excitatos
2667 2763 2886 2803 errores
2951 2763 3016 2803 ac
3064 2748 3373 2802 daemonum
3424 2743 3710 2800 fraudibus

429 2827 681 2898 dolisque
714 2828 980 2899 conflatos
1044 2832 1362 2899 obtrudant,
1404 2851 1545 2905 quos
1585 2837 1753 2900 risus,
1815 2838 1927 2893 imo
1965 2840 2141 2909 pudor
2187 2856 2254 2896 ex
2303 2857 2488 2897 rerum
2534 2843 2858 2913 indignitate
2932 2851 3271 2905 contractus,
3352 2851 3446 2897 aut
3514 2854 3709 2897 eorum

427 2920 632 2992 potius,
668 2920 760 2989 qui
808 2930 959 2977 tanta
990 2924 1293 2981 etiamnum
1337 2927 1391 2982 in
1448 2929 1692 2985 carcitate
1728 2942 2040 2998 versantur,
2113 2936 2525 2991 commiseratio
2569 2936 2692 3007 jure
2742 2951 2807 2991 ac
2853 2937 3047 2991 merito
3077 2936 3331 3004 excipiat.
3381 2938 3557 3005 Atque
3607 2935 3713 2990 ho-

427 3026 549 3066 rum
605 3012 998 3082 turpitudinem
1060 3016 1401 3093 admirabilis
1451 3021 1541 3075 ille
1596 3021 1884 3089 Clemens,
1942 3041 2007 3081 ea
2059 3043 2223 3097 quam
2264 3028 2332 3083 ad
2391 3028 2612 3083 Graecos
2662 3029 2848 3099 dirigit
2887 3028 3287 3095 Coliortatione,
3346 3029 3546 3091 nudam
3581 3042 3707 3082 om-

427 3102 693 3176 liumque
743 3107 1096 3175 spectandam
1150 3112 1326 3166 oculis
1377 3118 1656 3186 proponit,
1701 3119 1905 3189 quippe
1952 3123 2045 3190 qui
2095 3136 2221 3177 cum
2290 3136 2485 3177 omnes
2519 3121 2740 3177 illorum
2787 3123 3142 3179 caremonias
3181 3138 3278 3179 sua
3328 3122 3501 3191 ipsius
3543 3134 3709 3189 expe-

426 3199 626 3256 rientia
654 3201 993 3271 cognoverit,
1022 3210 1141 3273 tum
1201 3206 1486 3269 celerrime
1513 3211 1582 3265 ab
1617 3211 1810 3268 infami
1869 3229 2059 3271 errore
2097 3224 2264 3287 caput
2324 3215 2601 3281 extulerit,
2645 3215 2797 3270 verbi
2847 3215 3108 3271 salutaris
3149 3226 3202 3269 et
3245 3214 3571 3283 evangelica
3599 3211 3707 3275 do-

428 3291 623 3360 ctrina:
650 3291 706 3371 vi
733 3306 801 3346 ex
835 3301 917 3346 tot
956 3303 1347 3368 tantorumque
1380 3302 1650 3365 malorum
1684 3306 2011 3379 contagione
2042 3307 2326 3364 liberatus.
2361 3305 2488 3363 Haec
2527 3316 2584 3363 tu
2627 3308 2794 3379 igitur
2825 3306 3014 3377 paucis
3050 3306 3214 3362 etiam
3250 3306 3456 3375 accipe.

1049 3433 1281 3490 CARUT
1321 3435 1409 3491 lll.

431 3520 767 3603 Arcauorum
822 3524 1204 3603 initiorum_et
1241 3530 1594 3603 occultorum
1641 3539 2014 3603 mysteriorum

500 3592 773 3715 epit‘ome,‘
799 3610 916 3661 qua:
973 3596 1345 3667 multiplicium
1390 3601 1606 3675 deorum
1647 3592 2019 3679 superstitione

502 3678 597 3714 ton
630 3678 748 3715 men
780 3679 863 3715 ur.

502 3678 863 3716 τοηιιηεηιιιν.

512 3772 531 3807 ι
561 3750 763 3819 Nolite,
791 3754 988 3824 inquit,
1019 3756 1281 3813 scelerata
1316 3758 1591 3830 impiaque
1634 3764 1795 3837 adyta
1836 3770 2017 3825 curio-

431 3846 552 3915 sius
582 3846 892 3927 explorare,
928 3863 1027 3903 nec
1061 3849 1458 3918 profundorum
1486 3864 1772 3913 antrorutn
1804 3860 2012 3928 hiatus,

432 3939 724 4010 pmstigiis
771 3942 1142 4012 monstrisque
1198 3944 1405 4014 plenos,
1468 3957 1565 4004 aut
1613 3949 2013 4023 Thesproteum

432 4033 686 4101 lebetem,
718 4044 813 4089 aut
856 4036 1120 4103 tripodem
1153 4038 1482 4109 Cirrliaaum,
1515 4054 1610 4099 aut
1656 4061 1868 4102 aeneum
1904 4046 2015 4104 Do-

430 4122 590 4179 donae
634 4124 1060 4189 tintinnabulum
1089 4144 1103 4181 :
1129 4125 1486 4202 Cerandryon
1521 4143 1703 4188 autem
1738 4134 1873 4191 illud
1918 4135 2016 4192 de-

431 4216 595 4270 sertis
638 4216 769 4270 olim
807 4217 859 4271 in
895 4218 1080 4274 arenis
1122 4220 1351 4287 cultum,
1385 4223 1641 4293 quodque
1675 4225 1875 4282 ibidem
1920 4243 2013 4283 ce-

430 4305 747 4362 lebrabatur
797 4310 1106 4378 oraculum,
1134 4311 1248 4382 jam
1296 4329 1425 4370 vero
1468 4331 1594 4371 cum
1646 4317 1761 4387 ipsa
1806 4335 2013 4391 quercu

433 4412 662 4467 prorsus
706 4402 994 4469 emarcuit,
1043 4403 1284 4477 rancidis
1334 4420 1399 4460 ac
1444 4414 1718 4463 vetustate
1760 4409 2013 4465 contritis

432 4488 638 4545 fabulis
667 4478 975 4562 relinquite.
1012 4491 1326 4554 Enimvero,
1364 4494 1517 4550 siluit
1551 4497 1742 4567 utique
1770 4496 1897 4554 fons
1924 4499 2013 4555 ille

431 4578 733 4644 Castalius,
778 4582 932 4637 siluit
964 4582 1340 4657 Colophonius
1386 4585 1541 4651 alter,
1580 4601 1643 4642 ac
1674 4582 1897 4657 reliquae
1939 4588 2014 4644 si-

2650 3444 3051 3498 ΚΕΦΔΛΑΙΟΝ
3098 3443 3174 3496 ῐ“⁷.

2128 3535 2405 3606 Ἐπιτομὴ
2437 3536 2558 3589 τῶν
2594 3535 2948 3606 ἀπορῤῄτων
2992 3532 3268 3606 τελετῶν,
3304 3536 3400 3606 real
3439 3534 3708 3605 κρυφίων

2349 3608 2705 3676 μυστηρίων
2736 3604 2845 3673 τῆς
2875 3604 3178 3659 πολυθέων
3211 3604 3469 3672 πλάνης.

2187 3779 2207 3833 ς
2235 3760 2437 3813 ’Δδυτα
2458 3759 2567 3830 (61)
2585 3760 2765 3815 τοίνυν
2778 3758 2912 3814 ἄθεα
2928 3759 3002 3831 μὴ
3024 3759 3550 3832 πολυπραγμονεῖτε,
3566 3763 3703 3835 μηδὶ

2115 3850 2413 3924 βαράθρων
2440 3852 2684 3924 στόματα
2716 3854 3000 3925 τερατείας
3039 3853 3271 3924 ἔμπλεα,
3300 3854 3333 3924 ἦ
3372 3853 3573 3926 λέϐητα
3601 3856 3703 3909 Θι-

2116 3944 2420 4019 σπρώτειον
2454 3944 2587 4015 (62),
2630 3947 2663 4017 ἦ
2692 3947 2920 4019 τρίποδα
2974 3948 3237 4018 Κιρραῖον
3271 3947 3464 4019 (65),ῆ
3509 3948 3701 4002 Δωδω-

2114 4040 2262 4091 ναῖον
2289 4038 2556 4109 χαλκεῖον·
2584 4039 2915 4110 Γεράνδρυον
2943 4039 3051 4109 (64)
3081 4040 3137 4093 δὲ
3163 4039 3410 4110 ψάμμοις
3459 4042 3558 4111 ὲρή
3569 4057 3702 4112 μαις

2112 4121 2494 4200 τετιμημένον,
2530 4131 2624 4183 καὶ
2663 4130 2723 4183 τὸ
2764 4130 2949 4183 αὐτόθι
2995 4132 3245 4201 μαντεῖον
3268 4129 3403 4200 αὐτῇ
3434 4128 3557 4200 δρυῒ
3598 4144 3698 4200 με·

2117 4216 2464 4292 μαρασμένον
2512 4221 2699 4292 μύθοις
2748 4221 3081 4293 γεγηρακόσι
3117 4219 3499 4289 καταλείψατε.
3541 4219 3697 4275 Σεσι-

2112 4326 2277 4381 γηται
2308 4311 2437 4381 γοῦν
2467 4313 2561 4365 καὶ
2593 4314 2628 4385 ἡ
2666 4312 2980 4378 Κασταλίας
3019 4311 3192 4384 πηγὴ,
3232 4313 3329 4366 καὶ
3375 4312 3697 4381 Κολοφῶνος

2112 4403 2246 4475 άλλη
2275 4404 2447 4475 πηγὴ,
2478 4405 2573 4458 καὶ
2603 4403 2670 4458 τά
2710 4404 2845 4460 ἄλλα
2876 4404 3078 4476 ὁμοίως
3106 4403 3333 4475 τέθνηκε
3354 4403 3423 4457 τά
3459 4405 3695 4474 μαντικὰ

2111 4496 2349 4566 νάματα,
2376 4496 2471 4549 καὶ
2503 4495 2566 4565 δὴ
2592 4495 2685 4549 τοῦ
2714 4495 2883 4566 τύφου
2912 4495 3047 4549 κενὰ
3082 4495 3181 4564 ὀψὲ
3212 4495 3333 4565 μὲν,
3356 4496 3506 4565 ὅμως
3525 4497 3570 4549 δ’
3599 4492 3697 4552 οὖν

2111 4586 2490 4663 διελήλεγκται
2524 4590 2636 4651 τοῖς
2671 4587 2820 4653 ἰδίοις
2856 4588 3289 4659 συνεκρεύσαντα
3323 4587 3531 4658 μύθοις.
3568 4589 3694 4660 Διή-

429 4674 545 4731 mul
581 4690 774 4730 omnes
812 4673 1048 4731 fatidicae
1099 4676 1254 4733 unda:
1284 4686 1565 4742 aruerunt,
1595 4694 1735 4750 quas
1781 4689 2010 4736 ventoso

2120 4696 2280 4751 γησαι
2309 4681 2440 4749 ἡμῖν
2472 4681 2565 4734 καὶ
2591 4680 2692 4752 τῆς
2718 4680 2883 4751 ἄλλης
2917 4680 3215 4751 μαντικῆς,
3267 4680 3465 4751 μᾶλλον
3493 4680 3549 4734 δὲ
3585 4699 3694 4753 μα-

500 4810 612 4882 (61)
631 4810 892 4893 -Ἄδςτνῖα,
933 4810 1228 4893 Clementis
1258 4814 1410 4871 locus
1428 4826 1606 4872 exstat
1631 4815 1685 4870 in
1717 4815 2013 4887 Protrepti-

430 4880 519 4945 co,
550 4880 602 4948 p.
631 4881 662 4934 7
686 4882 911 4937 edition.
939 4880 1276 4938 Graeco-Lat.
1903 4880 1915 4887 ’

434 5020 461 5035 λ
502 4950 1084 5035 (ϐὶλθεσπρώτειον.
1109 4954 1319 5035 .Clein._.
1357 4956 1755 5035 θεσπρωταϊοψ
1814 4957 2008 5023 Mont.,

433 5020 789 5145 θεσπξώτιον,
818 5020 946 5091 quae
975 5023 1160 5078 omnia
1192 5027 1408 5094 probari
1440 5020 1687 5097 possunt.

509 5090 564 5145 (6
604 5096 621 5145 l
661 5093 958 5145 Κιόόαῖον.
1000 5093 1161 5145 Modo
1195 5112 1223 5145 a
1256 5094 1458 5145 Graecis
1485 5096 1710 5145 Κύὸὸαν
1744 5098 1849 5145 seri

509 5090 621 5173 (63)
661 5090 1161 5175 Hippaier._Modo
1192 5090 1223 5149 a
1256 5090 1458 5175 graecis
1485 5096 1710 5175 Κύρραν
1744 5098 2008 5175 scriptum

435 5162 925 5238 φρει-ίεειηηιράο
972 5166 1206 5238 Κίρῤανρ
1266 5164 1514 5238 Cirrham
1574 5162 1774 5237 saepius
1831 5162 2009 5223 Latini

437 5231 950 5308 dixere:_Pli_tiius_l.
985 5231 1145 5308 ινξίς.
1179 5237 1214 5290 5
1239 5256 1251 5291 :
1274 5255 1310 5308 κε
1340 5235 1516 5302 Ultra,
1551 5231 1750 5308 inquit,
1782 5237 2011 5294 Cirrhzei

436 5299 707 5376 Phocidis
724 5304 934 5376 Campi,
967 5307 1222 5376 oppidum
1254 5307 1469 5363 Cirrha.
1503 5299 1521 5360 ι

509 5370 621 5441 (6-1}
660 5370 1058 5443 Γεράνδρυοκζ
1102 5376 1175 5430 Ita
1215 5379 1559 5445 reposuimus
1605 5393 1671 5432 ex
1712 5383 2009 5441 Ctemente,

436 5457 561 5498 cum
597 5459 877 5512 perperam
924 5454 1047 5499 ante
1079 5446 1347 5515 legeretur
1389 5447 1751 5520 γεράνδρειον.
1784 5447 1894 5504 Nec
1919 5448 2012 5503 du-

437 5513 587 5568 l.inm
626 5515 857 5573 videtur.
889 5518 1020 5573 quin
1053 5515 1312 5573 Libvcum
1347 5519 1500 5573 illud.
1524 5534 1589 5573 ac
1626 5518 1862 5573 Dodonae
1894 5534 2012 5573 nro-

437 5521 587 5568 I.inm
626 5521 857 5577 videtur,
889 5521 1020 5585 quin
1053 5521 1312 5587 Libycum
1347 5521 1500 5583 illud,
1524 5534 1589 5574 ac
1626 5521 1862 5575 Dodona:
1894 5534 2012 5588 pro-

437 5600 505 5654 pe
532 5585 808 5653 geminum
834 5587 1122 5659 ﬁnitumus
1150 5590 1431 5644 oraculum
1472 5589 1749 5659 intelligat.
1785 5588 1888 5644 Sed
1915 5590 2011 5643 mi-

440 5668 561 5730 rum
591 5663 677 5709 est
707 5656 848 5730 apud
862 5656 1169 5730 scriptores
1202 5672 1392 5715 omnes
1436 5656 1751 5730 degque'rcu
1784 5660 1894 5723 illa,
1925 5660 2007 5712 vel

438 5724 541 5777 alia
576 5724 995 5803 quavisarbore
1026 5737 1356 5803 pervetusta,
1386 5728 1531 5803 quod
1566 5724 1895 5803 γεράνδρυον
1922 5730 2008 5803 hic

434 5798 707 5866 nominat,
744 5796 1048 5851 silentium.
1100 5798 1365 5853 Arrianus
1401 5796 1648 5866 quidem,
1687 5811 1741 5855 et
1770 5796 2008 5855 'Curtius

439 5864 533 5936 tib.
566 5881 640 5931 iv,
667 5867 761 5937 qui
794 5868 1038 5923 omnium
1075 5868 1348 5926 uberrime
1379 5864 1586 5926 oraculi
1614 5870 1778 5929 situm
1805 5872 2009 5928 solum-

2153 4832 2220 4869 ue
2251 4815 2587 4878 describunt,
2621 4812 3008 4883 opacissimum
3042 4812 3090 4865 ei
3128 4827 3322 4883 nemus
3355 4812 3696 4868 circumfun-

2153 4832 2220 4869 ue
2251 4832 2587 4878 αθερΐιοιιιιι,
2621 4832 3008 4883 οῃθοιςδιηιιιῐη
3042 4832 3090 4865 el
3128 4832 3322 4865 "CUIUS
3355 4832 3689 4868 ειτειηηιυη-

2112 4832 2269 4948 gum,
2297 4887 2501 4939 nullam
2557 4896 2736 4938 tamen
2791 4884 2927 4936 alias
2973 4883 3113 4937 inter
3142 4882 3415 4952 _arborem
3451 4885 3689 4952 signant,

2115 4965 2210 5013 aut
2234 4966 2502 5011 vetustate
2534 4964 2628 5008 aut
2648 4954 2798 5009 cultu
2829 4953 3107 5006 eximiam.
3137 4950 3347 5005 Plinius
3376 4950 3555 5007 autem
3593 4955 3690 5011 lib.

2114 5024 2213 5091 3m,
2239 5041 2288 5081 c.
2323 5025 2415 5085 εδ.
2440 5026 2533 5080 ubi
2564 5025 2631 5079 de
2662 5023 3057 5087 Hammoniaci,
3089 5024 3204 5076 sive
3235 5022 3575 5077 Ammoniaci
3610 5025 3693 5079 la-

2114 5111 2300 5166 cryma
2346 5096 2607 5166 loquitur,
2634 5093 2729 5166 _i_ta
2783 5093 3012 5166 scribit:
3041 5091 3391 5166 (Ethiopia:
3445 5095 3691 5166 subjecta

2115 5113 2173 5151 cr
2214 5113 2300 5150 ma
2346 5113 2607 5166 loquitur,
2655 5113 2729 5147 tta
2783 5113 2971 5148 scrtuu
2999 5113 3012 5146 :
3041 5113 3059 5143 ι
3096 5113 3391 5161 astutuptaa
3445 5113 3691 5163 ειιιιιοοιι

2115 5113 2323 5230 Ali-ica,
2379 5166 2578 5235 inquit,
2604 5162 3007 5235 _Hanintoniaci
3063 5164 3599 5235 lacrymam__stillat,
3633 5165 3691 5219 in

2115 5239 2299 5291 arenis
2328 5232 2502 5303 suist
2527 5233 2655 5289 inde
2702 5244 2756 5288 et
2803 5236 3023 5288 nomine
3058 5232 3221 5287 etiam
3264 5234 3335 5287 ab
3370 5232 3691 5290 Hammonis

2118 5306 2363 5371 Oraculo,
2391 5305 2549 5376 juxta
2581 5305 2725 5375 quod
2756 5304 2994 5377 gignitur
3022 5304 3187 5377 arbor
3219 5319 3382 5377 quam
3416 5304 3689 5377 Metopion

2115 5378 2376 5448 vocant),
2392 5372 2615 5448 resina;
2633 5372 2955 5448 Amod'o,_aut
2979 5376 3207 5448 gummi.
3231 5372 3262 5448 ⁸ὶ
3301 5372 3524 5448 Verum,
3557 5372 3686 5444 opi-

2117 5461 2237 5507 nor.
2267 5444 2438 5515 genus
2465 5446 2676 5501 arboris
2708 5446 2904 5509 innuit,
2932 5460 3040 5499 nou
3069 5444 3397 5516 singularem
3445 5446 3686 5516 aliquam

2116 5514 2339 5579 indicat,
2374 5531 2474 5571 nec
2512 5516 2674 5570 ullam
2710 5526 2804 5570 aut
2847 5514 3132 5570 vetustatis
3159 5514 3253 5569 aut
3283 5517 3463 5570 cultus
3497 5514 3686 5570 notam

2115 5587 2867 5674 ediursitzlhsstfiors's.“9--
2882 5603 2917 5674 ιε
2936 5586 3023 5674 Δρει
3049 5583 3221 5674 Grec:
3244 5585 3451 5674 αιϊετξττ
3473 5588 3580 5674 ξυιῐ.
3597 5597 3689 5674 ιρτ

2118 5655 2206 5712 tus
2236 5655 2309 5712 de
2336 5657 2576 5712 oraculis
2597 5666 2703 5716 est.
2732 5657 2871 5712 inter
2896 5666 3112 5721 caetera,
3137 5656 3230 5709 καὶ
3256 5655 3356 5778 τὴὶν
3378 5655 3687 5778 ἱερὰνέἕᾶ

2118 5735 2525 5778 commemorat.
2572 5727 2939 5778 eontinuoaue
2984 5728 3198 5778 subdit.
3242 5744 3314 5778 κα
3389 5743 3418 5778 τ
3492 5728 3529 5778 Δ

2116 5735 2525 5788 commemorat,
2572 5727 2939 5796 continuoque
2984 5728 3199 5792 subdit,
3242 5727 3338 5781 καὶ
3389 5727 3451 5778 τὸ
3492 5728 3529 5779 Δ

2115 5801 2263 5922 ἔαῖον
2296 5798 2562 5901 χαλκεῖον.
2602 5798 2682 5852 An
2730 5795 2861 5869 ἱερά
2893 5797 3023 5869 δρῦς
3070 5808 3317 5852 nostrum
3355 5796 3457 5851 hoc
3484 5795 3683 5867 γεράν-

2148 5885 2270 5922 ουον
2308 5879 2417 5922 est.

2147 5885 2270 5942 ρυον
2308 5879 2385 5924 est
2402 5879 2417 5922 '1
