4154 6472
373 434 467 489 121

1541 421 1873 482 ΡΒᾸΞΡΑΒ.
1918 420 2175 478 EVANG.
2211 423 2340 479 LIB.
2376 424 2442 479 ιι.

3543 424 3647 482 122

369 554 529 626 νικῆς
555 552 623 607 τά
646 552 896 625 ἄχρηστα
929 552 1257 624 χρηστήρια,
1301 549 1390 605 τὸν
1429 548 1690 620 Κλάριον,
1733 547 1823 600 τὸν
1850 544 1943 597 Πύ-

2066 544 2212 602 l‘astu
2248 561 2376 603 sero
2420 546 2572 614 licet,
2599 548 2778 618 palam
2816 552 2997 603 tamen
3038 549 3337 619 aliquando
3382 550 3645 619 spoliatas

371 648 505 710 em,
536 646 625 700 τὸν
657 646 1019 718 Διδυμέα,τὸν
1042 646 1401 717 Ἀμφιάραον,
1436 644 1527 698 τὸν
1554 643 1797 697 Ἀπόλλω
1822 641 1957 712 (65),

371 742 462 795 τὸν
501 739 844 811 Ἀμφίλοχον,
872 741 921 792 εἰ
949 738 1006 791 δὲ
1037 737 1214 807 βούλει
1241 738 1334 790 καὶ
1372 734 1831 807 τερατοσκόπους,
1865 734 1960 786 καὶ

370 832 789 897 οἰωνοσκόπους,
824 832 917 886 καὶ
962 832 1086 894 τοὺς
1126 830 1351 902 ὀνείρων
1399 828 1591 899 κριτάς
1636 827 1764 890 τοὺς
1808 825 1955 879 ἀνιέ-

376 941 500 998 pou;
529 923 635 995 (66)
671 925 768 977 σὺν
794 923 978 985 αὐτοῖς
999 943 1012 953 ·
1048 921 1244 998 στῆσον
1284 920 1340 973 δὲ
1378 918 1510 990 ὀμοῦ
1548 917 1701 989 παρά
1730 916 1821 972 τὸν
1850 917 1960 970 Πύ-

374 1016 484 1070 θιον
513 1016 662 1085 ἀγων
685 1018 812 1080 τοὺς
838 1015 1280 1086 ἀλευρομάντεις,
1309 1014 1403 1067 καὶ
1432 1011 1836 1084 κριθομάντεις,
1868 1012 1963 1066 καὶ

373 1110 495 1172 τοὺς
547 1107 714 1161 εἰσέτι
757 1106 910 1179 παρὰ
959 1110 1073 1170 τοῖς
1113 1105 1327 1169 πολλοῖς
1359 1102 1757 1174 τετιμημένους
1792 1104 1961 1170 ἐγγα-

374 1198 731 1272 στριμύθους*
767 1201 857 1253 ναὶ
897 1199 1001 1270 μὴν
1030 1199 1199 1253 ἄδυτα
1231 1196 1542 1267 Αἰγυπτίων
1584 1195 1680 1250 καὶ
1734 1196 1956 1270 Τυρρη-

251 1279 259 1295 ’
370 1290 474 1346 νῶν
534 1293 946 1361 νεκωμαντεῖαι
983 1291 1161 1343 σκότει
1217 1288 1661 1361 παραδεδόσθων·
1721 1286 1956 1358 μαντικὰ

369 1383 539 1437 ταῦτα
580 1382 656 1447 ὡς
689 1382 904 1454 άληθῶς
954 1380 1258 1454 ἀνθρώπων
1313 1383 1556 1436 ἀπίστων
1604 1383 1952 1453 σοφιστήρια,

366 1472 462 1530 κᾶὶ
515 1475 722 1547 πλάνης
774 1475 1014 1546 ἀκράτου
1060 1475 1395 1546 κυὸευτήρια
1436 1473 1569 1544 (67).
1616 1473 1954 1544 Συνέμποροι

364 1567 523 1640 τῆσδε
566 1569 665 1639 τῆς
702 1568 954 1640 γοητείας
986 1563 1140 1637 αἶγες
1168 1569 1262 1622 ἐπὶ
1308 1566 1574 1639 μαντικὴν
1619 1565 1962 1636 ἠσκημέναι,

364 1660 459 1714 καὶ
492 1661 725 1731 κόρακες
756 1660 1062 1732 ἀνθρώποις
1089 1661 1225 1732 χρᾷν
1261 1660 1352 1712 ὑπ’
1384 1651 1687 1730 ἀνθρώπων
1710 1657 1955 1711 διδασκό-

367 1765 536 1821 μενοι.
573 1751 637 1804 Τί
670 1751 737 1817 δ’,
787 1750 843 1804 εἴ
876 1768 959 1805 σοι
1002 1751 1358 1821 καταλέγοιμι
1402 1750 1473 1804 τὰ
1501 1751 1806 1821 μυστήρια;
1852 1750 1954 1803 οὐκ

361 1840 727 1913 ἑξορχήσομαι
765 1841 865 1911 μὲν
892 1841 1080 1913 ὥσπερ
1116 1840 1459 1911 Ἀλκιϐιάδην
1499 1841 1749 1910 λέγουσιν
1771 1856 1785 1870 θ
1816 1841 1955 1894 ἀπο-

2064 634 2343 696 viderunt.
2389 644 2746 707 posteaquam
2791 638 2896 693 illae
2941 638 3060 695 suis
3092 654 3218 694 cum
3267 638 3481 696 fabellis
3525 654 3647 695 om-

2063 724 2199 780 nino
2230 725 2610 781 ditlluxissent.
2667 726 2901 783 Decanta
2932 740 2989 783 tu
3038 730 3219 794 nobis,
3246 745 3344 798 per
3373 746 3461 785 me
3490 730 3639 797 licet,

2063 814 2274 884 reliqua
2320 814 2728 872 vaticinationis
2773 827 2871 872 aut
2912 817 3133 875 furiosa:
3163 821 3348 889 potius
3386 821 3643 877 vanitatis

2060 908 2304 970 oracula,
2325 906 2590 971 Clarium,
2623 907 2899 979 Pythium,
2927 908 3640 982 Didymca,Amphiaraum,

2058 997 2389 1067 Apollinem,
2436 1000 2903 1070 Amphilochum:
2934 1002 3042 1072 62
3090 1005 3226 1058 adde
3260 1005 3304 1059 si
3337 1006 3483 1060 lubet
3512 1021 3641 1075 pro-

2056 1090 2331 1160 digiorum
2383 1092 2736 1162 interpretes,
2790 1094 2929 1148 adde
2971 1110 3226 1162 augures,
3271 1096 3638 1167 profanosth

2058 1183 2399 1237 somniorum
2436 1185 2801 1253 coujectores.
2833 1184 2976 1251 Quin
3003 1187 3203 1254 agesis,
3257 1202 3323 1243 ac
3350 1189 3513 1243 simul
3542 1206 3639 1246 eos

2056 1290 2242 1337 coram
2276 1274 2474 1347 Pythio
2508 1286 2709 1343 statue,
2751 1277 2846 1346 qui
2899 1277 3264 1334 divinationes
3298 1295 3428 1334 suas
3462 1280 3638 1337 farina

2057 1366 2332 1423 bordeove
2373 1367 2689 1438 perﬁciunt,
2724 1370 2931 1439 quique
2978 1386 3009 1424 a
3041 1370 3291 1440 plurimis
3338 1372 3639 1429 etiamnum

2055 1460 2422 1514 observantur
2469 1461 2868 1532 ventriloquos.
2924 1460 3048 1516 Jam
3093 1477 3223 1516 vero
3266 1472 3319 1518 et
3347 1461 3637 1535 A‘ngplio-

2055 1565 2178 1604 rum
2222 1552 2544 1620 penetralia,
2578 1562 2634 1608 et
2679 1555 2924 1607 manium
2960 1554 3104 1623 apud
3152 1553 3416 1611 Etruscos
3447 1556 3640 1612 vatici-

2053 1627 2307 1698 nationes
2351 1643 2405 1701 in
2438 1645 2683 1700 tenebris
2709 1645 2932 1714 jaceant
2963 1664 2976 1701 :
3008 1662 3224 1702 vesame
3254 1649 3503 1718 profecto
3531 1649 3638 1705 illa:

2056 1743 2188 1789 sunt
2214 1734 2515 1790 infidelium
2556 1737 2843 1799 hominum
2877 1738 3095 1795 fallendi
3124 1750 3290 1804 artes,
3325 1751 3381 1797 et
3410 1758 3636 1814 compa-

2057 1836 2190 1881 ratae
2237 1827 2304 1881 ad
2352 1843 2545 1897 puram
2580 1840 2876 1901 putamque
2904 1830 3151 1886 fraudem
3196 1834 3356 1901 quasi
3400 1835 3532 1889 alea;
3570 1849 3639 1891 ac

361 1932 635 2003 γυμνὼσω
666 1933 723 1986 δὲ
749 1929 809 1987 εὖ
847 1933 992 2004 μάλα
1020 1932 1123 1986 ἀνά
1144 1932 1237 1986 τὸν
1264 1933 1362 2003 τῆς
1385 1932 1642 2003 ἀληθείας
1673 1932 1829 2001 λόγον
1850 1932 1943 2004 τὴν

2055 1917 2220 1974 sortis
2266 1917 2514 1991 oliicinaa.
2567 1920 2824 1990 Ejusdem
2873 1938 3095 1994 quoque
3130 1923 3505 1982 fasciuationis
3546 1942 3640 1983 ve-

360 2027 613 2096 γοητείαν
646 2025 742 2097 τὴν
770 2025 1227 2098 ὲγκεκρυμμένην
1275 2026 1480 2089 αὐτοῖς,
1515 2027 1609 2079 καὶ
1653 2024 1850 2089 αὐτούς
1885 2043 1951 2093 γε

358 2118 487 2180 τοὺς
514 2116 881 2186 καλουμένους
911 2116 1066 2188 ὑμῶν
1109 2116 1283 2181 θεοὺς,
1309 2111 1386 2171 ὧν
1417 2119 1475 2170 αἱ
1513 2117 1726 2171 τελεταὶ
1761 2135 1952 2188 μυστι-

359 2206 477 2270 καὶ,
504 2201 615 2260 οἷον
647 2207 742 2261 ἐπὶ
776 2206 985 2278 σκηνῆς
1011 2207 1104 2261 τοῦ
1137 2207 1252 2277 βίου
1276 2208 1377 2278 τῆς
1404 2208 1660 2278 ἀληθείας
1684 2209 1950 2279 ὲγκεκλή-

360 2295 476 2351 σθω
528 2296 658 2366 (68)
713 2297 949 2361 θεαταῖς.
1000 2298 1252 2351 Διόνυσον
1308 2298 1583 2369 Μαινόλην
1631 2298 1946 2369 ὀργιάζουσι

274 2458 277 2463 ι
360 2386 587 2456 Βάκχοι,
620 2386 912 2458 ὠμοφαγὶᾳ
952 2387 1048 2458 τὴν
1083 2389 1399 2460 ίερομανίαν
1414 2389 1667 2457 ἄγοντες’
1697 2392 1790 2444 καὶ
1806 2390 1946 2445 τελί-

361 2493 551 2530 σκουσι
583 2477 679 2542 τὰς
710 2480 1041 2549 κρεανομίας
1083 2479 1192 2533 τῶν
1226 2479 1406 2552 φόρων
1434 2480 1568 2553 (69),
1602 2482 1943 2554 ἀνεστεμμέ-

356 2582 435 2618 νοι
470 2569 583 2629 τοῖς
628 2565 845 2635 ὄφεσιν·
886 2567 1300 2634 ἐπολολύζοντες
1332 2569 1478 2623 Εύάν
1508 2571 1743 2643 ἐκείνην,
1777 2572 1842 2629 δι’
1877 2573 1944 2642 ἢν

353 2655 388 2724 ἡ
419 2655 592 2726 πλάνη
646 2656 1113 2728 παρηκολούθησε,
1158 2659 1254 2711 καὶ
1291 2659 1320 2710 ὁ
1364 2658 1595 2722 θάνατος
1644 2660 1944 2729 ἐπηκολού-

352 2744 507 2818 θησε.
538 2749 648 2802 Καὶ
680 2752 903 2819 σημεῖον
926 2750 1126 2820 ὀργίων
1167 2749 1455 2820 Βακχικῶν
1491 2750 1616 2819 ὄφις
1646 2752 1766 2804 ἐστὶ
1789 2769 1941 2804 τετε-

351 2838 627 2911 λεσμένος.
651 2841 859 2894 Αὐτίκα
883 2841 1012 2919 γοῦν
1036 2842 1174 2896 κατά
1202 2842 1297 2914 τὴν
1316 2843 1517 2915 ἀκριϐῆ
1540 2842 1650 2896 τῶν
1677 2843 1941 2915 Ἐϐραίων

351 2931 556 3002 φωνὴν,
601 2932 663 2985 τὸ
710 2932 880 3002 ὄνομα
925 2933 986 2987 τὸ
1036 2933 1150 2986 Εὕα
1180 2935 1539 3006 δασυνόμενον
1581 2936 1940 3007 ἑρμηνεύεται

349 3020 474 3090 ὄφις
501 3020 708 3091 θήλεια.
734 3020 859 3093 Δηὼ
892 3021 950 3075 δὲ
1003 3023 1095 3076 καὶ
1120 3022 1272 3094 Κόρη
1305 3023 1489 3095 δρᾶμα
1513 3023 1613 3095 ήδη
1640 3024 1940 3095 ἐγενέσθην

356 3110 638 3182 μυστικὸν,
671 3113 764 3166 καὶ
791 3113 891 3183 τὴν
920 3112 1151 3183 πλάνην,
1183 3115 1278 3167 καὶ
1318 3113 1417 3186 τὴν
1456 3114 1733 3186 ἁρπαγὴν,
1763 3117 1857 3168 καὶ
1880 3115 1941 3169 τὸ

352 3202 548 3267 πένθος
582 3203 771 3256 αὐταῖν
807 3204 1049 3267 Ἐλευσὶς
1086 3204 1348 3277 δᾳδουχεῖ.
1386 3206 1497 3259 Καί
1550 3224 1638 3277 μοι
1673 3206 1821 3260 δοκεῖ
1869 3207 1940 3261 τὰ

2054 2010 2152 2065 Ιιιιί
2185 2011 2571 2081 negotiationis
2616 2016 2780 2070 socia:
2826 2016 3130 2074 habeantur
3170 2033 3350 2087 caprae
3396 2020 3461 2073 ad
3492 2018 3635 2073 divi-

2052 2103 2293 2157 nandum
2325 2101 2650 2168 inl'ormatae,
2682 2121 2782 2162 nec
2810 2123 2921 2163 non
2950 2110 3098 2163 corvi
3130 2110 3230 2173 illi,
3266 2125 3407 2178 quos
3442 2111 3510 2164 ad
3545 2126 3636 2166 re-

2051 2207 2254 2262 sponsa
2300 2193 2575 2249 reddenda
2621 2196 2874 2251 homines
2914 2199 3185 2253 erudiere.
3227 2198 3369 2265 Quid
3414 2201 3461 2256 si
3513 2200 3634 2270 ipsa

2049 2299 2268 2355 quoque
2310 2287 2573 2355 mysteria
2626 2288 2722 2342 tibi
2765 2289 3090 2344 enucleem?
3135 2289 3255 2345 Non
3304 2307 3369 2347 ea
3411 2293 3633 2362 quidem

2050 2386 2254 2434 temere
2281 2380 2535 2449 vulgabo,
2567 2391 2627 2435 ut
2655 2381 2988 2437 Alcibiadem
3013 2382 3213 2439 fecisse
3248 2385 3501 2452 tradunt;
3536 2384 3634 2441 sed

2048 2477 2232 2524 tamen
2270 2471 2408 2526 belle
2442 2473 2742 2529 admodum
2777 2474 3045 2544 quidquid
3076 2477 3180 2531 sub
3215 2477 3285 2532 iis
3328 2478 3632 2548 praestigia-

2045 2578 2168 2617 rum
2203 2564 2355 2631 latet,
2385 2566 2503 2635 ipsa
2535 2568 2784 2624 veritatis
2814 2570 3064 2623 oratione
3098 2571 3340 2635 nudatio,
3381 2587 3632 2642 quosque

2045 2652 2179 2708 deos
2213 2656 2543 2724 nuncupatis
2566 2672 2631 2711 ac
2662 2657 2906 2728 mysticis
2930 2659 3131 2715 ritibus
3165 2660 3368 2725 colitis,
3399 2661 3521 2716 illos
3548 2660 3633 2716 sic

2045 2752 2306 2815 tanquam
2348 2747 2403 2800 in
2440 2748 2625 2817 aliqua
2656 2748 2823 2818 hujus
2848 2750 2975 2803 vita:
3015 2765 3179 2805 scena
3217 2751 3462 2807 inclusos
3489 2750 3631 2805 veri-

2045 2835 2173 2891 tatis
2195 2836 2440 2907 ejusdem
2476 2836 2843 2908 spectatorum
2885 2843 3063 2897 oculis
3089 2842 3367 2911 objiciam.
3400 2842 3479 2898 Ac
3512 2842 3627 2911 pri-

2043 2943 2219 2995 mum,
2248 2944 2374 2985 ecce
2416 2930 2512 2984 tibi
2544 2931 2797 2987 homines
2826 2931 3031 2987 furoris
3059 2944 3229 2987 (nstro
3259 2934 3449 3002 perciti
3489 2932 3628 2989 Bac-

2043 3020 2206 3074 chum
2242 3019 2504 3075 Maenolen
2554 3022 2894 3077 solemnibus
2938 3021 3119 3093 Orgiis
3148 3025 3443 3089 celebrant,
3499 3039 3627 3078 cru-

2041 3113 2236 3165 darnm
2282 3113 2531 3183 carnium
2579 3114 2914 3169 helluatione
2953 3131 3165 3172 sacram
3199 3116 3469 3170 insaniam
3505 3131 3627 3186 per-

2043 3213 2290 3275 agentes,
2326 3218 2704 3273 czesarumque
2751 3205 3093 3259 victimarum
3130 3214 3311 3274 partes
3350 3206 3620 3272 dividunt,

347 3292 531 3367 ὄργια,
568 3295 663 3348 καὶ
701 3295 770 3349 τὰ
808 3297 1081 3368 μυστήρια
1127 3299 1237 3351 δεῖν
1280 3299 1649 3369 ἐτυμολογείν,
1695 3298 1764 3353 τά
1818 3300 1937 3371 μὲν,

2044 3293 2391 3362 serpentibus
2424 3294 2668 3349 coronati
2699 3313 2713 3349 :
2749 3294 3030 3367 Evamque
3061 3296 3207 3350 illam
3244 3297 3414 3352 vastis
3447 3298 3627 3352 ulula-

348 3385 460 3440 ἀπὸ
483 3384 583 3455 τῆς
605 3385 773 3457 ὀργῆς
801 3387 904 3457 τῆς
928 3390 1099 3461 Δηοῦς
1140 3388 1275 3460 πρὸς
1307 3388 1406 3441 Δία
1431 3390 1805 3461 γεγενημένης
1831 3408 1842 3419 ·
1871 3391 1941 3445 τὰ

348 3475 428 3545 δὲ,
459 3479 567 3532 ἀπὸ
598 3480 691 3533 τοῦ
723 3478 926 3551 μύσους
960 3480 1053 3533 τοῦ
1085 3479 1493 3552 συμϐεϐηκότος
1537 3483 1666 3552 περὶ
1699 3480 1790 3536 τὸν
1824 3482 1942 3543 Διό-

350 3586 530 3625 νυσον.
562 3572 626 3625 Εἰ
660 3571 718 3626 δὲ
760 3572 852 3625 καὶ
896 3571 1005 3625 ἀπὸ
1033 3571 1350 3637 ᾕίυσοῦντός
1394 3589 1539 3636 τινος
1581 3572 1847 3639 Ἀττικοῦ,
1881 3575 1940 3629 ὃν

350 3662 410 3715 ὲν
437 3663 672 3736 κυνηγίᾳ
698 3663 1062 3737 διαφθαρῆναι
1096 3663 1493 3737 Ἀπολλόδωρος
1515 3664 1684 3734 λέγει,
1713 3666 1775 3719 οὐ
1811 3666 1939 3736 φθό-

348 3771 438 3818 νος
469 3754 622 3826 ὑμῶν
654 3754 968 3823 δεδοξάσθαι
1011 3755 1082 3810 τά
1126 3758 1400 3831 μυστήρια
1444 3756 1752 3828 ὲπιτυμϐίῳ
1785 3761 1937 3831 φωνῇ

349 3846 445 3899 καὶ
476 3849 631 3919 τιμῇ.
668 3846 907 3919 Πάρεστι
955 3847 1014 3901 δὲ
1059 3848 1153 3901 καὶ
1204 3847 1377 3913 ἄλλως
1422 3847 1665 3921 μυθήριά
1702 3848 1815 3921 (70)
1857 3867 1938 3931 σοι

349 3940 511 4004 νοεῖν,
545 3940 1027 4012 ἀντιστοιχούντων
1073 3940 1182 3995 τῶν
1217 3940 1582 4013 γραμμάτων,
1627 3939 1699 3995 τὰ
1732 3943 1940 4013 μυστή-

352 4047 461 4102 ρια.
499 4031 801 4104 Θηρεύουσι
831 4031 940 4103 γάρ
969 4033 1019 4086 εί
1053 4032 1149 4086 καὶ
1189 4032 1338 4087 ἄλλοι
1372 4032 1544 4097 τινὲς,
1576 4032 1717 4105 ἀτάρ
1753 4034 1845 4087 καὶ
1885 4036 1935 4090 oi

352 4122 512 4195 μῦθοι
537 4125 587 4177 οἱ
609 4124 819 4190 τοιοίδε,
844 4123 1073 4196 Θρᾳκῶν
1099 4126 1225 4187 τοὺς
1253 4124 1787 4197 βαρϐαρικωτάτους,
1806 4126 1939 4196 Φρυτ

349 4215 463 4285 γῶν
489 4218 616 4279 τοὺς
638 4216 1050 4288 ἀνοητοτάτους,
1068 4215 1334 4286 Ἑλλήνων
1363 4219 1489 4280 τοὺς
1516 4216 1933 4288 δεισιδαίμονας.

352 4308 565 4361 Ὀλοιτο
621 4302 715 4361 οὖν
756 4310 784 4362 ό
822 4308 982 4379 τῆσδε
1022 4306 1191 4379 ἄρξας
1238 4307 1334 4379 τῆς
1385 4304 1617 4371 ἀτοπίας
1644 4307 1784 4380 ἀνὴρ
1845 4308 1937 4360 ἀν-

349 4398 616 4471 θρώποις·
648 4400 759 4453 εἴτε
789 4402 818 4453 ὀ
866 4399 1135 4472 Δάρδανος
1156 4401 1185 4452 ὀ
1218 4398 1442 4471 Μητρὸς
1482 4398 1617 4452 θεῶν
1642 4398 1934 4452 καταδιδά-

349 4491 445 4557 ξας
480 4490 548 4544 τά
577 4492 874 4563 μυστήρια,
903 4491 1014 4545 εἴτε
1061 4492 1287 4546 Ἠετίων
1308 4491 1423 4545 ὀτά
1451 4490 1821 4563 Σαμοθρᾴκων
1845 4492 1936 4564 ὅρ-

2044 3385 2188 3440 tibus
2217 3385 2599 3451 inclamantcs,
2644 3401 2741 3455 per
2780 3402 2945 3457 quam
2973 3387 3142 3457 janua
3178 3395 3262 3443 est
3294 3403 3402 3441 non
3447 3388 3623 3443 errori

2042 3478 2223 3541 modo,
2257 3478 2351 3532 sed
2401 3477 2503 3548 ipsi
2554 3494 2774 3547 quoque
2820 3478 2984 3551 morti
3030 3478 3319 3549 patefacta.
3364 3478 3431 3535 Et
3468 3495 3622 3551 sane,

2040 3586 2165 3627 cum
2197 3570 2478 3641 orgiorum
2512 3568 2907 3627 Bacchicorum
2941 3573 3014 3627 sit
3045 3574 3205 3642 quasi
3227 3574 3502 3644 quoddam
3533 3574 3621 3629 in-

2039 3664 2194 3734 signe
2222 3678 2448 3733 serpens
2488 3678 2693 3718 arcano
2723 3664 2829 3718 ritu
2860 3674 3237 3732 consecratus,
3265 3674 3381 3723 tum
3414 3680 3545 3722 vero
3573 3662 3626 3725 sl

2039 3764 2293 3813 accurate
2326 3772 2517 3811 vocem
2553 3755 2879 3812 Hebraicam
2916 3758 3263 3828 interpretari
3290 3761 3443 3825 velis,
3470 3759 3618 3815 [leva

2040 3862 2165 3901 cum
2192 3848 2530 3916 aspiratione
2556 3848 2796 3920 graviori
2829 3858 3134 3918 serpentem
3163 3848 3419 3905 feminam
3449 3850 3620 3921 signi-

2039 3937 2185 3992 ﬁcat.
2212 3936 2415 3993 Deinde
2437 3937 2605 3996 Ceres
2630 3949 2683 3994 et
2702 3938 3029 4009 Proserpina
3061 3940 3115 3994 in
3139 3942 3428 4012 mysticum
3452 3943 3618 3998 etiam

2040 4027 2238 4084 fabulm
2271 4046 2444 4101 genus
2478 4033 2766 4097 transiere,
2801 4047 3036 4101 quarum
3072 4048 3288 4101 errores
3319 4044 3373 4090 et
3401 4044 3616 4105 raptum

2036 4129 2089 4175 ct
2133 4121 2344 4175 luctum
2389 4124 2673 4179 nocturnis
2721 4121 2937 4176 facibus
2984 4124 3196 4180 Eleusis
3238 4125 3494 4185 illustrat.
3538 4131 3617 4183 Ac

2037 4213 2170 4266 mihi
2211 4214 2429 4284 quidem
2474 4214 2608 4271 tanti
2636 4222 2740 4280 est,
2773 4218 3045 4287 prapriam
3081 4218 3360 4287 orgiorum
3402 4227 3456 4271 et
3499 4233 3619 4287 my-

2036 4305 2328 4371 steriorum
2380 4306 2714 4361 notationem
2777 4316 3056 4363 excutere.
3112 4306 3275 4378 Orgia
3323 4322 3457 4362 sane
3506 4307 3618 4363 ἀπὸ

2032 4394 2135 4465 τῆς
2171 4395 2361 4468 ὀργῆς,
2397 4397 2503 4452 ιιοο
2544 4409 2627 4452 est
2658 4399 2727 4453 ab
2774 4399 3055 4454 iracundia
3102 4414 3300 4453 nomen
3333 4414 3612 4468 accepere,

2033 4501 2142 4555 qua
2201 4485 2369 4543 Ceres
2421 4488 2684 4545 adversus
2741 4489 2929 4545 Jovem
2974 4499 3292 4558 exarserat;
3354 4490 3614 4563 mysteria

348 4600 445 4651 για
477 4583 571 4637 καὶ
602 4583 825 4647 τελετὰς
858 4585 1328 4657 ὑποστησάμενος,
1357 4584 1468 4638 εἴτε
1495 4586 1524 4638 ό
1549 4584 1696 4658 Φρὺξ
1724 4585 1929 4649 ἐκεῖνος

2044 4591 2165 4632 vero
2194 4575 2303 4631 ἀπὸ
2336 4575 2430 4631 τοῦ
2464 4577 2688 4655 μύσους,
2736 4580 2840 4636 hoc
2873 4591 2959 4638 cst
3002 4582 3072 4637 ab
3114 4581 3449 4638 exsecrando
3490 4597 3611 4638 sce-

348 4678 377 4727 ὀ
400 4675 594 4739 Μίδας,
638 4676 667 4729 ὀ
702 4674 852 4748 παρά
900 4675 996 4729 τοῦ
1053 4674 1303 4747 Ὀδρύδου
1358 4673 1567 4746 μαθὼν,
1601 4675 1791 4730 ἔπειτα
1814 4676 1931 4730 δια-

347 4764 471 4829 δοὺς
501 4767 617 4830 τοῖς
675 4766 1136 4838 ὑποτεταγμένοις
1165 4767 1409 4837 ἔντεχνον
1440 4767 1679 4839 ἀπάτην.
1712 4768 1787 4821 Οὐ
1823 4768 1931 4841 γάρ

353 4858 469 4937 μεό
493 4856 744 4929 Κύπριος
794 4859 824 4910 ὁ
871 4856 1143 4929 νησιώτης
1170 4859 1412 4931 Κινύρας
1444 4861 1782 4934 παραπείσαι
1813 4866 1928 4917 ποτῖ

420 5095 535 5171 (65)
577 5099 692 5154 Τόν
725 5101 1002 5171 ᾉπόλλω.
1039 5099 1204 5171 Forte
1238 5102 1506 5171 glossema
1530 5112 1632 5159 est.
1653 5103 1925 5170 Quorsum

349 5169 519 5245 enim,
550 5177 676 5245 post
720 5169 988 5245 Clarium,
1030 5169 1310 5243 Pytuium,
1342 5170 1625 5245 Didymea,
1655 5169 1779 5245 quae
1804 5191 1925 5229 om-

350 5238 442 5313 nia
486 5239 911 5313 suut_Apollinis
962 5238 1343 5313 cognomenta,
1374 5238 1618 5313 ejusdem
1673 5238 1927 5301 nomina-

351 5308 448 5361 tim
480 5309 831 5366 meminisse?

420 5377 536 5453 (66)
579 5379 732 5453 Τοὺς
785 5381 1083 5453 ἀνιέρους.
1123 5382 1293 5439 Clem.
1348 5392 1621 5453 expuncto
1670 5387 1922 5452 articulo,

349 5448 725 5523 ιθειάνιέρον,
757 5448 1176 5523 signiﬁcantius,
1213 5460 1274 5506 ut
1297 5448 1512 5510 videtur
1535 5465 1589 5508 et
1611 5457 1851 5523 gravius.

423 5516 534 5587 (67)
571 5516 683 5575 Καὶ
729 5516 966 5590 πλᾶνης
1005 5522 1264 5592 ἀκράτου
1292 5516 1664 5592 κυϐευτήριᾶ.
1707 5525 1833 5581 Haec
1869 5527 1924 5582 in

348 5588 644 5666 Clemente
668 5604 775 5666 non
802 5588 1055 5666 legimus,
1077 5588 1183 5666 nec
1206 5593 1260 5646 in
1294 5588 1777 5666 Montac."codice;
1803 5613 1926 5666 qua:

351 5670 559 5734 lanugo,
589 5662 647 5734 ni
680 5659 871 5734 fallor,
896 5662 1053 5730 plane
1062 5663 1375 5734 _Clcrneutis
1403 5682 1467 5719 ex
1495 5666 1675 5734 genio.

425 5727 540 5807 (68)
570 5727 1259 5807 -Ἑγκεκλήὰᾂωζξέοἱιὶε
1295 5744 1413 5788 erat
1457 5727 1771 5803 conjectura
1817 5736 1920 5807 leg.

349 5799 696 5867 ὲγκυκλήσω,
726 5810 787 5855 ιιι
814 5814 898 5856 est
933 5802 986 5855 in
1011 5800 1305 5857 Clemente.
1452 5848 1459 5855 .

364 5876 373 5884 ‘
424 5868 533 5945 (69)
578 5868 700 5925 Τῶν
721 5871 940 5943 φόρων.
977 5872 1171 5939 Clem.,
1206 5871 1313 5925 τῶν
1338 5873 1532 5947 φόνων,
1568 5882 1699 5929 utet
1729 5873 1877 5930 Mont
1906 5915 1921 5942 ,

2034 4669 2166 4737 lere,
2201 4669 2346 4740 quod
2377 4671 2524 4726 circa
2554 4670 2829 4729 Bacchum
2874 4674 3053 4745 ipsum
3089 4675 3409 4746 contigerat.
3451 4672 3612 4739 Quod

2034 4763 2080 4820 si
2107 4778 2295 4818 vocem
2329 4763 2488 4819 istam
2522 4780 2552 4820 a
2599 4764 2847 4837 Mysunte
2875 4769 3114 4838 quodam
3151 4768 3332 4822 Attico
3362 4767 3611 4822 derivare

2032 4857 2227 4930 placet,
2258 4873 2422 4929 quem
2457 4858 2825 4930 Apollodorus
2860 4860 2915 4915 in
2945 4861 3236 4917 venatione
3266 4859 3497 4931 periisse
3531 4866 3609 4913 te-

2030 5128 2153 5168 meo
2177 5113 2398 5183 quidem
2426 5114 2654 5183 judicio,
2686 5116 2906 5170 rectius.
2937 5113 3210 5168 Arnobius
3237 5121 3416 5167 tamen
3442 5112 3539 5167 lib.
3573 5128 3606 5169 ν

2030 5183 2225 5258 legisse
2257 5186 2411 5258 visus
2441 5185 2659 5258 esttam
2688 5185 2912 5258 ἐρίφων,
2938 5183 3286 5258 Iiwdaseuim
3327 5183 3602 5258 reddidit:

2028 5256 2175 5325 quod
2205 5255 2369 5309 etiam
2400 5255 2576 5325 magis
2607 5254 2816 5323 placet;
2849 5270 2974 5308 nam
3001 5264 3054 5309 et
3102 5254 3256 5325 illud,
3289 5254 3605 5325 κρεωνομία

2030 5323 2225 5395 φόνων.
2260 5323 2553 5395 admodum
2605 5325 2874 5390 insolens;
2911 5335 2963 5379 et
3022 5324 3189 5378 haedis
3236 5334 3440 5395 optime
3476 5323 3601 5381 cum

2028 5395 2138 5448 illis
2167 5393 2362 5448 Bacchi
2398 5393 2570 5448 sacris
2597 5395 2868 5448 convenit.

2099 5463 2210 5534 (70)
2250 5461 2538 5529 Μυθήρια.
2577 5462 2726 5517 Ficta
2768 5479 2866 5516 vox
2906 5471 3006 5517 est.
3026 5461 3157 5515 Ἀπὸ
3187 5462 3279 5515 τοῦ
3317 5467 3469 5534 μυεῖν
3508 5467 3604 5521 καὶ

2028 5532 2302 5604 θηρεύειν,
2324 5534 2481 5606 quasi
2505 5533 2966 5606 etiaminitiando
2994 5543 3279 5586 venentur.
3297 5532 3443 5606 Nihil
3468 5550 3601 5606 ergo

2026 5603 2113 5658 est
2137 5603 2490 5673 quamobrem
2520 5604 2799 5673 μαστήρια
2818 5615 3131 5673 reponatur,
3153 5604 3451 5673 praesertim
3475 5603 3602 5661 cum

2029 5670 2346 5754 subjuugat.
2395 5670 2719 5754 θηρεύουσις
2738 5671 2846 5754 γάρ
2867 5670 2894 5704 ·“
2917 5671 3215 5754 dicendum
3239 5672 3382 5725 enim
3420 5675 3603 5754 potius

2029 5738 2258 5816 (uisset;
2278 5738 2606 5816 μυστεύουσι
2637 5738 2765 5812 γάρ.
2790 5738 2947 5816 Nunc
2977 5741 3056 5813 τῷ
3086 5738 3343 5811 μυθήρια,
3374 5738 3499 5797 cum
3524 5742 3605 5816 τῷ

2028 5811 2368 5882 θηρεύουσιν,
2395 5811 2601 5879 optime
2630 5815 2885 5870 convenit
