4154 6474
481 440 588 497 123

1118 435 1395 495 ευδειιιι
1433 431 1915 491 C.£S.\R|ENSIS
1949 431 2099 487 OPP.
2142 429 2324 487 PARS
2362 431 2425 487 ll.
2458 464 2526 473 —
2563 432 3062 490 APOLOGETICA.

3639 435 3766 491 124

475 568 679 624 statur,
709 558 962 627 equidem
1016 557 1154 612 nihil
1194 559 1297 612 hoc
1329 556 1485 609 vobis
1518 554 1816 619 invideam,
1852 561 1915 608 ut
1944 567 2063 623 my-

2177 551 2250 611 ὶν,
2299 553 2367 605 τὰ
2413 552 2539 622 περὶ
2587 552 2684 623 τήν
2761 553 3077 625 Ἀφροδίτην
3131 550 3422 624 μαχλῶυτα
3471 551 3657 623 δργια,
3689 553 3768 603 ὲκ

478 651 642 705 steria
681 659 859 703 vestra
912 647 1200 718 sepulcrali
1250 661 1375 701 cum
1432 644 1676 705 nomine,
1727 653 1843 696 tum
1890 641 2056 696 etiam

480 738 690 793 honore
740 739 1086 793 decorentur.
1137 736 1396 802 Quinimo
1444 735 1606 789 liceat
1651 733 1750 787 tibi
1803 731 2059 803 mysteria

478 829 637 900 quasi
690 830 956 902 μυθήρια,
993 830 1097 884 hoc
1140 838 1223 884 est
1281 827 1553 891 venatica,
1589 834 1780 880 mutua
1820 821 2058 876 duorum

478 924 878 979 elementorum
936 920 1381 991 permutatione,
1439 919 1686 988 accipere
1736 936 1748 970 :
1796 923 2062 971 venantur

480 1016 628 1070 cnim
661 1016 707 1068 si
740 1029 863 1084 qua
884 1012 1022 1076 alia,
1054 1011 1367 1082 huiusmodi
1394 1008 1612 1075 fabula,
1647 1013 1916 1076 quotquot
1946 1004 2061 1060 sive

487 1106 630 1178 apud
661 1105 900 1161 Thraces
928 1104 1292 1170 immanitate,
1327 1104 1443 1158 sive
1475 1102 1617 1172 apud
1640 1099 1884 1170 Phryges
1910 1098 2062 1152 insa-

485 1199 598 1264 nia,
632 1198 745 1252 sive
778 1194 923 1266 apud
961 1195 1186 1251 Graecos
1216 1194 1608 1265 superstitione
1648 1193 1925 1263 principes
1949 1205 2065 1244 me-

482 1297 787 1344 morantur.
816 1287 927 1359 63
954 1292 1026 1343 At
1057 1287 1199 1343 male
1243 1294 1453 1358 pereat,
1487 1285 1741 1355 quisquis
1773 1292 1940 1338 tanta
1973 1297 2067 1337 ve-

484 1376 684 1431 cordia
708 1379 998 1432 hominum
1028 1377 1217 1449 generi
1248 1386 1443 1431 auctor
1470 1374 1595 1436 fuit,
1627 1389 1722 1429 seu
1753 1372 2062 1438 Dardanus,

481 1470 577 1539 qui
607 1467 798 1525 Matris
825 1469 996 1525 Deum
1032 1469 1292 1541 mysteria
1338 1467 1547 1529 docuit.
1591 1480 1688 1522 seu
1718 1465 1931 1528 Eetion,
1970 1465 2065 1535 qui

484 1560 912 1618 Samothracum
942 1562 1094 1632 orgia
1123 1577 1247 1617 cum
1278 1577 1470 1617 eorum
1500 1561 1671 1615 initiis
1692 1558 1939 1631 protulit,
1969 1573 2066 1613 seu

483 1651 667 1725 Phryx
713 1655 803 1709 ille
834 1654 1026 1717 Midas.
1061 1655 1156 1725 qui
1187 1670 1313 1709 cum
1358 1654 1426 1709 ab
1456 1652 1679 1725 Odrydo
1723 1651 1978 1707 callidam
2013 1658 2069 1705 et

484 1746 699 1802 artificii
734 1747 951 1818 plenam
1006 1746 1255 1801 fraudem
1300 1746 1622 1816 accepisset,
1652 1760 1773 1799 eam
1817 1752 2067 1814 postmo-

2164 642 2356 704 νυκτὸς
2378 644 2561 713 ἡμέρᾳ.
2606 644 2940 715 παραδοῦναι
2968 644 3262 713 τολμήσας,
3295 643 3769 713 φιλοτιμούμενος

2163 732 2377 787 θειάσαι
2432 735 2636 804 πόρνην
2694 734 2951 788 πολίτιδα.
2984 734 3318 805 Μελάμποδα
3362 735 3417 787 δὲ
3449 736 3540 788 τὸν
3579 736 3771 805 Ἀμυι

2169 824 2377 888 θάωνος
2430 826 2577 879 ἄλλοι
2632 828 2796 895 φασὶν
2842 828 2899 893 ἐξ
2937 827 3213 895 Αἰγύπτου
3271 827 3631 897 μετακομίσαι

2174 915 2385 970 Ἑλλάδι
2416 918 2512 981 τὰς
2545 918 2715 989 Δηοῦς
2751 918 2964 989 ἑορτὰς,
3000 919 3192 982 πένθος
3229 917 3582 989 ὑμνούμενον.
3618 917 3773 971 Τού-

2164 1025 2288 1072 τους
2345 1008 2507 1078 ἔγωγ’
2548 1008 2613 1063 ἂν
2673 1011 3015 1082 ἀρχεκάκους
3054 1012 3291 1082 φήσαιμι
3330 1010 3514 1081 μύθων
3546 1009 3766 1074 ἀθέων,

2164 1100 2260 1153 καὶ
2292 1099 2713 1172 δεισιδαιμονίας
2743 1101 2985 1174 ὀλεθρίου
3013 1103 3276 1173 πατέρας,
3310 1103 3530 1174 σπέρμα
3549 1103 3771 1164 κακίας

2166 1193 2261 1244 καὶ
2292 1191 2498 1264 φθορᾶς
2531 1194 3116 1262 ὲγκαταιρυτεύσαντας
3143 1194 3221 1264 τῷ
3242 1193 3341 1265 βίῳ
3360 1193 3430 1248 τά
3452 1196 3765 1266 μυστήρια.

2170 1285 2308 1356 ’Ἤδη
2348 1285 2406 1338 δὲ
2450 1286 2562 1355 (καὶ
2591 1287 2700 1358 γὰρ
2732 1287 2942 1358 καιρὸς)
2991 1288 3132 1341 αύτά
3180 1287 3335 1358 ὑμῶν
3364 1287 3433 1341 τὰ
3466 1287 3628 1358 ὄργια
3660 1287 3768 1354 ἑξ-

2168 1376 2371 1446 ελέγξω
2397 1376 2612 1449 ἀπάτης
2634 1379 2728 1432 καὶ
2748 1380 3033 1451 τερατείας
3067 1378 3309 1450 ἔμπλεα,
3327 1379 3421 1433 καὶ
3449 1381 3498 1432 εί
3535 1379 3761 1452 μεμύηο

2171 1470 2287 1536 σθε,
2325 1470 2524 1541 μᾶλλον
2554 1471 2940 1539 ἑπιγελάσεσθε
2971 1474 3081 1535 τοῖς
3116 1472 3306 1542 μύθοις
3347 1471 3502 1543 ὑμῶν
3545 1472 3769 1531 τούτοις

2170 1564 2519 1635 τιμωμένοις.
2548 1564 2857 1636 Ἀγορεύσω
2882 1565 2938 1618 δὲ
2959 1565 3261 1635 ἀναφανδὸν
3282 1565 3349 1619 τά
3374 1566 3760 1637 κεκρυμμένα,

2170 1655 2271 1707 ούκ
2303 1653 2451 1707 αίδού
2461 1672 2622 1725 μενος
2643 1655 2844 1724 λέγειν,
2876 1656 2911 1710 ἀ
2931 1660 3258 1728 προσκυνεῖν
3281 1658 3382 1710 οὐκ
3411 1657 3757 1729 αἰσχύνεσθε.

2184 1743 2247 1796 Ἦ
2285 1743 2383 1815 μὲν
2414 1739 2507 1797 οὖν
2546 1745 2870 1816 ἀφρογενής,
2905 1734 2999 1799 καὶ
3021 1749 3385 1819 κυπρογενὴς,
3426 1748 3521 1801 καὶ
3545 1746 3763 1820 Κινύρα

486 1842 617 1895 dum
660 1842 713 1895 in
738 1840 989 1895 subditos
1017 1855 1131 1895 sua
1158 1839 1355 1893 ditioni
1388 1838 1591 1907 sparsit
1623 1836 1930 1891 universos.
1961 1831 2069 1888 Nec

2177 1835 2322 1907 φίλην
2358 1836 2458 1908 τὴν
2512 1838 2830 1908 Ἀφροδίτην
2876 1839 3019 1907 λέγω
3054 1841 3154 1912 τὴν
3187 1840 3506 1911 φιλομηδέα,
3534 1842 3618 1894 ὅτι
3653 1860 3764 1913 μη-

490 1934 635 1989 enim
679 1933 816 1987 mihi
848 1931 1081 2005 Cinyras
1127 1931 1217 1986 ille
1254 1930 1489 2002 Cyprius
1521 1928 1782 1984 insularis
1824 1941 2068 1997 unquam

2177 1930 2308 1984 δέων
2334 1930 2659 2003 ἐξεφαάνθη,
2692 1931 2906 2002 μηδέων
2949 1931 3175 1985 ἐκείνων
3221 1932 3329 1985 τῶν
3368 1933 3763 2004 ἀποκεκομμέ-

492 2025 832 2095 tntposuerit,
860 2025 953 2095 qui
985 2040 1109 2079 cum
1144 2023 1414 2078 famosam
1447 2024 1641 2078 insula
1670 2037 1785 2077 sua
1819 2020 2069 2074 meretri-

492 2134 609 2174 cem
665 2118 820 2172 deam
868 2117 1081 2173 efﬁcere
1130 2117 1477 2171 vehementer
1520 2123 1754 2184 optaret,
1805 2112 2071 2183 ﬂagitiosa

497 2209 722 2266 Veneris
754 2210 906 2281 orgia
931 2225 994 2264 ex
1033 2208 1274 2263 tenebris
1297 2206 1350 2261 in
1385 2207 1564 2262 lucem
1596 2222 1765 2263 ausus
1789 2213 1876 2261 est
1894 2206 2071 2261 diem—

494 2316 599 2370 que
623 2300 944 2371 producere.
975 2297 1096 2353 Jam
1135 2298 1229 2353 alii
1275 2296 1667 2366 Melampodem
1712 2295 2073 2366 Amythaonis

494 2396 688 2460 lilium,
733 2390 951 2448 Cereris
998 2390 1160 2456 festa,
1211 2391 1444 2455 luctum,
1476 2389 1724 2457 inquam,
1761 2387 1915 2442 illum
1952 2402 2075 2441 car-

496 2486 737 2543 minibus
768 2485 1097 2557 hymnisque
1129 2482 1408 2537 decantari
1444 2481 1689 2545 solitum,
1722 2480 1778 2533 in
1807 2478 2071 2534 Craciam

494 2597 562 2637 ex
589 2577 824 2649 Egypto
847 2575 1156 2630 traduxisse
1183 2574 1393 2628 volunt.
1429 2572 1570 2627 Istos
1593 2570 1846 2642 equidem
1880 2568 2075 2639 impia-

497 2685 619 2727 rum
653 2667 988 2733 fabularum,
1026 2682 1092 2721 ac
1129 2665 1401 2735 pestifera
1441 2662 1848 2733 superstitionis
1873 2676 2073 2731 paren-

497 2777 599 2828 tes,
671 2760 942 2815 malorum
1008 2759 1284 2829 principes
1346 2757 1592 2811 omnium
1646 2754 1818 2811 fuisse
1874 2753 2075 2808 merito

497 2854 753 2921 dixerim,
780 2868 905 2907 cum
943 2851 1031 2905 illa
1059 2850 1320 2922 mysteria
1352 2851 1618 2904 scelerum
1649 2863 1715 2902 ac
1752 2847 1948 2901 mortis
1987 2862 2075 2902 se-

497 2948 644 3003 mina
680 2948 734 3001 in
779 2946 1061 3000 hominum
1112 2943 1277 2997 vitam
1309 2942 1634 2995 intulerunt.
1682 2939 1752 2994 At
1784 2940 1931 2994 enim
1958 2941 2073 3010 jam

492 3055 705 3111 tempus
737 3047 843 3103 est,
872 3047 930 3090 ut
959 3035 1111 3107 orgia
1132 3045 1313 3089 vestra
1348 3031 1559 3088 fraudis
1583 3047 1647 3087 ac
1674 3031 2072 3103 praestigiarum

497 3134 654 3203 plena
700 3146 822 3185 esse
873 3132 1350 3184 demonstremus:
1388 3141 1507 3191 vos,
1562 3125 1609 3180 si
1660 3124 1824 3179 modo
1873 3124 2074 3177 initiati

2175 2039 2279 2075 νων
2311 2022 2564 2093 ούρανοῦ,
2597 2023 2707 2076 τῶν
2753 2022 2987 2092 λάγνων,
3041 2023 3149 2076 τῶν
3201 2023 3338 2094 μετά
3370 2026 3470 2096 τὴν
3502 2025 3671 2095 τομήν
3700 2024 3765 2078 τὸ

2175 2112 2326 2184 κῦμα
2360 2114 2759 2186 βεϐιασμένων,
2805 2117 2899 2170 καὶ⁵
2938 2114 3186 2184 ἀσελγῶν
3220 2117 3347 2187 ὑμῖν
3380 2117 3581 2188 μορίων
3613 2115 3763 2181 ἄξιος

2187 2205 2474 2276 Ἀφροδίτη
2533 2207 2776 2275 γίνεται,
2813 2208 3027 2279 καρπὸς
3051 2209 3113 2261 ὲν
3142 2210 3261 2271 ταῖς
3286 2208 3527 2271 τελεταῖς
3559 2208 3761 2278 ταύτης

2174 2299 2274 2369 τῆς
2333 2299 2599 2367 πελαγίας
2644 2299 2859 2371 ἡδονῆς,
2914 2302 3214 2373 τεκμήριον
3251 2301 3347 2369 τῆς
3389 2301 3572 2370 γονῆς,
3619 2299 3764 2353 ἀλῶν

2177 2391 2423 2463 χόνδρος,
2455 2394 2551 2447 καὶ
2599 2394 2798 2461 φαλλὸς
2830 2397 2943 2457 τοῖς
2977 2394 3303 2466 μυουμένοις
3332 2394 3431 2465 τὴν
3450 2393 3645 2465 τέχνην
3666 2393 3765 2464 τὴν

2181 2487 2433 2558 μοιχικήν
2464 2487 2780 2540 ἐπιδίδοται.
2833 2486 3097 2557 Νόμισμα
3126 2485 3183 2539 δὲ
3229 2486 3570 2559 εἰσφέρουσιν
3625 2486 3763 2556 αὐτῇ

2176 2581 2225 2632 oi
2262 2577 2578 2650 μυούμενοι,
2611 2578 2686 2642 ὼς
2711 2578 2903 2649 ἑταίρᾳ
2927 2577 3154 2648 ἐρασταί
3177 2594 3191 2607 ·
3211 2576 3381 2649 Δηοῦς
3410 2577 3466 2631 δὲ
3495 2578 3768 2649 μυστήρια

2177 2670 2275 2723 καὶ
2316 2669 2439 2734 Διὸς
2462 2670 2601 2743 πρὸς
2623 2669 2837 2742 μητέρα
2870 2671 3166 2742 Δήμητραν
3196 2670 3497 2742 ἀφροδίσιοι
3526 2669 3766 2741 συμπλο-

2178 2759 2292 2822 καὶ,
2329 2760 2424 2813 καὶ
2468 2760 2651 2830 μῆνις,
2704 2759 2804 2812 ούκ
2843 2754 2942 2811 οἷδ’
2991 2760 3019 2812 ὅ
3053 2775 3105 2811 τι
3137 2758 3223 2828 φῶ
3261 2759 3468 2823 λοιπὸν,
3507 2758 3767 2834 μητρδςῆ

2177 2852 2456 2918 γυναικὸς,
2501 2849 2603 2919 τῆς
2647 2848 2853 2920 Δηοῦς·
2900 2846 2968 2921 ἧς
3013 2848 3077 2922 δὴ
3130 2850 3319 2921 χάριν,
3371 2848 3560 2921 Βριμὼ
3603 2866 3769 2919 προσ-

2178 2943 2547 3016 αγορευθῆναι
2582 2944 2833 3013 λέγεταιο
2895 2946 3166 3017 ἱκετηρίαι
3206 2946 3345 3010 Διὸς,
3377 2946 3470 2999 καὶ
3497 2945 3645 3015 πόμα
3682 2961 3762 3015 χο-

2181 3037 2299 3107 λῆς,
2335 3039 2428 3091 καὶ
2467 3037 2865 3109 καρδιουλκίαι,
2918 3039 3011 3091 καὶ
3052 3039 3474 3110 ἀρρητουργίαι.
3510 3035 3695 3090 Ταῦτα
3722 3037 3771 3089 oi

2179 3125 2392 3197 Φρύγες
2412 3125 2753 3180 τελίσκουσιν
2808 3128 3013 3181 ’Δττιδι
3048 3129 3142 3181 καὶ
3171 3127 3411 3199 Κυϐέλη,
3456 3127 3550 3181 καὶ
3593 3124 3774 3197 Κορύ-

497 3225 652 3290 estis,
695 3223 811 3278 risu
860 3237 925 3276 ac
959 3220 1136 3275 sibilis
1175 3228 1385 3274 vestras
1420 3218 1543 3273 illas
1585 3216 1822 3280 fabulas,
1874 3215 2072 3286 quibus

2182 3216 2330 3272 ϐασι.
2399 3218 2815 3289 Τεθρυλλήκασι
2862 3220 2919 3274 δὲ
2977 3221 3049 3285 ὡς
3085 3222 3193 3292 ἀρα
3234 3219 3559 3283 ἀποσπάσας
3593 3219 3799 3291 ὁΖεὺς.

499 3323 710 3371 tantum
755 3311 1125 3369 venerationis
1169 3308 1460 3373 tribuitur,
1516 3323 1628 3377 pra
1674 3307 1888 3362 caeteris
1930 3306 2075 3360 exei-

500 3407 682 3478 pietis.
710 3403 823 3476 Ego
856 3417 987 3458 vero
1018 3401 1199 3455 abdita
1229 3400 1560 3470 penitusque
1584 3398 1866 3452 recondita
1894 3399 2074 3467 paiatn

502 3516 555 3554 tn
583 3496 829 3554 omnium
854 3495 976 3549 luce
1005 3491 1308 3558 collocabo,
1334 3506 1435 3545 nec
1463 3505 1551 3543 me
1572 3490 1746 3558 pudor
1767 3488 1835 3542 ab
1860 3488 1927 3543 iis
1950 3502 2077 3558 pro-

500 3588 740 3646 ferendis
770 3584 1067 3648 revocabit,
1089 3597 1210 3652 qua
1230 3596 1328 3635 vos
1347 3579 1550 3634 divinis
1577 3578 1879 3633 honoribus
1900 3578 2079 3633 colere

503 3698 613 3739 non
628 3682 847 3753 pudeat.
878 3677 1069 3733 Vestra
1092 3676 1256 3746 igitur
1272 3674 1384 3739 illa,
1411 3686 1618 3743 spuma
1634 3671 1858 3725 marina
1875 3671 2077 3741 proles,

501 3775 776 3848 Cyprique
814 3770 978 3836 fetus,
1023 3785 1088 3825 ac
1120 3767 1336 3840 Cinyra
1369 3767 1648 3828 delicium,
1685 3762 1952 3819 Venerem
1997 3765 2080 3817 in-

503 3868 705 3937 telligo,
738 3879 900 3936 quam
934 3860 1255 3933 φιλομηδέα,
1292 3859 1398 3914 hoc
1428 3864 1512 3913 est
1544 3855 1742 3911 veretri
1783 3863 2078 3917 amantem,

505 3959 825 4023 nominatis,
859 3957 1061 4028 quippe
1108 3951 1354 4008 membris
1399 3964 1464 4004 ea:
1513 3946 1833 4021 genitalibus
1875 3957 2081 4010 ortam;

504 4054 650 4109 fetus
688 4052 876 4121 utique
919 4047 1182 4104 abscissis
1212 4045 1321 4101 illis
1359 4042 1496 4099 Caeli
1529 4041 1877 4113 genitalibus,
1909 4054 2084 4110 usque

505 4150 643 4201 adeo
666 4143 960 4207 salacibus,
1002 4148 1064 4194 ut
1090 4146 1240 4195 secta
1269 4152 1490 4208 quoque
1516 4135 1717 4190 undam
1747 4134 1920 4205 ipsam
1951 4148 2085 4187 con-

504 4236 823 4308 stuprarint,
876 4248 977 4289 nec
1018 4247 1126 4287 non
1167 4229 1355 4285 effusis
1401 4228 1457 4282 in
1510 4226 1791 4281 libidinem
1840 4223 2085 4294 corporis

504 4331 671 4387 vestri
701 4328 950 4400 partibus
978 4327 1139 4396 longe
1170 4323 1555 4394 dignissimus,
1591 4318 1771 4375 Venus
1816 4319 1920 4373 ista
1954 4332 2084 4385 pro-

506 4432 743 4479 creatur.
777 4418 984 4489 Itaque,
1013 4417 1069 4473 in
1113 4417 1331 4473 arcanis
1368 4414 1668 4484 voluptatis
1715 4410 1882 4481 hujus
1916 4409 2087 4464 mari-

505 4530 593 4571 na
623 4512 819 4575 sacris,
856 4526 1085 4583 grumus
1135 4509 1289 4575 salis,
1345 4506 1659 4577 efﬁgiesque
1697 4504 1921 4568 veretri,
1973 4511 2089 4556 tan-

2175 3310 2270 3363 τοῦ
2296 3309 2452 3381 κριοῦ
2480 3310 2604 3374 τοὺς
2626 3310 2903 3382 διδύμους,
2940 3313 3121 3383 φέρων
3156 3315 3213 3365 ἐν
3240 3312 3426 3382 μέσοις
3452 3312 3641 3381 ἔρριψε
3662 3312 3775 3373 τοῖς

2179 3401 2398 3466 κόλποις
2424 3403 2524 3474 τῆς
2570 3402 2764 3474 Δηοῦς,
2797 3404 3069 3475 τιμωρίαν
3093 3403 3262 3474 ψευδῆ
3298 3404 3397 3473 τῆς
3424 3403 3606 3473 βιαίας
3640 3420 3775 3471 συμ-

2180 3494 2385 3564 πλοκῆς
2439 3494 2752 3561 ὲκτιννύων,
2807 3496 2884 3558 ὡς
2917 3495 3111 3549 ἑαυτὸν
3165 3495 3326 3565 δῆθεν
3374 3494 3642 3565 ἐκτεμὼν.
3695 3494 3778 3546 Ti

2183 3584 2429 3657 σύμϐολα
2445 3584 2547 3655 τῆς
2577 3586 2834 3656 μυήσεως
2855 3584 3059 3656 ταύτης
3089 3586 3154 3639 ὲκ
3183 3584 3500 3657 περιουσίας
3534 3601 3775 3656 παρατε-

2181 3676 2364 3741 θέντα,
2398 3673 2495 3729 οἶδ’
2527 3677 2609 3729 ὅτι
2643 3677 2855 3746 κινήσει
2893 3674 3129 3746 γέλωτα,
3155 3675 3249 3729 καὶ
3292 3674 3367 3747 μὴ
3402 3675 3778 3744 γελασείουσιν

2183 3768 2313 3838 ὑμῖν
2343 3766 2456 3838 (Ἡ)
2487 3767 2579 3820 διὰ
2604 3768 2731 3831 τοὺς
2787 3767 3063 3837 ἐλέγχους.
3102 3767 3197 3820 Ἐκ
3222 3766 3506 3838 τυμπάνου
3535 3765 3737 3834 ἔφαγον
3759 3779 3777 3797 °

2182 3861 2276 3913 καὶ
2330 3859 2615 3931 κυμϐάλου
2642 3858 2814 3912 ἔπιον.
2864 3860 3305 3931 Ἐκερνοφόρησα
3341 3859 3487 3930 (72)·
3528 3858 3637 3912 ὑπὸ
3685 3859 3780 3912 τὸν

2185 3951 2391 4008 παστὸν
2443 3951 2666 4008 ὑπέδυν.
2718 3951 2907 4007 Ταῦτα
2951 3953 3051 4022 οὐχ
3109 3950 3265 4024 ὖόρις
3296 3953 3365 4006 τὰ
3402 3952 3644 4024 σύμϐολα
3670 3969 3685 4018 ;
3715 3953 3776 4005 ού

2185 4044 2438 4117 χλεύητά
2457 4046 2733 4117 μυστήρια
2753 4061 2767 4110 ;
2797 4045 2861 4097 Τί
2875 4045 2939 4117 δή
2959 4046 3053 4099 καὶ
3074 4045 3143 4099 τὰ
3168 4045 3425 4099 ἐπίλοιπα
3452 4046 3776 4117 προσθείην,

2186 4140 2308 4193 κύει
2337 4140 2489 4211 μὲνὴ
2520 4139 2811 4211 Δημήτηρ,
2842 4138 3205 4210 ἀνατρέφεται
3238 4137 3295 4191 δὲ
3331 4140 3365 4209 ή
3408 4139 3568 4211 κόρη,
3597 4137 3783 4208 μίγνυ-

2187 4250 2276 4287 ται
2295 4232 2341 4285 δ’
2362 4227 2518 4295 αὖθις
2568 4233 2598 4284 ὁ
2639 4232 2909 4300 γεννήσας
2941 4231 3141 4284 οὑτωσὶ
3169 4232 3305 4294 Ζεὺς
3341 4230 3777 4301 τῇ’Φερεφάττῃο

2188 4327 2256 4395 τῇ
2286 4323 2392 4394 ἰδίᾳ
2416 4323 2646 4395 θυγατρὶ
2676 4322 2816 4393 μετά
2846 4325 2945 4394 τήν
2984 4324 3196 4395 μητέρα
3226 4321 3371 4392 Δηῶ,
3420 4322 3781 4393 ἐκλαθόμενος

2188 4417 2281 4470 τοῦ
2317 4416 2585 4490 προτέρου
2626 4416 2849 4487 μύσους,
2883 4418 2978 4470 καὶ
3023 4417 3279 4487 μίγνυται
3307 4415 3523 4487 δράκων
3551 4417 3779 4486 γενόμε-

2191 4526 2301 4572 νος,
2328 4508 2388 4572 ὃς
2409 4502 2475 4577 ἦν
2502 4507 2798 4579 ὲλεγχθείς.
2831 4507 3113 4573 Σαϐαζίων
3135 4507 3267 4575 γοῦν
3294 4507 3614 4579 μυστηρίων
3638 4508 3779 4580 σύμ-

505 4618 673 4674 quam
721 4570 911 4657 fetura
955 4570 1285 4671 symbolum:
1314 4598 1382 4653 iis
1415 4570 1583 4652 tradi-
1605 4596 1761 4663 solet,
1795 4596 1890 4667 qui
1931 4594 2087 4664 flagi-
2118 4570 2164 4626 θ
2193 4570 2348 4655 ϐολον
2370 4570 2506 4665 *τοῖς
2551 4570 2896 4672 μυουμένοις,
2938 4601 2968 4652 ὁ
2994 4570 3089 4653 διὰ
3122 4570 3323 4653 κόλπου
3369 4570 3520 4663 θεάξ-
3572 4570 3781 4671 δράκων

508 4696 636 4753 tiosi
683 4693 1009 4750 concubitus
1052 4693 1264 4747 artibus
1306 4691 1627 4745 initiantur:
1659 4688 1712 4744 hi
1762 4704 1894 4744 vero
1926 4704 2072 4742 num-

2189 4694 2245 4748 δὲ
2278 4685 2434 4759 οὗτος
2471 4693 2851 4765 διολκούμενος
2895 4693 3005 4763 ('75)
3041 4692 3137 4746 τοῦ
3171 4693 3373 4746 κόλπου
3395 4693 3504 4747 τῶν
3524 4696 3783 4769 τελουμέ-

507 4806 659 4847 mum
701 4788 805 4859 ipsi
835 4796 1094 4857 tanquam
1144 4786 1335 4841 amica
1374 4792 1649 4838 amatores
1686 4782 1942 4837 offerunt.
1969 4780 2072 4835 Jan

2189 4804 2316 4850 νων,
2351 4786 2569 4857 ἐλεγχος
2609 4785 2881 4857 ἀκρασίας
2921 4786 3043 4849 Διός
3068 4803 3080 4815 ·
3117 4786 3237 4839 κύει
3270 4786 3363 4840 καὶ
3404 4789 3438 4858 ή
3466 4789 3797 4861 Φερεφάττα.

508 4882 772 4955 mysteria
804 4880 1022 4935 Cereris
1051 4879 1197 4933 aliud
1242 4876 1378 4931 nihil
1402 4885 1549 4941 sunt,
1584 4891 1748 4945 quam
1790 4875 2070 4931 incestuos

2191 4877 2358 4931 παῖδα
2386 4878 2796 4950 ταυρόμορφον.
2846 4877 3062 4946 Ἀμέλει
3096 4878 3229 4947 φησί
3258 4894 3343 4941 τις
3370 4879 3598 4951 ποιητὴς
3626 4881 3783 4934 εἰδω-

508 4971 661 5029 Jovis
692 4988 818 5029 cum
871 4969 1068 5026 Cerere
1114 4978 1287 5024 matre
1330 4981 1662 5038 congressus
1706 4966 2065 5037 ejusdemque

2189 4969 2360 5034 λικός·
2398 4969 2620 5038 Ταῦρος

508 5071 771 5126 matrisne
806 5068 946 5123 ultra
985 5066 1187 5127 dicam.
1232 5080 1301 5118 an
1346 5063 1574 5117 uxoris?
1624 5063 1929 5133 iracundia,
1962 5082 2085 5137 qua
2123 5083 2289 5123 causa
2325 5065 2428 5121 fuit
2465 5081 2564 5120 cur
2604 5064 2790 5119 Brimo
2814 5063 2973 5134 quasi
3003 5062 3242 5120 fremens
3282 5072 3337 5118 et
3377 5064 3783 5137 indignabunda

508 5172 827 5228 vocaretur;
869 5161 1111 5229 itemque
1153 5155 1306 5213 Jovis
1355 5155 1780 5224 supplicationes
1805 5197 1824 5218 .
1862 5154 2002 5213 fellis
2044 5158 2308 5226 haustus,
2361 5158 2543 5212 cordis
2574 5156 2999 5223 convulsiones,
3046 5170 3111 5211 ac
3145 5164 3355 5211 catera
3399 5157 3453 5212 id
3494 5174 3665 5229 genus
3703 5160 3785 5213 in-

509 5257 689 5314 fanda
730 5257 1075 5313 ceremonia.
1120 5254 1203 5308 Ac
1252 5252 1498 5323 Phryges
1543 5251 1761 5321 quidem
1812 5251 2080 5322 ejusmodi
2123 5270 2277 5309 sacra
2320 5253 2375 5307 in
2418 5251 2641 5316 Attidis,
2675 5249 2927 5322 Cybeles,
2959 5259 3015 5306 et
3066 5249 3460 5322 Corybantium
3515 5252 3783 5307 honorem

511 5351 946 5420 memoriamque
986 5349 1194 5405 faciunt
1233 5364 1247 5401 :
1290 5346 1496 5417 passim
1539 5354 1720 5400 autem
1777 5345 1924 5401 fama
1981 5347 2259 5412 vulgatum
2317 5355 2430 5415 est,
2472 5344 2658 5401 Jovem
2706 5345 2930 5401 avulsos
2976 5344 3223 5417 geminos
3266 5343 3454 5399 arietis
3504 5344 3786 5398 testiculos

513 5449 569 5504 in
622 5445 863 5503 medium
909 5444 1126 5500 Cereris
1172 5443 1355 5500 sinum
1406 5441 1731 5511 conjecisse,
1775 5455 1902 5495 cum
1955 5456 1987 5496 a
2029 5456 2090 5497 se
2127 5442 2249 5512 ipso
2300 5450 2555 5498 exactum
2596 5440 2957 5497 abscissionis
2996 5439 3152 5510 quasi
3207 5437 3527 5493 voluntaria
3564 5451 3785 5507 pan-am

584 5673 846 5751 (71)]ςιιὶ
869 5671 955 5751 μὴ
980 5673 1406 5751 τελασεροιισιν
1420 5673 1537 5751 ύμ..
1563 5669 1740 5751 Clem.
1760 5665 2072 5751 legendaea'

2210 5685 2352 5751 ρησα
2381 5687 2394 5723 :
2428 5676 2596 5750 recte,
2622 5667 3028 5751 _xépvov'cnim,_
3051 5667 3309 5751 μυστικόν
3338 5663 3630 5751 ἀγγεῖον,ῆ
3652 5679 3789 5735 κρα·

516 5735 602 5821 μὴ’
647 5735 886 5817 γὲλάσαί
929 5735 1138 5796 ἔπεισιν
1188 5744 1344 5813 ὑμῖν,
1399 5735 1641 5811 pleniore
1695 5749 1749 5793 et
1800 5735 2072 5792 illustrion

2206 5735 2771 5821 cﬁpgmno‘minabant’.
2801 5735 3123 5821 Hesychius,
3156 5736 3372 5821 l-‘pllux:
3406 5736 3711 5821 A‘thcnaus.

513 5801 700 5877 ivisti.
1227 5801 1240 5813 ’
1400 5801 1416 5811 ’
1816 5879 1819 5880 ν
2051 5878 2058 5880 _

2262 5801 2390 5880 T73)
2431 5810 2628 5876 Clem,
2661 5808 2877 5880 δράκων
2900 5801 2956 5861 δέ
2989 5810 3135 5861 ἐστιν
3162 5801 3317 5871 οὗτος
3344 5805 3709 5875 διελκόμενος.

586 5891 698 5964 (72)
751 5885 1251 5956 Ἐκερνοερόρησα.
1293 5884 1371 5937 Ita
1413 5880 1610 5949 Clcm.,
1651 5896 1756 5937 non
1810 5878 2098 5950 ὲκιρνοφή-
