4154 6440
350 413 453 470 125

1516 402 1832 458 PRASPAR.
1875 401 2126 458 EVANG.
2167 403 2297 460 LIB.
2332 403 2407 476 (11.

3510 409 3612 464 £26

351 530 421 587 ob
467 519 716 599 stuprum
771 525 823 580 vi
880 524 1161 589 oblatum,
1217 524 1319 578 hac
1375 521 1567 578 lraude
1615 523 1920 577 simularet.
1978 521 2090 594 64
2133 521 2304 592 Cujus
2355 523 2676 578 initiationis
2707 524 2920 596 egregia
2979 524 3226 597 symbola
3263 524 3440 580 soluto
3470 523 3613 577 otio-

349 637 518 694 soque
566 618 750 674 animo
799 617 1067 688 producta
1125 618 1297 671 risum
1350 616 1505 671 vobis
1553 616 1739 685 utique
1807 623 2082 682 moveam,
2133 617 2348 671 tametsi
2416 617 2612 686 opinor
2673 617 2826 672 vobis
2883 618 3058 678 ridere
3105 634 3212 673 non
3275 617 3424 683 libet,
3462 617 3605 685 quod

347 720 425 773 sic
478 715 804 784 religionum
859 722 1167 766 vestrarum
1227 711 1524 781 indignitas
1570 710 1812 764 omnium
1866 710 1921 762 in
1978 709 2152 764 oculis
2196 708 2486 780 deligatur,
2533 707 2615 762 Ex
2655 719 2900 779 tympano
2970 711 3210 764 comedi:
3238 708 3343 763 bibi
3371 723 3434 762 ea:
3473 723 3610 774 cym-

351 809 467 865 t:alo
494 822 750 862 :cernum
774 808 1119 875 gestatvi:me
1164 807 1219 858 in
1264 805 1559 859 thalamum
1602 804 1739 856 clam
1790 804 2073 860 insinuari.
2110 801 2227 856 Non
2287 804 2402 858 haec
2451 803 2695 874 symbols
2761 803 3018 873 probrum
3079 813 3131 857 et
3189 801 3466 856 infamiam
3512 812 3603 850 sa-

345 901 541 970 piunt?
563 915 671 953 non
703 913 871 952 sanna
905 898 1250 968 ludibrioque
1285 898 1448 968 digna
1499 898 1754 968 mysteria
1786 896 1952 954 sunt?
1985 894 2124 961 Quid
2161 910 2325 965 porro
2360 896 2406 950 si
2457 905 2694 950 attexam
2759 895 3002 964 reliqua?
3043 892 3208 948 Ceres
3262 890 3480 961 quidem
3525 885 3603 940 fe-

351 1007 460 1050 tam
506 991 754 1056 enititur,
795 990 971 1060 puella
1017 1006 1146 1044 vero
1205 991 1469 1046 educatur
1510 1006 1774 1046 :rursum
1821 1007 1947 1048 ecce
2010 991 2108 1048 tibi
2149 1000 2336 1046 castus
2388 988 2599 1057 Jupiter
2645 1004 2766 1042 cum
2829 985 3220 1055 Pherepliatta,
3275 997 3436 1053 quam
3489 980 3604 1047 ipse

349 1096 641 1157 genuerat,
710 1098 835 1155 post
889 1085 1142 1140 Cererem
1203 1093 1473 1151 matrem,
1539 1087 1920 1158 congreditur,
1963 1087 2286 1144 cxsecraudi
2353 1084 2540 1154 ﬂagitii
2587 1082 2787 1152 prioris
2858 1081 3095 1147 oblitus;
3151 1088 3206 1134 et
3251 1077 3602 1146 congreditur

350 1182 606 1237 draconis
658 1179 834 1236 forma
871 1189 1044 1236 tectus
1078 1195 1093 1234 :
1127 1195 1206 1236 src
1261 1189 1445 1236 tamen
1491 1189 1551 1235 ut
1594 1183 1690 1252 qui
1741 1182 1844 1238 sub
1893 1197 1956 1237 ea
1998 1184 2148 1246 latet,
2194 1180 2490 1236 manifesto
2548 1177 2894 1249 postmodum
2961 1182 3228 1230 teneatur.
3290 1171 3600 1228 Enimvero.

348 1275 702 1331 Sabaziorum
738 1275 926 1344 utique
977 1276 1382 1346 mysteriorum,
1449 1275 1518 1332 iis
1570 1277 1663 1347 qui
1721 1278 1894 1333 sacris
1954 1278 2258 1344 initiantur,
2305 1275 2612 1348 symbolum
2665 1284 2768 1335 est,
2829 1271 2974 1326 Deus
3022 1271 3204 1325 sinum
3262 1267 3600 1338 pervadens:

347 1375 484 1425 Deus
550 1379 732 1424 autem
777 1371 883 1424 iste
927 1371 1093 1425 draco
1137 1380 1240 1434 est,
1292 1372 1383 1442 qui
1455 1388 1550 1443 per
1597 1373 1836 1428 medium
1887 1387 2098 1439 eorum,
2146 1389 2286 1442 quos
2324 1371 2552 1429 solemni
2628 1371 2732 1426 ritu
2785 1369 3020 1430 initiant,
3093 1365 3275 1420 sinum
3345 1362 3600 1424 trahitur,

345 1471 548 1514 eertum
612 1461 769 1528 plane
831 1460 1142 1530 impotentis
1212 1459 1364 1516 Jovis
1406 1463 1648 1519 libidinis
1699 1473 2100 1533 argumentum.
2159 1463 2310 1518 Parit
2356 1464 2519 1519 etiam
2579 1461 2964 1532 Plierephatta,
3013 1459 3108 1515 sed
3149 1459 3318 1513 tilium
3382 1454 3603 1512 taurina

347 1547 552 1620 specie;
586 1553 868 1618 nimirum,
901 1561 960 1607 ut
989 1553 1257 1608 idolorum
1281 1555 1458 1610 cultor
1479 1565 1638 1627 poeta
1670 1556 1900 1612 cecinit:

345 1678 539 1754 Πατὴρ
568 1685 911 1756 δράκοντος,
949 1688 1043 1739 καὶ
1077 1687 1271 1754 πατὴρ
1306 1689 1525 1756 ταύρου
1547 1687 1804 1756 δράκων,

348 1760 444 1811 Ἐν
469 1756 588 1824 ὄρει
619 1755 685 1808 τὸ
707 1757 962 1826 κρύφιον
987 1757 1293 1823 ,βουκόλος
1325 1759 1388 1812 τὸ
1414 1755 1704 1827 ίκὲντρον.

341 1889 672 1963 βουκολικὸν,
691 1884 865 1960 οἶμαι,
880 1888 1102 1960 κέντρον
1119 1889 1206 1940 τὸν
1223 1889 1468 1960 νάρθηκα
1489 1890 1912 1962 ἐπικαλιῖ›ν(74),

341 1985 401 2038 δν
423 1983 486 2053 δὴ
542 1981 722 2034 κάλων
771 1980 1198 2049 ἀναστρέφουσιν
1230 1980 1341 2050 (75)
1381 1983 1430 2032 oi
1471 1981 1692 2052 Βάκχοι.
1726 1982 1913 2035 Βούλει

2024 1686 2233 1741 Taurus
2259 1688 2543 1740 draconem
2574 1687 2771 1756 genuit,
2803 1696 2852 1740 et
2881 1697 3093 1740 taurum
3122 1687 3304 1752 draco,

2021 1755 2084 1810 In
2125 1766 2296 1810 monte
2326 1758 2590 1810 occultum
2615 1756 2868 1810 bubulcus
2891 1756 3185 1823 stimulum,

2021 1886 2270 1950 bubulci,
2330 1887 2548 1956 opinor,
2610 1886 2894 1940 stimulum
2965 1887 3226 1942 scuticam
3279 1886 3593 1954 nominans,

2019 1993 2186 2046 quam
2233 1978 2396 2048 lignis
2444 1979 2769 2046 quibusdam
2813 1978 3062 2032 homines
3109 1977 3376 2032 Bacchico
3411 1977 3594 2032 furore

337 2075 425 2125 καὶ
454 2072 522 2124 τὰ
553 2072 904 2143 Φερεφάττης
945 2071 1230 2139 ἀνθολόγια
1283 2073 1629 2144 διηγήσωμαι
1672 2091 1773 2138 σοι,
1820 2075 1896 2128 κα¹

2017 2067 2256 2136 correpti
2290 2067 2690 2138 circumagunt.
2723 2066 2889 2123 Visne
2931 2076 2987 2120 tu
3033 2068 3122 2122 hic
3162 2069 3325 2121 etiam
3361 2066 3530 2121 lectos
3561 2083 3589 2120 a

334 2165 420 2217 τὸν
476 2162 734 2227 κάλαθον,
767 2164 862 2216 καὶ
890 2163 989 2233 τὴν
1027 2163 1132 2215 ὑπὸ
1173 2163 1465 2227 ’Δῖδωνέως
1509 2164 1784 2236 ἁρπαγὴν,
1816 2165 1896 2217 κατ

2013 2155 2339 2227 Proserpina
2392 2157 2553 2212 liores
2597 2159 2692 2212 tibi
2739 2173 3188 2222 commemorem,
3236 2158 3592 2229 ejusdemque

331 2254 390 2304 τὸ
416 2253 604 2323 χάσμα
633 2253 732 2324 τῆς
747 2253 870 2322 γῆς,
890 2253 982 2305 καὶ
1005 2246 1175 2315 τάςῦς
1195 2253 1288 2306 τοῦ
1314 2253 1625 2318 Εὑϐουλέως
1648 2255 1748 2317 τὰς
1777 2271 1908 2323 συγ-

336 2346 735 2409 καταποθείσας
784 2348 902 2398 ταῖν
963 2344 1145 2410 θεαῖν;
1183 2346 1249 2398 δι’
1271 2346 1337 2417 ἢν
1370 2347 1547 2400 αἰτίαν
1583 2350 1642 2401 ἐν
1671 2349 1780 2415 τοῖς
1811 2354 1909 2406 Θε-

341 2437 649 2509 σμοφορίοις
688 2436 1091 2507 Μεγαρίζοντες
1154 2437 1368 2508 χοίρους
1394 2440 1731 2496 ἐκϐάλλουσι.
1762 2445 1906 2498 Ταύ-

334 2543 434 2595 την
461 2527 558 2598 τὴν
595 2526 921 2598 μυθολογίαν
945 2528 1204 2592 ποικίλως
1239 2531 1378 2584 κατά
1412 2532 1592 2596 πόλεις
1619 2535 1907 2605 ἑορτάζου-

334 2635 410 2670 σιν
437 2619 493 2670 αἱ
526 2619 782 2685 γυναῖκες
804 2657 818 2682 ,
856 2616 1222 2690 Θεσμοφόρια,
1276 2621 1662 2694 Σκιρῤοφόρια,
1716 2626 1906 2698 Ἀρῤη-

328 2707 554 2777 τοφόρια
590 2708 724 2778 (76),
774 2707 1128 2779 πολυτρόπως
1179 2709 1275 2780 τὴν
1314 2711 1662 2784 Φερεφάττης
1708 2717 1905 2788 ἐκτρα-

329 2798 589 2867 ἰῳδοῦσιν
618 2798 731 2868 (77)
766 2799 1042 2870 ἁρπαγήν.
1093 2799 1172 2852 Td:
1198 2800 1308 2872 γὰρ
1337 2801 1594 2854 Διονύσου
1631 2809 1902 2877 μυστήρια

325 2889 504 2942 τέλεον
539 2889 900 2961 ἀπάνθρωπα,
949 2891 1008 2943 ὃν
1061 2891 1226 2944 εἰσέτι
1287 2893 1447 2946 παῖδα
1491 2894 1639 2960 ὄντα,
1694 2898 1902 2970 ἐνόπλῳ

327 2979 538 3049 κινήσει
595 2979 1054 3050 περιχορευόντων
1104 2980 1432 3050 Κουρήτων,
1477 2982 1611 3052 δόλῳ
1670 2985 1901 3039 ὑποδύν-

325 3089 429 3125 των
461 3071 704 3124 Τιτάνων
732 3071 864 3140 (78),
892 3071 1270 3141 ἀπατήσαντες
1300 3075 1711 3145 παιδαριώδεσιν
1731 3077 1900 3151 ἀθύρ-

334 3178 522 3233 μασιν,
555 3157 701 3218 οὗτοι
739 3161 804 3231 δὴ
843 3163 891 3214 οἱ
936 3162 1160 3224 Τιτᾶνες
1195 3163 1493 3217 διέσπασαν
1525 3165 1603 3218 ἔτι
1637 3169 1900 3240 νηπίαχον

327 3255 476 3314 ὄντα,
517 3253 594 3317 ὡς
628 3255 657 3306 ό
693 3253 792 3324 τῆς
840 3252 1059 3324 τελετῆς
1102 3254 1330 3325 ποιητὴς
1381 3257 1608 3326 Ὀρφεύς
1655 3275 1818 3329 φησιν
1871 3264 1900 3314 ὁ

329 3341 563 3415 θρᾲκιος
583 3360 596 3374 ·

326 3609 543 3687 ζιζιῖῃῖος,
574 3607 672 3663 καί
695 3611 936 3687 ῥόμϐος,
954 3611 1059 3687 κει)⁸
1077 3612 1321 3687 παίγνια
1333 3616 1750 3687 ἔαμπεοζίγυια
1762 3615 1898 3687 (79),

324 3678 503 3748 arma
533 3696 596 3733 τε
619 3678 868 3750 χρύσεα,
917 3680 1093 3745 καλὰ,
1137 3678 1272 3750 παρ’
1331 3678 1688 3828 Ἐᾰπερίδῲν
1731 3678 1899 3755 ,τιγῶ

1556 3772 1788 3823 securior.

323 3864 432 3916 Καὶ
493 3863 658 3932 τῆσδε
717 3865 850 3934 ἡμῖν
928 3863 1027 3934 τῆς
1082 3864 1300 3934 τελετῆς
1378 3865 1447 3920 τά
1495 3867 1691 3938 ἀχρεῖα
1759 3869 1896 3940 σύμ-

319 3956 485 4020 ϐολα,
561 3957 663 4009 οὐκ
718 3958 938 4027 ἀχρεῖον
999 3958 1078 4020 εἰς
1133 3958 1477 4027 κατάγνωσιν
1531 3960 1892 4032 παραθέσθαι.

330 4048 726 4119 Ἀστράγαλος,
756 4049 968 4118 Σφαῖρα
988 4088 1002 4112 ,
1033 4048 1320 4119 Στρόϐιλος
1339 4091 1352 4116 ,
1388 4051 1550 4122 Μῆλα
1568 4092 1582 4115 ,
1633 4052 1858 4123 Ῥόμϐος
1876 4093 1895 4117 ,

321 4141 655 4210 Ἕσοπτρον,
687 4140 880 4203 Πόκος.
919 4139 1118 4209 Ἀθηνᾶ
1149 4141 1248 4211 μὲν
1283 4139 1374 4196 οὖν
1410 4143 1506 4214 τὴν
1534 4144 1758 4215 καρδίαν
1796 4145 1892 4198 τοῦ

317 4231 571 4286 Διονύσου
605 4232 945 4304 ὑφελομένη,
1012 4233 1225 4297 Παλλὰς
1271 4235 1335 4287 ἐκ
1382 4235 1477 4288 τοῦ
1523 4236 1743 4290 πάλλειν
1793 4237 1894 4309 τὴν

316 4325 546 4398 καρδίαν
573 4325 1011 4397 προσηγορεύθη.
1040 4328 1103 4378 Οἱ
1130 4327 1186 4378 δὲ
1210 4326 1454 4390 Τιτᾶνες,
1482 4330 1530 4380 οἱ
1554 4329 1646 4381 καὶ
1672 4329 1896 4383 διασπά-

317 4434 508 4481 σαντες
538 4417 719 4479 αὑτὺν,
740 4417 944 4489 λέϐητά
975 4435 1095 4471 τινα
1120 4418 1332 4490 τρίποδι
1363 4419 1658 4485 ἐπιθέντες,
1682 4423 1774 4475 κα)⁵
1796 4421 1894 4474 τοῦ

315 4507 571 4560 Διονύσου
617 4507 944 4578 ἐμϐαλόντες
983 4508 1050 4561 τὰ
1087 4508 1248 4579 μέλη,
1299 4509 1558 4578 καθήψων
1593 4511 1885 4583 πρότερον·

313 4599 507 4652 ἔπειτα
530 4597 831 4659 ὀϐελίσκοις
851 4599 1292 4671 περιπείραντες,
1334 4601 1656 4670 ὑπείρεχον
1692 4603 1889 4672 Ἠφαί-

314 4708 500 4746 στοιο.
540 4690 674 4754 Ζεὺς
711 4690 757 4743 δ’
785 4690 1013 4764 ὕστερον
1049 4693 1329 4761 ἐπιφανεὶς
1378 4694 1449 4763 (εἰ
1477 4692 1597 4758 θεὸς
1622 4689 1724 4766 ἦν,
1750 4696 1892 4766 τάχα

385 4869 497 4940 (74)
546 4869 898 4940 Ἐπικαλῶν.
940 4869 1078 4926 Male
1114 4870 1478 4940 apudgClem"
1511 4870 1791 4926 ἐπιτελῶν.

385 4939 500 5009 (75)
529 4941 644 5014 ξ’ον
677 4939 975 5014 (infeci.th
1007 4939 1335 5014 ἀνᾳᾲτρέφ.
1377 4939 1571 5006 Clem.,
1600 4940 1659 4993 ὃν
1691 4942 1755 5014 δὴ
1790 4941 1890 4996 κά-

312 5010 424 5075 λον,
463 5009 568 5074 vel,
626 5022 683 5064 ut
738 5009 980 5075 Hervet.,
1028 5012 1211 5076 καλόν,
1262 5020 1552 5079 utrumque
1606 5009 1885 5068 mendose.

314 5079 553 5153 Montac.
588 5079 808 5149 conjicit
849 5081 1060 5153 καλοί,
1083 5092 1142 5136 ιιι
1193 5081 1480 5153 conveniat
1507 5096 1628 5135 cum
1665 5083 1885 5153 Βάκχοι.

315 5151 478 5224 lj'orte
509 5150 794 5224 legendum
840 5151 930 5204 διὰ
980 5152 1180 5214 κάλων,
1226 5152 1331 5205 nisi
1379 5166 1442 5205 ea
1495 5167 1597 5205 vox
1625 5168 1654 5205 a
1684 5150 1886 5224 prtece-

317 5221 486 5291 denti
505 5221 781 5273 ἐπικαλῶν
811 5225 1173 5291 proseminata
1197 5230 1298 5275 est.

385 5290 498 5362 ('76)
551 5290 984 5361 Ἀρῤητοεοόρια.
1025 5291 1175 5347 Hanc
1202 5307 1385 5347 vocem
1423 5307 1531 5347 non
1578 5291 1740 5347 habet
1768 5293 1892 5348 Cle-

313 5375 491 5432 mens,
520 5377 643 5430 qua:
675 5372 851 5415 tamen
885 5363 1174 5431 rejicienda
1202 5377 1308 5415 non
1341 5374 1443 5428 est,
1467 5363 1591 5417 licet
1618 5379 1891 5432 gramma-

315 5431 411 5504 tici
441 5431 778 5504 Ἀρρηφορία
806 5433 986 5504 potius
1013 5449 1175 5504 quam
1206 5433 1604 5504 Ἀρῤητοφόρια
1627 5431 1725 5488 vel
1761 5435 1888 5504 Ἀῤ-

316 5451 411 5486 uel
455 5451 778 5504 Appqcpopta
806 5451 986 5500 pouus
1013 5451 1175 5502 quam
1221 5451 1336 5503 App
1377 5451 1604 5503 τοφορια
1643 5451 1725 5488 vel
1766 5451 1888 5504 Ἀρ-

315 5501 982 5580 ρητοφορίαηεριηίρερτίρι.
1018 5501 1083 5557 Ει
1127 5451 1461 5580 [estum‘lioc
1491 5503 1744 5580 Minerva:
1777 5505 1888 5570 alii,

314 5571 418 5641 alii
439 5571 566 5625 vero
595 5571 778 5625 Cereri
814 5581 870 5624 et
898 5572 1236 5641 Proserpina:
1274 5588 1485 5627 sacrum
1523 5574 1746 5627 faciunt.

388 5640 500 5761 (77)
552 5640 1074 5710 Ἐκτραγηῦοῦσιν.
1101 5640 1384 5710 Clemens,
1421 5643 1879 5713 ἐκτραγῳδοῦσαι,

388 5726 408 5761 e
433 5728 536 5761 ius.

321 5726 536 5767 ιηειιιιθ.

387 5780 500 5850 (78)
551 5780 922 5834 Ὑποδύντων
964 5780 1237 5842 Τιτάνων,
1266 5790 1368 5835 etc.
1415 5782 1638 5837 Brat'tus
1681 5791 1734 5837 et
1781 5783 1887 5837 cla-

316 5867 431 5906 mis
460 5851 750 5919 legeretur,
776 5851 1066 5913 ὑποδύντες
1097 5853 1350 5917 Τιτᾶνες,
1387 5854 1478 5906 καὶ
1509 5853 1884 5917 ἀπατήσαντες

2011 2249 2309 2312 calathum,
2344 2257 2397 2303 et
2435 2258 2650 2319 raptum
2692 2265 2721 2304 a
2751 2248 2982 2305 Plutone
3021 2260 3316 2319 patratum,
3347 2259 3400 2305 et
3434 2260 3592 2306 terra

2009 2337 2209 2404 labem,
2247 2347 2300 2392 et
2331 2337 2559 2393 Eubulei
2594 2354 2744 2406 sues,
2781 2355 2902 2409 quae
2934 2356 3058 2394 cum
3091 2349 3322 2410 utraque
3365 2340 3462 2396 dea
3514 2340 3590 2395 si-

2007 2429 2121 2483 mul
2155 2431 2362 2485 haustae
2407 2430 2702 2486 dicuntur?
2734 2433 2877 2502 quod
2913 2432 3132 2501 quidem
3184 2433 3238 2485 in
3271 2448 3433 2502 causa
3479 2439 3584 2500 est,

2005 2538 2105 2578 cur
2140 2523 2192 2576 in
2229 2521 2684 2594 Thesmophoriis
2732 2522 2998 2594 Megarica
3035 2524 3218 2592 lingua
3261 2539 3458 2593 porcos
3487 2525 3588 2594 eji-

2004 2617 2172 2671 ciant.
2211 2615 2407 2671 Totam
2457 2617 2598 2671 hanc
2629 2614 2880 2670 fabellam
2916 2616 3064 2671 varie
3112 2618 3371 2672 mulieres
3397 2618 3585 2688 singu-

2005 2707 2074 2763 lis
2111 2709 2161 2762 in
2191 2708 2419 2762 urbibus
2445 2709 2676 2762 solemni
2707 2707 2846 2762 festo
2876 2708 3173 2770 celebrant,
3206 2707 3586 2779 Thesmopho-

2003 2799 2106 2864 ria,
2134 2797 2575 2867 Scirrhophoria,
2605 2797 3036 2866 ArrhetOphoria
3067 2815 3078 2851 :
3112 2808 3275 2867 atque
3301 2799 3374 2852 ita
3404 2798 3582 2853 diver-

2002 2892 2080 2946 sis
2143 2891 2296 2958 plaue
2346 2891 2679 2960 tragicisque
2741 2890 2922 2944 modis
2975 2899 3189 2957 raptum
3242 2889 3584 2960 Proserpinae

2002 2982 2271 3036 recolunt.
2302 2981 2421 3035 1am
2462 2980 2662 3035 Bacchi
2701 2980 2957 3050 mysteria
2988 2981 3140 3033 omni
3177 2981 3394 3034 diritate
3420 2989 3581 3035 teter-

2002 3075 2140 3128 rima
2171 3083 2318 3140 sunt,
2354 3073 2553 3142 quippe
2587 3087 2770 3141 quem,
2813 3071 2942 3126 dum
2988 3072 3168 3125 adhuc
3203 3072 3466 3141 puerulus
3493 3089 3580 3128 es-

2001 3174 2102 3228 set,
2151 3180 2215 3218 ac
2250 3164 2456 3218 circum
2508 3163 2686 3231 ipsum
2741 3162 2971 3217 Curetes
3025 3173 3233 3217 armata
3291 3165 3582 3218 saltatione

2001 3263 2314 3324 agerentur,
2351 3253 2647 3308 subeuntes
2693 3253 2822 3306 dolo
2853 3251 3076 3307 Titanes
3112 3255 3414 3323 puerilibus
3461 3271 3580 3310 cre-

1999 3345 2216 3416 pundiis
2261 3345 2593 3414 ludicrisque
2643 3343 2928 3414 deceptum
2979 3344 3322 3401 membratim
3373 3347 3580 3403 discer-

1923 3454 1964 3510 ρ
1998 3450 2235 3507 pserant,
2283 3435 2744 3506 quemadmodum
2795 3436 3065 3493 Thracius
3115 3435 3363 3508 Orpheus
3414 3441 3576 3512 hujus

2001 3530 2140 3583 sacri
2168 3537 2317 3583 vates
2351 3528 2568 3593 cecinit,

2004 3617 2197 3689 Turbo,
2235 3618 2466 3684 trochus,
2490 3627 2599 3671 tum
2629 3621 2775 3689 queis
2806 3619 2862 3672 in
2899 3620 3068 3688 ﬂexus
3108 3623 3340 3677 membra
3371 3624 3577 3679 cientur

1997 3687 2256 3812 ﬁudicra‘}
2283 3698 2332 3742 et
2360 3691 2620 3742 auricomi
2641 3687 2971 3744 blandarum
3003 3706 3068 3744 ea:
3093 3693 3280 3748 arbore
3301 3695 3439 3764 fetus

2053 3775 2218 3812 emert
2263 3775 2370 3812 um.

2053 3775 2370 3828 etpertaum.

1993 3888 2180 3960 Neque
2225 3903 2354 3944 vero
2401 3886 2591 3942 inutile
2640 3884 2838 3950 fuerit,
2878 3882 3068 3938 arcani
3115 3881 3256 3937 sacri
3296 3882 3572 3953 symbols,

1991 3983 2202 4038 inutilia
2267 3982 2426 4044 licet,
2487 3979 2592 4032 hoc
2648 3976 2771 4030 loco
2831 3974 3141 4044 subjicere,
3208 3983 3268 4027 ut
3328 3975 3572 4029 omnium

1987 4073 2192 4144 judicio
2243 4072 2602 4140 seusihusque
2660 4068 3008 4122 damnentur.
3065 4064 3174 4134 65
3230 4064 3371 4117 Sunt
3424 4065 3570 4129 haec,

1991 4164 2187 4231 Talus,
2223 4164 2368 4228 Pila,
2410 4162 2690 4223 Trochus,
2719 4158 2921 4223 Poma,
2973 4157 3193 4222 Turbo,
3238 4153 3529 4224 Speculum
3556 4195 3571 4219 ,

1991 4255 2196 4310 Velius.
2249 4259 2326 4310 Ac
2383 4253 2625 4307 Minerva
2665 4251 2884 4320 quidem
2909 4291 2922 4311 ,
2961 4249 3105 4318 quod
3153 4248 3396 4316 ejusdem
3435 4247 3573 4303 Bac-

1989 4349 2078 4402 chi
2117 4364 2210 4404 cor
2262 4347 2447 4402 furtim
2487 4345 2834 4408 sustulisset,
2889 4341 3068 4396 Pallas
3108 4343 3173 4392 ἐκ
3212 4339 3304 4393 τοῦ
3351 4340 3572 4394 πάλλειν

1987 4440 2087 4511 τὴν
2143 4438 2401 4508 καρδίαν,
2455 4439 2556 4490 hoc
2614 4445 2696 4490 est
2761 4450 2790 4486 a
2843 4434 3024 4489 cordis
3079 4433 3414 4496 vibratione,
3474 4450 3570 4488 seu

1989 4530 2339 4600 palpitatione
2378 4537 2684 4597 nuncupata
2726 4526 2847 4581 fuit.
2889 4525 3110 4580 Titanes
3145 4541 3295 4584 vero.
3336 4542 3570 4596 quorum

1991 4622 2246 4676 manibus
2299 4621 2554 4675 laniatus"
2585 4628 2739 4686 erat,
2789 4618 2960 4689 ipsius
3013 4619 3256 4673 membra
3311 4618 3365 4672 in
3421 4619 3572 4674 lebe-

1990 4721 2098 4768 tem
2139 4715 2424 4785 supposito
2463 4713 2662 4782 tripodi
2703 4712 3023 4767 insidentem
3065 4712 3444 4781 t-onjecerunt,
3472 4728 3563 4766 ea-

1991 4870 2406 4944 παιδαριὼδεσιν
2438 4871 2731 4944 ἀθύρμασι,
2760 4872 3077 4938 διέσπασαν,
3110 4875 3186 4938 ὼς
3210 4877 3257 4939 ὁ,
3290 4884 3393 4928 etc.
3428 4875 3561 4930 Nam

1993 4942 2434 5015 ειμι-ἰιιειείσέτι⁸
2465 4942 2628 5015 παῖδα
2667 4943 2813 5007 ὄντα,
2852 4960 3113 5012 quorsum
3142 4946 3336 5000 deinde
3361 4945 3439 5015 ἔτι
3469 4963 3565 5015 νη-

1992 5011 2184 5082 πίαχον
2211 5012 2368 5075 ὄντας
2401 5011 2541 5078 Quid
2581 5016 2725 5081 quod
2767 5011 3032 5068 sententia
3068 5024 3189 5082 p_ost
3243 5011 3552 5069 ὑποδύντων

1993 5077 2257 5145 Τιτᾶνων,
2293 5077 2516 5136 omnino
2559 5077 2786 5154 pendet?
2815 5082 2878 5136 Et
2913 5083 3022 5146 illa,
3056 5077 3200 5138 οὗτοι
3231 5083 3294 5154 δὴ
3322 5087 3368 5136 οἱ
3405 5085 3561 5138 Τιτᾶ-

1993 5169 2101 5214 νες,
2139 5154 2410 5224 superﬂua.
2443 5163 2590 5206 sunt.
2639 5153 2744 5208 Sed
2792 5154 3084 5209 eruditioni
3129 5153 3311 5224 potius
3346 5155 3435 5208 hic
3465 5173 3564 5210 au-

1994 5235 2111 5278 ctor
2143 5223 2310 5277 servit
2337 5239 2500 5291 quam
2534 5223 2714 5276 nitori.

2057 5293 2168 5362 (79)
2207 5293 2457 5361 Παίγνια
2521 5293 2940 5361 καμπεσίγυια.
3011 5291 3130 5347 llaec
3180 5294 3440 5362 Apuleius
3508 5295 3560 5348 in

1989 5363 2206 5432 Apolog.
2231 5377 2504 5415 sacrorum
2533 5365 2826 5432 crepundia
2856 5364 3134 5427 nominat;
3164 5365 3319 5431 plane
3349 5366 3416 5418 τὰ
3442 5366 3563 5416 παί-

1987 5449 2133 5500 γνια.
2160 5431 2412 5500 Scaliger
2442 5433 2495 5483 in
2524 5432 2724 5485 Catull.
2758 5431 3018 5486 Varronis
3053 5436 3168 5502 (lib.
3205 5449 3296 5486 vm
3325 5433 3400 5488 De
3428 5435 3560 5502 liug.

1991 5504 2139 5571 Lat.)
2180 5514 2514 5573 serperastra
2557 5518 2680 5555 esse
2701 5503 2826 5573 vult
2843 5502 2912 5553 τὰ
2937 5505 3308 5573 καμπεσίγυια
3327 5520 3341 5534 ο
3376 5520 3561 5558 vereor

1993 5569 2415 5640 utpersuaileat.
2455 5569 2554 5622 Hic
2599 5573 2744 5624 enim
2795 5569 3042 5638 Orpheus
3087 5569 3382 5640 crepundia
3426 5590 3561 5626 enu-

1991 5652 2188 5706 merat,
2217 5643 2414 5710 quibus
2446 5641 2679 5694 infantes
2701 5641 2958 5695 obiectari
2987 5644 3197 5705 solent;
3230 5654 3561 5710 serperastra

1993 5727 2282 5780 puerorum
2340 5713 2603 5779 geniculis
2655 5712 3021 5779 illigaliautur,
3087 5713 3561 5780 quibuscrurum

1994 5778 2313 5854 pravitatem
2345 5778 2703 5854 corrigerent.
2723 5778 2902 5836 Lusus
2931 5799 3059 5854 ergo
3090 5778 3239 5834 luere
3264 5778 3329 5830 τά
3345 5796 3566 5850 καμπεο

2001 5850 2202 5920 ςίγυια,
2232 5861 2560 5917 serperastra
2591 5853 2889 5910 medicimc.
