4154 6448
577 328 678 389 {Si

1219 328 1492 387 EUSEBII
1530 326 2016 384 CAESARISNSIS
2051 326 2200 384 OPP.
2262 326 2444 382 PARS
2482 325 2548 382 11.
2587 357 2658 368 -—
2692 325 3197 383 APOLOGETICA.

3735 327 3848 383 152

568 449 699 519 quid
724 448 911 504 arcani
940 448 1335 521 evulgandum.
1385 448 1580 505 Nonne
1608 451 1724 505 haec
1754 450 1940 505 omnia
1971 490 1986 513 ,
2042 450 2135 504 Se-

2251 451 2490 521 καρδίαι.
2527 450 2799 522 νάρθηκές
2826 467 2886 503 τε
2928 451 3023 504 καὶ
3053 450 3248 513 κιττοὶ,
3280 448 3417 522 πρὸς
3447 449 3503 503 δὲ
3533 450 3627 503 καὶ
3662 449 3845 519 φθόῑθ

568 554 754 602 samte,
792 540 1126 611 pyramides,
1183 538 1371 611 glomi,
1421 542 1684 609 placenta:
1722 540 1893 593 variis
1923 540 2149 609 signatae

568 631 865 696 umbilicis,
895 647 1064 702 grana
1096 632 1248 698 salis,
1288 643 1341 686 et
1369 632 1537 685 draco
1572 629 1813 701 Dionysii
1842 629 2030 686 Basari
2059 647 2148 686 sa-

567 732 908 775 cramentum
932 721 955 775 ?
982 738 1090 776 non
1121 724 1260 777 mala
1292 720 1531 791 punica?
1562 737 1671 776 non
1707 721 1957 775 medullae
1986 722 2148 776 arbo-

565 814 732 867 rum?
768 829 877 868 non
910 812 1097 868 ferulae
1118 830 1240 869 cum
1277 814 1538 868 hederis?
1566 830 1674 869 non
1702 812 1903 884 pastilli
1928 829 1994 867 ex
2025 813 2146 868 sili-

566 906 694 976 gine
738 921 1007 976 caseoque
1060 905 1341 962 confecti?
1389 923 1499 962 non
1546 906 1782 977 denique
1836 906 2149 977 papavera?

566 996 696 1053 Haec
751 1008 910 1065 sunt,
960 1014 1083 1067 quas
1131 1009 1321 1054 sancta
1371 1008 1591 1055 vocant.
1628 998 1816 1064 Quid?
1862 994 2146 1053 Themidis

565 1104 747 1145 nonne
775 1090 1056 1144 recondita
1094 1091 1344 1161 symbola
1379 1091 1480 1145 ista
1510 1088 1683 1145 sunt?
1711 1090 2000 1161 origanum
2020 1131 2034 1154 ,
2066 1089 2147 1158 ly-

563 1184 761 1246 chnus,
798 1183 1032 1253 gladius,
1069 1194 1261 1253 pecten
1326 1182 1611 1237 muliebris
1660 1183 1804 1252 quod
1853 1184 2144 1237 honestum

562 1290 627 1330 ac
649 1275 937 1346 mysticum
968 1285 1052 1329 est
1088 1276 1371 1330 muliebris
1400 1274 1640 1345 pudendi
1680 1290 1903 1329 nomen.
1937 1273 1982 1327 Ο
2011 1291 2146 1344 gna-

560 1382 683 1421 vam
709 1364 1133 1437 perfrictamque
1182 1367 1574 1437 impudentiam
1605 1368 1618 1420 !
1679 1367 1959 1420 hominum
1995 1366 2142 1419 enim

560 1458 1045 1528 temperantiorum
1076 1459 1332 1529 voluptas
1367 1460 1545 1513 noctis
1574 1459 1794 1513 silentio
1824 1459 2139 1527 tegebatur;

560 1564 707 1602 nunc
736 1564 868 1603 vero
903 1564 1010 1603 nox
1039 1557 1166 1614 est,
1216 1565 1339 1620 qua:
1377 1548 1659 1604 initiandis
1687 1564 1841 1603 sacra
1896 1548 2140 1602 libidinis

558 1644 842 1707 enuntiat;
881 1641 1124 1710 adeoque
1161 1641 1303 1711 ignis
1349 1640 1552 1711 ﬂagitia
1599 1640 1881 1696 succensis
1930 1641 2141 1697 facibus

558 1732 831 1787 illustrata
862 1732 1069 1801 pandit.
1102 1731 1403 1803 Exstingue
1433 1734 1509 1786 sis
1541 1733 1688 1787 hunc
1730 1733 1933 1803 ignem,
1963 1734 2143 1787 biero-

2259 541 2355 594 καὶ
2414 543 2699 614 μήκωνες;
2753 541 2917 595 Ταῦτ’
2972 542 3121 595 ἐστιν
3177 541 3356 595 αὐτῶν
3409 540 3478 595 τά
3528 540 3679 610 ἅγια.
3730 541 3851 596 Καὶ

2257 630 2482 700 προσέτι
2515 630 2614 701 τῆς
2654 630 2884 701 Θέμιδος
2913 631 2981 685 τά
3008 631 3225 703 ἄρρητα
3251 630 3513 700 σύμϐολα,
3549 632 3846 703 ὠρίγανον,

2255 723 2466 793 λύχνος,
2513 720 2701 793 ξίφος,
2738 725 2889 787 κτεὶς
2926 727 3255 789 γυναικεῖος,
3287 725 3345 788 ὃς
3390 726 3538 778 ἐστιν
3579 726 3847 795 εὐφήμως

2254 817 2350 870 καὶ
2398 817 2655 887 μυστικὸν
2705 818 2891 889 μόριον
2939 820 3270 887 γυναικεῖον.
3304 819 3367 870 ’Ὠ
3414 819 3514 889 τῆς
3564 817 3848 889 ἐμφανοῦς

2253 906 2668 976 ἀναισχυντίαςί
2712 907 2887 961 Πάλαι
2940 907 3040 978 μὲν
3104 906 3413 977 ἀνθρώποις
3472 906 3844 977 σωφρονοῦσιν

2255 998 2615 1069 ἐπικάλυμμα
2663 998 2877 1069 ἡδονῆς,
2924 999 3021 1066 νὺξ
3072 1000 3433 1069 σιωπωμένη·
3475 1000 3593 1053 νυνὶ
3622 998 3678 1052 δὲ
3725 1003 3842 1062 τοῖς

2257 1092 2637 1160 μυουμένοιςὴ
2668 1090 2787 1162 ἱερά
2815 1092 2915 1162 τῆς
2942 1092 3211 1161 ἀκρασίας
3237 1090 3333 1155 νύξ
3360 1094 3475 1144 ἐστι
3508 1089 3836 1160 λαλουμένη·

2252 1183 2347 1236 καὶ
2377 1182 2437 1235 τὸ
2480 1180 2589 1253 πῦρ
2616 1182 2825 1253 ἐλέγχει
2849 1183 2916 1235 τά
2942 1183 3087 1251 πάθη
3115 1182 3534 1253 δᾳδουχούμενα.
3578 1180 3842 1234 Ἀπόσϐε-

2254 1290 2366 1337 σον,
2401 1267 2447 1326 ὦ
2485 1274 2808 1345 ἱεροφάντα,
2855 1275 2916 1327 τὸ
2964 1274 3107 1346 πῦρ·
3157 1274 3711 1345 αἰδέσθητιβᾳδοῦχε,
3737 1273 3836 1335 τὰς

2250 1364 2556 1435 λαμπάδας.
2595 1364 2836 1435 Ἐλέγχει
2865 1384 2958 1420 σου
2980 1368 3071 1422 τὸν
3102 1366 3320 1437 Ἴακχον
3348 1366 3410 1419 τὸ
3440 1365 3575 1435 φῶς·
3608 1364 3833 1437 ἐπίτρεοο

2249 1456 2348 1526 ψον
2389 1456 2704 1527 ἀποκρῦψαι
2741 1461 2808 1529 τῇ
2844 1460 2999 1511 νυκτὶ
3029 1457 3097 1512 τά
3140 1458 3417 1529 μυστήρια
3454 1457 3654 1510 σκότει·
3692 1473 3838 1508 τετι-

2253 1547 2445 1617 μήσθω
2473 1547 2539 1600 τά
2568 1548 2755 1619 δργια.
2795 1548 2869 1601 Τὸ
2897 1548 3009 1620 πῦρ
3036 1549 3137 1619 οὑχ
3166 1550 3555 1620 ὑποκρίνεται·
3593 1546 3837 1617 ἐλέγχειν

2248 1640 2343 1692 καὶ
2368 1638 2617 1704 κολάζειν
2642 1641 2944 1694 κελεύεται.
2975 1641 3163 1695 Ταῦτα
3187 1643 3295 1695 τῶν
3319 1639 3496 1695 ἀθέων
3519 1640 3587 1694 τά
3626 1641 3837 1711 μυστή-

2249 1747 2362 1802 ρια.
2403 1729 2619 1794 Ἀθέους
2645 1731 2702 1783 δὲ
2730 1731 2954 1794 εἰκότως
2985 1728 3246 1784 ἀποκαλῶ
3271 1730 3513 1793 τούτους,
3542 1730 3591 1783 οἳ
3616 1726 3708 1780 τὸν
3736 1727 3837 1798 μὲν

557 1824 797 1894 phanta;
828 1833 1017 1894 tuque,
1047 1839 1080 1877 ο
1103 1824 1198 1893 qui
1227 1824 1409 1877 lumen
1430 1824 1675 1893 praefers,
1705 1831 1827 1878 tuas
1853 1824 1969 1894 ipse
1991 1822 2135 1880 faces

2241 1820 2409 1886 ὅντως
2444 1820 2572 1875 ὄντα
2601 1822 2733 1875 Θεὸν
2765 1824 3091 1894 ἠγνοήκασι,
3122 1821 3334 1877 παιδίον
3367 1822 3422 1875 δὲ
3451 1818 3556 1874 ὑπὸ
3591 1817 3837 1875 Τιτάνων

558 1928 845 1968 reverere:
888 1913 1070 1968 lumen
1127 1915 1274 1968 istud
1329 1914 1586 1969 Iacchum
1642 1915 1877 1970 traducit
1936 1924 2133 1969 tuum:

558 2016 743 2075 patere
767 2013 977 2059 noctem
991 2005 1245 2075 mysteria
1265 2006 1505 2060 tenebris
1537 2005 1830 2067 occultare;
1856 2006 2134 2073 orgiorum

558 2096 755 2150 honori
789 2096 1106 2151 consulatur
1134 2115 1147 2148 :
1182 2095 1326 2166 ignis
1359 2096 1622 2150 simulare
1651 2111 1759 2149 non
1789 2107 1967 2165 potest
1995 2115 2008 2148 :
2052 2112 2140 2149 ar-

560 2202 745 2258 guere,
775 2187 1081 2257 puuireque
1104 2185 1281 2256 jubet.
1316 2185 1439 2240 Hmc
1471 2186 1638 2257 igitur
1666 2185 1756 2240 illa
1799 2198 1929 2240 sunt
1963 2186 2140 2240 homi-

560 2293 689 2331 num
717 2278 1003 2332 atheorum
1026 2278 1306 2348 mysteria.
1336 2275 1467 2331 Jure
1483 2278 1626 2332 enim
1659 2279 1854 2334 atheos
1881 2278 2139 2342 dixerim,

558 2371 705 2441 quia
738 2371 849 2425 veri
872 2369 1126 2425 Numinis
1144 2369 1452 2440 cognitione
1486 2384 1714 2439 prorsus
1740 2370 1927 2433 alieni,
1957 2369 2144 2439 pusio-

560 2478 683 2516 nem
711 2477 739 2515 a
765 2458 1053 2517 Titanibus
1078 2462 1414 2531 discerptum
1435 2500 1449 2523 ,
1484 2461 1780 2531 eiulantem
1840 2462 2139 2516 muliercu-

560 2556 690 2620 lam,
714 2565 1003 2625 partesque
1055 2556 1303 2623 corporis
1324 2597 1339 2619 ,
1362 2569 1500 2623 quas
1527 2555 1704 2625 pudor
1721 2553 2007 2609 nominare
2031 2568 2139 2608 non

561 2649 711 2712 sinit,
747 2648 1218 2717 impudentissime
1261 2654 1593 2699 venerantur
1628 2662 1643 2710 ;
1684 2652 1747 2698 ut
1777 2644 1984 2715 duplici
2041 2659 2140 2698 no—

2243 1914 2642 1982 διασπώμενον,
2682 1917 2776 1968 καὶ
2829 1915 3052 1983 γύναιον
3100 1914 3352 1977 πενθοῦν,
3398 1914 3492 1968 καὶ
3541 1912 3703 1984 μόρια
3737 1912 3841 1984 ἆῤ-

2248 2006 2407 2077 ρητα,
2451 2006 2526 2070 ὡς
2574 2006 2813 2078 ἀληθῶς,
2852 2008 2959 2061 ὑπὸ
2999 2007 3283 2077 αἰσχύνης,
3326 2003 3700 2074 ἀναισχύντως
3748 2003 3841 2057 σέ-

2246 2097 2419 2159 ϐουσι,
2454 2097 2602 2167 διττῇ
2635 2099 2980 2168 ἐνισχημένοι
3018 2101 3085 2169 τῇ
3116 2096 3402 2168 ἀθεότητι’
3434 2095 3681 2167 προτέρᾳ
3714 2094 3835 2166 μὲν,

2246 2187 2368 2241 καθ’
2395 2187 2462 2256 ἢν
2499 2188 2753 2255 ἀγνοοῦσι
2786 2190 2877 2241 τὸν
2914 2189 3069 2252 Θεὸν,
3114 2187 3207 2241 τὸν
3231 2188 3401 2251 ὅντως
3429 2187 3557 2241 ὄντα
3585 2186 3660 2258 μὴ
3694 2202 3839 2255 γνωο

2249 2277 2489 2348 ρίζοντες
2530 2279 2698 2332 Θεόν·
2750 2280 2912 2351 ἑτέρᾳ
2940 2280 2997 2333 δὲ
3039 2282 3135 2333 καὶ
3174 2280 3425 2351 δευτέρα,
3469 2277 3643 2351 ταύτῃ
3664 2277 3729 2349 δὴ
3762 2281 3827 2347 τῇ

2245 2368 2424 2439 πλάνῃ
2448 2371 2574 2433 τοὺς
2605 2371 2704 2424 οὐκ
2726 2372 2887 2435 ϐντας
2909 2373 2982 2436 ὡς
3008 2373 3165 2437 δντας
3189 2372 3523 2443 νομίζοντες,
3555 2373 3652 2425 καὶ
3678 2371 3833 2433 θεοὺς

2244 2460 2466 2524 τούτους
2493 2462 2875 2533 ὀνομάζοντες,
2912 2464 3039 2529 τοὺς
3072 2465 3173 2517 οὐκ
3214 2464 3383 2528 ὅντως
3418 2465 3599 2528 ϐντας,
3633 2463 3836 2535 μᾶλλον

2248 2552 2306 2606 δὲ
2334 2553 2455 2607 οὑδὲ
2482 2553 2664 2619 ὄντας,
2696 2556 2859 2625 μόνου
2883 2555 2941 2609 δὲ
2977 2555 3070 2609 τοῦ
3095 2556 3364 2627 ὀνόματος
3385 2558 3772 2627 τετυχηκότας.
3809 2575 3828 2608 ι

2249 2645 2500 2699 Τοσαῦτα
2530 2647 2626 2700 καὶ
2650 2641 2824 2712 οὗτος.

560 2743 706 2796 mine
733 2739 1028 2811 impietatis
1060 2754 1125 2793 ac
1157 2748 1365 2808 negata:
1394 2739 1695 2793 divinitatis
1743 2738 1820 2792 rei
1870 2745 2179 2801 teneantur,
2223 2737 2417 2804 altero,
2456 2739 2604 2808 quod
2635 2738 2807 2794 Deum
2842 2740 3117 2810 ignorent,
3146 2739 3277 2795 dum
3319 2755 3664 2811 nequaquam
3705 2757 3830 2796 eum

557 2836 649 2905 qui
698 2850 822 2889 vere
871 2832 1013 2888 Deus
1056 2842 1139 2887 est
1179 2842 1515 2903 agnoscunt;
1569 2832 1762 2895 altero,
1818 2831 1965 2901 quod
2006 2845 2104 2886 eos
2148 2846 2462 2901 superesse,
2499 2833 2595 2902 qui
2639 2846 2747 2886 non
2791 2841 2960 2900 sunt,
3002 2834 3356 2900 arbitrentur,
3392 2833 3653 2903 ipsosque
3696 2834 3827 2888 deos

559 2936 891 2999 nuncupent,
917 2928 1010 2998 qui
1040 2936 1250 2983 tantum
1286 2943 1319 2982 a
1360 2943 1489 2983 vera
1537 2927 1821 2982 divinitate
1852 2927 2077 2992 absunt,
2124 2933 2184 2981 ut
2218 2940 2290 2982 Ie
2320 2928 2598 2997 supersint
2635 2927 2881 2998 quidem,
2923 2942 3155 2999 eamque
3178 2936 3309 2984 sunt
3354 2927 3577 2983 nomine
3611 2927 3726 2982 solo
3753 2937 3831 2983 te-

557 3039 663 3079 nus
685 3020 983 3092 aliquando
1020 3019 1324 3076 consecuti.
1363 3038 1382 3072 ι
1417 3017 1535 3075 Huc
1576 3035 1752 3089 usque
1789 3017 2065 3073 Clemens.

1156 3112 1388 3170 CAPUT
1424 3113 1515 3170 IV.

596 3206 798 3275 Quibus
829 3207 1125 3263 rationibus
1150 3225 1183 3260 a
1210 3208 1559 3276 suscipiendis
1598 3207 1863 3277 ejusmodi
1895 3208 1959 3261 de
1984 3208 2091 3262 diis

938 3278 1273 3349 opinionibus
1311 3279 1524 3333 abducti
1556 3281 1744 3333 simus.

629 3371 760 3427 Jure
794 3387 926 3427 sane
953 3388 1018 3428 ac
1039 3374 1239 3427 merito
1267 3386 1369 3426 nos
1393 3372 1462 3427 ab
1496 3372 1617 3426 istis
1650 3372 1910 3427 omnibus
1936 3372 2135 3426 libera-

558 3472 645 3517 tos
665 3477 786 3518 esse
810 3464 1161 3533 proﬁtemur,
1194 3462 1395 3531 quippe
1444 3461 1537 3531 qui
1570 3462 1683 3533 68
1730 3471 1839 3516 tam
1889 3462 2133 3516 diuturni

560 3567 783 3625 tamque
817 3554 1099 3609 inveterati
1133 3553 1338 3609 erroris
1365 3552 1446 3608 sic
1496 3561 1757 3623 tanquam
1794 3553 2133 3608 acerbissimi

560 3648 978 3718 gravissimique
1000 3646 1175 3702 morbi
1207 3646 1574 3701 calamitatem
1606 3645 1918 3715 depulimus
1952 3663 1966 3700 :
2024 3645 2135 3714 pri-

561 3754 709 3791 mum
743 3736 961 3807 quidem
1016 3736 1278 3806 singulari
1324 3736 1673 3805 praepotentis
1714 3733 1811 3789 Dei
1863 3734 2038 3806 gratia
2083 3743 2138 3790 et

559 3829 844 3892 beneﬁcio,
876 3828 1073 3882 deinde
1100 3827 1409 3883 Servatoris
1450 3827 1621 3883 nostri
1654 3826 1979 3897 evangelicae
2032 3825 2134 3880 do-

560 3920 749 3974 ctrina:
778 3919 829 3973 vi
859 3919 1093 3988 quadam
1120 3928 1175 3972 et
1205 3928 1493 3988 potestate,
1527 3935 1650 3988 quae
1672 3919 1851 3973 verbis
1874 3917 2135 3987 explicari

560 4021 854 4084 nequeant,
888 4027 1025 4066 sano
1049 4011 1283 4081 denique
1313 4021 1639 4081 maturoque
1663 4011 1895 4066 consilio
1932 4011 1986 4065 in
2011 4025 2133 4065 eam

558 4106 775 4160 adducti
806 4104 1154 4169 sententiam,
1183 4112 1238 4157 ut
1273 4112 1565 4174 augustum
1616 4102 1875 4172 omnique
1903 4102 2129 4173 dignum

556 4195 905 4251 veneratione
960 4192 1054 4247 Dei
1101 4208 1298 4247 nomen
1334 4192 1589 4248 obnoxiis
1619 4192 1779 4245 morti
1815 4192 2133 4246 hominibus

558 4286 845 4358 impertiri,
868 4284 1024 4341 nefas
1059 4294 1112 4338 et
1169 4285 1394 4354 impium
1445 4284 1831 4349 crederemus,
1881 4282 2131 4352 quicum

557 4380 762 4450 pridem
793 4380 935 4434 inter
961 4389 1206 4432 mortuos
1231 4379 1471 4447 jaceant,
1515 4386 1629 4430 tum
1666 4389 1794 4430 vero
1823 4384 2135 4445 temperan-

2772 3110 3176 3166 ΚΕΦΔΛΔΙΟΝ
3221 3113 3296 3167 Δ’.

2244 3200 2372 3257 Τίσι
2409 3201 2725 3271 λογισμοῖς
2759 3202 2985 3277 τοῦμὴ
3027 3204 3099 3257 τὰ
3126 3204 3302 3277 ὅμοια
3350 3205 3485 3275 περὶ
3511 3202 3665 3261 θεῶν
3683 3222 3839 3277 φροσ

2695 3272 2825 3326 νεῖν
2865 3272 3361 3344 ἀνεχωρήσαμεν.

2308 3364 2548 3428 Εἰκότως
2590 3365 2725 3436 δῆτα
2757 3365 2920 3436 ἡμεῖς
2961 3367 3167 3418 τούτων
3207 3365 3465 3420 ἁπάντων
3511 3365 3831 3440 ἐλευθέρους

2238 3457 2387 3529 ἡμᾶς
2423 3455 2675 3526 γενέσθαι
2716 3456 3105 3528 ὁμολογοῦμεν,
3134 3458 3233 3528 τῆς
3261 3459 3480 3529 μακρᾶς
3508 3458 3602 3512 καὶ
3646 3477 3828 3514 πεπα‹

2237 3549 2547 3619 λαιωμένης
2576 3549 2804 3618 πλάνης,
2838 3547 3030 3619 ὥσπερ
3062 3548 3209 3613 τινὸς
3235 3549 3416 3620 δεινῆς
3450 3552 3543 3604 καὶ
3580 3550 3827 3622 χαλεπωω

2236 3642 2406 3712 τάτης
2447 3641 2603 3694 νόσου
2642 3639 3069 3712 λελυτρωμένοι·
3115 3642 3209 3696 καὶ
3249 3642 3442 3714 πρῶτα
3482 3643 3581 3714 μὲν
3620 3646 3687 3716 τῇ
3728 3642 3827 3699 τοῦ

2238 3734 2675 3806 παντοκράτορος
2718 3733 2855 3787 Θεοῦ
2883 3733 3066 3806 χάριτι
3108 3735 3202 3789 καλ⁵
3236 3735 3548 3808 εὐεργεσίᾳ,
3574 3735 3828 3810 δεύτερον

2236 3821 2315 3888 δὲ,
2339 3826 2637 3898 ἀπορρήτῳ
2663 3825 2889 3896 δυνάμει
2926 3826 3029 3897 τῆς
3061 3825 3154 3880 τοῦ
3188 3827 3441 3899 Σωτῆρος
3472 3828 3630 3900 ἡμῶν
3659 3828 3829 3898 εὐαγσ⁸

2235 3917 2458 3988 γελικῆς
2498 3916 2847 3981 διδασκαλίας
2870 3934 2884 3947 ·
2922 3917 3019 3971 καὶ
3051 3919 3256 3990 τρίτον,
3299 3920 3535 3993 σώφρονι
3580 3918 3827 3995 λογισμῷ

2234 4007 2518 4078 κρίναντες
2542 4006 2753 4062 ἀνόσιον
2778 4008 2922 4062 εἶναι
2951 4010 3045 4063 καὶ
3070 4010 3285 4076 ἀσεϐὲς,
3324 4012 3391 4083 τῇ
3431 4009 3525 4066 τοῦ
3568 4011 3705 4067 Θεοῦ
3740 4030 3830 4067 σε-

2236 4098 2446 4171 suam;
2502 4099 2849 4172 προσηγορίᾳ
2890 4103 3057 4172 τιμᾷν
3103 4102 3234 4167 τοὺς
3285 4103 3453 4157 πάλαι
3501 4106 3561 4158 ἐν
3610 4107 3827 4177 νεκροῖς
3878 4086 3883 4093 ί

2236 4191 2524 4262 κειμένους
2566 4191 2793 4264 θνητοὺς
2835 4192 3059 4265 ἀνδρας,
3094 4194 3189 4249 καὶ
3228 4194 3350 4248 οὐδὲ
3401 4195 3695 4267 σωφρόνων
3738 4196 3828 4249 ἀν-

2233 4282 2376 4355 δρῶν
2422 4284 2644 4355 μνήμην
2680 4284 3141 4353 ἀπολελοιπότας,
3178 4286 3417 4357 ἐσχάτης
3455 4286 3512 4340 δὲ
3553 4286 3823 4359 ἀκρασίας

2235 4371 2331 4429 καὶ
2399 4373 2717 4439 ἀκολασίας,
2776 4375 3061 4447 ὠμότητός
3122 4394 3182 4430 τε
3245 4376 3340 4431 καὶ
3399 4377 3823 4449 φρενοϐλαϐείας

560 4471 645 4525 tiae
674 4470 1057 4525 documentum
1084 4458 1401 4541 reliquerint
1430 4469 1664 4533 nullum,
1701 4468 1795 4523 sed
1827 4468 2008 4522 omnis
2032 4483 2123 4539 po.

2241 4462 2503 4535 δείγματα
2522 4467 2636 4530 τοῖς
2664 4469 2781 4537 μετ’
2807 4466 3007 4532 αὐτοὺς
3033 4467 3321 4537 φυλάττειν
3348 4467 3817 4538 παραδεδωκότας.

559 4563 668 4616 tius
695 4562 1153 4630 intemperantim,
1183 4561 1444 4626 libidinis,
1487 4560 1826 4615 crudelitatis
1886 4560 1953 4614 ad
2008 4561 2128 4614 ani-

559 4669 771 4709 morum
800 4652 1095 4722 perniciem
1123 4654 1457 4707 monimenta
1482 4654 1717 4723 posteris
1746 4653 2126 4707 conservanda

555 4745 905 4801 crediderint.
932 4742 1246 4807 Enimvero,
1279 4744 1406 4814 quis
1453 4758 1561 4798 non
1591 4753 1849 4799 extremae
1880 4744 2128 4799 stultitia:

557 4836 799 4893 futurum
845 4834 895 4889 id
925 4834 1127 4899 videat,
1150 4833 1196 4886 si
1233 4834 1485 4888 homines
1510 4833 1888 4889 sanctimonia
1916 4848 1980 4887 ac
2006 4849 2128 4888 mo-

556 4945 675 4984 rum
711 4925 1035 4997 integritatis
1078 4933 1344 4990 amantes,
1398 4925 1605 4995 primas
1633 4924 1942 4980 libidinosis
1978 4923 2130 4995 ﬂagi-

555 5025 823 5092 tiosisque
851 5017 1246 5076 concederent?
1282 5017 1329 5071 si
1375 5017 1575 5071 maturi
1607 5025 1771 5086 atque
1802 5016 2081 5085 sapientes
2110 5054 2125 5080 ,

556 5116 780 5185 perdita:
810 5114 1174 5185 projectzeque
1205 5110 1404 5165 mentis
1452 5110 1740 5174 homines;
1777 5108 1821 5163 si
1853 5108 2129 5177 aequitatis

559 5207 1022 5276 humanitatisque
1076 5202 1333 5266 studiosi,
1381 5217 1475 5257 eos
1503 5201 1595 5270 qui
1646 5209 1857 5254 tantum
1905 5200 2127 5254 diritate

557 5308 783 5355 caeteros
830 5309 883 5355 et
920 5296 1258 5354 immanitate
1307 5301 1667 5366 superarunt,
1720 5302 1780 5347 ut
1837 5292 2127 5347 sceleratas

560 5408 756 5449 manus
788 5391 1142 5448 exsecrandis
1197 5391 1495 5444 liberorum
1540 5395 1940 5458 parentumque
1974 5385 2127 5441 caedi-

556 5488 660 5542 bus
691 5485 1031 5543 cruentarint
1060 5525 1076 5551 ,
1112 5483 1507 5553 angustissimo
1544 5481 1694 5536 cultu
1743 5480 2128 5535 celebrarent?

554 5579 722 5648 Cujus
750 5591 880 5632 vero
908 5590 1016 5630 non
1040 5572 1716 5647 cogitationemimpietate
1743 5571 2012 5633 vicerunt,
2032 5571 2124 5640 qui

553 5670 636 5726 vel
689 5668 755 5725 ad
808 5668 1077 5725 obscenas
1101 5705 1118 5733 ,
1148 5680 1396 5735 quasque
1423 5680 1491 5719 ne
1521 5664 1748 5718 honeste
1779 5663 1998 5734 quidem
2033 5678 2127 5717 no-

548 5761 761 5819 minare
789 5761 969 5823 liccat,
1006 5758 1246 5811 virorum
1276 5756 1674 5826 mulierumque
1711 5766 1911 5827 partes,
1938 5754 2021 5808 vel
2056 5754 2123 5807 ad

2238 4552 2361 4619 Πῶς
2392 4554 2500 4627 γὰρ
2528 4556 2588 4609 οὑ
2632 4557 2851 4612 πάντων
2882 4557 3257 4629 ὴλιθιὼτατον,
3295 4561 3421 4625 τοὺς
3466 4561 3820 4636 σωφροσύνης

2236 4649 2469 4722 ἐραστάς
2500 4651 2613 4715 τοῖς
2643 4652 2886 4724 αίσχροῖς
2914 4651 3009 4705 καὶ
3035 4651 3356 4717 ἀκολάστοις
3390 4652 3496 4706 τῶν
3536 4656 3818 4726 πρωτείων

2237 4745 2608 4814 παραχωρεῖν,
2645 4743 2737 4797 καὶ
2781 4743 2908 4808 τοὺς
2954 4744 3211 4808 συνετοὺς
3260 4743 3355 4798 καὶ
3398 4743 3673 4816 ἔμφρονας
3706 4749 3821 4812 τοῖς

2235 4831 2333 4897 τὰς
2361 4833 2562 4906 φρένας
2589 4832 2959 4887 ἀπολωλεκόσι
2984 4834 3085 4903 τὴν
3116 4833 3419 4903 σεϐασμίαν
3448 4834 3707 4906 παρέχειν
3742 4854 3822 4889 τι·-

2240 4926 2376 4997 μήν·
2413 4926 2537 4989 τούς
2565 4943 2625 4979 τε
2667 4924 3012 4996 δικαιοσύνης
3053 4928 3148 4981 καὶ
3188 4924 3597 4997 φιλανθρωπίας
3642 4927 3818 4998 ἀσκη-

2196 5016 2333 5101 ςτάς
2353 5057 2368 5081 ,
2396 5020 2508 5082 τοῖς
2535 5018 2602 5072 δι’
2632 5016 2939 5090 ὑπερϐολὴν
2963 5018 3250 5090 ὠμότητος
3280 5019 3373 5071 καὶ
3399 5019 3817 5090 ἀπανθρωπίας,

2235 5108 2610 5172 τεκνοκτονίας
2639 5109 2735 5163 καὶ
2763 5108 3159 5181 πατροκτονίας
3195 5108 3494 5179 μιάσμασιν
3527 5109 3817 5179 ὲνισχημέ-

2236 5214 2379 5262 νοις;
2429 5198 2587 5251 ποίαν
2626 5198 2683 5252 δὲ
2729 5198 2826 5267 οὐχ
2873 5197 3302 5269 ὑπερηκόντισεν
3352 5194 3660 5268 ὑπερϐολὴν
3693 5196 3819 5249 ἀσε-

2235 5289 2405 5355 ϐείας,
2437 5289 2499 5343 τὸ
2545 5289 2903 5343 καταϐάλλειν
2937 5290 3017 5352 είς
3062 5289 3279 5362 ἄρρητα
3329 5287 3539 5363 ἀνδρῶν
3582 5288 3679 5342 καὶ
3719 5304 3816 5356 γυ-

2234 5383 2435 5436 ναικῶν
2470 5381 2653 5453 μόρια,
2687 5383 2780 5435 καὶ
2813 5384 2891 5446 εἰς
2924 5383 3024 5452 τὴν
3058 5381 3273 5450 ἄλογον,
3312 5381 3406 5434 καὶ
3439 5378 3676 5452 θηριώδη
3717 5377 3817 5450 φύ-

2237 5492 2340 5537 σιν,
2374 5474 2472 5545 τὴν
2500 5474 2702 5544 σεμνὴν
2725 5476 2821 5527 καὶ
2854 5474 3126 5541 παναγίαν
3167 5473 3263 5527 τοῦ
3294 5472 3432 5527 Θεοῦ
3474 5473 3814 5547 πρόρρησινς

2231 5566 2458 5622 τοιαῦτά
2502 5584 2560 5621 τε
2614 5567 2815 5641 αἰσχρά
2874 5569 2969 5622 καὶ
3007 5567 3350 5639 ἀπάνθρωπα
3402 5565 3691 5634 θεολογεῖν,
3730 5559 3817 5617 οἷα

2233 5661 2326 5715 ἐπὶ
2370 5659 2479 5713 τῶν
2520 5661 2578 5713 ὲν
2625 5659 2934 5731 ἀνθρώποις
2982 5660 3323 5732 κακουργῶν,
3374 5662 3419 5712 εἰ
3455 5656 3812 5726 κατελεγχθῇ.

2231 5753 2351 5816 ταῖς
2398 5751 2504 5803 ἀπὺ
2552 5749 2660 5803 τῶν
2694 5751 2872 5821 νόμων
2923 5751 3320 5822 ἀπαραιτήτοις
3367 5749 3694 5803 ὑποπέσοιεν
3747 5746 3816 5800 ἂν
