4154 6434
307 347 424 403 ’135

1498 338 1823 396 ΡΒᾹΞΡΑΒ.
1864 336 2118 394 EVANG.
2159 339 2287 395 LIB.
2321 337 2384 394 Π.

3489 335 3589 392 134

301 464 644 537 τιμωρίαιςς
684 464 793 518 Καὶ
833 461 887 518 τί
937 463 1043 535 χρὴ
1090 462 1349 534 μηκύνειν
1393 462 1877 532 εὐαγγελιζομένου

2014 469 2265 517 naturam
2297 459 2595 516 bestiarum
2655 460 2867 515 ratione
2900 458 3206 515 carentium
3242 456 3585 512 adorandum

304 559 550 620 πάντας,
588 554 859 627 βάρϐαρον
893 554 1028 626 ὁμοῦ
1068 556 1164 609 καὶ
1204 553 1475 624 Ἕλληνα,
1511 554 1610 623 τὴν
1645 553 1754 605 ἀπὸ
1791 551 1900 605 τῶν

303 649 623 720 εἰρημένων
656 647 840 701 κακῶν
879 647 1213 718 ἐλευθερίαν,
1260 647 1360 716 τῆς
1395 663 1455 698 τε
1494 645 1600 699 ἀπὸ
1632 646 1738 699 τῶν
1768 645 1902 714 ψευ-

301 740 577 811 δωνύμων
615 739 752 791 θεῶν
780 739 1115 802 ἀποστάσιας
1152 738 1235 803 τὸ,
1261 737 1480 806 εὔλογον
1514 740 1594 800 είς
1622 736 1736 805 φῶς
1766 738 1901 805 ἀγα-

301 832 534 901 γόντας,
566 830 728 885 ὁπότε
763 832 857 884 καὶ
893 831 1073 884 αὐτῶν
1111 830 1212 901 ἤδη
1254 830 1364 883 τῶν
1402 830 1609 900 σφόδρα
1638 829 1898 882 δεισιδαι-

308 923 499 994 μόνων
539 923 589 975 ot
635 921 871 987 πλείους,
917 922 1105 992 ὥσπερ
1152 924 1217 975 ἐκ
1267 921 1460 992 βαθέος
1501 922 1673 993 κάρου
1713 922 1899 994 διανη-

305 1016 539 1085 ψαντες,
572 1017 667 1069 καὶ
697 1017 796 1087 τῆς
826 1016 1062 1078 παλαιᾶς
1084 1015 1282 1085 ἀχλύος
1316 1016 1377 1068 τὸ
1405 1016 1504 1086 τῆς
1538 1013 1715 1086 ψυχῆς
1744 1016 1897 1086 ὄμμα

308 1106 698 1175 διανοίξαντες,
725 1108 814 1160 τὸν
841 1106 1005 1177 βαθὺν
1033 1106 1198 1178 λῆρον
1218 1106 1453 1160 συνεῖδον
1474 1108 1572 1178 τῆς
1619 1109 1894 1178 πατρικῆς

311 1199 525 1270 πλάνης
543 1216 558 1230 ·
597 1201 691 1252 καὶ
728 1199 953 1260 στάντες
979 1199 1071 1251 ἐπὶ
1100 1196 1391 1269 λογισμοῦ,
1415 1197 1512 1268 τὴν
1546 1199 1737 1268 ἐτέραν
1776 1200 1893 1252 ὁδὸν

310 1290 540 1356 εέλοντο,
555 1290 655 1360 τῆς
676 1290 918 1353 ποιλοιιᾱίς¹
932 1289 1421 1359 ἁναχωρήσαντες;
1444 1282 1518 1341 ὧν
1542 1290 1590 1342 οἱ
1611 1290 1707 1359 μὲν
1727 1290 1893 1358 ὁμόσε

308 1382 682 1453 χωρήσαντες,
729 1380 829 1450 τῆς
869 1380 997 1452 ὅλης
1036 1380 1383 1432 κατέπτυσαν
1417 1379 1741 1450 μυθολογίας
1785 1380 1893 1434 τῶν

308 1472 592 1544 σφετέρων
640 1473 921 1543 προγόνων
972 1472 1145 1526 πλατὺ
1194 1472 1698 1545 καταγελάσαντες·
1754 1475 1804 1527 οἱ
1845 1474 1890 1527 δ’

304 1564 603 1636 ἀθεότητος
634 1564 792 1631 δόξαν
819 1565 1188 1628 ἐκκλίναντες,
1214 1564 1339 1617 οὔτε
1365 1565 1459 1617 ἐπὶ¹
1485 1567 1595 1628 τοῖς
1624 1565 1892 1637 πρότερον

305 1657 572 1728 ἔστησαν,
599 1656 744 1711 οὔτε
766 1657 826 1723 ἐξ
863 1657 1101 1720 ἅπαντος
1138 1656 1314 1709 αὐτῶν
1359 1655 1745 1727 ἀνεχώρησαν,
1797 1675 1891 1710 κο-

304 1747 568 1805 λακεῦσαι
629 1749 687 1802 δὲ
747 1750 842 1803 καὶ
892 1748 1224 1820 θεραπεῦσαι
1273 1748 1371 1818 τὴν
1434 1748 1640 1801 οἰκείαν
1693 1747 1891 1819 προθέ-

2009 552 2141 607 illud
2176 562 2338 622 atque
2358 561 2775 607 sacrosanctum
2809 550 2903 607 Dei
2932 567 3131 606 nomen
3157 548 3450 618 abjecere'!
3471 547 3591 617 qui-

2007 662 2113 715 que
2137 646 2408 715 ejusmodi
2455 644 2785 717 flagitiorum
2836 643 3305 712 immanitatisque
3338 650 3584 695 monstra

2008 737 2064 791 in
2096 736 2383 805 theologiae
2413 750 2527 790 suae
2562 735 2838 807 mysteriis
2867 735 3160 799 tradidere,
3197 730 3504 801 eujusmodt
3537 732 3584 784 si

2005 844 2128 899 qua:
2159 829 2240 882 vel
2260 828 2312 881 in
2342 826 2827 882 facinorosissimis
2866 826 3179 880 hominibus
3211 821 3585 892 deprehende-

2004 929 2214 984 rentur,
2260 934 2453 989 poenas
2501 918 2761 973 continuo
2798 916 3013 987 legibus
3062 915 3395 970 constitutas
3443 913 3579 967 citra

2003 1011 2219 1066 veniam
2244 1026 2462 1065 omnem
2489 1009 2869 1065 sustinerent?
2908 1006 3258 1076 Quanquam,
3289 1005 3420 1075 quid
3460 1004 3585 1073 piu-

2002 1104 2157 1160 ribus
2182 1119 2321 1172 opus
2348 1113 2453 1170 est,
2492 1112 2553 1158 ut
2591 1102 2847 1156 universo
2882 1100 3191 1161 hominum,
3245 1106 3355 1152 tam
3393 1098 3584 1152 barba-

2002 1210 2189 1249 rorum
2223 1210 2388 1264 quam
2422 1192 2760 1256 Graecorum,
2812 1191 2998 1261 generi
3056 1189 3269 1244 felicem
3303 1198 3383 1243 tot
3406 1198 3584 1243 tanto-

2000 1302 2232 1356 rumque
2254 1286 2523 1341 malorum
2559 1285 2933 1339 liberationem
2954 1282 3337 1351 praedicemus,
3364 1295 3584 1337 causas-

2000 1392 2107 1446 que
2138 1385 2337 1432 uostra:
2368 1392 2398 1431 a
2429 1376 2633 1431 fictitiis
2676 1374 2997 1428 numinibus
3045 1371 3369 1427 defectionis
3397 1370 3583 1440 justis-

2000 1470 2170 1524 simas
2200 1469 2253 1523 in
2301 1469 2543 1523 medium
2577 1467 2909 1532 aﬂeramus;
2970 1482 3095 1520 cum
3145 1480 3334 1519 eorum
3368 1463 3533 1517 etiam
3560 1504 3577 1530 ,

1998 1559 2354 1628 quiaretiore
2403 1568 2563 1614 antea
2601 1559 2992 1628 superstitione
3043 1558 3414 1621 tenebantur,
3463 1556 3582 1626 plu-

1999 1652 2126 1707 rimi
2156 1653 2271 1721 jam
2320 1652 2479 1722 quasi
2511 1668 2578 1706 ex
2632 1653 2743 1706 alto
2791 1652 3066 1705 diuturnae
3094 1650 3332 1720 crapulae
3355 1660 3581 1704 veterno

1999 1738 2066 1791 ad
2098 1739 2268 1793 animi
2299 1740 2590 1795 sanitatem
2616 1742 2926 1804 redeuntes,
2956 1749 3011 1793 et
3045 1742 3096 1793 in
3129 1740 3306 1795 media
3339 1741 3581 1809 antiqua:

308 1858 460 1911 μενοι
490 1840 667 1906 δόξαν,
702 1841 802 1905 τὰς
834 1840 963 1912 περὶ
1006 1838 1115 1891 τῶν
1151 1838 1596 1909 τεθρυλλημένων
1631 1840 1759 1909 παρ’
1792 1841 1881 1893 αὑ-

1995 1829 2170 1884 noctis
2193 1830 2426 1900 caligine
2444 1831 2644 1885 mentis
2674 1831 2861 1886 oculos
2893 1831 3219 1899 aperientes,
3250 1828 3577 1900 profundam

301 1937 417 1997 τοῖς
464 1933 601 1987 θεῶν
652 1933 894 2001 ἱστορίας
944 1930 1194 2000 ἀληθεῖς,
1246 1929 1449 1999 μύθους
1487 1926 1624 1984 εἶναι
1681 1930 1890 1984 πεπλα-

304 2024 536 2095 σμένους
556 2023 663 2075 ὑπὸ
684 2021 924 2090 ποιητῶν
950 2021 1318 2090 ἐπεφήμισαν,
1349 2018 1585 2086 φυσικὰς
1612 2021 1671 2072 ἐν
1703 2021 1888 2084 αὐτοῖς

300 2112 748 2184 ἀποκρύπτοντες
782 2110 1037 2181 θεωρίας,
1059 2103 1132 2161 ὧν
1162 2111 1209 2161 εί
1241 2109 1335 2163 καὶ
1358 2110 1440 2162 ὅτι
1464 2110 1695 2179 μάλιστα
1719 2110 1886 2181 μηδὲν

299 2202 561 2273 φέρουσιν
614 2200 873 2271 ἀληθείας
922 2201 1153 2270 δεῖγμα,
1204 2200 1354 2269 ὅμως
1401 2200 1447 2252 δ’
1479 2196 1574 2253 οὖν
1614 2201 1886 2268 ἀναγκαία

297 2295 496 2361 γένοιτ’
531 2292 597 2347 ἂν
623 2294 756 2364 ἡμῖν
786 2294 818 2362 ἡ
848 2292 1081 2355 ἕκθεσις,
1114 2292 1193 2354 είς
1223 2290 1453 2365 θεωρίαν
1478 2290 1587 2344 τῶν
1622 2293 1715 2346 καὶ
1737 2291 1890 2365 παρά

297 2386 512 2449 τούτοις
565 2384 779 2455 σεμνῶν
803 2401 814 2413 ⁸
846 2384 921 2447 ὼς
971 2382 1038 2435 ἂν
1086 2383 1179 2435 καὶ
1213 2383 1311 2453 τῆς
1358 2381 1560 2436 τούτων
1603 2384 1889 2456 ἀναχωρή-

300 2494 462 2542 σεως,
498 2478 596 2531 οὐκ
630 2476 805 2538 ἄλλως
849 2477 982 2544 ἡμῖν
1016 2474 1463 2546 προξενηθείσης,
1502 2474 1535 2544 ἢ
1584 2478 1631 2528 εὶ
1663 2476 1750 2529 διὰ
1784 2477 1886 2546 τῆς

294 2568 395 2622 τοῦ
429 2569 679 2639 Σωτῆρος
702 2566 858 2637 ἡμῶν
881 2566 1240 2637 εύαγγελικῆς
1265 2566 1612 2631 διδασκαλίας
1634 2567 1696 2621 τὸ
1735 2565 1885 2620 εὔλο-

196 2648 207 2729 ‘y
296 2675 397 2728 γον
430 2658 763 2731 παρασταίη.
790 2658 926 2730 Φέρε
956 2653 1049 2711 οὖν
1083 2658 1177 2711 καὶ
1202 2657 1406 2712 τούτων
1435 2658 1525 2711 τὸν
1558 2658 1713 2727 λόγον
1745 2658 1885 2712 ἄνω-

212 2758 215 2817 L
293 2750 391 2804 θεν
413 2749 769 2815 ἀναλαὸόντες
798 2749 1246 2821 ἐπισκεψώμεθα.

1994 1922 2201 1977 erroris
2222 1921 2381 1990 patrii
2407 1920 2686 1975 vesaniam
2720 1923 3042 1991 agnoverint
3072 1921 3173 1990 ipsi
3195 1937 3435 1991 quoque,
3462 1922 3578 1976 sui-

1994 2031 2102 2084 que
2135 2014 2350 2069 tandem
2384 2029 2449 2067 ac
2482 2014 2708 2068 rationis
2732 2024 3030 2084 compotes,
3054 2030 3251 2069 novam
3279 2015 3575 2084 aliquando

1993 2105 2174 2175 prisca
2208 2106 2397 2159 relicta
2430 2105 2574 2158 viam
2632 2106 2899 2160 inierint?
2931 2105 2994 2159 Et
3029 2106 3121 2160 alii
3151 2106 3374 2176 quidem
3429 2106 3576 2161 velut

1994 2198 2244 2253 hostibus
2278 2198 2498 2252 obviam
2525 2206 2750 2253 strenue
2784 2199 3119 2268 prodeuntes
3147 2240 3163 2264 ,
3204 2208 3373 2253 totam
3409 2200 3571 2254 istam

1990 2288 2302 2344 fabularum
2333 2289 2618 2344 colluviem
2647 2290 2937 2359 despuere,
2974 2290 3211 2359 majores
3232 2306 3365 2344 suos
3398 2289 3574 2344 effuso

1989 2397 2209 2452 quoque
2235 2381 2353 2436 risu
2384 2381 2782 2451 cachinnisque
2815 2384 3096 2451 prosecuti
3132 2400 3145 2435 :
3179 2381 3269 2436 alii
3298 2397 3425 2436 vero
3465 2383 3572 2435 im-

1987 2472 2207 2542 pietatis
2232 2472 2423 2527 saltem
2464 2488 2530 2527 ae
2555 2482 2748 2542 spretae
2778 2472 3093 2529 Divinitatis
3140 2474 3450 2542 Opinionem
3479 2474 3575 2530 de-

1991 2566 2279 2630 clinantes,
2310 2579 2413 2621 nec
2450 2565 2638 2620 eodem
2672 2581 2899 2635 prorsus
2923 2566 2975 2620 in
2995 2566 3226 2635 vestigio
3257 2566 3570 2631 constitere.

1990 2674 2093 2714 nec
2123 2659 2193 2713 ab
2217 2673 2284 2713 eo
2316 2666 2499 2713 tamen
2526 2659 2752 2713 omnino
2780 2658 3102 2714 discessere.
3138 2659 3250 2730 69
3280 2658 3420 2731 Ergo
3443 2676 3570 2715 cum

1990 2758 2194 2806 sectam
2231 2749 2321 2804 isti
2357 2766 2516 2806 suam
2546 2750 2719 2805 lenire
2740 2751 3151 2820 quodammodo
3186 2752 3451 2821 novisque
3476 2768 3570 2806 ar-

213 2852 216 2877 ‘
295 2844 443 2900 tihus
473 2858 772 2913 procurare
806 2842 1162 2908 statuissent,
1218 2855 1378 2897 veras
1439 2839 1728 2895 numinum
1782 2856 2013 2898 suorum
2066 2842 2276 2897 tamdiu
2312 2842 2643 2911 jactatorum
2709 2843 2987 2907 historias,
3030 2844 3282 2911 ﬁgmenta
3322 2845 3570 2915 qutedam

290 2946 349 2990 et
376 2944 685 2991 commenta
713 2943 998 3006 poetarum
1038 2933 1242 2989 ominis
1294 2948 1460 2988 causa
1501 2932 1755 2987 meliores
1793 2948 1918 2990 esse
1955 2934 2236 2997 dixerunt,
2267 2934 2470 3002 quibus
2505 2934 2745 2988 rationes
2784 2949 3074 3003 causaeque
3108 2950 3292 2988 rerum
3347 2948 3571 2990 natura-

290 3026 431 3080 lium
487 3022 713 3078 inclusae
775 3022 1069 3078 latitarent.
1134 3021 1380 3088 Quarum
1439 3021 1567 3076 licet
1618 3021 1830 3076 nullum
1882 3024 2109 3077 omnino
2155 3023 2405 3078 veritatis
2444 3023 2706 3078 indicium
2771 3022 3018 3092 proferre
3070 3025 3304 3092 possint,
3344 3041 3446 3081 nos
3488 3035 3571 3081 ta-

293 3136 424 3177 men
449 3121 683 3191 pretium
719 3134 900 3189 opera:
934 3114 1174 3175 facturos
1225 3119 1578 3185 arbitramur,
1635 3119 1683 3174 si
1742 3134 2085 3189 quaecunque
2143 3120 2284 3188 apud
2330 3134 2426 3175 eos
2466 3119 2835 3174 honestiorem
2876 3120 3171 3188 quamdam
3212 3134 3324 3189 prae
3375 3137 3435 3175 se
3486 3120 3566 3176 fe-

289 3223 422 3271 rant
447 3213 707 3284 speciem,
757 3211 812 3266 in
856 3222 1103 3281 apertum
1134 3213 1421 3282 lucemque
1450 3212 1820 3281 producamus
1845 3251 1861 3277 ,
1898 3220 1958 3266 ut
1992 3227 2265 3267 summam
2306 3213 2470 3281 hujus
2514 3221 2796 3282 praeterea,
2831 3228 2995 3283 quam
3054 3212 3123 3267 ab
3163 3214 3231 3268 iis
3279 3214 3426 3285 (non
3460 3215 3567 3271 alia

286 3323 428 3364 sane
480 3319 648 3376 quam
707 3303 1019 3372 evangelica
1070 3300 1377 3358 Servatoris
1417 3300 1591 3357 nostri
1625 3301 1878 3357 doctrina
1921 3302 2202 3358 informati
2255 3303 2609 3374 adductique)
2648 3302 2953 3358 faciendam
3009 3305 3173 3360 nobis
3227 3308 3566 3377 putavimus,

287 3398 651 3456 discessionis
685 3398 994 3469 aequitatem
1019 3398 1193 3454 oculis
1218 3413 1413 3454 omnes
1451 3407 1638 3454 tenere
1668 3399 1903 3469 possint.
1944 3399 2059 3470 Age
2098 3400 2302 3470 itaque,
2352 3416 2467 3456 rem
2522 3409 2690 3456 totam
2736 3401 2902 3457 altius
2943 3411 3271 3472 repetentes,
3334 3404 3564 3474 propius

286 3495 750 3565 contemplemur.

819 3590 1214 3644 ΚΕΦΑΛΑΙΟΝ
1262 3592 1339 3644 E'.

408 3678 958 3748 Ἀνακεφαλαίωσις
984 3677 1101 3733 τῶν
1127 3682 1395 3747 πρόσθεν
1421 3681 1766 3751 εἰρημένων.

360 3770 479 3841 Τῆς
519 3770 622 3841 μὲν
660 3765 754 3824 οὖν
798 3770 1113 3841 Ἑλληνικῆς
1152 3769 1427 3842 θεολογίας
1448 3812 1462 3836 ,
1498 3772 1641 3841 λέγω
1671 3772 1736 3845 δὴ
1780 3775 1877 3845 τῆς

287 3861 574 3931 πανδήμου
616 3862 712 3915 καὶ
742 3860 1140 3934 μυθικωτέρας,
1177 3863 1272 3916 καὶ
1307 3862 1442 3916 πολὺ
1473 3864 1745 3936 προτέρας
1780 3866 1877 3937 τῆς

286 3953 447 4025 παρά
491 3952 691 4020 Φοίνιξι
734 3954 829 4006 καὶ
866 3954 1224 4022 Αἰγυπτίοις,
1261 3957 1371 4018 τοῖς
1424 3971 1484 4008 τε
1527 3954 1740 4019 ἄλλοις,
1801 3950 1876 4012 ὧν

286 4046 387 4101 καὶ
410 4044 508 4116 τὴν
539 4047 759 4117 μνήμην
784 4046 954 4118 οἱπρὺ
980 4046 1167 4100 τούτου
1196 4049 1484 4119 περιέσχον
1509 4047 1675 4118 λόγοι,
1703 4050 1877 4104 τοιόσ-

283 4138 345 4193 δε
379 4156 466 4203 τις
492 4141 521 4191 ό
543 4138 744 4209 τρόπος
774 4138 1183 4204 ἀποδέδεικται,
1216 4136 1328 4204 οἶος
1364 4141 1453 4196 διὰ
1478 4141 1586 4196 τῶν
1616 4160 1877 4212 προεκτε-

285 4230 485 4285 θεισῶν
520 4229 734 4299 φωνῶν,
778 4229 957 4283 αὐτῶν
1004 4231 1067 4302 δὴ
1116 4231 1224 4285 τῶν
1261 4232 1585 4304 Ἑλληνικῶν
1635 4252 1875 4307 συγγρα-

287 4324 457 4394 φέων,
499 4322 928 4394 προδεδήλωται*
959 4321 1017 4376 ὃν
1051 4323 1146 4376 καὶ
1178 4324 1403 4387 εἰκότως
1445 4326 1504 4377 ὲν
1538 4326 1735 4396 ἀρχαῖς
1773 4327 1875 4397 τῆς

288 4417 659 4490 προκειμένης
705 4415 1064 4487 εὐαγγελικῆς
1108 4416 1577 4489 Προπαρασκευῆς
1622 4421 1703 4484 εἰς
1753 4421 1871 4474 διά-

285 4508 490 4576 γνωσίν
514 4524 572 4560 τε
606 4507 701 4561 καὶ
725 4507 1001 4579 ἐπίκρισιν
1029 4510 1141 4572 τοῖς
1167 4508 1567 4579 ἐντευξομένοις
1588 4511 1871 4583 προτεθεί-

284 4615 489 4673 καμεν,
521 4600 598 4663 ὡς
624 4598 689 4652 ἂν
713 4599 868 4652 αὐτοὶ
895 4598 1182 4670 μάθοιμεν,
1214 4601 1376 4670 ἡμεῖς
1405 4599 1462 4653 δὲ
1492 4601 1668 4666 αὐτοὶ,
1704 4602 1799 4656 καὶ
1823 4604 1871 4656 οἱ

286 4692 455 4745 τῶνδε
483 4690 647 4744 εἰσέτι
672 4691 768 4744 κα)⁸
788 4688 885 4744 νῦν
928 4691 1168 4763 ἄπειροι,
1200 4692 1344 4756 τίνες
1368 4691 1521 4755 ὄντες
1546 4692 1712 4747 πάλαι
1738 4693 1873 4766 πρό-

284 4800 467 4856 τερον,
520 4785 614 4838 καὶ
643 4783 771 4837 οἵων
815 4784 881 4836 ἐκ
938 4782 1189 4855 πατέρων
1234 4783 1464 4853 φύντες,
1517 4784 1762 4854 πηλίκοις
1809 4801 1870 4839 τε

284 4876 483 4947 τοπρὶν
507 4878 697 4938 κακοῖς
730 4873 1112 4944 πεπεδημένοι,
1149 4873 1466 4938 δυσσεϐείας
1490 4891 1551 4928 τε
1577 4875 1750 4947 όπόσῃ
1776 4879 1870 4931 καὶ

2606 3588 2838 3645 CAPUT

2034 3682 2221 3738 Brevis
2250 3697 2431 3737 eorum
2456 3697 2576 3752 qua
2599 3684 2842 3751 superius
2867 3684 3012 3737 dicta
3045 3694 3168 3739 sunt
3192 3685 3510 3755 complexio.

2051 3775 2366 3831 Graecorum
2392 3776 2559 3843 igitur
2582 3776 2854 3845 vulgatam
2889 3776 3033 3830 illam
3058 3779 3412 3850 pluribusque
3434 3795 3562 3834 con-

1977 3876 2182 3924 textam
2236 3866 2436 3923 fabulis
2495 3867 2846 3938 theologiam,
2905 3884 3131 3939 quaeque
3167 3884 3424 3940 prauerea
3470 3872 3559 3926 vel

1977 3956 2323 4020 Phoenicum,
2350 3957 2434 4012 vel
2463 3955 2869 4028 Egyptiorum,
2905 3975 2969 4013 ac
3003 3970 3326 4015 ceterorum
3348 4002 3364 4027 ,
3414 3977 3560 4032 quo-

1976 4066 2099 4104 rum
2138 4061 2264 4106 ante
2297 4051 2630 4105 mentionem
2667 4048 2925 4113 fecimus,
2958 4052 3178 4120 propria
3211 4051 3332 4129 fuit.
3365 4052 3555 4108 Graeca

1976 4140 2079 4196 ista
2101 4141 2261 4211 longe
2294 4142 2666 4206 vetustiorem,
2704 4142 2769 4195 ad
2813 4153 2940 4197 eum
2980 4158 3102 4198 sese
3172 4145 3396 4197 modum
3456 4144 3555 4199 ha-

1976 4233 2161 4288 buisse
2182 4241 2418 4295 constat,
2450 4249 2611 4302 quem
2641 4232 2925 4301 productis
2974 4233 3227 4302 superius
3262 4232 3555 4300 ipsissimis

1977 4317 2287 4374 Graaeorum
2324 4329 2612 4374 auctorum
2647 4320 2828 4375 verbis
2863 4322 3396 4388 repraesentavimus.
3451 4322 3553 4377 At-

1976 4424 2084 4479 que
2112 4408 2163 4463 id
2190 4410 2322 4463 mihi
2354 4408 2574 4479 quidem
2604 4409 2929 4479 evangelicae
2960 4408 3404 4479 Praeparationis,
3431 4429 3555 4485 quae

1976 4502 2082 4557 hoc
2106 4516 2271 4571 opere
2299 4501 2622 4566 instituitur,
2655 4502 2816 4557 initio
2849 4503 3137 4557 commode
3174 4504 3425 4573 posuisse
3472 4506 3554 4560 vi-

1975 4594 2127 4660 deor,
2160 4595 2228 4649 iis
2259 4595 2353 4664 qui
2381 4593 2435 4647 in
2484 4593 2657 4664 ipsius
2688 4595 2920 4650 lectione
2966 4599 3356 4665 versabuntur,
3385 4598 3552 4654 excul
3584 4606 3593 4671 έ

1976 4686 2215 4742 liendum
2237 4686 2557 4757 judicioque
2582 4702 2683 4743 suo
2700 4688 3136 4758 ponderandum,
3162 4698 3224 4744 ut
3251 4691 3429 4745 caeteri
3458 4705 3553 4745 no-

1975 4781 2186 4835 biscum
2222 4795 2446 4846 omnes,
2498 4795 2638 4850 quos
2670 4782 2850 4837 adhuc
2879 4797 3063 4837 rerum
3101 4784 3329 4838 istarum
3363 4768 3550 4851 cogni-

1975 4873 2053 4927 tio
2082 4872 2258 4938 latuit,
2301 4871 2622 4944 intelligant,
2647 4873 2838 4942 quales
2861 4874 3079 4930 tandem
3107 4888 3137 4927 a
3182 4875 3369 4930 multis
3400 4883 3547 4930 retro
3586 4870 3591 4901 ⁵

286 4964 562 5032 ἀγνωσίας
578 4963 713 5021 Θεοῦ
749 4964 885 5036 μέθῃ
919 4964 1019 5028 τὰς
1038 4964 1218 5035 ψυχὰς
1244 4966 1743 5038 κατορωρυγμένοι,
1769 4967 1868 5039 τῆς

1986 4962 2209 5027 saeculis,
2238 4963 2549 5032 quibusque
2574 4965 2687 5017 nati
2717 4965 3057 5034 parentibus,
3090 4966 3312 5034 quantis
3367 4966 3548 5034 impli-

284 5056 491 5111 τούτων
543 5057 799 5111 ἁπάντων
835 5056 1174 5121 ἀνανεύσεως
1204 5056 1299 5110 καὶ
1341 5056 1652 5129 ἐλευθερίας
1700 5056 1864 5128 ἠξιώ-

286 5148 483 5220 θημεν,
516 5149 606 5203 διὰ
629 5151 758 5221 μιᾶς
791 5150 959 5221 μόνης
981 5149 1081 5219 τῆς
1123 5150 1482 5219 εὐαγγελικῆς
1519 5150 1866 5217 διδασκαλίας

282 5243 386 5294 οὐκ
404 5241 579 5305 ἄλλως
610 5243 740 5313 ἡμῖν
768 5240 1250 5313 πρυτανευθείσης,
1280 5242 1312 5311 ἢ
1339 5240 1405 5293 δι’
1429 5242 1748 5309 ἐπιφανείας
1770 5242 1863 5296 τοῦ

283 5334 539 5406 Σωτῆρος
569 5334 726 5406 ἡμῶν
776 5332 949 5405 Ἰησοῦ
987 5333 1223 5405 Χριστοῦ
1263 5331 1355 5385 τοῦ
1381 5332 1516 5385 Θεοῦ
1537 5351 1548 5362 ·
1588 5333 1647 5397 ὃς
1675 5335 1735 5386 οὐ
1767 5336 1864 5405 μέ-

286 5442 370 5494 ρει
396 5426 519 5496 γῆς,
550 5425 656 5478 οὐδ’
682 5428 741 5479 ὲν
776 5428 947 5498 γωνίᾳ
984 5425 1166 5497 χώρας
1198 5423 1383 5487 ἔθνους
1413 5424 1549 5488 ἐνὸς,
1581 5424 1704 5477 καθ’
1737 5425 1864 5495 ὅλης

280 5519 339 5572 δέ
369 5519 475 5590 τῆς
512 5518 815 5590 ἀνθρώπων
845 5517 1167 5588 οἰκουμένης
1187 5557 1201 5579 ,
1231 5515 1352 5569 καθ’
1384 5510 1452 5586 ἧς
1514 5514 1747 5585 μάλιστα
1795 5514 1865 5568 τὰ

279 5608 383 5676 τῆς
400 5609 787 5679 δεισιδαίμονος
816 5608 1022 5679 πλάνης
1046 5607 1430 5678 ὑπερίσχυσεν,
1453 5599 1542 5658 οἷά
1563 5623 1645 5669 τις
1663 5604 1864 5676 νοερῶν

281 5702 379 5755 καὶ
423 5702 658 5770 λογικῶν
696 5700 884 5773 ψυχῶν
931 5700 1109 5771 ἥλιος,
1143 5700 1243 5763 τὰς
1288 5699 1382 5752 τοῦ
1433 5699 1634 5752 οἰκείου
1686 5698 1863 5766 φωτὸς

280 5791 611 5860 ἑφαπλώσας
643 5794 883 5864 ἀκτῖνας,
905 5791 1041 5863 ὁμοῦ
1073 5792 1180 5845 πᾶν
1212 5790 1370 5861 γένος
1403 5789 1705 5864 ἀνθρώπων
1730 5788 1862 5862 βαρ-

1971 5054 2076 5109 cati
2101 5054 2281 5119 malis.
2313 5064 2516 5125 ‘luanta
2550 5056 2768 5110 demum
2801 5058 3098 5126 impietatis
3130 5072 3195 5112 ac
3225 5056 3397 5110 divini
3430 5048 3547 5113 Nu-
3598 5078 3601 5081 π

1970 5147 2134 5200 minis
2168 5147 2507 5216 ignoratione
2529 5187 2545 5207 .
2598 5155 2859 5217 tanquam
2897 5149 3004 5203 alta
3048 5146 3285 5217 quadam
3319 5149 3546 5219 crapula

1970 5237 2173 5301 obruti,
2207 5239 2398 5293 tollere
2425 5239 2615 5294 oculos
2665 5240 3001 5309 aliquando,
3057 5249 3277 5307 tamque
3329 5238 3546 5296 funesta
3614 5249 3620 5253 ‘

1969 5328 2231 5383 servitute
2262 5328 2479 5383 liberari
2514 5329 2677 5384 unius
2707 5329 3036 5400 evangelicae
3067 5329 3329 5385 doctrina:
3352 5330 3404 5383 vi
3442 5329 3538 5385 be-

1969 5418 2274 5489 neficioque
2300 5419 2662 5489 potuerimus,
2695 5436 2858 5491 quam
2885 5419 3131 5491 profecto
3165 5436 3272 5476 non
3302 5422 3410 5477 alia
3454 5436 3544 5475 ra-

1968 5511 2118 5589 tione
2149 5526 2361 5574 sumus,
2397 5526 2558 5580 quam
2600 5509 2731 5566 Jesu
2756 5511 2964 5568 Christi
2990 5510 3300 5568 Servatoris
3334 5513 3543 5584 Deique

1968 5603 2142 5657 nostri
2174 5602 2407 5656 adventu
2433 5605 2736 5659 consecuti.
2763 5602 2861 5659 Hic
2886 5605 3032 5659 enim
3068 5605 3157 5659 ille
3178 5615 3281 5671 est,
3302 5605 3393 5673 qui
3430 5620 3540 5661 non

1963 5700 2115 5763 parte
2141 5692 2321 5761 aliqua
2354 5704 2624 5748 terrarum
2650 5738 2665 5759 ,
2699 5703 2793 5751 aut
2818 5697 2998 5767 gentis
3027 5696 3192 5751 unius
3225 5698 3420 5765 angulo
3448 5711 3538 5750 re-

1963 5784 2143 5856 gionis
2190 5784 2510 5852 includens,
2557 5789 2653 5845 sed
2704 5799 2817 5845 toto
2863 5791 3069 5862 passim
3117 5791 3276 5856 orbe,
3321 5789 3411 5843 ubi
3445 5789 3538 5844 de-
