4154 6444
540 334 646 389 «τις

1177 330 1449 389 EUSEBII
1486 327 1971 386 CAISARJENSIS
2007 327 2159 382 OPP.
2200 327 2386 383 PARS
2418 326 2485 384 ll.
2524 359 2593 369 —
2631 327 3139 385 APOLOGETICA.

3709 320 3811 374 136

539 459 730 523 gerent
780 450 1027 505 homines
1055 490 1069 513 ,
1115 465 1333 520 quaque
1365 448 1712 518 potissimum
1763 445 2118 517 grassabatur

2226 445 2406 520 δάρων
2435 463 2493 499 τε
2523 447 2617 500 καὶ
2643 447 2936 516 Ἑλλήνων,
2954 446 3145 517 ὥσπερ
3178 446 3238 513 ὲξ
3267 446 3464 517 ἀχλύος
3495 446 3699 519 δεινῆς,
3721 448 3819 504 καὶ

539 542 745 598 erroris
785 541 1149 609 superstitiosi
1206 541 1554 602 dominatus,
1584 539 1754 593 veluti
1776 537 1860 593 sol
1892 536 2119 607 quidam

538 632 958 702 intelligentium
1018 647 1081 685 ac
1112 632 1325 686 ratione
1381 630 1737 701 praeditorum
1767 629 2080 683 animorum
2100 669 2117 695 ,

536 723 764 778 luminis
804 725 891 778 sui
946 723 1126 778 radios
1158 723 1318 791 longe
1363 721 1581 791 lateque
1612 720 1962 784 diffundens.
1999 720 2122 773 uni-

534 831 758 870 versum
784 815 1068 869 hominum
1097 813 1457 867 barbarorum
1487 811 1653 866 simul
1683 812 2120 880 Grmcorumque

536 907 647 979 70
668 924 861 977 genus,
891 907 1134 975 adeoque
1166 922 1269 961 nos
1298 922 1493 963 omnes
1525 906 1854 961 densissima
1887 904 2122 974 caligine

537 1016 603 1055 ac
635 1001 931 1064 teterrima,
963 1014 1295 1068 omnemque
1316 1001 1493 1055 lucem
1536 1000 1863 1055 excludente
1896 998 2123 1053 menda-

536 1094 616 1148 cis
646 1106 903 1160 t'anaeque
931 1093 1341 1161 superstitionis
1368 1102 1550 1157 nocte,
1601 1093 1657 1146 in
1686 1107 1831 1146 verae
1870 1106 2000 1162 erga
2036 1104 2123 1145 re-

534 1198 658 1238 rum
686 1183 927 1236 omnium
961 1183 1361 1238 moderatorem
1382 1183 1551 1238 Deum
1576 1183 1794 1254 pietatis
1823 1184 1968 1238 diem
1996 1182 2121 1235 vin-

533 1276 753 1331 dicavit.
786 1275 1098 1337 Enimvero.
1127 1285 1397 1347 quotquot
1431 1277 1634 1347 ubique
1663 1277 1793 1330 olim
1822 1276 1889 1333 ad
1924 1283 2118 1343 stupo-

544 1383 659 1422 rem
689 1384 862 1437 usque
881 1367 1128 1436 profanis
1143 1369 1210 1423 de
1231 1370 1456 1424 deorum
1478 1368 1826 1423 multitudine
1838 1367 2121 1423 erroribus

532 1467 640 1512 tam
673 1460 726 1512 in
757 1458 1007 1519 urbibus,
1043 1474 1209 1527 quam
1238 1460 1291 1512 in
1318 1461 1474 1530 pagis
1495 1459 1865 1524 adhaeserunt,
1896 1459 2119 1513 eosdem

532 1559 878 1604 mortuorum
899 1551 1065 1617 idola,
1081 1550 1474 1622 hominumque
1494 1552 1703 1622 pridem
1721 1553 2117 1607 exstinctorum

532 1643 828 1697 simulacra
870 1644 1026 1698 statis
1056 1657 1252 1698 omnes
1303 1644 1607 1698 honoribus
1634 1644 1892 1709 coluisse,
1922 1643 2118 1699 claris-

530 1735 687 1791 simis
723 1734 1068 1789 laudatorutn
1123 1745 1252 1790 ante
1300 1737 1634 1806 scriptorum
1678 1735 2010 1791 testimoniis
2054 1751 2121 1791 ac

530 1828 758 1883 vocibus
787 1829 1221 1897 comprobatur:
1260 1830 1333 1883 ita
1369 1830 1550 1900 plane,
1586 1839 1648 1884 ut
1688 1830 1937 1899 priscum
1986 1829 2120 1884 illud
2152 1814 2194 1869 Β

530 1918 815 1973 hominum
846 1934 1040 1989 genus,
1076 1930 1296 1989 propter
1330 1920 1564 1975 ferinam
1592 1935 1759 1989 supra
1791 1922 2016 1975 modum
2052 1935 2120 1975 eo

531 2019 779 2079 tetnpore
794 2011 1008 2064 vivendi
1034 2011 1323 2072 rationem,
1343 2011 1411 2065 de
1428 2026 1647 2065 summo
1669 2026 1851 2065 rerum
1873 2014 2119 2065 omnium

530 2103 724 2173 opiﬁee
751 2102 860 2158 Deo
882 2102 1018 2157 nihil
1042 2103 1270 2158 omnino
1294 2105 1578 2173 cogitaret,
1604 2118 1706 2159 nec
1731 2104 1974 2158 divinam
2001 2105 2122 2173 ejus

531 2197 588 2252 in
618 2196 927 2266 repetendis
959 2197 1227 2251 scelerum
1280 2196 1461 2267 pinnis
1514 2197 1786 2265 justitiam
1844 2197 2121 2253 ullatenus

529 2298 845 2354 vereretur,-
875 2287 971 2343 sed
1003 2288 1060 2342 in
1109 2289 1295 2342 omnia
1347 2286 1674 2356 ﬂagitiorum
1723 2295 1780 2342 et
1826 2288 2123 2357 impietatis

532 2395 730 2452 genera
762 2379 1025 2449 przecipiti
1058 2381 1295 2449 quodam
1318 2389 1451 2432 aestu
1476 2388 1780 2448 raperetur.
1806 2376 1968 2443 Nam,
1993 2393 2120 2433 cum

532 2473 667 2527 nulli
728 2472 908 2526 adhuc
936 2472 1220 2526 hominum
1245 2471 1354 2525 vita
1388 2471 1600 2542 legibus
1634 2471 1702 2524 ad
1749 2471 2007 2525 virtutem
2034 2471 2122 2526 in—

531 2563 787 2627 formata,
818 2563 970 2617 nullo
996 2563 1211 2618 mitiore
1240 2580 1303 2619 ac
1332 2564 1587 2633 politiore
1610 2563 1763 2618 cultu
1792 2571 2119 2633 temperata,

530 2657 708 2713 solute
732 2672 797 2710 ac
828 2670 983 2725 vage,
1009 2653 1317 2709 Nomadum
1346 2665 1441 2709 aut
1464 2655 1772 2710 belluarum
1797 2656 1982 2725 potius
2014 2654 2122 2709 ritu

532 2757 822 2818 ageretur:
847 2747 971 2801 aliis
1002 2744 1222 2815 quidem
1258 2744 1525 2815 pecudum
1564 2745 1742 2799 instar
1770 2743 1986 2799 ratione
2027 2758 2124 2797 ca-

530 2840 767 2897 rentium
788 2881 803 2906 ,
844 2846 1041 2910 praeter
1073 2837 1384 2892 abdominis
1414 2838 1760 2891 saturitatem
1795 2836 1951 2906 pensi
1986 2835 2121 2890 nihil

527 2942 669 2995 erat,
703 2947 940 3002 quorum
986 2932 1041 2985 in
1095 2930 1313 2985 animos
1352 2930 1593 2999 primum
1621 2928 1919 2999 impietatis
1948 2942 2122 2998 genus

531 3028 698 3084 altius
725 3026 913 3082 subire
945 3026 1086 3081 solet
1120 3044 1132 3079 :
1166 3025 1259 3080 alii
1291 3039 1440 3088 vero,
1499 3022 1690 3077 inditis
1724 3036 1756 3076 a
1786 3031 1983 3077 natura
2015 3039 2119 3077 no-

2225 540 2614 610 ζοφερωτάτης
2638 555 2698 591 τε
2732 539 2826 592 καὶ
2854 538 3068 602 ἀειδοῦς
3081 537 3278 601 νυκτὸς
3305 537 3407 608 τῆς
3427 538 3820 610 δεισιδαίμονος

2225 630 2457 701 πλάνης,
2493 631 2588 684 ἐπὶ
2620 630 2880 702 λαμπρὰν
2918 631 3014 684 καὶ
3051 630 3448 701 διαυγεστάτην
3472 629 3686 701 ἡμέραν
3718 631 3819 702 τῆς

2224 722 2460 794 ἀληθοῦς
2513 723 2797 785 εὐσεδείας
2828 721 2923 777 τοῦ
2973 722 3368 794 παμϐασιλέως
3395 722 3532 776 Θεοῦ
3552 761 3569 787 ,
3609 721 3818 786 πάντας

2224 818 2374 887 ἡμᾶς
2410 824 2799 889 μετεστήσατο.
2839 816 3147 888 Διάρῤήδην
3177 815 3310 885 γοῦν
3353 818 3408 868 αί
3461 831 3817 887 προπαρατε-

2223 906 2403 961 θεῖσαι
2452 907 2663 977 φωναὶ,
2721 906 2932 978 νεκρῶν
2986 907 3181 961 εἴδωλα
3204 947 3219 972 ,
3244 907 3340 961 καὶ
3381 905 3594 978 ἀνδρῶν
3647 905 3819 961 πάλαι

2224 999 2632 1069 κατοιχομένων
2667 999 2919 1063 εἰκόνας,
2958 998 3168 1064 πάντας
3201 997 3473 1070 πανδημεί⁵
3517 1000 3646 1061 τοὺς
3671 999 3819 1069 ἀμφὶ

2222 1088 2322 1160 τὴν
2358 1088 2621 1141 πολύθεον
2671 1088 2880 1159 πλάνην
2904 1130 2920 1154 ,
2964 1090 3107 1143 κατά
3133 1106 3194 1142 τε
3247 1089 3436 1153 πόλεις
3483 1089 3579 1143 καὶ
3623 1089 3819 1160 κώμας

2225 1182 2621 1253 ἐπτοημένους,
2649 1182 2975 1253 θεραπεύειν
3005 1200 3067 1236 τε
3101 1183 3196 1236 καὶ
3229 1184 3516 1255 περιέπειν
3538 1181 3815 1247 ἐδίδαξαν·

2223 1273 2332 1326 τῶν
2364 1273 2529 1328 πάλαι
2560 1274 2771 1345 ἀνδρῶν
2815 1275 2886 1328 δι’
2931 1274 3379 1347 ὑπερϐάλλουσαν
3407 1273 3503 1327 τοῦ
3545 1274 3669 1327 τότε
3700 1274 3817 1344 βίου

2225 1366 2543 1440 θηριωδίαν,
2566 1367 2703 1421 Θεοῦ
2741 1369 2840 1439 μὲν
2872 1368 2965 1422 τοῦ
2992 1368 3212 1421 πάντων
3236 1366 3570 1440 δημιουργοῦ
3612 1368 3819 1439 μηδένα

2223 1459 2383 1529 λόγον
2416 1461 2781 1531 ποιουμένων,
2822 1461 2955 1532 μηδὲ
2975 1461 3077 1531 τῆς
3101 1460 3254 1525 θείας
3275 1463 3368 1515 καὶ
3390 1462 3482 1515 ἐπὶ
3507 1461 3607 1532 τῆς
3638 1461 3821 1533 πλημ-

2228 1552 2565 1625 μελουμένης
2595 1553 2837 1627 τιμωροῦ
2869 1553 3026 1625 δίκης
3057 1554 3479 1625 ὲμπαζομένων,
3518 1556 3599 1617 είς
3637 1554 3819 1618 πάσας

2222 1644 2280 1697 δὲ
2334 1644 2717 1715 ἀνοσιουργίας
2778 1644 3249 1721 καταϐαλλόντων.
3294 1645 3463 1699 Οΰπω
3493 1646 3603 1717 γὰρ
3649 1645 3818 1698 εἰσέτι

2224 1736 2403 1805 νόμων
2431 1738 2571 1802 τότε,
2608 1737 2730 1791 καθ’
2757 1736 2853 1801 οὒς
2876 1737 2982 1809 χρὴ
3008 1736 3177 1807 βιοῦν,
3212 1738 3582 1800 συνεστώτων,
3607 1738 3727 1791 οὐδέ
3752 1754 3816 1805 γε

2222 1827 2322 1897 τῆς
2346 1829 2553 1899 ἡμέρου
2575 1828 2851 1893 πολιτείας
2873 1832 2932 1882 ὲν
2956 1828 3265 1901 ἀνθρώποις
3298 1830 3816 1901 κατατεταγμένης·

2221 1919 2511 1991 ἀνειμένου
2540 1922 2598 1976 δὲ
2644 1923 2738 1976 καὶ
2770 1922 3065 1993 νομαδικοῦ
3096 1922 3190 1976 τοῦ
3237 1922 3351 1993 βίου
3372 1963 3387 1986 ,
3425 1921 3727 1994 θηριώδους
3756 1938 3817 1974 τε

2222 2012 2567 2077 καθεστῶτος
2587 2029 2602 2044 ⁸
2638 2014 2751 2077 τοῖς
2780 2013 2879 2085 μὲν
2910 2014 3243 2086 θρεμμάτων
3274 2015 3488 2082 ἀλόγων
3521 2014 3677 2085 δίκην
3706 2012 3820 2069 τῶν

2221 2104 2321 2174 τῆς
2347 2105 2585 2174 γαστρὸς
2618 2106 2835 2178 ἀποπλη
2846 2105 3065 2177 ρώσεων
3099 2107 3260 2160 πλέον
3286 2107 3438 2160 οὐδὲν
3465 2106 3709 2178 ἔμελλεν,
3735 2100 3820 2172 οἷς

2224 2196 2316 2249 καὶ
2349 2196 2565 2267 πρῶτος
2606 2197 2900 2269 ἀθεότητος
2946 2200 3266 2270 ὑποικουρεῖ
3307 2199 3508 2270 τρόπος
3529 2213 3543 2228 ·
3580 2200 3631 2251 οἱ
3661 2198 3705 2251 δ’
3738 2200 3819 2265 είς

2226 2288 2397 2360 βραχὺ
2424 2304 2476 2341 τι
2509 2292 2767 2359 φυσικαῖς
2813 2289 3041 2354 ἐννοίαις
3084 2289 3523 2360 άνακινούμενοι,
3572 2287 3691 2343 θεὸν
3721 2285 3820 2343 καὶ

2223 2382 2359 2434 Θεοῦ
2393 2380 2645 2453 δύναμιν,
2683 2382 2950 2453 σωτήριόν
2983 2399 3036 2435 τι
3078 2382 3176 2436 καὶ
3213 2382 3418 2450 ἀγαθὸν
3451 2377 3589 2435 εἶναι
3628 2381 3819 2453 χρῆμα

2222 2473 2596 2545 διενοήθησαν,
2626 2474 2809 2545 εὑρεῖν
2844 2472 2902 2525 δὲ
2939 2473 3130 2526 τοῦτον
3168 2472 3543 2544 ἐθελήσαντες,
3572 2474 3686 2527 άνω
3718 2473 3819 2544 μὲν

2224 2566 2322 2629 τὰς
2348 2564 2526 2635 ψυχὰς
2551 2566 2632 2629 είς
2661 2564 2889 2635 οὐρανὸν
2921 2564 3152 2629 ἐτειναν,
3184 2564 3369 2619 αὐτόθι
3400 2564 3459 2618 δὲ
3499 2567 3565 2636 τῇ
3608 2564 3818 2637 διανοίᾳ

2226 2657 2470 2720 στάντες,
2502 2658 2596 2711 καὶ
2623 2657 2732 2711 τῶν
2763 2657 2885 2711 κατ’
2908 2656 3135 2729 οὐρανὸν
3168 2657 3467 2726 φαινόντων
3491 2674 3551 2710 τε
3576 2657 3669 2710 καὶ
3694 2672 3820 2725 φαι-

2223 2750 2466 2822 νομένων
2507 2751 2812 2821 φωστήρων
2848 2748 3292 2819 καταπλαγέντες
3329 2748 3396 2803 τὰ
3428 2749 3597 2821 κάλλη
3620 2789 3635 2813 ,
3666 2748 3819 2802 ταῦτ’

2223 2838 2361 2895 εἶναι
2386 2840 2542 2905 θεοὺς
2571 2842 2938 2912 ἁπεφὴναντο.
2955 2840 3142 2913 Τρίτοι
3168 2841 3226 2894 δὲ
3248 2840 3416 2905 ἄλλοι,
3452 2842 3594 2910 σφᾶς
3618 2841 3820 2902 αὐτοὺς

2222 2935 2315 2988 ἐπὶ
2347 2935 2451 3005 γῆς
2484 2933 2757 3004 ῥίψαντες,
2789 2935 2916 2998 τοὺς
2950 2935 3045 2989 ἐπὶ
3080 2936 3295 2989 συνέσει
3325 2934 3435 2988 τῶν
3467 2935 3591 2989 κατ’
3621 2934 3819 2998 αὐτοὺς

2221 3025 2519 3098 προφέρειν
2548 3027 2993 3097 νενομισμένους,
3028 3028 3062 3099 ἢ
3098 3027 3194 3081 καὶ
3230 3026 3393 3102 ῥώμῃ
3430 3027 3685 3099 σώματος
3722 3027 3819 3080 καὶ

527 3119 772 3174 tionibus
821 3118 1095 3172 tantillum
1132 3117 1389 3183 excitati,
1440 3115 1609 3172 Deum
1658 3116 1881 3187 quidem
1926 3132 1991 3173 ac
2023 3116 2116 3173 Dei

2226 3117 2539 3182 δυναστείας
2574 3118 2719 3187 ίσχύῖ
2749 3118 2859 3171 τῶν
2893 3119 3157 3187 πλειόνων
3190 3121 3694 3193 ἐπικρατήσαντος,
3731 3118 3819 3188 γί-

526 3220 853 3284 potestatem
890 3211 1152 3267 salutaris
1177 3225 1242 3265 ac
1265 3210 1395 3265 boni
1425 3208 1708 3280 quidpiam
1738 3225 1863 3266 esse
1905 3211 2117 3282 cogita—

527 3304 690 3372 bant;
722 3305 818 3360 sed
840 3318 964 3359 cum
994 3303 1061 3357 ad
1094 3305 1213 3372 ejus
1230 3302 1596 3371 cognitionem
1622 3302 1951 3372 aspirarent,
1985 3303 2121 3358 sub-

530 3395 655 3451 latis
706 3404 761 3450 et
793 3395 991 3450 erectis
1038 3394 1096 3448 in
1132 3395 1332 3448 cmlum
1357 3394 1579 3459 animis,
1614 3393 1726 3447 vim
1748 3395 1803 3447 in
1834 3408 1903 3449 eo
1924 3396 2126 3451 mentis

530 3488 819 3557 aciemque
842 3486 1110 3547 defixere,
1147 3494 1537 3554 astrorumque
1569 3492 1689 3539 toto
1718 3485 1860 3541 caelo
1914 3487 2126 3541 mican-

531 3581 670 3636 tium
689 3592 1001 3648 sensusque
1021 3576 1333 3632 ferientium
1355 3575 1816 3646 pulchritudinem
1844 3577 2121 3645 admirati,

532 3673 761 3728 deorum
792 3672 861 3727 iis
891 3685 1089 3725 nomen
1117 3670 1495 3739 honoremque
1534 3669 1795 3726 tribuere.
1838 3670 1946 3725 Alii
1968 3670 2122 3726 deni-

531 3780 641 3834 que
667 3764 721 3818 in
747 3774 947 3818 terram
978 3777 1100 3817 sese
1133 3762 1459 3831 animosque
1512 3761 1865 3817 devolventes
1897 3801 1914 3826 ,
1977 3775 2119 3831 quos

532 3865 692 3911 aetate
717 3871 817 3911 sua
854 3854 1134 3910 communi
1166 3867 1442 3908 consensu
1473 3863 1571 3908 aut
1597 3853 1880 3924 sapientiae
1908 3853 2118 3923 primas

535 3949 727 4003 tulisse
757 3946 1023 4011 viderent,
1052 3957 1146 4000 aut
1172 3946 1426 4014 corporis
1453 3946 1687 4013 viribus,
1735 3960 1800 3999 ac
1829 3945 2118 4016 potestatis

535 4041 911 4114 magnitudine
933 4039 1185 4111 pluribus
1207 4044 1332 4094 esSe
1352 4039 1683 4103 dominatos,
1702 4038 1951 4110 gigantas
1966 4046 2119 4108 puta,

534 4137 618 4193 vel
654 4146 940 4210 tyrannos,
968 4134 1056 4190 vel
1102 4131 1394 4203 praestigiis
1435 4132 1601 4187 etiam
1638 4129 2125 4185 fascinationibus—

2223 3208 2426 3277 γαντάς
2447 3224 2623 3271 τινας,
2651 3208 2684 3278 ἢ
2725 3208 3045 3280 τυράννους,
3075 3209 3109 3281 ἢ
3151 3210 3246 3263 καὶ
3277 3210 3503 3282 γόητας,
3539 3209 3635 3263 καὶ
3674 3224 3820 3281 φαρ-

2228 3299 2438 3371 μακέας
2458 3299 2679 3371 ἄνδρας,
2703 3299 2766 3353 ἐκ
2791 3317 2935 3364 τινος
2958 3299 3067 3354 τῶν
3101 3299 3393 3373 θειοτέρων
3426 3300 3816 3364 ἀποπτώσεως,

2225 3390 2324 3453 τὰς
2362 3391 2726 3461 κακοτέχνους
2755 3393 3013 3462 γοητείας
3047 3392 3616 3463 συνεσκευασμένους⁸
3656 3393 3691 3463 ἢ
3725 3391 3822 3445 καὶ⁵

2226 3486 2354 3548 τοὺς
2397 3483 2590 3548 ἄλλους
2624 3486 2809 3556 κοινῆς
2841 3485 2901 3538 τέ
2947 3502 3094 3549 τινος
3140 3486 3236 3539 καὶ
3270 3485 3566 3557 βιωφελοῦς
3598 3486 3819 3559 εὐεργε-

2231 3576 2349 3639 σίας
2383 3576 2782 3647 προάρξαντας,
2814 3576 3023 3642 ζῶντάς
3052 3593 3115 3629 τε
3142 3576 3221 3631 ἔτι
3263 3578 3358 3630 καὶ
3388 3576 3526 3647 μετὰ
3561 3577 3820 3650 τελευτὴν

2242 3669 2397 3731 θεοὺς
2432 3669 2802 3739 ἐπεφήμισαν.
2852 3666 3045 3721 Ἔνθεν
3090 3668 3275 3730 αὐτοῖς
3306 3666 3401 3720 καὶ
3431 3667 3484 3720 οἱ
3524 3667 3634 3721 τῶν
3680 3667 3819 3722 θεῶν

2225 3754 2385 3824 οἶκοι,
2413 3758 2622 3830 νεκρῶν
2655 3754 2791 3811 εἶναι
2822 3757 2983 3828 τάφοι
3024 3756 3475 3829 μνημονεύονται,
3509 3758 3584 3822 ὼς
3605 3761 3634 3812 ό
3668 3758 3820 3830 Κλή-

2228 3867 2336 3921 μης
2379 3851 2437 3903 ὲν
2464 3849 2543 3920 τῷ
2588 3849 2727 3921 πρὸς
2764 3848 3033 3919 ’Έλληνας
3075 3847 3527 3916 Προτρεπτικῷ,
3576 3850 3815 3922 ἱστορεῖ,

2223 3942 2320 3996 τοῦ
2372 3942 2533 4012 λόγου
2583 3943 2869 4014 μάρτυρας
2907 3941 3107 4005 αὐτοὺς
3138 3940 3405 4013 ’Έλληνας
3455 3942 3814 4013 ἐπαγόμενος.

2227 4035 2290 4088 Εἰ
2332 4033 2390 4087 δέ
2434 4051 2516 4087 σοι
2567 4032 2739 4103 φίλον,
2775 4026 2931 4095 αὖθις
2975 4032 3071 4109 κα).
3107 4032 3297 4088 τούτου
3338 4032 3488 4087 τόνδε
3514 4034 3820 4105 γράφοντος

2228 4126 2392 4181 άκουε
2424 4129 2518 4181 τὸν
2548 4127 2774 4199 τρόπον.

533 4246 643 4303 que
694 4230 928 4295 nobiles,
978 4232 1073 4299 qui
1105 4244 1232 4285 cum
1292 4243 1324 4282 a
1365 4225 1530 4282 rebus
1558 4222 1937 4296 ;divinioribus
1970 4222 2484 4292 quomodocumque
2515 4221 2733 4276 tandem
2794 4221 3148 4283 excidissent,
3205 4218 3483 4274 maleﬁcus
3519 4215 3815 4273 veneﬁcio-

535 4343 659 4384 rum
699 4339 845 4383 artes
888 4325 1263 4381 conllaverant
1301 4341 1316 4378 :
1357 4323 1676 4394 quicunque
1711 4320 1935 4375 demum
1979 4318 2292 4375 communis
2322 4318 2555 4388 alicujus
2583 4316 2830 4372 beneﬁcii
2872 4326 3036 4386 atque
3065 4315 3132 4370 ad
3164 4316 3290 4368 vitae
3317 4314 3575 4367 humanae
3619 4311 3817 4365 utilita-

535 4435 647 4480 tem
682 4423 1005 4492 pertinentis
1037 4432 1293 4477 auctores
1328 4418 1583 4487 fuissent,
1624 4416 1830 4489 partim
1875 4417 2033 4471 vivos
2060 4414 2239 4470 adhuc
2278 4424 2334 4469 et
2364 4415 2656 4485 spirantes,
2686 4413 2886 4483 partim
2933 4410 3043 4482 jam
3077 4418 3254 4463 morte
3308 4405 3527 4461 functos
3573 4417 3672 4476 pro
3708 4404 3816 4459 diis

536 4521 924 4591 praedicarunt.
983 4518 1170 4589 Itaque
1196 4520 1426 4574 deorum
1477 4517 1726 4588 ipsorum
1789 4514 1977 4579 aedes,
2036 4523 2384 4568 mortuorum
2446 4511 2697 4582 sepulcra
2737 4524 2859 4567 esse
2922 4506 3297 4578 perhibentur,
3354 4502 3817 4574 quemadmodum

535 4616 792 4672 Clemens
831 4615 887 4668 in
923 4630 1008 4678 ea,
1045 4631 1207 4684 quam
1271 4613 1338 4668 ad
1388 4612 1612 4668 Graecos
1670 4613 1898 4679 scribit,
1948 4611 2313 4666 cohortatione
2384 4617 2799 4676 commemorat,
2846 4604 3161 4661 Grteeorum
3220 4601 3466 4672 ipsorum
3505 4599 3818 4655 testimonia

537 4708 843 4781 proferens,
884 4723 1047 4779 quem
1077 4718 1158 4775 tu,
1190 4710 1234 4763 si
1264 4708 1461 4777 placet,
1489 4709 1635 4761 hunc
1662 4707 1717 4760 in
1743 4707 1969 4761 modum
2002 4720 2196 4759 rursus
2217 4705 2528 4776 loquentem
2553 4703 2703 4760 audi.

1100 4804 1204 4875 71
1235 4800 1464 4860 CAPUT
1501 4802 1595 4859 vr.

539 4896 798 4969 Sepulcra
824 4906 1150 4951 mortuorum
1170 4912 1303 4960 esse,
1334 4911 1452 4965 qua:
1472 4894 1691 4949 deorum
1721 4890 1917 4962 templa
1952 4892 2125 4944 nomi—

1223 4980 1441 5020 nantur.

623 5078 644 5111 ο
670 5059 891 5129 Mirum,
910 5061 1109 5131 inquit,
1132 5057 1379 5130 profecto
1401 5057 1573 5127 videri
1605 5071 1713 5110 non
1748 5056 1928 5120 debet,
1952 5055 1998 5109 si
2034 5069 2129 5109 ne-

546 5154 724 5210 fandae
756 5155 1163 5226 superstitionis
1206 5167 1383 5218 error,
1412 5161 1768 5221 posteaquam
1793 5148 2014 5219 aliquod
2037 5160 2124 5203 se-

547 5249 656 5302 mel
683 5248 899 5302 initium
934 5247 1269 5318 accepisset,
1303 5243 1585 5312 ﬂagitiosae
1622 5242 1861 5299 vesania
1885 5239 2011 5295 fons
2033 5254 2129 5295 ex-

547 5340 765 5395 stiterit.
816 5339 1106 5397 Enimvero
1161 5355 1284 5396 cum
1332 5336 1625 5393 intercisus
1678 5335 1769 5390 ille
1798 5344 1985 5405 postea
2015 5347 2124 5388 non

547 5432 763 5498 fuisset,
783 5436 874 5490 sed
898 5437 1078 5505 potius
1107 5437 1265 5490 novis
1298 5434 1352 5487 in
1383 5434 1502 5488 dies
1533 5430 1881 5487 incrementis
1910 5438 2125 5490 auctus,

547 5538 746 5593 magna
789 5524 841 5578 vi
869 5525 1084 5580 tandem
1121 5540 1185 5579 ac
1228 5523 1535 5579 vehementi
1582 5536 1745 5578 cursu
1782 5519 1909 5575 ferri
1939 5519 2126 5588 etrapit.

2765 4792 3161 4851 ΚΕΦΑΛΑΙΟΝ
3193 4792 3283 4859 ς’.

2232 4895 2372 4964 Περὶ
2431 4894 2538 4949 τοῦ
2585 4889 2835 4964 νεκρῶν⁸
2859 4885 3034 4964 εἷναί
3070 4883 3331 4964 τάφους-
3347 4881 3419 4935 τὰ
3478 4879 3818 4949 καλούμενα

2693 4955 2891 5020 αὐτῶν
2924 4961 3050 5031 ιερὰ
3079 4957 3199 5013 τῶν
3228 4955 3395 5013 θεῶν.

2315 5076 2333 5108 ι
2367 5054 2475 5129 (9i)
2497 5054 2736 5117 Εἰκότως
2756 5051 2865 5123 ἄρα
2883 5050 3059 5122 ἀρχήν
3085 5046 3248 5102 ποθεν
3269 5047 3303 5117 ἡ
3324 5042 3706 5114 δεισιδαιμονία
3724 5040 3819 5094 λα-

2236 5150 2427 5212 ϐοῦσα,
2461 5148 2660 5210 κακίας
2687 5145 2915 5216 ἀνοήτου
2953 5141 3145 5211 γέγονε
3176 5140 3351 5210 πηγήο
3378 5136 3569 5190 ἔπειτα
3594 5137 3668 5206 μὴ
3688 5134 3819 5187 ἁνα-

2236 5244 2490 5309 κοπεῖσα,
2546 5239 2659 5294 ἀλλ’
2706 5240 2786 5303 είς
2826 5235 3065 5290 ἐπίδοσιν
3114 5231 3376 5295 ἐλθοῦσα,
3431 5228 3566 5281 πολὺ
3610 5226 3674 5297 δὴ
3704 5224 3815 5295 (9‘2)

2236 5338 2446 5406 ῥυεῖσα,
2498 5331 2827 5405 δημιουργὸς
2880 5327 3090 5383 πολλῶν
3136 5324 3456 5380 καθίσταται
3512 5318 3816 5390 δαιμόνων,

2235 5425 2543 5498 ἑκατόμϐας
2593 5423 2853 5487 ποιοῦσα,
2918 5422 3011 5475 καὶ
3075 5416 3409 5488 πανηγύρεις
3464 5407 3815 5498 ἐπιτελοῦσα,

2236 5496 2530 5589 ἀγάλματα
2557 5514 2850 5579 άνιστῶσα,
2879 5513 2976 5567 καὶ⁵
2996 5512 3130 5575 νεὼς
3149 5505 3595 5579 ἁνοικοδομοῦσα,
3616 5496 3709 5565 οῦς
3753 5500 3819 5567 δὴ

620 5719 734 5793 (9!)
775 5720 955 5777 Locus
976 5730 1060 5777 est
1081 5719 1659 5793 Clementrnlegandr.
1680 5736 1743 5775 ex
1769 5719 2121 5789 Protreptico,
2162 5717 2339 5793 p.33,
2376 5715 2799 5781 Graec-Latini,
2828 5713 3047 5771 Herveti
3072 5720 3253 5768 autem
3283 5707 3375 5765 Π.

621 5788 737 5865 ωε)
772 5793 1011 5874 ξοπιες.
1040 5793 1250 5867 legend.
1283 5790 1451 5862 πολλὴ
1470 5791 1558 5861 δή,
1582 5792 1807 5847 rectius.
1834 5856 1841 5865 κ
