4154 6446
537 334 643 389 ηε

1173 331 1446 390 EUSEBll
1482 328 1966 386 ωδλωεκδιδ
2003 328 2155 383 OPP.
2197 327 2382 383 PARS
2415 326 2481 385 ll.
2522 359 2589 370 --
2628 328 3135 386 APOLOGETICA.

3707 321 3808 375 £56

535 459 725 523 gerent
777 450 1024 506 homines
1052 490 1066 514 ,
1111 466 1330 520 quaque
1361 448 1708 519 p0tissimum
1758 445 2115 517 grassabatur

2222 446 2403 521 ϐἀρων
2432 464 2489 499 τε
2519 447 2614 501 καὶ
2639 446 3142 518 Ἐλλήνων,ὦσπερ
3174 447 3234 513 ἐξ
3262 446 3461 518 ἀχλύος
3492 447 3696 519 δεινῆς,
3717 448 3816 505 καὶ

534 543 741 597 erroris
781 542 1145 609 superstitiosi
1202 541 1550 602 dominatus,
1580 539 1749 593 veluti
1772 538 1857 593 sol
1889 537 2116 607 quidam

534 632 954 701 intelligentium
1014 647 1078 685 ac
1107 632 1321 686 ratione
1377 631 1733 701 praeditorum
1764 629 2113 696 animorum,

532 723 760 778 luminis
800 725 888 778 sui
941 723 1122 778 radios
1154 723 1313 791 longe
1359 722 1577 792 lateque
1608 720 1958 784 diffundens,
1995 720 2119 774 uni-

530 831 754 871 versum
780 815 1064 869 hominum
1093 813 1454 867 barbarorum
1484 811 1649 866 simul
1680 812 2116 880 Graecorumque

532 908 643 979 70
664 923 857 977 genus,
886 908 1130 975 adeoque
1162 922 1264 962 nos
1295 922 1489 963 omnes
1521 906 1850 962 densissima
1883 905 2118 974 caligine

532 1016 598 1055 ac
630 1001 927 1063 teterrima,
959 1014 1291 1068 omnemque
1312 1002 1489 1055 lucem
1533 1000 1859 1055 excludente
1892 998 2119 1053 menda-

531 1093 611 1148 cis
642 1106 899 1161 vanaeque
927 1093 1337 1162 superstitionis
1365 1103 1547 1158 nocte,
1597 1094 1653 1147 itt
1682 1107 1827 1147 verae
1866 1107 1997 1162 erga
2031 1105 2119 1145 re-

529 1199 653 1238 rum
681 1183 922 1236 omnium
957 1183 1357 1238 moderatorem
1379 1184 1547 1239 Deum
1572 1184 1790 1254 pietatis
1820 1184 1964 1238 diem
1992 1183 2116 1236 vin-

529 1276 749 1331 dicavit.
783 1275 1095 1337 Enimvero,
1123 1285 1394 1347 quotquot
1426 1278 1631 1347 ubique
1660 1277 1789 1330 olim
1818 1276 1885 1332 ad
1920 1283 2115 1344 stupo-

539 1383 654 1422 rem
685 1384 858 1437 usque
877 1367 1123 1436 profanis
1139 1370 1205 1423 de
1227 1370 1453 1424 deorum
1474 1369 1822 1424 multitudine
1834 1367 2118 1423 erroribus

528 1467 636 1513 tam
669 1459 721 1511 in
752 1458 1003 1520 urbibus,
1039 1474 1205 1527 quam
1234 1460 1287 1513 in
1315 1461 1469 1531 pagis
1491 1460 1862 1524 adhaeserunt,
1892 1460 2115 1514 eosdem

526 1560 874 1605 mortuorum
895 1551 1061 1617 idola,
1077 1551 1470 1622 hominumque
1490 1553 1700 1622 pridem
1718 1553 2114 1607 exsunctorum

527 1643 823 1698 simulacra
865 1644 1022 1699 statis
1052 1658 1248 1699 omnes
1298 1645 1603 1698 honoribus
1630 1644 1888 1710 coluisse,
1919 1644 2114 1700 claris-

526 1734 683 1791 simis
718 1734 1064 1789 laudatorum
1119 1746 1248 1791 ante
1296 1737 1631 1805 scriptorum
1675 1736 2006 1791 testimoniis
2050 1752 2117 1792 ac

525 1828 753 1882 vocibus
783 1828 1217 1897 comprobatur:
1256 1830 1329 1883 ita
1364 1830 1546 1899 plane,
1582 1839 1645 1884 ut
1685 1830 1933 1899 priscum
1982 1830 2116 1885 illud
2148 1815 2190 1869 Β

526 1918 811 1973 hominum
841 1933 1036 1988 genus,
1073 1930 1292 1989 propter
1327 1919 1560 1974 ferinam
1588 1935 1755 1989 supra
1786 1922 2012 1976 modum
2048 1936 2116 1975 eo

526 2019 774 2079 tempore
790 2011 1003 2063 vivendi
1030 2011 1319 2072 rationem,
1339 2011 1407 2065 de
1424 2026 1643 2066 summo
1665 2027 1847 2065 rerum
1870 2015 2115 2066 omnium

526 2104 719 2173 opiliee
746 2102 855 2158 Deo
878 2103 1015 2156 nihil
1038 2104 1267 2158 omnino
1290 2105 1574 2173 cogitaret,
1600 2119 1702 2159 nec
1727 2105 1971 2159 divinam
1997 2107 2118 2174 ejus

526 2197 585 2252 in
613 2196 922 2266 repetendis
955 2197 1223 2252 scelerum
1278 2196 1457 2266 pinnis
1509 2197 1783 2264 justitiam
1840 2197 2117 2253 ullatenus

525 2298 841 2355 vereretur,
872 2287 967 2343 sed
999 2288 1056 2342 in
1105 2289 1290 2342 omnia
1344 2286 1670 2357 ﬂagitiorum
1719 2296 1775 2342 et
1823 2288 2119 2357 impietatis

528 2395 727 2451 genera
758 2379 1022 2449 praecipiti
1054 2381 1291 2450 quodam
1314 2389 1448 2432 aestu
1473 2388 1776 2447 raperetur.
1803 2376 1964 2443 Nam,
1989 2394 2116 2434 cum

528 2472 663 2527 nulli
724 2472 904 2526 adhuc
933 2471 1216 2526 hominum
1242 2472 1351 2525 vita
1383 2471 1596 2542 legibus
1630 2471 1698 2524 ad
1746 2471 2003 2525 virtutem
2030 2472 2118 2526 in-

527 2563 784 2626 formata,
815 2563 967 2617 nullo
992 2564 1207 2618 mitiore
1236 2579 1300 2619 ac
1329 2564 1583 2633 politiore
1607 2560 1759 2618 cultu
1788 2571 2115 2633 temperata,

526 2657 704 2712 solute
728 2671 793 2710 ac
824 2671 979 2725 vage,
1005 2653 1314 2709 Nomadum
1343 2665 1437 2709 aut
1459 2655 1769 2711 belluarum
1794 2655 1977 2725 potius
2010 2655 2119 2709 ritu

527 2757 819 2817 ageretur:
843 2746 968 2801 aliis
998 2744 1219 2815 quidem
1254 2745 1522 2815 pecudum
1559 2745 1738 2800 instar
1766 2744 1982 2799 ratione
2023 2758 2120 2798 ea-

526 2841 763 2896 rentium
784 2882 799 2905 ,
840 2845 1037 2909 praeter
1070 2837 1380 2892 abdominis
1410 2838 1756 2891 saturitatem
1791 2837 1947 2906 pensi
1982 2836 2117 2891 nihil

522 2941 664 2995 erat,
699 2947 936 3002 quorum
982 2931 1037 2985 in
1091 2930 1309 2985 animos
1348 2930 1589 2999 primum
1616 2928 1914 2999 impietatis
1943 2943 2118 2999 genus

527 3027 693 3083 altius
721 3026 910 3082 subire
941 3026 1082 3081 solet
1115 3043 1128 3079 :
1163 3024 1254 3080 alii
1286 3039 1436 3088 vero,
1496 3022 1685 3077 inditis
1720 3037 1751 3076 a
1781 3031 1978 3078 natura
2011 3039 2115 3077 no-

2222 541 2610 611 ζοφεριιντάτης
2635 555 2694 592 τε
2727 540 2823 592 καὶ
2850 538 3065 602 ἀειδοῦς
3078 538 3275 602 νυκτὸς
3301 538 3403 609 τῆς
3425 538 3817 611 δεισιδαίμονος

2221 631 2453 701 πλάνης,
2488 632 2584 684 ἐπὶ
2616 630 2876 702 λαμπρὰν
2915 631 3011 684 καὶ
3047 630 3445 702 διαυγεστάτην
3468 630 3682 701 ἡμέραν
3714 632 3816 703 τῆς

2220 723 2456 794 ἀληθοῦς
2509 724 2792 786 εὐσεϐείας
2824 721 2919 777 τοῦ
2969 722 3364 794 παμϐασιλέως
3391 723 3565 787 Θεοῦ,
3606 722 3815 787 πάντας

2221 818 2370 888 ἡμᾶς
2407 824 2795 888 μετεστήσατο.
2835 816 3143 888 Διάρῤήδην
3173 815 3306 885 γοῦν
3350 818 3405 869 αἱ
3457 831 3814 888 προπαρατε-

2220 906 2399 962 θεῖσαι
2448 908 2659 977 φωναὶ,
2717 906 2929 978 νεκρῶν
2981 907 3216 972 εἴδωλα,
3241 908 3337 961 καὶ⁵
3379 906 3592 979 ἀνδρῶν
3643 906 3815 961 πάλαι

2220 999 2629 1069 κατοιχομένων
2663 1000 2915 1063 εἰκόνας,
2954 999 3164 1064 πάντας
3197 998 3470 1071 πανδημεὶ
3513 1000 3642 1062 τοὺς
3668 1000 3816 1071 ἀμφὶ

2218 1089 2318 1160 τὴν
2355 1089 2617 1141 πολύθεον
2667 1089 2875 1159 πλάνην
2901 1129 2916 1154 ,
2960 1090 3104 1143 κατά
3129 1107 3191 1143 τε
3244 1089 3433 1153 πόλεις
3479 1090 3576 1143 καὶ
3620 1090 3815 1161 κώμας

2221 1183 2389 1253 ὲπτοη
2400 1182 2617 1251 μένους,
2645 1182 2972 1254 θεραπεύειν
3001 1199 3063 1236 τε
3097 1184 3193 1237 καὶ
3226 1184 3512 1255 περιέπειν
3534 1182 3812 1248 ἐδίδαξανο

2219 1273 2328 1327 τῶν
2359 1274 2525 1328 πάλαι
2556 1274 2766 1345 ἀνδρῶν
2812 1274 2882 1328 δι’
2927 1274 3375 1347 ὑπερϐάλλουσαν
3404 1274 3500 1328 τοῦ
3541 1275 3664 1328 τότε
3696 1275 3813 1345 βίου

2221 1367 2538 1441 θηριωδίαν,
2562 1368 2699 1422 Θεοῦ
2738 1370 2836 1440 μὲν
2868 1368 2961 1422 τοῦ
2988 1368 3208 1422 πάντων
3232 1368 3566 1440 δημιουργοῦ
3609 1369 3816 1439 μηδένα

2219 1460 2379 1530 λόγον
2413 1462 2778 1532 ποιουμένων,
2817 1461 2951 1532 μηδὲ
2970 1462 3073 1531 τῆς
3097 1461 3251 1526 θείας
3271 1463 3365 1515 καὶ
3387 1462 3479 1515 ἐπὶ
3503 1462 3603 1533 τῆς
3634 1462 3817 1533 πλημ-

2224 1552 2561 1626 μελουμένης
2590 1554 2834 1628 τιμωροῦ
2865 1554 3023 1626 δίκης
3053 1555 3475 1625 ὲμπαζομένων,
3514 1556 3596 1618 είς
3633 1555 3816 1619 πάσας

2219 1644 2276 1698 δὲ
2330 1644 2713 1716 ἀνοσιουργίας
2774 1644 3245 1723 καταϐαλλόντων.
3291 1645 3459 1699 Οὖπω
3490 1646 3599 1718 γὰρ
3645 1646 3813 1699 εἰσέτι

2221 1737 2400 1807 νόμων
2427 1738 2568 1802 τότε,
2604 1738 2726 1792 καθ’
2753 1736 2850 1801 οὓς
2873 1737 2978 1810 χρὴ
3004 1736 3173 1807 βιοῦν,
3208 1738 3579 1801 συνεστώτων,
3603 1738 3723 1792 οὐδέ
3748 1754 3812 1806 γε

2219 1828 2319 1898 τῆς
2342 1830 2549 1900 ἡμέρου
2571 1829 2846 1893 πολιτείας
2869 1832 2928 1883 ὲν
2952 1828 3261 1901 ἀνθρώποις
3294 1830 3812 1902 κατατεταγμένης·

2218 1920 2507 1992 ἀνειμένου
2537 1923 2594 1977 δὲ
2640 1924 2734 1976 καὶ
2766 1922 3061 1993 νομαδικοῦ
3091 1922 3186 1977 τοῦ
3233 1922 3347 1993 βίου
3369 1964 3382 1987 ,
3420 1921 3723 1994 θηριώδους
3752 1939 3813 1975 τε

2219 2013 2564 2079 καθεστῶτος
2583 2030 2598 2044 ·
2635 2018 2747 2078 τοῖς
2776 2013 2874 2085 μὲν
2906 2015 3239 2086 θρεμμάτων
3270 2016 3484 2083 ἀλόγων
3517 2015 3674 2086 δίκην
3702 2014 3816 2070 τῶν

2218 2106 2317 2176 τῆς
2343 2106 2582 2175 γαστρὸς
2614 2105 3060 2178 ἀποπληρώσεων
3095 2107 3256 2160 πλέον
3282 2107 3434 2160 οὐδὲν
3460 2106 3705 2179 ἔμελλεν,
3731 2102 3816 2173 οἷς

2221 2197 2312 2249 καὶ
2345 2197 2562 2267 πρῶτος
2602 2197 2896 2269 ἀθεότητος
2942 2200 3262 2271 ύποικουρεῖ
3303 2199 3538 2271 τρόπος·
3576 2201 3626 2253 οι
3657 2199 3701 2252 δ’
3734 2201 3815 2265 είς

2222 2289 2393 2360 βραχύ
2421 2305 2473 2342 τι
2505 2292 2763 2360 φυσικαῖς
2809 2289 3038 2354 ἐννοίαις
3080 2289 3519 2361 ἀνακινούμενοι,
3568 2288 3686 2343 θεὸν
3717 2286 3816 2344 καὶ

2219 2384 2355 2435 Θεοῦ
2389 2381 2641 2454 δύναμιν,
2679 2382 2946 2454 σωτήριόν
2979 2399 3031 2435 τι
3074 2383 3172 2437 καὶ
3209 2383 3414 2451 ἀγαθὸν
3447 2378 3584 2436 εἶναι
3624 2381 3815 2454 χρῆμα

2219 2474 2592 2545 διενοήθησαν,
2622 2475 2804 2545 εὑρεῖν
2840 2473 2897 2526 δὲ
2934 2473 3126 2527 τοῦτον
3164 2473 3539 2545 ἐθελήσαντες,
3568 2474 3682 2528 ἀνω
3714 2473 3815 2545 μὲν

2220 2567 2318 2630 τάς
2345 2565 2522 2636 ψυχὰς
2548 2567 2628 2629 είς
2657 2564 2886 2636 οὐρανὸν
2917 2565 3148 2629 ἐτειναν,
3180 2565 3365 2619 αὐτόθι
3396 2565 3454 2619 δὲ
3495 2568 3561 2637 τῇ
3603 2565 3813 2638 διανοίᾳ

2222 2657 2466 2721 στάντες,
2498 2659 2592 2712 καὶ
2618 2657 2727 2711 τῶν
2760 2658 2881 2711 κατ“
2904 2656 3131 2729 οὐρανὸν
3163 2658 3463 2727 φαινόντων
3487 2675 3547 2710 τε
3571 2658 3665 2711 xui.
3690 2674 3815 2725 φαι-

2219 2751 2461 2823 νομένων
2503 2752 2808 2822 φωστήρων
2844 2749 3287 2819 καταπλαγέντες
3324 2749 3393 2804 τὰ
3423 2750 3593 2822 κάλλη
3616 2790 3631 2815 ,
3662 2748 3814 2803 ταῦτ’

2219 2839 2357 2896 εἶναι
2382 2841 2537 2906 θεοὺς
2567 2843 2934 2912 ἀπεφήναντο.
2951 2841 3138 2913 Τρίτοι
3164 2841 3222 2895 δὲ
3244 2841 3412 2905 ἄλλοι,
3448 2842 3590 2911 σφᾶς
3614 2842 3815 2903 αὐτοὺς

2218 2935 2311 2989 ἐπὶ
2343 2935 2447 3006 γῆς
2480 2934 2754 3005 ῥίψαντες,
2785 2936 2912 2998 τοὺς
2946 2935 3042 2989 ἐπὶ
3076 2936 3291 2989 συνέσει
3321 2935 3431 2988 τῶν
3462 2936 3586 2989 κατ’
3617 2935 3815 2999 αὐτοὺς

2218 3026 2516 3099 προφέρειν
2545 3027 2989 3098 νενομισμένους,
3024 3028 3058 3099 ἢ
3094 3028 3190 3081 καὶ
3227 3027 3389 3102 ῥώμῃ
3426 3027 3681 3099 σώματος
3718 3028 3815 3081 καὶ

523 3119 768 3173 tionibus
817 3118 1091 3172 tantillum
1127 3117 1385 3183 excitati,
1435 3115 1605 3172 Deum
1653 3116 1877 3188 quidem
1922 3133 1986 3173 ac
2019 3117 2112 3174 Dei

2222 3117 2535 3183 δυναστείας
2570 3119 2715 3188 ἰσχύϊ
2745 3118 2855 3171 τῶν
2889 3119 3153 3187 πλειόνων
3186 3121 3689 3194 ὲπικρατήσαντας,
3726 3119 3814 3189 γί-

523 3218 850 3283 potestatem
886 3211 1148 3266 salutaris
1173 3226 1237 3265 ac
1261 3211 1390 3265 boni
1421 3208 1703 3280 quidpiam
1734 3226 1858 3266 esse
1900 3212 2113 3283 cogita-

523 3303 686 3371 bant;
718 3304 814 3359 sed
836 3318 959 3358 cum
990 3303 1057 3357 ad
1089 3305 1208 3372 ejus
1226 3303 1592 3372 cognitionem
1618 3302 1946 3372 aspirarent,
1981 3304 2117 3358 sub-

526 3394 652 3451 latis
703 3403 756 3449 et
788 3394 987 3449 erectis
1034 3395 1092 3448 in
1128 3397 1328 3448 cmlum
1353 3394 1575 3458 animis,
1610 3394 1721 3447 vim
1744 3395 1798 3448 in
1830 3408 1899 3450 eo
1919 3396 2122 3451 mentis

526 3486 815 3556 aciemque
838 3484 1106 3547 deﬁxere,
1143 3494 1533 3553 astrorumque
1566 3491 1685 3539 toto
1714 3486 1855 3541 caelo
1910 3488 2122 3541 mican-

527 3580 666 3635 tium
685 3592 996 3648 sensusque
1017 3576 1328 3632 ferientium
1350 3576 1811 3646 pulchritudinem
1839 3577 2117 3645 admirati,

529 3672 757 3727 deorum
789 3672 857 3727 iis
886 3684 1084 3725 nomen
1114 3670 1491 3739 honoremque
1529 3668 1789 3726 tribuere.
1833 3670 1941 3725 Alii
1963 3671 2117 3726 deni-

527 3778 637 3833 que
663 3763 718 3817 in
744 3773 942 3818 terram
973 3774 1095 3818 sese
1128 3761 1454 3831 animosque
1508 3761 1860 3817 devolventes
1893 3800 1909 3827 ,
1973 3776 2115 3831 quos

528 3864 688 3909 aetate
712 3870 813 3910 sua
850 3855 1129 3910 communi
1162 3867 1437 3908 consensu
1469 3862 1566 3908 aut
1593 3854 1875 3924 sapientia:
1905 3853 2113 3923 primas

531 3947 723 4002 tulisse
752 3946 1018 4011 viderent,
1048 3957 1142 4000 aut
1168 3946 1421 4015 corporis
1450 3947 1683 4013 viribus,
1730 3960 1795 4001 ac
1824 3945 2113 4016 potestatis

531 4040 906 4113 magnitudine
928 4040 1180 4111 pluribus
1202 4044 1328 4093 esSe
1347 4039 1679 4102 dominatos,
1697 4038 1947 4110 gigantas
1962 4046 2114 4108 puta,

530 4136 613 4192 vel
650 4144 935 4208 tyrannos,
962 4133 1050 4190 vel
1097 4132 1389 4203 praestigiis
1430 4132 1596 4186 etiam
1634 4129 2121 4184 fascinationibus.

2219 3209 2422 3278 γαντάς
2443 3225 2618 3273 τινας,
2647 3208 2679 3279 ἢ
2721 3208 3041 3281 τυράννους,
3071 3209 3105 3281 ἢ
3146 3210 3241 3264 καὶ
3273 3210 3498 3283 γόητας,
3534 3209 3631 3264 καὶ
3669 3225 3816 3281 φαρ-

2224 3300 2433 3372 μακέας
2454 3300 2674 3372 ἄνδρας,
2698 3299 2762 3354 ἐκ
2786 3317 2930 3364 τινος
2954 3300 3063 3354 τῶν
3097 3299 3271 3355 θειοτέ
3279 3319 3388 3374 ρων
3422 3300 3812 3365 ἀποπτώσεως,

2220 3391 2319 3453 τὰς
2359 3392 2722 3462 κακοτέχνους
2751 3393 3009 3463 γοητείας
3043 3392 3612 3463 συνεσκευασμένουςο
3652 3393 3686 3464 ἢ
3720 3392 3816 3446 καὶ

2222 3487 2350 3549 τοὺς
2392 3484 2586 3548 ἄλλους
2620 3487 2805 3556 κοινῆς
2837 3486 2897 3539 τέ
2943 3503 3090 3551 τινος
3136 3487 3232 3540 καὶ
3266 3486 3562 3558 βιωφελοῦς
3593 3487 3814 3560 εὐεργε-

2226 3577 2345 3640 σίας
2378 3577 2778 3648 προάρξαντας,
2810 3577 3018 3642 ζῶντάς
3048 3594 3111 3630 τε
3138 3577 3217 3632 ἔτι
3259 3579 3354 3631 καὶ
3383 3577 3521 3648 μετά
3556 3578 3815 3651 τελευτὴν

2238 3670 2393 3732 θεοὺς
2428 3669 2797 3739 ἐπεφήμισαν.
2848 3668 3041 3722 Ἔνθεν
3085 3669 3271 3732 αὐτοῖς
3302 3667 3397 3721 καὶ
3426 3668 3479 3721 οἱ
3519 3668 3629 3723 τῶν
3675 3668 3814 3723 θεῶν

2220 3754 2381 3824 οἶκοι,
2408 3758 2618 3830 νεκρῶν
2651 3755 2786 3811 εἶναι
2818 3759 2979 3829 τάφοι
3020 3758 3471 3831 μνημονεύονται,
3505 3760 3580 3823 ὠς
3600 3762 3630 3813 ό
3662 3759 3815 3831 Κλή-

2224 3867 2332 3921 μης
2374 3852 2433 3904 ὲν
2460 3849 2540 3921 τῷ
2585 3850 2723 3921 πρὸς
2759 3849 3027 3921 ’Έλληνας
3070 3848 3523 3918 Προτρεπτικῷ,
3572 3851 3810 3923 ἱστορεῖ,

2219 3942 2316 3997 τοῦ
2367 3942 2530 4011 λόγου
2579 3944 2864 4015 μάρτυρας
2903 3942 3104 4006 αὐτοὺς
3133 3941 3401 4015 Ἕλληνας
3451 3943 3810 4015 ἑπαγόμενος.

2223 4035 2286 4088 Ei
2328 4033 2386 4087 δέ
2431 4050 2512 4087 σοι
2563 4033 2735 4103 φίλον,
2770 4028 2927 4096 αὖθις
2970 4033 3066 4109 κα).
3103 4033 3293 4089 τούτου
3334 4033 3484 4089 τόνδε
3509 4035 3816 4107 γράφοντος

2224 4125 2388 4181 ἀκουε
2421 4127 2515 4181 τὸν
2544 4127 2770 4199 τρόπον.

530 4245 638 4301 que
688 4230 923 4295 nobiles,
973 4232 1227 4299 quicum
1288 4242 1319 4282 a
1360 4226 1525 4281 rebus
1553 4222 1933 4296 .divinioribns
1966 4221 2481 4292 quomodocumque
2512 4220 2729 4276 tandem
2791 4221 3143 4283 excidissent,
3201 4219 3478 4275 maleficus
3514 4217 3811 4273 veneficio-

530 4342 654 4383 rum
695 4337 839 4383 artes
883 4325 1258 4381 conﬂaverant
1296 4342 1310 4378 :
1353 4323 1671 4394 quicunque
1706 4320 1931 4375 demum
1975 4318 2287 4374 communis
2317 4318 2552 4387 alicujus
2580 4316 2826 4372 beneficii
2867 4326 3032 4387 atque
3061 4316 3127 4371 ad
3160 4317 3286 4370 vitae
3313 4315 3571 4368 humanae
3615 4311 3813 4366 utilita-

530 4433 641 4479 tem
677 4422 1000 4492 pertinentis
1031 4432 1287 4478 auctores
1323 4419 1577 4487 fuissent,
1620 4416 1824 4488 partim
1870 4417 2029 4470 vivos
2055 4414 2236 4470 adhuc
2274 4424 2329 4469 et
2360 4414 2652 4485 spirantes,
2682 4413 2881 4484 partim
2929 4411 3039 4482 iam
3072 4419 3249 4464 morte
3302 4407 3522 4462 functos
3569 4418 3668 4477 pro
3705 4405 3812 4460 diis

532 4520 918 4591 praedicarunt.
978 4518 1164 4590 Itaque
1191 4520 1420 4574 deorum
1472 4518 1721 4588 ipsorum
1784 4514 1972 4579 aedes,
2032 4522 2379 4569 mortuorum
2442 4512 2692 4583 sepulcra
2733 4525 2855 4568 esse
2917 4507 3292 4580 perhibentur,
3348 4503 3813 4575 quemadmodum

530 4615 787 4672 Clemens
826 4614 881 4668 in
918 4630 1002 4678 ea,
1040 4632 1202 4684 quam
1265 4614 1333 4668 ad
1382 4612 1607 4668 Graecos
1665 4613 1893 4679 scribit,
1943 4611 2308 4666 cohortatione
2378 4618 2795 4677 commemorat,
2841 4606 3156 4663 Graecorum
3215 4602 3462 4673 ipsorum
3501 4600 3813 4657 testimonia

532 4708 837 4781 proferens,
878 4723 1042 4779 quem
1072 4718 1153 4774 tu,
1185 4710 1229 4763 si
1260 4708 1455 4777 placet,
1484 4709 1630 4762 hunc
1656 4707 1713 4760 in
1739 4707 1963 4761 modum
1998 4720 2191 4760 rursus
2212 4705 2523 4776 loquentem
2547 4704 2698 4761 audi.

1094 4805 1198 4875 71
1230 4801 1459 4860 CAPUT
1497 4802 1589 4859 vr.

534 4896 792 4969 Sepulcra
818 4906 1145 4951 mortuorum
1165 4912 1297 4961 esse,
1328 4911 1446 4966 qua:
1466 4895 1685 4949 deorum
1716 4891 1911 4963 templa
1947 4893 2120 4945 nomi-

1218 4981 1435 5021 nuntur.

618 5077 639 5111 ι
664 5058 885 5127 Mirum,
904 5061 1104 5131 inquit,
1126 5058 1373 5130 profecto
1395 5057 1568 5127 videri
1599 5072 1707 5111 non
1743 5056 1923 5120 debet,
1946 5056 1993 5110 si
2029 5070 2124 5111 ue-

542 5154 718 5210 landae
750 5155 1157 5226 superstitionis
1201 5167 1378 5218 error,
1407 5161 1763 5221 posteaquam
1788 5148 2008 5219 aliquod
2031 5161 2119 5203 se-

543 5248 651 5301 mel
678 5248 893 5303 initium
928 5248 1263 5319 accepisset,
1297 5244 1579 5312 ﬂagitiosae
1616 5242 1855 5299 vesaniae
1880 5240 2006 5295 fons
2029 5255 2124 5295 ex-

542 5339 760 5394 stiterit.
810 5339 1100 5397 Enimvero
1155 5355 1278 5396 cum
1326 5336 1619 5393 intercisus
1673 5335 1763 5391 ille
1792 5344 1980 5405 postea
2010 5348 2119 5388 non

543 5431 758 5498 fuisset,
777 5436 869 5489 sed
892 5437 1072 5505 potius
1101 5437 1258 5490 novis
1292 5435 1346 5488 in
1377 5434 1496 5488 dies
1528 5431 1875 5488 incrementis
1905 5439 2120 5490 auctus.

544 5537 741 5592 magna
784 5524 835 5577 vi
864 5525 1078 5580 tandem
1115 5540 1179 5580 ac
1222 5523 1529 5579 vehementi
1576 5536 1740 5578 cursu
1777 5519 1903 5575 ferri
1934 5519 2121 5589 coepit.

2153 4806 2200 4862 D

2760 4793 3156 4852 ΚΕΦΑΛΑῙΟΝ
3188 4794 3279 4861 ς’.

2228 4896 2367 4965 Περὶ
2426 4895 2533 4950 τοῦ
2580 4890 2827 4965 νεκρῶν,
2853 4887 3029 4965 εἶναι
3066 4881 3415 4965 τάφους-τὰ
3474 4879 3814 4950 καλούμενα

2688 4956 2885 5021 αὐτῶν·
2919 4962 3045 5033 ιερὰ
3075 4958 3195 5015 τῶν
3223 4956 3390 5014 θεῶν.

2309 5076 2328 5109 ι
2362 5054 2469 5129 (91)
2492 5055 2730 5117 Εἰκότως
2751 5053 2859 5125 ἀρα
2877 5052 3054 5124 ἀρχήν
3080 5048 3243 5103 ποθεν
3264 5047 3298 5117 ή
3320 5042 3701 5114 δεισιδαιμονία
3720 5040 3815 5094 λα-

2230 5150 2422 5212 ϐοῦσα,
2456 5148 2655 5211 κακίας
2681 5146 2909 5217 ἀνοήτου
2948 5142 3141 5212 γέγονε
3172 5140 3347 5210 πηγήο
3375 5136 3564 5190 ἔπειτα
3590 5137 3664 5206 μὴ
3683 5134 3815 5188 ἀνα-

2230 5245 2484 5309 κοπεῖσα,
2540 5240 2654 5295 ἀλλ’
2701 5241 2781 5304 είς
2820 5236 3060 5292 ἐπίδοσιν
3109 5232 3372 5295 ἐλθοῦσα,
3428 5228 3562 5282 πολὺ
3606 5227 3670 5298 δή
3700 5224 3811 5295 (92)

2231 5338 2441 5407 ῥυεῖσα,
2492 5332 2821 5406 δημιουργὸς
2874 5328 3085 5384 πολλῶν
3132 5325 3452 5381 καθίσταται
3508 5319 3812 5390 δαιμόνων,

2229 5426 2537 5498 ἑκατόμϐας
2588 5423 2847 5489 ποιοῦσα,
2911 5424 3006 5477 καὶ
3070 5417 3405 5489 πανηγύρεις
3461 5407 3811 5470 ὲπιτελοῦσα,

2230 5519 2524 5590 ἀγάλματα
2552 5515 2844 5579 ἀνιστῶσα,
2873 5514 2970 5569 καὶ
2990 5513 3125 5576 νεὼς
3144 5505 3591 5579 ἀνοικοδομοῦσα,
3612 5498 3705 5565 οὓς
3749 5501 3814 5568 δὴ

615 5718 729 5793 (9!)
770 5718 951 5793 Locus
971 5728 1055 5793 est
1075 5719 1653 5793 Clement._Ale;andr.
1674 5737 1737 5776 ex
1762 5719 2115 5790 Protreptico,
2156 5717 2334 5793 p._2‘i,
2370 5715 2793 5782 Gram-Latini,
2822 5714 3041 5772 Herveti
3067 5721 3248 5769 autem
3279 5708 3371 5766 47.

615 5786 732 5864 (ili)
770 5791 1006 5872 ξοπιες.
1036 5792 1245 5865 legend.
1278 5790 1445 5862 πολλὴ
1464 5791 1552 5861 δή,
1577 5793 1801 5848 rectius.
1828 5857 1836 5866 λ
