4154 6436
453 334 559 391 139

1091 332 1364 390 EUSEBII
1399 332 1881 391 CESARIENSIS
1921 334 2028 392 OPl

2128 332 2294 390 PARS
2331 332 2399 389 ll.
2431 362 2499 374 —
2524 330 3030 388 APOLOGETICA.

3631 332 3731 386 HO

454 448 747 522 labyrinthi
786 490 800 515 ,
845 450 949 505 alia
977 450 1223 520 quaedam
1260 459 1390 506 sunt
1431 449 1629 519 templa
1670 459 2028 519 mortuorum,

2138 450 2346 505 Φειδίου
2391 450 2546 513 Ζεύς.
2585 466 2606 501 ι
2657 447 2843 501 Ταῦτα
2908 448 3009 517 μὲν
3065 438 3240 509 οὗτος.
3290 446 3364 501 Σὺ
3405 445 3464 499 δὲ
3515 446 3608 501 τὸν
3641 448 3733 502 λό-

453 543 915 614 quemadmodum
963 544 1073 608 illa,
1107 542 1336 598 deorum
1388 542 1663 611 sepulcra.
1718 561 1736 594 ι
1782 543 2037 613 Idemque

452 635 618 705 paulo
643 643 788 705 post.
814 654 832 686 ι
857 637 969 706 Age
995 650 1143 699 vero,
1168 636 1360 705 inquit,
1380 634 1678 688 certamina
1703 649 1923 706 quoque
1945 651 2038 690 ve-

451 735 568 781 stra
616 726 808 796 paucis
847 728 1132 792 obeamus,
1167 741 1231 780 ac
1260 725 1591 796 sepulcrales
1619 724 1754 779 istos
1798 741 2038 781 conven-

451 827 561 883 tus,
588 819 868 884 lsthmica,
902 817 1356 885 Nemea,Pythia,
1381 818 1630 891 Olympia
1644 819 1899 889 denique,
1931 820 2039 875 dis-

450 907 714 976 sipemus.
757 906 1003 979 Pythone
1035 909 1254 977 quidem
1278 948 1292 972 ,
1325 908 1581 980 Pythium
1621 907 1912 964 draconem
1945 925 2036 964 ve-

450 1006 744 1061 nerantur,
792 1000 1170 1070 serpentisque
1195 1009 1526 1056 conventum
1558 1001 1777 1058 nomine
1813 1002 2036 1075 Pythio-

450 1105 572 1144 rum
590 1092 854 1147 indicunt.
874 1093 1029 1162 Apud
1054 1094 1319 1150 Isthmum
1336 1104 1541 1161 autem,
1557 1111 1709 1151 mare
1733 1098 2032 1167 ejectitium

447 1195 514 1235 ac
539 1182 848 1237 miserabile
897 1183 1131 1238 cadaver
1166 1183 1407 1253 exspuit,
1434 1183 1658 1254 jamque
1704 1183 2029 1239 Melicertam

448 1272 674 1328 Isthmia
704 1273 1097 1330 lamentantur.
1151 1273 1369 1330 Nemea:
1392 1275 1667 1338 similiter,
1702 1291 1826 1329 cum
1863 1276 2030 1330 alium

447 1364 731 1434 pusionem
770 1364 1167 1419 Archemorum
1195 1365 1609 1430 condidissent,
1644 1365 1809 1434 hujus
1850 1366 2005 1435 sepul

442 1459 593 1514 erale
624 1468 902 1515 certamen
950 1457 1152 1514 Nemea
1186 1467 1599 1530 nuncuparunt.
1656 1457 1782 1513 Pisa
1812 1472 2032 1528 quoque

443 1548 585 1618 apud
613 1563 735 1615 vos,
779 1562 814 1603 ο
841 1547 1156 1603 Graecorum
1193 1563 1368 1617 genus
1421 1548 1772 1613 universum,
1825 1547 2031 1618 aurigae

445 1633 664 1707 Phrygii
710 1636 957 1690 tumulus
982 1644 1063 1690 est
1098 1654 1111 1689 :
1146 1645 1313 1705 atque
1354 1636 1637 1706 Olympia,
1677 1636 1780 1690 hoc
1810 1644 1895 1691 est
1928 1634 2027 1691 Pc-

443 1726 864 1797 lopis‘iut'erlas,
889 1724 1184 1782 Phidiacus
1213 1726 1317 1781 sibi
1350 1725 1565 1796 Jupiter
1588 1722 2032 1780 vindicamus"-

441 1826 601 1876 tenus
675 1818 949 1874 Clemens.
1012 1816 1093 1872 Tu
1126 1833 1258 1873 vero
1301 1819 1638 1889 superiorem
1689 1827 1933 1873 nostram
1964 1819 2032 1874 de
2061 1803 2104 1858 Β

441 1907 825 1977 superstitioso
868 1923 1056 1963 errore
1104 1908 1530 1978 disputationem
1563 1909 1634 1963 ab
1667 1909 1827 1963 initio
1871 1925 2031 1980 repeo

442 2006 585 2062 tcns,
605 2006 773 2052 totam
804 1998 947 2053 hanc
969 1998 1297 2054 miserorum
1322 1999 1729 2069 prolapsionem
1750 2016 1862 2055 uno
1883 2014 2034 2071 aspe-

442 2097 534 2145 ctu
563 2090 793 2145 intuere.
831 2089 908 2144 Ac
932 2091 1167 2160 primum
1192 2092 1410 2161 quidem
1434 2091 1697 2147 eximium
1736 2093 1870 2149 illud
1904 2109 2032 2150 esse

442 2195 508 2237 ac
530 2181 771 2237 salutare
803 2183 857 2236 in
886 2182 1119 2252 primis,
1167 2183 1314 2253 quod
1339 2183 1437 2239 Dei
1469 2199 1666 2239 nomen
1703 2186 2033 2241 essentiam-

442 2288 552 2345 que
581 2273 877 2345 signiﬁcat,
928 2275 1103 2345 ipsius
1152 2284 1363 2331 natura:
1393 2278 1564 2331 ductu
1584 2319 1599 2341 ,
1635 2278 2033 2351 impressisque

441 2365 630 2421 animo
657 2381 756 2436 per
812 2381 934 2423 sese
960 2367 1301 2433 notionibus,
1336 2368 1421 2422 vel
1452 2368 1712 2423 divinitus
1740 2370 1922 2440 potius
1949 2372 2033 2425 in-

442 2459 665 2529 spiratis
689 2501 704 2523 ,
741 2473 902 2514 nemo
931 2474 1041 2515 non
1070 2460 1325 2531 intelligit
1349 2479 1363 2514 :
1403 2460 1510 2515 hoc
1539 2462 1685 2517 enim
1715 2478 1908 2519 omnes
1932 2479 2032 2534 po-

440 2554 555 2624 puli
602 2552 885 2609 communi
930 2554 1169 2623 quodam
1215 2554 1451 2608 rationis
1499 2569 1664 2611 sensu
1699 2572 2026 2627 praecepere,

441 2660 567 2700 cum
600 2645 654 2700 id
686 2645 836 2701 omni
860 2646 1046 2700 animo
1071 2645 1286 2700 ratione
1309 2655 1364 2700 et
1386 2646 1751 2718 intelligentia
1778 2650 2025 2719 praedito,

441 2738 582 2794 idem
612 2737 778 2808 hujus
800 2737 1175 2793 universitatis
1203 2738 1410 2793 Artifex
1433 2742 1775 2798 naturalibus
1795 2743 2027 2812 quibusv

441 2830 565 2885 dam
597 2829 1026 2900 cogitationibus
1060 2831 1343 2888 inseverit.
1365 2876 1377 2897 ,
1401 2831 1467 2888 At
1496 2848 1648 2896 vero,
1678 2849 2026 2904 nequaquam

439 2923 507 2978 ad
541 2922 809 2993 ejusmodi
845 2922 1125 2995 religionis
1172 2924 1486 2979 institutum
1530 2927 1843 2993 adhzesere,
1878 2928 2026 2998 quod

436 3016 667 3072 rationis
699 3016 882 3072 lumen
910 3016 1248 3071 ostendebat.
1266 3017 1384 3088 '73
1421 3016 1556 3073 Nam
1591 3035 1735 3075 IIIIDS
1770 3018 2026 3075 fortassis

438 3107 641 3164 alterve
672 3109 956 3175 duntaxat,
1008 3117 1105 3163 aut
1147 3108 1192 3164 si
1238 3110 1331 3179 qui
1362 3109 1476 3177 alii,
1520 3125 1652 3166 sane
1682 3112 2022 3181 paucissimi,
2052 3145 2095 3203 ε

440 3218 577 3274 quos
618 3200 969 3256 Hebraeorum
1010 3202 1205 3257 litterae
1232 3202 1613 3269 celebrarunt,
1644 3220 1767 3259 cum
1799 3206 1865 3259 ad
1894 3204 2019 3259 nul-

436 3292 547 3349 lam
576 3306 760 3347 rerum
785 3307 998 3355 earnm,
1031 3307 1156 3362 qua:
1180 3291 1356 3348 oculis
1382 3304 1736 3363 usurpantur,
1765 3296 2019 3349 haustam

436 3382 640 3439 animis
671 3385 739 3437 de
771 3382 959 3438 divino
987 3380 1225 3437 Numine
1247 3383 1524 3438 notionem
1552 3384 1868 3452 aﬂixissent,
1925 3388 2020 3442 sed

437 3490 564 3536 eam
592 3475 658 3530 ad
684 3490 942 3545 magnum
977 3475 1129 3530 illum
1156 3490 1221 3530 ac
1247 3484 1634 3545 praepotentem
1676 3478 1826 3532 orbis
1857 3479 2021 3549 hujus

438 3566 683 3623 universi
709 3566 1019 3621 molitorem
1046 3606 1062 3631 ,
1098 3567 1168 3623 ab
1205 3582 1400 3622 eorum
1445 3582 1567 3637 qua
1608 3570 1713 3624 sub
1741 3580 2018 3639 aspectum

437 3659 647 3714 cadunt
679 3657 925 3714 omnium
955 3660 1149 3726 turba,
1197 3663 1475 3716 constanti
1514 3676 1580 3716 ac
1623 3669 1767 3716 certa
1820 3663 2021 3717 mentis

438 3752 758 3808 inductione
781 3753 1155 3822 sustulissent,
1187 3755 1437 3809 eumdem
1463 3770 1632 3809 unum
1667 3770 1791 3809 esse
1825 3752 2018 3821 Deum,

440 3844 713 3913 simulque
756 3843 1003 3899 omnium
1049 3854 1415 3908 servatorem,
1449 3861 1515 3901 ac
1543 3846 1720 3901 solum
1748 3849 2017 3901 bonorum

439 3943 717 3989 auctorem
768 3935 1082 4006 purioribus
1129 3935 1503 4006 intelligentia
1543 3937 1720 3991 oculis
1765 3936 2016 4006 pervide-

438 4033 590 4081 runt.
624 4026 825 4082 Caeteri
861 4036 1042 4083 autem
1087 4020 1375 4096 multiplici
1411 4028 1676 4098 variaque
1706 4028 2018 4083 animorum

438 4118 494 4172 in
550 4118 782 4192 caligine
826 4119 1089 4186 volutati,
1139 4120 1194 4173 in
1227 4119 1522 4189 impietatis
1567 4120 1890 4175 barathrum
1941 4119 2017 4173 ita

437 4219 783 4277 corruerunt,
815 4218 874 4265 ut
901 4211 1186 4266 brutorum
1218 4212 1581 4266 animantium
1616 4211 1746 4278 ritu,
1778 4211 2015 4276 honesti,

437 4303 589 4361 utilis
621 4302 859 4372 bonique
894 4303 1162 4358 rationem
1214 4317 1324 4357 una
1352 4303 1639 4358 oculorum
1687 4311 1744 4359 et
1772 4304 2017 4373 corporis

435 4392 714 4463 voluptate
741 4391 1085 4447 metirentur.
1128 4390 1349 4464 itaque,
1375 4394 1421 4449 si
1459 4392 1555 4463 qui
1584 4393 1666 4446 vel
1696 4407 1887 4448 eorum
1918 4394 2017 4447 ali-

2146 560 2242 613 γον
2305 543 2366 609 ἐξ
2427 541 2604 614 ἀρχῆς
2671 539 2959 595 ἀναλαϐὼν
3008 540 3108 610 τῆς
3159 538 3552 610 δεισιδαίμονος
3596 540 3737 596 πλά-

2140 654 2270 708 νης,
2350 635 2646 704 ὲπίσκειμιι
2695 633 2794 705 τὴν
2851 633 3171 687 διάπτωσιν.
3239 631 3406 686 Φύσει
3469 633 3569 703 μὲν
3638 629 3734 688 οὖν

2139 730 2235 785 καὶ
2298 728 2700 790 αὑτοδιδάκτοις
2766 725 3020 789 ἐννοίαις,
3085 723 3284 796 μᾶλλον
3336 724 3396 778 δὲ
3462 723 3735 780 θεοδιδάκ-

2138 837 2273 885 τοις,
2305 818 2467 872 καλόν
2495 835 2550 871 τι
2592 817 2688 871 καὶ
2716 816 2994 887 ὠφέλιμον
3023 815 3335 885 τυγχάνειν,
3367 814 3430 868 τὸ
3465 817 3731 888 σημαῖνον

2136 912 2235 981 τὴν
2263 911 2355 965 τοῦ
2371 906 2510 964 Θεοῦ
2538 909 2909 981 προσηγορίαν
2938 925 2998 961 τε
3032 910 3126 962 καὶ
3147 908 3357 963 οὐσίαν.
3393 908 3603 972 Πάντες
3621 908 3732 981 γάρ

2136 998 2414 1070 ἄνθρωποι
2455 999 2653 1060 κοινοῖς
2705 996 2984 1066 λογισμοῖς
3019 995 3444 1068 προειλήφεσαν,
3473 996 3569 1050 τοῦ
3620 996 3731 1049 τῶν

2135 1088 2272 1145 ὅλων
2331 1088 2676 1162 Δημιουργοῦ
2777 1087 2938 1141 τοῦτο
2984 1089 3134 1161 πάσῃ
3187 1089 3378 1160 λογικῇ
3427 1089 3522 1143 καὶ
3566 1091 3732 1161 νοερᾷ

2133 1185 2280 1256 ψυχῇ
2379 1187 2637 1255 φυσικαῖς
2693 1183 2927 1247 ἐννοίαις
2983 1182 3415 1254 ὑποσπείραντος
3451 1197 3465 1211 ·
3507 1182 3567 1234 οὐ
3620 1181 3728 1251 μὴν

2134 1277 2230 1329 καὶ
2284 1279 2352 1347 τῇ
2398 1276 2717 1349 προαιρέσει
2762 1279 2830 1347 τῇ
2873 1274 3014 1329 κατά
3062 1273 3220 1341 λόγον
3265 1273 3579 1344 ἐκέχρηντο.
3632 1267 3727 1335 Εἷς

2137 1366 2235 1437 μὲν
2284 1368 2394 1440 γάρ
2443 1385 2569 1433 που,
2616 1367 2760 1438 τάχα
2804 1385 2888 1431 τις
2919 1368 3014 1422 καὶ
3058 1367 3340 1440 δεύτερος,
3375 1367 3408 1437 ἢ
3448 1366 3541 1419 καί
3583 1381 3727 1428 τινες

2131 1459 2281 1513 ἄλλοι
2309 1458 2505 1529 κομιδῆ
2556 1459 2798 1530 βραχεῖς,
2830 1453 2905 1513 ὧν
2954 1458 3050 1529 τὴν
3099 1460 3319 1529 μνήμην
3347 1457 3418 1511 τά
3458 1456 3727 1529 Ἑϐραίων

2133 1555 2383 1626 περιέχει
2432 1552 2611 1620 λόγια,
2656 1554 2735 1616 είς
2779 1551 2930 1605 οὐδὲν
2976 1551 3085 1604 τῶν
3136 1548 3430 1621 ὁρωμένων
3477 1548 3726 1620 ἐφαρμό-

2132 1662 2326 1710 σαντες
2366 1645 2467 1716 τὴν
2505 1644 2635 1716 περὶ
2665 1642 2801 1697 Θεοῦ
2832 1643 3069 1697 ἔννοιαν·
3103 1642 3485 1713 ἀδιαστρόφοις
3514 1642 3571 1695 δὲ
3612 1644 3725 1706 τοῖς

2130 1738 2412 1809 λογισμοῖς
2441 1737 2533 1791 ἐπὶ
2552 1735 2644 1790 τὸν
2670 1735 2765 1789 τοῦ
2796 1731 3111 1807 σύμπαντος
3144 1734 3350 1805 κόσμου
3367 1731 3724 1805 δημιουργὸν,

2133 1830 2226 1883 καὶ
2263 1829 2354 1883 τὸν
2401 1828 2573 1900 μέγαν
2597 1827 2706 1880 τῶν
2739 1827 2876 1880 ὅλων
2916 1826 3168 1898 ποιητὴν,
3198 1826 3264 1878 ὲκ
3289 1824 3401 1880 τῶν
3433 1824 3724 1896 ὁρωμένων

2132 1921 2523 1990 ἀναγαγόντες,
2559 1919 2796 1983 διανοίας
2842 1918 3055 1989 ὄμμασι
3097 1915 3529 1988 κεκαθαρμένοις
3561 1915 3727 1987 μόνον

2131 2010 2294 2063 αὑτὸν
2332 2006 2470 2063 εἶναι
2508 2010 2642 2064 Θεὸν
2661 2049 2677 2074 ,
2724 2009 2815 2063 τὸν
2854 2009 3071 2062 πάντων
3112 2009 3340 2080 Σωτῆρα
3360 2045 3377 2069 ,
3419 2005 3514 2059 καὶ⁵
3559 2003 3724 2076 μόνον

2132 2100 2353 2167 ἀγαθῶν
2400 2100 2604 2174 δοτῆρα
2646 2099 3014 2169 συνενόησαν·
3055 2100 3105 2151 οἱ
3146 2097 3205 2150 δὲ
3251 2097 3449 2161 λοιποὶ,
3493 2093 3723 2164 παντοία

2130 2192 2308 2265 ψυχῆς
2349 2192 2669 2265 ἀμαυρώσει
2715 2191 3169 2263 περιτραπέντες,
3201 2188 3342 2243 κατά
3386 2187 3548 2258 βυθὸν
3592 2186 3723 2239 ἀσεί-

2131 2284 2281 2348 6είας
2305 2285 2632 2355 ἠνέχθησαν,
2666 2283 2807 2337 ὥστε
2831 2281 3013 2354 θηρῶν
3040 2281 3248 2353 ἀγρίων
3273 2280 3493 2353 τρόπον,
3528 2276 3588 2330 τὸ
3621 2292 3722 2330 κα-

2130 2375 2221 2429 λὸν
2252 2376 2347 2430 καὶ⁵
2395 2376 2675 2447 συμφέρον
2718 2376 2812 2428 καὶ
2850 2373 3052 2442 ἀγαθὸν
3090 2372 3286 2443 μέχρις
3328 2371 3591 2442 ὀμμάτων
3623 2367 3723 2425 καὶ

2132 2468 2336 2539 σαρκὸς
2377 2467 2573 2539 ἡδονῆς
2614 2466 2830 2537 στῆσαι.
2867 2465 3052 2537 Ταύτῃ
3099 2465 3156 2518 δὲ
3183 2463 3327 2519 κατά
3353 2464 3422 2517 τά
3454 2480 3720 2536 προειρη-

2133 2562 2293 2633 μένα.
2319 2559 2446 2622 τοὺς
2467 2558 2576 2611 τῶν
2597 2556 2999 2629 νενομισμένων
3025 2554 3119 2610 τοῦ
3143 2555 3394 2627 σώματος
3417 2555 3598 2609 καλῶν
3621 2555 3718 2608 καὶ

2130 2653 2414 2725 χρησίμων
2447 2649 2700 2723 εὑρετὰς,
2735 2649 2768 2720 ἢ
2803 2649 2897 2703 καὶ
2922 2648 3191 2712 δυνάστας
3218 2649 3368 2711 τινάς
3402 2648 3497 2701 καὶ
3525 2646 3720 2718 τυράν-

2128 2759 2272 2807 νους,
2299 2742 2332 2813 ἢ
2358 2742 2454 2795 καὶ
2476 2741 2682 2811 γόητας
2706 2740 2803 2792 καὶ
2834 2739 3164 2810 φαρμακέας
3186 2737 3403 2810 ἀνδρας,
3429 2738 3530 2809 τὴν
3555 2737 3718 2806 φύσιν

2129 2833 2356 2905 θνητοὺς
2407 2835 2502 2888 καὶ
2547 2831 2918 2904 ἀνθρωπίναις
2963 2832 3336 2903 κεχρημένους
3386 2832 3715 2901 συμφοραῖς,

2125 2925 2202 2990 ὡς
2257 2923 2482 2995 ἀγαθῶν
2525 2925 2797 2996 χορηγοὺς
2817 2965 2832 2990 ,
2874 2923 3127 2994 σωτῆρας
3172 2923 3269 2976 καὶ
3315 2922 3471 2986 θεοὺς
3513 2924 3718 2990 ἀναγο-

2131 3017 2341 3091 ρεύειν,
2376 3014 2477 3087 τὴν
2519 3014 2814 3085 σεὸάσμιον
2854 3013 3063 3069 ἔννοιαν
3104 3013 3347 3084 φυσικῶς
3395 3016 3579 3079 αὐτοῖς
3627 3018 3718 3069 έν-

2129 3109 2499 3181 υπάρχουσαν,
2530 3109 2616 3176 ἐφ’
2657 3105 2752 3170 οὓς
2792 3107 3041 3177 ἐνόμιζον
3073 3106 3369 3178 εὐεργέτας
3400 3107 3718 3178 μετατεθει-

2129 3199 2305 3264 κότες.
2339 3198 2589 3269 Τοσαύτη
2625 3198 2669 3250 δ’
2695 3199 2805 3270 ἀρα
2834 3200 3075 3269 συνεῖχεν
3107 3199 3304 3262 αὐτοὺς
3330 3199 3542 3270 φρενῶν
3576 3200 3717 3253 ἀπο-

2130 3293 2352 3365 πληξία,
2380 3293 2458 3357 ὡς
2492 3291 2657 3363 μηδὲν
2690 3290 2800 3345 τῶν
2833 3289 2941 3362 πλη
2950 3289 3341 3362 μμελουμένων
3381 3293 3493 3354 τοῖς
3537 3289 3719 3344 θεολο-

2129 3385 2415 3456 γουμένοις
2461 3383 2898 3451 ὑπολογίζεσθαι,
2960 3381 3083 3453 μηδ’
3141 3381 3402 3454 ὲρυθριᾷν
3456 3382 3550 3434 ἐπὶ
3602 3383 3716 3446 τοῖς

2130 3475 2369 3546 αἰσχρῶς
2401 3474 2529 3546 περὶ
2554 3472 2734 3527 αὐτῶν
2767 3470 3180 3543 φημιζομένοις·
3209 3470 3279 3524 τὰ
3306 3471 3483 3523 πάντα
3509 3469 3566 3522 δὲ
3589 3471 3716 3533 τοὺς

2128 3568 2328 3640 ἄνδρας
2376 3567 2464 3621 διά
2494 3566 2595 3630 τάς
2638 3566 2769 3637 παρ’
2797 3563 2979 3618 αὐτῶν
3011 3563 3392 3634 παρεχομένας
3423 3559 3710 3631 ὡφελείας,

2129 3661 2163 3731 ἢ
2189 3660 2284 3713 καὶ
2311 3658 2398 3712 διά
2423 3657 2523 3721 τάς
2556 3657 2679 3711 τότε
2718 3655 2935 3729 πρῶτον
2967 3653 3367 3725 συνισταμένας
3395 3651 3713 3714 δυναστείας

2127 3768 2188 3805 τε
2209 3752 2305 3805 καὶ
2325 3749 2648 3823 τυραννίδας
2670 3746 3100 3817 ἀποθαυμάζειν.
3119 3745 3318 3817 Νόμων
3347 3742 3498 3813 γοῦν,
3520 3743 3714 3813 ῶσπερ

2128 3844 2264 3916 ἔφην
2313 3844 2415 3915 ἤδη
2443 3842 2728 3916 πρότερον,
2743 3839 2968 3911 μηδέπω
2988 3838 3109 3891 τότε
3140 3838 3197 3890 ὲν
3224 3835 3529 3909 ἀνθρώποις
3559 3832 3715 3888 πολι-

2127 3937 2454 4009 τευομένων,
2495 3935 2616 4007 μηδ’
2645 3935 2740 3987 ἐπὶ
2778 3935 2892 3998 τοῖς
2916 3931 3389 4005 ἁμαρτανομένοις
3433 3929 3713 4002 ἁμαρτίας

2127 4027 2539 4101 ἀπῃωρημένης
2591 4024 2726 4097 (96),
2761 4026 3006 4097 μοιχείας
3049 4025 3143 4079 καὶ
3184 4023 3430 4095 ἀρρένων
3481 4021 3709 4091 φθοράς,

2126 4117 2427 4190 ὲκθέσμους
2461 4134 2523 4171 τε
2563 4117 2660 4171 καὶ
2710 4117 3061 4190 παρανόμους
3104 4116 3347 4186 γάμους,
3397 4112 3712 4184 μιαιφονίας

2124 4228 2186 4264 τε
2208 4212 2302 4265 καὶ
2332 4208 2747 4283 πατροκτονίας,
2767 4209 2975 4263 τέκνων
3000 4227 3060 4263 τε
3083 4209 3179 4262 καὶ
3199 4205 3443 4275 ἀδελφῶν
3469 4203 3708 4272 σφαγὰς.

2125 4303 2220 4357 καὶ
2255 4302 2360 4374 μὴν
2390 4303 2486 4356 καὶ⁵
2524 4301 2797 4372 πολέμους
2825 4302 2921 4356 καὶ
2949 4302 3168 4363 στάσεις
3199 4295 3593 4369 πεπραγμένας
3623 4294 3713 4346 ὅν-

2123 4410 2232 4457 τως
2287 4396 2400 4458 τοῖς
2453 4394 2676 4457 οἰκείοις
2725 4393 3079 4464 προστάταις,
3130 4389 3223 4453 οὓς
3270 4388 3425 4451 θεοὺς
3479 4384 3711 4457 ήγοῦντό

438 4485 573 4556 quid
606 4483 943 4548 invenirent,
978 4498 1101 4554 quae
1125 4481 1370 4539 fovendo
1397 4484 1752 4553 curandoque
1798 4484 2016 4553 corpori

2128 4501 2179 4538 τε
2227 4485 2321 4538 καὶ
2373 4484 2704 4544 ἀπεκάλουν,
2737 4482 2929 4554 ὥσπερ
2974 4483 3030 4535 ὲν
3078 4480 3232 4552 μέρει
3266 4477 3709 4549 κατορθωμάτων

438 4576 593 4633 utilia
626 4583 971 4647 putarentur,
1002 4575 1085 4629 vel
1115 4575 1405 4644 imperium
1437 4584 1534 4630 aut
1555 4575 1896 4647 tyrannidem
1927 4589 2022 4629 oc-

436 4678 704 4741 cuparent
729 4712 744 4737 ,
789 4667 876 4723 vel
912 4668 1200 4738 praestigiis
1238 4668 1625 4736 veneﬁciisque
1659 4676 2016 4736 praestarent;

436 4777 555 4830 eos,
573 4772 632 4818 ut
647 4762 901 4832 superius
918 4761 1365 4825 commemoravi,
1384 4761 1510 4815 licet
1528 4761 1733 4830 alioqui
1757 4758 1921 4814 morti
1952 4774 2016 4814 ac

438 4854 663 4925 reliquis
688 4855 941 4909 humanae
961 4862 1172 4907 natura),
1198 4851 1419 4907 casibus
1447 4850 1734 4913 obnoxios,
1753 4858 2016 4919 tanquam

435 4959 556 5012 eos,
591 4962 623 5002 a
649 4946 850 5017 quibus
883 4960 1008 5000 cum
1051 4944 1260 5014 reliqua
1304 4943 1469 5007 bona,
1520 4950 1636 4996 tum
1671 4941 1846 5011 ipsam
1879 4955 2019 5011 quo-

438 5055 548 5110 que
578 5041 807 5095 salutem
856 5039 1149 5101 haberent,
1187 5037 1432 5105 adeoque
1470 5044 1731 5105 tanquam
1764 5034 1897 5090 deos
1922 5048 2017 5089 ce-

440 5132 722 5186 lebrarunt
746 5172 761 5197 ,
795 5146 861 5187 ac
888 5129 1254 5187 venerandam
1289 5128 1437 5182 illam
1486 5135 1883 5197 augustamque
1916 5141 2017 5182 no-

442 5224 644 5276 tionem
665 5262 681 5287 ,
723 5236 885 5290 quam
913 5237 944 5276 a
974 5228 1170 5276 natura
1197 5220 1496 5274 hauserant
1543 5226 1706 5285 atque
1731 5231 2016 5285 expresse-

441 5319 587 5377 rant,
622 5310 676 5364 in
705 5326 829 5379 eos,
882 5328 1018 5382 quos
1047 5309 1316 5382 ejusmodi
1348 5308 1734 5364 beneﬁciorum
1766 5317 2019 5364 auctores

441 5417 562 5456 esse
608 5405 932 5471 censebant,
982 5403 1353 5459 contulerunt.
1394 5399 1503 5455 Eos
1535 5408 1794 5470 praeterea
1832 5405 2018 5452 tantus

439 5497 751 5552 animorum
779 5505 970 5568 stupor
998 5497 1219 5559 invasit,
1264 5505 1324 5550 ut
1349 5495 1535 5551 omnia
1566 5501 2016 5550 consecratorunt

517 5632 632 5703 (96)
683 5633 987 5703 Ἁμαρτίας
1031 5631 1483 5703 ἀπῃωρημένης.
1527 5627 1669 5684 Verti
1697 5626 1923 5699 perinde
1950 5639 2017 5681 ac

396 5718 403 5733 ·
440 5704 490 5763 οξ
522 5702 829 5779 amur.
862 5702 1374 5779 τεμωρίαςβπηωρ.
1455 5771 1468 5779 ,
1606 5724 1613 5729 -

511 5775 624 5849 (97)
667 5766 1056 5845 omnem.
1101 5771 1213 5830 Hoc
1244 5766 1351 5838 'ést',
1383 5771 1595 5843 opinor,
1628 5767 1776 5843 quod
1807 5766 2018 5825 Plutar-
2046 5856 2079 5860 μ

2119 4576 2216 4629 καὶ
2242 4574 2607 4647 ἀνδραγαθίας
2631 4574 3100 4646 ἀπεμνημόνευον,
3124 4572 3223 4642 τὴν
3252 4570 3454 4623 τούτων
3487 4570 3707 4640 μνήμην

2117 4667 2195 4730 ὡς
2220 4666 2433 4737 σεμνῶν
2466 4668 2562 4722 καὶ
2589 4665 2853 4739 ἀνδρείων
2878 4667 2993 4728 τοῖς
3018 4662 3291 4732 όψιγόνοις
3324 4659 3705 4724 ἀπολιπόντες.

2120 4756 2357 4810 Τοιαῦτα
2398 4752 2467 4829 ἦν
2512 4756 2583 4810 τά
2621 4757 2720 4827 τῆς
2760 4754 2995 4817 παλαιᾶς
3042 4751 3340 4820 θεολογίας,
3367 4751 3436 4822 ῆν
3473 4749 3708 4821 μεταϐα-

2118 4848 2302 4914 λόντες
2332 4849 2444 4903 νέοι
2479 4850 2643 4914 τινὲς,
2678 4847 2807 4919 χθὲς
2832 4847 2929 4899 καὶ
2969 4843 3160 4917 πρώην
3198 4843 3518 4913 ὲπιφυέντες
3561 4841 3708 4909 λογι-

2119 4940 2357 5013 κώτερόν
2386 4957 2448 4994 τε
2483 4940 2790 5010 φιλοσοφεῖν
2831 4936 3145 5009 αὐχοῦντες,
3177 4936 3277 5006 τὴν
3302 4935 3366 5005 δὴ
3401 4933 3707 5005 φυσικωτέ-

2124 5048 2222 5104 ραν
2245 5032 2346 5102 τῆς
2380 5033 2509 5104 περὶ⁵
2552 5030 2692 5085 θεῶν
2735 5030 2977 5103 ἱστορίας
3004 5026 3163 5093 δόξαν
3195 5029 3578 5099 εἰσηγήσαντο,
3613 5039 3708 5079 σε·

2122 5123 2387 5196 μνοτέρας
2417 5122 2823 5195 εὑρεσιολογίας
2867 5124 2980 5186 τοῖς
3029 5118 3220 5192 μύθοις
3247 5119 3709 5190 προσεπινοήσαν-

2118 5231 2230 5280 τες,
2256 5216 2352 5268 xal.
2394 5216 2533 5286 μήτε
2561 5214 2741 5285 πάντη
2782 5213 2892 5268 τῶν
2918 5210 3275 5285 προπατόρων
3298 5210 3359 5264 τὸ
3387 5206 3708 5280 πλημμελὲς

2117 5304 2217 5375 τῆς
2253 5304 2571 5369 δυσσεϐείας
2600 5304 2950 5375 ἐκφυγόντες,
2989 5303 3115 5374 μήτ’
3139 5296 3206 5355 αὖ
3234 5299 3396 5355 πάλιν
3423 5298 3520 5371 τὴν
3547 5297 3706 5352 αὐτό-

2119 5398 2211 5453 θεν
2261 5396 2702 5469 προφαινομένην
2752 5395 2861 5449 τῶν
2920 5393 3357 5466 θεολογουμένων
3406 5388 3707 5462 μοχθηρίαν

2119 5491 2532 5562 ὑπομείναντες.
2568 5489 2916 5561 Θεραπεῦσαι
2961 5487 3071 5561 (97)
3100 5488 3145 5541 δ’
3176 5482 3271 5540 οὖν
3313 5487 3463 5557 ὅμως
3507 5482 3615 5538 οἵδε
3645 5479 3707 5535 τὸ

2118 5626 2278 5698 chus,
2314 5626 2607 5698 Alexand.,
2643 5627 2919 5698 eleganter
2961 5625 3115 5698 dixit,
3150 5620 3457 5698 μῦθον
3489 5617 3704 5698 ἀνασώ-

2119 5697 2232 5760 ζειν
2256 5690 2394 5769 πρὸς
2427 5690 2705 5767 ἀλήθειαν,
2729 5690 2831 5751 ἷώί
2880 5695 3129 5769 naphtha
3173 5690 3469 5769 delibutam
3506 5690 3706 5743 Medea:

2120 5762 2383 5825 coronam
2445 5762 2636 5834 luisse,
2689 5762 2983 5824 nonnullos
3027 5764 3240 5836 opinari
3292 5762 3478 5829 tradit,
3528 5773 3706 5827 eoque
