4154 6426
463 347 559 402 Ml

1621 350 1946 406 ΡΒᾸΞΡΑΒ.
1988 351 2242 409 EVANG.
2285 351 2411 406 LlB.
2454 350 2519 407 ll.

3628 357 3728 413 14⁸2

458 466 727 540 πατρικὸν
782 466 1083 539 ἁμάρτημα
1150 465 1612 538 προθυμηθέντες,
1664 468 1756 521 ἐπὶ
1813 466 2044 537 φυσικὰς

2150 468 2248 523 abs
2273 483 2394 524 sese
2422 468 2711 524 numinum
2742 469 2946 526 scelera
2980 469 3139 527 facile
3167 478 3502 541 paterentur,
3530 485 3632 526 nec
3657 473 3726 526 ad

458 559 740 630 διηγήσεις
774 560 869 613 καὶ
907 558 1140 630 θεωρίας
1164 560 1292 623 τοὺς
1319 560 1525 630 μύθους
1554 559 2043 631 μεπσκευάσαντο,

461 651 533 703 τὰ
554 649 824 721 θρεπτικά
850 650 945 704 καὶ
975 648 1246 720 αὐξητικά
1280 650 1376 719 τῆς
1400 649 1508 703 τῶν
1542 650 1811 720 σωμάτων
1834 648 2047 719 φύσεως

460 740 612 795 ταῦτ’
640 737 781 795 εἶναι
810 742 878 796 τὰ
904 740 994 795 διά
1021 740 1130 793 τῶν
1164 739 1350 811 μύθων
1376 741 1701 812 δηλούμενα,
1734 743 1811 805 ὡς
1850 740 1914 812 δὴ
1947 759 2048 812 μυ-

465 835 791 907 στικώτερον
836 836 1237 907 κομπάσαντες.
1294 835 1487 889 Ἔνθεν
1528 835 1771 898 ἀνιόντες
1809 835 1900 887 καὶ
1939 834 2047 887 οἵδε

462 929 531 982 τὰ
569 931 807 999 στοιχεῖα
833 927 926 982 τοῦ
953 930 1160 1001 κόσμου
1186 930 1340 992 θεοὺς
1367 928 1744 998 ἐπεφήμισαν·
1761 927 1861 981 οὐκ
1886 926 2048 980 αὑτὸν

464 1021 624 1092 μόνον
652 1020 824 1092 ἥλιον,
858 1022 951 1075 καὶ
977 1022 1230 1093 σελήνην,
1268 1022 1362 1073 καὶ
1393 1020 1590 1090 ἄστρα,
1616 1017 1843 1090 προσέτι
1865 1018 1924 1071 δὲ
1946 1017 2049 1087 γῆν

463 1112 560 1165 καὶ
601 1110 764 1183 ὕδωρ,
795 1112 934 1183 ἀέρα
981 1129 1041 1166 τε
1080 1111 1175 1165 καὶ
1226 1110 1358 1183 πῦρ,
1386 1111 1456 1164 τά
1494 1127 1552 1162 τε
1587 1111 1653 1162 ἐκ
1677 1107 1881 1163 τούτων
1920 1125 2051 1176 συγ-

465 1204 713 1275 κρίματά
765 1221 826 1257 τε
867 1204 962 1258 καὶ⁵
1003 1204 1420 1276 ἀποτελέσματα
1440 1219 1453 1232 ·
1496 1202 1584 1256 ναὶ
1637 1200 1744 1273 μὴν
1785 1199 1879 1254 καὶ
1923 1200 2049 1263 τοὺς

462 1294 700 1366 ὡραίους
737 1295 846 1348 ἀπὸ
887 1297 991 1365 γῆς
1032 1299 1296 1369 καρποὺς,
1337 1296 1431 1350 καὶ
1471 1294 1540 1348 τά
1567 1292 1730 1347 λοιπά
1753 1294 1852 1365 τῆς
1878 1291 2050 1363 ξηρᾶς

461 1387 556 1440 καὶ
576 1387 750 1458 ὑγρᾶς
766 1387 970 1458 τροφῆς
990 1386 1346 1458 βλαστήματα
1362 1405 1376 1418 ·
1402 1386 1437 1440 ἃ
1459 1387 1550 1439 καί⁵
1577 1383 1738 1452 αὐτὰ,
1763 1384 1838 1448 ὡς
1862 1381 1929 1437 ἀν
1952 1383 2051 1452 τῆς

459 1476 570 1531 τῶν
600 1477 868 1549 σωμάτιον
894 1475 1041 1547 ζωῆς
1073 1479 1242 1541 αἴτια,
1270 1478 1585 1548 Δήμητραν,
1602 1476 1698 1529 καὶ
1723 1473 1929 1544 Κόρην,
1958 1472 2052 1525 καὶ

408 1628 412 1630 Ἴ
461 1567 733 1631 Διόνυσον,
764 1569 858 1623 καὶ
883 1569 985 1622 ὅσα
1015 1568 1149 1623 ἄλλα
1182 1568 1389 1632 τούτοις
1401 1567 1616 1639 ἐμφερῆ
1638 1563 2048 1639 προσειπόντες,

459 1659 796 1725 τεθειάκασι,
841 1660 1221 1731 βεϐιασμένον,
1251 1661 1345 1714 καὶ
1378 1660 1477 1713 οὐκ
1507 1657 1683 1729 ἀληθῆ
1712 1656 1821 1710 τῶν
1868 1653 2051 1725 μύθων

460 1749 552 1803 τὸν
573 1750 958 1822 καλλωπισμὸν
980 1751 1423 1822 είσηγησάμενοι.
1475 1749 1614 1803 Ἀλλ’
1648 1743 1793 1802 οὗτοι
1828 1746 1926 1818 μὲν
1950 1742 2049 1812 ὀψέ

2152 562 2451 632 quidquam
2478 577 2687 626 eorum,
2715 579 2837 633 quae
2861 564 2928 618 de
2958 564 3091 633 ipsis
3121 561 3421 620 foedissime
3440 563 3729 633 iactaban-

2154 664 2265 718 tur,
2293 654 2710 721 erubescerent;
2750 654 2841 710 sed
2887 656 3069 725 potius
3097 655 3363 726 quidquid
3391 655 3459 710 ad
3485 670 3581 710 eos
3608 670 3730 724 per-

2155 745 2391 809 tineret,
2435 744 2549 801 sive
2599 755 2822 816 propter
2868 746 3111 817 ipsorum
3156 746 3212 801 in
3250 746 3531 810 hominum
3562 762 3730 817 genus

2154 839 2351 893 merita
2372 879 2388 904 ,
2419 838 2535 895 sive
2564 846 2787 910 propter
2812 838 3039 909 imperia
3070 838 3150 893 vel
3175 838 3488 909 tyrannides
3518 853 3585 893 eo
3619 838 3732 909 pri-

2153 946 2304 986 mum
2336 939 2578 1001 tempore
2621 932 2982 995 constitutas,
3014 930 3277 999 singulari
3303 946 3427 986 cum
3458 930 3728 1000 approba-

2155 1022 2304 1076 tione
2349 1022 2705 1091 suspicerent.
2764 1020 2902 1077 Cum
2947 1019 3113 1091 igitur
3168 1022 3434 1085 necdum,
3481 1030 3542 1075 ut
3595 1029 3722 1076 ante

2155 1110 2290 1175 dixi,
2341 1112 2551 1183 legibus
2594 1110 2722 1167 ullis
2749 1110 3036 1167 hominum
3082 1110 3191 1166 vita
3217 1121 3510 1181 regeretur,
3542 1125 3730 1181 poma-

2154 1217 2263 1270 que
2284 1201 2504 1274 ﬂagitiis
2534 1202 2681 1257 nulla
2710 1200 3054 1269 immineret;
3078 1200 3364 1267 adulteria,
3389 1202 3731 1272 mariumque

2156 1297 2512 1363 concubitus,
2562 1294 2827 1351 nefandas
2868 1294 2996 1349 item
3045 1295 3449 1367 ﬂagitiosasque
3491 1298 3727 1365 nuptias.

2160 1388 2358 1453 caedes,
2380 1388 2694 1459 parricidia,
2725 1387 3042 1454 liberorum,
3070 1385 3409 1456 fratrumque
3429 1385 3729 1456 jugulatio—

2156 1495 2275 1546 ues,
2310 1481 2445 1535 bella
2475 1480 2707 1549 denique
2748 1489 2803 1535 et
2846 1481 3154 1534 animorum
3188 1478 3444 1533 intestina
3480 1477 3729 1542 dissidia.

2157 1572 2359 1641 quibus
2383 1588 2573 1626 eorum
2609 1573 2904 1642 principes,
2939 1586 3078 1640 quos
3112 1570 3189 1625 illi
3210 1570 3340 1626 deos
3363 1569 3731 1640 opinabantur

2157 1671 2212 1717 et
2237 1663 2539 1729 vocabant,
2573 1678 2634 1717 se
2666 1664 2814 1732 ipsos
2847 1678 2970 1718 vere
3002 1662 3438 1727 obstrinxerant,
3488 1661 3569 1717 sic
3608 1670 3729 1717 tan-

2160 1769 2324 1822 quam
2355 1769 2536 1808 rerum
2565 1753 2633 1807 ab
2658 1753 2727 1808 iis
2757 1754 3014 1823 praeclare
3039 1761 3312 1825 gestarum
3337 1790 3353 1815 ,
3409 1752 3729 1823 eximiaeque

462 1858 617 1907 ποτε,
636 1842 785 1896 ὡσάν
816 1842 1268 1921 ἐπαισχυνόμενοι
1307 1841 1407 1907 τὰς
1438 1843 1546 1895 τῶν
1573 1839 1852 1913 προγόνων
1881 1835 2044 1892 θεολο-

2157 1844 2373 1900 virtutis
2405 1844 2735 1900 monimenta
2764 1847 3146 1912 celebrabant,
3193 1860 3526 1914 eorumque,
3571 1850 3725 1916 quasi

461 1934 610 2003 γίας,
652 1932 866 1987 οἴκοθεν
915 1932 982 1997 ἃς
1026 1932 1257 1997 ἕκαστος
1300 1932 1500 2004 ἐφεῦρε
1545 1931 1898 2004 σεμνολογίας
1940 1932 2052 1995 τοῖς

463 2026 595 2096 περὶ
621 2025 759 2079 θεῶν
793 2025 983 2097 μύθοις
1017 2026 1482 2096 προσεπενόησαν,
1512 2027 1681 2077 κινεῖν
1725 2023 1794 2077 τὰ
1845 2023 2052 2092 πάτρια

463 2117 774 2188 τολμῶντος
819 2117 1055 2181 οὐδενὸς,
1090 2117 1219 2187 περὶ
1261 2115 1455 2169 πολλοῦ
1496 2116 1553 2168 δὲ
1588 2115 1685 2187 τὴν
1719 2115 2052 2187 ἀρχαιότητα

466 2207 629 2274 εἶναι,
660 2211 757 2264 καὶ
778 2210 880 2282 τὴν
910 2211 1113 2282 συνήθη
1146 2210 1241 2265 καὶ
1266 2209 1560 2278 σύντροφον
1582 2210 1646 2261 ἐκ
1674 2207 1877 2260 παίδων
1906 2207 2051 2275 ἀγω-

466 2304 571 2376 γὴν
611 2304 931 2375 τιμώμενοι.
964 2304 1033 2357 Οἵ
1072 2322 1136 2373 γε
1190 2304 1295 2374 μὴν
1333 2301 1538 2355 τούτων
1581 2301 1942 2373 πρεσϐύτεροι
1990 2301 2049 2352 ἐν

471 2394 571 2466 ῐσῳ
588 2398 653 2467 τῇ
679 2395 787 2449 τῶν
803 2394 1012 2466 ἀνδρῶν
1034 2394 1275 2466 θεοποιίᾳ
1300 2392 1511 2457 καὶτὰς
1530 2392 1639 2447 τῶν
1663 2393 1872 2461 ἀλόγων
1895 2392 2048 2458 ζώων

466 2483 757 2547 ἐκθεώσεις
781 2483 1112 2547 διετάξαντο,
1141 2483 1231 2536 διὰ
1262 2483 1324 2536 τὸ
1356 2484 1450 2537 καὶ
1482 2482 1540 2549 ἐξ
1567 2482 1746 2537 αὐτῶν
1776 2484 2047 2554 χρήσιμον

466 2576 609 2629 κατά
639 2575 739 2638 τὰς
772 2574 1005 2646 πρόσθεν
1045 2572 1400 2638 ἀποδοθείσας
1426 2575 1604 2638 αἰτίας
1627 2591 1639 2604 ·
1668 2575 1763 2627 καὶ
1788 2578 1903 2638 τοῖς
1928 2574 2050 2628 ἁλό-

464 2683 582 2735 γοις
617 2665 827 2737 θηρίοις
868 2666 967 2732 τὰς
1007 2667 1126 2732 ίσας
1171 2667 1484 2738 ἀφιέρωσαν
1532 2665 1865 2738 θρησκείας,.
1889 2682 2051 2719 σπον-

463 2757 604 2823 δαῖς,
638 2757 734 2809 καὶ
765 2754 999 2821 θυσίαις,
1033 2758 1128 2811 καὶ
1154 2759 1440 2827 μυστικαῖς
1465 2757 1727 2821 τελεταῖς,
1762 2755 1950 2827 ὕμνοις
1987 2773 2048 2809 τε

463 2849 560 2903 καὶ
607 2848 789 2921 ᾠδαῖς,
818 2849 1019 2920 ὁμοίως
1045 2852 1159 2913 τοῖς
1188 2849 1657 2921 τεθεοποιημένοις
1680 2848 1928 2921 ἀνδράσι,
1954 2848 2049 2902 καὶ

463 2938 564 3002 τὰς
599 2936 806 2992 τούτων
850 2938 1019 3008 τιμὰς
1065 2938 1395 3011 ἐπάραντες·
1438 2942 1519 3003 εἰς
1555 2937 1809 2992 τοσοῦτον
1851 2938 1907 2991 δὲ
1939 2937 2047 3010 ἄρα

466 3029 653 3083 κακῶν
678 3029 935 3101 ήλαυνον,
965 3029 1041 3094 ὡς
1073 3030 1140 3083 δι’
1175 3031 1276 3083 ύπε
1288 3030 1480 3102 ρϐολὴν
1511 3030 1840 3101 ἡδυπαθείας
1875 3031 2049 3102 ἀκρα-

462 3119 612 3183 τοῦς,
635 3119 706 3172 τά
719 3119 854 3173 ὀλκά
873 3120 1009 3190 πρὸς
1024 3120 1414 3191 αἰσχρουργίαν
1436 3120 1575 3191 μέρη
1587 3118 1683 3172 τοῦ
1701 3119 2048 3191 σώματος,τά

462 3228 525 3265 τε
540 3211 813 3265 ἀκόλαστα
826 3212 883 3264 ἐν
898 3209 993 3263 ἀνθ
1004 3208 1208 3282 ρώποις
1219 3209 1512 3281 πάθη,ταῖς
1529 3210 1755 3273 ἰσοθέοις
1766 3210 2047 3264 ἐκθειάσαι

461 3306 672 3375 τιμαῖς,
696 3303 865 3375 μηδὲν
890 3303 950 3356 τὸ
976 3301 1239 3375 παράπαν
1261 3304 1319 3356 ἐν
1354 3300 1562 3366 τούτοις
1586 3301 1778 3374 χρῆναι
1804 3300 2048 3371 ο·εμνολο⁴

461 3400 581 3467 γεῖν
597 3396 704 3451 τῶν
726 3397 792 3469 δὴ
821 3395 1086 3464 θεολόγων
1101 3393 1281 3449 αὐτῶν
1299 3396 1754 3465 ἀποφηναμένων.
1771 3395 2046 3468 Τηρητέον

460 3490 614 3560 γοῦν,
632 3491 708 3555 ὡς
731 3490 812 3543 ὃτι
840 3488 1075 3559 μάλιστα
1099 3489 1147 3541 οἱ
1176 3488 1496 3542 παλαίτατοι
1520 3487 1670 3540 οὐδέν
1692 3504 1745 3540 τι
1766 3486 1926 3540 πλέον
1946 3487 2044 3560 τῆς

465 3582 707 3655 ἱστορίας
736 3581 956 3644 εἰδότες,
981 3579 1163 3651 μόνοις
1192 3578 1251 3633 δὲ
1271 3581 1381 3642 τοῖς
1405 3577 1596 3650 μύθοις
1618 3577 2044 3650 προσανέχοντες

462 3673 944 3748 ἐμαρτυρήθησαν.
964 3671 1101 3725 Ἀλλ’
1137 3671 1367 3742 ἐπείπερ
1399 3669 1547 3733 ἅπαξ
1571 3669 1930 3741 ὡρμήθημεν,
1949 3669 2044 3722 καὶ

457 3770 530 3823 τὰ
560 3768 735 3839 σεμνά
762 3768 856 3820 καὶ
880 3767 1171 3838 ἀπόρρητα
1198 3764 1307 3818 τῶν
1334 3763 1598 3832 γενναίων
1627 3761 1931 3831 φιλοσόφων
1953 3778 2046 3815 κα-

457 3860 827 3930 τασκοπῆσαι,
861 3858 992 3929 φέρε
1043 3857 1138 3910 καὶ
1168 3853 1339 3908 ταῦτα
1367 3853 1849 3926 ἐπιθεωρήσωμεν,
1878 3852 1954 3916 ὡς
1975 3852 2043 3906 ἂν

463 3952 539 4023 μὴ
575 3951 827 4021 δοκοῖμεν
853 3950 1067 4018 ἀγνοεῖν
1099 3947 1194 4001 καὶ
1222 3947 1323 4011 τὰς
1354 3946 1673 4016 θαυμαστὰς
1697 3945 1877 3999 αὐτῶν
1902 3945 2045 4014 φιλο-

460 4042 673 4109 σοφίας.
734 4040 871 4112 Πρίν
917 4039 975 4092 δὲ
1027 4039 1126 4110 τὴν
1171 4037 1377 4091 τούτων
1428 4035 1644 4089 ἔκθεσιν
1695 4034 2041 4107 ποιήσασθαι,

457 4134 583 4204 ἐμοὶ
613 4133 761 4186 δοκεῖ
802 4127 1402 4203 προσεπισημαίνεσθαι
1448 4127 1543 4180 καὶ
1588 4127 1689 4198 τὴν
1732 4125 1903 4196 αὐτὴν
1934 4123 2043 4177 τῶν

459 4225 790 4297 θαυμαστῶν
836 4224 1175 4292 φιλοσόφων,
1212 4222 1315 4276 κάν
1361 4219 1575 4282 τούτοις
1625 4217 1764 4289 πρὸς
1814 4217 2042 4279 ἑαυτοὺς

457 4321 875 4390 ἐναντιολογίαν.
909 4321 972 4374 Οἱ
1002 4320 1100 4390 μὲν
1134 4317 1244 4390 γὰρ
1272 4317 1546 4387 τηνάλλως
1572 4314 1908 4387 διηγοῦνται,
1949 4314 2044 4368 καὶ

459 4416 603 4470 κατά
627 4416 689 4469 τὸ
721 4414 1011 4486 παραστάν
1035 4413 1265 4475 ἕκαστος
1296 4410 1440 4474 ἰδίως
1466 4409 1858 4479 ἀποφαίνονται
1875 4424 1889 4438 ο
1922 4406 2042 4461 οὐδὲ

2154 1936 2496 2007 egregiorum
2521 1937 2879 2003 quorumdam
2904 1937 3205 1994 facinorum
3228 1954 3292 1993 ac
3310 1939 3580 2008 praecipua
3601 1955 3726 1995 cum

2156 2025 2492 2081 fortitudinis
2519 2026 2679 2082 laude
2705 2028 3145 2097 conjunctorum,
3175 2029 3495 2083 memoriam
3529 2030 3594 2084 ad
3629 2046 3726 2098 po-

2152 2128 2330 2175 steros
2355 2119 2457 2188 ipsi
2484 2135 2616 2175 suos
2648 2121 3039 2192 propagabant.
3079 2121 3256 2190 Atque
3282 2120 3596 2189 hujusmodi
3624 2120 3729 2175 fuit

2150 2209 2458 2279 priscorum
2503 2211 2784 2266 hominum
2832 2211 3138 2282 theologia,
3186 2227 3348 2280 quam
3384 2212 3575 2282 nuperi
3603 2213 3726 2281 qui-

2149 2301 2273 2355 dam
2303 2314 2367 2355 ae
2397 2300 2793 2357 nudiustertius
2826 2301 3032 2357 exclusi
3079 2302 3160 2358 sic
3194 2302 3592 2367 immutarunt,
3640 2312 3720 2366 ut,

2148 2391 2484 2447 subtiliorem
2509 2394 2694 2449 nescio
2714 2409 2878 2465 quam
2904 2392 3323 2464 philosophandi
3348 2393 3612 2450 rationem
3639 2395 3726 2464 ja-

2146 2493 2377 2550 etantes,
2402 2484 2510 2557 74
2524 2500 2706 2541 rerum
2726 2485 2933 2541 scilicet
2946 2494 3154 2541 natura:
3172 2486 3481 2556 propiorem
3505 2487 3572 2542 de
3587 2487 3719 2542 deo-

2149 2591 2274 2630 rum
2306 2576 2535 2631 historia
2561 2578 2876 2648 opinionem
2905 2577 3247 2643 inveherent,
3270 2586 3325 2633 et
3351 2577 3722 2636 honestiorem

2149 2671 2389 2741 aliquam
2444 2686 2711 2727 novorum
2765 2680 3202 2727 commentorum
3246 2671 3481 2741 speciem
3524 2668 3724 2726 fabulis

2150 2774 2451 2822 attexerent
2497 2784 2511 2820 :
2564 2767 2670 2822 hoc
2710 2768 2972 2821 nimirum
3005 2765 3200 2831 secuti,
3235 2775 3293 2820 ut
3319 2782 3419 2822 nec
3443 2768 3666 2823 omnino
3691 2784 3721 2822 a

2151 2857 2411 2911 scelerata
2457 2855 2727 2925 majorum
2779 2871 3000 2911 suorum
3045 2856 3320 2926 impietate
3361 2856 3722 2923 discederent,

2151 2962 2253 3002 nec
2277 2945 2503 3002 omnino
2531 2955 2712 3000 tamen
2745 2962 2810 2999 ex
2836 2946 3051 2999 illorum
3084 2944 3436 3016 religionibus
3457 2948 3725 3002 exsisteb-

2151 3049 2259 3094 tem
2309 3045 2753 3093 eonsecratorum
2802 3036 3091 3091 numinum
3139 3036 3539 3105 improbitatem
3572 3045 3725 3108 pate-

2152 3133 2362 3183 rentur.
2404 3124 2470 3180 Hi
2499 3139 2630 3193 ergo
2652 3165 2666 3191 ,
2703 3140 2826 3179 cum
2859 3126 3023 3181 semel
3056 3128 3289 3195 patrium
3315 3141 3551 3181 errorem
3583 3142 3724 3198 quo-

2151 3234 2263 3290 quo
2289 3218 2451 3273 modo
2473 3232 2768 3287 procurare
2798 3217 3134 3283 statuissent,
3159 3218 3227 3273 ad
3247 3217 3577 3273 naturalium
3598 3235 3725 3275 cau-

2149 3328 2334 3370 sarum
2384 3319 2548 3381 atque
2591 3310 2867 3364 rationum
2919 3308 3337 3379 explicationem
3378 3308 3723 3366 labulastra-

2148 3406 2372 3460 duxere.
2412 3403 2492 3458 Ae
2523 3402 2775 3472 primam,
2813 3401 3015 3471 quibus
3044 3400 3223 3456 alendi
3253 3402 3498 3472 corporis
3526 3417 3724 3474 augen-

2146 3498 2312 3567 dique
2359 3496 2442 3550 vis
2492 3495 2730 3560 inesset,
2778 3508 2841 3549 ea
2889 3493 3089 3549 fabulis
3141 3494 3432 3562 signiﬁcari
3477 3509 3620 3550 novo
3666 3504 3722 3549 et

2147 3587 2403 3642 insolenti
2431 3584 2575 3640 fastu
2616 3584 2934 3655 iactabant,
2986 3584 3212 3654 perinde
3235 3598 3298 3638 ac
3327 3583 3374 3638 si
3406 3583 3535 3654 quid
3566 3599 3720 3639 arca-

2144 3692 2276 3732 num
2308 3676 2483 3748 magis
2514 3677 2795 3745 magisque
2830 3674 3168 3730 reconditum
3208 3673 3517 3729 attulissent
3549 3691 3564 3728 :
3593 3689 3721 3729 mox

2145 3783 2276 3825 vero
2301 3767 2575 3840 progressi
2607 3768 2858 3832 ulterius,
2893 3765 3081 3820 mundi
3110 3765 3274 3820 etiam
3297 3765 3562 3820 elementa
3589 3765 3722 3821 deo-

2145 3875 2267 3914 rum
2312 3861 2369 3913 in
2399 3873 2631 3914 numero
2660 3858 2738 3913 ita
2779 3857 3158 3921 collocarunt,
3191 3864 3253 3911 ut
3280 3871 3349 3911 ne
3378 3857 3434 3911 in
3461 3858 3576 3912 sole
3598 3857 3723 3927 qui-

2142 3953 2265 4006 dem
2291 3967 2356 4006 ac
2386 3951 2513 4005 luna
2536 3960 2840 4020 ceteraque
2877 3957 3155 4005 astrorum
3184 3948 3534 4004 multitudine
3564 3948 3723 4004 siste.-

2143 4052 2297 4108 rent,
2333 4043 2425 4097 sed
2456 4042 2629 4112 ipsam
2657 4054 2877 4111 quoque
2910 4050 3112 4096 terram
3134 4078 3166 4104 ,.
3185 4054 3309 4094 cum
3350 4054 3489 4108 aqua
3513 4078 3531 4105 ,
3573 4053 3719 4101 aere,

2143 4136 2286 4204 igne,
2321 4134 2566 4203 adeoque
2588 4148 2714 4188 eum
2748 4133 2838 4196 iis,
2863 4147 2986 4201 qua:
3012 4133 3208 4185 horum
3234 4145 3301 4185 ex
3326 4128 3720 4198 temperatione

2142 4240 2207 4278 ac
2231 4224 2584 4293 permistione
2608 4222 2933 4283 conﬂantur.
2969 4220 3344 4290 adjungerent.
3382 4219 3522 4286 Quin
3550 4220 3714 4274 etiam

2145 4316 2492 4386 tempestivos
2540 4325 2698 4370 terra:
2745 4313 2997 4379 fructus,
3030 4313 3246 4382 aliaque
3290 4320 3406 4366 tum
3447 4311 3715 4375 siceioris,

2142 4413 2259 4459 tum
2293 4404 2621 4461 humidioris
2642 4403 2885 4459 alimenti
2922 4403 3167 4475 germina
3194 4422 3208 4459 :
3235 4418 3386 4473 quae,
3418 4403 3563 4473 quod
3597 4403 3716 4474 ipsa

457 4507 569 4578 γὰρ
620 4506 868 4577 ἀλλήλοις
900 4504 1166 4575 σύμφωνα
1205 4498 1643 4570 φυσιολογοῦσιν·
1676 4499 1725 4552 oi
1750 4498 1806 4551 δὲ
1837 4497 2040 4565 εὐγνω-

2148 4512 2363 4567 quoque
2414 4505 2731 4554 nostrorum
2781 4510 3074 4567 corporum
3105 4495 3272 4550 vitam
3307 4503 3716 4555 eonservarent.

460 4598 778 4670 μονέστεροι
827 4595 890 4649 τὸ
949 4594 1168 4666 σύμπαν
1208 4590 1544 4662 ἀναιροῦσιν,
1574 4589 1670 4644 καὶ
1703 4590 1804 4661 τῆς
1834 4587 2039 4651 οἰκείας

459 4689 733 4750 πολιτείας
765 4688 825 4742 οὐ
864 4687 1023 4757 μόνον
1052 4686 1150 4748 τὰς
1195 4685 1463 4755 ἀπρεπεῖς
1494 4683 1624 4753 περὶ
1665 4679 1801 4734 θεῶν
1849 4679 2039 4751 διηγή-

460 4798 597 4845 σεις,
633 4779 772 4833 ἀλλά
802 4781 896 4833 καὶ
923 4778 1023 4841 τὰς
1053 4776 1257 4831 τούτων
1284 4775 1580 4848 ἑρμηνείας
1608 4772 2001 4828 ἀπελαύνουσιν
2020 4788 2033 4802 ⁸

458 4873 576 4926 ἔστι
603 4874 646 4926 δ’
674 4873 763 4926 ὅτε
795 4871 946 4942 φόϐῳ
970 4870 1068 4942 τῆς
1108 4868 1216 4922 ἀπὸ
1255 4867 1364 4921 τῶν
1403 4867 1584 4939 νόμων
1612 4865 1880 4937 τιμωρίας
1913 4865 2039 4928 τοὺς

462 4965 665 5037 μύθους
697 4960 1339 5034 ύποκορίξονται.”Δκουε
1368 4958 1414 5012 δ’
1440 4954 1531 5013 οῦν
1560 4956 1740 5012 αὐτῶν
1773 4956 2038 5027 Ἑλλήνων

456 5057 525 5112 δι’
576 5056 694 5120 ἐνὸς
734 5055 830 5108 τοῦ
878 5054 1094 5108 πάντων
1121 5051 1366 5124 ἀρίστου,
1394 5051 1517 5105 τοτὲ
1549 5050 1646 5122 μὲν
1684 5047 2033 5113 ἐξωθοῦντος,

456 5148 582 5203 τοτὲ
630 5147 673 5200 δ’
707 5143 801 5201 οὖν
850 5146 1012 5200 πάλιν
1064 5144 1474 5215 εἰσποιουμένω
1497 5130 1635 5206 ’τοὺς
1670 5139 1890 5212 μύθους.
1907 5140 1965 5192 '0
1990 5139 2035 5193 δ’

456 5236 551 5294 οὖν
580 5238 883 5309 θαυμάσιος
929 5235 1107 5291 αὐτῶν
1136 5235 1382 5299 Πλάτων,
1414 5235 1503 5287 ὅτε
1541 5233 1639 5304 μὲν
1684 5230 1784 5303 τὴν
1830 5229 2036 5284 οίκείαν

455 5331 765 5401 ἀπογυμνοῖ
794 5329 1130 5400 προαίρεσιν,
1156 5326 1553 5398 τολμηρότερον
1580 5321 1912 5393 ἀπαγορεύει
1948 5338 2039 5374 κα-

457 5422 613 5476 θόλου
649 5423 777 5489 περὶ
817 5420 954 5474 θεῶν
988 5419 1213 5473 τοιαῦτα
1254 5420 1471 5490 φρονεῖν
1501 5433 1559 5470 τε
1593 5417 1687 5471 καὶ
1713 5414 1915 5483 λέγειν,
1948 5411 2036 5466 οἷα

456 5517 571 5578 τοῖς
608 5514 859 5577 παλαιοῖς
896 5513 1130 5584 εἴρηται,
1170 5513 1279 5565 εἴτε
1314 5508 1619 5582 περιέῄοιέν
1646 5525 1700 5562 τι
1725 5507 1946 5579 λεληθὸς
1978 5509 2035 5560 ὲν

458 5658 574 5743 tam
624 5649 809 5743 slubito
848 5646 1132 5743 flammam
1160 5644 1514 5743 Leoncepisse.
1546 5636 2035 5743 Elaﬁrwifﬁv;

461 5720 600 5786 quit.
637 5719 767 5772 ἔνιοι
814 5717 905 5770 τὸν
943 5716 1110 5787 μῦθον
1158 5710 1529 5787 ἀνασώζοντες
1554 5712 1712 5787 ,πρὸς
1756 5713 1854 5787 τὴν
1906 5710 2036 5781 ἀλή-

458 5783 629 5856 θειαν,
654 5788 811 5842 τοῦτό
838 5783 997 5858 φασιν
1029 5784 1167 5841 εἶναι
1208 5788 1270 5838 τὸ
1310 5786 1410 5856 τῆς
1454 5783 1693 5856 Μηδείας
1723 5783 2029 5852 φάρμακον.

2142 4588 2362 4644 Cereris
2387 4628 2402 4653 ,
2436 4587 2808 4658 Proserpina,
2841 4586 3040 4644 Bacchi
3065 4627 3080 4653 ,
3112 4601 3177 4642 ac
3207 4586 3417 4643 caneris
3445 4586 3715 4656 ejusmodi

2143 4679 2459 4735 nominibus
2484 4687 2895 4743 consecrarunt,
2932 4685 3184 4733 coactum
3211 4677 3399 4732 nescio
3426 4691 3584 4746 quem
3611 4677 3720 4729 mi—

2142 4773 2398 4842 nimeque
2424 4787 2611 4827 verum
2637 4770 2834 4827 fabulis
2855 4771 3066 4826 vultum
3105 4777 3160 4825 et
3186 4768 3421 4824 colorem
3453 4766 3713 4838 attingen-

2141 4875 2245 4921 tes.
2269 4862 2495 4931 Verum,
2512 4864 2639 4921 licet
2660 4864 2750 4920 isti
2776 4865 2975 4930 serius,
2999 4861 3144 4931 quod
3167 4875 3262 4915 eos
3290 4858 3558 4930 majorum
3585 4874 3713 4912 suo-

2139 4971 2261 5009 rum
2286 4955 2570 5027 theologia:
2613 4956 2963 5025 suppudel'et.
2999 4952 3370 5008 honestiorem
3395 4949 3709 5020 quemdam.

2141 5056 2308 5116 prout
2351 5062 2511 5102 suum
2562 5047 2760 5116 cuique
2788 5045 3072 5101 cerebrum
3103 5043 3360 5105 cuderet,
3411 5056 3476 5095 ac
3505 5049 3712 5097 veteres

2142 5138 2262 5193 illas
2288 5137 2513 5193 deorum
2548 5135 2763 5192 fabulas
2793 5136 3118 5205 explicatum
3150 5131 3527 5203 adjungerent,
3551 5145 3713 5187 nemo

2139 5238 2324 5283 tamen
2368 5228 2505 5282 ritus
2545 5227 2752 5297 patrios
2790 5234 3002 5280 mutare
3049 5239 3215 5279 ausus
3243 5230 3358 5289 est,
3398 5221 3494 5276 sed
3522 5235 3714 5276 omnes

2138 5321 2322 5392 potius
2353 5336 2477 5375 cum
2503 5319 2809 5389 priscorum
2839 5317 3112 5383 instituta,
3133 5324 3249 5371 tum
3283 5314 3535 5370 usitatam
3562 5313 3709 5368 illam

2138 5427 2368 5481 qumque
2408 5425 2595 5466 secum
2642 5425 2675 5465 a
2720 5409 2905 5479 pueris
2940 5408 3247 5464 adoleverat
3278 5421 3557 5463 sacrorum
3584 5405 3715 5460 reli-

2139 5502 2425 5573 gionisque
2452 5500 3017 5571 rationem,praecipuo
3047 5499 3226 5555 studio
3242 5497 3579 5553 retinendam
3604 5494 3712 5550 sibi

2140 5639 2330 5709 Itaque
2353 5638 2596 5693 nonnulli
2633 5635 3173 5709 commodeifcbulam
3218 5632 3286 5688 ad
3325 5632 3594 5709 veritatem
3625 5644 3708 5709 ξο-

2138 5698 2404 5781 υοοᾶηιεε,
2437 5719 2531 5763 aut
2558 5725 2689 5781 yero
2733 5711 2850 5781 ipso
2889 5698 3258 5769 defendentes,
3289 5710 3513 5770 scuram
3544 5701 3596 5754 la
3624 5698 3713 5768 (a-

2140 5781 2219 5836 ble
2249 5780 2348 5852 par
2378 5780 2434 5833 la
2461 5778 2641 5833 rérité.
