4154 6432
466 355 569 412 HT.

1097 356 1373 413 EUSE-Bll
1411 356 1891 412 CIE'SAlllENSlS
1928 354 2078 411 OPP.
2122 354 2300 409 PARS
2342 352 2406 408 ll.
2452 385 2521 394 —
2555 354 3061 412 APOLOGETICA.

3620 357 3725 414 ιιι

461 471 854 540 colendamque
880 479 1227 540 putaverunt.
1250 476 1318 526 At
1346 471 1439 541 qui
1471 472 1690 526 eosdem
1715 479 1871 525 aetate
1901 485 2020 539 pra.»

2141 469 2416 532 ὑπονοίαις
2435 467 2783 539 δηλούμενον,
2812 469 2921 521 εἴτε
2957 469 3111 532 ἐκτὸς
3144 470 3325 541 πάσης
3351 469 3604 532 ὑπονοίας
3633 468 3722 521 λε’

460 572 776 627 cesscrant,
833 563 1117 617 brutorum
1186 563 1501 617 animalium
1565 561 2033 616 consecrationem

459 654 654 723 aequali
685 655 846 724 plane
875 670 999 709 cum
1033 655 1314 709 hominum
1355 654 1597 723 ipsorum
1639 654 1922 723 apotheosi
1953 653 2034 707 di-

462 744 682 812 gnitatis
718 743 843 813 jure
870 759 992 798 esse
1022 743 1345 810 voluerunt,
1397 744 1591 812 partim
1630 758 1695 797 ea
1721 785 1737 809 ,
1771 758 1936 814 quam
1967 756 2033 796 ex

461 834 591 904 ipsis
616 834 921 905 capiebant,
957 835 1203 898 utilitate,
1257 835 1452 905 partim
1484 845 1804 889 caeterarum
1837 849 2036 889 eausa-

457 942 602 990 rum,
635 942 774 996 quas
803 936 928 981 ante
955 927 1303 996 protulimus,
1352 927 1744 998 conjunctione
1776 927 2030 996 permoti.

456 1017 642 1089 Itaque
661 1059 676 1084 ,
701 1034 859 1089 pares
886 1019 1108 1073 omnino
1139 1018 1439 1087 pecudibus
1481 1020 1692 1074 ratione
1719 1018 2031 1073 carentibus

455 1108 848 1176 superstitiosa:
889 1107 1256 1163 venerationis
1312 1107 1552 1163 honores
1597 1108 1770 1163 sacris
1822 1107 2032 1178 legibus

455 1199 529 1252 ita
563 1207 822 1263 statuere,
875 1207 937 1253 ut
963 1198 1341 1263 libationibus,
1397 1199 1703 1265 sacrificiis,
1737 1208 1793 1254 et
1817 1198 2032 1254 arcanis

455 1288 705 1343 initiandi
754 1288 988 1355 ritibus,
1041 1289 1261 1360 hymnis
1302 1289 1539 1359 denique
1582 1299 1636 1344 et
1675 1289 2032 1354 carminibus,

455 1381 678 1451 perinde
699 1390 862 1451 atque
883 1381 1168 1436 hominum
1192 1383 1456 1452 ipsorum,
1479 1382 1681 1453 quibus
1696 1382 2032 1437 divinitatem

2140 577 2312 632 γοετο·
2361 563 2449 615 ὅτε
2499 562 2555 615 δὲ
2599 564 2726 626 τοὺς
2774 562 2971 633 νόμους
3017 563 3423 633 ὑποκορίζεται,
3474 562 3570 616 καὶ
3612 562 3727 615 δεῖν

2143 672 2274 726 φησι
2319 657 2430 718 τοῖς
2480 654 2610 724 περὶ
2660 653 2797 707 θεῶν
2854 654 3042 724 μύθοις
3097 654 3393 716 πιστεύειν,
3425 653 3500 716 ὡς
3559 652 3724 723 μηδὲν

2143 747 2355 816 ἔχουσιν
2402 747 2459 798 ἐν
2503 746 2780 809 ὑπονοίαις
2818 745 2875 811 ἐξ
2906 745 3083 798 αὐτῶν
3127 744 3626 814 δηλούμενον.Ἥδη
3664 742 3723 796 δέ

2140 855 2269 890 ποτε
2302 837 2411 890 τῶν
2444 836 2692 890 παλαιῶν
2721 836 2905 906 μόθων
2926 836 3026 907 τὴν
3053 836 3259 888 οἰκείαν
3289 835 3568 902 θεολογίαν
3591 836 3724 904 ἀφο-

2140 930 2316 1002 ρίσας,
2340 928 2466 1000 περί
2495 945 2555 981 τε
2582 927 2837 998 οὐρανοῦ,
2877 928 2970 982 καὶ
3004 924 3178 991 ἡλίου,
3208 928 3300 980 καὶ
3337 926 3587 999 σελήνης,
3626 928 3720 980 καὶ

2136 1017 2372 1089 ἄστρων,
2407 1018 2503 1071 καὶ
2525 1018 2605 1071 ἔτι
2627 1018 2757 1089 περὶ
2782 1016 2875 1069 τοῦ
2899 1016 3213 1086 σύμπαντος
3238 1016 3469 1086 κόσμου,
3497 1016 3592 1067 καὶ
3612 1015 3721 1066 τῶν

2136 1107 2324 1160 τούτου
2354 1108 2538 1179 μερῶν
2558 1106 2977 1177 κεχωρισμένως
3004 1106 3426 1176 φυσιολογήσας,
3452 1105 3595 1167 ἰδίως
3624 1105 3723 1157 πά-

2137 1197 2222 1251 λιν
2251 1199 2345 1252 καὶ
2373 1200 2771 1271 ἀφωρισμένως
2799 1197 2929 1269 περὶ
2959 1197 3066 1251 τῶν
3106 1198 3273 1252 πάλαι
3299 1195 3720 1266 γενεαλογηθέν-

2138 1305 2246 1342 των
2278 1289 2438 1355 θεῶν,
2465 1284 2568 1344 ὧδέ
2609 1308 2726 1356 πως
2770 1292 2954 1354 αὑτοῖς
3000 1293 3240 1362 ῥήμασιν
3288 1292 3347 1343 ὲν
3397 1288 3475 1359 τῷ
3508 1289 3723 1357 Τιμαίῳ

2139 1382 2408 1447 διέξεισιν.

451 1474 735 1540 dederunt,
763 1489 953 1528 earum
978 1475 1146 1530 cultui
1173 1476 1512 1545 majestatem
1530 1474 2163 1530 conciliarent.’l‘andem
2200 1490 2269 1531 eo
2304 1474 2637 1546 ﬂagitiorum
2659 1476 2948 1541 devenere,
2980 1486 3040 1531 ut
3086 1475 3371 1547 impotenti
3404 1474 3719 1530 foedissima:

452 1568 692 1623 libidinis
723 1576 858 1624 restu
886 1569 1166 1636 concitati,
1215 1578 1398 1639 partes
1430 1570 1596 1623 etiam
1636 1569 1882 1637 corporis
1921 1569 2315 1639 turpitudinem
2342 1585 2408 1627 ac
2447 1587 2697 1626 venerem
2735 1573 2965 1638 cientes,
3014 1572 3274 1641 dirasque
3322 1587 3386 1626 ac
3430 1580 3716 1641 protervas

451 1659 733 1713 hominum
769 1659 1095 1729 cupiditates
1136 1660 1337 1715 divinis
1380 1660 1541 1730 plane
1587 1660 1888 1714 honoribus
1918 1641 2402 1731 prosequerentur,
2454 1677 2578 1716 cum
2624 1662 2678 1716 in
2728 1662 3000 1733 ejusmodi
3029 1663 3194 1719 rebus
3233 1664 3443 1718 nullum
3482 1662 3719 1732 (ιυωείιο

450 1751 809 1823 aﬂ'ectatoque
852 1754 1147 1809 verborum
1195 1754 1391 1825 pudori
1436 1770 1557 1810 esse
1609 1754 1790 1809 locum
1834 1763 2089 1825 oportere
2128 1757 2374 1826 praaclari
2414 1758 2651 1829 theologi
2693 1740 3080 1814 decrevissent.
3123 1758 3338 1814 Maneat
3370 1758 3534 1829 igitur
3568 1766 3718 1812 vete-

448 1864 574 1916 res,
603 1858 666 1904 ut
712 1849 849 1904 nihil
885 1859 1080 1919 prater
1111 1850 1312 1905 nudam
1358 1865 1540 1907 rerum
1588 1851 1870 1905 historiam
1910 1861 2193 1916 noverant,
2217 1853 2298 1906 sic
2326 1853 2395 1907 ad
2440 1852 2586 1922 ipsas
2626 1861 2839 1908 tantum
2880 1853 3095 1911 fabulas
3138 1870 3354 1925 semper
3395 1854 3712 1927 adhaesisse,

448 1941 636 1997 multis
705 1941 970 1997 hactenus
1034 1943 1363 1999 testimoniis
1410 1957 1532 1998 esse
1585 1944 2018 2014 comprobatum.
2081 1943 2188 2014 75
2257 1942 2362 1999 Sed
2410 1947 2669 2015 quoniam
2723 1946 2972 2017 speciosa
3032 1962 3253 2017 quoque
3315 1962 3380 2002 ac
3435 1947 3715 2003 recondita

448 2035 789 2106 egregiorum
834 2036 1281 2108 philosophorum
1313 2037 1567 2108 dogmata
1606 2037 1719 2109 jam
1771 2038 1939 2094 semel
1987 2039 2274 2109 explorare
2299 2041 2597 2110 coepimus,
2652 2057 2774 2111 age,
2823 2042 3046 2112 propius
3096 2044 3260 2098 etiam
3311 2043 3401 2098 illa
3462 2054 3714 2097 contem-

448 2133 684 2204 plemur,
730 2148 799 2189 ne
844 2133 1037 2188 saltem
1081 2133 1310 2189 eximias
1364 2149 1553 2189 eorum
1605 2134 2027 2205 philosophandi
2079 2136 2319 2191 rationes
2369 2136 2623 2206 ignorare
2655 2138 2959 2192 videamur.
3002 2137 3161 2195 Prius
3198 2148 3379 2194 tamen
3420 2156 3586 2210 quam
3619 2157 3715 2198 eas

451 2229 508 2284 in
554 2224 796 2280 medium
841 2224 1156 2295 at'feramus,
1203 2226 1425 2297 juverit,
1471 2227 1696 2297 opinor,
1742 2242 1907 2297 quam
1954 2228 2192 2297 graviter
2237 2231 2419 2299 magni
2463 2230 2552 2285 isti
2594 2231 2903 2301 philosophi
2939 2246 3047 2285 non
3089 2231 3253 2287 modo
3291 2248 3415 2287 cum
3448 2236 3570 2288 aliis
3610 2235 3714 2289 hoc

449 2317 506 2370 in
549 2330 771 2385 genere,
819 2318 911 2373 sed
958 2318 1120 2372 etiam
1168 2333 1353 2373 secum
1404 2318 1508 2386 ipsi
1553 2330 1813 2389 pugnent,
1854 2319 2163 2374 observare.
2212 2318 2346 2375 Nam
2396 2336 2520 2375 cum
2585 2323 2688 2377 hac
2752 2321 2806 2376 in
2870 2322 3207 2394 physiologia
3258 2325 3406 2377 nulla
3460 2324 3531 2379 sit
3571 2326 3714 2380 inter

447 2426 546 2467 eos
596 2412 990 2468 sententiarum
1039 2413 1467 2485 opinionumque
1521 2414 1864 2484 conjunctio,
1925 2414 2016 2468 alii
2077 2424 2275 2470 temere
2327 2431 2391 2472 ac
2454 2425 2615 2487 prout
2686 2431 2787 2472 sua
2857 2417 3057 2488 cuique
3118 2432 3274 2472 mens
3343 2419 3711 2487 suggesserit.

446 2521 562 2561 rem
618 2515 785 2563 totam
829 2508 1127 2577 definiunt;
1189 2509 1281 2564 alii
1330 2509 1573 2565 melioris
1642 2512 1828 2581 utique
1876 2508 2022 2575 ﬁdei,
2090 2510 2253 2566 simul
2286 2512 2539 2568 universa
2582 2513 2802 2576 tollunt,
2837 2529 2938 2568 nec
2999 2528 3063 2567 ea
3111 2513 3288 2567 solum
3328 2514 3547 2577 omnia,
3589 2530 3714 2583 qua:

446 2602 517 2659 de
548 2602 654 2659 diis
687 2613 835 2659 tanta
870 2619 995 2659 cum
1043 2605 1363 2677 indignitate
1395 2608 1691 2676 jactantur,
1740 2606 1834 2660 sed
1890 2621 2079 2661 eorum
2133 2622 2350 2678 quoque
2404 2608 2795 2678 explicationes
2841 2607 3153 2677 reipublicae
3201 2622 3316 2662 suae
3359 2606 3558 2660 finibus
3614 2606 3715 2675 eji.

446 2696 631 2765 ciunt;
694 2698 910 2753 tametsi
977 2715 1262 2771 pinnarum
1329 2701 1541 2773 legibus
1600 2702 2019 2756 constitutarum
2074 2713 2219 2757 metu
2288 2701 2485 2758 fabulis
2541 2703 2816 2758 interdum
2876 2703 3009 2773 ipsis
3062 2700 3713 2758 lenocinentur.Gr-.ecos

444 2805 575 2862 ergo
628 2792 984 2864 philosophos
1027 2795 1179 2862 audi,
1230 2796 1391 2851 unius
1439 2807 1622 2851 tamen
1673 2812 1769 2852 ore
1815 2797 2061 2852 omnium
2121 2799 2593 2867 praestantissimi,
2646 2797 2976 2867 easdemque
3034 2795 3249 2851 fabulas
3303 2797 3466 2851 modo
3516 2795 3713 2865 procul

446 2884 816 2950 amandantis,
849 2885 1010 2939 modo
1042 2895 1231 2941 contra
1262 2888 1505 2942 studiose
1547 2887 1853 2943 retinentis.
1905 2886 2059 2944 Plato
2123 2889 2211 2943 ille
2239 2899 2344 2957 est,
2385 2905 2548 2959 quem
2591 2897 2875 2957 tantopere
2919 2884 3249 2957 suspiciunt,
3281 2886 3376 2957 qui
3408 2887 3453 2941 si
3487 2887 3712 2956 quando

446 2993 600 3032 suam
653 2977 769 3048 ipse
812 2989 1048 3034 mentem
1095 2995 1159 3035 ac
1197 2995 1420 3036 sensum
1464 2982 1711 3052 aperiat,
1747 2990 1864 3037 tum
1908 2997 2038 3037 vero
2087 2982 2281 3053 majori
2332 2999 2457 3039 cum
2508 2982 2757 3037 libertate
2794 2996 3022 3052 prorsus
3051 2980 3358 3046 interdicit,
3387 2994 3498 3048 quo
3527 2979 3712 3033 minus

443 3085 507 3126 ea
536 3087 656 3142 quae
697 3088 727 3126 a
764 3073 1034 3129 veteribus
1074 3073 1357 3128 decantata
1389 3073 1519 3129 olim
1559 3072 1796 3139 fuerant,
1854 3074 1921 3129 de
1970 3075 2076 3130 diis
2117 3075 2169 3128 in
2212 3083 2489 3144 posterum
2538 3076 2877 3139 sentiantur;
2927 3073 3042 3128 sive
3084 3071 3464 3126 reconditioris
3502 3071 3710 3141 aliquid

443 3165 512 3221 iis
555 3166 827 3222 inclusum
881 3166 1065 3232 lateat,
1104 3168 1248 3237 quod
1293 3168 1583 3222 verborum
1648 3184 1712 3223 ac
1762 3169 2156 3223 sententiarum
2212 3168 2486 3239 allegoriis
2524 3168 2813 3234 indicetur,
2860 3167 2975 3222 sive
3033 3167 3221 3221 eadem
3273 3174 3427 3219 extra
3488 3177 3706 3217 onmem

442 3260 758 3331 allegoriam
818 3260 1155 3330 figuramque
1211 3261 1484 3316 dicantur.
1538 3258 1643 3316 Ubi
1691 3272 1873 3317 autem
1926 3262 1994 3317 ad
2048 3262 2196 3333 leges
2238 3278 2359 3318 sese
2388 3263 2800 3331 orationemque
2839 3275 2996 3315 suam
3031 3260 3195 3313 homo
3224 3256 3577 3313 meticulosus
3612 3270 3705 3309 ac-

442 3352 782 3412 commodat,
808 3348 969 3405 simul
992 3352 1213 3421 jactatis
1240 3353 1307 3408 de
1340 3362 1536 3407 natura
1578 3353 1807 3408 deorum
1847 3352 2045 3410 fabulis
2101 3353 2404 3409 habendam
2446 3368 2568 3409 esse
2610 3353 2771 3408 tidem
2803 3352 3150 3423 pronuntiat,
3185 3349 3386 3420 quippe
3410 3366 3532 3419 qua:
3570 3349 3706 3405 nihil

445 3461 539 3515 per
568 3459 688 3500 sese
720 3445 863 3502 aliud
889 3445 1186 3516 figurarum
1224 3447 1613 3518 integumentis
1646 3446 2011 3516 significatum
2054 3454 2461 3517 repraesentem.
2508 3444 2653 3500 Idem
2709 3454 2968 3516 prazterea
3013 3453 3365 3515 posteaquam
3398 3459 3553 3498 suam
3592 3444 3711 3513 ipse

445 3539 773 3609 theologiam
852 3539 922 3595 ab
990 3540 1341 3611 antiquarum
1412 3539 1722 3595 fabularum
1792 3541 2056 3596 societate
2112 3540 2549 3610 commerciaque
2588 3539 2848 3610 sejunxit,
2906 3539 3082 3609 deque
3137 3537 3297 3600 cmlo,
3366 3538 3502 3604 sole,
3551 3539 3703 3608 luna,

443 3631 736 3696 sideribus,
780 3630 892 3687 imo
936 3631 1003 3687 de
1040 3640 1153 3687 tota
1186 3632 1289 3688 bac
1339 3632 1714 3699 universitate,
1749 3648 1814 3689 ac
1851 3634 2080 3705 singulis
2112 3635 2234 3704 ejus
2289 3633 2531 3704 partibus
2574 3631 2805 3687 seorsim
2846 3628 3152 3702 pbysiolngi
3194 3643 3345 3682 more
3386 3628 3708 3698 disputavit,

446 3737 603 3778 suam
650 3723 847 3778 iterum
877 3724 944 3778 de
974 3724 1102 3789 diis,
1137 3739 1369 3793 quorum
1413 3723 1784 3795 genealogiam
1817 3735 2024 3781 veteres
2063 3726 2143 3780 illi
2185 3733 2492 3791 texuerant,
2529 3724 2843 3793 opinionem
2877 3723 2964 3778 his
3005 3719 3187 3776 verbis
3216 3720 3378 3790 plane
3411 3720 3703 3791 explicate-

448 3830 555 3885 que
594 3824 910 3886 conceptam
938 3815 991 3869 in
1020 3814 1217 3871 Tima'o
1244 3816 1606 3886 prosequitur.

1043 3904 1273 3962 CAPUT
1314 3905 1423 3961 VII.

2651 3905 3051 3960 ΚΕΦΑΛΑΙΟΝ
3090 3906 3166 3961 Z'.

2126 4000 2315 4065 Ὅπως
2339 4003 2371 4053 ό
2391 3997 2643 4053 Πλάτων
2668 3997 2797 4063 περί
2824 3994 2933 4063 τῆς
2956 3995 3075 4066 τῶν
3098 3996 3369 4052 παλαιῶν
3391 3995 3701 4066 θεολογίας

617 3997 759 4064 Quid
794 3998 859 4052 de
889 4007 1114 4053 veterum
1144 3995 1404 4068 theologia
1436 3996 1590 4052 Plato
1621 3998 1860 4052 senserit.

513 4155 625 4227 (98)
664 4174 684 4208 ε
711 4154 830 4211 Iam
866 4172 996 4212 vero
1035 4157 1103 4212 de
1138 4156 1381 4223 caeteris,
1424 4157 1623 4226 inquit,
1670 4155 2011 4212 daemonibus

441 4245 725 4313 disserere,
754 4254 849 4300 aut
882 4262 1073 4303 eorum
1105 4261 1269 4301 nosse
1295 4247 1755 4316 procreationem,
1789 4261 1897 4301 non
1929 4258 2012 4303 est

2766 4065 3066 4131 ἐδόξαζεν.

2191 4176 2208 4208 ι
2242 4158 2377 4229 Περὶ
2413 4157 2470 4210 δὲ
2497 4156 2605 4209 τῶν
2637 4156 2810 4211 ἄλλων
2853 4156 3124 4227 δαιμόνων
3153 4158 3345 4221 εἰπεῖν,
3378 4157 3470 4210 καὶ
3497 4154 3701 4223 γνῶναι

2117 4248 2215 4319 τὴν
2245 4247 2481 4315 γένεσιν,
2514 4246 2697 4317 μεῖζον
2731 4247 2764 4318 ἢ
2799 4247 2924 4301 καθ’
2945 4250 3094 4320 ἡμᾶς
3114 4268 3127 4280 ο
3159 4247 3472 4301 πιστευτέον
3498 4245 3556 4298 δὲ
3586 4247 3698 4306 τοῖς

442 4338 715 4394 facultatis
754 4339 1065 4410 viriumque
1108 4348 1439 4395 nostrarum.
1492 4338 1678 4409 Itaque
1715 4339 1874 4394 ﬁdem
1917 4340 2005 4407 iis,

2123 4339 2387 4410 εἰρηκόσιν
2436 4339 2765 4411 ἔμπροσθεν,
2806 4340 3059 4408 ὲκγόνοις
3095 4340 3191 4410 μὲν
3236 4337 3376 4391 θεῶν
3404 4333 3578 4401 οὖσιν,
3618 4336 3699 4397 ὡς

440 4430 533 4500 qui
566 4438 816 4484 naturam
852 4430 1067 4485 illorum
1106 4430 1219 4501 jam
1249 4430 1378 4485 olim
1409 4430 1781 4500 explicarunt,
1815 4429 2013 4485 habere

440 4538 544 4577 nos
576 4530 811 4593 oportet,
850 4522 959 4594 76
990 4523 1187 4592 quippe
1225 4523 1319 4591 qui
1350 4523 1580 4576 deorum
1626 4530 1850 4591 nepotes
1887 4536 2012 4575 cum

440 4614 667 4678 fuerint,
698 4620 757 4668 ut
792 4614 893 4683 ipsi
938 4613 1284 4677 confirmant,
1331 4628 1462 4667 suos
1503 4626 1723 4683 quoque
1779 4611 2015 4681 majores

441 4705 645 4775 optime
682 4704 957 4758 noverint.
998 4702 1065 4757 Et
1107 4719 1239 4759 sane
1275 4703 1390 4757 fieri
1432 4703 1582 4757 nullo
1616 4702 1779 4757 modo
1815 4711 2013 4773 potest,

441 4806 502 4851 ut
528 4795 755 4852 deorum
791 4795 979 4851 liberis
1020 4795 1154 4850 fides
1198 4804 1445 4866 negetur,
1478 4795 1532 4848 in
1577 4794 1645 4849 iis
1672 4795 1860 4860 etiam,
1893 4809 2015 4863 quae

440 4888 559 4943 sine
587 4887 695 4942 ulla
728 4885 1108 4942 verisimilium
1150 4893 1245 4939 aut
1267 4885 1703 4957 necessariarum
1730 4886 2014 4954 probatio-

441 4994 571 5033 num
593 4979 646 5033 vi
679 4987 844 5049 atque
869 4976 1196 5032 auctoritate
1224 4977 1443 5043 dicunt;
1472 4976 1566 5031 sed
1594 4976 1663 5031 iis
1692 4976 1875 5045 potius
1904 4984 2016 5029 tan-

440 5085 603 5142 quam
644 5071 940 5127 domestica
992 5068 1374 5132 referentibus,
1414 5068 1873 5139 quemadmodum
1930 5069 2014 5123 lex

442 5164 560 5232 ipsa
592 5163 764 5233 jubet,
795 5164 1020 5219 omnino
1065 5162 1392 5217 credendum
1421 5171 1524 5218 est.
1571 5160 1786 5217 Maneat
1828 5162 2011 5233 igitur,

439 5269 615 5324 eoque
644 5254 804 5325 plane
831 5255 994 5311 modo
1037 5261 1495 5311 commemoretur
1537 5271 1565 5309 a
1601 5254 1758 5311 nobis
1786 5255 2012 5310 deorum

441 5346 670 5399 istorum
711 5344 1024 5413 generatio,
1070 5360 1180 5415 quo
1237 5344 1383 5398 illam
1429 5344 1499 5398 ab
1557 5344 1749 5400 iisdem
1796 5345 2011 5416 accepi-

441 5451 584 5491 mus.
616 5432 694 5489 Ex
719 5432 887 5489 Terra
919 5437 1136 5506 quidem
1166 5452 1229 5491 ac
1254 5436 1406 5491 Caelo
1429 5434 1683 5491 Oceanus
1704 5434 2013 5507 Tethysque

439 5525 554 5582 nati
598 5534 756 5594 sunt;
807 5540 875 5581 ex
905 5526 992 5581 his
1027 5541 1153 5582 vero
1185 5527 1463 5599 Phorcys,
1499 5526 1806 5591 Saturnus,
1836 5527 2007 5592 Rhea,

438 5618 740 5683 ποριεῖ-ἰ,
779 5617 872 5689 qui
907 5617 975 5673 ad
1009 5627 1117 5673 tres
1160 5619 1282 5676 illos
1319 5621 1600 5691 aggregari
1644 5621 1844 5676 solent.
1885 5619 2007 5675 Jam

2114 4429 2342 4498 ἔφασαν,
2375 4433 2562 4499 σαφῶς
2611 4430 2669 4483 δὲ
2712 4431 2840 4493 τοὺς
2890 4431 3098 4482 ἑαυτῶν
3141 4428 3438 4499 προγόνους
3479 4425 3694 4479 εἰδόσιν.

2126 4523 2408 4576 Ἀδύνατον
2437 4520 2531 4576 οὖν
2583 4522 2721 4575 θεῶν
2775 4522 2961 4575 παισὶν
3016 4522 3283 4583 ἀπιστεῖν,
3318 4520 3522 4589 καίπερ
3567 4518 3694 4572 ἄνευ

2114 4615 2338 4667 εἰκότων
2363 4614 2458 4666 καὶ
2486 4613 2799 4682 ἀναγκαίων
2831 4611 3159 4677 ἀποδείξεων
3184 4610 3453 4678 λέγουσιν,
3486 4608 3600 4663 ἀλλ’
3620 4610 3696 4674 ὡς

2112 4704 2285 4756 οἰκεῖα
2332 4703 2643 4772 φασκόντων
2687 4701 3070 4770 ἀπαγγέλλειν,
3102 4700 3397 4770 ἑπομένους
3428 4698 3506 4770 τῷ
3546 4700 3695 4769 νόμῳ

2115 4792 2453 4847 πιστευτέον.
2485 4792 2672 4855 Οὕτως
2699 4787 2792 4844 οὖν
2825 4791 2946 4845 κατ’
2974 4790 3222 4853 ἐκείνους
3255 4790 3385 4859 ἡμῖν
3418 4791 3451 4859 ἡ
3481 4790 3692 4858 γένεσις
3716 4854 3735 4865 α

2114 4886 2243 4956 περὶ
2267 4882 2469 4938 τούτων
2493 4883 2602 4937 τῶν
2631 4882 2767 4937 θεῶν
2793 4881 2964 4953 ἐχέτω
2987 4883 3080 4936 καὶ
3100 4880 3360 4950 λεγέσθω,
3385 4881 3491 4951 Γῆς
3513 4897 3571 4933 τε
3596 4881 3691 4934 καὶ

2113 4973 2356 5047 Οὑρανοῦ
2388 4974 2575 5038 παῖδες
2597 4974 2844 5037 Ὠκεανὸς
2865 4974 2957 5027 καὶ
2987 4973 3169 5045 Τηθὺς
3209 4972 3524 5044 ἐγενέσθην
3570 4972 3692 5025 τούς

2112 5085 2219 5120 των
2261 5067 2319 5120 δὲ
2349 5064 2577 5137 Φόρκυς,
2612 5066 2817 5136 Κρόνος
2866 5081 2927 5118 τε
2972 5063 3066 5117 καὶ
3103 5063 3248 5127 Ῥέα,
3272 5063 3366 5117 καὶ
3403 5064 3516 5116 ὅσοι
3550 5062 3692 5134 μετά

2112 5157 2350 5210 τούτων·
2385 5159 2451 5210 ἐκ
2481 5156 2539 5208 δὲ
2568 5156 2775 5227 Κρόνου
2803 5173 2865 5209 τε
2900 5156 2995 5210 καὶ
3035 5155 3190 5218 Ῥέας
3231 5155 3560 5225 Ζείις,”Ηρα,
3596 5152 3693 5208 καὶ

2114 5249 2315 5311 πάντες
2349 5249 2506 5309 ὅσους
2538 5247 2694 5318 ῐσμεν
2727 5247 2934 5311 πάντας
2956 5246 3218 5317 ἀδελφοὺς
3246 5245 3570 5316 λεγομένους
3592 5245 3692 5300 αὑ-

2112 5340 2243 5404 τῶν,
2278 5339 2359 5392 ἔτι
2388 5356 2448 5393 τε
2477 5338 2681 5392 τούτων
2709 5340 2966 5409 ἐκγόνους
3009 5338 3221 5402 ἄλλους.
3253 5357 3272 5389 ι
3306 5337 3492 5392 Ταῦτά
3523 5353 3688 5408 φησιν

2111 5434 2141 5485 ὁ
2172 5432 2394 5486 Πλάτων
2436 5430 2723 5501 ἑπομένοις
2773 5430 2851 5502 τῷ
2882 5431 3033 5502 νόμῳ
3062 5430 3353 5485 πιστευτέα
3380 5426 3540 5494 εἶναι,
3567 5428 3689 5482 καί·

2114 5542 2221 5597 περ
2242 5526 2370 5580 ἄνευ
2410 5524 2635 5577 εἰκότων
2689 5524 2785 5578 καὶ
2815 5524 3128 5592 ἀναγκαίων
3168 5521 3498 5589 ἀποδείξεων
3535 5521 3686 5593 εἰρῆ-

2116 5615 2238 5670 σθαι
2293 5614 2433 5669 αὑτά
2480 5614 2842 5686 ὁμολογήσας.
2897 5616 3232 5689 Προσεκτέον
3278 5614 3356 5679 δὲ,
3403 5614 3477 5677 ὡς
3535 5612 3688 5666 οὐδὲν

507 5730 622 5805 (98)
663 5729 763 5788 Hic
793 5731 934 5789 idem
968 5732 1121 5789 locus
1150 5732 1287 5790 infra
1314 5735 1591 5803 citabitur,
1630 5736 1724 5792 ubi
1755 5734 2001 5793 Platonis
2042 5748 2258 5794 errores
2293 5733 2543 5804 pluribus
2573 5741 2957 5807 exponentura
