4154 6426
438 396 543 453 MS

1600 387 1925 443 PRJSPAR.
1968 384 2224 441 EV’ANG.
2263 384 2393 440 LIB.
2438 382 2502 438 ll.

3597 387 3701 443 Mli

436 512 579 582 ἔχειν
606 511 915 583 ἀπόρρητον
943 510 1042 573 τάς
1062 509 1170 563 τῶν
1200 508 1335 563 θεῶν
1358 507 1421 579 δὴ
1444 506 1814 579 προσηγορίας
1835 523 1894 559 τε
1924 507 2018 559 καὶ

2121 504 2394 560 Saturnus
2440 519 2505 559 ex
2556 501 2706 556 Rhea
2754 501 2940 557 Jovem
2988 501 3368 574 Iunonemque
3434 508 3698 574 suscepit,

434 602 779 672 γενεαλογίας
837 606 895 655 ἐν
941 601 1309 672 φυσιολογίαις
1365 599 1691 670 δηλούμενον
1738 600 2014 671 ἐμφαίνει.

435 692 600 759 Αὖθις
630 695 674 748 δ’
706 697 764 750 ἐν
794 694 1002 767 ἐτέροις
1031 696 1060 747 6
1086 693 1269 756 αὑτὸς,
1306 694 1403 763 τὴν
1436 693 1648 750 οἰκείαν
1688 691 2017 765 ἀπογυμνῶν

435 788 789 858 προαίρεσιν,
839 787 1002 840 πάλιν
1053 786 1265 848 τούτοις
1308 784 1573 856 κέχρηται
1621 787 1733 847 τοῖς
1784 786 2014 855 ῥήμασι·

442 897 459 929 ι
492 878 600 950 (99)
629 878 850 950 Πρῶτον
884 878 1002 949 μὲν,
1037 873 1104 948 ἦν
1136 876 1181 929 δ’
1208 875 1339 945 ἐγὼ,
1367 876 1429 929 τὸ
1465 876 1719 946 μέγιστον
1754 876 1847 929 καὶ
1892 875 2019 946 περὶ

433 968 540 1021 τῶν
569 968 841 1038 μεγίστων
862 967 1056 1037 ψεῦδος
1078 968 1106 1019 ὁ
1127 965 1295 1020 εἰπὼν
1326 966 1387 1019 οὑ
1414 966 1594 1029 καλῶς
1619 965 1886 1034 ἐψεύσατο
1903 984 1914 995 ·
1943 966 2019 1030 ὼς

436 1056 678 1128 υὺρανός
729 1074 790 1110 τε
841 1058 1154 1128 εἰργάσατο,
1190 1056 1227 1111 ἃ
1259 1074 1392 1128 φησι
1423 1057 1618 1125 δρᾶσαι
1644 1056 1805 1111 αὑτὸν
1840 1057 2019 1111 Ἠσίο-

433 1147 541 1211 δος,
583 1148 613 1201 ὅ
655 1164 715 1200 τε
746 1144 814 1201 αὖ
848 1148 1075 1219 Κρόνος,
1110 1147 1185 1212 ὡς
1217 1149 1596 1219 ἐτιμωρήσατο
1628 1149 1807 1204 αὑτόν.
1841 1150 1905 1202 Τί
1934 1151 2021 1205 δαὶ

433 1237 497 1308 δὴ
529 1238 604 1309 (l)
634 1238 703 1292 τὰ
731 1236 825 1292 τοῦ
859 1239 1069 1310 Κρόνου
1095 1238 1235 1311 ἔργα
1263 1240 1354 1292 καὶ
1384 1240 1527 1309 πάθη
1557 1240 1662 1294 ὑπὸ
1699 1239 1793 1293 τοῦ
1822 1242 1973 1305 υίέος
2000 1260 2015 1308 ;

432 1329 541 1381 οὑδ’
559 1328 623 1383 ἂν
648 1331 695 1382 εἰ
725 1325 793 1401 ἢν
821 1330 1015 1402 ἀληθῆ,
1050 1329 1208 1402 ᾤμην
1234 1330 1342 1383 δεῖν
1374 1330 1573 1401 ῥαδίως
1601 1330 1854 1400 λέγεσθαι
1880 1332 2022 1388 οὑτω

436 1417 572 1489 πρὸς
608 1419 849 1491 ἄφρονάς
875 1436 933 1473 τε
966 1419 1062 1473 καὶ
1094 1421 1249 1484 νέους
1268 1437 1281 1451 ’
1312 1421 1448 1475 ἀλλὰ
1479 1422 1713 1493 μάλιστα
1743 1424 1841 1494 μὲν
1870 1425 2023 1493 σιγᾶ-

435 1508 593 1562 σθαι’
648 1513 696 1564 εἰ
747 1510 791 1564 δ’
820 1511 1034 1582 ἀνάγκη
1087 1528 1172 1576 τις
1222 1506 1290 1583 ἦν
1338 1511 1536 1582 λέγειν,
1593 1512 1662 1565 δι’
1695 1514 2022 1586 ἀπορρήτων

433 1602 653 1658 ἀκούειν
680 1603 758 1667 ὡς
785 1603 1111 1673 ὀλιγίστους,
1136 1603 1479 1675 θυσαμένους
1501 1605 1562 1657 οὑ
1588 1608 1789 1676 χοῖρον,
1816 1607 1951 1661 ἀλλά
1970 1624 2024 1660 τι

434 1696 577 1766 μέγα
600 1696 1023 1769 καὶάπόρρητον
1045 1695 1147 1767 (1⁸)
1177 1695 1345 1767 θῦμα,
1364 1698 1511 1760 ὅπως
1533 1697 1599 1752 ἂν
1629 1698 1931 1769 ἐλαχίστοις
1948 1700 2022 1771 (2)

435 1786 630 1857 συνέϐη
678 1784 929 1839 ἀκοῦσαι.
962 1785 1075 1838 Καὶ
1102 1784 1235 1856 γὰρ,
1266 1780 1349 1855 ἧδ’
1380 1785 1440 1850 ὃς
1470 1786 1569 1856 (5),
1620 1782 1766 1841 οὗτοι
1796 1789 1846 1841 οἰ
1876 1788 2022 1857 λόγοι

432 1879 496 1951 δὴ
525 1879 770 1951 χαλεποί.
809 1879 920 1931 Καὶ
947 1879 1011 1932 οὑ
1045 1878 1255 1932 λεκτέοι
1289 1879 1366 1949 (ι)
1395 1896 1481 1948 γε,
1514 1874 1560 1933 ὣ
1595 1881 1928 1951 Ἀδείμαντε,
1961 1885 2022 1937 ἐν
2054 1860 2097 1914 Β

432 1974 499 2041 τῇ
543 1970 788 2041 ἡμετέρᾳ
833 1969 986 2023 πόλει
1004 1987 1019 2001 ·
1051 1970 1174 2023 οὑδὲ
1202 1970 1379 2024 δοτέον
1408 1970 1484 2041 (5)
1515 1972 1621 2042 νέῳ
1648 1972 1917 2037 ἀκούοντι,
1945 1973 2020 2037 ὡς

434 2061 632 2113 ἀδικῶν
649 2062 720 2113 τὰ
738 2060 942 2129 ἐσχατά
955 2077 1041 2128 γε,
1060 2059 1167 2114 οὐδ’
1188 2060 1287 2130 (5')
1319 2059 1384 2114 ἂν
1414 2059 1724 2132 θαυμαστὸν
1753 2067 1898 2116 ποιοῖ
1921 2064 2018 2135 (6),

433 2151 543 2204 οὐδ’
579 2145 647 2204 αὖ
699 2150 985 2205 ἀδικοῦντα
1033 2151 1247 2222 πατέρα
1293 2152 1534 2217 κολάζων
1590 2154 1752 2208 παντὶ
1797 2155 2015 2226 τρόπῳ·

435 2237 570 2292 ἀλλὰ
608 2237 756 2309 δρῴη
805 2237 893 2301 ἂν,
923 2239 1059 2309 ὅπερ
1104 2236 1241 2290 θεῶν
1288 2240 1335 2291 οἰ
1386 2238 1595 2309 πρῶτοί
1621 2256 1681 2292 τε
1718 2240 1812 2293 καὶ
1856 2238 2018 2310 μέγι-

440 2343 553 2381 στοι
586 2326 822 2398 (7).Οὑδὲ
846 2326 994 2396 αὑτῷ
1022 2343 1112 2396 μοι
1136 2325 1287 2379 δοκεῖ
1328 2326 1605 2399 ἐπιτήδεια
1639 2325 1779 2381 εἶναι
1817 2329 2015 2397 λέγειν.

437 2415 570 2470 Οὑδέ
593 2431 676 2484 γε,
706 2411 773 2485 ἦν
807 2414 851 2468 δ’
883 2411 1014 2482 ἐγὼ,
1048 2413 1110 2466 τὸ
1146 2415 1428 2487 παράπαν,
1456 2416 1532 2480 ὡς
1554 2416 1667 2470 θεοὶ
1692 2417 1833 2482 θεοῖς
1859 2418 2018 2472 πολε-

440 2504 617 2575 μοῦσι,
646 2507 740 2557 καὶ
768 2502 1211 2568 ἐπιϐουλεύουσι,
1262 2506 1357 2559 καὶ
1390 2505 1688 2577 μάχονται·
1738 2506 1862 2561 οὔτε
1908 2509 2017 2581 γὰρ

434 2597 629 2667 ἀληθῆ,
653 2597 707 2650 εί
726 2613 788 2665 γε
815 2597 897 2650 δεῖ
922 2598 1053 2667 ἡμῖν
1080 2597 1209 2661 τοὺς
1233 2598 1524 2670 μέλλοντας
1550 2600 1650 2672 τὴν
1671 2599 1824 2653 πόλιν
1850 2600 2020 2670 φυλά-

434 2688 564 2753 ξειν,
597 2687 873 2758 αἴσχιστον
897 2689 1138 2759 νομίζειν
1167 2689 1228 2742 τὸ
1261 2689 1457 2762 ῥᾳδίως
1496 2691 1748 2763 ἀλλήλοις
1778 2692 2019 2764 ἀπεχθά-

431 2778 644 2832 νεσθαι’
677 2778 872 2831 πολλοῦ
903 2779 984 2832 δεῖ
1022 2780 1453 2851 γιγαντομαχίας
1505 2782 1896 2855 μυθολογητέον
1922 2786 2019 2837 αὑ-

431 2874 565 2934 τοῖς,
610 2872 705 2924 καὶ
743 2872 995 2936 ποικίλας
1034 2873 1236 2945 ἔχθρας
1269 2875 1363 2927 καὶ
1392 2874 1743 2939 παντοδαπὰς
1772 2876 1910 2930 θεῶν
1957 2893 2017 2929 τε

434 2965 529 3016 καὶ
560 2962 755 3033 ἡρώων
808 2964 945 3034 πρὸς
1001 2967 1281 3033 συγγενεῖς
1311 2983 1372 3018 τε
1417 2966 1511 3019 καὶ
1552 2967 1784 3030 οἰκείους
1818 2965 2015 3019 αὑτῶν.

450 3054 590 3108 Ἀλλ’
625 3054 678 3107 εί
707 3073 823 3118 πως
852 3055 1140 3126 μέλλοιμεν
1170 3056 1410 3121 πείσειν,
1450 3056 1527 3119 ὡς
1572 3058 1750 3121 οὑδεὶς
1799 3055 2018 3110 πώποτε

437 3146 663 3219 πολίτης
692 3145 880 3217 ἕτερος
912 3147 1083 3219 ἑτέρῳ
1098 3147 1396 3218 ἀπήχθετο,
1420 3148 1530 3201 οὐδ’
1562 3148 1641 3201 ἔτι
1672 3148 1827 3202 τοῦτο
1850 3149 2016 3217 ὅσιον,

2120 610 2245 649 cum
2272 592 2498 663 reliquis
2524 594 2799 658 omnibus,
2828 609 2971 664 quos
2997 595 3283 650 amborum
3310 594 3509 652 fratres
3540 598 3704 666 vulgo

2121 687 2396 742 recenseri
2440 686 2729 751 novimus;
2775 686 2958 754 itaque
2986 685 3240 755 deinceps
3278 687 3474 757 reliqui
3506 702 3699 743 eorum

2121 778 2325 848 posteri
2361 786 2740 833 numerantur.
2771 795 2790 829 ι
2844 764 2970 831 Haec
3013 785 3162 841 sunt,
3206 778 3406 848 quibus
3431 778 3586 833 Plato
3636 796 3699 832 ex

2122 870 2338 941 placitis
2404 871 2751 941 decretisque
2817 868 2997 940 legum
3050 869 3209 925 fidem
3272 871 3473 927 habere
3519 873 3695 942 jubet,

2123 962 2342 1016 tametsi
2381 977 2445 1017 ea
2485 962 2652 1018 nullis
2690 969 2786 1018 aut
2826 961 3260 1015 necessariorum
3305 972 3400 1018 aut
3436 964 3697 1033 probabi-

2121 1053 2255 1109 lium
2286 1062 2731 1122 argumentorum
2759 1055 3049 1109 momentis
3076 1053 3177 1107 niti
3216 1052 3466 1109 fateatur.
3506 1054 3560 1109 In
3589 1070 3699 1125 quo

2124 1145 2424 1201 notandum
2473 1144 2606 1199 illud
2640 1145 2697 1200 in
2736 1146 2952 1215 primis,
2994 1145 3141 1216 quod
3182 1145 3314 1199 nihil
3359 1146 3584 1200 omnino
3615 1163 3701 1201 re-

2122 1235 2326 1291 conditi
2375 1236 2429 1289 in
2474 1235 2576 1291 ista
2619 1234 2965 1305 egregiorum
3002 1235 3293 1289 numinum
3333 1235 3419 1290 vel
3460 1236 3700 1304 appella-

2122 1327 2288 1392 tione,
2324 1326 2408 1381 vel
2448 1326 2666 1396 generis
2704 1327 2844 1381 serie
2884 1326 3173 1393 contineri,
3228 1326 3373 1395 quod
3418 1326 3697 1396 physiolo—

2120 1417 2223 1490 gia:
2256 1418 2556 1473 rationibus
2586 1418 2911 1487 explicetur,
2941 1420 3145 1474 diserte
3172 1418 3515 1488 pronuntiat.
3552 1417 3698 1473 Idem

2122 1524 2253 1565 vero
2292 1509 2421 1564 alibi
2459 1524 2614 1564 suam
2650 1511 2765 1579 ipse
2804 1519 3044 1565 mentem
3084 1510 3319 1580 ingenue
3362 1508 3701 1579 candideque

2125 1600 2394 1669 aperiens,
2430 1599 2505 1655 ita
2551 1601 2794 1671 loquitur
2836 1618 2899 1655 ιι
2929 1599 3069 1656 Tum
3095 1614 3219 1672 ego,
3264 1601 3319 1654 in
3361 1600 3574 1670 primis,
3619 1600 3703 1654 iu-

2125 1705 2314 1759 quam,
2359 1692 2658 1746 maximum
2707 1692 2839 1747 illud
2883 1706 2948 1747 ac
2986 1692 3052 1747 de
3082 1691 3337 1747 maximis
3364 1692 3528 1747 rebus
3555 1706 3703 1746 men-

2127 1783 2343 1838 dacium
2380 1784 2474 1854 qui
2504 1785 2735 1854 pr0tulit
2771 1783 3064 1851 Hesiodus,
3094 1799 3203 1839 non
3245 1784 3379 1840 satis
3408 1785 3703 1854 prudenter

2126 1874 2388 1930 mentitus
2414 1885 2518 1940 est,
2554 1875 2668 1931 sive
2689 1876 2817 1931 dum
2850 1891 2938 1940 ea,
2969 1862 3090 1944 quae
3120 1875 3579 1942 comminiscitur,
3614 1875 3700 1931 fa-

2126 1965 2316 2020 cinora
2334 1964 2487 2024 leo
2507 1966 2716 2030 tribuit,
2746 1966 2860 2022 sive
2881 1967 3010 2021 dum
3045 1981 3182 2038 quas
3207 1965 3478 2022 Saturnus
3505 1968 3575 2023 de
3602 1968 3696 2022 illo

2126 2067 2320 2123 poenas
2352 2058 2694 2127 expetiverit,
2738 2067 3151 2117 commemorat.
3186 2057 3322 2117 Nam
3367 2075 3490 2129 qua:
3518 2058 3703 2115 Satur-

2127 2161 2231 2201 nus
2270 2147 2408 2202 idem
2455 2149 2540 2203 vel
2579 2158 2922 2220 perpetrasse
2968 2150 3190 2218 dicitur,
3227 2153 3313 2206 vel
3356 2167 3386 2206 a
3426 2152 3539 2207 filio
3584 2167 3702 2221 per-

2127 2238 2338 2305 tulisse,
2383 2254 2448 2295 ea
2489 2255 2559 2295 ne
2591 2240 2635 2295 si
2662 2256 2790 2296 vera
2835 2240 3054 2311 quidem
3104 2250 3310 2310 essent,
3344 2251 3523 2298 tamen
3557 2242 3701 2313 apud

2126 2330 2376 2386 homines
2424 2331 2629 2386 nullius
2679 2331 2894 2387 consilii
2939 2346 3142 2403 eosque
3197 2333 3587 2395 adolescentes,
3643 2341 3702 2388 ut

2125 2421 2285 2477 facile
2323 2422 2460 2477 adeo
2492 2430 2803 2491 temereque
2842 2421 3200 2493 iactarentur,
3238 2438 3348 2479 non
3389 2425 3699 2494 probarem,

2125 2512 2220 2568 sed
2243 2512 2443 2583 potius,
2464 2521 2558 2568 aut
2579 2522 2640 2568 ut
2655 2512 2882 2569 omnino
2907 2513 3194 2568 silerentur
3220 2517 3455 2571 maxime
3477 2516 3698 2584 vellem;

2124 2611 2221 2656 aut
2263 2602 2310 2656 si
2355 2601 2575 2671 quando
2627 2600 2718 2655 illa
2762 2599 2997 2671 proferri
3046 2615 3269 2656 necesse
3314 2609 3482 2668 esset,
3510 2601 3699 2656 saltem

2124 2702 2185 2747 ut
2221 2703 2433 2749 secreto
2463 2701 2628 2762 atque
2668 2708 2697 2746 a
2728 2691 2919 2764 paucis
2959 2692 3299 2757 audirentur,
3327 2692 3419 2762 qui
3457 2708 3564 2747 non
3585 2692 3701 2761 jam

2123 2798 2373 2854 porcum,
2406 2783 2499 2838 sed
2530 2782 2787 2836 eximiam
2819 2780 3057 2850 aliquam
3101 2795 3392 2850 raramque
3423 2780 3699 2835 victimam

2126 2874 2519 2940 sacrificarent,
2562 2882 2625 2927 ut
2674 2873 2777 2927 hoc
2818 2881 2980 2941 pacto
3022 2858 3133 2925 non
3186 2869 3293 2924 nisi
3338 2870 3702 2940 paucissimos

2125 2965 2397 3037 ejusmodi
2437 2964 2783 3021 sermonibus
2825 2963 3090 3019 interesse
3132 2963 3488 3034 contingeret.
3535 2964 3698 3030 Sane,

2125 3052 2303 3123 inquit
2348 3054 2455 3119 ille,
2494 3067 2686 3124 graves
2727 3052 2871 3107 enim
2917 3067 2981 3106 ac
3011 3051 3328 3121 perniciosae
3356 3053 3552 3108 fabulae
3584 3055 3702 3109 ista:

2127 3154 2276 3200 sunt.
2328 3143 2463 3209 lmo,
2520 3159 2622 3199 nec
2681 3142 2952 3199 ullatenus
3003 3144 3271 3215 (inquam,
3315 3158 3349 3198 o
3393 3145 3700 3217 Adimante)

435 3236 662 3290 τοιαῦτα
714 3236 912 3307 μᾶλλον
949 3237 1144 3292 λεκτέα
1195 3237 1331 3312 πρὸς
1356 3238 1426 3291 τὰ
1466 3239 1652 3293 παιδία
1696 3240 1878 3305 εὐθὺς,
1926 3242 2019 3295 καί¹

2124 3243 2311 3290 nostra
2342 3234 2398 3289 in
2425 3235 2703 3305 republica
2739 3233 3039 3289 audiendas.
3079 3233 3189 3289 Nec
3215 3237 3360 3289 enim
3395 3234 3698 3303 ferendum,

436 3329 658 3401 γέρουσι
681 3330 777 3382 καὶ
802 3330 1005 3403 γραυσὶ
1036 3331 1131 3384 καὶ
1162 3330 1554 3403 πρεσϐυτέροις
1580 3332 1910 3403 γενομένοις,
1927 3333 2022 3387 καὶ

432 3420 562 3482 τοὺς
588 3419 820 3491 ποιητάς
844 3421 1011 3490 ἐγγὺς
1040 3422 1245 3474 τούτων
1282 3422 1656 3490 ἀναγκαστέον
1695 3422 2018 3491 λογοποιεῖν.

439 3510 618 3579 Ἥρας
640 3510 696 3563 δὲ
723 3511 956 3581 δεσμοὺς
984 3511 1089 3566 ὑπὸ
1108 3513 1231 3576 Διὸς
1250 3514 1346 3584 (8),
1381 3514 1477 3567 καὶ
1512 3514 1806 3583 Ἡφαίστου
1845 3514 2021 3587 ῥίψεις

439 3601 544 3653 ὑπὸ
570 3602 776 3672 πατρὸς
810 3602 1099 3673 μέλλοντος
1129 3607 1196 3675 τῇ
1241 3605 1406 3676 μητρὶ
1429 3605 1739 3678 τυπτομένῃ
1768 3605 2017 3677 ἀμύνειν,

438 3695 531 3749 καὶ
555 3695 870 3767 θεομαχίας,
895 3698 1026 3761 ὅσας
1065 3697 1306 3770 ’Όμηρος
1340 3698 1656 3770 πεποίηκεν,
1699 3699 1759 3752 οὑ
1787 3701 2021 3774 παραδε-

438 3786 595 3841 κτέον
616 3788 697 3849 είς
722 3786 821 3857 τὴν
849 3787 1021 3855 πόλιν,
1051 3787 1162 3841 οὔτ’
1212 3792 1270 3841 ἐν
1303 3790 1580 3854 ὑπονοίαις
1622 3792 2016 3863 πεποιημένας,

438 3877 550 3932 οὔτ’
596 3878 726 3932 ἄνευ
761 3878 1026 3932 ὑπονοιῶν
1055 3878 1154 3949 (9).
1195 3898 1213 3931 ι
1279 3880 1474 3949 Σαφῶς
1517 3881 1579 3953 δὴ
1625 3882 1713 3936 διὰ
1741 3882 1944 3936 τούτων
1990 3885 2020 3936 ό

438 3970 727 4040 φιλόσοφος
768 3971 863 4025 καὶ
902 3970 1030 4035 τοὺς
1066 3971 1175 4024 τῶν
1218 3972 1461 4026 παλαιῶν
1495 3971 1693 4043 μύθους
1721 3973 1846 4038 τοὺς
1891 3974 2019 4047 περ)⁵

440 4059 601 4123 θεῶν,
631 4062 723 4114 καὶ
756 4060 855 4128 τὰς
880 4062 988 4116 τῶν
1018 4060 1203 4135 μύθων
1234 4064 1291 4115 ἐν
1330 4063 1607 4126 ὑπονοίαις
1638 4063 1891 4135 εἰρῆσθαι
1931 4081 2019 4118 νο-

440 4150 739 4221 μιζομένας
760 4151 1105 4221 φυσιολογίας
1144 4151 1517 4223 παραιτητέας
1557 4148 1696 4205 εἶναι
1738 4152 2011 4207 διδάσκει·

437 4241 516 4305 ὡς
540 4242 731 4312 μηκέτ’
762 4242 972 4311 ἀλόγως
999 4244 1130 4314 ἡμῖν
1163 4243 1259 4295 καὶ
1279 4241 1379 4314 τὴν
1411 4244 1476 4294 ἐκ
1507 4240 1712 4295 τούτων
1734 4242 2018 4313 ἀναχώρη-

441 4350 525 4385 σιν
546 4334 648 4406 τὴν
679 4334 775 4388 τοῦ
804 4336 1058 4407 Σωτῆρος
1087 4335 1244 4407 ἡμῶν
1273 4333 1722 4403 εὐαγγελίζεσθαι
1763 4334 2018 4389 διδασκα-

437 4425 579 4490 λίαν,
603 4427 765 4480 ὁπότε
791 4428 885 4481 καὶ
911 4427 1047 4499 πρὸς
1064 4427 1173 4481 τῶν
1196 4428 1411 4481 οἰκείων
1444 4426 1831 4501 ἀποϐέϐληται.
1854 4428 2016 4483 Ὅθεν

2125 3334 2186 3381 ut
2222 3325 2421 3396 juvene
2453 3326 2639 3395 aliquo
2672 3334 2937 3395 praesente
2970 3326 3201 3389 dicatur,
3229 3325 3311 3381 vel
3344 3328 3439 3396 qui
3484 3329 3699 3382 teterri-

2121 3416 2228 3471 mis
2261 3416 2572 3486 quibusque
2605 3414 2904 3471 sceleribus
2940 3416 3180 3486 seipsum
3220 3415 3565 3487 obstringat,
3614 3418 3699 3473 vel

2122 3511 2217 3582 qui
2273 3520 2522 3581 acceptas
2586 3527 2616 3565 a
2670 3520 2825 3581 patre
2897 3510 3127 3580 injurias
3192 3511 3371 3565 modis
3439 3511 3698 3567 omnibus

2121 3604 2440 3672 ulciscatur,
2470 3620 2594 3659 eum
2638 3604 2773 3659 nihil
2808 3604 3099 3659 admodum
3135 3602 3422 3659 insolentis
3468 3618 3531 3659 ac
3568 3605 3696 3659 novi

2119 3706 2432 3767 perpetrare
2474 3739 2490 3765 ,
2535 3713 2658 3753 cum
2701 3714 2764 3754 ea
2794 3706 3005 3753 tantum
3062 3685 3285 3763 faciat,
3313 3712 3433 3767 quae
3480 3712 3510 3751 a
3552 3698 3699 3766 prin-

2119 3785 2334 3856 cipibus
2386 3790 2752 3860 maximisque
2816 3790 3047 3846 deorum
3108 3785 3253 3842 facta
3298 3803 3419 3844 esse
3462 3796 3692 3843 constet.

2120 3876 2257 3932 Tum
2306 3878 2437 3935 ille:
2475 3877 2743 3950 Equidem
2796 3880 2899 3935 ista
2939 3895 3158 3950 quoque
3202 3893 3427 3950 prorsus
3478 3878 3696 3948 indigna
3756 3905 3762 3911 ο

2119 3984 2336 4035 censeo,
2364 3986 2487 4041 qua:
2516 3972 2798 4027 hominum
2825 3973 3050 4027 auribus
3075 3973 3415 4027 occinantur.
3453 3969 3559 4041 77
3583 3967 3698 4041 Ego

2117 4079 2269 4133 vero,
2297 4067 2405 4121 Nec
2438 4066 2602 4131 illud,
2637 4067 2884 4137 inquam,
2913 4068 3024 4122 ullo
3066 4066 3229 4121 modo
3272 4064 3413 4121 fer‘re
3451 4079 3694 4133 possunt,

2118 4166 2179 4210 ut
2222 4166 2413 4211 mutua
2454 4157 2683 4213 deorum
2724 4157 2900 4221 bella,
2945 4157 3188 4221 insidiae,
3224 4155 3518 4227 praeliaque
3569 4171 3697 4209 nar-

2117 4255 2325 4313 rentur,
2354 4263 2478 4303 cum
2507 4250 2561 4304 id
2585 4266 2774 4305 verum
2798 4265 2920 4307 esse
2950 4258 3203 4319 nequeat,
3222 4249 3267 4303 si
3295 4249 3457 4303 modo
3473 4249 3695 4318 quiser-

2117 4337 2351 4394 vandam
2401 4340 2925 4410 custodiendamque
2961 4338 3350 4408 rempublicam
3384 4340 3693 4410 suscepturi

2119 4441 2268 4496 sunt,
2312 4444 2407 4485 eos
2448 4440 2669 4486 mutuas
2720 4431 3016 4501 facilesque
3051 4430 3278 4485 nimium
3323 4429 3694 4489 dissensiones

438 4515 615 4570 ἔπεισί
650 4534 741 4589 μοι
772 4518 866 4572 καὶ
895 4519 1024 4582 τοὺς
1056 4518 1315 4583 παλαιοὺς
1346 4516 1457 4571 τῶν
1490 4518 1774 4589 Ῥωμαίων
1807 4518 2017 4591 θαυμά-

2121 4533 2378 4596 tanquam
2448 4521 2778 4580 foedissimas
2830 4523 3033 4578 habere
3100 4521 3390 4592 oportebit.
3457 4520 3695 4578 Tantum

515 4654 627 4725 (99)
669 4653 848 4709 Locus
868 4664 959 4725 est
984 4669 1047 4725 ex
1075 4670 1114 4706 ιι
1142 4651 1465 4725 Βεχεριιὸίη
1499 4668 1555 4722 p.
1583 4652 1709 4725 429.

513 4722 588 4795 (l)
634 4725 694 4778 Τί
724 4725 819 4778 δαὶ
853 4724 949 4788 δή.
994 4723 1168 4795 Plato,
1204 4723 1285 4776 Τὰ
1311 4723 1367 4776 δὲ
1404 4722 1497 4795 δή,
1522 4724 1738 4778 melius.

512 4792 612 4865 (ιλ)
663 4796 1046 4863 Ἀπόρῤητον.
1086 4793 1168 4847 Ρι.
1202 4805 1258 4848 et
1289 4808 1415 4855 ms.,
1468 4792 1691 4863 ἄπορον,
1744 4802 1909 4865 recte,
1956 4796 2013 4850 ni

440 4864 619 4928 fallor,
669 4866 721 4920 id
768 4877 872 4929 est,
903 4880 1086 4918 raram
1126 4864 1393 4919 victimam
1429 4873 1725 4932 paratuque
1765 4864 2015 4933 di/ﬁct’lli-

440 4953 581 4991 mam
602 4953 619 5000 ;
639 4952 706 4989 ex
734 4950 846 5005 quo
875 4937 1038 4990 etiam
1070 4938 1276 5005 optime
1307 4934 1574 5002 sequitur,
1594 4949 1800 5003 paucos
1823 4936 2015 4990 admo-

438 5010 569 5062 dum
602 5007 706 5061 hnc
740 5005 1011 5061 sermonis
1040 5020 1212 5062 genus
1248 5002 1550 5059 audituros.

480 5022 569 5061 um
602 5020 706 5061 IIOC
740 5020 1011 5061 SBPmODIS
1040 5020 1212 5061 genus
1248 5020 1550 5059 auatturos.

519 5022 569 5059 m
602 5021 706 5061 nnc
740 5021 1011 5061 sermonis
1040 5021 1212 5074 genus
1248 5021 1550 5059 audituros.

515 5075 592 5144 (2)
635 5077 824 5141 Ὅπως
847 5073 925 5128 ἂν
953 5075 1123 5142 Max.
1165 5073 1375 5136 Melius,
1422 5089 1585 5144 quam
1628 5080 1690 5128 ut
1732 5071 1837 5144 PL,
1892 5074 1921 5126 ὅ
1961 5092 2013 5127 τι

436 5145 698 5269 amati).
742 5144 906 5200 Forte
947 5149 1263 5215 scripserat,
1298 5143 1453 5207 ὅπως
1482 5144 1550 5197 ἂν
1582 5144 1666 5197 ὅτι
1711 5143 2014 5213 ἐλαχίστοις

440 5235 555 5269 συν.
650 5233 706 5269 η.

440 5235 706 5273 συμοαιηο

533 5233 752 5355 ξ)αεῖῘὸ
803 5285 892 5351 ὅς.
955 5285 1033 5339 Ita
1082 5284 1431 5357 reposuimus
1478 5301 1546 5339 ex
1592 5282 1731 5339 Plat.
1782 5300 1882 5352 pro
1926 5280 2010 5357 ἧδ’

438 5357 586 5419 ὅσον,
617 5356 761 5423 quod
788 5357 1076 5426 perspicue
1108 5356 1428 5426 mendosum
1463 5364 1599 5426 erat.

500 5426 574 5497 (4)
609 5426 718 5479 Καὶ
732 5424 942 5481 milex.
958 5426 1035 5480 Ita
1048 5436 1193 5481 recte
1210 5424 1855 5497 distinguitPlLoquitur
1866 5425 2011 5497 enim

442 5494 714 5551 soCrates.
744 5497 856 5549 lmo
896 5497 1059 5564 etiam
1105 5496 1248 5567 apud
1296 5494 1436 5551 Plat.
1480 5495 1843 5564 interponitur
1874 5494 2011 5566 ἔφην

442 5576 568 5619 ante
592 5559 639 5618 ὧ
676 5564 880 5619 Ἀδείμ.

442 5576 568 5620 ante
592 5566 639 5618 ὦ
676 5566 880 5620 Ἀδείμ.

514 5584 880 5759 ἓΓΔοῗΞΞἙ·
906 5634 1010 5701 PL,
1030 5636 1268 5697 λεκτέον,
1291 5635 1432 5704 quod
1463 5634 1675 5690 facilius
1696 5644 1798 5698 est,
1825 5641 2013 5689 tamet-

573 5706 691 5759 τὲον
715 5708 920 5759 ουιίιηο
949 5723 1110 5759 sensu
1145 5707 1250 5759 dici
1278 5706 1532 5759 potuerit.

438 5709 486 5763 si
514 5706 691 5760 δοτέον
715 5708 920 5774 optimo
949 5723 1110 5764 sensu
1145 5707 1250 5760 dici
1278 5706 1532 5774 potuerit.

513 5776 571 5836 (3
596 5778 615 5844 ᾗ
658 5774 817 5831 Οὐδ’.
854 5774 1015 5831 Forte
1043 5777 1163 5833 οὑκ,
1189 5775 1348 5830 Ευιτ.

516 5849 605 5917 (6,.
630 5845 755 5902 llaec
798 5847 938 5917 apud
980 5847 1113 5901 Plat.
1157 5847 1239 5903 sic
1285 5847 1557 5919 leguntur,
1584 5847 1658 5912 ὡς
1689 5843 1888 5899 ἀδικῶν
1939 5843 2009 5899 τὰ

2116 4660 2339 4734 ἔσχατα,
2365 4661 2520 4717 οὐδὲν
2545 4659 2612 4715 ἂν
2634 4659 2948 4733 θαυμαστὸν
2974 4661 3136 4726 ποιοῖ,
3164 4673 3287 4732 qua:
3317 4659 3477 4716 lectio
3504 4660 3698 4729 purior

2116 4734 2349 4789 videtur.

2190 4802 2435 4875 (‘7)_Post
2470 4804 2715 4875 μέγιστοι
2735 4800 2900 4875 Plato
2954 4802 3027 4856 ita
3082 4799 3314 4857 scribit:
3349 4801 3425 4854 Οὐ
3472 4797 3555 4869 μὰ.
3604 4799 3695 4852 τὸν

2115 4870 2348 4945 Δία,’ἧδ’
2378 4870 2596 4945 ὃς,ὀὺδ“
2621 4872 2770 4945 αὑτῷ
2801 4890 2911 4945 μοι,
2947 4882 3052 4945 etc.

2187 4943 2261 5013 (8)
2289 4937 2623 5009 "I‘xd'Atdq.
2664 4937 2768 5007 PL",
2802 4937 2922 4995 ’ὑπὸ
2964 4941 3129 5004 υἱέος.
3193 4937 3406 5009 Jupiter
3441 4938 3694 5008 quidem.

2118 5010 2283 5071 Iliad.
2313 5015 2379 5079 0,
2403 5015 2489 5069 sui
2519 5023 2727 5067 tantum
2761 5013 3039 5066 meminit:

2153 5122 2169 5136 .
2191 5121 2204 5135 .
2228 5123 2241 5136 .
2283 5077 2859 5154 Heplxepalgdeopdr
2877 5082 3018 5154 ιηνζιι
3033 5081 3315 5154 χρύσεος
3330 5077 3648 5146 ἅρῤηκτον.

2117 5151 2279 5223 Forte
2303 5147 2375 5208 an
2405 5147 2629 5208 vanam
2682 5147 2902 5223 quoque
2926 5147 3183 5205 ‘J‘un'onis
3224 5147 3319 5201 ﬁlii
3361 5163 3525 5219 opera
3555 5165 3691 5205 usus

2114 5222 2300 5279 fuerit.

2186 5294 2263 5366 (9)
2303 5295 2485 5366 Ἄνευ
2509 5290 2828 5366 ὑποψιῶν,
2870 5288 3156 5366 Rationem
3190 5287 3686 5366 .subjungitPlatp,

2114 5357 2316 5418 sumini
2355 5361 3035 5434 philosophi__cogitatione
3060 5357 3433 5434 dignissimam
3462 5358 3551 5413 :'0
3579 5357 3650 5427 γά

2114 5379 2316 5418 summi
2355 5376 2661 5434 pmtosopm
2706 5376 3035 5431 cogitatione
3060 5376 3433 5482 utagmssnnam
3462 5377 3475 5412 :
3508 5376 3551 5413 υ
3579 5376 3689 5480 γαρ

2112 5434 2253 5496 νέος,
2281 5434 2480 5501 inquit,
2507 5433 2606 5502 οὑχ
2632 5425 2742 5502 οἷός
2789 5447 2847 5502 τε
2879 5429 3082 5502 κρίνειν
3115 5500 3122 5502 _
3150 5428 3211 5502 ,τί
3239 5445 3299 5502 τε
3328 5428 3572 5502 ὑπόνοια,
3595 5445 3665 5481 κα

2111 5504 2139 5556 ὃ
2166 5507 2250 5574 [μή
2267 5520 2280 5533 ·
2316 5496 2430 5574 axx
2458 5502 2494 5556 ἂ
2516 5496 2931 5574 ἀν’τηλικοῦτος
2958 5496 3032 5553 ὣν
3067 5498 3206 5574 λάϐῃ
3232 5501 3293 5574 ἐν
3322 5502 3447 5574 ταῖς
3471 5497 3683 5574 δόξας,

2112 5561 2439 5626 δυσέκνιπτά
2487 5589 2545 5624 τε
2593 5561 2684 5622 καί
2728 5568 3079 5639 ἀμετάστατα
3111 5561 3252 5637 φιλεῖ
3276 5561 3686 5639 γίγνεσθαιξΩν

2111 5642 2175 5713 δὴ
2207 5643 2300 5713 καὶ
2336 5641 2467 5706 ἴσως
2509 5641 2693 5713 ἕνεκα,
2729 5635 2857 5709 περὶ
2890 5639 3088 5713 παντὸς
3126 5635 3396 5713 ποιητέον,
3429 5635 3685 5713 ἀ-πριῦτα

2111 5706 2416 5835 ἀκούέυσιν,
2441 5713 2523 5764 ὅτι
2561 5706 2821 5764 κάλλιστα
2851 5706 3336 5782 μεμυθολογημένα
3393 5706 3687 5781 1796:699-

2111 5799 2208 5835 την
2276 5798 2472 5835 κουειν.

2109 5783 2208 5853 τὴν
2238 5781 2472 5835 ἀκούειν.
