4154 6416
451 367 554 422 M7
1087 370 1358 427 EUSEBII
1397 371 1879 429 CESARIENSIS
1916 372 2067 430 OPP.
2112 373 2294 429 PARS
2332 374 2396 432 ll.
2440 403 2509 415 ——
2545 374 3055 432 APULOGETICA.
3626 383 3723 440 ΗΞ

447 484 623 545 abest,
653 492 714 538 ut
744 483 814 538 iis
848 492 941 538 aut
989 483 1271 556 gigantum
1308 501 1519 558 pugnas
1549 489 1836 559 multiplici
1878 489 2004 544 fabu

2132 489 2265 555 ζειν,
2288 489 2409 542 τίνα
2441 490 2639 562 τρόπον
2665 491 2886 555 ἁπάσας
2912 491 3011 554 τάς
3074 491 3389 562 Ἑλληνικάς
3431 494 3557 568 περὶ
3585 496 3725 553 θεῶν

447 578 625 633 larum
658 577 920 633 varietate
947 594 1286 649 perspersas,
1314 589 1410 636 aut
1442 582 1577 636 alias
1602 584 1785 638 omnis
1814 584 2009 655 generi:

2136 583 2484 654 φυσιολογίας
2503 583 2737 648 ἀτόπους
2753 583 2920 648 ούσας
2950 586 3044 638 καὶ
3073 585 3392 654 ἀνωφελεῖς,
3438 586 3640 658 μᾶλλον
3665 587 3724 642 δὲ

447 669 785 735 inimicitias,
822 670 891 725 ab
917 671 1051 742 ipsis
1077 673 1184 727 diis
1219 681 1382 742 atque
1410 674 1670 729 heroibus
1694 690 1819 729 cum
1854 675 2009 729 aﬂini.

2140 677 2503 750 βεϐιασμένας
2532 676 2627 729 καὶ
2660 677 2995 741 ἀσυστάτους
3032 681 3469 750 κατανοήσαντες
3492 720 3507 743 ,
3538 681 3723 745 αύτοίς

447 762 552 815 bus
600 764 1034 833 necessariisque
1078 774 1259 835 gestas
1302 765 1579 821 inculcare
1624 767 1834 821 deceat.
1883 765 2009 833 Quir

2139 770 2330 843 μύθοις
2354 770 2451 839 τῆς
2481 768 2685 832 οἰκείας
2714 770 3089 842 περιέγραψαν
3122 770 3416 840 θεολογίας.
3438 774 3545 825 Καὶ
3566 774 3722 826 τοῦτο

447 853 581 917 imo,
624 853 669 907 si
702 862 940 909 mentem
1003 854 1143 909 hanc
1192 856 1401 911 nostris
1436 856 1752 913 hominibus
1804 858 2009 928 injicert

2134 865 2192 918 δέ
2233 881 2315 917 σοι
2343 862 2544 931 γνῶναι
2577 863 2842 935 πάρεστιν
2878 862 2987 915 ἀπὸ
3008 864 3105 933 τῆς
3130 865 3406 916 Διονυσίου
3441 863 3535 917 τοῦ
3575 863 3722 917 Ἀλι-

447 944 754 1011 cupiamus,
790 961 951 1000 nemo
988 955 1046 1000 ut
1080 961 1321 1016 unquam
1349 948 1484 1002 civis
1513 949 1833 1018 popularem
1864 966 2009 1005 suun

2135 953 2450 1025 καρνασέως
2497 952 2814 1023 Ῥωμαῖκῆς
2846 952 3247 1023 ἀρχαιολογίας.
3295 947 3465 1017 Οὗτος
3502 954 3611 1025 γὰρ
3660 955 3722 1009 ὲν

445 1037 575 1091 odio
612 1047 994 1108 prosequatur,
1046 1039 1263 1109 hocque
1288 1038 1441 1096 nefas
1483 1041 1586 1095 sibi
1638 1050 1698 1095 ut
1737 1057 1860 1097 esse
1902 1057 2009 1112 per-

2132 1045 2211 1115 τῷ
2234 1044 2491 1115 δευτέρῳ,
2517 1043 2585 1097 τά
2614 1043 2756 1097 κατά
2798 1045 3075 1116 Ῥωμύλον
3107 1045 3198 1098 τὸν
3229 1045 3444 1116 πρῶτον
3493 1047 3720 1118 κτίστην

444 1130 713 1184 suadeant
739 1150 751 1185 :
777 1131 949 1185 danda
986 1145 1151 1201 opera
1189 1130 1372 1198 fuerit,
1400 1141 1460 1186 ut
1489 1147 1615 1202 qua
1645 1133 1786 1188 hanc
1818 1133 1873 1188 in
1908 1148 2009 1188 retr

2131 1130 2460 1203 τῆςῬώμης
2483 1130 2733 1203 ἱστορῶν,
2755 1132 2825 1186 τά
2856 1150 2914 1185 τε
2944 1133 3078 1187 ἄλλα
3105 1132 3357 1197 διέξεισιν
3392 1134 3561 1188 αὐτοῦ
3583 1152 3717 1188 κατ-

443 1232 748 1292 opportuna
782 1224 1130 1290 videbuntur,
1165 1241 1228 1281 ea
1280 1241 1388 1281 non
1436 1226 1605 1281 modo
1649 1242 1811 1284 senes
1863 1236 2009 1297 atqui

2130 1222 2444 1295 ορθώματα,
2484 1223 2520 1278 ἆ
2551 1241 2611 1278 τε
2654 1224 2747 1278 καὶ
2776 1224 2844 1277 τά
2881 1225 3009 1297 περὶ
3040 1225 3206 1279 τῶνδε
3248 1226 3435 1281 -ωὖτον
3486 1228 3717 1298 γράφων

443 1329 617 1377 anus,
667 1316 875 1387 quique
925 1317 1063 1372 adeo
1102 1316 1217 1387 jam
1259 1326 1415 1373 atate
1460 1318 1789 1373 maturiores
1837 1326 2009 1381 erunt,

2130 1314 2221 1367 τὸν
2251 1314 2478 1385 τρόπον.

441 1406 627 1477 pueris
690 1409 885 1465 crebro
939 1420 1409 1480 commemorent;
1482 1427 1671 1467 verum
1750 1414 1914 1467 etiam
1981 1418 2044 1466 ut
2106 1418 2279 1479 poeta
2332 1408 2543 1464 similes
2592 1423 2809 1478 quoque
2867 1407 3084 1466 fabulas
3141 1411 3383 1468 scribere
3424 1422 3711 1486 cOgantur.

438 1495 577 1552 Nam
630 1498 829 1569 injecta
874 1500 1098 1571 quidem
1140 1500 1343 1555 Juuoni
1391 1516 1422 1557 a
1474 1502 1589 1557 tilio
1634 1502 1885 1568 vincula,
1931 1509 2026 1557 aut
2074 1498 2381 1555 Vulcanum
2422 1498 2756 1569 praecipitem
2806 1514 2836 1553 a
2874 1509 3032 1572 patre
3084 1508 3299 1569 actum,
3360 1506 3508 1574 quod
3564 1506 3713 1560 inﬂi-

437 1599 556 1647 ctas
593 1592 756 1647 matri
809 1593 999 1663 plagas
1031 1592 1359 1664 propulsare
1413 1602 1728 1660 conaretur,
1768 1601 1865 1647 aut
1908 1589 2183 1662 ejusmodi
2224 1590 2514 1645 numinum
2576 1582 2819 1661 pugnas,
2860 1592 3051 1661 quales
3109 1595 3270 1649 nobis
3314 1593 3583 1651 Homerus
3628 1595 3712 1651 l'a-

438 1682 679 1751 bulatur,
737 1698 831 1738 seu
879 1684 1112 1739 latentes
1172 1683 1439 1752 quosdam
1493 1682 1766 1753 allegoria
1828 1695 2026 1737 sensus
2087 1680 2439 1746 contineant,
2478 1695 2577 1735 seu
2606 1680 2814 1741 nullos,
2840 1682 3045 1738 aditum
3099 1696 3345 1740 nostram
3395 1689 3462 1742 ad
3492 1703 3713 1757 rempu-

436 1779 635 1834 blicam
664 1777 867 1833 habere
907 1791 1180 1846 nusquam
1222 1775 1419 1831 debere
1472 1775 1789 1845 pronuntio.
1817 1792 1836 1825 ι
1907 1772 2070 1830 Vides
2128 1774 2317 1844 utique
2356 1774 2560 1828 diserte
2602 1773 2961 1844 phi1050phus
2994 1790 3271 1847 quamque
3308 1779 3574 1849 explicate
3606 1780 3709 1835 do—

437 1884 580 1939 ceat,
611 1887 738 1927 cum
767 1873 1017 1941 vulgatus
1043 1870 1167 1926 illas
1200 1885 1230 1924 a
1274 1869 1551 1925 veteribus
1588 1869 1658 1924 de
1702 1869 1809 1925 diis
1851 1868 2093 1934 fabulas,
2128 1876 2241 1922 tum
2286 1866 2451 1922 etiam
2502 1880 2695 1920 omnes
2738 1865 2989 1935 cujusvis
3023 1868 3297 1941 allegoria
3321 1886 3537 1935 sensus,
3568 1888 3709 1943 quos

438 1971 506 2027 ad
562 1965 962 2041 physiologiam
1028 1963 1476 2019 accommodatus
1523 1976 1647 2019 esse
1704 1970 1937 2031 putant,
1985 1959 2201 2017 excludi
2270 1959 2484 2032 penitus
2540 1967 2704 2028 atque
2756 1960 2935 2014 arceri
2996 1970 3271 2031 oportere.
3336 1964 3706 2030 Quamobrem

439 2064 577 2118 nihil
611 2062 861 2134 profecto
886 2070 1066 2115 causa
1084 2064 1370 2128 est,quam
1394 2070 1493 2109 cur
1511 2070 1793 2127 perperam
1824 2065 1918 2112 aut
1940 2058 2214 2114 immerito
2249 2058 2411 2115 nobis
2445 2056 2675 2113 istorum
2710 2054 2956 2108 omnium
2978 2052 3178 2124 'fugam
3215 2056 3525 2125 evangelica
3580 2054 3709 2112 Ser-

435 2156 644 2212 vatoris
687 2154 863 2211 nostri
907 2153 1160 2209 doctrina
1209 2153 1537 2225 pracepisse
1576 2153 1853 2220 videatur;
1895 2166 2022 2207 cum
2054 2150 2243 2207 eadem
2289 2164 2321 2203 a
2359 2150 2476 2204 suis
2519 2163 2742 2219 quoque
2784 2149 2985 2219 rejecta
3031 2149 3257 2206 fuerint.
3301 2151 3379 2206 Ac
3415 2152 3559 2206 mihi
3582 2150 3701 2222 qui-

436 2252 562 2307 dem
593 2249 895 2320 priscorum
921 2245 1302 2302 Romanorum
1349 2247 1452 2302 hoc
1503 2249 1557 2301 in
1600 2261 1799 2318 genere
1834 2243 2149 2308 consilium,
2201 2242 2318 2297 ﬁeri
2368 2257 2479 2297 non
2538 2249 2741 2312 potest,
2772 2241 2906 2312 quin
2969 2256 3036 2296 eo
3088 2242 3312 2296 nomine
3356 2242 3710 2298 vehementer

436 2350 732 2421 probetur;
789 2347 883 2418 qui
935 2361 1061 2402 cum
1113 2344 1247 2402 satis
1294 2344 1657 2416 intelligerent
1710 2345 2018 2400 universam
2069 2342 2217 2397 illam
2268 2340 2323 2395 in
2364 2338 2564 2395 fabulis
2601 2339 2827 2394 deorum
2855 2338 3193 2409 explicandis
3229 2339 3545 2394 Gracorum
3578 2340 3707 2413 phy.

436 2443 723 2513 siologiam
758 2457 882 2498 cum
921 2440 1216 2496 absurdam
1259 2450 1423 2510 atque
1462 2438 1733 2507 inutilem,
1771 2449 1887 2494 tum
1933 2453 2060 2494 vero
2106 2445 2354 2493 coactam
2394 2436 2730 2506 minimeque
2781 2434 3013 2489 solidam
3053 2443 3107 2489 et
3144 2436 3511 2489 cohaerentem
3558 2452 3702 2502 esse,

435 2555 556 2595 eam
605 2536 769 2593 simul
816 2551 941 2591 cum
987 2534 1121 2605 ipsis
1157 2534 1322 2589 etiam
1366 2533 1568 2588 fabulis
1617 2534 1904 2605 theologia
1945 2546 2057 2587 sua
2102 2529 2305 2584 ﬁnibus
2346 2528 2640 2583 arcendam
2679 2542 2802 2584 esse
2849 2536 3177 2584 statuerunt.
3231 2526 3284 2583 Id
3315 2528 3463 2598 quod
3509 2529 3592 2583 vel
3638 2547 3707 2585 ex

437 2631 603 2686 unius
639 2628 884 2701 Dionysii
917 2626 1420 2683 Halicarnassensis
1467 2621 1545 2680 De
1588 2631 1808 2699 antiqua
1856 2637 2032 2679 rerum
2078 2626 2436 2684 Romanarum
2482 2625 2708 2683 historia
2776 2622 2933 2677 libris
2965 2619 3184 2677 auferre
3225 2633 3400 2692 potes.
3438 2623 3529 2677 Ille
3556 2624 3704 2678 enim

437 2724 714 2781 volumine
748 2724 931 2795 operis
963 2722 1223 2787 secundo,
1259 2722 1351 2777 ubi
1391 2740 1515 2796 qua
1561 2742 1591 2781 a
1621 2726 1857 2784 Romqu
1896 2722 2142 2799 principe
2182 2718 2349 2775 Urbis
2387 2718 2673 2775 conditore
2737 2724 2890 2788 gesta
2935 2714 3067 2779 sint,
3123 2724 3536 2779 commemorat,
3576 2730 3705 2771 cum

430 2820 543 2879 alia
587 2820 846 2890 pleraque
891 2817 1081 2875 laudat
1111 2816 1181 2872 ab
1206 2831 1273 2872 eo
1326 2819 1602 2889 sapienter
1639 2821 1909 2889 instituta,
1940 2830 2050 2876 tum
2108 2831 2231 2888 qua
2276 2814 2343 2870 ad
2388 2821 2701 2883 susceptam
2751 2811 2857 2867 hoc
2899 2810 3019 2865 loco
3079 2809 3503 2881 disputationem
3544 2810 3710 2882 perti-

433 2920 584 2977 nent,
617 2910 690 2966 ita
726 2910 1098 2981 prosequitur.

947 3003 1058 3075 78
1092 3003 1322 3063 CAPUT
1364 3004 1499 3062 VIII.

816 3094 895 3150 De
927 3095 1291 3154 Romanorum
1333 3100 1617 3172 theologia.

2652 2997 3049 3053 ΚΕΦΑΛΔΙΟΝ
3084 2997 3167 3051 H'.

2318 3094 2458 3165 Περὶ
2481 3092 2593 3162 τῆς
2623 3094 2776 3146 κατὰ
2815 3092 3135 3161 Ῥωμαίους
3163 3090 3491 3161 θεολογίας.

511 3207 530 3238 ι
555 3186 825 3242 Romulus
869 3187 1062 3259 igitur,
1093 3205 1218 3245 cum
1249 3191 1418 3260 probe
1462 3192 1807 3263 intelligeret,
1837 3193 2009 3249 hone-

2191 3188 2345 3262 (10)(
2402 3185 2540 3240 Ἀλλ’
2568 3184 2729 3254 ἔγνω,
2760 3183 2841 3237 ὅτι
2861 3185 3015 3254 νόμοι
3046 3183 3346 3249 σπουδαῖοι,
3392 3185 3485 3238 καὶ
3514 3182 3703 3238 καλῶν

430 3279 532 3335 stis
569 3280 810 3351 legibus,
856 3288 1242 3352 rectorumque
1297 3283 1605 3339 studiorum
1642 3285 2009 3352 amulatione,

430 3370 600 3441 piam,
652 3379 1033 3440 temperatam,
1082 3381 1355 3427 amantem
1404 3373 1713 3443 aequitatis,
1762 3373 2013 3444 belloque

432 3471 716 3518 strenuam
754 3462 1030 3519 civitatem
1070 3463 1243 3531 etIici;
1279 3466 1612 3535 pracipuam
1642 3465 1729 3520 his
1762 3465 1815 3519 in
1847 3466 2013 3521 rebus

432 3567 660 3623 operam
683 3568 984 3623 curamque
1011 3554 1221 3624 posuit,
1252 3570 1282 3611 a
1311 3555 1575 3626 religione
1604 3555 1862 3625 cultuque
1881 3555 2013 3609 deo-

432 3660 560 3702 rum
600 3660 666 3700 ac
701 3644 1017 3701 damonum
1068 3646 1407 3715 auspicatus.
1454 3646 1533 3703 Ac
1557 3647 1762 3717 templa
1790 3647 2012 3716 quidem

431 3746 491 3790 et
510 3735 763 3800 delubra,
789 3751 916 3792 aras
945 3736 1182 3805 item,.et
1207 3738 1624 3794 simulacrorum
1667 3738 1783 3793 suis
1826 3740 1881 3792 in
1923 3752 2012 3793 se-

431 3829 595 3884 dibus
618 3828 1010 3885 collocationes
1027 3872 1049 3898 ,
1073 3830 1500 3898 eorumdcmque
1522 3829 2008 3899 conﬁgurationes,

430 3930 488 3975 et
522 3920 782 3990 insignia,
824 3920 1098 3992 simulque
1141 3922 1250 3977 vim
1288 3935 1602 3990 numenque
1641 3920 2007 3989 singulorum,

431 4022 599 4083 atque
636 4011 775 4068 adeo
798 4012 1095 4082 beneﬁcia,
1126 4015 1329 4084 quibus
1358 4013 1643 4067 hominum
1679 4027 1850 4083 genus
1878 4010 2010 4066 aﬂ'e-

428 4119 579 4171 cere,
612 4103 730 4161 dies
753 4120 976 4176 quoque
1004 4104 1192 4170 festos,
1223 4105 1414 4175 quales
1445 4105 1677 4160 deorum
1713 4119 1777 4158 ac
1805 4103 2009 4158 damo-

430 4211 565 4253 num
594 4196 817 4253 cuilibet
848 4196 1203 4263 conveniunt,
1233 4207 1350 4252 tum
1387 4193 1681 4260 sacrificia,
1708 4193 1910 4265 quibus
1938 4192 2009 4247 ab

429 4286 746 4343 hominibus
766 4288 871 4343 coli
890 4303 1012 4344 sese
1033 4289 1243 4355 volunt,
1265 4285 1430 4343 ferias
1450 4285 1687 4357 denique
1709 4284 2009 4342 solemnes-

2116 3282 2275 3354 ζῆλος
2297 3277 2767 3350 ἐπιτηδευμάτων,
2798 3276 2998 3347 εύσεὸἦ
3038 3275 3135 3329 καὶ
3164 3273 3418 3345 σώφρονα
3443 3314 3459 3337 ,
3488 3275 3582 3328 καὶ
3633 3275 3705 3328 τά

2115 3374 2301 3428 δίκαια
2328 3370 2625 3435 ἀσκοῦσαν,
2653 3368 2748 3422 καὶ
2766 3368 2838 3422 τά
2860 3367 3097 3438 πολέμια
3140 3366 3351 3437 ἀγαθὴν
3385 3365 3701 3436 ἐξεργάζον-

2112 3483 2200 3519 ται
2229 3465 2384 3518 πόλιν
2409 3481 2419 3493 ·
2448 3456 2523 3517 ὧν
2549 3460 2749 3530 πολλὴν
2772 3459 2899 3530 ἔσχε
2930 3460 3208 3531 πρόνοιαν,
3235 3458 3332 3528 τὴν
3351 3457 3525 3528 ἀρχὴν
3550 3473 3709 3526 ποιηε-

2118 3558 2350 3628 σάμενος
2384 3555 2492 3610 ἀπὸ
2528 3553 2637 3607 τῶν
2670 3553 2799 3624 περὶ
2837 3551 2906 3605 τά
2937 3550 3059 3604 θεῖα
3109 3550 3204 3603 καὶ
3254 3550 3509 3620 δαιμόνια
3538 3549 3707 3603 σεϐαο

2115 3650 2286 3722 σμῶν.
2334 3648 2476 3719 Ἰερά
2508 3647 2608 3719 μὲν
2640 3643 2756 3709 οὖν,
2787 3644 2879 3698 καὶ
2906 3644 3142 3714 τεμένη,
3178 3642 3270 3695 καὶ
3302 3642 3517 3712 βωμοὺς
3540 3682 3555 3704 ,
3605 3643 3699 3693 καὶ

2114 3743 2317 3809 ξοάνων
2340 3741 2597 3815 ἱδρύσεις,
2629 3738 2847 3812 μορφάς
2869 3755 2929 3791 τε
2955 3735 3156 3799 αὐτῶν,
3187 3736 3280 3790 κα)⁵
3307 3736 3370 3788 σύ
3380 3736 3572 3806 μϐολα,
3604 3737 3701 3789 καὶ

2110 3835 2387 3907 δυνάμεις,
2424 3833 2518 3888 καὶ
2544 3831 2775 3903 δωρεάς,
2810 3824 2899 3893 αἷς
2928 3829 2989 3882 τὸ
3026 3829 3184 3898 γένος
3217 3828 3372 3901 ἡμῶν
3399 3828 3702 3900 εὐηργέτη-

2113 3945 2233 3990 σαν,
2262 3927 2459 4002 ὲορτάς
2484 3943 2564 3990 τε,
2594 3921 2786 3987 ὁποίας
2826 3919 2979 3985 τινάς
3028 3920 3242 3991 ἑκάστῳ
3277 3919 3413 3973 θεῶν
3446 3917 3702 3992 ⁴τιδαιμό-

2109 4038 2215 4075 νων
2239 4018 2467 4089 ἄγεσθαι
2499 4019 2789 4089 προσήκει,
2824 4015 2919 4068 καὶ
2951 4013 3163 4080 θυσίας,
3188 4009 3276 4078 αἶς
3314 4014 3560 4085 χαίρουσι
3605 4029 3703 4082 γε·

2111 4113 2425 4184 ραιρόμενοι
2445 4109 2581 4182 πρὸς
2605 4106 2929 4180 ἀνθρώπων
2954 4107 3260 4179 ἐκεχειρίας
3280 4124 3340 4161 τε
3365 4103 3432 4161 αὖ
3471 4106 3567 4159 καὶ
3593 4122 3701 4157 πα-

2109 4202 2244 4273 νηγύ
2250 4220 2311 4275 ρε
2319 4220 2388 4265 ις,
2402 4201 2496 4255 καὶ
2521 4202 2700 4255 πόνων
2720 4197 3058 4263 ἀναπαύλας,
3077 4198 3172 4253 καὶ
3194 4200 3370 4253 πάντα
3388 4196 3457 4250 τὰ
3473 4195 3705 4250 τοιαῦτα

2108 4292 2310 4363 ὁμοίως
2348 4290 2755 4360 κατεστήσαντο
2782 4287 2893 4358 (11)
2917 4288 3027 4342 τῶν
3057 4288 3363 4360 κρατίστων
3393 4286 3543 4358 παρὰ
3584 4287 3695 4347 τοῖς

429 4395 539 4450 que
567 4388 895 4445 eoruveutus,
924 4389 978 4436 et
1006 4389 1179 4436 statas
1207 4395 1239 4436 a
1266 4379 1549 4435 laboribus
1574 4377 1915 4445 vacationes,
1943 4392 2009 4433 ac

2112 4380 2339 4452 Ἕλλησι
2372 4376 2653 4450 νομίμων·
2686 4375 2813 4440 τοὺς
2837 4374 2895 4428 δὲ
2923 4375 3391 4447 παραδεδομένους
3424 4374 3553 4442 περὶ
3594 4372 3694 4424 αύ-

430 4480 625 4527 ωιεη
672 4470 724 4525 id
764 4486 936 4542 genus
975 4488 1046 4528 ex.
1081 4472 1307 4542 optimis
1347 4471 1658 4543 quibusque
1692 4468 2005 4525 Gracorum

2112 4473 2220 4526 τῶν
2249 4472 2362 4544 (12)
2391 4471 2616 4542 μύθους,
2639 4473 2699 4526 ὲν
2744 4465 2825 4535 οἷς
2863 4468 3205 4541 βλασφημίαι
3230 4466 3374 4529 τινές
3416 4467 3522 4518 εἰσι
3568 4464 3697 4535 περὶ

433 4558 716 4616 hominum
738 4541 933 4615 ritibus
961 4541 1214 4618 instituit.
1240 4565 1310 4618 At
1336 4541 1466 4618 vero
1488 4577 1710 4632 sparsas
1731 4561 1797 4617 de
1817 4561 2007 4617 iisdem

2113 4541 2295 4615 aiatth
2395 4541 2757 4633 κατηγορίαι,
2801 4557 3073 4628 πονηροὺς
3125 4557 3219 4609 καὶ
3257 4554 3572 4622 ἀνωφελεῖς,
3600 4552 3694 4606 καὶ

429 4647 790 4719 vulgatasque
810 4647 1258 4721 fabulamquibus
1286 4653 1468 4724 aliqua
1500 4653 1744 4723 ipsorum
1775 4654 1857 4708 vel
1880 4668 2009 4723 pro-

2112 4653 2430 4723 ἀσχήμονας
2466 4650 2757 4705 ὑπολαϐὼν
2800 4644 2939 4703 εἶναι
2963 4688 2978 4713 ,
3007 4648 3101 4701 καὶ
3127 4647 3225 4717 οὐχ
3264 4646 3345 4698 ὅτι
3371 4643 3480 4697 τῶν
3513 4641 3648 4696 θεῶν
3673 4680 3692 4707 ,

437 4744 556 4806 bra,
576 4740 660 4793 vel
698 4740 926 4796 crimina
950 4743 1320 4807 continentur,
1345 4744 1641 4814 improbas,
1693 4744 1913 4799 inutiles
1948 4759 2009 4799 ac

2112 4744 2225 4799 ἀλλ’
2247 4744 2354 4801 οὐδ’
2380 4743 2476 4798 ἀνθ
2486 4743 2681 4816 ρώπων
2702 4743 2922 4813 ἀγαθῶν
2950 4741 3156 4806 ἀξίους,
3176 4741 3421 4801 ἅπαντας
3450 4735 3692 4803 ἐξέϐαλε,

437 4830 609 4887 fadas
626 4847 749 4887 esse
770 4843 943 4901 ratus,
969 4850 1070 4890 nec
1086 4835 1193 4891 diis
1210 4836 1391 4901 modo,
1414 4834 1509 4890 sed
1522 4835 1683 4890 etiam
1702 4834 1831 4889 viris
1855 4835 2009 4889 bonis

2112 4837 2207 4891 xui.
2239 4836 2621 4908 παρεσκεύασε
2651 4838 2779 4900 τοὺς
2807 4834 3131 4906 ἀνθρώπους
3159 4832 3226 4886 τά
3275 4830 3535 4885 κάλλιστα
3582 4830 3695 4902 (15)

431 4941 660 4997 prorsus
703 4926 993 4996 indignas,
1039 4926 1257 4997 rejectis
1310 4929 1590 4995 omnibus,
1646 4929 1896 4985 homines
1942 4928 2009 4983 ad

2112 4924 2241 4997 περὶ
2272 4926 2408 4980 θεῶν
2431 4926 2608 4995 λέγειν
2639 4944 2699 4980 τε
2732 4928 2825 4980 κα)⁸
2857 4927 3095 4997 φρονεῖν,
3131 4922 3295 4995 μηδὲν
3326 4921 3507 4985 αύτοίς
3528 4939 3696 4992 προσ-

429 5019 634 5087 optime
661 5019 728 5073 de
748 5018 855 5075 diis
892 5020 1225 5090 loquendum
1266 5036 1332 5077 ac
1369 5022 1713 5076 sentiendum
1748 5021 2009 5076 informa-

2112 5015 2323 5086 ανάψας
2380 5016 2491 5087 (id)
2518 5017 2736 5085 ἀνάξιον
2775 5017 3114 5087 ἐπιτήδευμα
3150 5015 3251 5085 τῆς
3279 5019 3553 5085 μακαρίας
3591 5013 3693 5082 φύ-

430 5113 531 5176 vit,
557 5112 765 5168 nullum
796 5114 864 5169 iis
896 5114 1135 5169 studium
1169 5115 1325 5171 beata
1355 5125 1548 5171 natura
1578 5116 1762 5171 minus
1784 5116 2007 5187 dignum

2113 5124 2250 5171 σεως
2274 5125 2285 5136 ·
2318 5106 2441 5163 οὔτε
2474 5108 2584 5180 γάρ
2613 5108 2855 5179 Οὐρανὸς
2881 5108 3275 5178 ἐκτεμνόμενος
3300 5103 3404 5159 ὑπὸ
3429 5103 3537 5158 τῶν
3564 5105 3693 5157 ἐαυ-

430 5203 712 5274 afﬁngens.
739 5203 852 5261 Nec
878 5207 1024 5261 enim
1058 5224 1090 5262 a
1122 5205 1386 5263 Romanis
1416 5218 1509 5263 aut
1530 5218 1785 5263 exsectus
1810 5207 2009 5262 libero-

2112 5200 2206 5255 τοῦ
2236 5201 2445 5256 παίδων
2472 5202 2623 5275 παρὰ
2663 5202 2956 5274 Ῥωμαίοις
2982 5201 3221 5270 λέγεται.
3253 5197 3378 5252 οὔτε
3423 5198 3453 5250 ὁ
3485 5197 3696 5268 Κρόνος

429 5311 551 5351 rum
592 5311 820 5352 suorum
866 5314 1030 5353 manu
1082 5298 1267 5354 Caius
1319 5298 1519 5361 fuisse,
1572 5309 1665 5354 aut
1714 5297 2006 5360 Saturnus.

2112 5292 2389 5358 ἀφανίζων
2420 5292 2519 5357 τάς
2543 5294 2735 5348 ἑαυτοῦ
2763 5292 2928 5362 γονάς
2962 5292 3113 5364 φόϐῳ
3137 5292 3239 5361 τῆς
3263 5288 3325 5356 ἐξ
3358 5287 3539 5343 αὐτῶν
3578 5289 3697 5340 ἐπι-

428 5387 574 5458 quod
616 5387 718 5443 sibi
764 5387 832 5441 ab
873 5402 1063 5442 eorum
1114 5389 1318 5457 impetu
1362 5387 1506 5441 male
1547 5394 1834 5451 metueret,
1878 5400 2009 5441 suos

2112 5383 2333 5452 θέσεως,
2358 5382 2481 5439 οὔτε
2509 5386 2645 5449 Ζεὺς
2670 5386 2955 5441 καταλύων
2988 5384 3087 5458 τὴν
3116 5384 3328 5457 Κρόνου
3353 5379 3694 5445 δυναστείαν,

428 5523 632 5647 “illo;
653 5521 834 5578 Locus
855 5522 944 5577 hic
970 5532 1151 5578 exstat
1177 5523 1272 5578 lib.
1310 5539 1371 5587 ii,
1408 5538 1533 5594 pag.
1561 5521 1595 5577 9
1625 5521 1759 5577 edit.
1786 5520 2007 5577 Graeco-

532 5609 598 5645 ιη·
638 5627 653 5641 .

499 5602 653 5645 iltntl'.

499 5664 611 5733 (ll)
654 5664 835 5729 Dion.,
862 5664 1255 5733 κατεστήσατο,
1289 5678 1453 5731 quam
1484 5662 1771 5733 lectionem
1803 5670 2007 5733 pratu-

428 5733 484 5786 li.
529 5732 597 5786 ΙιΙ⁷
625 5735 792 5796 lcgit.,
820 5738 933 5798 τοῖς
963 5734 1274 5805 κρατίστοις
1304 5733 1412 5785 τῶν
1446 5733 1573 5804 παρ’
1602 5732 1823 5803 Ἕλλησι
1854 5732 2006 5803 νομί-

428 5820 572 5873 μων·
619 5814 838 5875 Miilun
867 5805 1024 5861 lectio
1050 5805 1265 5874 probari
1301 5814 1496 5874 potest.

2182 5518 2294 5593 (l2)
2334 5519 2473 5593 Περὶ
2524 5521 2741 5575 αὐτῶν.
2786 5519 3097 5593 Dionysius,
3146 5519 3270 5574 κατ’
3294 5513 3499 5584 αὐτῶν,
3545 5510 3695 5585 quod

2110 5590 2291 5657 aptius
2323 5591 2554 5645 videtur.

2184 5659 2296 5731 (l3)
2344 5660 2419 5713 Τὰ
2443 5659 2762 5715 κάλλιστα.
2810 5660 3127 5731 Dionysius,
3149 5658 3443 5729 κράτιστα.

2181 5729 2290 5802 (Μ)
2331 5731 2759 5800 Προσανὰψας.
2809 5729 2987 5797 Dioni,
3019 5731 3456 5802 προσάπτοντας,
3489 5734 3694 5779 utrum-

2109 5817 2216 5870 que
2246 5810 2471 5856 rectum.
