  <div class='ocr_page' id='page_1' title='image "/cluster/home/n/w/nwhite01/storage/ocr_20150623/21:no.3/coo.31924054873017/090.png"; bbox 0 0 4154 6422; ppageno 0'>
   <div class='ocr_carea' id='block_1_1' title="bbox 475 373 577 427">
    <p class='ocr_par' dir='ltr' id='par_1_1' title="bbox 475 373 577 427">
     <span class='ocr_line' id='line_1_1' title="bbox 475 373 577 427; baseline -0.01 -1"><span class='ocrx_word' id='word_1_1' title='bbox 475 373 577 427; x_wconf 72' lang='grc' dir='ltr'><strong>1ἱ9</strong></span> 
     </span>
    </p>
   </div>
   <div class='ocr_carea' id='block_1_2' title="bbox 1638 374 2557 432">
    <p class='ocr_par' dir='ltr' id='par_1_2' title="bbox 1638 374 2557 432">
     <span class='ocr_line' id='line_1_2' title="bbox 1638 374 2557 432; baseline 0.001 -2"><span class='ocrx_word' id='word_1_2' title='bbox 1638 376 1962 432; x_wconf 64' lang='lat' dir='ltr'><strong>PRz‘EPAR.</strong></span> <span class='ocrx_word' id='word_1_3' title='bbox 2006 374 2257 432; x_wconf 78' lang='lat' dir='ltr'><strong>EVANG.</strong></span> <span class='ocrx_word' id='word_1_4' title='bbox 2301 376 2427 431; x_wconf 83' lang='lat' dir='ltr'><strong>LIB.</strong></span> <span class='ocrx_word' id='word_1_5' title='bbox 2470 375 2557 432; x_wconf 66' lang='grc' dir='ltr'><strong>ΙΙ.Ί</strong></span> 
     </span>
    </p>
   </div>
   <div class='ocr_carea' id='block_1_3' title="bbox 3609 377 3713 432">
    <p class='ocr_par' dir='ltr' id='par_1_3' title="bbox 3609 377 3713 432">
     <span class='ocr_line' id='line_1_3' title="bbox 3609 377 3713 432; baseline 0.019 -2"><span class='ocrx_word' id='word_1_6' title='bbox 3609 377 3713 432; x_wconf 77' lang='grc'>150</span> 
     </span>
    </p>
   </div>
   <div class='ocr_carea' id='block_1_4' title="bbox 469 485 2042 564">
    <p class='ocr_par' dir='ltr' id='par_1_4' title="bbox 469 485 2042 564">
     <span class='ocr_line' id='line_1_4' title="bbox 469 485 2042 564; baseline 0.005 -26"><span class='ocrx_word' id='word_1_7' title='bbox 469 485 563 539; x_wconf 78' lang='grc' dir='ltr'>καὶ</span> <span class='ocrx_word' id='word_1_8' title='bbox 597 487 930 541; x_wconf 71' lang='grc' dir='ltr'><strong>κατακλείων</strong></span> <span class='ocrx_word' id='word_1_9' title='bbox 960 489 1018 541; x_wconf 87' lang='grc' dir='ltr'><strong>ἐν</strong></span> <span class='ocrx_word' id='word_1_10' title='bbox 1038 489 1124 560; x_wconf 77' lang='grc' dir='ltr'><strong>’τῷ</strong></span> <span class='ocrx_word' id='word_1_11' title='bbox 1148 489 1505 562; x_wconf 82' lang='grc' dir='ltr'><strong>δεσμωτηρίῳ</strong></span> <span class='ocrx_word' id='word_1_12' title='bbox 1530 490 1624 544; x_wconf 78' lang='grc' dir='ltr'>τοῦ</span> <span class='ocrx_word' id='word_1_13' title='bbox 1649 493 1922 564; x_wconf 81' lang='grc' dir='ltr'>ταρτάρου</span> <span class='ocrx_word' id='word_1_14' title='bbox 1954 494 2042 546; x_wconf 80' lang='grc' dir='ltr'><strong>τὸν</strong></span> 
     </span>
    </p>
   </div>
   <div class='ocr_carea' id='block_1_5' title="bbox 2142 485 3712 564">
    <p class='ocr_par' dir='ltr' id='par_1_5' title="bbox 2146 489 3712 562">
     <span class='ocr_line' id='line_1_5' title="bbox 2146 489 3712 562; baseline -0.001 -13"><span class='ocrx_word' id='word_1_15' title='bbox 2146 492 2484 559; x_wconf 80' lang='lat' dir='ltr'><strong>confecisse;</strong></span> <span class='ocrx_word' id='word_1_16' title='bbox 2525 500 2622 546; x_wconf 87' lang='lat' dir='ltr'><strong>aut</strong></span> <span class='ocrx_word' id='word_1_17' title='bbox 2658 489 2870 560; x_wconf 76' lang='lat' dir='ltr'><strong>Jupiter</strong></span> <span class='ocrx_word' id='word_1_18' title='bbox 2903 490 3193 560; x_wconf 87' lang='lat' dir='ltr'><strong>spoliatum</strong></span> <span class='ocrx_word' id='word_1_19' title='bbox 3239 491 3468 561; x_wconf 90' lang='lat' dir='ltr'><strong>imperio</strong></span> <span class='ocrx_word' id='word_1_20' title='bbox 3505 500 3712 562; x_wconf 88' lang='lat' dir='ltr'><strong>patrem</strong></span> 
     </span>
    </p>
   </div>
   <div class='ocr_carea' id='block_1_6' title="bbox 474 577 2044 653">
    <p class='ocr_par' dir='ltr' id='par_1_6' title="bbox 474 577 2044 653">
     <span class='ocr_line' id='line_1_6' title="bbox 474 577 2044 653; baseline 0.003 -22"><span class='ocrx_word' id='word_1_21' title='bbox 474 577 668 632; x_wconf 66' lang='grc' dir='ltr'>ἑαυτοῦ</span> <span class='ocrx_word' id='word_1_22' title='bbox 708 578 949 648; x_wconf 82' lang='grc' dir='ltr'>πατέρα·</span> <span class='ocrx_word' id='word_1_23' title='bbox 973 578 1092 631; x_wconf 85' lang='grc' dir='ltr'>οὐδέ</span> <span class='ocrx_word' id='word_1_24' title='bbox 1108 594 1171 646; x_wconf 87' lang='grc' dir='ltr'><strong>γε</strong></span> <span class='ocrx_word' id='word_1_25' title='bbox 1204 579 1452 650; x_wconf 83' lang='grc' dir='ltr'>πόλεμοι,</span> <span class='ocrx_word' id='word_1_26' title='bbox 1489 581 1580 634; x_wconf 77' lang='grc' dir='ltr'>καὶ</span> <span class='ocrx_word' id='word_1_27' title='bbox 1600 581 1912 653; x_wconf 89' lang='grc' dir='ltr'>τραύματα,</span> <span class='ocrx_word' id='word_1_28' title='bbox 1949 584 2044 636; x_wconf 72' lang='grc' dir='ltr'>καὶ</span> 
     </span>
    </p>
   </div>
   <div class='ocr_carea' id='block_1_7' title="bbox 468 668 2044 746">
    <p class='ocr_par' dir='ltr' id='par_1_7' title="bbox 468 668 2044 746">
     <span class='ocr_line' id='line_1_7' title="bbox 468 668 2044 746; baseline 0.003 -24"><span class='ocrx_word' id='word_1_29' title='bbox 468 668 660 739; x_wconf 81' lang='grc' dir='ltr'>δεσμὰ,</span> <span class='ocrx_word' id='word_1_30' title='bbox 684 669 778 721; x_wconf 74' lang='grc' dir='ltr'><strong>καὶ</strong></span> <span class='ocrx_word' id='word_1_31' title='bbox 797 668 1006 738; x_wconf 76' lang='grc' dir='ltr'><strong>θητεῖαι</strong></span> <span class='ocrx_word' id='word_1_32' title='bbox 1027 668 1139 739; x_wconf 80' lang='grc'>(15)</span> <span class='ocrx_word' id='word_1_33' title='bbox 1157 668 1295 722; x_wconf 90' lang='grc' dir='ltr'>θεῶν</span> <span class='ocrx_word' id='word_1_34' title='bbox 1319 669 1471 742; x_wconf 86' lang='grc' dir='ltr'>παρὰ</span> <span class='ocrx_word' id='word_1_35' title='bbox 1492 671 1818 743; x_wconf 79' lang='grc' dir='ltr'>ἀνθρώποις.</span> <span class='ocrx_word' id='word_1_36' title='bbox 1854 673 2044 746; x_wconf 82' lang='grc' dir='ltr'>Ἐορτὴ</span> 
     </span>
    </p>
   </div>
   <div class='ocr_carea' id='block_1_8' title="bbox 466 757 2045 833">
    <p class='ocr_par' dir='ltr' id='par_1_8' title="bbox 466 757 2045 833">
     <span class='ocr_line' id='line_1_8' title="bbox 466 757 2045 833; baseline 0 -19"><span class='ocrx_word' id='word_1_37' title='bbox 466 757 523 814; x_wconf 73' lang='grc' dir='ltr'>δὲ</span> <span class='ocrx_word' id='word_1_38' title='bbox 545 761 772 829; x_wconf 77' lang='grc' dir='ltr'>οὐδέμία</span> <span class='ocrx_word' id='word_1_39' title='bbox 798 763 927 830; x_wconf 89' lang='grc' dir='ltr'>παρ’</span> <span class='ocrx_word' id='word_1_40' title='bbox 964 760 1148 823; x_wconf 86' lang='grc' dir='ltr'>αὐτοῖς</span> <span class='ocrx_word' id='word_1_41' title='bbox 1174 760 1563 833; x_wconf 85' lang='grc' dir='ltr'>μελανείμωνῆ</span> <span class='ocrx_word' id='word_1_42' title='bbox 1590 760 1847 833; x_wconf 82' lang='grc' dir='ltr'><strong>πένθιμος</strong></span> <span class='ocrx_word' id='word_1_43' title='bbox 1875 762 2045 816; x_wconf 87' lang='grc' dir='ltr'>τελεῖ-</span> 
     </span>
    </p>
   </div>
   <div class='ocr_carea' id='block_1_9' title="bbox 464 852 2044 925">
    <p class='ocr_par' dir='ltr' id='par_1_9' title="bbox 464 852 2044 925">
     <span class='ocr_line' id='line_1_9' title="bbox 464 852 2044 925; baseline 0.001 -19"><span class='ocrx_word' id='word_1_44' title='bbox 464 867 583 916; x_wconf 85' lang='grc' dir='ltr'>ται,</span> <span class='ocrx_word' id='word_1_45' title='bbox 609 855 869 916; x_wconf 78' lang='grc' dir='ltr'>κοπετοὺς</span> <span class='ocrx_word' id='word_1_46' title='bbox 892 852 1088 923; x_wconf 77' lang='grc' dir='ltr'>ἔχουσα</span> <span class='ocrx_word' id='word_1_47' title='bbox 1120 853 1212 905; x_wconf 75' lang='grc' dir='ltr'><strong>καὶ</strong></span> <span class='ocrx_word' id='word_1_48' title='bbox 1236 853 1465 925; x_wconf 86' lang='grc' dir='ltr'><strong>θρήνους</strong></span> <span class='ocrx_word' id='word_1_49' title='bbox 1485 854 1757 922; x_wconf 88' lang='grc' dir='ltr'>γυναικῶν</span> <span class='ocrx_word' id='word_1_50' title='bbox 1777 856 1870 907; x_wconf 71' lang='grc' dir='ltr'><strong>ἐπὶ</strong></span> <span class='ocrx_word' id='word_1_51' title='bbox 1904 855 2044 919; x_wconf 83' lang='grc' dir='ltr'>θεοῖς</span> 
     </span>
    </p>
   </div>
   <div class='ocr_carea' id='block_1_10' title="bbox 466 944 2042 1018">
    <p class='ocr_par' dir='ltr' id='par_1_10' title="bbox 466 944 2042 1018">
     <span class='ocr_line' id='line_1_10' title="bbox 466 944 2042 1018; baseline 0.002 -21"><span class='ocrx_word' id='word_1_52' title='bbox 466 944 914 1016; x_wconf 75' lang='grc' dir='ltr'>ἀφανιζομένοις-ο</span> <span class='ocrx_word' id='word_1_53' title='bbox 943 945 1087 1016; x_wconf 77' lang='grc' dir='ltr'>ειπερ</span> <span class='ocrx_word' id='word_1_54' title='bbox 1115 946 1371 1016; x_wconf 87' lang='grc' dir='ltr'>Ἕλλησιν</span> <span class='ocrx_word' id='word_1_55' title='bbox 1404 946 1777 1001; x_wconf 75' lang='grc' dir='ltr'><strong>ἐπιτελοῦνται</strong></span> <span class='ocrx_word' id='word_1_56' title='bbox 1816 947 1943 1018; x_wconf 87' lang='grc' dir='ltr'>περί</span> <span class='ocrx_word' id='word_1_57' title='bbox 1982 962 2042 1000; x_wconf 85' lang='grc' dir='ltr'><strong>τε</strong></span> 
     </span>
    </p>
   </div>
   <div class='ocr_carea' id='block_1_11' title="bbox 465 1040 2045 1116">
    <p class='ocr_par' dir='ltr' id='par_1_11' title="bbox 465 1040 2045 1116">
     <span class='ocr_line' id='line_1_11' title="bbox 465 1040 2045 1116; baseline 0.004 -24"><span class='ocrx_word' id='word_1_58' title='bbox 465 1040 813 1111; x_wconf 79' lang='grc' dir='ltr'><strong>Περσεφόνης</strong></span> <span class='ocrx_word' id='word_1_59' title='bbox 841 1041 1123 1114; x_wconf 75' lang='grc' dir='ltr'>ἁρπαγὴν,</span> <span class='ocrx_word' id='word_1_60' title='bbox 1156 1043 1249 1096; x_wconf 79' lang='grc' dir='ltr'><strong>καὶ</strong></span> <span class='ocrx_word' id='word_1_61' title='bbox 1277 1044 1406 1114; x_wconf 77' lang='grc' dir='ltr'>περὶ</span> <span class='ocrx_word' id='word_1_62' title='bbox 1431 1042 1687 1097; x_wconf 77' lang='grc' dir='ltr'>Διονύσου</span> <span class='ocrx_word' id='word_1_63' title='bbox 1725 1044 1894 1116; x_wconf 86' lang='grc' dir='ltr'>πάθη,</span> <span class='ocrx_word' id='word_1_64' title='bbox 1950 1046 2045 1099; x_wconf 77' lang='grc' dir='ltr'><strong>καὶ</strong></span> 
     </span>
    </p>
   </div>
   <div class='ocr_carea' id='block_1_12' title="bbox 462 1131 2044 1209">
    <p class='ocr_par' dir='ltr' id='par_1_12' title="bbox 462 1131 2044 1209">
     <span class='ocr_line' id='line_1_12' title="bbox 462 1131 2044 1209; baseline 0.003 -25"><span class='ocrx_word' id='word_1_65' title='bbox 462 1131 563 1185; x_wconf 84' lang='grc' dir='ltr'>ὅσα</span> <span class='ocrx_word' id='word_1_66' title='bbox 602 1131 736 1185; x_wconf 77' lang='grc' dir='ltr'>ἄλλα</span> <span class='ocrx_word' id='word_1_67' title='bbox 765 1132 1011 1189; x_wconf 83' lang='grc' dir='ltr'>τοιαῦτα.</span> <span class='ocrx_word' id='word_1_68' title='bbox 1047 1133 1171 1186; x_wconf 77' lang='grc' dir='ltr'>Οὐδ’</span> <span class='ocrx_word' id='word_1_69' title='bbox 1202 1133 1269 1186; x_wconf 83' lang='grc' dir='ltr'>ἂν</span> <span class='ocrx_word' id='word_1_70' title='bbox 1291 1134 1387 1189; x_wconf 78' lang='grc' dir='ltr'>ἴδοι</span> <span class='ocrx_word' id='word_1_71' title='bbox 1411 1154 1494 1202; x_wconf 91' lang='grc' dir='ltr'><strong>τις</strong></span> <span class='ocrx_word' id='word_1_72' title='bbox 1524 1137 1652 1209; x_wconf 84' lang='grc' dir='ltr'>παρ’</span> <span class='ocrx_word' id='word_1_73' title='bbox 1687 1137 1890 1202; x_wconf 85' lang='grc' dir='ltr'>αὐτοῖς,</span> <span class='ocrx_word' id='word_1_74' title='bbox 1924 1136 2044 1189; x_wconf 85' lang='grc' dir='ltr'>καί·</span> 
     </span>
    </p>
   </div>
   <div class='ocr_carea' id='block_1_13' title="bbox 465 1223 2040 1299">
    <p class='ocr_par' dir='ltr' id='par_1_13' title="bbox 465 1223 2040 1299">
     <span class='ocr_line' id='line_1_13' title="bbox 465 1223 2040 1299; baseline 0.004 -25"><span class='ocrx_word' id='word_1_75' title='bbox 465 1240 547 1275; x_wconf 87' lang='grc' dir='ltr'><strong>τοι</strong></span> <span class='ocrx_word' id='word_1_76' title='bbox 570 1223 979 1295; x_wconf 68' lang='grc' dir='ltr'>διεφθαρμένων</span> <span class='ocrx_word' id='word_1_77' title='bbox 1010 1224 1119 1279; x_wconf 89' lang='grc' dir='ltr'><strong>τῶν</strong></span> <span class='ocrx_word' id='word_1_78' title='bbox 1146 1225 1283 1279; x_wconf 81' lang='grc' dir='ltr'>ἐθῶν</span> <span class='ocrx_word' id='word_1_79' title='bbox 1304 1225 1413 1298; x_wconf 80' lang='grc'>(16)</span> <span class='ocrx_word' id='word_1_80' title='bbox 1437 1227 1560 1299; x_wconf 84' lang='grc' dir='ltr'>ήδη,</span> <span class='ocrx_word' id='word_1_81' title='bbox 1588 1229 1649 1281; x_wconf 87' lang='grc' dir='ltr'><strong>οὐ</strong></span> <span class='ocrx_word' id='word_1_82' title='bbox 1673 1227 2040 1299; x_wconf 81' lang='grc' dir='ltr'>θεοφορήσεις,</span> 
     </span>
    </p>
   </div>
   <div class='ocr_carea' id='block_1_14' title="bbox 460 1314 2044 1389">
    <p class='ocr_par' dir='ltr' id='par_1_14' title="bbox 460 1314 2044 1389">
     <span class='ocr_line' id='line_1_14' title="bbox 460 1314 2044 1389; baseline 0.002 -20"><span class='ocrx_word' id='word_1_83' title='bbox 460 1315 525 1369; x_wconf 74' lang='grc' dir='ltr'><strong>οὐ</strong></span> <span class='ocrx_word' id='word_1_84' title='bbox 555 1314 1057 1386; x_wconf 85' lang='grc' dir='ltr'>κορυϐαντιασμοὺς</span> <span class='ocrx_word' id='word_1_85' title='bbox 1074 1315 1206 1388; x_wconf 87' lang='grc'>(17),</span> <span class='ocrx_word' id='word_1_86' title='bbox 1230 1318 1290 1371; x_wconf 90' lang='grc' dir='ltr'><strong>οὐ</strong></span> <span class='ocrx_word' id='word_1_87' title='bbox 1316 1318 1555 1389; x_wconf 82' lang='grc' dir='ltr'>Βακχίας</span> <span class='ocrx_word' id='word_1_88' title='bbox 1574 1318 1685 1388; x_wconf 83' lang='grc'>(18)</span> <span class='ocrx_word' id='word_1_89' title='bbox 1702 1319 1796 1372; x_wconf 76' lang='grc' dir='ltr'><strong>καὶ</strong></span> <span class='ocrx_word' id='word_1_90' title='bbox 1821 1318 2044 1382; x_wconf 82' lang='grc' dir='ltr'>τελετὰς</span> 
     </span>
    </p>
   </div>
   <div class='ocr_carea' id='block_1_15' title="bbox 463 1408 2044 1483">
    <p class='ocr_par' dir='ltr' id='par_1_15' title="bbox 463 1408 2044 1483">
     <span class='ocr_line' id='line_1_15' title="bbox 463 1408 2044 1483; baseline 0.001 -21"><span class='ocrx_word' id='word_1_91' title='bbox 463 1408 826 1479; x_wconf 76' lang='grc' dir='ltr'>ἀπορρήτους,</span> <span class='ocrx_word' id='word_1_92' title='bbox 850 1409 908 1461; x_wconf 87' lang='grc' dir='ltr'><strong>οὐ</strong></span> <span class='ocrx_word' id='word_1_93' title='bbox 933 1409 1471 1481; x_wconf 84' lang='grc' dir='ltr'>διαπαννυχιασμοὺς</span> <span class='ocrx_word' id='word_1_94' title='bbox 1503 1412 1561 1464; x_wconf 86' lang='grc' dir='ltr'><strong>ἐν</strong></span> <span class='ocrx_word' id='word_1_95' title='bbox 1585 1411 1750 1483; x_wconf 77' lang='grc' dir='ltr'>ἱεροῖς</span> <span class='ocrx_word' id='word_1_96' title='bbox 1774 1409 1932 1475; x_wconf 88' lang='grc' dir='ltr'>θεῶν,</span> <span class='ocrx_word' id='word_1_97' title='bbox 1952 1411 2044 1463; x_wconf 87' lang='grc' dir='ltr'><strong>ἀν-</strong></span> 
     </span>
    </p>
   </div>
   <div class='ocr_carea' id='block_1_16' title="bbox 461 1498 2044 1573">
    <p class='ocr_par' dir='ltr' id='par_1_16' title="bbox 461 1498 2044 1573">
     <span class='ocr_line' id='line_1_16' title="bbox 461 1498 2044 1573; baseline 0.001 -21"><span class='ocrx_word' id='word_1_98' title='bbox 461 1498 602 1571; x_wconf 88' lang='grc' dir='ltr'>δρῶν</span> <span class='ocrx_word' id='word_1_99' title='bbox 621 1501 718 1553; x_wconf 79' lang='grc' dir='ltr'><strong>σὺν</strong></span> <span class='ocrx_word' id='word_1_100' title='bbox 734 1499 999 1568; x_wconf 73' lang='grc' dir='ltr'>γυναιξὶν,</span> <span class='ocrx_word' id='word_1_101' title='bbox 1021 1502 1122 1554; x_wconf 89' lang='grc' dir='ltr'><strong>οὐκ</strong></span> <span class='ocrx_word' id='word_1_102' title='bbox 1139 1501 1267 1555; x_wconf 74' lang='grc' dir='ltr'>ἄλλο</span> <span class='ocrx_word' id='word_1_103' title='bbox 1289 1502 1397 1555; x_wconf 87' lang='grc' dir='ltr'><strong>τῶν</strong></span> <span class='ocrx_word' id='word_1_104' title='bbox 1419 1501 1815 1573; x_wconf 78' lang='grc' dir='ltr'>παραπλησίων</span> <span class='ocrx_word' id='word_1_105' title='bbox 1834 1501 2044 1564; x_wconf 82' lang='grc' dir='ltr'>τούτοις</span> 
     </span>
    </p>
   </div>
   <div class='ocr_carea' id='block_1_17' title="bbox 460 1591 2046 1666">
    <p class='ocr_par' dir='ltr' id='par_1_17' title="bbox 460 1591 2046 1666">
     <span class='ocr_line' id='line_1_17' title="bbox 460 1591 2046 1666; baseline -0.001 -19"><span class='ocrx_word' id='word_1_106' title='bbox 460 1593 878 1666; x_wconf 79' lang='grc' dir='ltr'>τερατευμάτων</span> <span class='ocrx_word' id='word_1_107' title='bbox 911 1593 1082 1645; x_wconf 84' lang='grc' dir='ltr'>οὐδέν·</span> <span class='ocrx_word' id='word_1_108' title='bbox 1113 1592 1226 1646; x_wconf 80' lang='grc' dir='ltr'>ἀλλ’</span> <span class='ocrx_word' id='word_1_109' title='bbox 1260 1592 1505 1656; x_wconf 89' lang='grc' dir='ltr'>εὐλαϐῶς</span> <span class='ocrx_word' id='word_1_110' title='bbox 1544 1591 1759 1646; x_wconf 70' lang='grc' dir='ltr'>ἅπαντα</span> <span class='ocrx_word' id='word_1_111' title='bbox 1809 1592 2046 1662; x_wconf 83' lang='grc' dir='ltr'>πραττό-</span> 
     </span>
    </p>
   </div>
   <div class='ocr_carea' id='block_1_18' title="bbox 468 1680 2047 1756">
    <p class='ocr_par' dir='ltr' id='par_1_18' title="bbox 468 1680 2047 1756">
     <span class='ocr_line' id='line_1_18' title="bbox 468 1680 2047 1756; baseline -0.002 -19"><span class='ocrx_word' id='word_1_112' title='bbox 468 1700 606 1754; x_wconf 84' lang='grc' dir='ltr'>μενα</span> <span class='ocrx_word' id='word_1_113' title='bbox 622 1685 716 1739; x_wconf 74' lang='grc' dir='ltr'><strong>καὶ</strong></span> <span class='ocrx_word' id='word_1_114' title='bbox 737 1683 1006 1754; x_wconf 87' lang='grc' dir='ltr'>λεγόμενα</span> <span class='ocrx_word' id='word_1_115' title='bbox 1033 1682 1103 1736; x_wconf 80' lang='grc' dir='ltr'><strong>τά</strong></span> <span class='ocrx_word' id='word_1_116' title='bbox 1122 1683 1251 1756; x_wconf 73' lang='grc' dir='ltr'>περὶ</span> <span class='ocrx_word' id='word_1_117' title='bbox 1272 1682 1535 1747; x_wconf 82' lang='grc' dir='ltr'>θεοὺς,ὠς</span> <span class='ocrx_word' id='word_1_118' title='bbox 1557 1680 1682 1735; x_wconf 77' lang='grc' dir='ltr'>οὔτε</span> <span class='ocrx_word' id='word_1_119' title='bbox 1701 1682 1830 1755; x_wconf 88' lang='grc' dir='ltr'>παρ’</span> <span class='ocrx_word' id='word_1_120' title='bbox 1857 1680 2047 1753; x_wconf 88' lang='grc' dir='ltr'>Ἕλλη-</span> 
     </span>
    </p>
   </div>
   <div class='ocr_carea' id='block_1_19' title="bbox 463 1773 2043 1847">
    <p class='ocr_par' dir='ltr' id='par_1_19' title="bbox 463 1773 2043 1847">
     <span class='ocr_line' id='line_1_19' title="bbox 463 1773 2043 1847; baseline -0.001 -21"><span class='ocrx_word' id='word_1_121' title='bbox 463 1792 546 1827; x_wconf 82' lang='grc' dir='ltr'><strong>σιν</strong></span> <span class='ocrx_word' id='word_1_122' title='bbox 593 1774 718 1829; x_wconf 80' lang='grc' dir='ltr'>οὐτε</span> <span class='ocrx_word' id='word_1_123' title='bbox 761 1775 913 1847; x_wconf 77' lang='grc' dir='ltr'>παρὰ</span> <span class='ocrx_word' id='word_1_124' title='bbox 959 1773 1274 1846; x_wconf 88' lang='grc' dir='ltr'>βαρϐάροις.</span> <span class='ocrx_word' id='word_1_125' title='bbox 1315 1776 1427 1828; x_wconf 58' lang='grc' dir='ltr'><strong>Καὶ⁹</strong></span> <span class='ocrx_word' id='word_1_126' title='bbox 1472 1775 1501 1827; x_wconf 88' lang='grc' dir='ltr'>ὃ</span> <span class='ocrx_word' id='word_1_127' title='bbox 1552 1774 1768 1828; x_wconf 84' lang='grc' dir='ltr'>πάντων</span> <span class='ocrx_word' id='word_1_128' title='bbox 1804 1774 2043 1843; x_wconf 86' lang='grc' dir='ltr'>μάλιστα</span> 
     </span>
    </p>
   </div>
   <div class='ocr_carea' id='block_1_20' title="bbox 2146 580 3714 639">
    <p class='ocr_par' dir='ltr' id='par_1_20' title="bbox 2146 580 3714 639">
     <span class='ocr_line' id='line_1_20' title="bbox 2146 580 3714 639; baseline 0.001 -2"><span class='ocrx_word' id='word_1_129' title='bbox 2146 584 2201 637; x_wconf 91' lang='lat' dir='ltr'><strong>in</strong></span> <span class='ocrx_word' id='word_1_130' title='bbox 2234 582 2551 637; x_wconf 88' lang='lat' dir='ltr'><strong>Tartareum</strong></span> <span class='ocrx_word' id='word_1_131' title='bbox 2593 595 2869 636; x_wconf 88' lang='lat' dir='ltr'><strong>carcerem</strong></span> <span class='ocrx_word' id='word_1_132' title='bbox 2923 580 3209 638; x_wconf 77' lang='lat' dir='ltr'><strong>inclusisse</strong></span> <span class='ocrx_word' id='word_1_133' title='bbox 3248 580 3571 637; x_wconf 72' lang='lat' dir='ltr'><strong>dictitatur:</strong></span> <span class='ocrx_word' id='word_1_134' title='bbox 3612 599 3714 639; x_wconf 85' lang='lat' dir='ltr'><strong>nec</strong></span> 
     </span>
    </p>
   </div>
   <div class='ocr_carea' id='block_1_21' title="bbox 2144 673 3711 741">
    <p class='ocr_par' dir='ltr' id='par_1_21' title="bbox 2144 673 3711 741">
     <span class='ocr_line' id='line_1_21' title="bbox 2144 673 3711 741; baseline 0 -13"><span class='ocrx_word' id='word_1_135' title='bbox 2144 675 2255 729; x_wconf 89' lang='lat' dir='ltr'><strong>ulla</strong></span> <span class='ocrx_word' id='word_1_136' title='bbox 2288 675 2574 729; x_wconf 90' lang='lat' dir='ltr'><strong>numinum</strong></span> <span class='ocrx_word' id='word_1_137' title='bbox 2612 673 2773 736; x_wconf 87' lang='lat' dir='ltr'><strong>bella,</strong></span> <span class='ocrx_word' id='word_1_138' title='bbox 2804 673 3046 741; x_wconf 82' lang='lat' dir='ltr'><strong>vulnera,</strong></span> <span class='ocrx_word' id='word_1_139' title='bbox 3071 674 3310 738; x_wconf 90' lang='lat' dir='ltr'><strong>vincula,</strong></span> <span class='ocrx_word' id='word_1_140' title='bbox 3347 689 3449 728; x_wconf 90' lang='lat' dir='ltr'><strong>nec</strong></span> <span class='ocrx_word' id='word_1_141' title='bbox 3479 674 3711 729; x_wconf 81' lang='lat' dir='ltr'><strong>locatam</strong></span> 
     </span>
    </p>
   </div>
   <div class='ocr_carea' id='block_1_22' title="bbox 2145 762 3710 834">
    <p class='ocr_par' dir='ltr' id='par_1_22' title="bbox 2145 762 3710 834">
     <span class='ocr_line' id='line_1_22' title="bbox 2145 762 3710 834; baseline -0.001 -15"><span class='ocrx_word' id='word_1_142' title='bbox 2145 766 2460 820; x_wconf 85' lang='lat' dir='ltr'><strong>hominibus</strong></span> <span class='ocrx_word' id='word_1_143' title='bbox 2512 780 2734 834; x_wconf 90' lang='lat' dir='ltr'><strong>operam</strong></span> <span class='ocrx_word' id='word_1_144' title='bbox 2784 778 2852 818; x_wconf 85' lang='lat' dir='ltr'><strong>ex</strong></span> <span class='ocrx_word' id='word_1_145' title='bbox 2906 764 3013 819; x_wconf 87' lang='lat' dir='ltr'><strong>illis</strong></span> <span class='ocrx_word' id='word_1_146' title='bbox 3067 765 3278 820; x_wconf 86' lang='lat' dir='ltr'><strong>audias.</strong></span> <span class='ocrx_word' id='word_1_147' title='bbox 3327 762 3461 830; x_wconf 85' lang='lat' dir='ltr'><strong>lmo,</strong></span> <span class='ocrx_word' id='word_1_148' title='bbox 3501 765 3710 819; x_wconf 87' lang='lat' dir='ltr'><strong>nullum</strong></span> 
     </span>
    </p>
   </div>
   <div class='ocr_carea' id='block_1_23' title="bbox 2145 854 3715 927">
    <p class='ocr_par' dir='ltr' id='par_1_23' title="bbox 2145 854 3715 927">
     <span class='ocr_line' id='line_1_23' title="bbox 2145 854 3715 927; baseline -0.001 -15"><span class='ocrx_word' id='word_1_149' title='bbox 2145 872 2364 927; x_wconf 86' lang='lat' dir='ltr'><strong>quoque</strong></span> <span class='ocrx_word' id='word_1_150' title='bbox 2397 854 2542 926; x_wconf 89' lang='lat' dir='ltr'><strong>apud</strong></span> <span class='ocrx_word' id='word_1_151' title='bbox 2576 869 2670 909; x_wconf 91' lang='lat' dir='ltr'><strong>eos</strong></span> <span class='ocrx_word' id='word_1_152' title='bbox 2700 864 2933 911; x_wconf 90' lang='lat' dir='ltr'><strong>atratum</strong></span> <span class='ocrx_word' id='word_1_153' title='bbox 2980 871 3044 912; x_wconf 92' lang='lat' dir='ltr'><strong>ac</strong></span> <span class='ocrx_word' id='word_1_154' title='bbox 3084 856 3310 925; x_wconf 80' lang='lat' dir='ltr'><strong>lugubre</strong></span> <span class='ocrx_word' id='word_1_155' title='bbox 3361 854 3558 911; x_wconf 83' lang='lat' dir='ltr'><strong>festum</strong></span> <span class='ocrx_word' id='word_1_156' title='bbox 3598 856 3715 927; x_wconf 85' lang='lat' dir='ltr'><strong>agi-</strong></span> 
     </span>
    </p>
   </div>
   <div class='ocr_carea' id='block_1_24' title="bbox 2146 947 3716 1019">
    <p class='ocr_par' dir='ltr' id='par_1_24' title="bbox 2146 947 3716 1019">
     <span class='ocr_line' id='line_1_24' title="bbox 2146 947 3716 1019; baseline -0.001 -14"><span class='ocrx_word' id='word_1_157' title='bbox 2146 960 2253 1014; x_wconf 89' lang='lat' dir='ltr'><strong>tur,</strong></span> <span class='ocrx_word' id='word_1_158' title='bbox 2287 951 2341 1004; x_wconf 92' lang='lat' dir='ltr'><strong>in</strong></span> <span class='ocrx_word' id='word_1_159' title='bbox 2371 965 2481 1019; x_wconf 91' lang='lat' dir='ltr'><strong>quo</strong></span> <span class='ocrx_word' id='word_1_160' title='bbox 2512 949 2756 1004; x_wconf 90' lang='lat' dir='ltr'><strong>sublatos</strong></span> <span class='ocrx_word' id='word_1_161' title='bbox 2784 962 2815 1003; x_wconf 92' lang='lat' dir='ltr'><strong>e</strong></span> <span class='ocrx_word' id='word_1_162' title='bbox 2845 948 3025 1003; x_wconf 88' lang='lat' dir='ltr'><strong>medio</strong></span> <span class='ocrx_word' id='word_1_163' title='bbox 3053 948 3184 1003; x_wconf 89' lang='lat' dir='ltr'><strong>deos</strong></span> <span class='ocrx_word' id='word_1_164' title='bbox 3210 947 3516 1017; x_wconf 85' lang='lat' dir='ltr'><strong>planetibus</strong></span> <span class='ocrx_word' id='word_1_165' title='bbox 3551 958 3606 1003; x_wconf 92' lang='lat' dir='ltr'><strong>et</strong></span> <span class='ocrx_word' id='word_1_166' title='bbox 3634 950 3716 1004; x_wconf 87' lang='lat' dir='ltr'><strong>la—</strong></span> 
     </span>
    </p>
   </div>
   <div class='ocr_carea' id='block_1_25' title="bbox 2144 1038 3717 1108">
    <p class='ocr_par' dir='ltr' id='par_1_25' title="bbox 2144 1038 3717 1108">
     <span class='ocr_line' id='line_1_25' title="bbox 2144 1038 3717 1108; baseline -0.001 -13"><span class='ocrx_word' id='word_1_167' title='bbox 2144 1040 2345 1095; x_wconf 85' lang='lat' dir='ltr'><strong>mentis</strong></span> <span class='ocrx_word' id='word_1_168' title='bbox 2373 1039 2708 1094; x_wconf 67' lang='lat' dir='ltr'><strong>muliercula:</strong></span> <span class='ocrx_word' id='word_1_169' title='bbox 2734 1046 3155 1108; x_wconf 82' lang='lat' dir='ltr'><strong>prosequantur,</strong></span> <span class='ocrx_word' id='word_1_170' title='bbox 3185 1038 3489 1107; x_wconf 91' lang='lat' dir='ltr'><strong>cujusmodi</strong></span> <span class='ocrx_word' id='word_1_171' title='bbox 3521 1054 3553 1093; x_wconf 89' lang='lat' dir='ltr'><strong>a</strong></span> <span class='ocrx_word' id='word_1_172' title='bbox 3574 1038 3717 1094; x_wconf 72' lang='lat' dir='ltr'><strong>Grae-</strong></span> 
     </span>
    </p>
   </div>
   <div class='ocr_carea' id='block_1_26' title="bbox 2143 1129 3713 1204">
    <p class='ocr_par' dir='ltr' id='par_1_26' title="bbox 2143 1129 3713 1204">
     <span class='ocr_line' id='line_1_26' title="bbox 2143 1129 3713 1204; baseline -0.001 -17"><span class='ocrx_word' id='word_1_173' title='bbox 2143 1130 2225 1187; x_wconf 86' lang='lat' dir='ltr'><strong>cis</strong></span> <span class='ocrx_word' id='word_1_174' title='bbox 2270 1131 2355 1204; x_wconf 88' lang='lat' dir='ltr'><strong>vel</strong></span> <span class='ocrx_word' id='word_1_175' title='bbox 2401 1131 2473 1186; x_wconf 93' lang='lat' dir='ltr'><strong>ob</strong></span> <span class='ocrx_word' id='word_1_176' title='bbox 2502 1130 2846 1201; x_wconf 68' lang='lat' dir='ltr'><strong>Proserpinae</strong></span> <span class='ocrx_word' id='word_1_177' title='bbox 2892 1137 3132 1199; x_wconf 89' lang='lat' dir='ltr'><strong>raptum,</strong></span> <span class='ocrx_word' id='word_1_178' title='bbox 3182 1129 3269 1184; x_wconf 91' lang='lat' dir='ltr'><strong>vel</strong></span> <span class='ocrx_word' id='word_1_179' title='bbox 3324 1130 3394 1184; x_wconf 93' lang='lat' dir='ltr'><strong>ob</strong></span> <span class='ocrx_word' id='word_1_180' title='bbox 3440 1131 3713 1187; x_wconf 79' lang='lat' dir='ltr'><strong>exitialem</strong></span> 
     </span>
    </p>
   </div>
   <div class='ocr_carea' id='block_1_27' title="bbox 2145 1219 3717 1290">
    <p class='ocr_par' dir='ltr' id='par_1_27' title="bbox 2145 1219 3717 1290">
     <span class='ocr_line' id='line_1_27' title="bbox 2145 1219 3717 1290; baseline -0.002 -11"><span class='ocrx_word' id='word_1_181' title='bbox 2145 1225 2344 1281; x_wconf 88' lang='lat' dir='ltr'><strong>Bacchi</strong></span> <span class='ocrx_word' id='word_1_182' title='bbox 2385 1232 2612 1287; x_wconf 83' lang='lat' dir='ltr'><strong>sortem,</strong></span> <span class='ocrx_word' id='word_1_183' title='bbox 2657 1222 2974 1290; x_wconf 79' lang='lat' dir='ltr'><strong>similesque</strong></span> <span class='ocrx_word' id='word_1_184' title='bbox 3009 1235 3194 1284; x_wconf 88' lang='lat' dir='ltr'><strong>casus,</strong></span> <span class='ocrx_word' id='word_1_185' title='bbox 3223 1219 3452 1275; x_wconf 91' lang='lat' dir='ltr'><strong>solemni</strong></span> <span class='ocrx_word' id='word_1_186' title='bbox 3484 1221 3592 1276; x_wconf 91' lang='lat' dir='ltr'><strong>ritu</strong></span> <span class='ocrx_word' id='word_1_187' title='bbox 3625 1237 3717 1276; x_wconf 88' lang='lat' dir='ltr'><strong>ee-</strong></span> 
     </span>
    </p>
   </div>
   <div class='ocr_carea' id='block_1_28' title="bbox 2144 1314 3718 1384">
    <p class='ocr_par' dir='ltr' id='par_1_28' title="bbox 2144 1314 3718 1384">
     <span class='ocr_line' id='line_1_28' title="bbox 2144 1314 3718 1384; baseline -0.004 -10"><span class='ocrx_word' id='word_1_188' title='bbox 2144 1319 2344 1374; x_wconf 88' lang='lat' dir='ltr'><strong>lebrari</strong></span> <span class='ocrx_word' id='word_1_189' title='bbox 2375 1318 2571 1373; x_wconf 88' lang='lat' dir='ltr'><strong>solent.</strong></span> <span class='ocrx_word' id='word_1_190' title='bbox 2601 1314 2727 1370; x_wconf 86' lang='lat' dir='ltr'><strong>Non</strong></span> <span class='ocrx_word' id='word_1_191' title='bbox 2755 1314 3007 1384; x_wconf 85' lang='lat' dir='ltr'><strong>denique,</strong></span> <span class='ocrx_word' id='word_1_192' title='bbox 3043 1314 3128 1367; x_wconf 89' lang='lat' dir='ltr'><strong>vel</strong></span> <span class='ocrx_word' id='word_1_193' title='bbox 3159 1314 3414 1382; x_wconf 88' lang='lat' dir='ltr'><strong>collapsis</strong></span> <span class='ocrx_word' id='word_1_194' title='bbox 3446 1314 3549 1369; x_wconf 89' lang='lat' dir='ltr'><strong>hoc</strong></span> <span class='ocrx_word' id='word_1_195' title='bbox 3579 1324 3718 1370; x_wconf 86' lang='lat' dir='ltr'><strong>tem-</strong></span> 
     </span>
    </p>
   </div>
   <div class='ocr_carea' id='block_1_29' title="bbox 2143 1404 3716 1478">
    <p class='ocr_par' dir='ltr' id='par_1_29' title="bbox 2143 1404 3716 1478">
     <span class='ocr_line' id='line_1_29' title="bbox 2143 1404 3716 1478; baseline -0.003 -16"><span class='ocrx_word' id='word_1_196' title='bbox 2143 1423 2276 1478; x_wconf 90' lang='lat' dir='ltr'><strong>pore</strong></span> <span class='ocrx_word' id='word_1_197' title='bbox 2323 1407 2569 1461; x_wconf 89' lang='lat' dir='ltr'><strong>moribus</strong></span> <span class='ocrx_word' id='word_1_198' title='bbox 2614 1406 2826 1475; x_wconf 86' lang='lat' dir='ltr'><strong>patriis,</strong></span> <span class='ocrx_word' id='word_1_199' title='bbox 2870 1406 3121 1460; x_wconf 89' lang='lat' dir='ltr'><strong>homines</strong></span> <span class='ocrx_word' id='word_1_200' title='bbox 3166 1404 3350 1459; x_wconf 87' lang='lat' dir='ltr'><strong>videas</strong></span> <span class='ocrx_word' id='word_1_201' title='bbox 3408 1419 3440 1459; x_wconf 90' lang='lat' dir='ltr'><strong>a</strong></span> <span class='ocrx_word' id='word_1_202' title='bbox 3493 1405 3716 1459; x_wconf 81' lang='lat' dir='ltr'><strong>numine</strong></span> 
     </span>
    </p>
   </div>
   <div class='ocr_carea' id='block_1_30' title="bbox 2145 1495 3714 1568">
    <p class='ocr_par' dir='ltr' id='par_1_30' title="bbox 2145 1495 3714 1568">
     <span class='ocr_line' id='line_1_30' title="bbox 2145 1495 3714 1568; baseline -0.003 -16"><span class='ocrx_word' id='word_1_203' title='bbox 2145 1499 2399 1568; x_wconf 80' lang='lat' dir='ltr'><strong>agitatas,</strong></span> <span class='ocrx_word' id='word_1_204' title='bbox 2427 1513 2539 1552; x_wconf 92' lang='lat' dir='ltr'><strong>non</strong></span> <span class='ocrx_word' id='word_1_205' title='bbox 2570 1497 2792 1553; x_wconf 86' lang='lat' dir='ltr'><strong>insanas</strong></span> <span class='ocrx_word' id='word_1_206' title='bbox 2819 1496 3187 1568; x_wconf 79' lang='lat' dir='ltr'><strong>Corybantum</strong></span> <span class='ocrx_word' id='word_1_207' title='bbox 3225 1495 3573 1566; x_wconf 85' lang='lat' dir='ltr'><strong>jactationes,</strong></span> <span class='ocrx_word' id='word_1_208' title='bbox 3604 1512 3714 1551; x_wconf 92' lang='lat' dir='ltr'><strong>non</strong></span> 
     </span>
    </p>
   </div>
   <div class='ocr_carea' id='block_1_31' title="bbox 2152 1590 3724 1661">
    <p class='ocr_par' dir='ltr' id='par_1_31' title="bbox 2152 1590 3724 1661">
     <span class='ocr_line' id='line_1_31' title="bbox 2152 1590 3724 1661; baseline -0.001 -16"><span class='ocrx_word' id='word_1_209' title='bbox 2152 1590 2505 1647; x_wconf 83' lang='lat' dir='ltr'><strong>Bacchanalia</strong></span> <span class='ocrx_word' id='word_1_210' title='bbox 2524 1633 2541 1658; x_wconf 95' lang='lat'><strong>,</strong></span> <span class='ocrx_word' id='word_1_211' title='bbox 2569 1601 2623 1645; x_wconf 89' lang='lat' dir='ltr'><strong>et</strong></span> <span class='ocrx_word' id='word_1_212' title='bbox 2647 1606 2846 1647; x_wconf 90' lang='lat' dir='ltr'><strong>arcana</strong></span> <span class='ocrx_word' id='word_1_213' title='bbox 2884 1591 3269 1661; x_wconf 81' lang='lat' dir='ltr'><strong>mysteriorum</strong></span> <span class='ocrx_word' id='word_1_214' title='bbox 3300 1590 3473 1655; x_wconf 88' lang='lat' dir='ltr'><strong>initia,</strong></span> <span class='ocrx_word' id='word_1_215' title='bbox 3501 1604 3611 1643; x_wconf 89' lang='lat' dir='ltr'><strong>non</strong></span> <span class='ocrx_word' id='word_1_216' title='bbox 3641 1590 3724 1644; x_wconf 62' lang='grc' dir='ltr'>νίς</span> 
     </span>
    </p>
   </div>
   <div class='ocr_carea' id='block_1_32' title="bbox 2145 1680 3725 1750">
    <p class='ocr_par' dir='ltr' id='par_1_32' title="bbox 2145 1680 3725 1750">
     <span class='ocr_line' id='line_1_32' title="bbox 2145 1680 3725 1750; baseline -0.002 -13"><span class='ocrx_word' id='word_1_217' title='bbox 2145 1697 2332 1737; x_wconf 89' lang='lat' dir='ltr'><strong>rorum</strong></span> <span class='ocrx_word' id='word_1_218' title='bbox 2363 1696 2489 1736; x_wconf 88' lang='lat' dir='ltr'><strong>eum</strong></span> <span class='ocrx_word' id='word_1_219' title='bbox 2525 1681 2847 1736; x_wconf 86' lang='lat' dir='ltr'><strong>mulieribus</strong></span> <span class='ocrx_word' id='word_1_220' title='bbox 2888 1680 2943 1735; x_wconf 88' lang='lat' dir='ltr'><strong>in</strong></span> <span class='ocrx_word' id='word_1_221' title='bbox 2970 1682 3197 1735; x_wconf 89' lang='lat' dir='ltr'><strong>deorum</strong></span> <span class='ocrx_word' id='word_1_222' title='bbox 3234 1680 3459 1750; x_wconf 82' lang='lat' dir='ltr'><strong>templis</strong></span> <span class='ocrx_word' id='word_1_223' title='bbox 3495 1689 3725 1735; x_wconf 46' lang='lat' dir='ltr'><strong>nocturq</strong></span> 
     </span>
    </p>
   </div>
   <div class='ocr_carea' id='block_1_33' title="bbox 2146 1770 3727 1844">
    <p class='ocr_par' dir='ltr' id='par_1_33' title="bbox 2146 1770 3727 1844">
     <span class='ocr_line' id='line_1_33' title="bbox 2146 1770 3727 1844; baseline -0.001 -16"><span class='ocrx_word' id='word_1_224' title='bbox 2146 1790 2248 1829; x_wconf 91' lang='lat' dir='ltr'><strong>nas</strong></span> <span class='ocrx_word' id='word_1_225' title='bbox 2295 1774 2753 1844; x_wconf 86' lang='lat' dir='ltr'><strong>pervigilatioues,</strong></span> <span class='ocrx_word' id='word_1_226' title='bbox 2794 1787 2895 1828; x_wconf 88' lang='lat' dir='ltr'><strong>nec</strong></span> <span class='ocrx_word' id='word_1_227' title='bbox 2940 1770 3263 1840; x_wconf 75' lang='lat' dir='ltr'><strong>huiusmodi</strong></span> <span class='ocrx_word' id='word_1_228' title='bbox 3306 1772 3528 1841; x_wconf 67' lang='lat' dir='ltr'><strong>reliqua</strong></span> <span class='ocrx_word' id='word_1_229' title='bbox 3557 1786 3727 1826; x_wconf 41' lang='lat' dir='ltr'><strong>mena</strong></span> 
     </span>
    </p>
   </div>
   <div class='ocr_carea' id='block_1_34' title="bbox 460 1839 2042 1937">
    <p class='ocr_par' dir='ltr' id='par_1_34' title="bbox 460 1839 2042 1937">
     <span class='ocr_line' id='line_1_34' title="bbox 460 1839 2042 1937; baseline -0.001 -22"><span class='ocrx_word' id='word_1_230' title='bbox 460 1865 633 1935; x_wconf 66' lang='grc' dir='ltr'>ἔγωγε</span> <span class='ocrx_word' id='word_1_231' title='bbox 670 1839 1009 1937; x_wconf 76' lang='grc' dir='ltr'>τεθαύμακα,</span> <span class='ocrx_word' id='word_1_232' title='bbox 1033 1839 1249 1934; x_wconf 36' lang='grc' dir='ltr'>’καίπερ</span> <span class='ocrx_word' id='word_1_233' title='bbox 1288 1864 1497 1937; x_wconf 83' lang='grc' dir='ltr'>μυρίων</span> <span class='ocrx_word' id='word_1_234' title='bbox 1528 1864 1672 1917; x_wconf 84' lang='grc' dir='ltr'>ὅσων</span> <span class='ocrx_word' id='word_1_235' title='bbox 1704 1865 1784 1927; x_wconf 83' lang='grc' dir='ltr'><strong>εἰς</strong></span> <span class='ocrx_word' id='word_1_236' title='bbox 1805 1839 1913 1933; x_wconf 30' lang='grc' dir='ltr'>*τὴν</span> <span class='ocrx_word' id='word_1_237' title='bbox 1944 1863 2042 1915; x_wconf 83' lang='grc' dir='ltr'>πό-</span> 
     </span>
    </p>
   </div>
   <div class='ocr_carea' id='block_1_35' title="bbox 2142 1839 3721 1937">
    <p class='ocr_par' dir='ltr' id='par_1_35' title="bbox 2149 1839 3721 1933">
     <span class='ocr_line' id='line_1_35' title="bbox 2149 1839 3721 1933; baseline 0 -16"><span class='ocrx_word' id='word_1_238' title='bbox 2149 1839 2385 1917; x_wconf 81' lang='lat' dir='ltr'><strong>strorum</strong></span> <span class='ocrx_word' id='word_1_239' title='bbox 2421 1839 2620 1916; x_wconf 75' lang='lat' dir='ltr'><strong>similia</strong></span> <span class='ocrx_word' id='word_1_240' title='bbox 2645 1879 2659 1915; x_wconf 88' lang='lat'><strong>:</strong></span> <span class='ocrx_word' id='word_1_241' title='bbox 2698 1860 2793 1916; x_wconf 89' lang='lat' dir='ltr'><strong>sed</strong></span> <span class='ocrx_word' id='word_1_242' title='bbox 2821 1839 3086 1930; x_wconf 85' lang='lat' dir='ltr'><strong>quidquid</strong></span> <span class='ocrx_word' id='word_1_243' title='bbox 3117 1862 3193 1916; x_wconf 80' lang='lat' dir='ltr'><strong>ad</strong></span> <span class='ocrx_word' id='word_1_244' title='bbox 3218 1839 3505 1933; x_wconf 83' lang='lat' dir='ltr'><strong>religiones</strong></span> <span class='ocrx_word' id='word_1_245' title='bbox 3534 1871 3601 1917; x_wconf 56' lang='lat' dir='ltr'><strong>et.</strong></span> <span class='ocrx_word' id='word_1_246' title='bbox 3626 1877 3721 1918; x_wconf 85' lang='lat' dir='ltr'><strong>sa-</strong></span> 
     </span>
    </p>
   </div>
   <div class='ocr_carea' id='block_1_36' title="bbox 459 1947 2041 2028">
    <p class='ocr_par' dir='ltr' id='par_1_36' title="bbox 459 1947 2041 2028">
     <span class='ocr_line' id='line_1_36' title="bbox 459 1947 2041 2028; baseline -0.001 -20"><span class='ocrx_word' id='word_1_247' title='bbox 459 1955 546 2027; x_wconf 78' lang='grc' dir='ltr'><strong>λιν</strong></span> <span class='ocrx_word' id='word_1_248' title='bbox 615 1955 1025 2027; x_wconf 75' lang='grc' dir='ltr'>ἐπεληλυθότων</span> <span class='ocrx_word' id='word_1_249' title='bbox 1062 1954 1274 2028; x_wconf 50' lang='grc' dir='ltr'>ἐθνῶνη</span> <span class='ocrx_word' id='word_1_250' title='bbox 1294 1947 1375 2017; x_wconf 75' lang='grc' dir='ltr'>οἷς</span> <span class='ocrx_word' id='word_1_251' title='bbox 1408 1954 1574 2025; x_wconf 86' lang='grc' dir='ltr'>πολλὴ</span> <span class='ocrx_word' id='word_1_252' title='bbox 1605 1952 1817 2025; x_wconf 82' lang='grc' dir='ltr'>ἀνάγκη</span> <span class='ocrx_word' id='word_1_253' title='bbox 1863 1952 2041 2006; x_wconf 89' lang='grc' dir='ltr'>σέϐειν</span> 
     </span>
    </p>
   </div>
   <div class='ocr_carea' id='block_1_37' title="bbox 459 2042 2039 2114">
    <p class='ocr_par' dir='ltr' id='par_1_37' title="bbox 459 2042 2039 2114">
     <span class='ocr_line' id='line_1_37' title="bbox 459 2042 2039 2114; baseline -0.003 -16"><span class='ocrx_word' id='word_1_254' title='bbox 459 2048 587 2109; x_wconf 83' lang='grc' dir='ltr'>τοὺς</span> <span class='ocrx_word' id='word_1_255' title='bbox 620 2044 882 2114; x_wconf 83' lang='grc' dir='ltr'>πατρίους</span> <span class='ocrx_word' id='word_1_256' title='bbox 923 2043 1078 2107; x_wconf 83' lang='grc' dir='ltr'>θεοὺς</span> <span class='ocrx_word' id='word_1_257' title='bbox 1121 2046 1232 2107; x_wconf 87' lang='grc' dir='ltr'>τοῖς</span> <span class='ocrx_word' id='word_1_258' title='bbox 1276 2042 1489 2097; x_wconf 72' lang='grc' dir='ltr'>οἴκοθεν</span> <span class='ocrx_word' id='word_1_259' title='bbox 1529 2042 1802 2113; x_wconf 86' lang='grc' dir='ltr'>νομίμοις,</span> <span class='ocrx_word' id='word_1_260' title='bbox 1829 2042 2039 2106; x_wconf 82' lang='grc' dir='ltr'>οὐδενὸς</span> 
     </span>
    </p>
   </div>
   <div class='ocr_carea' id='block_1_38' title="bbox 460 2132 2041 2206">
    <p class='ocr_par' dir='ltr' id='par_1_38' title="bbox 460 2132 2041 2206">
     <span class='ocr_line' id='line_1_38' title="bbox 460 2132 2041 2206; baseline -0.003 -18"><span class='ocrx_word' id='word_1_261' title='bbox 460 2139 541 2199; x_wconf 68' lang='grc' dir='ltr'>αἱς</span> <span class='ocrx_word' id='word_1_262' title='bbox 569 2134 729 2205; x_wconf 77' lang='grc' dir='ltr'>ζῆλον</span> <span class='ocrx_word' id='word_1_263' title='bbox 760 2134 986 2206; x_wconf 76' lang='grc' dir='ltr'>ἐλήλυθε</span> <span class='ocrx_word' id='word_1_264' title='bbox 1016 2133 1123 2187; x_wconf 85' lang='grc' dir='ltr'><strong>τῶν</strong></span> <span class='ocrx_word' id='word_1_265' title='bbox 1149 2133 1375 2200; x_wconf 82' lang='grc' dir='ltr'>ξενικῶν</span> <span class='ocrx_word' id='word_1_266' title='bbox 1398 2132 1846 2203; x_wconf 80' lang='grc' dir='ltr'>ἐπιτηδευμάτων</span> <span class='ocrx_word' id='word_1_267' title='bbox 1877 2134 1909 2203; x_wconf 83' lang='grc' dir='ltr'>ἡ</span> <span class='ocrx_word' id='word_1_268' title='bbox 1944 2132 2041 2184; x_wconf 88' lang='grc' dir='ltr'>πό-</span> 
     </span>
    </p>
   </div>
   <div class='ocr_carea' id='block_1_39' title="bbox 460 2222 2038 2297">
    <p class='ocr_par' dir='ltr' id='par_1_39' title="bbox 460 2222 2038 2297">
     <span class='ocr_line' id='line_1_39' title="bbox 460 2222 2038 2297; baseline -0.003 -18"><span class='ocrx_word' id='word_1_269' title='bbox 460 2230 543 2290; x_wconf 68' lang='grc' dir='ltr'><strong>λις</strong></span> <span class='ocrx_word' id='word_1_270' title='bbox 567 2224 823 2297; x_wconf 84' lang='grc' dir='ltr'>δημοσία,</span> <span class='ocrx_word' id='word_1_271' title='bbox 852 2224 881 2277; x_wconf 80' lang='grc' dir='ltr'>ὃ</span> <span class='ocrx_word' id='word_1_272' title='bbox 918 2223 1133 2287; x_wconf 86' lang='grc' dir='ltr'>πολλοῖς</span> <span class='ocrx_word' id='word_1_273' title='bbox 1166 2223 1267 2295; x_wconf 81' lang='grc' dir='ltr'><strong>ήδη</strong></span> <span class='ocrx_word' id='word_1_274' title='bbox 1301 2223 1496 2294; x_wconf 88' lang='grc' dir='ltr'>συνέϐη</span> <span class='ocrx_word' id='word_1_275' title='bbox 1528 2223 1753 2277; x_wconf 86' lang='grc' dir='ltr'>παθεῖν·</span> <span class='ocrx_word' id='word_1_276' title='bbox 1785 2222 1920 2276; x_wconf 83' lang='grc' dir='ltr'>ἀλλὰ</span> <span class='ocrx_word' id='word_1_277' title='bbox 1947 2223 2038 2276; x_wconf 75' lang='grc' dir='ltr'><strong>καὶ</strong></span> 
     </span>
    </p>
   </div>
   <div class='ocr_carea' id='block_1_40' title="bbox 460 2312 2038 2385">
    <p class='ocr_par' dir='ltr' id='par_1_40' title="bbox 460 2312 2038 2385">
     <span class='ocr_line' id='line_1_40' title="bbox 460 2312 2038 2385; baseline -0.004 -13"><span class='ocrx_word' id='word_1_278' title='bbox 460 2316 514 2372; x_wconf 76' lang='grc' dir='ltr'>εἴ</span> <span class='ocrx_word' id='word_1_279' title='bbox 553 2333 675 2370; x_wconf 88' lang='grc' dir='ltr'>τινα</span> <span class='ocrx_word' id='word_1_280' title='bbox 720 2314 862 2369; x_wconf 83' lang='grc' dir='ltr'>κατὰ</span> <span class='ocrx_word' id='word_1_281' title='bbox 898 2316 1178 2385; x_wconf 84' lang='grc' dir='ltr'>χρησμοὺς</span> <span class='ocrx_word' id='word_1_282' title='bbox 1221 2314 1544 2385; x_wconf 84' lang='grc' dir='ltr'>ἐπεισῆκται</span> <span class='ocrx_word' id='word_1_283' title='bbox 1592 2313 1704 2385; x_wconf 89' lang='grc'>(19)</span> <span class='ocrx_word' id='word_1_284' title='bbox 1751 2312 1892 2384; x_wconf 85' lang='grc' dir='ltr'>ίερὰ,</span> <span class='ocrx_word' id='word_1_285' title='bbox 1925 2316 2038 2378; x_wconf 88' lang='grc' dir='ltr'>τοῖς</span> 
     </span>
    </p>
   </div>
   <div class='ocr_carea' id='block_1_41' title="bbox 461 2403 2039 2477">
    <p class='ocr_par' dir='ltr' id='par_1_41' title="bbox 461 2403 2039 2477">
     <span class='ocr_line' id='line_1_41' title="bbox 461 2403 2039 2477; baseline -0.003 -16"><span class='ocrx_word' id='word_1_286' title='bbox 461 2407 648 2461; x_wconf 78' lang='grc' dir='ltr'>αὐτόθι</span> <span class='ocrx_word' id='word_1_287' title='bbox 696 2405 834 2459; x_wconf 85' lang='grc' dir='ltr'>αὐτὰ</span> <span class='ocrx_word' id='word_1_288' title='bbox 885 2404 1129 2477; x_wconf 89' lang='grc' dir='ltr'>νομίμως</span> <span class='ocrx_word' id='word_1_289' title='bbox 1183 2403 1552 2475; x_wconf 84' lang='grc' dir='ltr'>μεθήρμοσεν,</span> <span class='ocrx_word' id='word_1_290' title='bbox 1604 2403 1821 2458; x_wconf 74' lang='grc' dir='ltr'>ἅπασαν</span> <span class='ocrx_word' id='word_1_291' title='bbox 1874 2403 2039 2457; x_wconf 84' lang='grc' dir='ltr'>ἐκϐα-</span> 
     </span>
    </p>
   </div>
   <div class='ocr_carea' id='block_1_42' title="bbox 460 2494 2036 2568">
    <p class='ocr_par' dir='ltr' id='par_1_42' title="bbox 460 2494 2036 2568">
     <span class='ocr_line' id='line_1_42' title="bbox 460 2494 2036 2568; baseline -0.002 -17"><span class='ocrx_word' id='word_1_292' title='bbox 460 2499 627 2552; x_wconf 80' lang='grc' dir='ltr'>λοῦσα</span> <span class='ocrx_word' id='word_1_293' title='bbox 676 2496 963 2568; x_wconf 85' lang='grc' dir='ltr'>τερθρείαν</span> <span class='ocrx_word' id='word_1_294' title='bbox 1018 2494 1279 2567; x_wconf 89' lang='grc' dir='ltr'>μυθικήν·</span> <span class='ocrx_word' id='word_1_295' title='bbox 1347 2494 1537 2566; x_wconf 86' lang='grc' dir='ltr'>ὥσπερ</span> <span class='ocrx_word' id='word_1_296' title='bbox 1587 2494 1656 2549; x_wconf 80' lang='grc' dir='ltr'>τὰ</span> <span class='ocrx_word' id='word_1_297' title='bbox 1707 2495 1808 2566; x_wconf 85' lang='grc' dir='ltr'><strong>τῆς</strong></span> <span class='ocrx_word' id='word_1_298' title='bbox 1866 2496 2036 2566; x_wconf 81' lang='grc' dir='ltr'>Ἱερᾶς</span> 
     </span>
    </p>
   </div>
   <div class='ocr_carea' id='block_1_43' title="bbox 458 2585 2036 2659">
    <p class='ocr_par' dir='ltr' id='par_1_43' title="bbox 458 2585 2036 2659">
     <span class='ocr_line' id='line_1_43' title="bbox 458 2585 2036 2659; baseline 0 -19"><span class='ocrx_word' id='word_1_299' title='bbox 458 2590 587 2651; x_wconf 76' lang='grc' dir='ltr'>θεᾶς</span> <span class='ocrx_word' id='word_1_300' title='bbox 630 2586 742 2659; x_wconf 87' lang='grc'>(20)</span> <span class='ocrx_word' id='word_1_301' title='bbox 789 2587 927 2658; x_wconf 86' lang='grc' dir='ltr'>ίερά.</span> <span class='ocrx_word' id='word_1_302' title='bbox 963 2585 1165 2651; x_wconf 87' lang='grc' dir='ltr'>Θυσίας</span> <span class='ocrx_word' id='word_1_303' title='bbox 1217 2586 1316 2658; x_wconf 86' lang='grc' dir='ltr'>μὲν</span> <span class='ocrx_word' id='word_1_304' title='bbox 1369 2585 1478 2658; x_wconf 78' lang='grc' dir='ltr'>γὰρ</span> <span class='ocrx_word' id='word_1_305' title='bbox 1517 2587 1657 2657; x_wconf 86' lang='grc' dir='ltr'>αὐτῇ</span> <span class='ocrx_word' id='word_1_306' title='bbox 1700 2587 1795 2640; x_wconf 75' lang='grc' dir='ltr'><strong>καὶ</strong></span> <span class='ocrx_word' id='word_1_307' title='bbox 1820 2586 2036 2656; x_wconf 86' lang='grc' dir='ltr'>ἀγῶνας</span> 
     </span>
    </p>
   </div>
   <div class='ocr_carea' id='block_1_44' title="bbox 457 2674 2038 2747">
    <p class='ocr_par' dir='ltr' id='par_1_44' title="bbox 457 2674 2038 2747">
     <span class='ocr_line' id='line_1_44' title="bbox 457 2674 2038 2747; baseline 0.001 -16"><span class='ocrx_word' id='word_1_308' title='bbox 457 2680 679 2747; x_wconf 80' lang='grc' dir='ltr'>ἄγουσιν</span> <span class='ocrx_word' id='word_1_309' title='bbox 708 2676 813 2729; x_wconf 82' lang='grc' dir='ltr'><strong>ἀνὰ</strong></span> <span class='ocrx_word' id='word_1_310' title='bbox 845 2677 952 2729; x_wconf 76' lang='grc' dir='ltr'>πᾶν</span> <span class='ocrx_word' id='word_1_311' title='bbox 987 2674 1104 2739; x_wconf 78' lang='grc' dir='ltr'>ἔτος</span> <span class='ocrx_word' id='word_1_312' title='bbox 1149 2676 1198 2728; x_wconf 91' lang='grc' dir='ltr'>οἱ</span> <span class='ocrx_word' id='word_1_313' title='bbox 1243 2676 1537 2746; x_wconf 71' lang='grc' dir='ltr'>στρατηγοὶ</span> <span class='ocrx_word' id='word_1_314' title='bbox 1567 2675 1709 2730; x_wconf 84' lang='grc' dir='ltr'>κατὰ</span> <span class='ocrx_word' id='word_1_315' title='bbox 1746 2677 1871 2741; x_wconf 78' lang='grc' dir='ltr'>τοὺς</span> <span class='ocrx_word' id='word_1_316' title='bbox 1914 2679 2038 2732; x_wconf 81' lang='grc' dir='ltr'><strong>Ῥω-</strong></span> 
     </span>
    </p>
   </div>
   <div class='ocr_carea' id='block_1_45' title="bbox 461 2767 2045 2841">
    <p class='ocr_par' dir='ltr' id='par_1_45' title="bbox 461 2767 2045 2841">
     <span class='ocr_line' id='line_1_45' title="bbox 461 2767 2045 2841; baseline 0 -18"><span class='ocrx_word' id='word_1_317' title='bbox 461 2769 634 2839; x_wconf 86' lang='grc' dir='ltr'>μαίων</span> <span class='ocrx_word' id='word_1_318' title='bbox 662 2767 859 2839; x_wconf 88' lang='grc' dir='ltr'>νόμους</span> <span class='ocrx_word' id='word_1_319' title='bbox 877 2784 891 2798; x_wconf 75' lang='grc' dir='ltr'><strong>ο</strong></span> <span class='ocrx_word' id='word_1_320' title='bbox 923 2770 1133 2840; x_wconf 82' lang='grc' dir='ltr'>ἱερᾶται</span> <span class='ocrx_word' id='word_1_321' title='bbox 1172 2767 1216 2821; x_wconf 84' lang='grc' dir='ltr'>δ’</span> <span class='ocrx_word' id='word_1_322' title='bbox 1239 2767 1412 2838; x_wconf 84' lang='grc' dir='ltr'>αὐτῆς</span> <span class='ocrx_word' id='word_1_323' title='bbox 1438 2768 1576 2841; x_wconf 81' lang='grc' dir='ltr'>ἀνὴρ</span> <span class='ocrx_word' id='word_1_324' title='bbox 1604 2767 1751 2840; x_wconf 80' lang='grc' dir='ltr'>Φρὺξ</span> <span class='ocrx_word' id='word_1_325' title='bbox 1776 2770 1871 2825; x_wconf 65' lang='grc' dir='ltr'><strong>καὶ</strong></span> <span class='ocrx_word' id='word_1_326' title='bbox 1898 2769 2045 2841; x_wconf 65' lang='grc' dir='ltr'>γυνη</span> 
     </span>
    </p>
   </div>
   <div class='ocr_carea' id='block_1_46' title="bbox 457 2856 2032 2934">
    <p class='ocr_par' dir='ltr' id='par_1_46' title="bbox 457 2856 2032 2934">
     <span class='ocr_line' id='line_1_46' title="bbox 457 2856 2032 2934; baseline 0.001 -21"><span class='ocrx_word' id='word_1_327' title='bbox 457 2861 687 2933; x_wconf 70' lang='grc' dir='ltr'>Φρυγία,</span> <span class='ocrx_word' id='word_1_328' title='bbox 711 2861 805 2915; x_wconf 67' lang='grc' dir='ltr'><strong>καὶ</strong></span> <span class='ocrx_word' id='word_1_329' title='bbox 835 2860 1187 2932; x_wconf 84' lang='grc' dir='ltr'>περιάγουσιν</span> <span class='ocrx_word' id='word_1_330' title='bbox 1221 2859 1328 2913; x_wconf 82' lang='grc' dir='ltr'><strong>ἀνὰ</strong></span> <span class='ocrx_word' id='word_1_331' title='bbox 1367 2860 1467 2931; x_wconf 82' lang='grc' dir='ltr'>τὴν</span> <span class='ocrx_word' id='word_1_332' title='bbox 1501 2859 1655 2914; x_wconf 85' lang='grc' dir='ltr'>πόλιν</span> <span class='ocrx_word' id='word_1_333' title='bbox 1695 2856 1842 2916; x_wconf 72' lang='grc' dir='ltr'>οὗτοι</span> <span class='ocrx_word' id='word_1_334' title='bbox 1896 2879 2032 2934; x_wconf 89' lang='grc' dir='ltr'>μην-</span> 
     </span>
    </p>
   </div>
   <div class='ocr_carea' id='block_1_47' title="bbox 461 2950 2038 3024">
    <p class='ocr_par' dir='ltr' id='par_1_47' title="bbox 461 2950 2038 3024">
     <span class='ocr_line' id='line_1_47' title="bbox 461 2950 2038 3024; baseline -0.001 -17"><span class='ocrx_word' id='word_1_335' title='bbox 461 2951 822 3024; x_wconf 82' lang='grc' dir='ltr'>αγυρτοῦντες</span> <span class='ocrx_word' id='word_1_336' title='bbox 847 2952 1004 3022; x_wconf 74' lang='grc'>(20⁸),</span> <span class='ocrx_word' id='word_1_337' title='bbox 1025 2951 1212 3022; x_wconf 85' lang='grc' dir='ltr'>ὥσπερ</span> <span class='ocrx_word' id='word_1_338' title='bbox 1236 2951 1417 3014; x_wconf 84' lang='grc' dir='ltr'>αὐτοῖς</span> <span class='ocrx_word' id='word_1_339' title='bbox 1442 2950 1584 3014; x_wconf 73' lang='grc' dir='ltr'>ἔθος,</span> <span class='ocrx_word' id='word_1_340' title='bbox 1598 2950 1798 3015; x_wconf 83' lang='grc' dir='ltr'>τύπους</span> <span class='ocrx_word' id='word_1_341' title='bbox 1812 2969 1872 3005; x_wconf 87' lang='grc' dir='ltr'><strong>τε</strong></span> <span class='ocrx_word' id='word_1_342' title='bbox 1884 2969 2038 3024; x_wconf 86' lang='grc' dir='ltr'>περι-</span> 
     </span>
    </p>
   </div>
   <div class='ocr_carea' id='block_1_48' title="bbox 459 3039 2036 3112">
    <p class='ocr_par' dir='ltr' id='par_1_48' title="bbox 459 3039 2036 3112">
     <span class='ocr_line' id='line_1_48' title="bbox 459 3039 2036 3112; baseline -0.001 -19"><span class='ocrx_word' id='word_1_343' title='bbox 459 3042 702 3112; x_wconf 87' lang='grc' dir='ltr'>κείμενοι</span> <span class='ocrx_word' id='word_1_344' title='bbox 728 3044 840 3105; x_wconf 86' lang='grc' dir='ltr'>τοῖς</span> <span class='ocrx_word' id='word_1_345' title='bbox 873 3041 1093 3106; x_wconf 86' lang='grc' dir='ltr'>στήθεσι</span> <span class='ocrx_word' id='word_1_346' title='bbox 1128 3040 1261 3111; x_wconf 86' lang='grc'>(21),</span> <span class='ocrx_word' id='word_1_347' title='bbox 1302 3040 1397 3092; x_wconf 78' lang='grc' dir='ltr'>καὶ</span> <span class='ocrx_word' id='word_1_348' title='bbox 1434 3039 1857 3110; x_wconf 88' lang='grc' dir='ltr'>καταυλούμενοι</span> <span class='ocrx_word' id='word_1_349' title='bbox 1900 3040 2036 3111; x_wconf 83' lang='grc' dir='ltr'>πρὸς</span> 
     </span>
    </p>
   </div>
   <div class='ocr_carea' id='block_1_49' title="bbox 459 3128 2049 3203">
    <p class='ocr_par' dir='ltr' id='par_1_49' title="bbox 459 3128 2049 3203">
     <span class='ocr_line' id='line_1_49' title="bbox 459 3128 2049 3203; baseline -0.002 -18"><span class='ocrx_word' id='word_1_350' title='bbox 459 3132 567 3185; x_wconf 84' lang='grc' dir='ltr'><strong>τῶν</strong></span> <span class='ocrx_word' id='word_1_351' title='bbox 612 3132 892 3203; x_wconf 77' lang='grc' dir='ltr'>ἑπομένων</span> <span class='ocrx_word' id='word_1_352' title='bbox 925 3132 994 3186; x_wconf 76' lang='grc' dir='ltr'>τὰ</span> <span class='ocrx_word' id='word_1_353' title='bbox 1012 3128 1461 3200; x_wconf 46' lang='grc' dir='ltr'>Μητρῷακμέλη,</span> <span class='ocrx_word' id='word_1_354' title='bbox 1484 3132 1580 3185; x_wconf 74' lang='grc' dir='ltr'><strong>καὶ</strong></span> <span class='ocrx_word' id='word_1_355' title='bbox 1619 3130 1879 3200; x_wconf 85' lang='grc' dir='ltr'>τύμπανα</span> <span class='ocrx_word' id='word_1_356' title='bbox 1909 3146 2049 3201; x_wconf 87' lang='grc' dir='ltr'>κρο-.</span> 
     </span>
    </p>
   </div>
   <div class='ocr_carea' id='block_1_50' title="bbox 467 3221 2038 3294">
    <p class='ocr_par' dir='ltr' id='par_1_50' title="bbox 467 3221 2038 3294">
     <span class='ocr_line' id='line_1_50' title="bbox 467 3221 2038 3294; baseline 0 -18"><span class='ocrx_word' id='word_1_357' title='bbox 467 3222 697 3287; x_wconf 81' lang='grc' dir='ltr'>τοῦντες.</span> <span class='ocrx_word' id='word_1_358' title='bbox 746 3221 1029 3294; x_wconf 85' lang='grc' dir='ltr'>Ῥωμαίων</span> <span class='ocrx_word' id='word_1_359' title='bbox 1059 3222 1116 3276; x_wconf 85' lang='grc' dir='ltr'>δὲ</span> <span class='ocrx_word' id='word_1_360' title='bbox 1141 3222 1250 3275; x_wconf 91' lang='grc' dir='ltr'><strong>τῶν</strong></span> <span class='ocrx_word' id='word_1_361' title='bbox 1272 3222 1593 3292; x_wconf 82' lang='grc' dir='ltr'>αὐθιγενῶν,</span> <span class='ocrx_word' id='word_1_362' title='bbox 1614 3222 1736 3275; x_wconf 80' lang='grc' dir='ltr'>οὐτε</span> <span class='ocrx_word' id='word_1_363' title='bbox 1768 3239 2038 3294; x_wconf 86' lang='grc' dir='ltr'>μηναγυρ-</span> 
     </span>
    </p>
   </div>
   <div class='ocr_carea' id='block_1_51' title="bbox 459 3310 2036 3385">
    <p class='ocr_par' dir='ltr' id='par_1_51' title="bbox 459 3310 2036 3385">
     <span class='ocr_line' id='line_1_51' title="bbox 459 3310 2036 3385; baseline 0.001 -20"><span class='ocrx_word' id='word_1_364' title='bbox 459 3312 568 3366; x_wconf 83' lang='grc' dir='ltr'><strong>τῶν</strong></span> <span class='ocrx_word' id='word_1_365' title='bbox 588 3330 692 3376; x_wconf 89' lang='grc' dir='ltr'>τις,</span> <span class='ocrx_word' id='word_1_366' title='bbox 738 3310 860 3365; x_wconf 80' lang='grc' dir='ltr'>οὔτε</span> <span class='ocrx_word' id='word_1_367' title='bbox 890 3312 1322 3383; x_wconf 88' lang='grc' dir='ltr'>καταυλούμενος</span> <span class='ocrx_word' id='word_1_368' title='bbox 1353 3312 1761 3385; x_wconf 79' lang='grc' dir='ltr'>πορεύεταιδιὰ</span> <span class='ocrx_word' id='word_1_369' title='bbox 1803 3313 1904 3383; x_wconf 77' lang='grc' dir='ltr'>τῆς</span> <span class='ocrx_word' id='word_1_370' title='bbox 1936 3314 2036 3367; x_wconf 88' lang='grc' dir='ltr'>πό-</span> 
     </span>
    </p>
   </div>
   <div class='ocr_carea' id='block_1_52' title="bbox 461 3400 2039 3475">
    <p class='ocr_par' dir='ltr' id='par_1_52' title="bbox 461 3400 2039 3475">
     <span class='ocr_line' id='line_1_52' title="bbox 461 3400 2039 3475; baseline 0.003 -21"><span class='ocrx_word' id='word_1_371' title='bbox 461 3416 615 3466; x_wconf 70' lang='grc' dir='ltr'>λεως,</span> <span class='ocrx_word' id='word_1_372' title='bbox 661 3402 909 3473; x_wconf 88' lang='grc' dir='ltr'>ποικίλην</span> <span class='ocrx_word' id='word_1_373' title='bbox 954 3402 1298 3474; x_wconf 72' lang='grc' dir='ltr'>ἐνδεδυμένος</span> <span class='ocrx_word' id='word_1_374' title='bbox 1332 3403 1547 3475; x_wconf 85' lang='grc' dir='ltr'>στολὴν,</span> <span class='ocrx_word' id='word_1_375' title='bbox 1594 3402 1720 3456; x_wconf 84' lang='grc' dir='ltr'>οὐτε</span> <span class='ocrx_word' id='word_1_376' title='bbox 1768 3400 2039 3475; x_wconf 81' lang='grc' dir='ltr'>ὀργιάζων</span> 
     </span>
    </p>
   </div>
   <div class='ocr_carea' id='block_1_53' title="bbox 462 3494 2041 3569">
    <p class='ocr_par' dir='ltr' id='par_1_53' title="bbox 462 3494 2041 3569">
     <span class='ocr_line' id='line_1_53' title="bbox 462 3494 2041 3569; baseline -0.001 -18"><span class='ocrx_word' id='word_1_377' title='bbox 462 3495 557 3567; x_wconf 79' lang='grc' dir='ltr'>τὴν</span> <span class='ocrx_word' id='word_1_378' title='bbox 589 3494 730 3561; x_wconf 86' lang='grc' dir='ltr'>θεὸν,</span> <span class='ocrx_word' id='word_1_379' title='bbox 756 3496 875 3554; x_wconf 86' lang='grc' dir='ltr'><strong>οὐδέ</strong></span> <span class='ocrx_word' id='word_1_380' title='bbox 902 3499 1012 3561; x_wconf 84' lang='grc' dir='ltr'>τοῖς</span> <span class='ocrx_word' id='word_1_381' title='bbox 1039 3498 1294 3568; x_wconf 78' lang='grc' dir='ltr'>Φρυγίοις</span> <span class='ocrx_word' id='word_1_382' title='bbox 1334 3497 1679 3569; x_wconf 85' lang='grc' dir='ltr'>ὀργιασμοῖς,</span> <span class='ocrx_word' id='word_1_383' title='bbox 1705 3498 1846 3553; x_wconf 87' lang='grc' dir='ltr'>κατὰ</span> <span class='ocrx_word' id='word_1_384' title='bbox 1875 3497 2041 3568; x_wconf 78' lang='grc' dir='ltr'>νόμον</span> 
     </span>
    </p>
   </div>
   <div class='ocr_carea' id='block_1_54' title="bbox 464 3585 2038 3659">
    <p class='ocr_par' dir='ltr' id='par_1_54' title="bbox 464 3585 2038 3659">
     <span class='ocr_line' id='line_1_54' title="bbox 464 3585 2038 3659; baseline -0.001 -19"><span class='ocrx_word' id='word_1_385' title='bbox 464 3589 495 3657; x_wconf 72' lang='grc' dir='ltr'>ἢ</span> <span class='ocrx_word' id='word_1_386' title='bbox 521 3587 776 3659; x_wconf 84' lang='grc' dir='ltr'>ψήφισμα</span> <span class='ocrx_word' id='word_1_387' title='bbox 809 3586 1021 3658; x_wconf 77' lang='grc' dir='ltr'>βουλῆς.</span> <span class='ocrx_word' id='word_1_388' title='bbox 1048 3586 1232 3649; x_wconf 76' lang='grc' dir='ltr'>Οὕτως</span> <span class='ocrx_word' id='word_1_389' title='bbox 1261 3585 1558 3657; x_wconf 83' lang='grc' dir='ltr'>εὐλαϐῶςή</span> <span class='ocrx_word' id='word_1_390' title='bbox 1588 3585 1742 3649; x_wconf 84' lang='grc' dir='ltr'>πόλις</span> <span class='ocrx_word' id='word_1_391' title='bbox 1763 3585 1874 3656; x_wconf 78' lang='grc' dir='ltr'>ἔχει</span> <span class='ocrx_word' id='word_1_392' title='bbox 1903 3585 2038 3657; x_wconf 77' lang='grc' dir='ltr'>πρὸς</span> 
     </span>
    </p>
   </div>
   <div class='ocr_carea' id='block_1_55' title="bbox 461 3676 2038 3749">
    <p class='ocr_par' dir='ltr' id='par_1_55' title="bbox 461 3676 2038 3749">
     <span class='ocr_line' id='line_1_55' title="bbox 461 3676 2038 3749; baseline -0.003 -16"><span class='ocrx_word' id='word_1_393' title='bbox 461 3683 532 3734; x_wconf 60' lang='grc' dir='ltr'>τὰ</span> <span class='ocrx_word' id='word_1_394' title='bbox 562 3679 664 3733; x_wconf 88' lang='grc' dir='ltr'><strong>οὐκ</strong></span> <span class='ocrx_word' id='word_1_395' title='bbox 695 3677 968 3749; x_wconf 84' lang='grc' dir='ltr'>ἐπιχώρια</span> <span class='ocrx_word' id='word_1_396' title='bbox 998 3676 1252 3748; x_wconf 24' lang='grc' dir='ltr'>ἔθηηπερὶ</span> <span class='ocrx_word' id='word_1_397' title='bbox 1285 3676 1443 3741; x_wconf 88' lang='grc' dir='ltr'>θεῶν,</span> <span class='ocrx_word' id='word_1_398' title='bbox 1484 3678 1578 3731; x_wconf 80' lang='grc' dir='ltr'>καὶ</span> <span class='ocrx_word' id='word_1_399' title='bbox 1618 3676 1796 3731; x_wconf 81' lang='grc' dir='ltr'>πάντα</span> <span class='ocrx_word' id='word_1_400' title='bbox 1823 3676 2038 3733; x_wconf 73' lang='grc' dir='ltr'>ὀττεύε-</span> 
     </span>
    </p>
   </div>
   <div class='ocr_carea' id='block_1_56' title="bbox 462 3763 2038 3842">
    <p class='ocr_par' dir='ltr' id='par_1_56' title="bbox 462 3763 2038 3842">
     <span class='ocr_line' id='line_1_56' title="bbox 462 3763 2038 3842; baseline -0.003 -18"><span class='ocrx_word' id='word_1_401' title='bbox 462 3787 553 3824; x_wconf 81' lang='grc' dir='ltr'><strong>ται</strong></span> <span class='ocrx_word' id='word_1_402' title='bbox 580 3770 767 3842; x_wconf 82' lang='grc' dir='ltr'>μῦθον,</span> <span class='ocrx_word' id='word_1_403' title='bbox 797 3763 841 3837; x_wconf 81' lang='grc' dir='ltr'><strong>ᾧ</strong></span> <span class='ocrx_word' id='word_1_404' title='bbox 871 3768 1033 3841; x_wconf 86' lang='grc' dir='ltr'>μηδέν</span> <span class='ocrx_word' id='word_1_405' title='bbox 1057 3770 1204 3822; x_wconf 89' lang='grc' dir='ltr'>ἐστιν</span> <span class='ocrx_word' id='word_1_406' title='bbox 1230 3768 1524 3839; x_wconf 89' lang='grc' dir='ltr'>εὐπρεπές.</span> <span class='ocrx_word' id='word_1_407' title='bbox 1550 3768 1659 3821; x_wconf 73' lang='lat' dir='ltr'><strong>Kal.</strong></span> <span class='ocrx_word' id='word_1_408' title='bbox 1684 3768 1870 3839; x_wconf 80' lang='grc' dir='ltr'>μηδεὶς</span> <span class='ocrx_word' id='word_1_409' title='bbox 1903 3768 2038 3821; x_wconf 83' lang='grc' dir='ltr'>ὐπο-</span> 
     </span>
    </p>
   </div>
   <div class='ocr_carea' id='block_1_57' title="bbox 463 3857 2041 3932">
    <p class='ocr_par' dir='ltr' id='par_1_57' title="bbox 463 3857 2041 3932">
     <span class='ocr_line' id='line_1_57' title="bbox 463 3857 2041 3932; baseline -0.001 -19"><span class='ocrx_word' id='word_1_410' title='bbox 463 3860 619 3915; x_wconf 81' lang='grc' dir='ltr'>λάϐοι</span> <span class='ocrx_word' id='word_1_411' title='bbox 655 3877 722 3932; x_wconf 91' lang='grc' dir='ltr'><strong>με</strong></span> <span class='ocrx_word' id='word_1_412' title='bbox 748 3860 981 3929; x_wconf 79' lang='grc' dir='ltr'>ἀγνοεῖν,</span> <span class='ocrx_word' id='word_1_413' title='bbox 1007 3861 1086 3913; x_wconf 86' lang='grc' dir='ltr'>ὅτι</span> <span class='ocrx_word' id='word_1_414' title='bbox 1114 3858 1223 3913; x_wconf 88' lang='grc' dir='ltr'><strong>τῶν</strong></span> <span class='ocrx_word' id='word_1_415' title='bbox 1260 3857 1588 3931; x_wconf 83' lang='grc' dir='ltr'>Ἑλληνικῶν</span> <span class='ocrx_word' id='word_1_416' title='bbox 1619 3857 1803 3929; x_wconf 86' lang='grc' dir='ltr'>μύθων</span> <span class='ocrx_word' id='word_1_417' title='bbox 1831 3858 1936 3911; x_wconf 84' lang='grc' dir='ltr'>εἰσί</span> <span class='ocrx_word' id='word_1_418' title='bbox 1958 3876 2041 3911; x_wconf 89' lang='grc' dir='ltr'>τι-</span> 
     </span>
    </p>
   </div>
   <div class='ocr_carea' id='block_1_58' title="bbox 464 3949 2041 4026">
    <p class='ocr_par' dir='ltr' id='par_1_58' title="bbox 464 3949 2041 4026">
     <span class='ocr_line' id='line_1_58' title="bbox 464 3949 2041 4026; baseline -0.001 -21"><span class='ocrx_word' id='word_1_419' title='bbox 464 3971 555 4017; x_wconf 90' lang='grc' dir='ltr'><strong>νες</strong></span> <span class='ocrx_word' id='word_1_420' title='bbox 589 3955 849 4026; x_wconf 88' lang='grc' dir='ltr'>χρήσιμοι</span> <span class='ocrx_word' id='word_1_421' title='bbox 892 3951 1199 4023; x_wconf 82' lang='grc' dir='ltr'>ἀνθρώποις</span> <span class='ocrx_word' id='word_1_422' title='bbox 1219 3969 1232 3982; x_wconf 91' lang='grc'><strong>·</strong></span> <span class='ocrx_word' id='word_1_423' title='bbox 1268 3954 1316 4005; x_wconf 88' lang='grc' dir='ltr'><strong>οί</strong></span> <span class='ocrx_word' id='word_1_424' title='bbox 1348 3951 1468 4023; x_wconf 78' lang='grc' dir='ltr'>μὲν,</span> <span class='ocrx_word' id='word_1_425' title='bbox 1514 3949 1945 4023; x_wconf 59' lang='grc' dir='ltr'>ἐπιδεικνύμενοι</span> <span class='ocrx_word' id='word_1_426' title='bbox 1971 3952 2041 4004; x_wconf 79' lang='grc' dir='ltr'>τὰ</span> 
     </span>
    </p>
   </div>
   <div class='ocr_carea' id='block_1_59' title="bbox 465 4042 2039 4116">
    <p class='ocr_par' dir='ltr' id='par_1_59' title="bbox 465 4042 2039 4116">
     <span class='ocr_line' id='line_1_59' title="bbox 465 4042 2039 4116; baseline 0 -20"><span class='ocrx_word' id='word_1_427' title='bbox 465 4045 565 4114; x_wconf 79' lang='grc' dir='ltr'>τῆς</span> <span class='ocrx_word' id='word_1_428' title='bbox 591 4044 804 4114; x_wconf 84' lang='grc' dir='ltr'>φύσεως</span> <span class='ocrx_word' id='word_1_429' title='bbox 826 4043 961 4115; x_wconf 79' lang='grc' dir='ltr'>ἔργα</span> <span class='ocrx_word' id='word_1_430' title='bbox 989 4043 1077 4097; x_wconf 79' lang='grc' dir='ltr'>διὰ</span> <span class='ocrx_word' id='word_1_431' title='bbox 1112 4043 1288 4113; x_wconf 85' lang='grc' dir='ltr'>λύπην</span> <span class='ocrx_word' id='word_1_432' title='bbox 1318 4043 1431 4113; x_wconf 86' lang='grc'>(22)</span> <span class='ocrx_word' id='word_1_433' title='bbox 1451 4059 1464 4073; x_wconf 75' lang='grc' dir='ltr'><strong>ο</strong></span> <span class='ocrx_word' id='word_1_434' title='bbox 1495 4043 1547 4095; x_wconf 87' lang='grc' dir='ltr'><strong>οί</strong></span> <span class='ocrx_word' id='word_1_435' title='bbox 1578 4042 1655 4106; x_wconf 78' lang='grc' dir='ltr'><strong>δὲ,</strong></span> <span class='ocrx_word' id='word_1_436' title='bbox 1689 4043 2039 4116; x_wconf 85' lang='grc' dir='ltr'>παραμυθίας</span> 
     </span>
    </p>
   </div>
   <div class='ocr_carea' id='block_1_60' title="bbox 466 4133 2036 4207">
    <p class='ocr_par' dir='ltr' id='par_1_60' title="bbox 466 4133 2036 4207">
     <span class='ocr_line' id='line_1_60' title="bbox 466 4133 2036 4207; baseline -0.001 -18"><span class='ocrx_word' id='word_1_437' title='bbox 466 4138 630 4190; x_wconf 73' lang='grc' dir='ltr'>ἕνεκα</span> <span class='ocrx_word' id='word_1_438' title='bbox 653 4137 998 4207; x_wconf 83' lang='grc' dir='ltr'>συγκείμενοι</span> <span class='ocrx_word' id='word_1_439' title='bbox 1024 4133 1131 4188; x_wconf 88' lang='grc' dir='ltr'><strong>τῶν</strong></span> <span class='ocrx_word' id='word_1_440' title='bbox 1151 4134 1504 4206; x_wconf 71' lang='grc' dir='ltr'>ἀνθρωπίνων</span> <span class='ocrx_word' id='word_1_441' title='bbox 1527 4134 1821 4205; x_wconf 85' lang='grc' dir='ltr'>συμφορῶν</span> <span class='ocrx_word' id='word_1_442' title='bbox 1845 4150 1861 4165; x_wconf 91' lang='grc'><strong>·</strong></span> <span class='ocrx_word' id='word_1_443' title='bbox 1890 4136 1937 4187; x_wconf 76' lang='grc' dir='ltr'><strong>οἱ</strong></span> <span class='ocrx_word' id='word_1_444' title='bbox 1959 4135 2036 4199; x_wconf 83' lang='grc' dir='ltr'><strong>δὲ,</strong></span> 
     </span>
    </p>
   </div>
   <div class='ocr_carea' id='block_1_61' title="bbox 467 4225 2040 4299">
    <p class='ocr_par' dir='ltr' id='par_1_61' title="bbox 467 4225 2040 4299">
     <span class='ocr_line' id='line_1_61' title="bbox 467 4225 2040 4299; baseline -0.002 -18"><span class='ocrx_word' id='word_1_445' title='bbox 467 4227 710 4299; x_wconf 62' lang='grc' dir='ltr'>ταραχὰς</span> <span class='ocrx_word' id='word_1_446' title='bbox 745 4226 1118 4298; x_wconf 81' lang='grc' dir='ltr'>ἐξαιρούμενοι</span> <span class='ocrx_word' id='word_1_447' title='bbox 1155 4226 1331 4297; x_wconf 76' lang='grc' dir='ltr'>ψυχῆς</span> <span class='ocrx_word' id='word_1_448' title='bbox 1363 4225 1459 4280; x_wconf 72' lang='grc' dir='ltr'>καὶ</span> <span class='ocrx_word' id='word_1_449' title='bbox 1489 4225 1758 4296; x_wconf 87' lang='grc' dir='ltr'>δείγματα</span> <span class='ocrx_word' id='word_1_450' title='bbox 1783 4225 1916 4297; x_wconf 79' lang='grc'>(25),</span> <span class='ocrx_word' id='word_1_451' title='bbox 1947 4227 2040 4278; x_wconf 80' lang='grc' dir='ltr'><strong>καὶ</strong></span> 
     </span>
    </p>
   </div>
   <div class='ocr_carea' id='block_1_62' title="bbox 466 4316 2043 4392">
    <p class='ocr_par' dir='ltr' id='par_1_62' title="bbox 466 4316 2043 4392">
     <span class='ocr_line' id='line_1_62' title="bbox 466 4316 2043 4392; baseline -0.003 -18"><span class='ocrx_word' id='word_1_452' title='bbox 466 4321 627 4386; x_wconf 76' lang='grc' dir='ltr'>δόξας</span> <span class='ocrx_word' id='word_1_453' title='bbox 675 4319 1060 4392; x_wconf 84' lang='grc' dir='ltr'>καθαιροῦντες</span> <span class='ocrx_word' id='word_1_454' title='bbox 1091 4320 1188 4390; x_wconf 87' lang='grc' dir='ltr'>οὐχ</span> <span class='ocrx_word' id='word_1_455' title='bbox 1235 4319 1448 4387; x_wconf 62' lang='grc' dir='ltr'>ὑγιεῖς*</span> <span class='ocrx_word' id='word_1_456' title='bbox 1487 4318 1537 4370; x_wconf 90' lang='grc' dir='ltr'><strong>οί</strong></span> <span class='ocrx_word' id='word_1_457' title='bbox 1576 4317 1653 4382; x_wconf 86' lang='grc' dir='ltr'><strong>δὲ,</strong></span> <span class='ocrx_word' id='word_1_458' title='bbox 1694 4316 1858 4387; x_wconf 76' lang='grc' dir='ltr'>ἄλλης</span> <span class='ocrx_word' id='word_1_459' title='bbox 1899 4317 2043 4381; x_wconf 86' lang='grc' dir='ltr'>τινὸς</span> 
     </span>
    </p>
   </div>
   <div class='ocr_carea' id='block_1_63' title="bbox 467 4408 2041 4485">
    <p class='ocr_par' dir='ltr' id='par_1_63' title="bbox 467 4408 2041 4485">
     <span class='ocr_line' id='line_1_63' title="bbox 467 4408 2041 4485; baseline -0.002 -20"><span class='ocrx_word' id='word_1_460' title='bbox 467 4414 633 4467; x_wconf 64' lang='grc' dir='ltr'>ἑνεκα</span> <span class='ocrx_word' id='word_1_461' title='bbox 678 4410 1118 4485; x_wconf 86' lang='grc' dir='ltr'>συμπλασθέντες</span> <span class='ocrx_word' id='word_1_462' title='bbox 1149 4408 1431 4478; x_wconf 84' lang='grc' dir='ltr'>ὠφελείας.</span> <span class='ocrx_word' id='word_1_463' title='bbox 1497 4408 1656 4463; x_wconf 85' lang='grc' dir='ltr'>Ἀλλὰ</span> <span class='ocrx_word' id='word_1_464' title='bbox 1682 4408 1883 4480; x_wconf 87' lang='grc' dir='ltr'>καίπερ</span> <span class='ocrx_word' id='word_1_465' title='bbox 1920 4408 2041 4462; x_wconf 88' lang='grc' dir='ltr'>ἐπι-</span> 
     </span>
    </p>
   </div>
   <div class='ocr_carea' id='block_1_64' title="bbox 470 4499 2116 4597">
    <p class='ocr_par' dir='ltr' id='par_1_64' title="bbox 470 4499 2116 4597">
     <span class='ocr_line' id='line_1_64' title="bbox 470 4499 2116 4597; baseline -0.003 -38"><span class='ocrx_word' id='word_1_466' title='bbox 470 4504 734 4576; x_wconf 74' lang='grc' dir='ltr'>ετάμενος</span> <span class='ocrx_word' id='word_1_467' title='bbox 754 4504 925 4558; x_wconf 78' lang='grc' dir='ltr'>ταῦτα</span> <span class='ocrx_word' id='word_1_468' title='bbox 951 4502 1162 4566; x_wconf 82' lang='grc' dir='ltr'>οὐδενὸς</span> <span class='ocrx_word' id='word_1_469' title='bbox 1181 4504 1380 4573; x_wconf 85' lang='grc' dir='ltr'>χεῖρον,</span> <span class='ocrx_word' id='word_1_470' title='bbox 1403 4501 1550 4571; x_wconf 85' lang='grc' dir='ltr'>ὅμως</span> <span class='ocrx_word' id='word_1_471' title='bbox 1570 4499 1811 4597; x_wconf 66' lang='grc' dir='ltr'>εὐλαϐῶς</span> <span class='ocrx_word' id='word_1_472' title='bbox 1834 4500 2037 4555; x_wconf 79' lang='grc' dir='ltr'>διάκει-</span> <span class='ocrx_word' id='word_1_473' title='bbox 2067 4523 2116 4583; x_wconf 77' lang='lat' dir='ltr'><strong>D</strong></span> 
     </span>
    </p>
   </div>
   <div class='ocr_carea' id='block_1_65' title="bbox 538 4657 2036 4732">
    <p class='ocr_par' dir='ltr' id='par_1_65' title="bbox 538 4657 2036 4732">
     <span class='ocr_line' id='line_1_65' title="bbox 538 4657 2036 4732; baseline -0.001 -17"><span class='ocrx_word' id='word_1_474' title='bbox 538 4660 654 4732; x_wconf 87' lang='grc'>(15)</span> <span class='ocrx_word' id='word_1_475' title='bbox 696 4660 948 4732; x_wconf 56' lang='grc' dir='ltr'><strong>Θητεῖαιζ</strong></span> <span class='ocrx_word' id='word_1_476' title='bbox 990 4659 1118 4732; x_wconf 71' lang='lat' dir='ltr'><strong>Alii,</strong></span> <span class='ocrx_word' id='word_1_477' title='bbox 1151 4657 1385 4711; x_wconf 88' lang='grc' dir='ltr'>τελεῖται</span> <span class='ocrx_word' id='word_1_478' title='bbox 1405 4673 1431 4732; x_wconf 29' lang='grc' dir='ltr'><strong>’Δ</strong></span> <span class='ocrx_word' id='word_1_479' title='bbox 1459 4658 1767 4732; x_wconf 66' lang='lat' dir='ltr'><strong>Dionysius,</strong></span> <span class='ocrx_word' id='word_1_480' title='bbox 1825 4658 2036 4732; x_wconf 79' lang='grc' dir='ltr'>ἄγεται.</span> 
     </span>
    </p>
   </div>
   <div class='ocr_carea' id='block_1_66' title="bbox 513 4726 2039 4855">
    <p class='ocr_par' dir='ltr' id='par_1_66' title="bbox 513 4726 2039 4855">
     <span class='ocr_line' id='line_1_66' title="bbox 513 4726 2039 4855; baseline -0.003 -69"><span class='ocrx_word' id='word_1_481' title='bbox 513 4726 652 4855; x_wconf 42' lang='grc'>,(13)</span> <span class='ocrx_word' id='word_1_482' title='bbox 670 4726 820 4813; x_wconf 49' lang='grc' dir='ltr'>,Τῶν</span> <span class='ocrx_word' id='word_1_483' title='bbox 843 4729 1014 4784; x_wconf 78' lang='grc' dir='ltr'>ἐθῶν.</span> <span class='ocrx_word' id='word_1_484' title='bbox 1056 4729 1139 4784; x_wconf 77' lang='lat' dir='ltr'><strong>Ita.</strong></span> <span class='ocrx_word' id='word_1_485' title='bbox 1161 4727 1531 4799; x_wconf 87' lang='lat' dir='ltr'><strong>reponendum</strong></span> <span class='ocrx_word' id='word_1_486' title='bbox 1558 4726 1626 4782; x_wconf 59' lang='lat' dir='ltr'><strong>ei</strong></span> <span class='ocrx_word' id='word_1_487' title='bbox 1652 4726 1912 4798; x_wconf 85' lang='lat' dir='ltr'><strong>Dionysio</strong></span> <span class='ocrx_word' id='word_1_488' title='bbox 1940 4745 2039 4800; x_wconf 90' lang='lat' dir='ltr'><strong>pro</strong></span> 
     </span>
     <span class='ocr_line' id='line_1_67' title="bbox 513 4818 759 4854; baseline -0.004 0"><span class='ocrx_word' id='word_1_489' title='bbox 513 4818 579 4854; x_wconf 73' lang='grc' dir='ltr'><strong>ων</strong></span> <span class='ocrx_word' id='word_1_490' title='bbox 632 4818 759 4854; x_wconf 90' lang='grc' dir='ltr'>εων.</span> 
     </span>
    </p>
   </div>
   <div class='ocr_carea' id='block_1_67' title="bbox 467 4817 759 4855">
    <p class='ocr_par' dir='ltr' id='par_1_67' title="bbox 467 4817 759 4855">
     <span class='ocr_line' id='line_1_68' title="bbox 467 4817 759 4855; baseline -0.007 0"><span class='ocrx_word' id='word_1_491' title='bbox 467 4817 579 4855; x_wconf 68' lang='grc' dir='ltr'><strong>των</strong></span> <span class='ocrx_word' id='word_1_492' title='bbox 601 4817 759 4855; x_wconf 73' lang='grc' dir='ltr'>θεων.</span> 
     </span>
    </p>
   </div>
   <div class='ocr_carea' id='block_1_68' title="bbox 542 4865 2041 4943">
    <p class='ocr_par' dir='ltr' id='par_1_68' title="bbox 542 4865 2041 4943">
     <span class='ocr_line' id='line_1_69' title="bbox 542 4865 2041 4943; baseline -0.003 -19"><span class='ocrx_word' id='word_1_493' title='bbox 542 4870 652 4943; x_wconf 77' lang='grc'>(17)</span> <span class='ocrx_word' id='word_1_494' title='bbox 692 4868 824 4943; x_wconf 84' lang='lat' dir='ltr'><strong>Post</strong></span> <span class='ocrx_word' id='word_1_495' title='bbox 851 4867 1368 4943; x_wconf 68' lang='grc' dir='ltr'>κορυϐαντιασμούς</span> <span class='ocrx_word' id='word_1_496' title='bbox 1408 4865 1560 4920; x_wconf 90' lang='lat' dir='ltr'><strong>Dion.</strong></span> <span class='ocrx_word' id='word_1_497' title='bbox 1594 4866 1746 4943; x_wconf 90' lang='lat' dir='ltr'><strong>add._</strong></span> <span class='ocrx_word' id='word_1_498' title='bbox 1747 4868 1848 4921; x_wconf 87' lang='grc' dir='ltr'><strong>οὐκ</strong></span> <span class='ocrx_word' id='word_1_499' title='bbox 1877 4867 2041 4943; x_wconf 70' lang='grc' dir='ltr'>αγερ-</span> 
     </span>
    </p>
   </div>
   <div class='ocr_carea' id='block_1_69' title="bbox 475 4936 2041 5013">
    <p class='ocr_par' dir='ltr' id='par_1_69' title="bbox 475 4936 2041 5013">
     <span class='ocr_line' id='line_1_70' title="bbox 475 4936 2041 5013; baseline -0.001 -18"><span class='ocrx_word' id='word_1_500' title='bbox 475 4936 975 5013; x_wconf 30' lang='grc' dir='ltr'>μούςίειὶρεηι-άῖῖρ</span> <span class='ocrx_word' id='word_1_501' title='bbox 1008 4940 1128 5013; x_wconf 74' lang='lat' dir='ltr'><strong>hinc</strong></span> <span class='ocrx_word' id='word_1_502' title='bbox 1156 4936 1276 4992; x_wconf 75' lang='lat' dir='ltr'><strong>inde</strong></span> <span class='ocrx_word' id='word_1_503' title='bbox 1303 4946 1654 5013; x_wconf 65' lang='lat' dir='ltr'><strong>corrogatam.</strong></span> <span class='ocrx_word' id='word_1_504' title='bbox 1705 4936 1866 4993; x_wconf 88' lang='lat' dir='ltr'><strong>Forte</strong></span> <span class='ocrx_word' id='word_1_505' title='bbox 1898 4936 2041 4994; x_wconf 77' lang='lat' dir='ltr'><strong>hanc</strong></span> 
     </span>
    </p>
   </div>
   <div class='ocr_carea' id='block_1_70' title="bbox 471 5008 2037 5078">
    <p class='ocr_par' dir='ltr' id='par_1_70' title="bbox 471 5008 2037 5078">
     <span class='ocr_line' id='line_1_71' title="bbox 471 5008 2037 5078; baseline -0.003 -14"><span class='ocrx_word' id='word_1_506' title='bbox 471 5008 661 5067; x_wconf 63' lang='lat' dir='ltr'><strong>vocem</strong></span> <span class='ocrx_word' id='word_1_507' title='bbox 709 5008 895 5065; x_wconf 79' lang='lat' dir='ltr'><strong>Omisit</strong></span> <span class='ocrx_word' id='word_1_508' title='bbox 930 5010 1134 5078; x_wconf 70' lang='lat' dir='ltr'><strong>Euseb.</strong></span> <span class='ocrx_word' id='word_1_509' title='bbox 1177 5009 1322 5078; x_wconf 85' lang='lat' dir='ltr'><strong>quod</strong></span> <span class='ocrx_word' id='word_1_510' title='bbox 1368 5008 1532 5078; x_wconf 88' lang='lat' dir='ltr'><strong>paulo</strong></span> <span class='ocrx_word' id='word_1_511' title='bbox 1582 5014 1708 5076; x_wconf 90' lang='lat' dir='ltr'><strong>post</strong></span> <span class='ocrx_word' id='word_1_512' title='bbox 1757 5017 2037 5078; x_wconf 87' lang='lat' dir='ltr'><strong>sequatur,</strong></span> 
     </span>
    </p>
   </div>
   <div class='ocr_carea' id='block_1_71' title="bbox 474 5076 2036 5148">
    <p class='ocr_par' dir='ltr' id='par_1_71' title="bbox 474 5076 2036 5148">
     <span class='ocr_line' id='line_1_72' title="bbox 474 5076 2036 5148; baseline -0.001 -14"><span class='ocrx_word' id='word_1_513' title='bbox 474 5082 693 5145; x_wconf 65' lang='lat' dir='ltr'><strong>Romae,</strong></span> <span class='ocrx_word' id='word_1_514' title='bbox 712 5095 824 5133; x_wconf 92' lang='lat' dir='ltr'><strong>non</strong></span> <span class='ocrx_word' id='word_1_515' title='bbox 856 5095 892 5133; x_wconf 84' lang='lat' dir='ltr'><strong>a</strong></span> <span class='ocrx_word' id='word_1_516' title='bbox 922 5076 1459 5148; x_wconf 39' lang='lat' dir='ltr'><strong>Romanis—quidem,</strong></span> <span class='ocrx_word' id='word_1_517' title='bbox 1494 5078 1589 5132; x_wconf 90' lang='lat' dir='ltr'><strong>sed</strong></span> <span class='ocrx_word' id='word_1_518' title='bbox 1637 5086 1817 5132; x_wconf 90' lang='lat' dir='ltr'><strong>tamen</strong></span> <span class='ocrx_word' id='word_1_519' title='bbox 1838 5076 1847 5077; x_wconf 48' lang='grc'><strong>“</strong></span> <span class='ocrx_word' id='word_1_520' title='bbox 1868 5077 2036 5132; x_wconf 88' lang='lat' dir='ltr'><strong>Deum</strong></span> 
     </span>
    </p>
   </div>
   <div class='ocr_carea' id='block_1_72' title="bbox 474 5147 1586 5219">
    <p class='ocr_par' dir='ltr' id='par_1_72' title="bbox 474 5147 1586 5219">
     <span class='ocr_line' id='line_1_73' title="bbox 474 5147 1586 5219; baseline -0.005 -14"><span class='ocrx_word' id='word_1_521' title='bbox 474 5151 632 5205; x_wconf 69' lang='lat' dir='ltr'><strong>Matri</strong></span> <span class='ocrx_word' id='word_1_522' title='bbox 661 5152 762 5205; x_wconf 86' lang='lat' dir='ltr'><strong>hoc</strong></span> <span class='ocrx_word' id='word_1_523' title='bbox 792 5150 1039 5219; x_wconf 78' lang='lat' dir='ltr'><strong>obsequii</strong></span> <span class='ocrx_word' id='word_1_524' title='bbox 1068 5147 1586 5219; x_wconf 38' lang='lat' dir='ltr'><strong>genus&#39;exhibitum.</strong></span> 
     </span>
    </p>
   </div>
   <div class='ocr_carea' id='block_1_73' title="bbox 548 5216 2041 5291">
    <p class='ocr_par' dir='ltr' id='par_1_73' title="bbox 548 5216 2041 5291">
     <span class='ocr_line' id='line_1_74' title="bbox 548 5216 2041 5291; baseline -0.001 -17"><span class='ocrx_word' id='word_1_525' title='bbox 548 5219 659 5291; x_wconf 89' lang='grc'>(18)</span> <span class='ocrx_word' id='word_1_526' title='bbox 699 5216 976 5288; x_wconf 65' lang='grc' dir='ltr'><strong>Βακχίαςῖ.</strong></span> <span class='ocrx_word' id='word_1_527' title='bbox 1018 5216 1329 5290; x_wconf 72' lang='lat' dir='ltr'><strong>Dionysius,</strong></span> <span class='ocrx_word' id='word_1_528' title='bbox 1366 5217 1643 5288; x_wconf 79' lang='grc' dir='ltr'>βακχείας,</span> <span class='ocrx_word' id='word_1_529' title='bbox 1688 5216 1836 5287; x_wconf 86' lang='lat' dir='ltr'><strong>quod</strong></span> <span class='ocrx_word' id='word_1_530' title='bbox 1869 5216 2041 5272; x_wconf 89' lang='lat' dir='ltr'><strong>usita-</strong></span> 
     </span>
    </p>
   </div>
   <div class='ocr_carea' id='block_1_74' title="bbox 475 5292 715 5347">
    <p class='ocr_par' dir='ltr' id='par_1_74' title="bbox 475 5292 715 5347">
     <span class='ocr_line' id='line_1_75' title="bbox 475 5292 715 5347; baseline -0.017 -1"><span class='ocrx_word' id='word_1_531' title='bbox 475 5292 587 5347; x_wconf 85' lang='lat' dir='ltr'><strong>tius</strong></span> <span class='ocrx_word' id='word_1_532' title='bbox 612 5298 715 5343; x_wconf 89' lang='lat' dir='ltr'><strong>est.</strong></span> 
     </span>
    </p>
   </div>
   <div class='ocr_carea' id='block_1_75' title="bbox 549 5355 2039 5430">
    <p class='ocr_par' dir='ltr' id='par_1_75' title="bbox 549 5355 2039 5430">
     <span class='ocr_line' id='line_1_76' title="bbox 549 5355 2039 5430; baseline -0.002 -17"><span class='ocrx_word' id='word_1_533' title='bbox 549 5358 675 5430; x_wconf 74' lang='grc'>(19)</span> <span class='ocrx_word' id='word_1_534' title='bbox 714 5356 1091 5430; x_wconf 78' lang='grc' dir='ltr'>Ἐπεισῆκται</span> <span class='ocrx_word' id='word_1_535' title='bbox 1119 5396 1134 5421; x_wconf 88' lang='grc'><strong>,</strong></span> <span class='ocrx_word' id='word_1_536' title='bbox 1183 5367 1285 5430; x_wconf 78' lang='lat' dir='ltr'><strong>etc.</strong></span> <span class='ocrx_word' id='word_1_537' title='bbox 1341 5355 1631 5430; x_wconf 70' lang='lat' dir='ltr'><strong>Dionysius</strong></span> <span class='ocrx_word' id='word_1_538' title='bbox 1674 5357 1795 5430; x_wconf 10' lang='lat' dir='ltr'><strong>hoc;</strong></span> <span class='ocrx_word' id='word_1_539' title='bbox 1832 5356 2039 5430; x_wconf 84' lang='lat' dir='ltr'><strong>modo:</strong></span> 
     </span>
    </p>
   </div>
   <div class='ocr_carea' id='block_1_76' title="bbox 486 5426 2042 5500">
    <p class='ocr_par' dir='ltr' id='par_1_76' title="bbox 486 5426 2042 5500">
     <span class='ocr_line' id='line_1_77' title="bbox 486 5426 2042 5500; baseline 0.017 -27"><span class='ocrx_word' id='word_1_540' title='bbox 486 5426 913 5500; x_wconf 67' lang='grc' dir='ltr'>Ἒιὶπεισ-ηγάγετο</span> <span class='ocrx_word' id='word_1_541' title='bbox 938 5428 1076 5499; x_wconf 79' lang='grc' dir='ltr'>ἱερὰ,</span> <span class='ocrx_word' id='word_1_542' title='bbox 1100 5427 1441 5500; x_wconf 31' lang='grc' dir='ltr'>τοῖς-ἑαυτῆς</span> <span class='ocrx_word' id='word_1_543' title='bbox 1482 5427 1620 5500; x_wconf 60' lang='grc' dir='ltr'><strong>αιὺτᾲ</strong></span> <span class='ocrx_word' id='word_1_544' title='bbox 1665 5428 1799 5500; x_wconf 65' lang='grc' dir='ltr'><strong>τιμᾷ</strong></span> <span class='ocrx_word' id='word_1_545' title='bbox 1839 5426 2042 5500; x_wconf 66' lang='grc' dir='ltr'>νόμοιςτ</span> 
     </span>
    </p>
   </div>
   <div class='ocr_carea' id='block_1_77' title="bbox 479 5495 2042 5568">
    <p class='ocr_par' dir='ltr' id='par_1_77' title="bbox 479 5495 2042 5568">
     <span class='ocr_line' id='line_1_78' title="bbox 479 5495 2042 5568; baseline -0.003 -14"><span class='ocrx_word' id='word_1_546' title='bbox 479 5495 1075 5568; x_wconf 66' lang='grc' dir='ltr'>ἃπασανέκϐάλλουσα</span> <span class='ocrx_word' id='word_1_547' title='bbox 1117 5497 1401 5568; x_wconf 86' lang='grc' dir='ltr'>τερθρείαν</span> <span class='ocrx_word' id='word_1_548' title='bbox 1429 5495 1699 5568; x_wconf 2' lang='grc' dir='ltr'>μυθικήν.)</span> <span class='ocrx_word' id='word_1_549' title='bbox 1719 5495 1860 5549; x_wconf 73' lang='lat' dir='ltr'><strong>sane</strong></span> <span class='ocrx_word' id='word_1_550' title='bbox 1886 5495 2042 5568; x_wconf 79' lang='lat' dir='ltr'><strong>apud</strong></span> 
     </span>
    </p>
   </div>
   <div class='ocr_carea' id='block_1_78' title="bbox 483 5566 2042 5638">
    <p class='ocr_par' dir='ltr' id='par_1_78' title="bbox 483 5566 2042 5638">
     <span class='ocr_line' id='line_1_79' title="bbox 483 5566 2042 5638; baseline -0.003 -17"><span class='ocrx_word' id='word_1_551' title='bbox 483 5570 773 5625; x_wconf 68' lang='lat' dir='ltr'><strong>Eusebium</strong></span> <span class='ocrx_word' id='word_1_552' title='bbox 816 5585 912 5635; x_wconf 82' lang='lat' dir='ltr'><strong>pro</strong></span> <span class='ocrx_word' id='word_1_553' title='bbox 952 5567 1217 5638; x_wconf 77' lang='grc' dir='ltr'>νομίμως,</span> <span class='ocrx_word' id='word_1_554' title='bbox 1252 5566 1537 5637; x_wconf 85' lang='lat' dir='ltr'><strong>legendum</strong></span> <span class='ocrx_word' id='word_1_555' title='bbox 1568 5566 1732 5620; x_wconf 79' lang='lat' dir='ltr'><strong>fuerit</strong></span> <span class='ocrx_word' id='word_1_556' title='bbox 1770 5566 2042 5636; x_wconf 82' lang='grc' dir='ltr'>νομίμοις,</span> 
     </span>
    </p>
   </div>
   <div class='ocr_carea' id='block_1_79' title="bbox 479 5636 1305 5708">
    <p class='ocr_par' dir='ltr' id='par_1_79' title="bbox 479 5636 1305 5708">
     <span class='ocr_line' id='line_1_80' title="bbox 479 5636 1305 5708; baseline -0.004 -15"><span class='ocrx_word' id='word_1_557' title='bbox 479 5653 534 5694; x_wconf 71' lang='grc' dir='ltr'><strong>ει</strong></span> <span class='ocrx_word' id='word_1_558' title='bbox 557 5638 839 5708; x_wconf 88' lang='grc' dir='ltr'>τερθρείαν</span> <span class='ocrx_word' id='word_1_559' title='bbox 872 5654 969 5706; x_wconf 85' lang='lat' dir='ltr'><strong>pro</strong></span> <span class='ocrx_word' id='word_1_560' title='bbox 997 5636 1305 5708; x_wconf 68' lang='grc' dir='ltr'>τερθρείας.</span> 
     </span>
    </p>
   </div>
   <div class='ocr_carea' id='block_1_80' title="bbox 551 5704 2048 5780">
    <p class='ocr_par' dir='ltr' id='par_1_80' title="bbox 551 5704 2048 5780">
     <span class='ocr_line' id='line_1_81' title="bbox 551 5704 2048 5780; baseline -0.002 -17"><span class='ocrx_word' id='word_1_561' title='bbox 551 5704 661 5780; x_wconf 81' lang='grc'>(20)</span> <span class='ocrx_word' id='word_1_562' title='bbox 691 5704 889 5776; x_wconf 60' lang='grc' dir='ltr'>’Ἱερᾶς</span> <span class='ocrx_word' id='word_1_563' title='bbox 918 5704 1075 5772; x_wconf 73' lang='grc' dir='ltr'>θεᾶςζ</span> <span class='ocrx_word' id='word_1_564' title='bbox 1116 5704 1404 5778; x_wconf 77' lang='lat' dir='ltr'><strong>Dionysius</strong></span> <span class='ocrx_word' id='word_1_565' title='bbox 1426 5713 1634 5762; x_wconf 78' lang='lat' dir='ltr'><strong>tantum</strong></span> <span class='ocrx_word' id='word_1_566' title='bbox 1678 5704 1891 5773; x_wconf 82' lang='grc' dir='ltr'>Ἰδαίας,</span> <span class='ocrx_word' id='word_1_567' title='bbox 1927 5720 2048 5775; x_wconf 73' lang='lat' dir='ltr'><strong>qua:</strong></span> 
     </span>
    </p>
   </div>
   <div class='ocr_carea' id='block_1_81' title="bbox 482 5780 963 5846">
    <p class='ocr_par' dir='ltr' id='par_1_81' title="bbox 482 5780 963 5846">
     <span class='ocr_line' id='line_1_82' title="bbox 482 5780 963 5846; baseline -0.008 -13"><span class='ocrx_word' id='word_1_568' title='bbox 482 5780 695 5846; x_wconf 79' lang='lat' dir='ltr'><strong>propria</strong></span> <span class='ocrx_word' id='word_1_569' title='bbox 730 5795 831 5834; x_wconf 77' lang='lat' dir='ltr'><strong>vox</strong></span> <span class='ocrx_word' id='word_1_570' title='bbox 860 5786 963 5833; x_wconf 88' lang='lat' dir='ltr'><strong>cst.</strong></span> 
     </span>
    </p>
   </div>
   <div class='ocr_carea' id='block_1_82' title="bbox 2147 1949 3716 2019">
    <p class='ocr_par' dir='ltr' id='par_1_82' title="bbox 2147 1949 3716 2019">
     <span class='ocr_line' id='line_1_83' title="bbox 2147 1949 3716 2019; baseline -0.001 -13"><span class='ocrx_word' id='word_1_571' title='bbox 2147 1966 2239 2006; x_wconf 89' lang='lat' dir='ltr'><strong>cra</strong></span> <span class='ocrx_word' id='word_1_572' title='bbox 2279 1950 2503 2005; x_wconf 90' lang='lat' dir='ltr'><strong>deorum</strong></span> <span class='ocrx_word' id='word_1_573' title='bbox 2547 1949 2800 2019; x_wconf 82' lang='lat' dir='ltr'><strong>pertinet,</strong></span> <span class='ocrx_word' id='word_1_574' title='bbox 2834 1949 3122 2003; x_wconf 82' lang='lat' dir='ltr'><strong>sanctitate</strong></span> <span class='ocrx_word' id='word_1_575' title='bbox 3149 1963 3225 2003; x_wconf 91' lang='lat' dir='ltr'><strong>ac-</strong></span> <span class='ocrx_word' id='word_1_576' title='bbox 3248 1949 3511 2004; x_wconf 82' lang='lat' dir='ltr'><strong>modestia</strong></span> <span class='ocrx_word' id='word_1_577' title='bbox 3556 1949 3716 2019; x_wconf 86' lang='lat' dir='ltr'><strong>longe</strong></span> 
     </span>
    </p>
   </div>
   <div class='ocr_carea' id='block_1_83' title="bbox 2146 2038 3713 2109">
    <p class='ocr_par' dir='ltr' id='par_1_83' title="bbox 2146 2038 3713 2109">
     <span class='ocr_line' id='line_1_84' title="bbox 2146 2038 3713 2109; baseline -0.001 -12"><span class='ocrx_word' id='word_1_578' title='bbox 2146 2041 2401 2097; x_wconf 89' lang='lat' dir='ltr'><strong>omnibus</strong></span> <span class='ocrx_word' id='word_1_579' title='bbox 2455 2049 2564 2094; x_wconf 89' lang='lat' dir='ltr'><strong>tam</strong></span> <span class='ocrx_word' id='word_1_580' title='bbox 2624 2038 2933 2093; x_wconf 66' lang='lat' dir='ltr'><strong>Graecorum</strong></span> <span class='ocrx_word' id='word_1_581' title='bbox 2989 2038 3101 2109; x_wconf 76' lang='lat'><strong>79</strong></span> <span class='ocrx_word' id='word_1_582' title='bbox 3145 2054 3311 2108; x_wconf 81' lang='lat' dir='ltr'><strong>quam</strong></span> <span class='ocrx_word' id='word_1_583' title='bbox 3354 2039 3713 2095; x_wconf 88' lang='lat' dir='ltr'><strong>barbarorum</strong></span> 
     </span>
    </p>
   </div>
   <div class='ocr_carea' id='block_1_84' title="bbox 2146 2127 3717 2199">
    <p class='ocr_par' dir='ltr' id='par_1_84' title="bbox 2146 2127 3717 2199">
     <span class='ocr_line' id='line_1_85' title="bbox 2146 2127 3717 2199; baseline -0.003 -8"><span class='ocrx_word' id='word_1_584' title='bbox 2146 2131 2487 2191; x_wconf 57' lang='lat' dir='ltr'><strong>caremoniis</strong></span> <span class='ocrx_word' id='word_1_585' title='bbox 2533 2130 2822 2184; x_wconf 83' lang='lat' dir='ltr'><strong>antecellit.</strong></span> <span class='ocrx_word' id='word_1_586' title='bbox 2866 2127 3130 2199; x_wconf 87' lang='lat' dir='ltr'><strong>Quodque</strong></span> <span class='ocrx_word' id='word_1_587' title='bbox 3184 2130 3429 2185; x_wconf 89' lang='lat' dir='ltr'><strong>omnium</strong></span> <span class='ocrx_word' id='word_1_588' title='bbox 3481 2131 3717 2187; x_wconf 81' lang='lat' dir='ltr'><strong>maxime</strong></span> 
     </span>
    </p>
   </div>
   <div class='ocr_carea' id='block_1_85' title="bbox 2146 2219 3716 2287">
    <p class='ocr_par' dir='ltr' id='par_1_85' title="bbox 2146 2219 3716 2287">
     <span class='ocr_line' id='line_1_86' title="bbox 2146 2219 3716 2287; baseline -0.001 -8"><span class='ocrx_word' id='word_1_589' title='bbox 2146 2224 2296 2280; x_wconf 91' lang='lat' dir='ltr'><strong>soleo</strong></span> <span class='ocrx_word' id='word_1_590' title='bbox 2326 2222 2538 2287; x_wconf 88' lang='lat' dir='ltr'><strong>mirari,</strong></span> <span class='ocrx_word' id='word_1_591' title='bbox 2569 2221 2698 2275; x_wconf 81' lang='lat' dir='ltr'><strong>licet</strong></span> <span class='ocrx_word' id='word_1_592' title='bbox 2727 2219 2954 2277; x_wconf 81' lang='lat' dir='ltr'><strong>inﬁnitae</strong></span> <span class='ocrx_word' id='word_1_593' title='bbox 2999 2222 3250 2276; x_wconf 83' lang='lat' dir='ltr'><strong>nationes</strong></span> <span class='ocrx_word' id='word_1_594' title='bbox 3277 2221 3331 2275; x_wconf 92' lang='lat' dir='ltr'><strong>in</strong></span> <span class='ocrx_word' id='word_1_595' title='bbox 3362 2222 3552 2278; x_wconf 84' lang='lat' dir='ltr'><strong>urbem</strong></span> <span class='ocrx_word' id='word_1_596' title='bbox 3583 2237 3716 2277; x_wconf 91' lang='lat' dir='ltr'><strong>con-</strong></span> 
     </span>
    </p>
   </div>
   <div class='ocr_carea' id='block_1_86' title="bbox 2143 2309 3714 2381">
    <p class='ocr_par' dir='ltr' id='par_1_86' title="bbox 2143 2309 3714 2381">
     <span class='ocr_line' id='line_1_87' title="bbox 2143 2309 3714 2381; baseline -0.001 -14"><span class='ocrx_word' id='word_1_597' title='bbox 2143 2313 2433 2376; x_wconf 61' lang='lat' dir='ltr'><strong>ﬂuxerint,</strong></span> <span class='ocrx_word' id='word_1_598' title='bbox 2475 2326 2596 2381; x_wconf 77' lang='lat' dir='ltr'><strong>quae</strong></span> <span class='ocrx_word' id='word_1_599' title='bbox 2650 2311 2714 2366; x_wconf 83' lang='lat' dir='ltr'><strong>ad</strong></span> <span class='ocrx_word' id='word_1_600' title='bbox 2746 2309 2985 2366; x_wconf 83' lang='lat' dir='ltr'><strong>colenda.</strong></span> <span class='ocrx_word' id='word_1_601' title='bbox 3028 2309 3136 2365; x_wconf 90' lang='lat' dir='ltr'><strong>ritu</strong></span> <span class='ocrx_word' id='word_1_602' title='bbox 3188 2310 3490 2366; x_wconf 89' lang='lat' dir='ltr'><strong>domestico</strong></span> <span class='ocrx_word' id='word_1_603' title='bbox 3537 2312 3714 2381; x_wconf 89' lang='lat' dir='ltr'><strong>patria</strong></span> 
     </span>
    </p>
   </div>
   <div class='ocr_carea' id='block_1_87' title="bbox 2143 2400 3712 2472">
    <p class='ocr_par' dir='ltr' id='par_1_87' title="bbox 2143 2400 3712 2472">
     <span class='ocr_line' id='line_1_88' title="bbox 2143 2400 3712 2472; baseline -0.002 -14"><span class='ocrx_word' id='word_1_604' title='bbox 2143 2403 2370 2458; x_wconf 88' lang='lat' dir='ltr'><strong>numina</strong></span> <span class='ocrx_word' id='word_1_605' title='bbox 2420 2402 2489 2456; x_wconf 78' lang='lat' dir='ltr'><strong>vi,</strong></span> <span class='ocrx_word' id='word_1_606' title='bbox 2521 2401 2755 2472; x_wconf 87' lang='lat' dir='ltr'><strong>quadam</strong></span> <span class='ocrx_word' id='word_1_607' title='bbox 2818 2407 2874 2454; x_wconf 87' lang='lat' dir='ltr'><strong>et</strong></span> <span class='ocrx_word' id='word_1_608' title='bbox 2920 2400 3246 2455; x_wconf 88' lang='lat' dir='ltr'><strong>necessitate</strong></span> <span class='ocrx_word' id='word_1_609' title='bbox 3293 2400 3712 2469; x_wconf 78' lang='lat' dir='ltr'><strong>compellantur.</strong></span> 
     </span>
    </p>
   </div>
   <div class='ocr_carea' id='block_1_88' title="bbox 2142 2489 3712 2562">
    <p class='ocr_par' dir='ltr' id='par_1_88' title="bbox 2142 2489 3712 2562">
     <span class='ocr_line' id='line_1_89' title="bbox 2142 2489 3712 2562; baseline 0 -16"><span class='ocrx_word' id='word_1_610' title='bbox 2142 2508 2422 2562; x_wconf 87' lang='lat' dir='ltr'><strong>nunquam</strong></span> <span class='ocrx_word' id='word_1_611' title='bbox 2451 2491 2749 2546; x_wconf 74' lang='lat' dir='ltr'><strong>illatamen</strong></span> <span class='ocrx_word' id='word_1_612' title='bbox 2780 2490 2847 2545; x_wconf 90' lang='lat' dir='ltr'><strong>ad</strong></span> <span class='ocrx_word' id='word_1_613' title='bbox 2871 2489 3280 2561; x_wconf 84' lang='lat' dir='ltr'><strong>suscipiendum</strong></span> <span class='ocrx_word' id='word_1_614' title='bbox 3301 2491 3516 2560; x_wconf 83' lang='lat' dir='ltr'><strong>publice</strong></span> <span class='ocrx_word' id='word_1_615' title='bbox 3541 2492 3712 2546; x_wconf 87' lang='lat' dir='ltr'><strong>ullum</strong></span> 
     </span>
    </p>
   </div>
   <div class='ocr_carea' id='block_1_89' title="bbox 2141 2580 3712 2653">
    <p class='ocr_par' dir='ltr' id='par_1_89' title="bbox 2141 2580 3712 2653">
     <span class='ocr_line' id='line_1_90' title="bbox 2141 2580 3712 2653; baseline 0.001 -17"><span class='ocrx_word' id='word_1_616' title='bbox 2141 2584 2440 2653; x_wconf 79' lang='lat' dir='ltr'><strong>peregrinae</strong></span> <span class='ocrx_word' id='word_1_617' title='bbox 2486 2581 2766 2653; x_wconf 80' lang='lat' dir='ltr'><strong>religionis</strong></span> <span class='ocrx_word' id='word_1_618' title='bbox 2803 2596 2974 2651; x_wconf 86' lang='lat' dir='ltr'><strong>genus</strong></span> <span class='ocrx_word' id='word_1_619' title='bbox 3018 2580 3215 2637; x_wconf 87' lang='lat' dir='ltr'><strong>adduci</strong></span> <span class='ocrx_word' id='word_1_620' title='bbox 3255 2583 3447 2652; x_wconf 77' lang='lat' dir='ltr'><strong>potuit,</strong></span> <span class='ocrx_word' id='word_1_621' title='bbox 3491 2582 3543 2637; x_wconf 92' lang='lat' dir='ltr'><strong>id</strong></span> <span class='ocrx_word' id='word_1_622' title='bbox 3568 2583 3712 2652; x_wconf 90' lang='lat' dir='ltr'><strong>quod</strong></span> 
     </span>
    </p>
   </div>
   <div class='ocr_carea' id='block_1_90' title="bbox 2138 2672 3716 2745">
    <p class='ocr_par' dir='ltr' id='par_1_90' title="bbox 2138 2672 3716 2745">
     <span class='ocr_line' id='line_1_91' title="bbox 2138 2672 3716 2745; baseline 0.001 -16"><span class='ocrx_word' id='word_1_623' title='bbox 2138 2674 2248 2745; x_wconf 84' lang='lat' dir='ltr'><strong>jam</strong></span> <span class='ocrx_word' id='word_1_624' title='bbox 2280 2674 2401 2729; x_wconf 89' lang='lat' dir='ltr'><strong>aliis</strong></span> <span class='ocrx_word' id='word_1_625' title='bbox 2428 2674 2702 2744; x_wconf 86' lang='lat' dir='ltr'><strong>plerisque</strong></span> <span class='ocrx_word' id='word_1_626' title='bbox 2724 2672 3018 2742; x_wconf 81' lang='lat' dir='ltr'><strong>contigisse</strong></span> <span class='ocrx_word' id='word_1_627' title='bbox 3041 2674 3312 2729; x_wconf 88' lang='lat' dir='ltr'><strong>novimus.</strong></span> <span class='ocrx_word' id='word_1_628' title='bbox 3341 2673 3498 2741; x_wconf 86' lang='lat' dir='ltr'><strong>Quod</strong></span> <span class='ocrx_word' id='word_1_629' title='bbox 3534 2675 3580 2730; x_wconf 89' lang='lat' dir='ltr'><strong>si</strong></span> <span class='ocrx_word' id='word_1_630' title='bbox 3613 2676 3716 2730; x_wconf 85' lang='lat' dir='ltr'><strong>ali-</strong></span> 
     </span>
    </p>
   </div>
   <div class='ocr_carea' id='block_1_91' title="bbox 2142 2763 3716 2835">
    <p class='ocr_par' dir='ltr' id='par_1_91' title="bbox 2142 2763 3716 2835">
     <span class='ocr_line' id='line_1_92' title="bbox 2142 2763 3716 2835; baseline 0.003 -19"><span class='ocrx_word' id='word_1_631' title='bbox 2142 2779 2250 2835; x_wconf 90' lang='lat' dir='ltr'><strong>qua</strong></span> <span class='ocrx_word' id='word_1_632' title='bbox 2278 2764 2416 2819; x_wconf 80' lang='lat' dir='ltr'><strong>forte</strong></span> <span class='ocrx_word' id='word_1_633' title='bbox 2442 2764 2750 2821; x_wconf 89' lang='lat' dir='ltr'><strong>istiusmodi</strong></span> <span class='ocrx_word' id='word_1_634' title='bbox 2781 2779 2937 2819; x_wconf 87' lang='lat' dir='ltr'><strong>sacra</strong></span> <span class='ocrx_word' id='word_1_635' title='bbox 2965 2777 3033 2818; x_wconf 80' lang='lat' dir='ltr'><strong>ex</strong></span> <span class='ocrx_word' id='word_1_636' title='bbox 3058 2763 3403 2818; x_wconf 88' lang='lat' dir='ltr'><strong>oraculorum</strong></span> <span class='ocrx_word' id='word_1_637' title='bbox 3434 2766 3716 2834; x_wconf 87' lang='lat' dir='ltr'><strong>responsis</strong></span> 
     </span>
    </p>
   </div>
   <div class='ocr_carea' id='block_1_92' title="bbox 2142 2855 3716 2925">
    <p class='ocr_par' dir='ltr' id='par_1_92' title="bbox 2142 2855 3716 2925">
     <span class='ocr_line' id='line_1_93' title="bbox 2142 2855 3716 2925; baseline 0 -15"><span class='ocrx_word' id='word_1_638' title='bbox 2142 2856 2284 2925; x_wconf 85' lang='lat' dir='ltr'><strong>apud</strong></span> <span class='ocrx_word' id='word_1_639' title='bbox 2320 2870 2379 2910; x_wconf 87' lang='lat' dir='ltr'><strong>se</strong></span> <span class='ocrx_word' id='word_1_640' title='bbox 2412 2856 2592 2910; x_wconf 84' lang='lat' dir='ltr'><strong>invehi</strong></span> <span class='ocrx_word' id='word_1_641' title='bbox 2628 2870 2790 2925; x_wconf 89' lang='lat' dir='ltr'><strong>passa</strong></span> <span class='ocrx_word' id='word_1_642' title='bbox 2821 2863 2925 2915; x_wconf 88' lang='lat' dir='ltr'><strong>est,</strong></span> <span class='ocrx_word' id='word_1_643' title='bbox 2965 2868 3027 2908; x_wconf 89' lang='lat' dir='ltr'><strong>ea</strong></span> <span class='ocrx_word' id='word_1_644' title='bbox 3056 2863 3237 2909; x_wconf 89' lang='lat' dir='ltr'><strong>tamen</strong></span> <span class='ocrx_word' id='word_1_645' title='bbox 3281 2855 3347 2910; x_wconf 86' lang='lat' dir='ltr'><strong>ad</strong></span> <span class='ocrx_word' id='word_1_646' title='bbox 3374 2855 3552 2924; x_wconf 89' lang='lat' dir='ltr'><strong>legum</strong></span> <span class='ocrx_word' id='word_1_647' title='bbox 3586 2870 3716 2910; x_wconf 85' lang='lat' dir='ltr'><strong>sua-</strong></span> 
     </span>
    </p>
   </div>
   <div class='ocr_carea' id='block_1_93' title="bbox 2144 2944 3711 3013">
    <p class='ocr_par' dir='ltr' id='par_1_93' title="bbox 2144 2944 3711 3013">
     <span class='ocr_line' id='line_1_94' title="bbox 2144 2944 3711 3013; baseline 0 -12"><span class='ocrx_word' id='word_1_648' title='bbox 2144 2962 2267 3001; x_wconf 90' lang='lat' dir='ltr'><strong>rum</strong></span> <span class='ocrx_word' id='word_1_649' title='bbox 2304 2946 2555 3001; x_wconf 87' lang='lat' dir='ltr'><strong>instituta</strong></span> <span class='ocrx_word' id='word_1_650' title='bbox 2598 2945 3056 3011; x_wconf 80' lang='lat' dir='ltr'><strong>accommodavit,</strong></span> <span class='ocrx_word' id='word_1_651' title='bbox 3085 2944 3305 3013; x_wconf 87' lang='lat' dir='ltr'><strong>rejectis</strong></span> <span class='ocrx_word' id='word_1_652' title='bbox 3337 2945 3595 3000; x_wconf 90' lang='lat' dir='ltr'><strong>omnibus</strong></span> <span class='ocrx_word' id='word_1_653' title='bbox 3626 2945 3711 3001; x_wconf 78' lang='lat' dir='ltr'><strong>fa-</strong></span> 
     </span>
    </p>
   </div>
   <div class='ocr_carea' id='block_1_94' title="bbox 2143 3032 3713 3104">
    <p class='ocr_par' dir='ltr' id='par_1_94' title="bbox 2143 3032 3713 3104">
     <span class='ocr_line' id='line_1_95' title="bbox 2143 3032 3713 3104; baseline 0.001 -14"><span class='ocrx_word' id='word_1_654' title='bbox 2143 3035 2397 3090; x_wconf 90' lang='lat' dir='ltr'><strong>bularum</strong></span> <span class='ocrx_word' id='word_1_655' title='bbox 2431 3034 2738 3104; x_wconf 67' lang='lat' dir='ltr'><strong>praestigiis,</strong></span> <span class='ocrx_word' id='word_1_656' title='bbox 2771 3032 3230 3102; x_wconf 87' lang='lat' dir='ltr'><strong>quemadmodum</strong></span> <span class='ocrx_word' id='word_1_657' title='bbox 3265 3032 3319 3086; x_wconf 92' lang='lat' dir='ltr'><strong>in</strong></span> <span class='ocrx_word' id='word_1_658' title='bbox 3347 3032 3536 3090; x_wconf 78' lang='lat' dir='ltr'><strong>Matris</strong></span> <span class='ocrx_word' id='word_1_659' title='bbox 3562 3033 3713 3092; x_wconf 64' lang='lat' dir='ltr'><strong>Idaea:</strong></span> 
     </span>
    </p>
   </div>
   <div class='ocr_carea' id='block_1_95' title="bbox 2146 3122 3713 3194">
    <p class='ocr_par' dir='ltr' id='par_1_95' title="bbox 2146 3122 3713 3194">
     <span class='ocr_line' id='line_1_96' title="bbox 2146 3122 3713 3194; baseline 0.003 -14"><span class='ocrx_word' id='word_1_660' title='bbox 2146 3124 2318 3183; x_wconf 86' lang='lat' dir='ltr'><strong>sacris</strong></span> <span class='ocrx_word' id='word_1_661' title='bbox 2343 3125 2614 3179; x_wconf 85' lang='lat' dir='ltr'><strong>videmus.</strong></span> <span class='ocrx_word' id='word_1_662' title='bbox 2657 3122 2950 3177; x_wconf 86' lang='lat' dir='ltr'><strong>Enimvero</strong></span> <span class='ocrx_word' id='word_1_663' title='bbox 2980 3122 3246 3178; x_wconf 85' lang='lat' dir='ltr'><strong>sacriﬁcia</strong></span> <span class='ocrx_word' id='word_1_664' title='bbox 3271 3124 3490 3194; x_wconf 89' lang='lat' dir='ltr'><strong>quidem</strong></span> <span class='ocrx_word' id='word_1_665' title='bbox 3526 3126 3713 3183; x_wconf 86' lang='lat' dir='ltr'><strong>ludos-</strong></span> 
     </span>
    </p>
   </div>
   <div class='ocr_carea' id='block_1_96' title="bbox 2140 3212 3711 3287">
    <p class='ocr_par' dir='ltr' id='par_1_96' title="bbox 2140 3212 3711 3287">
     <span class='ocr_line' id='line_1_97' title="bbox 2140 3212 3711 3287; baseline 0 -15"><span class='ocrx_word' id='word_1_666' title='bbox 2140 3231 2248 3287; x_wconf 83' lang='lat' dir='ltr'><strong>que</strong></span> <span class='ocrx_word' id='word_1_667' title='bbox 2297 3214 2517 3287; x_wconf 81' lang='lat' dir='ltr'><strong>publico</strong></span> <span class='ocrx_word' id='word_1_668' title='bbox 2554 3214 2805 3268; x_wconf 78' lang='lat' dir='ltr'><strong>Romano</strong></span> <span class='ocrx_word' id='word_1_669' title='bbox 2854 3212 2965 3266; x_wconf 88' lang='lat' dir='ltr'><strong>ritu</strong></span> <span class='ocrx_word' id='word_1_670' title='bbox 3013 3221 3273 3282; x_wconf 82' lang='lat' dir='ltr'><strong>praetores</strong></span> <span class='ocrx_word' id='word_1_671' title='bbox 3321 3216 3615 3284; x_wconf 82' lang='lat' dir='ltr'><strong>quotannis</strong></span> <span class='ocrx_word' id='word_1_672' title='bbox 3655 3219 3711 3272; x_wconf 92' lang='lat' dir='ltr'><strong>in</strong></span> 
     </span>
    </p>
   </div>
   <div class='ocr_carea' id='block_1_97' title="bbox 2137 3305 3713 3380">
    <p class='ocr_par' dir='ltr' id='par_1_97' title="bbox 2137 3305 3713 3380">
     <span class='ocr_line' id='line_1_98' title="bbox 2137 3305 3713 3380; baseline -0.001 -16"><span class='ocrx_word' id='word_1_673' title='bbox 2137 3310 2255 3380; x_wconf 83' lang='lat' dir='ltr'><strong>ejus</strong></span> <span class='ocrx_word' id='word_1_674' title='bbox 2302 3309 2566 3363; x_wconf 89' lang='lat' dir='ltr'><strong>honorem</strong></span> <span class='ocrx_word' id='word_1_675' title='bbox 2620 3305 2955 3370; x_wconf 89' lang='lat' dir='ltr'><strong>instituunt;</strong></span> <span class='ocrx_word' id='word_1_676' title='bbox 3000 3305 3120 3374; x_wconf 91' lang='lat' dir='ltr'><strong>ejus</strong></span> <span class='ocrx_word' id='word_1_677' title='bbox 3168 3314 3353 3361; x_wconf 88' lang='lat' dir='ltr'><strong>tamen</strong></span> <span class='ocrx_word' id='word_1_678' title='bbox 3406 3308 3713 3363; x_wconf 87' lang='lat' dir='ltr'><strong>sacerdotio</strong></span> 
     </span>
    </p>
   </div>
   <div class='ocr_carea' id='block_1_98' title="bbox 2138 3395 3711 3470">
    <p class='ocr_par' dir='ltr' id='par_1_98' title="bbox 2138 3395 3711 3470">
     <span class='ocr_line' id='line_1_99' title="bbox 2138 3395 3711 3470; baseline 0.002 -16"><span class='ocrx_word' id='word_1_679' title='bbox 2138 3400 2222 3456; x_wconf 86' lang='lat' dir='ltr'><strong>vir</strong></span> <span class='ocrx_word' id='word_1_680' title='bbox 2260 3416 2324 3455; x_wconf 86' lang='lat' dir='ltr'><strong>ac</strong></span> <span class='ocrx_word' id='word_1_681' title='bbox 2351 3400 2548 3454; x_wconf 91' lang='lat' dir='ltr'><strong>mulier</strong></span> <span class='ocrx_word' id='word_1_682' title='bbox 2569 3397 2811 3468; x_wconf 80' lang='lat' dir='ltr'><strong>Phryges</strong></span> <span class='ocrx_word' id='word_1_683' title='bbox 2849 3396 3011 3451; x_wconf 85' lang='lat' dir='ltr'><strong>ambo</strong></span> <span class='ocrx_word' id='word_1_684' title='bbox 3053 3395 3375 3469; x_wconf 85' lang='lat' dir='ltr'><strong>funguntur,</strong></span> <span class='ocrx_word' id='word_1_685' title='bbox 3410 3400 3504 3470; x_wconf 90' lang='lat' dir='ltr'><strong>qui</strong></span> <span class='ocrx_word' id='word_1_686' title='bbox 3543 3410 3711 3457; x_wconf 87' lang='lat' dir='ltr'><strong>totam</strong></span> 
     </span>
    </p>
   </div>
   <div class='ocr_carea' id='block_1_99' title="bbox 2138 3487 3715 3562">
    <p class='ocr_par' dir='ltr' id='par_1_99' title="bbox 2138 3487 3715 3562">
     <span class='ocr_line' id='line_1_100' title="bbox 2138 3487 3715 3562; baseline 0.001 -16"><span class='ocrx_word' id='word_1_687' title='bbox 2138 3491 2414 3547; x_wconf 84' lang='lat' dir='ltr'><strong>civitatem</strong></span> <span class='ocrx_word' id='word_1_688' title='bbox 2476 3489 2840 3554; x_wconf 90' lang='lat' dir='ltr'><strong>circumeunt,</strong></span> <span class='ocrx_word' id='word_1_689' title='bbox 2888 3487 3120 3559; x_wconf 80' lang='lat' dir='ltr'><strong>singulis</strong></span> <span class='ocrx_word' id='word_1_690' title='bbox 3181 3490 3466 3546; x_wconf 88' lang='lat' dir='ltr'><strong>mensibus</strong></span> <span class='ocrx_word' id='word_1_691' title='bbox 3519 3493 3715 3562; x_wconf 86' lang='lat' dir='ltr'><strong>stipem</strong></span> 
     </span>
    </p>
   </div>
   <div class='ocr_carea' id='block_1_100' title="bbox 2138 3580 3714 3654">
    <p class='ocr_par' dir='ltr' id='par_1_100' title="bbox 2138 3580 3714 3654">
     <span class='ocr_line' id='line_1_101' title="bbox 2138 3580 3714 3654; baseline -0.001 -15"><span class='ocrx_word' id='word_1_692' title='bbox 2138 3598 2293 3639; x_wconf 87' lang='lat' dir='ltr'><strong>more</strong></span> <span class='ocrx_word' id='word_1_693' title='bbox 2337 3598 2439 3640; x_wconf 91' lang='lat' dir='ltr'><strong>suo</strong></span> <span class='ocrx_word' id='word_1_694' title='bbox 2469 3583 2598 3637; x_wconf 90' lang='lat' dir='ltr'><strong>hinc</strong></span> <span class='ocrx_word' id='word_1_695' title='bbox 2648 3580 2774 3636; x_wconf 89' lang='lat' dir='ltr'><strong>inde</strong></span> <span class='ocrx_word' id='word_1_696' title='bbox 2807 3589 3178 3650; x_wconf 84' lang='lat' dir='ltr'><strong>corrogantes,</strong></span> <span class='ocrx_word' id='word_1_697' title='bbox 3214 3580 3592 3653; x_wconf 86' lang='lat' dir='ltr'><strong>imagunculas</strong></span> <span class='ocrx_word' id='word_1_698' title='bbox 3616 3599 3714 3654; x_wconf 88' lang='lat' dir='ltr'><strong>pe-</strong></span> 
     </span>
    </p>
   </div>
   <div class='ocr_carea' id='block_1_101' title="bbox 2143 3674 3711 3745">
    <p class='ocr_par' dir='ltr' id='par_1_101' title="bbox 2143 3674 3711 3745">
     <span class='ocr_line' id='line_1_102' title="bbox 2143 3674 3711 3745; baseline -0.002 -13"><span class='ocrx_word' id='word_1_699' title='bbox 2143 3675 2283 3732; x_wconf 89' lang='lat' dir='ltr'><strong>ctori</strong></span> <span class='ocrx_word' id='word_1_700' title='bbox 2338 3674 2590 3745; x_wconf 89' lang='lat' dir='ltr'><strong>alligatas</strong></span> <span class='ocrx_word' id='word_1_701' title='bbox 2642 3679 2955 3741; x_wconf 79' lang='lat' dir='ltr'><strong>gestantes,</strong></span> <span class='ocrx_word' id='word_1_702' title='bbox 3003 3682 3366 3742; x_wconf 84' lang='lat' dir='ltr'><strong>tympanaque</strong></span> <span class='ocrx_word' id='word_1_703' title='bbox 3409 3674 3711 3742; x_wconf 88' lang='lat' dir='ltr'><strong>pulsantes,</strong></span> 
     </span>
    </p>
   </div>
   <div class='ocr_carea' id='block_1_102' title="bbox 2138 3764 3714 3840">
    <p class='ocr_par' dir='ltr' id='par_1_102' title="bbox 2138 3764 3714 3840">
     <span class='ocr_line' id='line_1_103' title="bbox 2138 3764 3714 3840; baseline -0.002 -17"><span class='ocrx_word' id='word_1_704' title='bbox 2138 3783 2277 3840; x_wconf 90' lang='lat' dir='ltr'><strong>quos</strong></span> <span class='ocrx_word' id='word_1_705' title='bbox 2306 3781 2543 3836; x_wconf 89' lang='lat' dir='ltr'><strong>sequens</strong></span> <span class='ocrx_word' id='word_1_706' title='bbox 2568 3765 2860 3820; x_wconf 89' lang='lat' dir='ltr'><strong>multitudo</strong></span> <span class='ocrx_word' id='word_1_707' title='bbox 2883 3764 3123 3819; x_wconf 79' lang='lat' dir='ltr'><strong>Materna</strong></span> <span class='ocrx_word' id='word_1_708' title='bbox 3159 3767 3400 3818; x_wconf 77' lang='lat' dir='ltr'><strong>carmina</strong></span> <span class='ocrx_word' id='word_1_709' title='bbox 3431 3765 3497 3819; x_wconf 92' lang='lat' dir='ltr'><strong>ad</strong></span> <span class='ocrx_word' id='word_1_710' title='bbox 3524 3766 3714 3822; x_wconf 87' lang='lat' dir='ltr'><strong>tibiam</strong></span> 
     </span>
    </p>
   </div>
   <div class='ocr_carea' id='block_1_103' title="bbox 2139 3854 3713 3929">
    <p class='ocr_par' dir='ltr' id='par_1_103' title="bbox 2139 3854 3713 3929">
     <span class='ocr_line' id='line_1_104' title="bbox 2139 3854 3713 3929; baseline -0.002 -14"><span class='ocrx_word' id='word_1_711' title='bbox 2139 3861 2414 3917; x_wconf 90' lang='lat' dir='ltr'><strong>modulata</strong></span> <span class='ocrx_word' id='word_1_712' title='bbox 2487 3859 2878 3913; x_wconf 89' lang='lat' dir='ltr'><strong>circumsonat.</strong></span> <span class='ocrx_word' id='word_1_713' title='bbox 2930 3855 3003 3910; x_wconf 85' lang='lat' dir='ltr'><strong>At</strong></span> <span class='ocrx_word' id='word_1_714' title='bbox 3053 3871 3085 3912; x_wconf 89' lang='lat' dir='ltr'><strong>e</strong></span> <span class='ocrx_word' id='word_1_715' title='bbox 3122 3854 3386 3912; x_wconf 83' lang='lat' dir='ltr'><strong>Romanis</strong></span> <span class='ocrx_word' id='word_1_716' title='bbox 3442 3857 3713 3929; x_wconf 89' lang='lat' dir='ltr'><strong>indigenis</strong></span> 
     </span>
    </p>
   </div>
   <div class='ocr_carea' id='block_1_104' title="bbox 2141 3948 3715 4019">
    <p class='ocr_par' dir='ltr' id='par_1_104' title="bbox 2141 3948 3715 4019">
     <span class='ocr_line' id='line_1_105' title="bbox 2141 3948 3715 4019; baseline -0.004 -11"><span class='ocrx_word' id='word_1_717' title='bbox 2141 3968 2306 4008; x_wconf 92' lang='lat' dir='ltr'><strong>nemo</strong></span> <span class='ocrx_word' id='word_1_718' title='bbox 2335 3952 2419 4005; x_wconf 86' lang='lat' dir='ltr'><strong>vel</strong></span> <span class='ocrx_word' id='word_1_719' title='bbox 2442 3950 2601 4004; x_wconf 79' lang='lat' dir='ltr'><strong>Matri</strong></span> <span class='ocrx_word' id='word_1_720' title='bbox 2661 3950 2856 4019; x_wconf 85' lang='lat' dir='ltr'><strong>stipem</strong></span> <span class='ocrx_word' id='word_1_721' title='bbox 2891 3948 3265 4014; x_wconf 91' lang='lat' dir='ltr'><strong>emendicans,</strong></span> <span class='ocrx_word' id='word_1_722' title='bbox 3287 3948 3375 4002; x_wconf 91' lang='lat' dir='ltr'><strong>vel</strong></span> <span class='ocrx_word' id='word_1_723' title='bbox 3405 3948 3715 4003; x_wconf 86' lang='lat' dir='ltr'><strong>incentione</strong></span> 
     </span>
    </p>
   </div>
   <div class='ocr_carea' id='block_1_105' title="bbox 2144 4038 3716 4099">
    <p class='ocr_par' dir='ltr' id='par_1_105' title="bbox 2144 4038 3716 4099">
     <span class='ocr_line' id='line_1_106' title="bbox 2144 4038 3716 4099; baseline -0.004 0"><span class='ocrx_word' id='word_1_724' title='bbox 2144 4044 2401 4099; x_wconf 91' lang='lat' dir='ltr'><strong>tibiarum</strong></span> <span class='ocrx_word' id='word_1_725' title='bbox 2425 4041 2637 4096; x_wconf 79' lang='lat' dir='ltr'><strong>amatus</strong></span> <span class='ocrx_word' id='word_1_726' title='bbox 2657 4055 2722 4095; x_wconf 90' lang='lat' dir='ltr'><strong>ac</strong></span> <span class='ocrx_word' id='word_1_727' title='bbox 2742 4038 3068 4095; x_wconf 89' lang='lat' dir='ltr'><strong>versicolore</strong></span> <span class='ocrx_word' id='word_1_728' title='bbox 3090 4039 3228 4093; x_wconf 90' lang='lat' dir='ltr'><strong>stola</strong></span> <span class='ocrx_word' id='word_1_729' title='bbox 3254 4039 3476 4094; x_wconf 88' lang='lat' dir='ltr'><strong>indutus</strong></span> <span class='ocrx_word' id='word_1_730' title='bbox 3498 4039 3716 4095; x_wconf 84' lang='lat' dir='ltr'><strong>oberrat</strong></span> 
     </span>
    </p>
   </div>
   <div class='ocr_carea' id='block_1_106' title="bbox 2114 4130 3718 4201">
    <p class='ocr_par' dir='ltr' id='par_1_106' title="bbox 2114 4130 3718 4201">
     <span class='ocr_line' id='line_1_107' title="bbox 2114 4130 3718 4201; baseline -0.002 -12"><span class='ocrx_word' id='word_1_731' title='bbox 2114 4135 2358 4201; x_wconf 85' lang='lat' dir='ltr'><strong>_urbem,</strong></span> <span class='ocrx_word' id='word_1_732' title='bbox 2392 4132 2649 4201; x_wconf 89' lang='lat' dir='ltr'><strong>nullaque</strong></span> <span class='ocrx_word' id='word_1_733' title='bbox 2678 4131 2862 4201; x_wconf 89' lang='lat' dir='ltr'><strong>populi</strong></span> <span class='ocrx_word' id='word_1_734' title='bbox 2887 4131 3026 4200; x_wconf 85' lang='lat' dir='ltr'><strong>lege,</strong></span> <span class='ocrx_word' id='word_1_735' title='bbox 3054 4132 3207 4186; x_wconf 89' lang='lat' dir='ltr'><strong>nullo</strong></span> <span class='ocrx_word' id='word_1_736' title='bbox 3238 4130 3718 4199; x_wconf 71' lang='lat' dir='ltr'><strong>senatusconsulto</strong></span> 
     </span>
    </p>
   </div>
   <div class='ocr_carea' id='block_1_107' title="bbox 2143 4217 3714 4292">
    <p class='ocr_par' dir='ltr' id='par_1_107' title="bbox 2143 4217 3714 4292">
     <span class='ocr_line' id='line_1_108' title="bbox 2143 4217 3714 4292; baseline -0.003 -13"><span class='ocrx_word' id='word_1_737' title='bbox 2143 4222 2466 4280; x_wconf 86' lang='lat' dir='ltr'><strong>celebranda</strong></span> <span class='ocrx_word' id='word_1_738' title='bbox 2492 4220 2729 4292; x_wconf 84' lang='lat' dir='ltr'><strong>Phrygio</strong></span> <span class='ocrx_word' id='word_1_739' title='bbox 2758 4222 2868 4276; x_wconf 90' lang='lat' dir='ltr'><strong>ritu</strong></span> <span class='ocrx_word' id='word_1_740' title='bbox 2887 4219 3080 4276; x_wconf 84' lang='lat' dir='ltr'><strong>Matris</strong></span> <span class='ocrx_word' id='word_1_741' title='bbox 3104 4220 3258 4291; x_wconf 83' lang='lat' dir='ltr'><strong>orgia</strong></span> <span class='ocrx_word' id='word_1_742' title='bbox 3285 4218 3534 4289; x_wconf 85' lang='lat' dir='ltr'><strong>suscipit.</strong></span> <span class='ocrx_word' id='word_1_743' title='bbox 3564 4217 3714 4275; x_wconf 88' lang='lat' dir='ltr'><strong>Tan-</strong></span> 
     </span>
    </p>
   </div>
   <div class='ocr_carea' id='block_1_108' title="bbox 2141 4310 3725 4384">
    <p class='ocr_par' dir='ltr' id='par_1_108' title="bbox 2141 4310 3725 4384">
     <span class='ocr_line' id='line_1_109' title="bbox 2141 4310 3725 4384; baseline -0.001 -15"><span class='ocrx_word' id='word_1_744' title='bbox 2141 4323 2252 4370; x_wconf 88' lang='lat' dir='ltr'><strong>tam</strong></span> <span class='ocrx_word' id='word_1_745' title='bbox 2302 4315 2435 4369; x_wconf 88' lang='lat' dir='ltr'><strong>urbs</strong></span> <span class='ocrx_word' id='word_1_746' title='bbox 2483 4313 2539 4368; x_wconf 95' lang='lat' dir='ltr'><strong>in</strong></span> <span class='ocrx_word' id='word_1_747' title='bbox 2585 4314 2870 4384; x_wconf 88' lang='lat' dir='ltr'><strong>peregrino</strong></span> <span class='ocrx_word' id='word_1_748' title='bbox 2924 4313 3151 4369; x_wconf 85' lang='lat' dir='ltr'><strong>deorum</strong></span> <span class='ocrx_word' id='word_1_749' title='bbox 3201 4311 3351 4368; x_wconf 89' lang='lat' dir='ltr'><strong>cultu</strong></span> <span class='ocrx_word' id='word_1_750' title='bbox 3406 4310 3725 4367; x_wconf 76' lang='lat' dir='ltr'><strong>cautionem</strong></span> 
     </span>
    </p>
   </div>
   <div class='ocr_carea' id='block_1_109' title="bbox 2142 4401 3717 4474">
    <p class='ocr_par' dir='ltr' id='par_1_109' title="bbox 2142 4401 3717 4474">
     <span class='ocr_line' id='line_1_110' title="bbox 2142 4401 3717 4474; baseline -0.003 -14"><span class='ocrx_word' id='word_1_751' title='bbox 2142 4404 2383 4471; x_wconf 89' lang='lat' dir='ltr'><strong>adhibet,</strong></span> <span class='ocrx_word' id='word_1_752' title='bbox 2415 4404 2659 4474; x_wconf 89' lang='lat' dir='ltr'><strong>adeoque</strong></span> <span class='ocrx_word' id='word_1_753' title='bbox 2691 4403 2929 4458; x_wconf 82' lang='lat' dir='ltr'><strong>fabulam</strong></span> <span class='ocrx_word' id='word_1_754' title='bbox 2973 4418 3191 4459; x_wconf 90' lang='lat' dir='ltr'><strong>omnem</strong></span> <span class='ocrx_word' id='word_1_755' title='bbox 3230 4401 3496 4472; x_wconf 85' lang='lat' dir='ltr'><strong>dignitate</strong></span> <span class='ocrx_word' id='word_1_756' title='bbox 3527 4411 3582 4457; x_wconf 89' lang='lat' dir='ltr'><strong>et</strong></span> <span class='ocrx_word' id='word_1_757' title='bbox 3616 4404 3717 4456; x_wconf 75' lang='lat' dir='ltr'><strong>ho-</strong></span> 
     </span>
    </p>
   </div>
   <div class='ocr_carea' id='block_1_110' title="bbox 2143 4491 3728 4552">
    <p class='ocr_par' dir='ltr' id='par_1_110' title="bbox 2143 4491 3728 4552">
     <span class='ocr_line' id='line_1_111' title="bbox 2143 4491 3728 4552; baseline -0.003 0"><span class='ocrx_word' id='word_1_758' title='bbox 2143 4504 2352 4552; x_wconf 88' lang='lat' dir='ltr'><strong>nestate</strong></span> <span class='ocrx_word' id='word_1_759' title='bbox 2376 4510 2604 4550; x_wconf 87' lang='lat' dir='ltr'><strong>vacuam</strong></span> <span class='ocrx_word' id='word_1_760' title='bbox 2644 4495 2771 4551; x_wconf 85' lang='lat' dir='ltr'><strong>mali</strong></span> <span class='ocrx_word' id='word_1_761' title='bbox 2800 4495 3003 4551; x_wconf 88' lang='lat' dir='ltr'><strong>ominis</strong></span> <span class='ocrx_word' id='word_1_762' title='bbox 3042 4495 3216 4550; x_wconf 87' lang='lat' dir='ltr'><strong>instar</strong></span> <span class='ocrx_word' id='word_1_763' title='bbox 3253 4501 3558 4550; x_wconf 87' lang='lat' dir='ltr'><strong>aversatur.</strong></span> <span class='ocrx_word' id='word_1_764' title='bbox 3610 4491 3728 4548; x_wconf 59' lang='lat' dir='ltr'><strong>Nes</strong></span> 
     </span>
    </p>
   </div>
   <div class='ocr_carea' id='block_1_111' title="bbox 2204 4648 3717 4732">
    <p class='ocr_par' dir='ltr' id='par_1_111' title="bbox 2204 4648 3717 4732">
     <span class='ocr_line' id='line_1_112' title="bbox 2204 4648 3717 4732; baseline -0.003 -27"><span class='ocrx_word' id='word_1_765' title='bbox 2204 4650 2345 4732; x_wconf 70' lang='grc'>(20⁸)</span> <span class='ocrx_word' id='word_1_766' title='bbox 2384 4648 2936 4732; x_wconf 61' lang='grc' dir='ltr'>Μηναγύρτοῦκτες.</span> <span class='ocrx_word' id='word_1_767' title='bbox 2999 4648 3330 4732; x_wconf 70' lang='lat' dir='ltr'><strong>Dionysius,</strong></span> <span class='ocrx_word' id='word_1_768' title='bbox 3397 4665 3717 4720; x_wconf 82' lang='grc' dir='ltr'>μητραγυρ-</span> 
     </span>
    </p>
   </div>
   <div class='ocr_carea' id='block_1_112' title="bbox 2139 4721 3716 4791">
    <p class='ocr_par' dir='ltr' id='par_1_112' title="bbox 2139 4721 3716 4791">
     <span class='ocr_line' id='line_1_113' title="bbox 2139 4721 3716 4791; baseline -0.003 -17"><span class='ocrx_word' id='word_1_769' title='bbox 2139 4721 2378 4791; x_wconf 72' lang='grc' dir='ltr'>τοῦντες,</span> <span class='ocrx_word' id='word_1_770' title='bbox 2405 4730 2460 4775; x_wconf 90' lang='lat' dir='ltr'><strong>et</strong></span> <span class='ocrx_word' id='word_1_771' title='bbox 2506 4722 2667 4789; x_wconf 89' lang='lat' dir='ltr'><strong>paulo</strong></span> <span class='ocrx_word' id='word_1_772' title='bbox 2706 4730 2831 4791; x_wconf 89' lang='lat' dir='ltr'><strong>post</strong></span> <span class='ocrx_word' id='word_1_773' title='bbox 2872 4721 3269 4791; x_wconf 79' lang='grc' dir='ltr'>μητραγυρτῶν</span> <span class='ocrx_word' id='word_1_774' title='bbox 3298 4734 3395 4791; x_wconf 84' lang='lat' dir='ltr'><strong>pro</strong></span> <span class='ocrx_word' id='word_1_775' title='bbox 3436 4734 3716 4789; x_wconf 87' lang='grc' dir='ltr'>μηναγυρ-</span> 
     </span>
    </p>
   </div>
   <div class='ocr_carea' id='block_1_113' title="bbox 2139 4788 3714 4861">
    <p class='ocr_par' dir='ltr' id='par_1_113' title="bbox 2139 4788 3714 4861">
     <span class='ocr_line' id='line_1_114' title="bbox 2139 4788 3714 4861; baseline -0.003 -18"><span class='ocrx_word' id='word_1_776' title='bbox 2139 4790 2267 4845; x_wconf 85' lang='grc' dir='ltr'>τῶν.</span> <span class='ocrx_word' id='word_1_777' title='bbox 2295 4788 2538 4860; x_wconf 84' lang='lat' dir='ltr'><strong>Utraque</strong></span> <span class='ocrx_word' id='word_1_778' title='bbox 2575 4788 2737 4861; x_wconf 78' lang='lat' dir='ltr'><strong>lectio</strong></span> <span class='ocrx_word' id='word_1_779' title='bbox 2773 4788 2944 4860; x_wconf 81' lang='lat' dir='ltr'><strong>proba</strong></span> <span class='ocrx_word' id='word_1_780' title='bbox 2990 4788 3093 4845; x_wconf 86' lang='lat' dir='ltr'><strong>est.</strong></span> <span class='ocrx_word' id='word_1_781' title='bbox 3132 4788 3239 4844; x_wconf 82' lang='lat' dir='ltr'><strong>Sed</strong></span> <span class='ocrx_word' id='word_1_782' title='bbox 3284 4788 3346 4842; x_wconf 80' lang='grc' dir='ltr'><strong>τὸ</strong></span> <span class='ocrx_word' id='word_1_783' title='bbox 3393 4788 3714 4861; x_wconf 76' lang='grc' dir='ltr'>μητραγυρ-</span> 
     </span>
    </p>
   </div>
   <div class='ocr_carea' id='block_1_114' title="bbox 2138 4859 3714 4940">
    <p class='ocr_par' dir='ltr' id='par_1_114' title="bbox 2138 4859 3714 4940">
     <span class='ocr_line' id='line_1_115' title="bbox 2138 4859 3714 4940; baseline -0.004 -26"><span class='ocrx_word' id='word_1_784' title='bbox 2138 4863 2272 4925; x_wconf 87' lang='grc' dir='ltr'>τεῖν,</span> <span class='ocrx_word' id='word_1_785' title='bbox 2307 4859 2463 4940; x_wconf 74' lang='lat' dir='ltr'><strong>deam</strong></span> <span class='ocrx_word' id='word_1_786' title='bbox 2494 4859 2768 4930; x_wconf 75' lang='lat' dir='ltr'><strong>exprimit,</strong></span> <span class='ocrx_word' id='word_1_787' title='bbox 2795 4862 2881 4915; x_wconf 87' lang='lat' dir='ltr'><strong>cui</strong></span> <span class='ocrx_word' id='word_1_788' title='bbox 2912 4861 3103 4940; x_wconf 83' lang='lat' dir='ltr'><strong>stipem</strong></span> <span class='ocrx_word' id='word_1_789' title='bbox 3145 4866 3453 4940; x_wconf 46' lang='lat' dir='ltr'><strong>cogerenti.</strong></span> <span class='ocrx_word' id='word_1_790' title='bbox 3480 4859 3543 4909; x_wconf 85' lang='grc' dir='ltr'><strong>τὸ</strong></span> <span class='ocrx_word' id='word_1_791' title='bbox 3574 4859 3714 4940; x_wconf 78' lang='grc' dir='ltr'>μην-</span> 
     </span>
    </p>
   </div>
   <div class='ocr_carea' id='block_1_115' title="bbox 2140 4926 3714 5068">
    <p class='ocr_par' dir='ltr' id='par_1_115' title="bbox 2140 4926 3714 5068">
     <span class='ocr_line' id='line_1_116' title="bbox 2141 4926 3713 5013; baseline -0.003 -28"><span class='ocrx_word' id='word_1_792' title='bbox 2141 4933 2400 5013; x_wconf 74' lang='grc' dir='ltr'>αγυρτεῖν</span> <span class='ocrx_word' id='word_1_793' title='bbox 2426 4926 2581 5011; x_wconf 64' lang='lat' dir='ltr'><strong>vero;</strong></span> <span class='ocrx_word' id='word_1_794' title='bbox 2604 4939 2846 4998; x_wconf 89' lang='lat' dir='ltr'><strong>tempus:</strong></span> <span class='ocrx_word' id='word_1_795' title='bbox 2870 4926 3053 5010; x_wconf 73' lang='lat' dir='ltr'><strong>credo,</strong></span> <span class='ocrx_word' id='word_1_796' title='bbox 3083 4926 3237 4997; x_wconf 75' lang='lat' dir='ltr'><strong>quod</strong></span> <span class='ocrx_word' id='word_1_797' title='bbox 3257 4926 3486 5012; x_wconf 78' lang='lat' dir='ltr'><strong>singulis</strong></span> <span class='ocrx_word' id='word_1_798' title='bbox 3511 4926 3713 4982; x_wconf 83' lang='lat' dir='ltr'><strong>mensi-</strong></span> 
     </span>
     <span class='ocr_line' id='line_1_117' title="bbox 2140 4996 3714 5068; baseline -0.004 -12"><span class='ocrx_word' id='word_1_799' title='bbox 2140 5001 2245 5056; x_wconf 90' lang='lat' dir='ltr'><strong>bus</strong></span> <span class='ocrx_word' id='word_1_800' title='bbox 2296 5001 2350 5055; x_wconf 86' lang='lat' dir='ltr'><strong>Id</strong></span> <span class='ocrx_word' id='word_1_801' title='bbox 2396 5000 2723 5055; x_wconf 78' lang='lat' dir='ltr'><strong>factitarent.</strong></span> <span class='ocrx_word' id='word_1_802' title='bbox 2760 4998 3098 5068; x_wconf 78' lang='lat' dir='ltr'><strong>Hesychius:</strong></span> <span class='ocrx_word' id='word_1_803' title='bbox 3130 4999 3518 5068; x_wconf 84' lang='grc' dir='ltr'>Μηναγυρτης,</span> <span class='ocrx_word' id='word_1_804' title='bbox 3552 4996 3714 5068; x_wconf 16' lang='grc' dir='ltr'>ὁίὰπὸ</span> 
     </span>
    </p>
   </div>
   <div class='ocr_carea' id='block_1_116' title="bbox 2146 5067 3713 5146">
    <p class='ocr_par' dir='ltr' id='par_1_116' title="bbox 2146 5067 3713 5146">
     <span class='ocr_line' id='line_1_118' title="bbox 2146 5067 3713 5146; baseline -0.013 -7"><span class='ocrx_word' id='word_1_805' title='bbox 2146 5071 2315 5141; x_wconf 77' lang='grc' dir='ltr'>μηνὸς</span> <span class='ocrx_word' id='word_1_806' title='bbox 2365 5070 2611 5139; x_wconf 79' lang='grc' dir='ltr'>συνάγων</span> <span class='ocrx_word' id='word_1_807' title='bbox 2653 5067 3128 5146; x_wconf 69' lang='grc' dir='ltr'>πανηγύρειςῼυο</span> <span class='ocrx_word' id='word_1_808' title='bbox 3157 5067 3520 5146; x_wconf 52' lang='lat' dir='ltr'><strong>lucernallem</strong></span> <span class='ocrx_word' id='word_1_809' title='bbox 3552 5067 3713 5146; x_wconf 79' lang='lat' dir='ltr'><strong>abes-</strong></span> 
     </span>
    </p>
   </div>
   <div class='ocr_carea' id='block_1_117' title="bbox 2142 5134 3713 5210">
    <p class='ocr_par' dir='ltr' id='par_1_117' title="bbox 2142 5134 3713 5210">
     <span class='ocr_line' id='line_1_119' title="bbox 2142 5134 3713 5210; baseline -0.004 -15"><span class='ocrx_word' id='word_1_810' title='bbox 2142 5134 2225 5195; x_wconf 75' lang='lat' dir='ltr'><strong>set</strong></span> <span class='ocrx_word' id='word_1_811' title='bbox 2271 5134 2721 5210; x_wconf 74' lang='lat' dir='ltr'><strong>postremavox;</strong></span> <span class='ocrx_word' id='word_1_812' title='bbox 2768 5134 3132 5210; x_wconf 61' lang='lat' dir='ltr'><strong>quainetiam</strong></span> <span class='ocrx_word' id='word_1_813' title='bbox 3182 5136 3322 5210; x_wconf 83' lang='lat' dir='ltr'><strong>tollit</strong></span> <span class='ocrx_word' id='word_1_814' title='bbox 3351 5134 3585 5210; x_wconf 82' lang='lat' dir='ltr'><strong>_Suidas,</strong></span> <span class='ocrx_word' id='word_1_815' title='bbox 3610 5139 3713 5210; x_wconf 67' lang='lat' dir='ltr'><strong>all-</strong></span> 
     </span>
    </p>
   </div>
   <div class='ocr_carea' id='block_1_118' title="bbox 2141 5205 3714 5279">
    <p class='ocr_par' dir='ltr' id='par_1_118' title="bbox 2141 5205 3714 5279">
     <span class='ocr_line' id='line_1_120' title="bbox 2141 5205 3714 5279; baseline -0.003 -14"><span class='ocrx_word' id='word_1_816' title='bbox 2141 5205 2317 5265; x_wconf 49' lang='lat' dir='ltr'><strong>dens-z</strong></span> <span class='ocrx_word' id='word_1_817' title='bbox 2348 5208 2734 5279; x_wconf 85' lang='grc' dir='ltr'>Μηναγύρτης,</span> <span class='ocrx_word' id='word_1_818' title='bbox 2761 5205 2916 5279; x_wconf 79' lang='grc' dir='ltr'>τῆς</span> <span class='ocrx_word' id='word_1_819' title='bbox 2941 5208 3094 5269; x_wconf 83' lang='grc' dir='ltr'>Ῥέας</span> <span class='ocrx_word' id='word_1_820' title='bbox 3121 5207 3317 5278; x_wconf 74' lang='grc' dir='ltr'>ἱερεὺς,</span> <span class='ocrx_word' id='word_1_821' title='bbox 3341 5207 3369 5258; x_wconf 81' lang='grc' dir='ltr'>ὁ</span> <span class='ocrx_word' id='word_1_822' title='bbox 3396 5205 3536 5260; x_wconf 82' lang='grc' dir='ltr'>κατὰ</span> <span class='ocrx_word' id='word_1_823' title='bbox 3567 5205 3714 5276; x_wconf 83' lang='grc' dir='ltr'>μῆνα</span> 
     </span>
    </p>
   </div>
   <div class='ocr_carea' id='block_1_119' title="bbox 2142 5276 2913 5351">
    <p class='ocr_par' dir='ltr' id='par_1_119' title="bbox 2142 5276 2913 5351">
     <span class='ocr_line' id='line_1_121' title="bbox 2142 5276 2913 5351; baseline -0.005 -17"><span class='ocrx_word' id='word_1_824' title='bbox 2142 5281 2377 5351; x_wconf 81' lang='grc' dir='ltr'>ἀγείρων</span> <span class='ocrx_word' id='word_1_825' title='bbox 2408 5276 2509 5351; x_wconf 11' lang='grc' dir='ltr'>,καὶ</span> <span class='ocrx_word' id='word_1_826' title='bbox 2531 5276 2913 5351; x_wconf 58' lang='grc' dir='ltr'>συναθροίζων.</span> 
     </span>
    </p>
   </div>
   <div class='ocr_carea' id='block_1_120' title="bbox 2215 5344 3711 5420">
    <p class='ocr_par' dir='ltr' id='par_1_120' title="bbox 2215 5344 3711 5420">
     <span class='ocr_line' id='line_1_122' title="bbox 2215 5344 3711 5420; baseline -0.003 -17"><span class='ocrx_word' id='word_1_827' title='bbox 2215 5344 2322 5420; x_wconf 74' lang='grc'>(21)</span> <span class='ocrx_word' id='word_1_828' title='bbox 2346 5350 2574 5420; x_wconf 68' lang='grc' dir='ltr'>Τύπους</span> <span class='ocrx_word' id='word_1_829' title='bbox 2585 5363 2662 5420; x_wconf 50' lang='grc' dir='ltr'><strong>τεΔ</strong></span> <span class='ocrx_word' id='word_1_830' title='bbox 2672 5344 3058 5420; x_wconf 56' lang='grc' dir='ltr'>περικείμενοι</span> <span class='ocrx_word' id='word_1_831' title='bbox 3072 5344 3195 5409; x_wconf 82' lang='grc' dir='ltr'>τοῖς</span> <span class='ocrx_word' id='word_1_832' title='bbox 3209 5344 3518 5420; x_wconf 57' lang='grc' dir='ltr'>στήθεσιν.</span> <span class='ocrx_word' id='word_1_833' title='bbox 3538 5346 3711 5399; x_wconf 84' lang='lat' dir='ltr'><strong>Inter-</strong></span> 
     </span>
    </p>
   </div>
   <div class='ocr_carea' id='block_1_121' title="bbox 2142 5412 3710 5489">
    <p class='ocr_par' dir='ltr' id='par_1_121' title="bbox 2142 5412 3710 5489">
     <span class='ocr_line' id='line_1_123' title="bbox 2142 5412 3710 5489; baseline -0.001 -17"><span class='ocrx_word' id='word_1_834' title='bbox 2142 5412 2267 5489; x_wconf 82' lang='lat' dir='ltr'><strong>pres</strong></span> <span class='ocrx_word' id='word_1_835' title='bbox 2282 5412 2521 5489; x_wconf 78' lang='lat' dir='ltr'><strong>Dionysii</strong></span> <span class='ocrx_word' id='word_1_836' title='bbox 2533 5412 2685 5470; x_wconf 86' lang='lat' dir='ltr'><strong>vertit</strong></span> <span class='ocrx_word' id='word_1_837' title='bbox 2696 5412 2924 5489; x_wconf 69' lang='lat' dir='ltr'><strong>,pectorb</strong></span> <span class='ocrx_word' id='word_1_838' title='bbox 2936 5412 3295 5482; x_wconf 76' lang='lat' dir='ltr'><strong>plangentes.N</strong></span> <span class='ocrx_word' id='word_1_839' title='bbox 3306 5412 3531 5489; x_wconf 83' lang='lat' dir='ltr'><strong>usquam</strong></span> <span class='ocrx_word' id='word_1_840' title='bbox 3542 5426 3710 5489; x_wconf 73' lang='lat' dir='ltr'><strong>certe,</strong></span> 
     </span>
    </p>
   </div>
   <div class='ocr_carea' id='block_1_122' title="bbox 2142 5485 3711 5606">
    <p class='ocr_par' dir='ltr' id='par_1_122' title="bbox 2142 5485 3711 5606">
     <span class='ocr_line' id='line_1_124' title="bbox 2142 5485 3711 5606; baseline -0.002 -64"><span class='ocrx_word' id='word_1_841' title='bbox 2142 5485 2310 5542; x_wconf 71' lang='grc' dir='ltr'>τύπον</span> <span class='ocrx_word' id='word_1_842' title='bbox 2324 5485 2540 5559; x_wconf 87' lang='grc' dir='ltr'>στήθεσι</span> <span class='ocrx_word' id='word_1_843' title='bbox 2556 5503 2621 5537; x_wconf 90' lang='grc' dir='ltr'><strong>πε</strong></span> <span class='ocrx_word' id='word_1_844' title='bbox 2629 5485 3013 5606; x_wconf 69' lang='grc' dir='ltr'>ρικεῖσθαι,την</span> <span class='ocrx_word' id='word_1_845' title='bbox 3030 5503 3117 5539; x_wconf 88' lang='grc' dir='ltr'><strong>στε</strong></span> <span class='ocrx_word' id='word_1_846' title='bbox 3128 5487 3408 5557; x_wconf 85' lang='grc' dir='ltr'>ρνοτυπίαν</span> <span class='ocrx_word' id='word_1_847' title='bbox 3424 5485 3711 5556; x_wconf 78' lang='lat' dir='ltr'><strong>signiﬁcat.</strong></span> 
     </span>
     <span class='ocr_line' id='line_1_125' title="bbox 2217 5555 3248 5606; baseline 0 0"><span class='ocrx_word' id='word_1_848' title='bbox 2217 5560 2327 5606; x_wconf 71' lang='grc'>(22)</span> <span class='ocrx_word' id='word_1_849' title='bbox 2367 5557 2429 5606; x_wconf 90' lang='lat' dir='ltr'><strong>L.</strong></span> <span class='ocrx_word' id='word_1_850' title='bbox 2463 5559 2530 5606; x_wconf 84' lang='grc' dir='ltr'>δι’</span> <span class='ocrx_word' id='word_1_851' title='bbox 2560 5556 2627 5606; x_wconf 85' lang='grc' dir='ltr'>ἀλ</span> <span class='ocrx_word' id='word_1_852' title='bbox 2658 5555 2904 5606; x_wconf 74' lang='grc' dir='ltr'>ηγοοίας.</span> <span class='ocrx_word' id='word_1_853' title='bbox 2941 5565 3000 5606; x_wconf 91' lang='lat' dir='ltr'><strong>ut</strong></span> <span class='ocrx_word' id='word_1_854' title='bbox 3031 5556 3248 5606; x_wconf 81' lang='lat' dir='ltr'><strong>Dionvs.</strong></span> 
     </span>
    </p>
   </div>
   <div class='ocr_carea' id='block_1_123' title="bbox 2236 5555 3248 5626">
    <p class='ocr_par' dir='ltr' id='par_1_123' title="bbox 2236 5555 3248 5626">
     <span class='ocr_line' id='line_1_126' title="bbox 2236 5555 3248 5626; baseline -0.005 -14"><span class='ocrx_word' id='word_1_855' title='bbox 2236 5560 2327 5626; x_wconf 79' lang='grc'><strong>22)</strong></span> <span class='ocrx_word' id='word_1_856' title='bbox 2367 5555 2429 5610; x_wconf 65' lang='grc' dir='ltr'><strong>ιζ</strong></span> <span class='ocrx_word' id='word_1_857' title='bbox 2463 5559 2530 5610; x_wconf 87' lang='grc' dir='ltr'>δι’</span> <span class='ocrx_word' id='word_1_858' title='bbox 2560 5555 2905 5626; x_wconf 76' lang='grc' dir='ltr'>ἀλληγορίας,</span> <span class='ocrx_word' id='word_1_859' title='bbox 2941 5555 3000 5609; x_wconf 83' lang='lat' dir='ltr'><strong>ut</strong></span> <span class='ocrx_word' id='word_1_860' title='bbox 3031 5555 3248 5626; x_wconf 82' lang='lat' dir='ltr'><strong>Diohys.</strong></span> 
     </span>
    </p>
   </div>
   <div class='ocr_carea' id='block_1_124' title="bbox 2238 5561 3708 5697">
    <p class='ocr_par' dir='ltr' id='par_1_124' title="bbox 2238 5561 3708 5697">
     <span class='ocr_line' id='line_1_127' title="bbox 2238 5561 3248 5626; baseline -0.005 -14"><span class='ocrx_word' id='word_1_861' title='bbox 2238 5561 2306 5613; x_wconf 80' lang='grc'><strong>22</strong></span> <span class='ocrx_word' id='word_1_862' title='bbox 2367 5561 2429 5610; x_wconf 89' lang='lat' dir='ltr'><strong>L.</strong></span> <span class='ocrx_word' id='word_1_863' title='bbox 2463 5561 2530 5610; x_wconf 84' lang='grc' dir='ltr'>δι’</span> <span class='ocrx_word' id='word_1_864' title='bbox 2560 5561 2905 5626; x_wconf 76' lang='grc' dir='ltr'>ἀλληγορίας,</span> <span class='ocrx_word' id='word_1_865' title='bbox 2941 5565 3000 5609; x_wconf 84' lang='lat' dir='ltr'><strong>ut</strong></span> <span class='ocrx_word' id='word_1_866' title='bbox 3031 5561 3248 5626; x_wconf 85' lang='lat' dir='ltr'><strong>Dionys.</strong></span> 
     </span>
     <span class='ocr_line' id='line_1_128' title="bbox 2238 5561 3708 5697; baseline -0.003 -15"><span class='ocrx_word' id='word_1_867' title='bbox 2238 5561 2329 5697; x_wconf 75' lang='grc'>25)</span> <span class='ocrx_word' id='word_1_868' title='bbox 2369 5627 2681 5697; x_wconf 50' lang='grc' dir='ltr'>Δειγμιῖτα,</span> <span class='ocrx_word' id='word_1_869' title='bbox 2717 5624 2842 5695; x_wconf 85' lang='lat' dir='ltr'><strong>Legi</strong></span> <span class='ocrx_word' id='word_1_870' title='bbox 2867 5625 3348 5695; x_wconf 62' lang='lat' dir='ltr'><strong>Selpatamtapud</strong></span> <span class='ocrx_word' id='word_1_871' title='bbox 3368 5624 3708 5697; x_wconf 79' lang='lat' dir='ltr'><strong>Dionysium.</strong></span> 
     </span>
    </p>
   </div>
   <div class='ocr_carea' id='block_1_125' title="bbox 2147 5693 3702 5767">
    <p class='ocr_par' dir='ltr' id='par_1_125' title="bbox 2147 5693 3702 5767">
     <span class='ocr_line' id='line_1_129' title="bbox 2147 5693 3702 5767; baseline 0.001 -15"><span class='ocrx_word' id='word_1_872' title='bbox 2147 5693 2288 5766; x_wconf 83' lang='lat' dir='ltr'><strong>Quid</strong></span> <span class='ocrx_word' id='word_1_873' title='bbox 2313 5693 2361 5754; x_wconf 85' lang='lat' dir='ltr'><strong>si</strong></span> <span class='ocrx_word' id='word_1_874' title='bbox 2395 5693 2646 5767; x_wconf 76' lang='grc' dir='ltr'>δήγματα</span> <span class='ocrx_word' id='word_1_875' title='bbox 2672 5693 2933 5764; x_wconf 80' lang='lat' dir='ltr'><strong>legamus,</strong></span> <span class='ocrx_word' id='word_1_876' title='bbox 2953 5693 3081 5764; x_wconf 70' lang='lat' dir='ltr'><strong>quae</strong></span> <span class='ocrx_word' id='word_1_877' title='bbox 3105 5693 3318 5767; x_wconf 78' lang='lat' dir='ltr'><strong>morsus</strong></span> <span class='ocrx_word' id='word_1_878' title='bbox 3348 5696 3468 5751; x_wconf 90' lang='lat' dir='ltr'><strong>ilios</strong></span> <span class='ocrx_word' id='word_1_879' title='bbox 3495 5693 3702 5752; x_wconf 60' lang='lat' dir='ltr'><strong>Calatini</strong></span> 
     </span>
    </p>
   </div>
   <div class='ocr_carea' id='block_1_126' title="bbox 2152 5763 3291 5838">
    <p class='ocr_par' dir='ltr' id='par_1_126' title="bbox 2152 5763 3291 5838">
     <span class='ocr_line' id='line_1_130' title="bbox 2152 5763 3291 5838; baseline -0.007 -14"><span class='ocrx_word' id='word_1_880' title='bbox 2152 5763 2318 5825; x_wconf 69' lang='lat' dir='ltr'><strong>talum</strong></span> <span class='ocrx_word' id='word_1_881' title='bbox 2350 5763 2922 5838; x_wconf 74' lang='lat' dir='ltr'><strong>perturbationemque</strong></span> <span class='ocrx_word' id='word_1_882' title='bbox 2954 5763 3291 5835; x_wconf 74' lang='lat' dir='ltr'><strong>signiﬁcent?</strong></span> 
     </span>
    </p>
   </div>
  </div>
