4156 6418
360 387 461 441 135

1533 381 1854 438 ΡΒᾸΞΡΑΒ.
1897 382 2146 439 EVANG.
2188 379 2317 433 ΜΒ.
2359 376 2444 432 Ill.

3509 365 3608 419 151

427 499 498 551 τὰ
518 497 845 567 φαινόμενα
872 495 995 549 κατ’
1030 496 1289 567 οὐραιηιξν
1318 494 1528 567 ἄστρα,
1562 494 1663 567 ἐστί
1684 510 1749 547 τε
1771 494 1928 561 ὓδωρ

2100 494 2169 545 ad
2193 509 2253 545 ea
2282 498 2506 549 tantum,
2533 504 2650 557 qua:
2667 488 2723 540 in
2742 486 2867 567 caelo
2889 497 3037 539 astra
3059 493 3365 567 cernuntur,
3388 499 3604 555 aquarii,

428 564 531 649 καί
558 564 705 635 πῦρ,
734 568 831 619 καὶ
870 567 942 619 τὰ
964 566 1148 619 λοιπὰ
1174 565 1326 633 μέρη
1369 564 1476 617 τοῦ
1530 564 1762 632 κόσμου
1789 580 1928 632 μετ-

358 653 595 793 annm.
616 705 714 759 καὶ
742 704 930 758 ταῦτα
995 702 1199 770 πάσης
1245 701 1484 771 ὑπῆρχε
1511 703 1705 773 μεστὰ
1757 720 1934 757 κατα-

362 792 739 912 ς’ΤζῗΊᾟῗῗιςάὶ
779 842 890 909 τῆς
915 841 1326 912 φυσικωτέρας
1361 842 1559 898 αὐτῶν
1599 843 1734 912 περὶ
1782 841 1934 897 θεῶν

429 915 671 981 θεωρίας
702 914 963 981 εὐλόγως
1013 911 1538 983 ἀναχωρήσαντες,
1577 911 1695 981 τὴν
1731 916 1934 983 μόνην

427 985 525 1039 καὶ
551 983 747 1053 άληθῆ
793 983 1103 1050 θεολογίαν
1124 981 1619 1053 προετιμήσαμεν.

361 1117 424 1182 ζ’.
454 1118 696 1183 Ὀποίας
730 1119 787 1170 οἱ
819 1115 1085 1182 νεώτεροι
1120 1114 1239 1168 τῶν
1270 1118 1619 1185 φιλοσόφων
1649 1117 1773 1184 τοῖς
1797 1119 1929 1186 περὶ

429 1189 578 1241 θεῶν
599 1190 812 1257 μύθοις
837 1185 1225 1257 συνέςτλεξᾳν
1253 1188 1634 1257 αἰτιολογίας.

360 1264 431 1327 η’.
464 1254 611 1325 Περῖ
632 1257 742 1323 τῆς
786 1254 1045 1321 παλαιαῖς
1093 1254 1226 1327 τῶν
1273 1254 1506 1327 ξοάνων
1550 1258 1933 1327 κατασκευῆς

431 1329 529 1379 καὶ
572 1328 879 1394 ἱδρύσεως,
916 1326 983 1378 ἐκ
1013 1325 1119 1378 τοῦ
1140 1325 1549 1394 Πλουτάρχου.

360 1397 422 1451 θ’.
464 1399 592 1451 Ἔτι
613 1399 743 1465 περὶ
767 1395 868 1463 τῆς
898 1395 1419 1464 ἀλληγοροινμὲνης
1477 1397 1786 1463 Ἑλλήνων
1830 1398 1927 1452 καὶ

428 1470 764 1535 Αίγυπτίων
794 1466 1123 1534 θεολογίας.

359 1543 413 1592 t'.
441 1532 728 1604 Ἔλεγχος
766 1536 861 1589 καὶ
898 1532 1207 1602 ἀνατροπὴ
1260 1532 1371 1602 τῆς
1408 1535 1506 1588 καὶ
1557 1538 1782 1589 τούτων
1820 1537 1930 1600 ,ϐε-

426 1605 751 1672 ϐιασμένης
775 1605 1145 1670 ἀποδόσεως.

359 1684 449 1731 ια’.
484 1673 775 1745 Ἔλεγχος
803 1676 1053 1742 ἰσχυρὸς
1085 1673 1193 1742 τῆς
1242 1673 1359 1727 τῶν
1404 1673 1785 1743 Ἑλληνικῶν
1839 1675 1932 1728 δο-

428 1746 662 1817 πειιάτων
690 1746 967 1817 ἐνταῦθα.

2108 564 2300 631 ignem,
2332 577 2392 613 ac
2425 556 2641 613 (ceteras
2675 557 2855 609 mundi
2882 566 3054 625 partes
3085 556 3443 608 traduxerim.

2033 704 2085 757 5.
2133 700 2352 753 Nullam
2388 699 2491 751 ista
2527 696 2818 749 damnandi
2867 695 2947 747 sui
2983 710 3197 747 causam
3242 710 3335 761 per
3364 710 3476 748 sese
3500 710 3604 749 nor.

2102 770 2407 840 praebuisse.

2033 833 2250 895 6.'Jure
2297 854 2391 892 nos
2423 838 2487 890 ab
2532 854 2594 890 ea
2627 852 2828 906 quoque
2861 834 2925 887 de
2971 835 3072 888 diis
3106 835 3330 888 istorum
3375 833 3606 900 philoso-

2102 908 2302 981 phandi
2332 909 2568 981 ratione,
2598 921 2732 981 quia
2754 905 2969 981 propius
2996 906 3065 981 ad
3094 916 3339 957 naturam
3365 906 3606 981 accedch

2100 974 2356 1040 uideatur,
2380 974 2667 1037 recessisse,
2685 975 2951 1044 eidemque
2973 974 3140 1027 solam
3162 989 3435 1043 veramque
3459 974 3595 1027 tlteo-

2099 1051 2291 1118 logiam
2316 1050 2690 1115 anteposuisse.

2036 1120 2086 1174 7.
2119 1114 2391 1184 Quasnam
2420 1114 2731 1171 recentiores
2761 1114 3063 1184 philosophi
3091 1129 3283 1165 causas
3320 1122 3474 1180 atque
3516 1126 3608 1166 ra-

2140 1183 2305 1244 tiones
2336 1189 2404 1239 ad
2446 1199 2636 1240 veteres
2665 1187 2729 1239 de
2763 1186 2867 1237 diis
2916 1183 3126 1252 fabulas
3163 1185 3502 1236 atterruerint.

2032 1260 2083 1315 8.
2114 1259 2188 1313 De
2220 1259 2394 1327 prisca
2426 1257 2716 1310 simulacra
2761 1254 3072 1323 conﬁciendi
3110 1252 3477 1321 statuendique
3517 1269 3606 1306 ra-

2104 1338 2261 1391 tione,
2291 1344 2356 1382 ex
2390 1328 2695 1380 Plutarcho.

2030 1401 2083 1456 9.
2126 1400 2466 1455 Continuatio
2500 1397 2773 1466 theologia:
2798 1392 3104 1450 Crcecorum
3143 1403 3193 1446 et
3232 1390 3606 1461 Egi/ptimum

2102 1469 2371 1539 allegoriis
2405 1469 2703 1539 explicatae.

2032 1542 2118 1595 10.
2158 1532 2368 1594 coacta:
2390 1555 2452 1591 ac
2472 1532 2716 1591 uiolenta:
2751 1536 2976 1590 istorum
3003 1532 3505 1588 accommodationis
3531 1549 3610 1585 re-

2142 1610 2330 1662 ntatio.

2030 1610 2513 1733 “fui’atil'i’dissima
2541 1675 2847 1731 Crtecorum
2887 1676 2984 1728 hoc
3009 1675 3065 1728 in
3092 1689 3275 1743 genere
3301 1672 3612 1741 dogmatum

2103 1750 2419 1811 confatalia.

360 1812 615 1885 ιϐ’ΪΠερὶ
668 1817 775 1870 τοῦ
832 1815 981 1868 κατὰ
1020 1812 1134 1881 τὴν
1192 1814 1627 1882 Ἐλεφαντίνην
1669 1812 1933 1883 ἁγάλμα-

2037 1819 2122 1873 12.
2157 1818 2229 1871 De
2256 1817 2564 1880 simulacro,
2589 1817 2728 1886 quod
2761 1812 3219 1884 Elepltantinopoli
3248 1813 3458 1866 visitur.

432 1904 555 1940 τοο.

360 1907 613 2031 ιγ’ἶῖξερὶ
640 1955 745 2009 τοῦ
779 1956 850 2007 ἐν
894 1949 1090 2007 Ἡλίου
1117 1953 1290 2031 πόλει
1323 1950 1616 2020 θυομένου
1659 1952 1740 2017 τῷ
1783 1954 1935 2022 ἡλίῳ

474 2029 594 2091 ode.

361 2028 616 2150 ιδ’ξῗιὲτι
663 2094 770 2160 τὰς
804 2092 1061 2163 μυθικὰς
1094 2091 1231 2163 περὶ
1284 2090 1434 2144 θεῶν
1474 2090 1783 2161 διηγήσεις
1821 2093 1934 2147 άπ-

431 2166 698 2235 έλεγχονί
712 2161 957 2235 ἐναντία
989 2161 1366 2235 πράττοντες.

362 2231 584 2290 ιε’.”οτἱ
597 2231 707 2288 ’καὶ
732 2235 841 2299 τὰς
860 2233 976 2286 τῶν
1003 2231 1351 2301 φιλοσόφων
1365 2232 1607 2301 θεωρίας
1627 2232 1934 2301 ἐϐεϐαίουν

430 2305 527 2359 διὰ
560 2303 677 2358 τῶν
709 2299 1015 2372 χρησμῶν,
1076 2300 1361 2366 ἐναντίως
1391 2299 1513 2365 τοῖς
1571 2302 1703 2369 περὶ
1736 2300 1934 2354 αὐτῶν

424 2378 637 2443 μύθοις
665 2374 823 2439 άλλη
832 2372 1162 2443 γοροείξντες.

364 2434 457 2510 ιςῖ.
497 2434 628 2498 "Oti
655 2443 773 2495 τῶν
810 2434 1126 2495 ἀδυνάτων
1158 2436 1405 2510 ,πέφυκε
1434 2434 1601 2510 εἶναι
1664 2439 1738 2493 τὰ
1779 2439 1931 2510 μέρη

435 2516 541 2567 τοῦ
571 2514 800 2579 κόσμου
852 2512 890 2577 ἢ
941 2511 1047 2575 τὰς
1078 2506 1259 2573 θείας
1292 2506 1576 2579 δυνάμεις
1631 2506 1933 2578 γοητικαῖς

426 2577 713 2651 ἀνάγκαις
736 2581 1155 2649 μεθέλκεσθαι,
1206 2579 1303 2632 καὶ
1334 2577 1432 2631 διὰ
1464 2577 1756 2650 χρησμῶν
1807 2579 1932 2645 τοῖς

424 2651 683 2720 ἐρωτῶσι
715 2651 1032 2711 θεσπίζειν.

356 2718 604 2787 ιζ’.ή”οτι
637 2720 989 2789 δαιμονικῆς
1042 2719 1344 2787 ἐνεργείας
1401 2718 1598 2773 πάντα
1627 2718 1695 2772 τὰ
1736 2718 1936 2774 τοιάδε

422 2791 719 2862 τυγχάνει,

963 2903 1365 2956 ΠΡΟΟΙΜΙΟΝ.

426 2990 506 3044 Τὰ
531 2991 628 3062 μὲν
663 2991 1019 3067 παραστάντα
1058 2994 1170 3056 τοῖς
1218 2991 1527 3062 κρατίστοις
1582 2989 1688 3043 τῶν
1718 2990 1935 3059 φιλοσό-

356 3099 494 3150 φων,
529 3083 624 3136 καὶ
643 3086 767 3146 τοῖς
783 3083 1033 3145 παλαιοῖς
1090 3083 1185 3136 καὶ
1214 3081 1452 3154 πρώτοις
1492 3080 1587 3151 τῆς
1647 3081 1935 3151 Ῥωμαίων

2032 1950 2143 2021 82
2168 1950 2255 2005 15.
2280 1949 2352 2002 De
2375 1948 2518 2004 bove.
2542 1948 2631 2018 qui
2650 1946 2786 2012 apud
2803 1945 3123 2014 Heliopolim
3142 1943 3255 1998 Soli
3281 1945 3611 1998 immolatur.

2034 2086 2123 2141 14,
2155 2084 2450 2139 Fabulosas
2472 2085 2535 2137 de
2559 2086 2661 2137 diis
2688 2083 3020 2137 narrationes
3044 2080 3108 2134 ab
3133 2080 3239 2134 illis
3261 2081 3613 2151 ipsicoargui,

2101 2157 2193 2225 qui
2219 2160 2491 2209 contraria
2520 2154 2745 2225 faciant.

2033 2222 2122 2281 15.
2167 2226 2299 2279 Deos
2339 2226 2477 2293 ipsos
2513 2224 2940 2292 philosophorum
2986 2222 3447 2293 commentationes
3490 2235 3607 2293 ora-

2105 2296 2237 2348 culis
2265 2290 2376 2348 suis
2406 2290 2762 2363 conﬁrmasse,
2786 2302 3075 2361 pugnantes
3105 2306 3223 2343 cum
3247 2292 3449 2359 sparsis
3472 2290 3535 2342 de
3558 2304 3614 2343 se

2107 2364 2301 2434 fabulis
2329 2364 2612 2434 allegorias
2641 2364 2936 2417 statuendo.

2033 2429 2120 2491 16.
2155 2434 2303 2489 Fieri
2355 2429 2457 2487 non
2505 2450 2653 2503 posse
2676 2474 2689 2488 .
2723 2443 2782 2486 ut
2823 2432 3006 2485 mundi
3038 2441 3258 2503 partes,
3281 2440 3373 2483 aut
3421 2429 3616 2484 divina

2104 2506 2320 2559 virtutes
2390 2506 2758 2558 illecebrarum
2810 2503 3121 2556 necessitate
3162 2502 3513 2564 deducantur,
3562 2511 3612 2554 et

2102 2574 2491 2630 consulentibus
2521 2591 2612 2645 per
2638 2573 2854 2627 oracula
2880 2574 3245 2643 respomleant.

2034 2714 2122 2769 17.
2161 2713 2288 2767 "(eo
2331 2713 2509 2765 omnia
2552 2716 2848 2833 dazmonndm
2894 2712 3000 2763 arti
3057 2726 3119 2763 ac
3156 2710 3443 2779 pra'stigiis
3476 2711 3613 2763 assi-

2639 2798 2773 2833 anan
2820 2797 3003 2833 aesse.

2638 2797 2850 2851 gnanaa
2873 2797 3003 2834 esse.

2609 2892 3028 2948 PROGZMIUM.

2109 2988 2387 3058 Ejusmodi
2412 2987 2627 3057 quidem
2661 3002 2770 3040 non
2805 2986 2967 3039 modo
2997 3000 3338 3039 summorum
3365 2984 3610 3053 philoso~

2039 3082 2297 3152 phorum,
2330 3081 2422 3134 sed
2458 3080 2704 3147 ipsorum
2732 3092 2952 3146 quoque
2986 3074 3219 3128 Romani
3253 3075 3464 3145 imperii
3495 3073 3614 3128 fun-

351 3172 650 3243 ἡγεμονίας
683 3173 940 3244 περὶτῆς
978 3172 1298 3243 Ἑλληνικῆς
1359 3172 1656 3242 θεολογίας,
1706 3172 1930 3227 τοιαῦτα

2035 3175 2283 3229 datorum
2303 3186 2367 3227 ac
2389 3170 2719 3241 principum,
2736 3168 2803 3223 de
2825 3167 3140 3224 Grascorum
3156 3166 3438 3221 hominum
3460 3166 3613 3220 them

351 3258 443 3331 ῆν,
478 3263 727 3334 οὐδαμῶς
753 3262 1099 3333 φυσιολογίας
1154 3266 1212 3317 ἐν
1252 3267 1363 3327 τοῖς
1409 3266 1539 3336 περὶ
1573 3264 1712 3317 θεῶν
1742 3263 1932 3335 μύθοις

354 3353 793 3424 παραδεχόμενα,
824 3353 944 3405 οὐδέ
966 3371 1030 3421 γε
1062 3353 1163 3417 τὰς
1190 3356 1545 3423 σεμνοφανεῖς
1571 3357 1664 3409 καὶ
1691 3372 1957 3424 σοφιστι-·

355 3442 458 3504 κάς
511 3442 816 3513 τερθρείας.
852 3443 1040 3513 Ἡμεῖς
1067 3460 1131 3512 γε
1158 3444 1265 3514 μὴν
1306 3444 1534 3519 ἐπείπερ
1592 3446 1932 3517 ὡρμήθημεν

355 3534 448 3586 ἐπὶ
471 3534 562 3587 τὸν
583 3535 785 3587 τούτων
807 3534 1046 3603 ἔλεγχον,
1111 3536 1243 3607 φέρε
1283 3536 1383 3600 τὰς
1424 3538 1718 3609 ἑρμηνείας
1754 3540 1935 3605 αὐτῶν

355 3625 449 3678 καὶ
483 3623 738 3695 θεωρίας,
763 3626 817 3679 τί
848 3644 977 3679 ποτε
1010 3627 1117 3699 ἄρα
1142 3627 1339 3696 σεμνὸν
1367 3630 1459 3682 καὶ
1491 3628 1789 3700 θεοπρεπὲς
1814 3630 1934 3682 ἐπι-

354 3714 690 3783 κομίζονται,
755 3716 1075 3788 συνίδωμεν,
1132 3718 1302 3787 μηδὲν
1339 3719 1437 3788 μὲν
1462 3719 1522 3784 ἐξ
1545 3719 1722 3790 ἡμῶν,
1757 3720 1934 3794 πάντα

353 3805 410 3859 δὲ
437 3808 557 3869 ταῖς
584 3806 762 3860 αὐτῶν
787 3810 990 3875 φωναῖς
1050 3810 1445 3879 συγχρώμενοι,
1474 3810 1549 3873 ὡς
1575 3809 1641 3863 ἂν
1675 3812 1805 3883 παρ’
1834 3811 1934 3865 αὑ-

354 3896 463 3950 τῶν
494 3893 651 3960 αὖθις
674 3897 741 3951 τὰ
768 3898 947 3952 αὐτῶν
975 3899 1148 3969 σεμνὰ
1173 3902 1267 3954 καὶ
1296 3902 1584 3974 ἀπόρρητα
1606 3903 1935 3974 καταμάθω-

360 4008 477 4061 μεν.
511 3991 742 4062 Μυρίοις
772 3992 869 4061 μὲν
900 3988 995 4046 οὖν
1022 3992 1203 4056 ἄλλοις
1257 3992 1364 4047 τῶν
1401 3993 1709 4064 φιλοσοφεῖν
1762 3997 1934 4064 ἑπαγ-

354 4081 693 4154 γελλομένων
718 4083 882 4146 πολὺς
911 4084 1041 4156 περὶ
1077 4070 1284 4138 τούτων
1336 4085 1583 4155 εἰσῆκται
1613 4086 1793 4150 πόνος,
1818 4086 1935 4141 δια-

357 4173 556 4245 φόρους
590 4174 689 4238 ri;
711 4175 889 4231 αὐτῶν
942 4174 1344 4246 εὐρεσιολογίας
1392 4177 1800 4248 πεποιημένοις,
1841 4179 1936 4232 καὶ

356 4266 416 4319 τὸ
440 4267 723 4337 παραστὰν
748 4269 839 4320 καὶ
861 4266 1017 4330 δόξαν
1048 4267 1278 4337 ἑκάστῳ,
1313 4267 1460 4321 τοῦτ’
1481 4264 1619 4321 εἶναι
1645 4270 1707 4322 τὸ
1739 4268 1937 4339 ἀληθὲς

356 4356 888 4427 ἀπισχυριζομένως·
924 4357 1047 4428 ἐμοὶ
1109 4357 1166 4411 δὲ
1219 4357 1439 4429 ἐξαρκεί
1484 4359 1583 4423 τὰς
1633 4360 1935 4426 ἀποδείξεις

357 4450 464 4502 ἀπὸ
488 4449 598 4503 τῶν
628 4449 859 4520 μάλιστα
881 4449 1178 4518 διαφανῶν,
1212 4451 1306 4504 καὶ
1329 4452 1462 4504 πᾶσι
1488 4452 1602 4515 τοῖς
1626 4452 1934 4522 φιλοσόφοις

356 4540 672 4611 γνωρίμων,
695 4541 850 4605 κλέος
872 4558 930 4594 τε
980 4542 1041 4595 οὑ
1080 4542 1272 4615 μικρὸν
1298 4542 1614 4612 φιλοσοφίας
1647 4547 1780 4617 παρ’
1809 4536 1936 4598 ’Ἕλ-

356 4632 513 4702 λησιν
555 4633 1013 4705 ἀπενηνεγμένων
1064 4638 1386 4706 παρασχεῖν.
1431 4629 1529 4689 Ὧν
1568 4636 1783 4707 πρῶτον
1841 4636 1938 4689 λα-

358 4722 487 4789 ϐὼν,
516 4725 790 4794 ἀνάγνωθι
823 4726 916 4779 τοῦ
949 4726 1273 4799 Χαιρωνέως
1319 4726 1663 4798 Πλουτάρχου
1685 4727 1785 4792 τὰς
1811 4729 1940 4801 περὶ

356 4813 465 4867 τῶν
493 4813 870 4885 προκειμένων
900 4815 1102 4884 φωνὰς,
1153 4816 1210 4869 ἐν
1248 4809 1337 4879 αἷς
1394 4815 1734 4887 σεμνολογῶν
1761 4834 1939 4885 παρα-

356 4906 547 4977 τρέπει
580 4906 706 4969 τοὺς
736 4905 960 4976 μύθους,
996 4907 1080 4975 ἐφ’
1102 4906 1195 4970 οὖς
1252 4923 1415 4977 φησιν
1464 4904 1602 4961 εἶναι
1632 4909 1939 4980 μυστηριώ-

353 4995 465 5059 δεις
488 4994 785 5064 θεολογίας.
825 4997 923 5059 *Δς
946 4996 1009 5067 δὴ
1031 4996 1410 5061 ἐκκαλύπτων,
1434 4999 1523 5052 τὸν
1553 5000 1651 5070 μὲν
1679 5000 1930 5053 Διόνυσον

354 5088 452 5160 τὴν
489 5088 661 5160 μέθην
694 5083 832 5141 εἷναί
884 5105 1066 5159 φησιν,
1090 5089 1271 5145 οὐκέτι
1303 5089 1392 5143 τὸν
1425 5092 1530 5145 ὑπὸ
1570 5092 1669 5163 τῆς
1694 5091 1933 5163 ἱστορίας

353 5179 413 5231 ὲν
471 5177 551 5249 τῷ
580 5177 688 5250 πρὸ
731 5178 920 5233 τούτου
967 5180 1359 5251 συγγράμματι
1400 5181 1767 5253 δεδηλωμένον
1799 5181 1931 5253 θνη-

351 5271 445 5324 τὸν
490 5271 678 5343 ἄνδραο
708 5271 805 5343 τὴν
849 5272 905 5324 δὲ
934 5273 1132 5343 Ἥραν,
1162 5274 1259 5345 τὴν
1302 5274 1569 5346 γαμήλιον
1610 5274 1799 5347 ἀνδρὸς
1838 5275 1932 5328 καὶ

351 5363 612 5432 γυναικὸς
639 5365 938 5435 συμϐίωσιν
962 5365 1093 5436 ('26).
1128 5361 1263 5431 Εἴθ’,
1291 5366 1480 5437 ὥσπερ
1508 5367 1929 5440 ἐπιλελησμένος

351 5454 453 5525 τῆς
492 5455 828 5521 ἀποδόσεως,
883 5457 1073 5530 ἑτέραν
1121 5456 1250 5528 ἑξῆς
1287 5460 1625 5529 ὲπισυνάψας
1666 5460 1926 5531 ἱστορίαν,

350 5546 455 5615 τὴν
486 5546 665 5618 Ἥραν
703 5547 886 5600 οὐκέτι
933 5548 1008 5612 ὡς
1053 5548 1116 5601 τὸ
1158 5550 1442 5621 πρότερον,
1487 5551 1621 5604 ἀλλὰ
1659 5551 1758 5621 τὴν
1826 5553 1930 5622 γῆν

352 5635 630 5706 ὀνομάζειν
656 5636 839 5707 Λήθην
863 5638 920 5690 δὲ
948 5639 1040 5691 καὶ
1065 5638 1274 5705 Νύκτα,
1305 5641 1403 5713 τὴν
1440 5639 1619 5713 Λητώ’
1648 5640 1741 5694 καὶ
1770 5638 1929 5693 πάλιν

2036 3267 2176 3337 logia
2204 3264 2469 3335 judicium
2507 3262 2627 3329 fuit,
2678 3277 2744 3316 ex
2783 3276 2891 3329 quo
2920 3260 3292 3331 intelligimus,
3338 3273 3612 3329 nusquam

2035 3372 2131 3410 eos
2162 3370 2358 3410 novam
2396 3355 2553 3409 istam
2582 3353 2636 3407 in
2670 3352 2870 3407 fabulis
2900 3354 3124 3407 deorum
3152 3351 3465 3407 evolvendis
3486 3350 3616 3421 phy—

2037 3445 2318 3515 siologiam
2353 3445 2585 3514 probare
2616 3444 2875 3509 voluisse,
2902 3452 3111 3498 tantum
3135 3442 3309 3507 abest,
3347 3451 3408 3495 ut
3422 3441 3610 3509 sapiti-

2036 3536 2190 3591 sticis
2213 3536 2543 3605 quibusdam
2571 3535 2880 3605 praestigiis,
2914 3543 2969 3589 et
2987 3534 3268 3604 dignitatis
3290 3534 3356 3588 ad
3374 3533 3612 3603 speciem

2036 3628 2354 3698 compositis
2387 3628 2611 3697 januam
2660 3627 2953 3696 aperirent.
2998 3625 3103 3681 Sed
3138 3624 3401 3693 quoniam
3445 3624 3613 3679 semel

2035 3720 2264 3774 istorum
2308 3735 2529 3790 quoque
2578 3718 2874 3773 vanitatem
2931 3727 3125 3787 sponte
3178 3717 3613 3787 redarguendam

2036 3813 2400 3881 suscepimus.
2429 3828 2528 3882 age
2553 3812 2681 3881 quid
2723 3811 2966 3881 praeclari
3002 3810 3218 3864 tandem
3261 3808 3613 3862 numinibus—

2035 3902 2327 3972 queidigui,
2345 3917 2534 3957 eorum
2557 3902 3031 3971 interpretationes
3054 3909 3108 3953 et
3124 3899 3612 3954 commentationes

2035 3992 2282 4057 aﬂ‘erant,
2304 3993 2617 4056 videamus;
2647 3992 2727 4047 sic
2756 4003 2936 4047 tamen
2967 3991 3101 4045 nihil
3126 3998 3185 4044 ut
3208 4004 3304 4044 ore
3320 3988 3614 4058 loquamur

2036 4098 2246 4152 nostro,
2278 4086 2372 4141 sed
2399 4087 2581 4141 omnia
2611 4084 2900 4154 ipsissimis
2922 4098 3113 4139 eorum
3146 4083 3324 4136 verbis
3348 4091 3615 4151 conceptu

2037 4178 2425 4245 producamus,
2460 4192 2669 4247 suaque
2700 4176 2769 4230 ab
2795 4177 2860 4231 iis
2892 4176 3056 4230 etiam
3091 4173 3371 4228 recondita
3398 4172 3613 4243 specio-

2037 4284 2112 4324 sae
2138 4268 2419 4340 gravitatis
2450 4268 2704 4339 mysteria
2735 4267 3051 4322 doceamur.
3089 4265 3168 4319 Ac
3214 4264 3455 4319 sexcenti
3484 4265 3611 4335 qui-

2036 4360 2158 4415 dem
2191 4360 2306 4424 alii,
2339 4360 2432 4430 qui
2461 4375 2582 4415 sese
2612 4357 2983 4429 phil030phari
3005 4357 3350 4428 proﬁtentur,
3376 4358 3613 4411 multum

2038 4451 2144 4506 hoc
2203 4451 2258 4504 in
2315 4466 2511 4521 genere
2568 4450 2768 4506 laboris
2817 4460 2873 4505 et
2913 4465 3094 4520 Opera:
3128 4462 3609 4520 consumpserunt,

2038 4542 2168 4597 dum
2206 4557 2306 4597 sua
2337 4541 2568 4611 quisque
2611 4557 2641 4596 a
2673 4542 2884 4598 caeteris
2923 4542 3245 4597 dissidentia
3297 4552 3615 4598 commenta

2036 4633 2259 4705 profert,
2308 4634 2565 4704 quodque
2612 4634 2830 4706 ingenio
2872 4650 2975 4690 suo
3001 4636 3285 4704 placuerit,
3328 4635 3381 4691 id
3409 4651 3608 4706 purum

2034 4736 2334 4795 putumque
2373 4740 2563 4780 verum
2605 4741 2728 4781 esse
2759 4726 3046 4782 conﬁrmat
3079 4747 3091 4781 :
3138 4729 3272 4783 mihi
3304 4736 3483 4783 tamen
3516 4746 3609 4784 sa-

2036 4817 2107 4871 tis
2137 4816 2321 4883 fuerit,
2352 4828 2529 4871 certas
2571 4818 2998 4888 perspicuaeque
3028 4818 3376 4887 probationes
3404 4834 3471 4873 ex
3497 4820 3614 4873 cla-

2032 4906 2270 4961 rissimis
2300 4907 2608 4977 quibusque
2650 4924 2715 4962 ac
2754 4909 3201 4977 philosorihorum
3247 4909 3410 4979 vulgo
3441 4911 3612 4964 notis-

2038 4998 2214 5061 simis,
2240 5007 2294 5052 et
2314 4999 2515 5053 eximia
2545 5000 2777 5069 quadam
2807 5001 2950 5069 apud
2993 4999 3214 5056 Graecos
3253 5001 3613 5069 phil050plti:e

2036 5089 2195 5143 laude
2232 5088 2551 5144 ﬂorentibus
2604 5106 2898 5145 arcessere.
2958 5089 3039 5145 Tu
3087 5107 3217 5162 ergo
3255 5091 3610 5146 Plutarchum

2038 5182 2191 5236 illum
2218 5183 2636 5238 Chaeronensem
2681 5183 2915 5253 primum
2952 5183 3006 5236 in
3036 5198 3232 5237 manus
3258 5198 3432 5249 sume,
3477 5184 3601 5252 ipsi-

2040 5288 2216 5341 usque
2248 5273 2426 5327 locum
2457 5288 2581 5326 eum
2617 5274 2687 5327 ad
2719 5288 2831 5328 rem
2863 5281 3102 5325 nostram
3136 5274 3613 5327 accommodatum

2036 5364 2270 5435 perlege,
2331 5365 2424 5419 ubi
2480 5366 2710 5434 qumsito
2759 5364 3015 5420 dictionis
3072 5374 3335 5434 apparatu
3393 5365 3615 5420 fabu'as

2035 5458 2201 5512 alium
2231 5458 2284 5512 in
2314 5474 2536 5515 sensum
2568 5457 2735 5512 ﬂectit
2763 5473 2825 5512 ac
2855 5465 3090 5523 torquet,
3124 5474 3262 5527 quas
3291 5459 3478 5528 utique
3519 5472 3612 5512 ar-

2037 5565 2189 5603 cana:
2224 5550 2507 5618 theologia:
2534 5550 2720 5618 plenas
2742 5564 2864 5603 esse
2892 5548 3121 5603 dictitat.
3146 5549 3297 5605 Hane
3318 5566 3447 5604 vero
3475 5565 3615 5605 enu.

2039 5639 2245 5703 cleans,
2271 5640 2540 5694 Bacchum
2565 5639 2781 5709 quidem
2811 5639 3124 5695 ebrietatem
3151 5656 3273 5696 esse
3291 5639 3472 5704 tradit,
3497 5654 3613 5693 non

428 5750 539 5822 (‘26)
847 5752 1048 5833 Ἦραν,
1084 5751 1529 5833 τὴνθγαμήλιον
1572 5752 1791 5820 ἀνδρὸς
1850 5751 1934 5807 καὶ

2035 5756 2291 5819 ⁵υναικὸς
2336 5753 2687 5823 συμϐίωσιν.
2750 5751 2989 5824 Uterque
3038 5770 3143 5810 ms.
3190 5755 3263 5810 ita
3309 5753 3616 5821 distinguit.

355 5820 532 5888 Quam
559 5821 965 5878 distinctionem
997 5822 1051 5876 in
1080 5820 1327 5878 versione
1359 5835 1584 5879 secutus
1622 5838 1769 5881 sum.
