4156 6448
376 414 475 472 ιὸἹ

1554 420 1875 476 ΡΒΑΣΡΑΒ.
1919 419 2171 477 EVANG.
2215 420 2345 476 LIB.
2391 420 2476 477 lli.

3554 424 3659 478 153

373 537 488 590 θεῖν
514 535 616 609 τὴν
647 537 847 611 Ἥραν,
879 538 1106 610 ὕστερον
1134 539 1189 592 δὲ
1222 542 1290 610 τῇ
1324 540 1491 610 Λητοῖ
1524 540 1684 609 χάριν
1717 538 1967 608 ἀπομνη-

2070 553 2193 593 cum
2230 538 2412 593 habet.
2456 538 2545 593 Sic
2569 538 2713 593 enim
2748 537 3000 609 legimus,
3031 536 3303 593 Junonem
3339 540 3521 596 adhuc
3549 541 3661 593 Vir-

384 630 747 703 μονεὺουσαν,
788 630 1099 701 ὁμοϐώμιον
1157 630 1345 684 θέσθαι
1401 632 1495 685 καὶ
1536 631 1780 684 σύνναονο
1818 629 1961 683 ὥστε

380 723 479 777 καὶ
509 724 676 791 Λητοῖ
711 722 878 794 μυχίᾳ
906 722 1257 793 προθύεσθαι·
1293 723 1436 785 τινὲς
1470 722 1526 775 δὲ
1555 722 1744 792 νυχίαν
1773 720 1963 789 λέγου-

384 831 459 867 σι.
488 814 563 883 Ση
573 813 824 883 μαίνεται
852 812 909 865 δὲ
947 814 1005 865 ὲν
1034 812 1277 883 ἐκατέρῳ
1308 813 1415 865 τῶν
1438 812 1716 882 ὀνομάτων
1747 810 1808 864 τὺ
1831 809 1965 882 κρύ-

382 922 505 974 φιον
542 905 638 959 xui.
669 904 1000 974 διαλεληθός.
1035 906 1207 957 Ἔνιοι
1231 904 1289 956 δὲ
1320 903 1418 974 τὴν
1451 903 1626 973 Ἥραν
1655 901 1825 973 αὐτὴν
1849 903 1967 955 ἐκεῖ

383 996 465 1068 τῷ
496 996 582 1049 Διὶ
602 996 776 1066 λάθρα
804 994 1065 1049 συνοῦσαν
1091 996 1186 1049 καὶ
1214 995 1597 1059 λανθάνουσαν,
1633 993 1774 1046 οὕτω
1803 991 1967 1064 Λητώ

385 1104 552 1157 φασιν
578 1086 768 1157 νυχίαν
813 1085 1305 1158 προσηγορεῦσθαι·
1340 1085 1588 1158 φανερῶν
1627 1085 1684 1139 δὲ
1715 1085 1824 1138 τῶν
1861 1084 1965 1153 γά-

390 1197 505 1252 μων
559 1179 888 1250 γενομένων,
943 1181 1040 1234 καὶ
1088 1196 1152 1232 πε
1164 1180 1217 1251 pi.
1258 1179 1348 1232 τὸν
1392 1177 1708 1250 Κιθαιρῶνα
1748 1177 1965 1250 πρῶτον

386 1270 619 1325 ἐνταῦθα
646 1271 740 1325 καὶ
771 1272 871 1336 τὰς
894 1271 1165 1335 Πλαταιὰς
1190 1272 1287 1343 τῆς
1322 1271 1538 1342 ὁμιλίας
1571 1271 1970 1340 ἀνακαλυφθεί-

385 1377 507 1431 σης,
535 1361 713 1431 ’Ἥραν
748 1360 960 1414 τελείαν
998 1359 1107 1431 (55)
1136 1359 1232 1413 καὶ
1263 1359 1532 1430 γαμήλιον
1575 1360 1745 1432 αὐτὴν
1783 1377 1953 1431 προσ-

381 1449 771 1523 αγορευθῆναι.
809 1454 871 1505 Ol
912 1450 970 1504 δὲ
1020 1449 1263 1521 φυσικῶς
1294 1451 1495 1523 μᾶλλον
1530 1450 1626 1505 καὶ
1653 1452 1970 1522 πρεπόντως

382 1542 859 1613 ὑπολαμϐάνοντες
901 1543 993 1596 τὸν
1039 1543 1227 1615 μῦθον,
1275 1542 1448 1606 οὓτως
1499 1544 1579 1605 είς
1622 1542 1683 1595 τὸ
1730 1542 1863 1595 αὐτὸ
1899 1544 1966 1612 τῇ

381 1637 551 1706 Λητοῖ
578 1635 897 1704 συνάγουσιν
939 1635 1036 1705 τὴν
1067 1636 1266 1707 ’Ἡραν.
1308 1635 1385 1705 Γῆ
1422 1634 1520 1705 μέν
1554 1637 1702 1688 ἐστιν
1729 1636 1762 1705 ἠ
1796 1636 1963 1704 Ἦρα,

381 1726 636 1800 καθάπερ
682 1728 917 1799 εἴρηταιι
972 1726 1067 1792 νὺξ
1113 1726 1171 1778 δὲ
1220 1728 1254 1797 ἡ
1303 1724 1487 1796 Λητὼ,
1522 1724 1669 1797 ληθὼ
1707 1743 1789 1789 τις
1832 1721 1966 1778 οὖσα

2065 631 2243 700 ginem
2266 646 2391 685 cum
2421 630 2475 684 in
2495 628 2698 685 Eubaa
2725 629 3068 691 educaretur,
3096 629 3280 685 furtim
3316 647 3348 686 a
3373 630 3504 685 Jove
3525 633 3657 686 sub-

2064 723 2229 776 latam
2267 723 2338 776 ibi
2369 722 2618 788 latuisse,
2651 736 2775 777 cum
2802 720 3019 790 utrique
3038 720 3308 776 Citharon
3334 723 3652 776 umbrosum

2066 814 2355 883 quemdam
2385 827 2631 882 specum,
2676 820 2730 866 et
2771 811 3069 865 thalamum
3111 825 3141 864 a
3184 820 3383 865 natura
3414 812 3529 882 ipsa
3570 812 3655 865 fa-

2067 914 2217 959 ctum
2254 903 2598 973 praebuisset.
2624 903 2746 969 Quo
2775 918 2899 958 cum
2927 902 3127 957 Macris
3156 903 3498 971 quaeritando
3524 918 3651 972 per-

2066 996 2310 1051 venisset
2341 995 2547 1065 (nutrix
2577 1010 2638 1049 ea
2667 992 2901 1049 Junonis
2928 994 3066 1061 erat)
3100 993 3390 1063 locumque
3429 1009 3649 1049 munem

2068 1086 2303 1143 scrutari
2330 1086 2512 1150 vellet,
2547 1087 2615 1141 ab
2655 1086 2847 1141 eodem
2873 1084 3184 1139 Citltarone
3221 1086 3550 1155 prohibitam
3587 1086 3651 1137 il-

2070 1180 2177 1233 lam
2208 1178 2400 1242 l'uisse,
2435 1193 2544 1248 quo
2573 1179 2759 1232 minus
2787 1176 2872 1230 vel
2899 1175 3137 1231 latebras
3169 1177 3440 1231 curiosius
3462 1178 3652 1245 explo-

2068 1279 2237 1337 raret,
2272 1271 2354 1326 vel
2386 1270 2454 1325 ad
2500 1284 2594 1325 eas
2634 1272 2861 1341 propius
2901 1272 3203 1336 accederet,
3239 1270 3394 1338 quasi
3441 1267 3651 1338 Jupiter

2070 1367 2269 1421 ibidem
2299 1380 2422 1420 cum
2462 1363 2673 1419 Latona
2706 1366 3036 1434 quiesceret,
3081 1364 3317 1434 ejusque
3354 1377 3652 1432 congressu

2072 1456 2365 1512 frueretur.
2412 1454 2780 1526 Posteaquam
2820 1472 2950 1526 ergo
2978 1455 3175 1510 Macris
3201 1455 3446 1518 abiisset,
3475 1453 3652 1509 Juno-

2071 1561 2194 1600 nem
2227 1554 2340 1600 tum
2365 1545 2586 1615 quidem
2612 1561 2678 1601 eo
2711 1547 2763 1600 in
2800 1546 2922 1601 loco
2945 1546 3190 1614 latuisse,
3223 1546 3479 1615 deinceps
3503 1560 3651 1610 vero,

2070 1646 2133 1691 ut
2162 1645 2408 1691 exstaret
2435 1638 2641 1705 accepti
2676 1636 2896 1692 Latona
2926 1639 3145 1693 nomine
3166 1638 3411 1693 bcnelicii
3444 1652 3653 1691 memo-

2069 1730 2172 1794 ria,
2208 1744 2499 1782 commune
2521 1743 2644 1782 cum
2666 1743 2729 1782 ea
2748 1729 3005 1798 templum
3026 1743 3477 1798 communemque
3498 1743 3655 1788 aram

376 1818 491 1872 τῶν
534 1820 614 1883 είς
678 1818 844 1873 ὕπνον
901 1818 1274 1890 τρεπομένων.
1335 1818 1449 1884 Νὺξ
1498 1818 1555 1870 δὲ
1611 1816 1761 1870 οὐδέν
1818 1818 1965 1870 ἐστιν

2073 1819 2272 1873 habere
2305 1819 2572 1883 voluisse;
2603 1827 2767 1888 atque
2795 1819 2922 1874 hinc
2944 1818 3165 1873 Latona:
3196 1819 3387 1890 μυχία,
3426 1819 3532 1873 hoc
3567 1828 3657 1874 est

379 1913 509 1968 ἄλλο
562 1914 701 1985 πλὴν
754 1912 882 1966 σκιά
937 1913 1074 1982 γῆς·
1119 1914 1248 1965 ὅταν
1294 1912 1402 1982 γάρ
1449 1911 1797 1982 πλησιάσασα
1846 1914 1965 1974 ταῖς

2070 1910 2357 1963 latebrosa
2373 1924 2530 1965 sacra
2558 1908 2793 1997 facieqdi
2817 1924 3022 1964 morem
3044 1909 3270 1965 fluxisse
3298 1928 3311 1963 :
3335 1925 3650 1979 quanquam

379 2004 614 2074 δυσμαῖς
687 2002 979 2073 semp-34m
1046 2000 1138 2053 τὸν
1220 2000 1370 2069 ἥλιον
1397 2041 1411 2066 ,
1482 1998 1967 2071 ἀναπλατυνομένη

386 2092 628 2164 μελαίνει
676 2092 769 2145 τὸν
821 2092 983 2163 ἀέρα·
1033 2090 1129 2144 καὶ
1174 2090 1333 2143 τοῦτό
1379 2092 1496 2143 ἐστι
1534 2090 1595 2142 τὸ
1627 2090 1969 2143 ὲκλειπτικὸν

383 2182 653 2254 ἐλίσθημα
679 2182 788 2240 τῶν
824 2182 1194 2253 πανσελήνων,
1225 2181 1375 2245 ὅταν,
1416 2180 1515 2250 τῆς
1556 2181 1783 2252 σελήνης
1816 2198 1968 2252 περι-

384 2273 713 2344 φερομένης,
746 2274 779 2343 ἡ
806 2273 933 2326 σκιά
965 2273 1064 2342 τῆς
1105 2273 1208 2342 γῆς
1237 2271 1513 2342 ἐπιψαύσῃ
1546 2273 1640 2324 καὶ
1669 2270 1966 2342 διαθολὼσῃ

383 2363 447 2418 τὸ
485 2365 709 2433 φέγγος.
755 2363 873 2417 Ὅτι
919 2363 976 2416 δὲ
1006 2363 1107 2415 οὐκ
1136 2362 1269 2434 ἀλλη
1307 2361 1392 2425 τίς
1433 2363 1548 2414 ἐστι
1586 2362 1687 2433 τῆς
1720 2363 1897 2433 Ἥρας
1933 2364 1965 2433 ἡ

384 2451 567 2523 Λητὼ,
609 2452 819 2523 μάθοιτ’
864 2450 932 2505 ἂν
980 2450 1212 2506 ἐνθένδε.
1251 2451 1363 2522 Τὴν
1406 2451 1674 2522 ⁸Ἄρτεμιν
1709 2450 1820 2520 (54)
1863 2450 1965 2521 ἤδη

384 2556 487 2592 που
523 2540 797 2610 θυγατέρα
821 2538 1032 2610 Λητοῦς
1056 2539 1349 2610 καλοῦμενθ
1380 2541 1515 2594 ἀλλά
1544 2541 1641 2594 καὶ
1672 2540 1966 2612 Εἰλήθυιαν

380 2630 481 2701 τὴν
504 2630 672 2701 αὐτὴν
698 2630 1056 2701 ὀνομάζομεν·
1078 2631 1327 2703 οὐκοῦνῆ
1355 2650 1414 2686 τε
1444 2633 1591 2704 Ἦρα
1616 2635 1711 2687 καὶ
1744 2635 1777 2704 ἡ
1805 2632 1967 2705 Λητὼ

379 2720 474 2775 δύο
506 2721 612 2773 είσὶ
646 2723 775 2790 μιᾶς
817 2720 941 2775 θεοῦ
986 2723 1370 2794 προσηγορίαι.
1410 2723 1577 2778 Πάλιν
1621 2726 1686 2777 ἐκ
1722 2724 1821 2795 μὲν
1855 2727 1967 2793 Λη-

380 2810 507 2874 τοῦς
529 2813 558 2863 ὁ
596 2812 887 2877 Ἀπόλλων,
922 2813 987 2865 ὲκ
1028 2813 1085 2866 δὲ
1112 2814 1290 2885 Ἥρας
1322 2815 1352 2867 ὁ
1385 2815 1568 2886 Ἀρης
1594 2816 1819 2883 γέγονεο
1868 2817 1968 2887 μία

380 2902 440 2956 δέ
497 2905 613 2956 ἐστι
674 2904 997 2976 ἀμφοτέρων
1046 2905 1296 2977 δύναμις·
1344 2908 1438 2960 καὶ
1487 2906 1745 2978 κέκληται
1792 2910 1968 2981 ’Ἄρης

386 2995 506 3064 μὲν,
540 2994 616 3057 ὼς
646 2995 868 3066 ἀρήγων
896 2996 1009 3068 (55)
1032 3000 1145 3061 τοῖς
1169 2997 1311 3051 κατὰ
1344 2997 1466 3067 βίαν
1493 3000 1590 3051 καὶ
1615 2999 1796 3071 μάχην
1827 3016 1967 3070 συμ-

382 3085 696 3157 πτώμασιν,
760 3088 1032 3142 Ἀπόλλων
1075 3090 1153 3152 δὲ,
1201 3090 1277 3154 ὼς
1322 3089 1678 3144 ἀπαλλάττων
1715 3092 1828 3163 (56)
1874 3093 1968 3146 xui.

2070 2001 2163 2056 alii
2190 2000 2402 2071 νυχίαν,
2437 1999 2491 2053 id
2536 2009 2621 2054 est
2666 2010 2989 2053 nocturnam
3023 2014 3144 2053 eam
3184 2007 3408 2063 vocant;
3451 1999 3531 2053 sic
3565 2008 3652 2052 ta-

2071 2107 2195 2146 men
2230 2100 2290 2144 ut
2328 2090 2529 2150 occulti
2556 2105 2622 2143 ae
2654 2090 2870 2145 latentis
2897 2089 3102 2157 aliquid
3132 2104 3332 2143 nomen
3352 2096 3652 2159 utrumque

2070 2191 2438 2252 reprasentet.
2470 2180 2578 2234 Nec
2604 2181 2823 2246 desunt,
2858 2180 2949 2249 qui
2984 2178 3252 2235 Junonem
3281 2180 3479 2250 ipsam,
3505 2182 3652 2250 quod

2070 2291 2184 2329 rem
2212 2275 2282 2328 ibi
2314 2290 2437 2327 cum
2465 2271 2598 2327 Jove
2633 2272 2771 2326 clam
2802 2273 3061 2327 omnibus
3093 2272 3394 2334 habuisset,
3422 2285 3650 2329 noctur-

2069 2383 2195 2422 nam
2229 2367 2489 2421 Latonam
2534 2375 2720 2434 postea
2758 2373 3126 2433 nuncupatam
3161 2379 3283 2420 esse
3319 2365 3513 2429 velint;
3552 2365 3653 2419 do-

2069 2474 2172 2513 nec
2221 2458 2436 2527 vulgata
2476 2457 2678 2526 passim
2714 2455 2858 2509 fama
2892 2457 3229 2524 nuptiarum,
3261 2446 3517 2525 initaqne
3543 2457 3654 2523 pri-

2069 2564 2217 2603 mum
2249 2549 2397 2603 circa
2432 2547 2797 2603 Cithaeronem
2844 2546 2909 2600 ad
2938 2546 3166 2602 Plataas
3196 2562 3321 2602 cum
3355 2544 3488 2602 Jove
3513 2562 3651 2601 con-

2069 2639 2398 2701 suetudinis,
2440 2638 2686 2694 eamdem
2718 2638 2772 2691 in
2805 2648 3084 2709 posterum
3123 2638 3412 2694 Pcrfectam
3434 2648 3497 2701 ,ct
3519 2638 3655 2693 Pro-

2068 2732 2270 2787 nubam
2300 2731 2661 2801 appellarunt.
2710 2731 2780 2785 At
2818 2731 2912 2800 qui
2961 2731 3127 2801 hujus
3172 2732 3226 2785 in
3258 2730 3456 2786 fabula
3483 2732 3654 2785 vesti-

2068 2823 2246 2896 gando
2277 2838 2442 2878 sensu
2492 2823 2754 2892 majorem
2787 2831 2996 2877 natura
3027 2838 3211 2876 rerum
3252 2838 3318 2878 ac
3352 2823 3536 2878 decori
3568 2838 3653 2878 ra-

2068 2914 2274 2967 tionem
2292 2913 2551 2975 habuere,
2578 2922 2637 2967 ut
2659 2910 2927 2967 Junonem
2954 2928 3117 2966 unam
3145 2913 3502 2982 eamdemque
3524 2928 3649 2966 cum

2070 3006 2277 3061 Latona
2303 3005 2564 3069 facerent,
2588 3005 2660 3059 ita
2685 3004 3052 3073 philosophati
3079 3013 3225 3060 sunt.
3247 3002 3390 3058 Juno
3406 3003 3648 3073 quidem,

2070 3107 2130 3154 ut
2154 3099 2317 3167 paulo
2345 3107 2470 3152 ante
2500 3097 2763 3161 diximus,
2788 3094 2956 3150 Terra
2986 3103 3091 3161 est,
3117 3094 3324 3149 Latona
3355 3110 3484 3149 vero
3510 3094 3649 3158 Nox,

380 3178 638 3234 ἀπολύων
681 3179 791 3234 τῶν
835 3183 964 3253 περὶ
1016 3180 1177 3260 σῶμα
1216 3182 1600 3253 νοσηματικῶν
1646 3182 1836 3237 παθῶν
1874 3184 1966 3237 τὸν

2070 3187 2269 3257 quippe
2302 3201 2464 3255 quem
2506 3200 2697 3241 eorum
2721 3225 2735 3251 ,
2777 3185 2870 3255 qui
2923 3200 3118 3239 somno
3148 3200 3270 3239 sese
3316 3187 3468 3246 dant,
3502 3184 3652 3256 ληθὼ

383 3269 697 3342 ἄνθρωπον.
746 3273 836 3326 Διὸ
870 3274 963 3326 καὶ
1002 3272 1111 3326 τῶν
1159 3274 1577 3346 ὲμπυρωτάτων
1623 3274 1840 3345 ἄστρων
1871 3276 1967 3329 καὶ

383 3362 901 3436 πυριφλεγεστάτων
946 3367 974 3418 ὁ
1019 3366 1119 3436 μὲν
1155 3366 1307 3437 ἥλιος
1362 3366 1636 3420 Ἀπόλλων
1680 3367 1965 3439 κέκληται,

380 3455 412 3506 ὁ
441 3454 499 3508 δὲ
540 3456 833 3527 πυροειδὴς
877 3458 1053 3528 Ἀρης
1097 3456 1506 3529 ἐπωνόμασται.
1542 3460 1654 3513 Καὶ
1684 3461 1786 3513 οὐκ
1827 3461 1964 3514 ἀπό-

380 3546 587 3619 τροπόν
620 3549 735 3616 ἐστι
760 3549 860 3620 τὴν
900 3548 1070 3620 αὐτὴν
1102 3548 1222 3603 θεὸν
1259 3549 1530 3621 γαμήλιον
1557 3550 1836 3620 λέγεσθαι,
1871 3555 1967 3609 καὶ

386 3638 599 3711 μητέρα
659 3639 951 3712 Εἰληθυίας
1002 3640 1097 3694 καὶ
1137 3638 1314 3694 Ἠλίου
1369 3642 1709 3714 νομίζεσθαι.
1779 3645 1963 3716 Γάμου

388 3732 488 3802 μὲν
519 3732 628 3806 γὰρ
655 3734 827 3799 τέλος,
859 3734 1073 3803 γένεσίς
1105 3737 1221 3787 ἐστι
1241 3752 1255 3767 ο
1298 3736 1511 3805 γένεσις
1536 3737 1594 3790 δὲ
1630 3739 1663 3809 ή
1696 3741 1777 3803 είς
1814 3739 1965 3810 1ήλιον

385 3825 479 3878 καὶ
548 3825 665 3896 φῶς
715 3828 782 3881 ὲκ
843 3826 1067 3891 σκότους
1116 3826 1334 3897 πορεία.
1386 3831 1497 3883 Καὶ
1541 3830 1724 3895 καλῶς
1772 3830 1877 3902 ἔφη
1937 3833 2001 3884 ὁ·

385 3919 637 3989 ποιητήςο

2074 3279 2323 3348 quaedam
2355 3279 2446 3345 sit,
2478 3279 2530 3332 id
2574 3286 2659 3333 est
2690 3278 2914 3333 oblivio.
2945 3276 3063 3332 Jam
3095 3293 3203 3332 nox
3225 3277 3371 3332 aliud
3404 3278 3542 3331 nihil
3569 3287 3655 3333 est

2075 3386 2238 3442 quam
2268 3370 2458 3424 umbra
2489 3378 2679 3435 terra;
2723 3369 2816 3425 ubi
2847 3370 2992 3425 enim
3025 3369 3091 3424 ad
3123 3384 3380 3425 occasum
3424 3385 3653 3440 vergens

2072 3465 2241 3522 solem
2282 3463 2606 3526 occultavit,
2646 3477 2768 3518 sese
2806 3462 2968 3517 latius
2997 3464 3282 3534 porrigens
3312 3472 3484 3517 atram
3521 3463 3654 3517 cali-

2072 3557 2251 3628 ginem
2280 3563 2393 3609 toto
2415 3553 2670 3609 diffundit
2690 3568 2835 3609 aere.
2858 3553 3036 3622 Atque
3065 3554 3111 3609 is
3131 3553 3350 3608 demum
3369 3562 3450 3608 est
3478 3553 3654 3623 pleni—

2074 3647 2349 3701 luniorum
2397 3646 2558 3715 quasi
2591 3646 2779 3714 lapsus
2812 3645 2901 3699 cui
2927 3642 3163 3700 defectio
3189 3644 3505 3708 comitatur,
3541 3660 3651 3714 quo

2074 3738 2333 3792 nimirum
2376 3747 2641 3806 tempore,
2677 3736 2805 3790 dum
2861 3736 2988 3790 luna
3039 3735 3403 3800 convertitur,
3456 3734 3652 3789 umbra

2072 3838 2231 3884 terra
2262 3828 2439 3883 lucem
2489 3828 2606 3897 ejus
2659 3828 2876 3898 attingit
2936 3828 3324 3897 obscuratque.
3381 3826 3651 3882 Caeterum

2070 3921 2181 3992 85
2198 3919 2462 3975 Latonam
2482 3936 2512 3975 a
2534 3918 2748 3974 Junone
2769 3920 2932 3974 aliam
2951 3935 3057 3975 non
3074 3934 3196 3975 esse
3213 3919 3294 3974 vel
3311 3934 3376 3975 ex
3394 3934 3458 3975 eo
3472 3920 3654 3989 quivis

384 4008 669 4082 intelligat.
715 4011 1005 4069 Enimvero
1052 4014 1281 4073 Dianam
1333 4017 1498 4087 vulgo
1546 4014 1769 4071 Latona
1813 4016 1978 4071 ﬁliam
2032 4029 2329 4079 vocamus;
2366 4013 2615 4068 eamdem
2675 4020 2935 4082 praterca
2972 4010 3235 4067 Lucinam
3278 4012 3649 4068 nominamus.

386 4103 531 4161 Juno
592 4108 756 4179 igitur
779 4116 835 4163 et
861 4107 1067 4165 Latona
1106 4112 1228 4168 dua
1257 4120 1387 4168 sunt
1418 4112 1584 4167 unius
1612 4111 1728 4167 dea
1757 4111 2164 4182 appellationes.
2202 4108 2403 4163 Deinde
2444 4105 2639 4177 Apollo
2691 4106 2913 4175 quidem
2969 4122 3035 4162 ex
3076 4103 3301 4171 Latona,
3347 4105 3492 4160 Mars
3521 4121 3652 4162 vero

387 4215 454 4254 ex
485 4196 701 4254 Junone
736 4208 901 4256 natus
924 4210 1010 4256 est
1055 4219 1069 4255 :
1097 4202 1258 4258 ambo
1289 4212 1468 4258 autem
1490 4201 1602 4257 vim
1658 4203 1905 4258 eamdem
1957 4218 2022 4258 ac
2053 4208 2375 4273 potestatem
2408 4200 2628 4254 habent.
2653 4196 2798 4252 Mars
2839 4197 3034 4267 Ἀρης,
3069 4196 3225 4267 quasi
3269 4196 3514 4267 ἀρήγων,
3547 4195 3653 4251 hoc

463 4330 575 4402 (33)
612 4330 1078 4406 :Hgar‘teslet'ar.
1121 4333 1311 4390 Omitti
1342 4352 1450 4391 non
1481 4346 1659 4406 potest
1688 4336 1841 4391 locus
1879 4338 1968 4394 ille

387 4396 757 4476 Pausaniam
790 4401 1094 4469 Arcadicis,
1127 4422 1179 4473 p.
1202 4405 1328 4469 265,
1350 4406 1442 4461 ubi
1472 4396 1539 4461 de
1567 4407 1764 4476 triplici
1794 4406 1967 4462 Juno-

390 4473 480 4546 nis
525 4482 910 4546 cognomenti),
944 4476 1156 4546 puella,
1190 4476 1443 4546 perfecta
1493 4493 1587 4532 seu
1619 4473 1866 4539 matura,
1906 4489 1962 4533 et

388 4543 601 4624 vidua:
622 4542 708 4626 ’βν
731 4542 1171 4626 ΞῇλΣτυμφάλῳ,
1192 4542 1392 4626 inquit,
1423 4547 1667 4626 Τήμενόν
1693 4550 1961 4626 φασινοῐ-

388 4597 569 4690 κῆσαε
603 4611 694 4665 τὸν
731 4597 1047 4690 namss,
1090 4597 1392 4690 εερίιςῆῑεςάξί
1425 4597 1669 4690 eam;
1702 4597 1969 4690 τῆτλέλέκῑδυ
2002 4608 2046 4662 υ

387 4682 665 4760 τραφῆναι
704 4683 1043 4760 τουτουλκαὶ
1084 4686 1245 4760 αὐτὸν
1279 4682 1399 4760 ίερά
1429 4690 1496 4760 τῇ
1531 4686 1653 4760 θεῷ
1677 4682 1973 4760 {cpiti-i696-

355 4797 363 4804 .
395 4740 735 4830 σασθάιηκαξ
759 4740 1076 4830 ἐπικλήσεις
1091 4759 1249 4830 τρεῖς
1288 4740 1972 4830 tizﬂao'énoégoat-jcég-

395 4820 535 4906 θένω
582 4822 679 4893 μὲν
711 4822 801 4906 έτι¹
824 4820 1154 4906 anginam“-
1180 4820 1494 4906 γεγαμένην
1631 4826 1739 4906 ἔτι⁸
1760 4827 1839 4906 τῷ
1865 4820 1968 4906 Atii,

395 4893 663 4971 ξκάλεσεν
682 4893 849 4971 αὐτὴν
880 4893 1111 4971 *Τελείαν
1131 4913 1144 4925 ’
1176 4893 1536 4971 διενεχθεῖσοιν
1567 4897 1624 4971 δὲ
1655 4898 1740 4971 ἐφ’
1772 4893 1878 4971 ὅτῳ
1905 4899 1970 4971 δὴ

395 4963 455 5024 ις
477 4962 570 5015 τὸν
603 4962 725 5038 ᾼίαΔ
743 4962 845 5038 ⁸καὶ
877 4966 1254 5038 ἐπανήκουσαν
1279 4962 1459 5038 ὲξτὴν
1484 4962 1823 5038 Στύμφαλον,
1846 4962 1972 5021 divo:

477 5047 571 5087 σςν
605 5033 644 5107 ῥ
684 5032 931 5107 Τήμενος
976 5032 1186 5107 Χήραν.
1216 5035 1292 5088 De
1340 5032 1851 5106 ejusdem-Junonis
1878 5055 1970 5091 τεο

426 5100 543 5166 είας
600 5100 834 5175 fano'et
879 5100 1177 5161 simulacro
1226 5100 1385 5175 apud'
1419 5107 1762 5170 Plataeenses,
1826 5109 1967 5162 idem

390 5169 736 5246 Pausannin
784 5172 1030 5246 Boeotia,
1066 5192 1187 5246 pag.
1228 5169 1357 5234 283.
1395 5178 1469 5232 ita
1521 5169 1795 5232 breviter:
1828 5178 1972 5231 Πλα-

389 5241 603 5317 ταιεᾷσι
724 5244 852 5317 ναός
886 5246 1033 5317 ἐστιν
1053 5241 1252 5317 Ἥρας,
1296 5245 1421 5311 θέας
1454 5245 1601 5312 ἄξιος
1637 5248 1854 5317 μεγέθει
1884 5266 1965 5313 τε,

391 5266 603 5295 ταιευσι
641 5266 698 5295 οε
724 5266 851 5307 ναος
886 5266 1033 5299 εστιν
1082 5266 1252 5317 ηρας,
1296 5266 1421 5311 υεας
1454 5266 1601 5312 αςιος
1706 5266 1854 5317 γευει
1884 5266 1965 5313 τε,

391 5313 488 5392 κα).
515 5314 573 5375 ἐς
598 5313 1060 5392 τῶνηάγάλμάτων
1091 5317 1181 5371 τὸν
1203 5316 1416 5392 κόσμον
1429 5334 1441 5348 ·
1475 5320 1574 5389 τὴν
1603 5266 1753 5392 Η
1763 5336 1867 5392 ρανΔ
1889 5337 1972 5373 τε·

389 5381 543 5461 λείαν
571 5381 841 5461 καλοῦσι-ο-
858 5381 1149 5461 πεποίηται
1197 5387 1254 5461 δὲ
1303 5381 1461 5461 ὀρθὸν
1484 5381 1716 5461 μεγέθει
1745 5381 1969 5461 ἄγαλμα

395 5451 570 5529 μέγα,
590 5463 720 5529 et_c_.,
755 5455 843 5529 ubi
873 5453 1009 5509 forte
1041 5451 1504 5529 delendum'illud
1526 5451 1764 5529 μεγέθει.

503 5468 561 5513 α,
590 5467 720 5514 etc.,
755 5467 843 5507 ubi
873 5467 1009 5509 torte
1041 5467 1328 5512 delendum
1363 5467 1496 5512 illud
1526 5467 1764 5529 μεγέθει.

466 5467 742 5597 ἷξέίλΑΤὴν
775 5525 1069 5597 Ἄρτεμιν.
1112 5527 1214 5597 An
1248 5536 1390 5597 recta
1439 5528 1549 5597 illa,
1573 5531 1966 5597 consequentia

389 5591 513 5672 est?
558 5591 730 5646 Diana
767 5591 855 5648 est
881 5591 1105 5672 _l.atona
1144 5594 1273 5672 lilia,
1329 5596 1496 5672 Diana
1532 5596 1736 5652 Lucina
1760 5591 1968 5672 cogno-

392 5662 1013 5737 tninatur,_ergo‘_Juno
1053 5673 1111 5737 et
1155 5663 1384 5737 Latona,
1424 5668 1536 5721 duo
1566 5678 1695 5723 sunt
1723 5662 1964 5737 cjusvdem

390 5732 509 5784 dea
539 5731 781 5786 nomina}
830 5731 944 5787 Hoc
990 5734 1153 5788 credo
1181 5735 1317 5797 vult,
1350 5735 1574 5790 Dianam
1612 5731 1832 5792 Lucina:
1874 5755 1968 5793 co-

394 5808 748 5875 gnomentum
792 5818 822 5855 a
874 5812 1048 5855 matre
1068 5804 1385 5875 accepisse;
1416 5804 1687 5859 Junonem
1717 5808 1961 5875 proinde,

395 5886 519 5940 qua
543 5870 750 5926 Lucina
789 5880 1032 5939 voratur,
1067 5870 1247 5929 Diana:
1275 5884 1505 5930 matrem
1535 5891 1657 5932 esse
1682 5892 1695 5942 ;
1718 5870 1875 5946 'quozl
1916 5879 1962 5934 si

2072 4351 2263 4392 verum
2294 4344 2402 4398 est,
2437 4332 2578 4389 Juno
2611 4331 2820 4387 Latona
2846 4341 2948 4395 est,
2974 4347 3098 4387 cum
3134 4330 3319 4385 Diana
3351 4341 3525 4386 mater
3555 4329 3654 4387 La-

2073 4414 2199 4461 tona
2232 4407 2320 4461 sit.

2140 4519 2248 4591 (55)
2270 4519 2455 4591 ’Ἄρης
2469 4516 2605 4591 μὲν,
2617 4516 2696 4591 ᾡς
2710 4514 3117 4591 ἀρήγωνΜονθ
3135 4516 3650 4591 etytnologiaratio,

2075 4587 2197 4660 qua
2231 4587 2343 4645 'nec
2392 4589 2677 4660 Macrobiq
2713 4588 2974 4660 subolnit,
3009 4604 3132 4641 eum
3161 4587 3449 4660 Saturnal.
3473 4587 3568 4642 lib.
3607 4605 3647 4652 t,

2075 4657 2124 4716 (ξ.
2163 4660 2251 4723 19,
2314 4660 2382 4714 de
2429 4660 2594 4713 unico
2646 4657 2789 4712 Solis
2821 4657 3117 4727 Martisque
3149 4659 3371 4713 nomine
3401 4659 3648 4727 disputa-

2076 4740 2176 4786 ret.
2207 4729 2364 4785 Plato
2393 4730 2446 4783 in
2477 4728 2717 4799 Cratylo,
2751 4728 2895 4801 κοιτά
2931 4729 3011 4801 τὸή
3035 4730 3200 4801 ἄρρεν
3248 4728 3442 4801 τεκαὶ
3474 4728 3533 4801 τὸ
3558 4729 3651 4801 ἀν-

2073 4802 2268 4863 δρεῖον,
2294 4802 2496 4855 dictum
2550 4816 2672 4854 esse
2720 4800 2947 4854 mavult.
2979 4798 3234 4853 Clemens
3264 4799 3560 4852 Alexandr.
3591 4799 3647 4853 in

2073 4820 2101 4856 Ο
2140 4820 2268 4863 ειον,
2294 4820 2496 4855 UICtum
2550 4820 2672 4854 esse
2720 4820 2947 4854 lllﬂVUH.
2979 4820 3234 4853 UICHIBIIS
3264 4820 3560 4852 Alexaltur.
3592 4820 3644 4853 ΙΙΙ

2073 4820 2368 4940 Ifrotreptu
2398 4884 2521 4941 pag.
2553 4871 2642 4942 52,
2667 4870 2774 4923 ἀπὸ
2799 4871 2899 4942 τῆς
2929 4870 3139 4941 ἄρσεως
3172 4868 3266 4942 καὶ
3292 4868 3644 4942 ἀναιρέσεως,

2074 4944 2165 5014 ubi
2198 4942 2297 5014 τὴν
2328 4939 2508 5012 ἄρσιν,
2544 4941 2637 5014 vel?
2676 4956 2779 5014 pro
2809 4939 3030 5014 ferocia
3053 4939 3310 5014 quadam
3336 4949 3389 5014 et
3418 4939 3655 4993 elatione

2075 5008 2331 5076 militari;
2366 5008 2467 5074 vel,
2497 5013 2642 5111 quod
2678 5008 2821 5064 fmilti
2873 5010 3213 5080 probabilius
3263 5008 3496 5072 videtur,
3550 5024 3650 5079 pro

2075 5083 2301 5111 {nan-nn.
2337 5084 2494 5111 λετ-ιιι..-
2532 5099 2606 5111 ορ.
2668 5085 2951 5111 “nurnnuio

2073 5083 2306 5153 ipsamet
2335 5083 2633 5152 ἀναιρέσει,
2668 5085 2976 5151 usurpavit.

2153 5173 2264 5245 (56)
2318 5174 2650 5238 Ἀπόλλων,
2677 5174 2759 5245 ὡς
2787 5169 3204 5245 ἀπαλλάττων.
3249 5168 3379 5223 Vide
3402 5168 3646 5245 Macrob.

2074 5241 2350 5299 Saturnal.
2389 5245 2483 5299 lib.
2516 5258 2555 5308 1,
2589 5260 2638 5296 c.
2677 5244 2762 5308 l7,
2796 5244 2887 5297 ubi
2918 5243 3053 5296 alias
3085 5242 3227 5295 inter
3265 5241 3644 5310 etymOIOgias,

2073 5316 2215 5369 hanc
2239 5330 2460 5383 quoque
2492 5314 2705 5382 probat,
2746 5324 2804 5383 ut
2839 5310 3111 5383 Ἀπόλλων
3145 5311 3323 5383 dictus
3363 5313 3455 5374 sit,
3488 5314 3644 5383 quasi

2070 5380 2389 5438 ἀπελαῦνων
2420 5380 2520 5446 τὰς
2544 5383 2751 5446 νόσους.
2779 5382 2933 5435 Plato
2959 5382 3013 5435 in
3047 5380 3287 5449 Cralylu,
3318 5384 3476 5449 quasi
3507 5382 3647 5434 ἁπο-

2069 5453 2261 5520 λούων,
2290 5455 2372 5508 vel
2406 5452 2676 5515 ἀπολύων,
2710 5452 2784 5522 ᾡς
2821 5454 3001 5522 ἰατρὸς
3045 5448 3264 5522 ὣνᾼτῶν
3296 5448 3499 5504 κακῶν.
3535 5452 3650 5505 Cle-

2072 5542 2224 5579 mens
2280 5525 2446 5576 Deum
2502 5536 2668 5576 unum
2714 5521 2817 5574 hoc
2861 5520 3083 5575 numine
3130 5520 3356 5575 indicari
3405 5522 3646 5585 mavult,

2071 5593 2270 5649 Strom.
2301 5610 2334 5675 ε.
2367 5590 2801 5679 υὺί,ξ.ιξτ.όλλωκθ,
2834 5591 3029 5679 inquit,
3059 5591 3339 5679 μυστικῶς
3361 5590 3510 5679 κατῇ
3526 5590 3647 5643 στέ-

2071 5681 2226 5735 ρησιν
2259 5663 2366 5715 τῶν
2402 5661 2609 5735 πολλῶν
2640 5658 2948 5735 νοουμενος,
2973 5663 3001 5715 ὁ
3031 5658 3109 5735 εἷς
3137 5662 3253 5713 ἐστι
3280 5661 3447 5735 (θεός..-
3467 5660 3645 5735 Quam

2069 5729 2401 5788 notationem
2452 5733 2645 5802 ριλοιιιιι
2690 5732 2856 5802 etiam
2892 5733 3179 5802 (thrysipp.
3217 5732 3374 5802 apud
3402 5729 3641 5802 Macrob.

2069 5813 2128 5856 ut
2158 5803 2349 5856 Latine
2382 5797 2465 5855 sol
2492 5801 2646 5869 quasi
2664 5797 2823 5869 solus
2854 5797 3096 5856 vocetur.
3119 5799 3447 5869 Porphyrius
3476 5798 3643 5869 infra,

2069 5873 2175 5926 ἀπὸ
2202 5872 2301 5942 τῆς
2328 5866 2560 5924 ἀκτίνων
2587 5868 2837 5932 πάλσεως
2881 5870 3146 5936 Apollinis
3171 5866 3365 5923 numen
3389 5866 3641 5921 arcessit.
