4156 6440
370 346 469 403 Μ

1553 349 1874 405 ΡΠᾸΞΡΑΒ.
1918 349 2171 406 EVANG.
2212 349 2340 406 LlB.
2382 349 2470 405 Ill.

3537 352 3641 411 162

368 462 501 538 ἦλθε
539 466 696 531 πολὺ,
735 467 829 520 καὶ
855 466 1204 539 συνώμϐρισε
1247 470 1340 523 καὶ
1380 470 1716 524 κατεκάλυσε
1743 469 1854 541 (58)
1885 469 1941 522 τὸ

2056 468 2138 523 vis
2167 467 2502 537 corruptioni
2530 484 2751 524 causam
2788 471 3101 540 praebuerit,
3132 479 3336 526 terram
3366 481 3532 528 aestus
3559 475 3638 527 in-

371 555 572 609 πάντα.
617 555 870 609 Τοιούτου
924 557 983 609 δέ
1021 575 1164 622 τινος
1200 558 1493 629 γενομένου
1526 561 1621 614 καὶ
1662 561 1789 631 περὶ
1827 561 1952 622 τοὺς

367 647 495 701 τότε
527 646 772 718 χρόνους,
796 649 891 700 καὶ
921 648 1154 718 μάλιστα
1173 649 1272 719 τῆς
1296 650 1559 715 Βοιωτίας
1584 650 1951 722 βυθισθείσης,

368 739 447 802 ὡς
477 738 691 811 πρῶτον
734 739 894 792 ἀνέδυ
934 740 994 793 τὸ
1033 741 1233 804 πεδίον,
1268 743 1362 795 καὶ
1395 743 1428 813 ἡ
1459 742 1766 814 πλημμύρα
1814 741 1952 796 ἐλώ-

370 848 566 902 φησεν,
597 831 625 882 ὁ
654 831 751 901 μὲν
785 830 843 895 ἐξ
890 831 1069 894 εὐδίας
1098 834 1302 903 κόσμος
1334 831 1427 885 τοῦ
1455 834 1800 905 περιέχοντος
1824 836 1955 904 ὁμο-

367 921 489 992 νοίᾳ
529 921 637 991 (59)
678 922 773 975 καὶ
811 922 1069 993 διαλλαγῇ
1122 924 1230 976 τῶν
1283 923 1421 978 θεῶν
1464 925 1679 996 ἐλέχθη.
1727 925 1952 998 Πρῶτον

366 1011 425 1064 δὲ
451 1012 676 1081 ἀνέσχεν
704 1013 768 1064 ἐκ
791 1011 901 1063 τῶν
932 1012 1114 1080 φυτῶν
1142 1014 1243 1082 τῆς
1265 1016 1368 1085 γῆς
1394 1017 1426 1085 ὴ
1451 1014 1603 1087 δρῦς,
1630 1014 1724 1068 καὶ
1747 1015 1952 1086 ταύτην

367 1102 663 1173 ἠγάπησαν
718 1104 767 1156 οί
807 1102 1105 1174 ἄνθρωποι,
1155 1107 1361 1177 τροφῆς
1397 1106 1512 1177 βίου
1555 1107 1649 1161 καὶ
1678 1106 1950 1178 σωτηρίας

366 1194 625 1266 διαμονὴν
650 1196 1059 1268 παρασχοῦσαν·
1088 1199 1146 1251 οὐ
1172 1198 1284 1271 γάρ
1309 1200 1471 1272 μόνον
1502 1204 1616 1263 τοῖς
1644 1199 1947 1267 εὐσεϐέσιν,

364 1286 441 1348 ὡς
496 1285 738 1351 Ἡσίοδός
764 1303 946 1360 φησιν,
976 1287 1113 1342 ἀλλά
1144 1290 1236 1343 καὶ
1279 1294 1393 1356 τοῖς
1426 1289 1796 1361 ὑπολειφθεῖσι
1852 1289 1951 1362 τῆς

366 1374 603 1446 φθορᾶς,

2056 561 2234 626 vadit;
2264 560 2349 614 sin
2377 570 2557 615 autem
2591 577 2653 615 ex
2682 572 2832 629 parte
2867 561 3122 627 Junonis,
3154 564 3258 618 hoc
3283 572 3367 618 est
3401 565 3636 619 humida)

2055 652 2331 721 ﬂabilique
2381 660 2613 718 naturae,
2649 653 2850 721 aliquid
2902 653 3118 720 injuriae
3159 655 3636 724 etexsuperantize

2054 743 2363 813 contigerit,
2392 742 2658 797 immensa
2692 744 2774 796 vis
2805 744 3061 797 imbrium
3098 745 3355 801 universa
3383 748 3634 815 proluere

2053 842 2216 903 atque
2233 835 2464 888 obruere
2493 834 2797 888 consuevit.
2816 832 3001 903 Itaque
3016 851 3140 889 cum
3175 837 3377 906 aliquid
3394 837 3635 907 ejusmo-

2053 926 2104 977 di
2133 924 2470 993 temporibus
2492 925 2598 979 illis
2631 925 2957 990 accidisset;
2979 925 3206 995 ipsaque
3249 929 3487 981 maxime
3512 927 3636 983 Bm.

2052 1016 2161 1070 otia
2205 1030 2473 1085 aquarum
2522 1016 2825 1071 verticibus
2869 1016 3065 1071 hausta
3113 1026 3276 1084 esset,
3309 1030 3369 1073 ut
3393 1022 3633 1089 primum

2048 1108 2258 1163 exstitit
2292 1108 2627 1177 emersitque
2665 1107 2843 1162 solum
2868 1146 2883 1170 ,
2946 1115 3001 1161 et
3060 1107 3433 1164 inundationis
3464 1123 3631 1165 aestus

2049 1196 2295 1259 remisit,
2350 1206 2581 1251 ornatus
2628 1196 2719 1251 ille
2764 1213 2828 1253 ac
2885 1197 3116 1266 species,
3149 1214 3271 1268 qum
3314 1199 3631 1255 circumfusi

2047 1280 2190 1336 aeris
2207 1286 2439 1356 sudique
2468 1288 2593 1343 caeli
2640 1289 2989 1344 serenitatem
3018 1298 3102 1343 est
3143 1300 3456 1356 consecuta,
3497 1307 3632 1345 con-

2052 1378 2239 1435 sensio
2260 1379 2488 1435 deorum
2515 1394 2581 1435 ac
2609 1381 2981 1436 reconciliatio
3003 1390 3313 1452 nuncupata
3342 1392 3441 1437 est.
3471 1381 3637 1437 Plan-

366 1479 546 1524 tarum
571 1486 698 1526 vero
729 1471 981 1542 princeps
1009 1481 1173 1542 caput
1201 1474 1393 1529 evtulit
1421 1490 1680 1545 quercus,
1743 1487 1976 1542 eamque
2057 1472 2330 1539 homines,
2383 1473 2527 1542 quod
2584 1473 2789 1529 victum
2844 1474 3245 1544 suppeditaret,
3298 1475 3636 1545 salutemque

364 1578 539 1631 ipsam
589 1573 853 1630 tueretur,
906 1566 1235 1622 adamarunt
1281 1586 1295 1622 :
1330 1568 1529 1638 quippe
1561 1583 1683 1638 quae
1715 1581 1825 1622 non
1870 1567 1936 1621 iis
1975 1564 2159 1624 modo.
2189 1564 2282 1633 qui
2315 1564 2566 1633 pietatem
2630 1580 2695 1620 ac
2733 1565 3048 1637 religionem
3109 1567 3314 1630 colant,
3347 1576 3406 1621 ut
3435 1564 3628 1621 Hesio-

373 1656 478 1711 dus
501 1656 760 1727 loquitur,
797 1658 892 1714 sed
919 1660 985 1715 iis
1014 1661 1200 1724 etiam,
1230 1661 1324 1732 qui
1352 1676 1698 1717 communem
1726 1658 2086 1714 calamitatem
2118 1655 2425 1727 eﬂugerint,

368 1752 545 1819 Ἀκρη
556 1752 672 1822 μέν
682 1770 747 1810 τε
761 1753 925 1823 φέρει
932 1755 1268 1822 βαλάνους,
1283 1756 1487 1827 μέσση
1501 1756 1570 1810 δὲ
1578 1756 1901 1826 μελίσσας.
1917 1773 1936 1806 ι

2052 1750 2259 1805 Trunca
2285 1751 2475 1820 fundat
2502 1767 2646 1820 apes,
2682 1766 2988 1822 summoque
3013 1752 3284 1806 cacumine
3311 1751 3573 1821 glandem.
3606 1771 3625 1805 I

364 1841 552 1898 Ταῦτα
604 1844 703 1915 μὲν
756 1847 784 1898 ὁ
825 1846 1191 1919 Πλούταρχος,
1231 1848 1422 1918 Ἡμεῖς
1473 1848 1529 1900 δὲ
1584 1847 1830 1918 ἔγνωμεν
1881 1847 1941 1899 ἐκ

2048 1840 2325 1896 llaetenus
2364 1840 2712 1906 Plutarchus;
2745 1857 2809 1895 ex
2840 1843 2999 1911 cujus
3033 1841 3277 1912 profecto
3305 1842 3415 1912 87
3448 1842 3632 1898 verbis

360 1933 472 1989 τῶν
534 1936 946 2007 παρατεθεισῶν
999 1936 1151 2008 αὐτῷ
1215 1939 1520 2008 φωνῶν,ὼς
1579 1939 1687 2011 ἀρα
1759 1938 1855 1993 καὶ
1908 1939 1942 2007 ἡ

363 2023 653 2097 θαυμαστὴ
682 2026 777 2078 καὶ
813 2026 1126 2098 ἀπόρρητος
1152 2027 1466 2096 φυσιολογία
1488 2028 1588 2097 τῆς
1632 2026 1944 2099 Ἑλληνικῆς

362 2115 643 2185 θεολογίας
684 2116 828 2170 θεῖον
869 2118 968 2188 μὲν
1016 2118 1189 2181 οὐδὲν,
1243 2119 1363 2172 οὐδέ
1407 2137 1458 2172 τι
1504 2119 1644 2190 μέγα
1687 2120 1780 2172 καὶ
1824 2117 1943 2171 θεο-

362 2208 596 2280 πρεπὲς,
657 2208 755 2262 καί⁵
805 2209 907 2279 τῆς
958 2210 1309 2272 ἀναστάσεως
1344 2208 1455 2282 (40)
1487 2210 1634 2276 ἄξιον
1689 2211 1940 2280 ἐπήγετο.

374 2296 644 2368 Ἀκήκοας
689 2298 798 2371 γὰρ
836 2298 931 2370 τὴν
966 2300 1145 2370 ’Ἥραν
1174 2300 1294 2352 τοτὲ
1332 2300 1430 2370 μὲν
1455 2300 1724 2371 Γαμήλιον
1747 2302 1944 2369 ἀναγο-

363 2388 681 2459 ρευομένην,
728 2392 821 2443 καὶ
863 2389 960 2460 τὴν
998 2389 1191 2461 ἀνδρὸς
1255 2389 1351 2442 καὶ
1399 2389 1656 2458 γυναικὸς
1712 2388 1946 2460 συμϐίω-

362 2500 448 2534 σιν
484 2482 766 2553 δηλοῦσαν,
810 2485 928 2537 τοτὲ
964 2484 1019 2537 δὲ
1050 2484 1147 2555 τὴν
1193 2485 1298 2555 γῆν
1334 2482 1495 2536 πάλιν
1535 2483 1712 2553 ’Ἦραν
1754 2482 1945 2552 ὀνομα-

359 2571 614 2645 ζομένην,
643 2574 763 2627 τοτὲ
790 2574 846 2628 δὲ
875 2574 972 2646 τὴν
989 2575 1162 2646 ὑγρὰν
1178 2576 1386 2629 οὐσίαν·
1402 2574 1494 2628 τὸν
1512 2574 1566 2627 δὲ
1581 2575 1831 2627 Διόνυσον
1860 2574 1942 2637 είς

356 2664 454 2735 τὴν
503 2664 673 2736 μέθην
707 2667 1189 2738 μετενηνεγμένον,
1230 2669 1310 2730 εἰς
1337 2666 1507 2719 νύκτα
1541 2664 1597 2718 δὲ
1623 2664 1719 2733 τὴν
1758 2661 1939 2735 Λητὼ,

356 2756 451 2808 καὶ
489 2756 578 2810 τὸν
619 2757 769 2828 ἥλιον
809 2760 889 2822 είς
925 2759 1254 2823 Ἀπόλλωνα,
1292 2760 1387 2813 καὶ
1414 2758 1575 2812 αύτόν
1608 2774 1672 2826 γε
1725 2757 1815 2811 τὸν
1844 2757 1942 2809 Δία

357 2847 438 2909 εἰς
469 2846 565 2917 τὴν
598 2848 807 2920 θερμὴν
833 2849 928 2902 καὶ
958 2848 1177 2922 πυρώδη
1203 2849 1450 2921 δύναμιν.
1481 2846 1689 2903 Οὐκοῦν
1712 2847 1847 2919 πρὸς
1871 2849 1937 2918 τῇ

354 2936 463 2991 τῶν
488 2937 672 3009 μύθων
694 2940 991 3011 ὰπρεπείᾳ,
1013 2941 1107 2993 καὶ
1124 2942 1157 3010 ἡ
1181 2939 1412 2994 δοκοῦσα
1431 2939 1730 3012 σεμνοτέρα
1752 2940 1943 3010 διήγη-

357 3044 439 3092 σις
479 3031 574 3082 καὶ
618 3031 937 3100 φυσιολογία
965 3031 1064 3083 οὐκ
1097 3030 1188 3082 ἐπί
1220 3047 1372 3093 τινας
1422 3029 1707 3101 οὐρανίους
1751 3028 1942 3099 νοεράς

354 3119 449 3171 καὶ
482 3118 633 3184 θείας
671 3120 949 3191 δυνάμεις,
979 3121 1085 3174 οὐδ’
1114 3121 1206 3175 ἐπὶ
1236 3118 1459 3189 λογικὰς
1492 3120 1587 3173 καὶ
1618 3119 1942 3187 ἀσωμάτους

2053 1930 2408 2002 intelligimus
2447 1933 2581 1987 nihil
2615 1933 2841 1989 omnino
2869 1935 3069 2005 magni,
3113 1935 3371 2005 quodque
3413 1935 3495 1990 vel
3535 1936 3626 1990 di-

2049 2022 2331 2078 vinitatem
2374 2024 2574 2094 sapiat,
2617 2025 2701 2079 vel
2737 2029 3001 2081 ostentari
3048 2042 3377 2097 magnopere
3411 2027 3626 2089 debeat,

2044 2113 2301 2182 praeclara
2330 2114 2437 2169 ista
2453 2115 2841 2184 reconditaque
2864 2116 3064 2172 Grzecae
3090 2117 3374 2187 theologize
3389 2119 3625 2173 naturali

2044 2204 2404 2274 explicatione
2420 2205 2945 2278 contineri.Quippe,
2962 2206 3233 2263 Junonem
3246 2210 3390 2264 enim
3405 2210 3626 2266 audiisti

2045 2295 2208 2351 modo
2220 2294 2527 2352 Pronubam
2546 2298 2824 2367 appellari,
2847 2301 3001 2369 quasi
3022 2308 3265 2354 mutuam
3284 2301 3387 2355 viri
3412 2310 3466 2357 et
3488 2319 3626 2356 uxo-

2043 2385 2121 2443 ris
2135 2387 2259 2442 vitae
2275 2389 2723 2446 communionem
2736 2379 3039 2461 'significet;
3056 2392 3625 2455 modoterram,modo

2043 2483 2323 2538 humidam
2357 2493 2612 2539 naturam
2657 2484 2905 2540 eamdem
2922 2485 3103 2539 vocari
3131 2502 3146 2541 :
3176 2483 3449 2541 Bacchum
3492 2501 3624 2539 vero

2041 2572 2109 2627 ad
2136 2573 2435 2641 ebrietatis,
2472 2573 2734 2629 Latonam
2769 2576 2835 2629 ad
2876 2575 3073 2641 noctis,
3115 2575 3288 2630 solem
3317 2576 3385 2630 ad
3409 2577 3615 2646 Apolli-

2042 2664 2150 2729 nis,
2181 2664 2471 2735 ipsumque
2518 2665 2654 2720 adeo
2678 2663 2866 2720 Jovem
2905 2666 2972 2720 ad
3015 2665 3204 2720 calidae
3237 2674 3291 2720 et
3334 2665 3504 2736 ignere
3536 2667 3620 2722 vis

2042 2755 2494 2825 signiﬁcationem
2536 2755 2921 2828 rationemque
2966 2757 3201 2812 traduci.
3250 2755 3393 2826 Ergo
3424 2766 3621 2826 praeter

2043 2846 2348 2902 fabularum
2389 2847 2792 2918 indignitatem,
2821 2850 2938 2919 ipsa
2987 2865 3206 2918 quoque
3249 2848 3489 2919 gravior,
3536 2847 3617 2902 uti

2042 2940 2349 3003 videbatur,
2375 2955 2566 2994 earum
2598 2940 2979 3009 interpretatio
3017 2955 3083 2995 ac
3112 2940 3475 3010 physiologia,
3504 2954 3615 2993 non

2038 3029 2149 3097 jam
2176 3030 2263 3083 vel
2305 3029 2372 3083 ad
2415 3032 2662 3085 caelestes
2694 3030 2860 3094 ullas,
2894 3029 3254 3100 intelligentes
3290 3029 3619 3099 divinasque

2046 3119 2356 3182 facultates,
2391 3120 2475 3174 vel
2497 3120 2560 3174 ad
2590 3129 2817 3176 naturas
2845 3120 3060 3194 aliquas
3089 3124 3304 3175 ratione
3332 3120 3613 3190 praeditas,

354 3209 555 3280 ἀνῆγεν
592 3210 797 3274 οὐσίας·
853 3209 1002 3264 κάτω
1044 3210 1102 3263 δὲ
1129 3210 1289 3265 πάλιν
1326 3211 1426 3264 καὶ,
1458 3210 1595 3281 αὑτὴ
1644 3210 1725 3273 είς
1773 3208 1941 3280 μέθας

2045 3220 2099 3262 et
2124 3211 2192 3262 ab
2227 3208 2378 3264 omni
2420 3225 2709 3278 corporum
2740 3210 3088 3265 concretione
3116 3210 3392 3279 sejunctas
3422 3211 3620 3265 evehe-

354 3297 448 3351 καὶ
496 3298 708 3368 γάμους
752 3300 847 3353 καὶ
886 3297 1408 3373 ἀνθρώπειαπάθη,
1455 3299 1535 3364 εἴς
1565 3317 1626 3353 τε
1656 3298 1786 3371 πῦρ,
1816 3299 1939 3370 γῆν,

355 3390 451 3449 xz‘.
474 3390 643 3466 ἥλιον,
673 3391 768 3449 καὶ
794 3391 862 3448 τὰ
890 3391 1056 3448 λοιπὰ
1092 3392 1190 3466 τῆς
1219 3390 1351 3465 ’ύλης
1380 3394 1618 3464 στοιχεῖα
1650 3390 1943 3461 κατέστρε-

357 3503 425 3555 φε
456 3485 522 3540 τὰ
558 3486 698 3559 μέρη
725 3486 819 3540 τοῦ
849 3487 1073 3558 κόσμου,
1103 3488 1196 3540 καὶ
1222 3485 1383 3539 πλέον
1408 3482 1732 3559 θεοποιοῦσα
1764 3482 1937 3536 οὐδέν.

356 3576 523 3632 Τοῦτο
547 3577 605 3631 δὲ
630 3578 725 3632 καὶ
751 3578 780 3630 ὁ
810 3577 1034 3631 Πλάτων
1059 3573 1217 3630 οἶδεν.
1258 3575 1540 3657 Ὁμολογεῖ
1563 3572 1692 3645 γοῦν
1725 3573 1942 3645 διαρρή-

353 3671 450 3743 δην
464 3673 521 3726 έν
538 3669 618 3741 τῷ
632 3670 921 3738 Κρατύλῳ
941 3669 1106 3741 μηδὲν
1124 3668 1285 3723 πλέον
1307 3667 1416 3721 τῶν
1434 3667 1725 3739 ὁρωμένων
1742 3666 1834 3720 τοῦ
1854 3666 1942 3718 κό-

357 3764 494 3830 σμου
511 3758 690 3831 μερῶν
705 3758 829 3822 τοὺς
846 3756 1094 3830 πρώτους
1104 3757 1210 3811 τῶν
1230 3757 1354 3830 περὶ
1376 3756 1473 3829 τὴν
1489 3755 1712 3816 Ἐλλάδα
1731 3756 1827 3809 ἀνθ
1835 3754 1940 3828 ρώ-

356 3867 471 3903 πων
493 3847 791 3916 ἐγνωκέναι
808 3864 821 3878 ·
855 3846 1048 3919 μόνους
1094 3846 1153 3900 δὲ
1172 3846 1327 3910 θεοὺς
1347 3841 1483 3899 εἶναι
1501 3845 1626 3909 τοὺς
1645 3847 1703 3899 έν
1727 3844 1938 3917 οὐρανῷ

354 3941 670 4012 φωστῆρας,
721 3940 816 3994 καὶ
855 3939 926 3995 τὰ
961 3937 1126 3993 λοιπὰ
1167 3938 1274 3992 τῶν
1317 3937 1658 4009 φαινομένων
1694 3938 1932 4009 νομίσαι.

352 4033 514 4102 Λέγει
544 4032 589 4085 δ’
615 4027 707 4085 οῦν
732 4025 834 4085 ὧδε
868 4031 1001 4102 πρὸς
1033 4029 1200 4095 λέξιν*
1238 4049 1255 4080 ε
1284 4029 1567 4083 Φαίνονταί
1592 4046 1682 4101 μοι
1709 4031 1758 4082 oi
1791 4028 1938 4101 πρῶ-ο

352 4140 432 4176 τοι
466 4123 573 4177 τῶν
606 4121 904 4195 ἀνθρώπων
939 4122 1066 4194 περὶ
1096 4121 1194 4193 τὴν
1233 4120 1456 4175 Ἐλλάδα
1486 4120 1708 4185 τούτους
1741 4121 1937 4191 μόνους

352 4213 508 4278 θεοὺς
544 4216 816 4288 ἡγεῖσθαι,
856 4213 1065 4286 οὕσπερ
1112 4212 1206 4267 νῦν
1253 4214 1438 4267 πολλοὶ
1472 4212 1581 4267 τῶν
1623 4212 1933 4284 βαρϐάρων,

355 4305 544 4359 Ἥλιον
588 4306 683 4360 καὶ
728 4305 984 4377 Σελήνην,
1026 4306 1122 4360 καὶ
1154 4306 1284 4376 Γῆν,
1318 4305 1412 4359 καὶ
1447 4306 1678 4377 Ἄστρα,
1719 4304 1811 4357 καὶ
1839 4304 1936 4356 Οὐ-

356 4397 537 4468 ρανόν.
576 4416 595 4449 ι
637 4396 795 4450 Ἀλλά
825 4395 896 4450 τὰ
927 4398 1023 4467 μὲν
1066 4396 1352 4468 Ἐλληνικά
1379 4395 1623 4450 τοιαῦτα·
1655 4394 1850 4466 ἴδωμεν
1878 4394 1936 4447 δὲ

353 4488 449 4583 ἶιαὶ
486 4487 555 4541 τά
598 4486 801 4541 τούτων
840 4486 1160 4541 παλαίτατα·
1192 4483 1260 4558 ἦν
1297 4486 1354 4540 δὲ
1382 4484 1450 4538 τά
1487 4484 1777 4583 Αἰγύπτια.
1820 4484 1929 4556 Τὴν
1962 4525 2011 4583 D

357 4572 489 4632 Ἶσιν
528 4580 662 4649 φασὶ
694 4579 787 4632 καὶ
819 4578 908 4632 τὸν
941 4579 1171 4650 Ὄσιριν,
1220 4578 1310 4631 τὸν
1340 4576 1489 4647 ἥλιον
1534 4572 1672 4630 εἶναι
1708 4576 1804 4629 καὶ
1831 4576 1931 4648 τὴν

355 4667 604 4739 σελήνηψ
634 4668 727 4721 καὶ
756 4667 855 4721 Δία
888 4667 985 4739 μὲν
1018 4668 1078 4720 τὸ
1102 4667 1187 4721 διὰ
1214 4667 1429 4720 πάντων
1455 4665 1667 4738 χωροῦν
1693 4665 1928 4737 πνεῦμα*

358 4760 658 4828 Ἥφαιστον
694 4760 752 4813 δὲ
795 4759 856 4813 τὸ
886 4760 1016 4830 πῦρ·
1052 4758 1150 4831 τὴν
1184 4759 1240 4812 δὲ
1272 4758 1397 4829 γῆν,
1424 4759 1717 4828 Δήμητραν
1742 4758 1931 4811 ἐπονο-

360 4853 548 4923 μάσαιο
597 4851 848 4906 Ὠκεανόν
882 4867 943 4904 τε
966 4851 1054 4905 τὸν
1081 4851 1245 4923 ὑγρὸν
1268 4848 1580 4922 νομίζεσθαι
1609 4849 1738 4920 παρ’
1762 4849 1899 4917 Δίγυ
1916 4877 1932 4890 -

430 5008 541 5079 (38)
581 5007 989 5079 Κατεκάλυσε.
1032 5005 1342 5079 Legendum
1371 5006 1584 5061 videtur
1607 5003 1929 5070 κατέκλυσε,

358 5080 443 5132 vel
476 5078 839 5148 κατεκάλυψε.

432 5148 543 5219 (59)
576 5145 880 5219 Ὁμονοίᾳ,
925 5157 1030 5205 etc.
1073 5146 1256 5203 Malim
1288 5146 1511 5219 ὁμόνοια
1552 5146 1649 5200 καὶ
1669 5145 1929 5218 διαλλαγὴ

355 5218 861 5307 sexagenum?
886 5304 893 5307 Α
1086 5287 1128 5307 η
1150 5306 1173 5307 η
1266 5220 1287 5307 ί

430 5288 542 5370 (4ο)
593 5285 1319 5370 Ἀναᾷτᾷοίεωςτιρῐῃηίηο
1379 5286 1668 5370 legendum
1716 5285 1931 5368 videtur

355 5357 692 5423 ἀνατάσεως,
721 5369 780 5413 ιιι
813 5357 987 5425 infra,
1008 5359 1099 5414 ubi
1137 5361 1203 5413 de
1234 5357 1687 5428 prmstigiatorum
1723 5357 1928 5410 carmi-

358 5429 519 5484 nibus
544 5431 608 5483 ad
642 5429 877 5497 speciem
910 5439 963 5484 et
991 5432 1411 5485 ostentationem
1435 5428 1773 5497 compositis,
1803 5428 1881 5497 ait
1908 5442 1922 5479 :

358 5498 544 5570 Πολλῷ
585 5498 644 5570 δέ
673 5496 762 5568 ίτῷ
806 5500 903 5570 τῆς
944 5499 1251 5570 ἀνατάσεως
1279 5497 1495 5568 κόμπῳ,
1528 5496 1695 5570 τῷ-τε
1724 5496 1931 5570 πεπλα-

355 5565 540 5641 σμένῴ
575 5565 870 5641 τύταρξτῆς
922 5568 1204 5641 θεοφορίας
1253 5565 1719 5641 ξεσχημοιτξσμένιπι.Δ
1760 5565 1929 5637 Vulgo

398 5636 598 5703 uidém,
635 5636 929 5704 ἀνάτασις
978 5636 1099 5692 ἀντϊ
1145 5639 1245 5707 τῆς
1295 5636 1837 5704 ἀὲέὲιλῆςίευηιίιηγ,
1871 5636 1930 5689 nt

396 5709 772 5763 νατείνεσθαι
819 5709 939 5761 ἀντὶ
983 5708 1078 5765 τοῦ
1120 5707 1409 5762 ἀπειλεῖν.
1468 5707 1573 5761 Sed
1618 5715 1816 5769 tamen,
1870 5715 1930 5759 ut

358 5777 752 5848 ἀνατείνεσθαι,
787 5779 866 5835 sic
903 5789 954 5834 et
1002 5779 1281 5844 ἀνάτασις,
1334 5776 1681 5849 ύπερήφανόν
1728 5793 1779 5829 τι
1836 5776 1928 5829 καὶ

2044 3301 2170 3366 bat;
2224 3301 2316 3355 sed
2368 3302 2635 3356 deorsum.
2663 3317 2912 3371 vergens.
2949 3309 3044 3356 aut
3093 3300 3149 3355 in
3186 3303 3486 3371 crapulam,
3516 3318 3620 3356 nu-

2043 3393 2204 3461 ptias.
2229 3404 2282 3447 et
2300 3396 2568 3447 humanas
2591 3393 2936 3463 eupiditat.s,
2961 3401 3057 3447 aut
3083 3393 3137 3446 in
3163 3394 3284 3463 igne
3305 3410 3366 3456 n,
3393 3401 3614 3460 terram,

2043 3484 2212 3540 solem
2249 3500 2313 3540 ac
2357 3485 2565 3554 reliqua
2606 3485 2874 3539 elementa
2915 3484 2970 3539 in
3015 3486 3300 3540 materiam
3334 3485 3615 3553 immersa,

2042 3576 2338 3643 mundique
2380 3584 2561 3645 partes
2608 3582 2853 3630 extremo
2902 3576 3060 3645 quasi
3109 3584 3232 3629 actu
3294 3574 3613 3635 desinebat,

2040 3666 2284 3735 nullique
2316 3676 2575 3736 praetcrea
2611 3666 3048 3721 reidivinitatem
3102 3665 3393 3720 tribuebat.
3436 3665 3615 3734 Atque

2018 3756 2281 3826 Jiocipsc
2311 3772 2531 3826 quoque
2568 3755 2724 3811 Plato
2769 3756 3054 3812 intellexit.
3091 3754 3379 3809 Enimvero
3408 3756 3612 3811 diserte

2039 3848 2240 3905 fatetur
2270 3850 2323 3903 in
2356 3848 2597 3920 Crarylo,
2623 3857 2821 3919 praeter
2863 3848 2997 3902 istas
3038 3863 3158 3917 quae
3206 3849 3308 3903 sub
3329 3857 3608 3917 aspectum

2040 3942 2239 3996 cadunt
2274 3940 2461 3994 mundi
2512 3949 2716 4009 partes,
2774 3940 2910 3993 nihil
2939 3954 3035 3993 eos
3057 3940 3305 4003 omnino,
3338 3940 3430 4009 qui
3465 3938 3614 3993 ϐινη-

2039 4033 2176 4088 ciam
2208 4032 2480 4103 principes
2511 4040 2818 4096 tenuerant,
2849 4032 3195 4100 cognovisse,
3220 4046 3284 4085 ac
3330 4030 3443 4085 sola
3489 4030 3613 4085 σα)ξὶ

2037 4132 2207 4188 astra,
2245 4133 2299 4177 et
2343 4131 2555 4184 uetera,
2598 4136 2721 4191 qua:
2760 4122 3114 4190 pluenomena
3158 4129 3440 4183 vocantur,
3481 4119 3615 4173 deos

2036 4223 2279 4283 putasse.
2323 4211 2415 4268 Sic
2443 4213 2588 4268 enim
2620 4211 2689 4266 ad
2726 4213 2952 4267 verbum
2986 4212 3298 4280 lnquilurrc
3335 4210 3439 4276 Qui
3466 4209 3614 4265 Grue-

2036 4305 2178 4359 ciam
2222 4304 2384 4373 primi
2424 4303 2685 4367 babuere,
2708 4302 2746 4356 ii
2768 4301 3023 4356 videntur
3056 4302 3188 4355 mihi
3230 4302 3360 4355 deos
3400 4309 3611 4355 tantum

2037 4395 2161 4450 illos
2190 4395 2562 4459 existimasse,
2587 4409 2729 4465 quos
2750 4393 3051 4448 etiamnum
3083 4394 3442 4447 barbarorum
3495 4392 3611 4462 ple-

2042 4487 2199 4556 rique
2244 4486 2602 4550 arbitrantur,
2644 4484 2846 4550 Solem,
2876 4484 3112 4552 Lunam,
3143 4484 3389 4549 Terram,
3422 4484 3608 4550 Astra,

2036 4575 2271 4631 Caelum.
2300 4594 2318 4627 ι
2355 4574 2677 4644 llujusmodi
2709 4590 2838 4645 ergo
2882 4586 3033 4642 sunt,
3079 4592 3200 4646 qua:
3233 4590 3262 4629 a
3301 4574 3505 4631 ercis
3544 4575 3613 4628 de

2036 4667 2321 4721 numinum
2374 4682 2597 4721 SllOl‘Ulll
2650 4676 2843 4721 natura
2888 4670 3413 4723 commemorantur.
3449 4663 3608 4719 Nunc

2035 4768 2215 4813 autem
2237 4758 2616 4828 Egyptiorum
2645 4759 2806 4813 etiam
2839 4759 3051 4813 fabulas
3086 4759 3245 4828 longe
3279 4755 3482 4811 Graecis
3511 4770 3612 4808 an-

2035 4850 2296 4921 tiquiores
2322 4851 2623 4905 videamus.
2657 4849 2827 4904 Aiunt
2867 4851 3046 4920 itaque
3068 4890 3082 4914 ,
3128 4845 3398 4903 Osiridem
3435 4844 3608 4900 solem

2036 5010 2285 5080 σοϐαρὸν,
2314 5009 2408 5063 καὶ
2436 5008 2714 5080 ἀγέρωχον
2746 5026 2854 5063 non
2885 5011 3066 5064 minus
3099 5010 3372 5080 eleganter
3399 5004 3610 5074 signiti-

2034 5091 2140 5135 cat.
2174 5078 2370 5143 Porro,
2414 5081 2506 5134 ubi
2542 5078 2813 5142 ’ἀνάτασις
2843 5094 2940 5148 pro
2973 5078 3402 5148 comminatione
3447 5090 3609 5128 usur-

2072 5162 2214 5215 atur,
2246 5150 2488 5221 vulgaris
2541 5151 2705 5221 etiam
2760 5144 2855 5203 hic'
2887 5157 3192 5221 error_e_st,
3232 5144 3608 5221 ιιιάνάστασις

2072 5167 2214 5215 amr,
2246 5167 2488 5221 vulgaris
2541 5167 2705 5204 etiam
2760 5167 2845 5203 mc
2887 5167 3043 5203 error
3088 5167 3192 5209 esr,
3232 5167 3289 5199 ιιι
3311 5167 3608 5206 αναστασις

2033 5167 2263 5287 ﬁagatur.
2302 5221 2595 5274 Athacnens
2639 5220 2732 5272 lib.
2762 5235 2836 5283 Iv,
2877 5234 2931 5287 p.
2972 5218 3073 5271 157
3107 5217 3147 5271 C
3192 5235 3204 5268 :
3243 5216 3353 5279 Διὸ,
3400 5215 3609 5287 πάντας

2032 5282 2461 5360 εὐλαϐουμένους
2494 5288 2591 5360 τὴν
2618 5288 2726 5341 τῶν
2757 5282 2968 5360 κυρίων
2989 5287 3302 5360 ἀνάστασιν,
3327 5282 3609 5353 φοϐεῖσθαι

2032 5360 2125 5414 τοῦ
2162 5354 2509 5431 ζῆν’ὲκόντας
2539 5354 2669 5428 (non
2697 5354 2931 5431 ἑκόντες)
2957 5358 3204 5431 ἐκϐῆναι.
3231 5354 3461 5431 Ideoque
3489 5368 3609 5405 om-

2032 5446 2148 5488 nes.
2187 5424 2260 5484 uti
2295 5424 2638 5483 dominorum
2686 5428 2775 5497 (ε.
2810 5424 3034 5481 deorum
3063 5424 3089 5497 )’
3122 5424 3605 5497 comminatitmrm

2031 5499 2310 5565 etl'ugiant,
2342 5498 2646 5553 voluntaria
2677 5494 2853 5550 morte
2881 5497 3044 5549 vitam
3063 5494 3306 5564 'abjicere
3338 5494 3600 5565 l‘ornnda—

2031 5586 2110 5623 re.
2142 5561 2243 5640 Ubi
2267 5561 2478 5640 optime
2510 5565 2868 5640 Qasaubonus
2901 5567 3005 5634 (vir
3040 5561 3290 5640 magnus,
3322 5561 3602 5640 si‘Catlio-

2032 5640 2169 5693 licus
2205 5630 2419 5703 fuisset)
2450 5636 2577 5705 legit
2606 5635 2888 5697 ἁνάτασις.
2910 5630 3033 5704 cap.
3056 5630 3519 5705 H'Animadvers.
3550 5630 3607 5682 in

2029 5723 2152 5761 enm
2184 5707 2278 5759 lib.
2307 5702 2427 5772 Quo
2449 5702 2567 5760 loco
2597 5706 2803 5774 aliquot
2836 5704 2943 5758 alia
2975 5702 3170 5762 similis
3190 5702 3397 5756 erroris
3422 5714 3577 5752 cxcm

2030 5778 2118 5847 pla
2153 5778 2481 5845 suppeditat.
