4156 6462
547 337 651 389 115
1208 333 1476 389 EL'Sl‘IBll
1516 331 2000 388 CAISARIENSIS
2041 332 2191 388 OPP.
2236 332 2415 387 PARS
2455 332 2518 387 ll.
2560 364 2625 372 ——
2665 331 3164 389 APOLOGETICA.
3716 333 3834 388 164

546 474 688 524 esse,
713 458 908 512 lsidem
952 473 1084 512 vero
1129 458 1357 522 lunam;
1396 454 1585 511 Jovem
1632 456 1885 526 spiritum
1919 465 2116 511 cuncta

2228 456 2413 517 πτίοις,
2447 455 2542 508 καὶ
2564 456 2653 508 τὸν
2678 458 2806 526 παρ’
2835 455 3017 518 αὐτοῖς
3035 451 3273 523 ποταμὸν
3304 451 3512 515 Νεῖλον,
3608 460 3703 505 και
3723 454 3830 514 τὰς

548 553 956 622 pervadentem,
989 550 1288 605 Vulcanum
1346 552 1548 617 ignem,
1582 560 1781 604 terram
1812 550 2064 604 Cererem
2102 569 2112 602 :

548 643 829 699 Oceanum
884 642 1190 707 humorem,
1225 658 1289 696 ac
1328 641 1508 695 N-lum
1532 658 1721 696 eorum
1756 640 2003 704 ﬂuvium,
2030 641 2118 695 cui

547 736 697 804 ipsas
745 749 964 805 qucque
1030 735 1252 787 deorum
1302 732 1706 801 procreationes
1755 732 2062 786 attribuunt
2102 749 2118 785 :

547 840 728 880 aerem
793 826 1026 894 denique
1069 824 1364 877 Minervam
1403 824 1473 877 ab
1509 823 1702 877 iisdem
1737 824 2004 877 nominari
2037 823 2122 877 fe-

549 928 700 971 runt.
748 914 924 985 Atque
971 917 1072 969 hos
1122 914 1365 984 quinque
1421 914 1574 980 deos,
1603 913 1795 968 Aerem
1848 914 2119 979 videlicet,

554 1008 791 1078 Aquam,
830 1007 1034 1077 Ignem,
1066 1003 1317 1070 Terram,
1351 1021 1417 1060 ac
1450 1004 1738 1074 Spiritum,
1779 1005 1968 1059 orbem
1996 1005 2116 1057 uni-

548 1115 768 1156 versum
826 1114 1166 1169 percurrere,
1210 1100 1393 1152 varias
1441 1098 1673 1152 subinde
1729 1096 2012 1151 hominum
2068 1102 2121 1148 et

547 1191 729 1246 omnis
784 1190 997 1260 generis
1042 1189 1404 1243 animantium
1466 1186 1669 1255 figuras
1716 1201 1780 1241 ac
1816 1186 2001 1239 vultus
2032 1183 2115 1237 in-

547 1281 798 1342 duentes,
838 1295 1076 1349 quorum
1126 1279 1347 1333 nomina
1395 1293 1520 1332 cum
1557 1277 1765 1346 aliquot
1802 1274 2117 1329 hominibus

546 1371 709 1426 morti
753 1371 1030 1438 obnoxiis,
1056 1380 1110 1426 et
1157 1372 1212 1424 in
1261 1369 1497 1440 Egypto
1522 1370 1665 1423 natis
1716 1365 2116 1422 communicata

546 1463 765 1527 fuerint,
795 1463 910 1533 88
934 1478 1074 1533 quos
1101 1463 1289 1531 utique
1320 1459 1863 1527 Solem,Saturnum,
1884 1456 2117 1519 Rheam,

542 1555 757 1621 Jovem,
781 1554 1075 1619 lunonem,
1111 1556 1437 1618 Vulcanum,
1473 1554 1809 1622 Vestamque
1837 1549 2121 1621 cognomi-

2223 549 2330 601 τῶν
2345 548 2482 600 θεῶν
2508 548 2782 602 ἀναθεῖναι
2806 548 3068 617 γενέσεις·
3100 547 3190 600 τὸν
3205 547 3260 599 δὲ
3285 546 3420 615 ἀέρα
3439 548 3601 614 φασιν
3617 546 3828 607 αὐτοὺς

2225 642 2651 713 προσαγορεύειν
2673 641 2923 710 Ἀθηνᾶν.
2951 641 3258 704 Τούτουςδὲ
3281 641 3407 704 τοὺς
3440 640 3599 693 πέντε
3628 639 3825 701 θεοὺς,

2224 732 2315 786 τὸν
2363 733 2523 802 Ἀέρα
2563 733 2724 799 λέγω,
2761 733 2855 785 καὶ
2898 732 2958 784 τὸ
2994 731 3196 801 Ὗδωρ,
3246 731 3305 784 τό
3336 747 3395 783 τε
3418 729 3537 802 Πῦρ
3577 730 3671 783 καὶ
3713 731 3827 800 τὴν

2224 820 2356 889 Γῆν,
2393 823 2488 874 καὶ
2519 820 2578 874 τὸ
2612 820 2856 890 Πνεῦμα,
2900 823 3079 873 πᾶσαν
3121 820 3217 891 τὴν
3261 819 3584 891 οἰκουμένην
3616 821 3825 871 ἐπιπο-

2227 912 2502 984 ρεύεσθαι,
2530 913 2715 967 ἄλλοτε
2745 913 2923 976 ἄλλως
2953 916 3033 976 είς
3057 913 3271 983 μορφὰς
3288 912 3383 965 καὶ
3416 912 3560 974 ίδέας
3596 910 3822 980 ἀνθρὼ-

2223 1021 2340 1057 πων
2354 1022 2412 1056 τε
2439 1005 2531 1058 καὶ
2553 1006 2821 1058 παντοίων
2843 1003 2996 1067 ζώων
3024 1004 3543 1075 σχηματιζομένους
3568 1003 3662 1056 καὶ
3689 1002 3823 1055 τού-

2222 1111 2330 1147 των
2346 1094 2668 1165 ὁμωνύμους
2699 1095 2827 1164 παρ⁹
2845 1095 3027 1156 αὐτοῖς
3044 1094 3362 1162 Αἰγυπτίοις
3384 1093 3664 1162 γεγονέναι
3682 1092 3824 1161 θνηο

2219 1184 2345 1248 τοὺς
2374 1184 2709 1255 ἀνθρώπους,
2731 1186 2937 1251 Ἥλιον,
2967 1187 3061 1239 καὶ
3081 1186 3416 1255 Κρόνον,καὶ
3443 1185 3621 1248 Ῥέαν,
3645 1184 3724 1236 ἔτι
3757 1184 3823 1237 δὲ

2223 1278 2317 1330 καὶ
2348 1276 2462 1340 Δία,
2490 1277 2580 1329 καὶ
2603 1277 2799 1348 Ἦραν,
2819 1278 2914 1330 καὶ
2929 1277 3248 1345 Ἥφαιστον,
3281 1276 3375 1330 καὶ
3388 1276 3601 1329 Ἑστίαν
3621 1278 3820 1328 ἐπονο-

2228 1367 2549 1437 μασθέντας.
2578 1368 2783 1439 Γράφει
2808 1368 2864 1420 δὲ
2898 1369 2989 1421 καὶ
3005 1367 3072 1420 τὰ
3098 1386 3161 1420 πε
3170 1368 3224 1439 pl.
3247 1369 3452 1421 τούτων
3477 1366 3821 1438 πλατύτερον

2229 1458 2326 1529 μὲν
2338 1459 2366 1511 ό
2382 1459 2658 1520 Μανεθώς·
2676 1461 2939 1529 ὲπιτετμη
2948 1458 3121 1528 μένως
3132 1458 3187 1511 δὲ
3203 1460 3231 1510 ό
3253 1459 3513 1530 Διόδωρος
3524 1460 3655 1527 ὲντῇ
3674 1474 3818 1527 προ-

2226 1547 2475 1621 λεχθείσῃ
2496 1548 2661 1602 αὑτοῦ
2703 1564 2907 1620 γραφη,
2935 1541 3036 1601 ὧδέ
3070 1563 3187 1611 πως
3211 1546 3438 1618 ίστορῶν
3462 1546 3602 1600 κατά
3646 1546 3813 1609 λέξιν.

546 1658 771 1705 narunt.
803 1650 936 1714 Qum
979 1649 1269 1706 Manetlius
1326 1651 1547 1719 quidem
1602 1649 1786 1703 omnia
1851 1646 2026 1701 fusius
2085 1644 2417 1713 uberiusque
2463 1644 2830 1713 persequitur,
2889 1643 3202 1697 summatim
3258 1657 3388 1697 vero
3436 1639 3705 1697 Diodorus
3758 1642 3818 1696 in

546 1754 635 1807 eo,
673 1740 820 1812 quod
846 1756 1012 1810 supra
1064 1742 1431 1806 laudavimus,
1467 1740 1829 1793 Historiarum
1860 1753 2025 1808 opere
2058 1736 2123 1791 ad
2166 1736 2390 1791 verbum
2419 1734 2493 1789 ita
2520 1734 2953 1805 comprehendit.

1146 1835 1376 1890 CAPUT
1433 1834 1519 1890 l‘ll.

759 1926 837 1980 De
862 1926 1145 1996 allegorica
1184 1926 1560 1997 Egyptiorum
1591 1926 1872 1996 theologia.

629 2033 648 2064 ι
670 2015 974 2087 Utrumque
997 2018 1181 2082 deum,
1208 2018 1411 2084 Solem,
1430 2018 1631 2087 inquit,
1650 2034 1713 2073 ac
1735 2018 1962 2084 Lunam,
1977 2034 2115 2090 quos

547 2105 789 2177 Egyptii
816 2109 1048 2165 Osiridis
1080 2108 1346 2179 lsidisque
1379 2112 1602 2165 nomine
1652 2110 1982 2181 significant,
2019 2125 2115 2165 or—

547 2199 670 2255 bem
704 2200 1021 2255 universum
1055 2216 1243 2270 regere
1267 2217 1331 2256 ac
1358 2202 1651 2267 moderari,
1680 2217 1879 2270 resque
1925 2217 2116 2257 omnes

550 2290 730 2345 tribus
759 2291 1035 2347 distinctis
1058 2293 1185 2346 anni
1215 2292 1626 2362 tempestatibus
1649 2293 1793 2347 alere
1824 2301 1986 2361 atque
2019 2308 2118 2346 au—

545 2398 674 2451 gere
731 2391 1003 2449 statuunt,
1056 2400 1214 2449 vere,
1258 2393 1468 2449 aestate,
1513 2397 1568 2439 et
1615 2385 1813 2451 hieme,
1841 2399 1963 2454 qua:
1990 2400 2119 2440 suas

545 2474 775 2544 singulae
801 2476 1188 2530 conversiones
1220 2485 1499 2546 aspectum
1540 2475 1779 2546 fugiente
1812 2485 1961 2530 motu
1988 2491 2121 2531 con-

544 2564 749 2631 ﬁciant,
775 2581 838 2620 ac
868 2566 1162 2635 plurimum
1189 2567 1329 2622 inter
1349 2582 1470 2623 sese
1500 2577 1694 2622 natura
1747 2567 2075 2623 dissidentes
2101 2609 2117 2635 ,

547 2673 761 2711 summa
796 2667 978 2711 tamen
1014 2666 1068 2712 et
1112 2659 1584 2727 opportunissima
1635 2660 1999 2715 consensione
2038 2660 2120 2713 in-

546 2758 757 2819 tegrum
804 2764 1008 2802 annum
1046 2749 1349 2805 absolvant.
1413 2754 1589 2819 Atque
1655 2750 1849 2805 horum
1894 2751 2117 2806 deorum

546 2836 817 2903 ejusmodi
852 2852 974 2892 esse
1003 2847 1281 2904 naturam,
1314 2854 1438 2909 quae
1490 2840 1723 2895 multum
1777 2841 1843 2895 ad
1875 2841 2122 2895 tribuen-

545 2930 671 2982 dam
708 2929 869 2984 rebus
890 2930 1145 2984 omnibus
1171 2930 1279 2983 vim
1310 2933 1600 2999 generandi
1626 2932 1995 2989 fecundiorem
2028 2950 2122 3004 per

548 3034 671 3076 sese.
697 3021 983 3089 conferat;
1016 3022 1161 3079 Solis
1190 3024 1435 3092 quidem,
1466 3024 1626 3095 igneo
1654 3026 1849 3095 calori,
1879 3043 1944 3082 ac
1966 3027 2123 3097 spiri-

546 3112 665 3176 tui;
692 3108 861 3166 Luna:
890 3127 1041 3177 vero,
1065 3112 1285 3167 humori
1306 3121 1361 3166 et
1384 3113 1649 3180 siccitati;
1691 3116 1981 3185 utriusque
2023 3115 2119 3169 de—

2752 1829 3150 1883 ΚΕΦΑΑΑΙΟΝ
3184 1830 3257 1882 1'".

2219 1921 2361 1989 Περὶ
2404 1920 2513 1989 τῆς
2544 1923 2881 1990 Αἰγυπτίων
2918 1920 3450 1990 ὡὶληπηρουμένης
3479 1921 3812 1990 θεολογνάς.

2296 2036 2315 2067 ί
2342 2015 2573 2078 Τούτους
2603 2014 2710 2084 (Η)
2743 2014 2799 2066 δὲ
2826 2014 2951 2076 τοὺς
2977 2012 3151 2076 θεοὺς,
3178 2012 3269 2065 τὸν
3299 2011 3504 2075 Ἥλιον,
3538 2012 3690 2082 φησὶ,
3720 2014 3820 2065 καὶ

2222 2107 2318 2178 τὴν
2335 2106 2591 2178 Σελήνην,
2620 2107 2834 2175 Ὄσιριν
2861 2104 3020 2167 ὄντας
3043 2105 3161 2156 κατ’
3184 2103 3507 2173 Αίγυπτίους
3537 2104 3632 2157 καὶ
3650 2099 3813 2162 Ἶσιν,

2222 2198 2314 2251 τὸν
2366 2198 2656 2267 σύμπαντα
2703 2195 2905 2265 κόσμον
2955 2194 3210 2259 διοικεῖν,
3258 2193 3556 2265 τρέφοντάς
3606 2210 3665 2247 τε
3721 2194 3817 2247 καὶ

2225 2291 2484 2358 αὔξοντας
2525 2290 2700 2342 πάντα
2742 2289 3060 2359 τριμερέσιν
3101 2287 3292 2357 ὥραις,
3341 2282 3554 2357 ἀοράτῳ
3599 2288 3814 2356 κινήσει

2224 2360 2331 2452 τὴν.
2350 2380 2595 2452 περίοδον
2626 2378 3071 2449 ἀπαρτιζούσαις,
3109 2381 3174 2449 τῇ
3210 2394 3270 2430 τε
3308 2379 3516 2448 ἐαρινῇ,
3548 2377 3640 2429 καὶ
3668 2377 3816 2449 θερι-

2225 2479 2313 2546 νῇ,
2357 2475 2451 2527 καὶ
2479 2476 2778 2544 χειμερινῇ·
2811 2472 3011 2536 ταύτας
3047 2471 3103 2524 δὲ
3135 2470 3533 2541 ἐναντιωτάτην
3556 2469 3813 2540 ἀλλήλαις

2225 2567 2322 2638 τὴν
2365 2565 2524 2636 φύσιν
2567 2565 2797 2635 ἐχούσας
2833 2565 3156 2637 ἀπαρτίζειν
3200 2564 3293 2617 τὸν
3328 2564 3572 2616 ἐνιαυτὸν
3611 2564 3811 2634 ἀρίστῃ

2228 2659 2531 2731 συμφωνίᾳ·
2569 2659 2728 2728 φύσιν
2749 2659 2806 2711 δὲ
2840 2656 3245 2727 συμϐάλλεσθαι
3284 2656 3544 2727 πλείστην
3578 2656 3688 2726 (42)
3730 2658 3809 2718 εἰς

2226 2748 2324 2820 τὴν
2352 2747 2458 2802 τῶν
2486 2748 2742 2801 ἁπάντων
2782 2745 3077 2814 ζωογονίαν
3121 2746 3229 2799 τῶν
3277 2745 3416 2798 θεῶν
3461 2745 3683 2798 τούτων’
3715 2745 3808 2798 τδν

2231 2839 2350 2910 μὲν,
2390 2837 2688 2909 πυρώδους,
2750 2838 2845 2891 καὶ
2888 2836 3225 2907 πνεύματος·
3273 2837 3373 2908 τὴν
3398 2835 3474 2896 δὲ,
3518 2835 3685 2906 ὑγροῦ
3715 2837 3811 2890 καὶ

2228 2929 2415 3000 ξηροῦ’
2447 2932 2599 3000 κοινῇ
2645 2928 2690 2981 δ’
2730 2928 3095 2999 ἀμφοτέρους,
3144 2928 3346 2998 Ἀέροςο
3380 2928 3473 2980 καὶ
3495 2927 3583 2980 διὰ
3609 2926 3812 2980 τούτων

2228 3023 2407 3077 πάντα
2453 3021 2748 3091 γεννᾶσθαι
2801 3021 2897 3074 καὶ
2948 3019 3264 3091 τρέφεσθαι.
3313 3019 3405 3071 Διὸ
3458 3020 3553 3072 καὶ
3608 3018 3672 3071 τὸ
3713 3018 3813 3090 μὲν

2229 3115 2377 3171 ἅπαν
2430 3116 2591 3186 σῶμα
2647 3115 2747 3185 τῆς
2807 3114 2917 3167 τῶν
2954 3114 3093 3169 ὅλων
3139 3114 3356 3181 φύσεως
3386 3110 3449 3177 ἐξ
3486 3113 3668 3167 Ἡλίου
3718 3113 3813 3166 καὶ

545 3215 696 3255 mum
731 3201 1007 3255 communi
1033 3201 1255 3265 virtute,
1295 3200 1445 3258 Aeri.
1477 3200 1685 3257 Horum
1729 3212 1989 3273 praeterea
2035 3201 2122 3257 be-

2228 3209 2460 3280 Σελήνης
2494 3206 2915 3278 ἀπαρτίζεσθαι,
2948 3206 3015 3261 τὰ
3037 3206 3093 3259 δὲ
3116 3206 3321 3261 τούτων
3358 3206 3519 3278 μέρη,
3551 3206 3712 3259 πέντε
3744 3204 3814 3258 τά

545 3292 742 3347 neficio
764 3294 1038 3362 procreari
1066 3310 1129 3349 ac
1150 3295 1387 3363 vegetari
1416 3308 1610 3350 cuncta
1642 3313 1658 3351 :
1688 3295 1921 3365 ideoque
1946 3304 2120 3349 totum

550 3383 718 3452 hujus
746 3383 988 3438 universi
1024 3395 1235 3438 natura:
1263 3400 1464 3453 corpus
1493 3383 1639 3439 Solis
1669 3400 1734 3438 ac
1780 3384 1945 3439 Luna:
1990 3399 2119 3438 con-

546 3476 833 3544 junctione
854 3477 1174 3543 consistere,
1190 3476 1349 3546 cujus
1375 3485 1559 3545 partes
1589 3477 1832 3546 quinque
1862 3477 1968 3531 illae
1991 3476 2121 3543 sint,

552 3581 691 3635 quas
736 3576 861 3621 ante
909 3567 1333 3634 nominavimus,
1376 3567 1635 3635 spiritus,
1688 3568 1849 3637 ignis,
1892 3570 2121 3631 siccum,

551 3657 860 3722 humidum,
893 3666 1276 3727 postremoque
1304 3658 1511 3713 aerium
1536 3677 1549 3713 :
1574 3666 1633 3713 ut
1660 3660 2123 3729 quemadmodum

552 3748 608 3802 in
642 3749 882 3814 homine,
908 3758 1091 3819 caput,
1119 3764 1336 3815 manus,
1360 3750 1617 3819 pedesac
1654 3759 1848 3805 caetera
1878 3751 2123 3804 membra

551 3854 930 3904 numeramus,
967 3842 1043 3895 ila
1071 3840 1232 3909 plane
1266 3840 1535 3911 integrum
1566 3842 1729 3910 hujus
1761 3841 1951 3896 mundi
1997 3856 2122 3895 cor-

548 3944 655 3999 pus
706 3946 771 3984 ex
806 3931 911 3985 illis
939 3931 1185 4001 partibus
1228 3939 1655 4001 coagmentetur.
1687 3929 1806 3984 Jam
1851 3946 2001 3995 vero,
2029 3931 2123 4001 qui

552 4022 803 4077 homines
859 4021 911 4076 in
962 4021 1198 4093 Egypto
1241 4022 1406 4091 plano
1454 4033 1509 4077 et
1556 4022 1848 4077 articulato
1871 4037 2125 4077 sermone

551 4110 826 4181 principes
856 4112 940 4167 usi
971 4111 1196 4178 fuerint,
1232 4127 1328 4167 eos
1355 4113 1591 4181 partium
1628 4112 1845 4166 illarum
1895 4112 2124 4181 quamli-

550 4201 643 4257 bet
673 4202 833 4257 deum
864 4204 1158 4259 arbitratos
1182 4220 1323 4270 esse,
1346 4204 1675 4274 propriaque
1692 4221 1757 4258 ac
1776 4205 2117 4275 singularum

550 4302 760 4350 natura:
786 4297 1128 4352 convenienti
1152 4298 1517 4367 appellatione
1545 4299 1813 4363 donasse;
1843 4313 1909 4352 ac
1954 4297 2121 4367 spiri—

550 4387 664 4433 tum
695 4383 933 4450 quidem,
961 4384 1074 4454 ipsa
1097 4385 1247 4440 vocis
1279 4384 1922 4455 interpretationeJovem
1945 4387 2121 4441 nomi-

554 4487 737 4537 nasse,
773 4475 1030 4544 quiquod
1056 4475 1312 4532 animalis
1342 4477 1638 4542 facultatis,
1676 4494 1799 4547 quae
1823 4478 2123 4533 animantis

2227 3300 2618 3372 προειρημένα,
2673 3298 2735 3351 τὸ
2774 3298 3009 3367 πνεῦμα,
3061 3297 3156 3351 καὶ
3206 3296 3267 3351 τὸ
3330 3296 3463 3368 πῦρ,
3521 3296 3584 3350 τὺ
3625 3296 3810 3369 ξηρὸν,

2227 3390 2306 3444 ἔτι
2367 3391 2426 3444 δὲ
2477 3390 2539 3443 τὸ
2604 3390 2789 3460 ὑγρὸν,
2839 3391 2935 3442 καὶ
2980 3388 3043 3442 τὸ
3088 3388 3394 3442 τελευταῖον
3444 3388 3504 3442 τὸ
3551 3389 3809 3459 ἀερῶδεςο

2227 3480 2416 3550 ὥσπερ
2453 3481 2540 3532 ἐπ’
2586 3478 2874 3551 ἀνθρώπου
2912 3478 3155 3549 κεφαλὴν
3204 3479 3298 3532 καὶ
3345 3479 3535 3548 χεῖρας
3569 3478 3662 3530 καὶ
3710 3477 3811 3529 πό-

2229 3571 2347 3634 δας,
2403 3571 2498 3623 καὶ
2541 3569 2610 3622 τὰ
2642 3570 2775 3624 ἀλλα
2810 3569 2950 3639 μέρη
2984 3569 3487 3643 καταριθμούμενα,
3517 3568 3608 3620 τὸν
3649 3568 3813 3622 αὐτὸν

2235 3662 2440 3733 τρόπον
2470 3661 2532 3712 τὸ
2562 3660 2721 3732 σῶμα
2746 3661 2839 3713 τοῦ
2882 3662 3085 3732 κόσμου
3118 3659 3435 3730 συγκεῖσθαι
3467 3662 3574 3713 πᾶν
3607 3660 3671 3712 ὲκ
3702 3659 3813 3712 τῶν

2231 3751 2664 3824 προειρημένων.
2704 3752 2920 3804 Τούτων
2951 3753 2996 3806 δ’
3028 3752 3260 3805 ἕκαστον
3293 3752 3417 3804 θεὸν
3455 3750 3810 3821 νομίσαι,καὶ

2233 3841 2600 3913 προσηγορίαν
2642 3842 2777 3894 ίδίαν
2830 3842 3044 3914 ἑκάστῳ
3086 3841 3256 3895 θεῖναι
3311 3841 3451 3896 κατά
3496 3841 3558 3894 τὸ
3593 3842 3809 3901 οἰκεῖον,

2225 3934 2353 3997 τοὺς
2396 3932 2643 4003 πρώτους
2691 3932 2957 4004 διαλέκτῳ
3011 3933 3389 4006 χρησαμένους
3431 3931 3814 4004 διηρθρωμένῃ

2226 4023 2333 4077 τῶν
2364 4027 2482 4078 κατ’
2522 4024 2797 4093 Αἴγυπτον
2845 4024 3168 4096 ἀνθρώπων.
3198 4024 3271 4077 Τὸ
3332 4023 3430 4095 μὲν
3473 4020 3566 4077 οὖν
3597 4020 3814 4090 πνεῦμα

2228 4115 2325 4167 Δία
2382 4116 2841 4187 προσαγορεῦσαι,
2870 4115 3416 4187 μεθερμηνευομένης
3453 4113 3553 4183 τῆς
3591 4111 3813 4173 λέξεως

2229 4206 2310 4270 ὃν,
2362 4206 2531 4260 αἴτιον
2574 4207 2703 4260 ὄντα
2747 4202 2840 4261 τοῦ
2890 4207 3123 4279 ψυχικοῦ
3167 4209 3279 4269 τοῖς
3323 4203 3500 4269 ζώοις,
3558 4202 3816 4269 ἐνόμισαν

2230 4299 2492 4371 ὑπάρχειν
2524 4300 2740 4354 πάντων
2777 4302 2938 4354 οἱονεί
2968 4318 3092 4354 τινα
3127 4297 3358 4369 πατέρα.
3406 4294 3722 4365 Συμφωνεῖν
3757 4290 3815 4343 δὲ

2227 4389 2436 4453 τούτοις
2483 4390 2612 4458 φασὶ
2653 4390 2748 4444 καί⁵
2790 4390 2881 4444 τὸν
2934 4389 3360 4459 ἐπιφανέστατον
3409 4384 3539 4453 παρ’
3590 4380 3814 4451 Ἕλλησι

2233 4480 2472 4552 ποιητῶν
2496 4482 2590 4534 ἐπὶ
2614 4481 2707 4535 τοῦ
2736 4481 2858 4535 θεοῦ
2890 4481 3048 4535 τοῦτο
3069 4480 3316 4548 λέγοντα·

552 4566 714 4629 inest,
757 4576 949 4621 auctor
981 4576 1144 4631 esset,
1176 4569 1428 4623 eumdem
1473 4569 1675 4623 idcirco
1702 4584 1883 4622 rerum
1901 4569 2450 4639 omniumquemdam
2470 4572 2625 4640 quasi
2651 4580 2929 4641 parentem
2946 4584 3067 4625 esse
3082 4574 3444 4638 putaverunt;
3481 4563 3568 4618 cui
3599 4571 3789 4618 senten

551 4658 642 4713 tiae
665 4656 998 4728 _Gra:corum
1043 4660 1204 4714 etiam
1252 4669 1534 4728 poetarum
1576 4660 1735 4730 longe
1771 4660 2139 4716 clarissimum
2187 4662 2474 4734 suil‘ragari
2509 4662 2683 4728 aiunt,
2731 4677 2856 4717 cum
2911 4661 2977 4716 de
3026 4661 3131 4714 hoc
3171 4659 3396 4713 numine
3426 4658 3499 4711 ita
3528 4657 3813 4726 loquitur;

896 4748 1096 4805 Parens
1122 4752 1485 4820 hominumque
1506 4751 1778 4820 deumque.

556 4838 740 4917 Ignem
768 4846 949 4894 autem
975 4840 1140 4893 simili
1167 4839 1407 4894 nominis
1435 4840 1791 4907 explicatione
1825 4839 2129 4895 Vulcanum

554 4931 879 5000 appellasse,
912 4931 1057 5001 quod
1085 4930 1198 5001 89
1228 4932 1403 5000 ipsum
1433 4946 1690 5000 magnum
1741 4931 1975 4999 aliquem
2012 4947 2132 4988 esse

560 5023 746 5089 deum,
778 5038 1075 5094 rerumque
1105 5024 1351 5078 omnium
1384 5022 1787 5092 generationem
1834 5039 1897 5077 ac
1919 5024 2131 5091 justum

559 5113 965 5185 perfectumque
999 5117 1394 5171 incrementum
1442 5116 1735 5186 plurimum
1766 5117 1960 5186 juvare
1982 5117 2131 5173 exis-

562 5204 837 5259 timarent.
866 5206 1133 5262 Praeterea
1201 5218 1425 5275 terram,
1450 5209 1598 5277 quod
1630 5222 1747 5261 eam
1793 5222 1973 5261 rerum
2004 5223 2133 5262 nas-

563 5295 801 5349 centium
833 5299 1110 5367 quoddam
1147 5301 1305 5369 quasi
1339 5316 1433 5355 vas
1459 5310 1512 5356 et
1536 5300 1987 5369 conceptaculum
2011 5316 2133 5356 esse

561 5394 874 5451 censerent,
896 5388 1125 5442 Matrem
1154 5405 1399 5453 vocasse,
1426 5407 1587 5461 quam
1624 5391 1724 5460 ipsi
1750 5405 1971 5460 quoque
1997 5390 2138 5446 Grae-

564 5471 616 5526 ci
646 5471 911 5545 Δήμητρα
945 5476 1071 5545 (hoc
1104 5488 1189 5532 cst
1226 5477 1506 5549 Cererem)
1551 5496 1865 5551 nuncupare
1904 5481 2135 5546 soleant,

569 5563 732 5632 idque
767 5564 871 5618 levi
902 5574 1111 5623 tantum
1137 5571 1321 5641 aliqua
1358 5574 1559 5641 prioris
1588 5573 1968 5644 appellationis
2020 5589 2140 5627 mu-

634 5673 748 5743 (Η)
794 5678 1065 5757 (aurove.
1110 5678 1395 5757 Diodorns_
1425 5682 1643 5741 Siculus
1689 5685 1779 5740 lib.
1817 5700 1855 5753 l,
1887 5697 2008 5756 ρης.
2046 5684 2133 5751 Ην

568 5758 717 5800 novae
752 5749 909 5815 edit.,
944 5750 1177 5821 antiqua‘
1214 5768 1339 5808 vero
1367 5753 1415 5807 7.

2443 4754 2647 4824 Πατὴρ
2674 4752 2911 4821 ἀνδρῶν
2942 4769 3005 4805 τε
3032 4749 3183 4805 θεῶν
3214 4766 3299 4805 τε.

2239 4846 2312 4899 Τὸ
2376 4847 2435 4900 δὲ
2490 4846 2601 4919 πῦρ
2678 4844 3250 4917 μεθερμηνευόμενον,
3324 4843 3626 4912 Ἥφαιστον
3695 4839 3820 4892 όνο·

2243 4940 2431 5009 μάσαι,
2458 4939 2786 5009 νομίσαντας
2820 4936 2993 5006 μέγαν
3025 4930 3163 4988 εἶναι
3196 4934 3316 4987 θεὸν
3352 4935 3445 4987 καὶ
3477 4928 3647 4985 πολλά
3680 4945 3819 4999 συμα

2239 5028 2526 5083 ϐάλλεσθαι
2570 5030 2737 5082 πᾶσιν
2783 5030 2864 5090 είς
2909 5027 3123 5096 γένεσιν
3172 5026 3266 5080 καὶ
3308 5024 3519 5079 τελείαν
3568 5022 3817 5093 αὔξησιν.

2239 5121 2349 5192 Τὴν
2380 5121 2438 5174 δὲ
2479 5119 2603 5191 γῆν,
2644 5119 2833 5191 ὥσπερ
2862 5120 3081 5189 ἀγγεῖόν
3118 5135 3171 5172 τι
3210 5118 3317 5171 τῶν
3361 5116 3645 5187 φυομένων
3688 5116 3820 5167 ὐπο-

2242 5211 2637 5282 lauﬁdvov-rac,
2655 5210 2879 5283 Μητέρα
2915 5210 3374 5282 προσαγορεῦσαι·
3403 5209 3499 5263 καὶ
3530 5208 3657 5270 τοὺς
3689 5204 3819 5258 Ἔλ-

2241 5304 2408 5374 ληνας
2451 5304 2507 5357 δὲ
2561 5302 2763 5373 ταύτην
2815 5304 3208 5374 παραπλησίως
3265 5305 3558 5374 Δήμητραν
3610 5298 3817 5362 καλεῖν,

2242 5396 2414 5466 βραχὺ
2464 5395 2851 5466 μετατεθείσης
2882 5395 2969 5449 διὰ
3008 5397 3099 5450 τὸν
3132 5396 3321 5467 χῴνον
3368 5396 3467 5466 τῆς
3507 5393 3723 5459 λέξεως·
3757 5391 3817 5445 τὸ

2237 5488 2347 5560 γὰρ
2380 5488 2607 5541 παλαιὸν
2638 5488 2997 5560 ὀνομάζεσθαι
3031 5490 3131 5559 τὴν
3164 5490 3265 5560 γῆν
3301 5490 3535 5560 μητέρα,
3569 5484 3818 5554 καθάπερ

2238 5579 2331 5630 καὶ
2357 5577 2446 5630 τὸν
2487 5579 2689 5651 Ὀρφέα
2713 5582 3151 5651 προσμαρτυρεῖν
3180 5578 3424 5647 λέγοντα·

2319 5687 2427 5755 (42)
2469 5689 2792 5758 Πλείστητκ
2835 5692 2983 5746 Alter
3034 5699 3103 5748 ex
3141 5705 3274 5746 mss.
3330 5687 3580 5749 πλεῖστα,
3634 5692 3818 5749 rtcteo

2244 5773 2368 5815 meo
2385 5758 2612 5829 judicio.
