4156 6416
342 316 450 371 Ιῦὕ

1548 309 1868 367 ΡΠᾺΕΡΑΒ.
1914 310 2169 370 EVANG.
2212 313 2341 369 LIB.
2383 313 2472 369 lli.

3523 312 3624 371 1ῦό

344 432 577 495 tatione,
630 446 754 486 cum
800 430 1048 485 eamdem
1094 428 1231 485 olim
1283 429 1391 501 Γῆν
1443 428 1672 500 Μητέρα
1697 428 1924 483 Terram
1964 428 2197 485 Matrem
2224 432 2596 496 nominarent,
2628 439 2686 485 ut
2716 432 2945 501 ipsemet
3006 429 3261 501 Orpheus
3294 431 3401 485 hoc
3460 445 3623 487 versu

344 530 606 576 testatum
640 522 895 591 reliquit:

415 615 509 684 Γῆ
529 615 728 685 μήτηρ
750 614 1013 683 πάντων,
1041 617 1319 688 Δημήτηρ
1354 617 1837 686 πλουτοδότειρα.

341 747 421 803 Τδ
447 748 493 803 δ’
528 749 696 821 ὑγρὸν
738 749 1003 821 ὀνομάσαι
1037 749 1258 818 λέγουσι
1286 750 1412 813 τοὺς
1442 749 1707 813 παλαιοὺς
1751 750 1940 804 Ὠκεα-

339 841 455 896 νόνσ
497 842 526 895 ὃ
571 842 1109 915 μεθερμηνευόμενον
1154 842 1253 913 μὲν
1289 837 1429 896 εἴναι
1465 843 1674 915 τροφῆς
1698 842 1807 911 (45)
1837 859 1940 914 μη-

342 934 499 1007 τέρα·
531 936 661 1005 παρ’
684 934 847 998 ἐνίοις
868 934 925 987 δὲ
947 934 1056 987 τῶν
1096 934 1364 1005 Ἐλλήνων
1401 934 1651 988 Ὠκεανὸν
1674 936 1940 1007 ὑπάρχειν

340 1023 693 1096 ὑπειλῆφθαι·
722 1026 850 1096 περὶ
877 1017 938 1077 οὗ
972 1025 1067 1079 καὶ
1097 1022 1190 1077 τὸν
1220 1024 1452 1096 ποιητὴν
1483 1025 1687 1095 λέγειν’

431 1265 716 1319 Ὠκεανόν
744 1282 809 1319 τε
847 1265 999 1321 θεῶν
1026 1263 1269 1336 γένεσιν
1315 1265 1413 1319 καί
1457 1264 1688 1335 μητέρα
1721 1268 1933 1335 Τηθύνο

346 1380 398 1433 οἱ
449 1378 560 1451 γὰρ
607 1378 895 1448 Αἰγύπτιοι
965 1379 1274 1451 νομίζουσιν
1337 1380 1589 1434 Ὠκεανὸν
1645 1376 1784 1435 εἶναι
1848 1382 1939 1435 τὸν

347 1473 481 1543 παρ’
508 1473 692 1535 αὐτοῖς
715 1473 958 1543 ποταμὸν
981 1472 1195 1536 Νεῖλον,
1224 1471 1363 1544 πρὸς
1383 1465 1426 1539 ᾧ
1451 1453 1561 1542 (Αἶά)
1590 1472 1686 1525 καὶ
1708 1471 1808 1536 τὰς
1831 1473 1939 1525 τῶν

345 1561 490 1617 θεῶν
517 1564 766 1633 γενέσεις
804 1564 1062 1636 ὑπάρξαι.
1099 1565 1213 1635 Τῆς
1253 1563 1365 1637 γὰρ
1401 1565 1582 1635 πάσης
1616 1564 1941 1635 οἰκουμένης

349 1654 495 1708 κατὰ
527 1654 696 1726 μόνην
728 1656 828 1727 τὴν
865 1656 1141 1725 Αἴγυπτον
1178 1651 1318 1710 εἶναι
1359 1656 1545 1720 πόλεις
1586 1656 1786 1721 πολλὰς
1836 1658 1941 1711 ὑπὸ

352 1745 463 1800 τῶν
499 1746 756 1817 ςὰρχαίων
802 1746 941 1800 θεῶν
982 1748 1330 1819 ἐκτισμένας·
1374 1743 1485 1802 οἷον
1533 1749 1675 1812 Διὸς,
1735 1748 1939 1813 Ἠλίου,

362 1838 585 1912 Ἑρμοῦ,
624 1838 976 1903 τΑπόλλωνος,
1004 1839 1202 1902 Πανὸς,
1227 1838 1541 1910 Εἰληθυίας,
1563 1840 1739 1893 ἄλλων
1759 1840 1942 1894 πλειό-

348 1946 480 1985 νων.
528 1931 632 1983 Τὸν
674 1931 732 1984 δέ
812 1930 947 2001 ἀέρα
992 1929 1437 2002 προσαγορεῦσαί
1479 1947 1642 1999 φασιν
1688 1931 1941 2002 Ἀθηνᾶν,
1976 1962 2017 2018 Β

362 2020 916 2092 μεθερμηνευομένης
936 2020 1037 2090 τῆς
1062 2018 1281 2085 λέξεως,
1309 2022 1406 2075 καὶ
1436 2022 1559 2087 Διὸς
1584 2021 1855 2095 θυγατέρα
1879 2041 1943 2093 γε

351 2112 576 2183 νομίσαι
610 2110 841 2182 ταύτην,
869 2112 964 2164 καὶ
996 2110 1267 2183 παρθένον
1301 2112 1735 2185 ὑποστήσασθαι,
1769 2115 1859 2169 διά
1884 2131 1944 2169 τε

348 2203 416 2257 τὸ
447 2203 684 2275 ἄφθορον
715 2199 856 2256 εἶναι
894 2203 1055 2273 φύσει
1084 2204 1177 2257 τὸν
1213 2204 1372 2276 ἀέρα,
1402 2205 1611 2260 καὶτὸν
1643 2206 1943 2279 ἀκρότατον

353 2295 575 2366 ἐπέχειν
599 2292 694 2348 τοῦ
723 2294 1044 2365 σύμπαντος
1077 2295 1283 2366 κόσμου
1315 2296 1499 2350 τόπον⁸
1533 2297 1723 2370 διόπερ
1754 2300 1820 2351 ἐκ
1844 2299 1944 2370 τῆς

355 2385 604 2457 κορυφῆς
647 2384 743 2439 τοῦ
790 2386 911 2449 Διὸς
956 2385 1393 2457 μυθολογηθῆναι
1433 2388 1687 2456 γενέσθαι
1714 2390 1938 2463 ταύτην.

370 2476 693 2549 Ὠνομάσθαι
721 2478 779 2531 δὲ
817 2478 989 2549 αὐτὴν
1017 2481 1112 2534 καί¹
1140 2481 1519 2552 Τριτογένειαν
1555 2482 1687 2555 (45),
1715 2485 1821 2538 ἀπὸ
1845 2485 1940 2539 τοῦ

352 2571 475 2641 τρὶς
503 2570 860 2640 μεταϐάλλειν
880 2570 980 2643 τὴν
1003 2572 1166 2642 φύσιν
1193 2574 1368 2646 αὑτῆς
1400 2577 1522 2629 κατ’
1551 2578 1815 2644 ἐνιαυτὸν,
1845 2579 1940 2632 ἐα-

355 2676 466 2730 ρος,
512 2659 723 2733 θέρους,
766 2662 860 2715 καὶ
894 2663 1184 2735 χειμῶνος.
1228 2666 1495 2735 Δέγεσθαι
1536 2668 1594 2722 δέ
1635 2669 1807 2742 αὐτὴν
1846 2671 1942 2725 καὶ

350 2752 699 2816 Γλαυκῶπιν,
727 2756 827 2825 οὐχ
852 2754 1041 2827 ὥσπερ
1073 2755 1204 2809 ένιοι
1228 2756 1339 2810 τῶν
1375 2758 1642 2830 Ἑλλήνων
1672 2761 1942 2817 ὑπέλαϐον

350 2845 465 2900 ἀπὸ
490 2847 586 2901 τοῦ
622 2849 750 2912 τοὺς
784 2846 1098 2927 ὀφθαλμοὺς
1139 2849 1236 2902 καὶ
1266 2849 1537 2918 γλαυκοὺς
1566 2851 1713 2922 ἔχειν
1735 2870 1749 2883 ·
1783 2854 1943 2908 τοῦτο

354 2937 453 3008 μὲν
487 2941 598 3010 γὰρ
634 2938 827 3012 εὔηθες
864 2939 1165 3011 ὑπάρχειν·
1208 2940 1344 2994 ἀλλὰ
1385 2941 1494 2995 ἀπὸ
1538 2943 1632 2996 τοῦ
1672 2944 1764 2998 τὸν
1805 2946 1943 3017 ἀέρα

349 3029 450 3099 τὴν
501 3030 768 3102 πρόσοψιν
810 3030 956 3101 ἔχειν
1002 3031 1323 3101 ἔγγλαυκον.
1368 3033 1507 3087 Φασὶ
1529 3033 1586 3086 δὲ
1614 3036 1742 3099 τοὺς
1781 3036 1942 3090 πέντε

350 3118 509 3184 θεοὺς
567 3122 693 3185 τοὺς
754 3121 1189 3193 προειρημένους
1238 3121 1337 3193 τὴν
1387 3125 1566 3178 πᾶσαν
1617 3127 1943 3199 οἰκουμένην

349 3211 799 3283 ἐπιπορεύεσθαι,
828 3212 1268 3283 φανταζομένους
1298 3217 1413 3277 τοῖς
1434 3216 1741 3287 ἀνθρώποις
1774 3220 1833 3272 ἐν
1866 3220 1941 3273 ἰε-

1961 622 2011 680 Α
2042 615 2237 670 Rerum
2275 613 2441 668 Terra
2483 630 2696 685 parens,
2744 612 2920 667 Mater
2958 611 3114 668 Ceres
3150 612 3294 665 alma
3341 612 3620 671 bonorum.

2044 728 2336 783 Humidum
2370 736 2550 783 autem
2609 726 2885 783 Oceanum
2935 741 2965 780 a
3011 727 3289 783 veteribus
3337 741 3626 798 nuncupa-

2040 827 2155 874 tum
2186 833 2309 874 esse
2357 818 2601 883 tradunt,
2648 832 2881 888 eamque
2910 832 3122 880 vocem,
3169 819 3217 873 si
3266 818 3621 888 interpretari

2039 912 2195 976 velis,
2227 909 2475 965 alimenti
2505 919 2736 964 matrem
2765 908 3102 979 signiﬁcare,
3124 908 3457 980 Graecosque
3487 923 3624 963 non-

2042 1003 2220 1057 nullos
2251 1002 2385 1056 illud
2414 1004 2593 1072 ipsum
2625 999 2829 1056 Oceani
2857 1016 3060 1056 nomen
3091 1002 3345 1057 eumdem
3396 1002 3451 1055 in
3499 1015 3624 1055 sen-

2043 1111 2165 1152 sum
2197 1109 2494 1165 usurpasse
2518 1094 2891 1161 arhitrantur;
2924 1093 2993 1148 de
3014 1107 3125 1162 quo
3162 1092 3326 1148 etiam
3358 1093 3431 1147 ita
3469 1102 3623 1148 vates

2044 1189 2301 1245 cecinerit

2043 1229 2419 1348 Oceanum’que
2465 1278 2684 1333 deorum
2728 1287 2926 1344 ortum,
2978 1275 3285 1346 Tethynque
3326 1283 3619 1345 parentem.

2044 1382 2252 1454 Quippe
2278 1384 2423 1438 enim
2450 1382 2689 1454 Egyptii
2717 1382 2991 1439 Oceanum
3011 1380 3188 1436 Nilum
3212 1381 3434 1435 ﬂuvium
3460 1396 3624 1436 suum

2043 1491 2165 1532 esse
2189 1483 2403 1546 putant,
2434 1474 2522 1530 cui
2557 1476 2782 1553 deorum
2816 1488 3037 1544 quoque
3074 1473 3452 1544 generationes
3483 1471 3624 1527 assi-

2047 1574 2236 1640 gnant.
2288 1565 2419 1619 Nam
2472 1581 2540 1619 ex
2592 1566 2847 1621 omnibus
2905 1576 3174 1620 terrarum
3227 1565 3476 1635 partibus
3523 1580 3626 1633 op—

2044 1661 2167 1732 pida
2208 1660 2265 1715 in
2306 1674 2416 1714 una
2452 1658 2691 1730 Egypto
2714 1658 2784 1713 ab
2815 1656 3059 1727 antiquis
3102 1656 3210 1711 diis
3230 1653 3448 1711 condita
3502 1668 3625 1708 esse

2043 1753 2303 1823 plurima,
2355 1751 2668 1821 cuiusmodi
2716 1759 2866 1815 sunt,
2915 1747 3089 1814 lovis,
3122 1747 3302 1811 Solis,
3342 1745 3622 1807 Mercurii,

2042 1844 2349 1913 Apollinis,
2405 1841 2612 1907 Panis,
2653 1840 2917 1904 Lucinae,
2989 1841 3334 1908 aliorumque
3382 1836 3625 1907 complu-

2044 1933 2213 1988 rium.
2265 1931 2422 1999 Quod
2495 1945 2677 1987 aerem
2735 1938 2965 2000 spectat,
3017 1930 3169 1984 illum
3206 1928 3277 1983 ab
3312 1927 3535 1993 iisdem,
3567 1926 3623 1979 vi

2048 2025 2288 2080 nominis
2321 2024 2774 2093 interpretatione
2788 2022 3086 2087 declarata,
3113 2018 3409 2074 Minervam
3446 2018 3625 2088 appel-

2044 2115 2242 2179 latum,
2279 2115 2423 2168 hanc
2469 2127 2601 2167 vero
2628 2110 2784 2167 Iovis
2830 2111 3021 2171 ﬁliam.
3049 2110 3325 2180 simulque
3351 2108 3622 2179 virginem

2044 2206 2286 2261 habitam
2321 2204 2493 2259 fuisse
2522 2205 2709 2258 dicunt
2740 2221 2755 2269 ;
2784 2201 2933 2272 quod
2989 2215 3083 2256 aer
3112 2215 3214 2256 nec
3239 2199 3407 2255 ullam
3430 2207 3624 2268 suapte

2042 2309 2243 2355 natura
2276 2298 2689 2369 corruptionem
2725 2296 2950 2359 subeat,
2994 2301 3051 2350 et
3093 2307 3404 2364 supremam
3457 2292 3625 2347 totius

2042 2390 2236 2445 mundi
2274 2389 2461 2446 sedem
2508 2403 2574 2443 ac
2616 2387 2901 2456 regionem
2952 2385 3196 2440 obtineat
3232 2393 3437 2455 :atque
3482 2383 3628 2438 hanc

2042 2481 2216 2537 fuisse
2265 2495 2513 2546 causam,
2542 2494 2642 2535 cur
2676 2477 2919 2533 Minerva
2964 2475 3117 2532 lovis
3160 2492 3227 2532 ex
3262 2476 3466 2531 vertice
3496 2484 3626 2531 nata

2041 2574 2357 2646 ﬁngeretur.
2387 2572 2652 2629 Eamdem
2701 2586 2869 2642 porro
2917 2569 3297 2642 Τριτογένειαν
3329 2567 3492 2638 quasi
3542 2575 3628 2621 ter

2042 2667 2280 2738 genitam
2314 2666 2481 2736 vulgo
2508 2663 2808 2727 nominari,
2848 2662 2996 2733 quod
3038 2669 3121 2716 ter
3152 2661 3387 2732 singulis
3434 2659 3618 2722 annis,

2041 2775 2208 2827 vere,
2270 2767 2493 2822 testate,
2541 2766 2596 2812 et
2659 2757 2853 2826 hyeme
2914 2752 3056 2810 aeris
3104 2763 3300 2808 natura
3346 2761 3623 2817 mutetur;

2040 2852 2364 2924 γλαυκῶπιν
2411 2865 2562 2915 vero,
2618 2863 2727 2902 non
2780 2847 2953 2923 quod.
2982 2845 3163 2901 caesiis
3195 2844 3370 2899 oculis
3398 2844 3625 2913 praedita

2042 2955 2209 3011 esset,
2240 2956 2301 3001 ut
2332 2944 2650 3000 Grzecorum
2685 2939 2856 3009 aliqui
2885 2947 3178 3009 putavere;
3208 2937 3262 2992 id
3293 2937 3441 2993 enim
3471 2950 3625 2990 cras-

2044 3054 2120 3094 sae
2138 3038 2368 3093 nimium
2394 3034 2762 3104 simplicitatis
2776 3044 2937 3096 esse;
2971 3028 3065 3085 sed
3097 3027 3245 3098 quod
3283 3042 3376 3082 aer
3401 3025 3625 3081 cmsinm

2041 3128 2203 3199 plane
2241 3141 2307 3181 ac
2358 3125 2652 3179 caeruleum
2702 3121 2946 3176 colorem
3001 3117 3374 3189 spectantibus
3424 3131 3534 3186 pne
3567 3132 3626 3171 se

2044 3214 2188 3270 ferre
2229 3213 2501 3268 videatur.
2549 3210 2661 3266 [los
2710 3210 2873 3279 igitur
2919 3210 3164 3278 quinque
3217 3208 3351 3263 deos
3396 3205 3625 3261 Terram

350 3301 463 3372 ρῶν
509 3301 665 3367 ζώων
712 3306 969 3375 μορφαῖς,
1017 3303 1208 3357 ἔστιδ’
1241 3305 1329 3358 ὅτε
1373 3306 1466 3358 καὶ
1516 3307 1596 3370 εἰς
1637 3307 1940 3379 ἀνθρώπων

2044 3308 2200 3362 aiunt
2230 3306 2466 3360 lustrare
2506 3302 2844 3367 universam,
2873 3301 3303 3370 hominibusque
3334 3300 3500 3355 modo
3533 3314 3624 3354 εει-ι

352 3392 516 3457 ἰδέας,
557 3395 593 3465 ἦ
620 3411 781 3449 τινων
813 3394 988 3449 ἄλλων
1026 3394 1480 3466 μεταϐάλλοντας·
1524 3399 1618 3453 καὶ
1663 3400 1823 3454 τοῦτο
1861 3403 1936 3475 μὴ

353 3484 596 3555 μυθῶδες
636 3485 923 3558 ὑπάρχειν,
965 3486 1101 3541 ἀλλὰ
1145 3487 1390 3552 δυνατὸν,
1432 3487 1591 3561 εἰπερ
1623 3482 1771 3543 οὗτοι
1799 3492 1938 3563 πρὸς

347 3576 609 3649 ἀλήθειάν
640 3580 779 3632 εἰσιν
811 3580 859 3632 οἱ
893 3578 1071 3632 πάντα
1094 3578 1412 3647 γεννῶντες.
1438 3580 1550 3633 Καὶ
1577 3580 1671 3634 τὸν
1705 3584 1936 3655 ποιητὴν

347 3666 397 3719 δ’
429 3668 509 3730 εἰς
536 3667 811 3736 Αἴγυπτον
841 3668 1246 3739 παραϐαλόντα,
1279 3671 1374 3723 καὶ
1412 3669 1749 3741 μετασχόντα
1783 3672 1936 3743 παρὰ

349 3757 461 3813 τῶν
501 3760 691 3829 ἱερέων
734 3759 846 3815 τῶν
887 3760 1144 3815 τοιούτων
1183 3761 1378 3831 λόγων,
1426 3761 1600 3816 θεῖναί
1645 3780 1747 3818 που
1791 3763 1934 3818 κατὰ

349 3851 570 3925 ποίησιν
601 3854 663 3907 τὸ
691 3856 1109 3928 προειρημένον,
1138 3857 1215 3921 ὡς
1240 3858 1545 3929 γινόμενον·

2043 3412 2260 3453 orarum
2297 3394 2660 3450 animantium
2689 3393 2885 3460 ﬁgura,
2916 3393 3082 3448 modo
3110 3393 3397 3448 hominum
3430 3391 3583 3445 vultu
3608 3434 3622 3457 ,

2034 3488 2200 3543 modo
2225 3488 2332 3542 alia
2360 3487 2596 3556 quadam
2621 3486 2804 3556 specie
2830 3494 3001 3541 tectos
3017 3500 3139 3541 sese
3161 3482 3424 3539 videndos
3455 3483 3628 3537 inter-

2031 3580 2161 3635 dum
2193 3581 2454 3649 praabere.
2486 3578 2664 3648 Atque
2687 3578 2740 3631 id
2770 3592 3114 3647 nequaquam
3144 3574 3453 3630 fabulosum
3481 3588 3625 3637 esse,

2032 3671 2128 3727 sed
2148 3671 2372 3726 omnino
2392 3668 2504 3723 ﬁeri
2528 3683 2689 3739 posse
2710 3667 3058 3731 conﬁrmant,
3076 3682 3200 3724 cum
3223 3666 3443 3731 illisint,
3462 3680 3491 3719 a
3512 3664 3628 3734 qui-

2031 3764 2134 3819 bus
2161 3763 2344 3817 omnia
2365 3777 2557 3833 reapse
2585 3770 2965 3833 procreentur;
2992 3760 3236 3830 adeoque
3260 3767 3471 3828 poetam
3497 3772 3625 3812 cum

2042 3862 2096 3917 in
2121 3861 2416 3932 Egyptum
2457 3860 2779 3931 appulisset,
2800 3859 2911 3930 90
2940 3875 3005 3914 ac
3033 3873 3316 3913 sermones
3353 3854 3622 3926 ejusmodi

347 3963 476 4003 cum
503 3963 571 4003 eo
594 3949 905 4006 sacerdotes
936 3952 1461 4019 communicassent,
1496 3954 1654 4024 quasi
1682 3971 1796 4010 rem
1831 3956 1948 4012 ﬁeri
1981 3957 2198 4014 solitam
2233 3957 2470 4027 quodam
2502 3971 2616 4011 suae
2661 3969 2889 4026 poeseos
2927 3956 3049 4010 loco
3088 3954 3162 4009 ita
3195 3953 3525 4018 celebrasse,

422 4042 534 4124 ΙΣαί
560 4059 624 4096 τε
628 4041 753 4124 μϐ)
774 4044 903 4124 θεοί
928 4043 1220 4124 ξείνοιρνιν
1237 4046 1499 4124 ἐοικότες
1515 4050 1938 4124 ἀλλοδαποῖσι,

424 4114 704 4189 [ζαντοῖοι
734 4114 1077 4189 τελέθοντες
1102 4114 1521 4189 ἐπιστρωφῶονι
1550 4121 1786 4189 πόληας

435 4181 798 4252 Ἀνθρώπων,
840 4184 1012 4254 ὓϐριν
1043 4181 1107 4240 τε
1141 4187 1237 4241 καί
1271 4181 1558 4259 ὲύνῖομίην
1589 4181 1937 4260 ἐφορῶντες.

347 4296 489 4367 Περί⁵
519 4297 620 4369 μὲν
645 4293 740 4352 οὖν
765 4298 873 4353 τῶν
901 4303 958 4354 ἐν
980 4300 1198 4372 οὐρανῶ
1218 4300 1374 4366 θεῶν,
1410 4304 1505 4357 καὶ
1535 4305 1747 4375 γένεσιν
1773 4309 1940 4363 ἀΐδιον

349 4390 664 4461 ἐσχηκότων
707 4391 945 4445 τοσαῦτα
982 4391 1233 4461 λέγουσιν
1263 4392 1571 4463 Αἰγύπτιοι.
1618 4397 1844 4461 Ἄλλους
1881 4398 1939 4452 δὲ

348 4483 417 4535 ἐκ
438 4480 643 4535 τούτων
670 4482 948 4551 ἐπιγείους
972 4483 1226 4552 γενέσθαι
1252 4486 1435 4555 φασὶν,
1461 4487 1810 4559 ὑπάρξαντας
1836 4491 1938 4561 μὲν

352 4572 605 4646 θνητοὺς,
638 4573 727 4628 διὰ
771 4574 829 4628 δὲ
871 4575 1086 4629 σύνεσιν
1113 4576 1208 4630 καὶ
1235 4577 1419 4649 κοινὴν
1450 4579 1752 4650 ἀνθρώπων
1784 4582 1939 4652 εὐερ-

348 4665 542 4735 γεσίαν
573 4666 894 4736 τετευχότας
924 4666 1022 4738 τῆς
1052 4666 1370 4733 ἀθανασίας,
1398 4663 1472 4723 ὧν
1501 4671 1676 4735 ἐνίους
1713 4674 1808 4725 καὶ
1839 4672 1936 4743 βα-

2149 4053 2289 4117 Quin
2315 4053 2477 4106 etiam
2511 4051 2780 4105 interdum
2806 4053 3078 4121 peregrino
3108 4050 3330 4104 numina
3350 4049 3518 4114 cultu,

2152 4122 2302 4176 Mille
2341 4123 2488 4176 novis
2528 4122 2757 4174 lustrare
2790 4120 2958 4174 solent
2986 4131 3170 4174 nostra
3195 4121 3389 4188 oppida
3413 4120 3622 4187 formis,

2145 4192 2358 4263 Fasque
2383 4192 2636 4263 nefasque
2660 4193 2823 4245 simul
2853 4192 3091 4259 propiori
3110 4191 3308 4243 lumine
3334 4201 3576 4245 cernunt.

2040 4305 2166 4362 Haec
2214 4313 2380 4372 sunt,
2415 4318 2539 4375 qua:
2586 4301 2653 4358 de
2698 4302 2804 4357 diis
2830 4300 3146 4356 coelestibus
3208 4309 3440 4370 ortuque
3474 4313 3623 4354 sem-

2040 4399 2257 4469 piterno
2282 4396 2524 4467 praeditis
2565 4393 2810 4466 Egyptii
2853 4400 3326 4459 commemorant;
3359 4409 3390 4446 a
3420 4392 3624 4463 quibus
3720 4414 3725 4419 ·

2048 4489 2189 4545 alios
2228 4488 2497 4559 quosdam
2525 4492 2847 4556 procreatos
2880 4483 3054 4541 fuisse
3084 4484 3390 4554 perhibent,
3425 4491 3624 4539 terres-

2047 4587 2159 4635 tres
2207 4579 2329 4633 illos
2378 4577 2599 4648 quidem
2653 4592 2719 4632 ac
2773 4576 2937 4631 morti
2970 4576 3261 4639 obnoxios,
3295 4575 3388 4630 sed
3439 4582 3622 4629 tamen

2048 4670 2521 4727 immortalitatem
2554 4668 2755 4741 partim
2785 4668 2859 4724 ob
2890 4668 3222 4740 singularem
3251 4666 3620 4737 prudentiam,

354 4734 525 4820 σιλεϊς
553 4734 833 4826 γεγονέναι
863 4734 1003 4812 κατά
1020 4758 1136 4830 ,τὴν
1174 4762 1468 4830 Αἴγυπτον.
1516 4734 1934 4837 Μεθερμηνευο-

2040 4766 2240 4837 partim
2280 4764 2352 4820 ob
2378 4779 2726 4822 communem
2760 4766 2816 4821 in
2858 4779 3032 4836 genus
3084 4762 3373 4818 hominum
3421 4759 3626 4814 beneﬁ-

356 4847 535 4918 μένων
582 4847 626 4901 δ’
660 4849 840 4904 αὐτῶν
879 4850 1033 4916 τινὰς
1068 4853 1166 4923 μὲν
1194 4853 1501 4925 ὁμωνύμως
1531 4856 1797 4930 ὑπάρχειν
1820 4863 1934 4925 τοίς

348 4940 648 5013 οὐρανίοις,
701 4942 856 5006 τινὰς
901 4943 959 4996 δὲ
1010 4945 1148 5000 ἰδίαν
1195 4947 1486 5019 ἐσχηκέναι
1542 4955 1931 5025 προσηγορίαν,

353 5032 547 5086 ’Ἥλιόν
577 5049 637 5086 τε
671 5034 767 5087 καὶ
795 5034 1023 5106 Κρόνον,
1057 5037 1153 5089 καὶ
1189 5036 1363 5103 Ῥέαν,
1391 5037 1472 5091 ἔτι
1495 5038 1551 5093 δὲ
1583 5040 1679 5094 Δία
1707 5041 1798 5095 τὸν
1831 5043 1936 5096 ὑπό

350 5135 514 5173 τινων
557 5120 1438 5196 ’Δμμωναιπροσαγορευόμενονο
1473 5129 1609 5200 πρὸς
1640 5131 1696 5184 δὲ
1726 5131 1937 5196 τούτοις

353 5210 537 5283 Ἥραν
558 5214 652 5267 καὶ
677 5214 992 5284 Ἥφαιστον,
1019 5216 1098 5270 ἔτι
1127 5217 1184 5271 δὲ
1229 5218 1465 5285 Ἑστίαν,
1504 5222 1597 5275 καὶ
1627 5223 1936 5279 τελευταῖον

397 5458 409 5477 ξ
427 5388 541 5477 (ιδ)
587 5391 833 5477 Τροεξῆς.
875 5393 1163 5476 Diodorus,
1192 5399 1419 5470 τροφήν,
1439 5403 1711 5470 quomodo
1731 5402 1937 5462 Gallice

355 5459 618 5523 dicimus.
655 5459 794 5517 mare
817 5466 1078 5519 nourrice.

427 5529 559 5613 (fl).
580 5527 1058 5613 {Ipdc-é..l“orte
1097 5535 1596 5613 legendulnrtpbg
1638 5537 1719 5598 οὗ.
1771 5544 1936 5602 Certe

354 5594 565 5684 πρρςνῷ
590 5594 831 5684 ὑπάρξαι
861 5606 1002 5659 idem
1031 5605 1135 5684 erit
1160 5594 1307 5684 quod
1335 5602 1380 5676 ᾧ
1409 5594 1754 5684 άνάτεθῆναι.

394 5668 543 5749 ’(45)
588 5668 1007 5749 Τριέργέτειαν.
1050 5668 1378 5749 Plutarchus
1425 5681 1498 5735 De
1540 5668 1691 5737 Isit'le
1732 5694 1783 5738 et
1814 5685 1939 5741 Osi-

354 5738 491 5809 ride,
673 5738 800 5810 38L
832 5738 989 5816 longe
1026 5744 1183 5801 aliter
1215 5747 1315 5804 hoc
1344 5764 1645 5822 cognomen
1680 5738 1938 5826 ἐτυμολο-

2042 4858 2281 4913 centiam
2365 4869 2731 4924 consecutos,
2801 4873 3035 4928 quorum
3105 4856 3270 4912 etiam
3338 4851 3508 4933 aliqui
3566 4849 3621 4903 in

2042 4950 2276 5023 λεπριο
2310 4953 2675 5023 regnaverint.
2706 4952 2917 5006 Horum
2945 4951 3097 5016 item,
3124 4948 3171 5003 si
3199 4946 3421 5002 nomina
3455 4945 3621 5000 inter—

2041 5043 2296 5111 preteris,
2324 5043 2462 5099 alios
2490 5044 2736 5114 ejusdem
2797 5058 2862 5098 ac
2913 5041 3163 5096 caelestes
3197 5042 3345 5108 ipsos
3384 5036 3623 5090 nominis

2043 5131 2238 5200 fuisse,
2262 5134 2401 5191 alios
2424 5137 2699 5205 propriam
2730 5134 3026 5205 quamdam
3051 5128 3472 5201 appellationem
3496 5142 3622 5184 esse

2044 5225 2289 5291 sortitos,
2322 5224 2528 5295 Solem,
2556 5225 2853 5282 Saturnum
2873 5266 2891 5295 ,
2922 5223 3122 5294 Opem,
3158 5220 3403 5290 adeoque
3429 5217 3620 5276 Jovem

2043 5408 2244 5479 χεῖται,
2295 5422 2360 5463 ex
2425 5407 2902 5479 Pythagoraeorum
2957 5407 3256 5479 symbolis,
3304 5406 3614 5479 dum_ait:

2036 5477 2110 5528 Τὸ
2154 5478 2251 5546 μὲν
2289 5479 2398 5560 γὰρ
2427 5476 2749 5560 ἰσόπλευρον
2795 5476 3090 5560 τρίγωνον,
3124 5476 3618 5560 ἐκάλουχ]Αθηγᾶγ

2034 5546 2384 5627 κορυφαγενῆ
2413 5546 3035 5627 καὶ-,τριτογένειανηότι
3066 5549 3212 5627 τρισὶ
3240 5546 3488 5610 καθέτοις
3508 5546 3620 5602 ἀπὸ

2035 5617 2144 5668 τῶν
2174 5617 2339 5687 ¹ιίριῶν
2367 5617 2580 5686 γιιινιῶν
2601 5618 2898 5687 ἀγομέναις
2922 5617 3229 5690 διαιρεῖται.

2112 5683 2219 5711 [lat
2270 5687 2373 5711 Ir-)
2396 5705 2456 5711 ---
2523 5686 2784 5711 Ι]....-....--,
2856 5690 3030 5711 ςιιιμιι-
3085 5693 3124 5711 n
3182 5707 3213 5711 Α-

2111 5683 2220 5759 (ιϐ)
2260 5683 2474 5745 Καίτε.
2519 5683 2809 5750 Homerus.
2856 5683 3051 5746 Ὀδύσξ
3082 5693 3144 5759 Ρ,
3182 5707 3233 5746 v.
3267 5691 3393 5747 486.
