4156 6404
575 298 675 351 167

1236 295 1509 350 EUSEBII
1547 292 2032 350 CA‘ISARIENSIS
2069 292 2219 347 OPP.
2264 291 2446 347 PARS
2479 289 2539 345 ll.
2580 320 2648 330 —
2685 288 3186 345 APULOGETICA.

3752 291 3852 345 163

568 417 747 482 illum,
770 415 860 470 cui
889 414 1138 468 nonnulli
1172 413 1454 468 Ammonis
1479 421 1900 482 cognomentum
1938 410 2143 474 fecere;

2262 408 2491 482 Ἑρμῆν.
2519 411 2627 464 Καὶ
2660 411 2875 482 πρῶτον
2905 411 3003 481 μὲν
3032 409 3221 461 Ἥλιον
3252 369 3705 479 βασιλεῦσαιτῶν
3731 412 3853 463 κατ’

565 503 841 561 Junonem
896 513 1178 573 prmterea,
1208 501 1534 563 Vulcanum,
1570 499 1810 566 Vestam,
1838 510 2151 570 postremo-

566 615 677 671 que
728 597 1083 660 Mercurium,
1119 610 1185 647 ex
1218 594 1395 664 iisque
1426 592 1608 647 Solem
1657 591 1875 664 Egypti
1923 608 2151 662 regnum

569 692 874 764 principem
921 690 1186 753 tenuisse,
1222 697 1375 743 astro
1419 688 1631 743 caelesti
1684 688 2089 755 cognominem.
2127 705 2145 737 ο

572 785 851 840 Hactenus
884 797 915 836 a
946 782 1106 837 nobis
1158 781 1415 835 laudatus
1482 789 1691 834 auctor.
1721 778 1840 833 Jam
1868 794 1997 834 vero
2025 778 2151 833 Plu-

570 876 797 933 tarchus
845 874 903 929 in
962 890 1052 933 eo.
1087 873 1235 942 quod
1284 872 1349 926 de
1396 870 1542 926 Iside
1586 872 1827 941 scripsit,
1861 872 2151 941 opusculo,

569 985 694 1039 quae
725 976 1027 1039 sequuntur
1072 967 1141 1021 ad
1191 967 1422 1021 verbum
1454 966 1617 1021 habet
1648 986 1659 1019 ε
1693 985 1711 1017 ‹
1746 964 1916 1030 Rem,
1952 965 2151 1035 inquit,

572 1078 716 1118 novo
741 1078 775 1117 ι
810 1062 985 1130 capite
1031 1067 1202 1115 totam
1243 1072 1611 1125 arcessentes,
1641 1075 1707 1114 ex
1736 1059 2016 1125 omnibus,
2058 1059 2152 1128 qui

571 1154 830 1209 subtilius
883 1152 1090 1222 aliquid
1136 1161 1191 1205 et
1218 1152 1533 1207 accuratius
1560 1151 1931 1220 disputarunt,
1959 1166 2151 1205 eorum

578 1248 633 1302 in
659 1246 875 1316 primis,
910 1245 1116 1315 quibus
1143 1244 1470 1314 simplicitas
1495 1244 1670 1313 magis
1696 1252 1879 1299 tamen
1928 1244 2152 1312 placuit,

569 1337 903 1394 sententiam
962 1337 1270 1392 videamus.
1324 1335 1486 1390 Tales
1529 1351 1662 1390 vero
1713 1336 1789 1389 illi
1855 1344 2018 1401 sunt,
2058 1336 2152 1402 qui

567 1428 846 1502 quomodo
872 1427 1069 1492 Graeci,
1095 1427 1395 1482 Saturnum
1456 1436 1692 1497 tempus,
1737 1425 2011 1481 Junonem
2058 1441 2150 1479 ae-

568 1517 954 1585 rem,ancani
987 1518 1398 1589 generationem
1434 1518 1579 1571 aeris
1610 1518 1665 1570 in
1703 1515 1877 1585 ignem
1905 1517 2157 1570 mutatio-

573 1628 698 1667 nem
751 1612 1049 1680 allegorice
1089 1610 1542 1679 interpretantur,
1580 1609 1660 1663 sic
1687 1610 1832 1678 apud
1862 1606 2153 1680 Egyptios

566 1703 752 1759 Nilum
799 1701 987 1758 Osirin
1038 1716 1162 1757 esse
1214 1703 1431 1765 dicunt,
1460 1702 1553 1770 qui
1582 1717 1708 1756 cum
1735 1701 1899 1766 Iside,
1937 1702 2042 1756 hoc
2070 1710 2154 1755 est

2259 501 2556 569 Αἴγυπτον,
2588 502 2877 574 ὁμώνυμον
2909 502 3038 555 ὅντα
3075 499 3154 570 τῷ
3190 502 3310 553 κατ’
3336 499 3567 572 οὐρανὸν
3590 501 3795 571 ἄστρῳ.
3830 519 3850 552 ι

2260 594 2448 647 Ταῦτα
2481 595 2581 665 μὲν
2613 592 2707 648 οὖν
2730 597 2759 649 ό
2788 595 3049 667 δηλωθεὶς
3084 592 3454 666 συγγραφεύς.
3491 594 3601 646 Καὶ
3629 596 3657 646 ό
3682 592 3855 646 Πλού-

2258 705 2461 760 ταρχος
2502 688 2559 742 δὲ
2594 690 2653 741 ἐν
2681 689 2759 761 τῷ
2796 689 2924 759 περὶ
2965 688 3074 741 τῶν
3120 686 3283 741 Κατὰ
3329 686 3443 753 τὴν
3490 681 3645 740 Ἶσιν
3687 686 3853 740 αὐτοῦ

2262 785 2657 857 συγγράμματι
2700 784 2829 839 τάδε
2871 784 3071 855 γράφει
3105 784 3246 837 κατὰ
3278 782 3441 847 λέξιν·
3486 801 3504 832 ι
3544 782 3663 835 Ἀπ’
3687 781 3856 853 ἄλλης

2262 877 2373 949 (47)
2406 878 2463 931 δὲ
2517 879 2692 950 ἀρχῆς
2729 878 2838 931 τῶν
2889 875 3320 947 φιλοσοφώτερόν
3344 893 3397 927 τι
3429 872 3610 942 λέγειν
3638 872 3853 927 δεκτύν»

2259 988 2368 1025 των
2410 971 2525 1043 (48)
2576 974 2706 1035 τοὺς
2759 970 3167 1033 ἁπλουστάτους
3221 967 3553 1039 σκεψώμεθα
3612 967 3851 1036 πρῶτον.

2260 1058 2421 1117 Οὗτοι
2461 1064 2505 1116 δ’
2538 1063 2675 1115 είσὶν
2711 1064 2762 1115 οἱ
2807 1062 3081 1129 λέγοντες,
3120 1061 3311 1132 ὥσπερ
3353 1060 3613 1129 Ἕλληνες
3645 1058 3854 1129 Κρόνον

2259 1154 2623 1225 ἀλληγοροῦσι
2653 1154 2745 1207 τὸν
2777 1154 2991 1225 χρόνον,
3031 1153 3212 1222 ’Ἦραν
3239 1153 3296 1205 δὲ
3328 1152 3419 1205 τὸν
3451 1152 3607 1220 ἀέρα,
3638 1151 3854 1218 γένεσιν

2259 1247 2316 1301 δὲ
2355 1244 2654 1315 Ἡφαίστου
2681 1246 2783 1316 τὴν
2810 1246 2890 1308 εἰς
2922 1245 2985 1298 τὸ
3015 1244 3126 1317 πῦρ
3161 1244 3321 1316 άέρος
3353 1243 3676 1315 μεταϐολὴν,
3712 1243 3857 1297 οὕτω

2262 1341 2389 1411 παρ’
2437 1337 2754 1408 Αἰγυπτίοις
2808 1336 3000 1390 Νεῖλον
3064 1332 3202 1389 εἶναι
3260 1336 3352 1389 τὸν
3405 1338 3641 1406 Ὄσιριν,
3695 1336 3854 1389 Ἴσιδι

2263 1434 2489 1483 συνόντα
2522 1432 2588 1501 τῇ
2625 1431 2717 1500 γῇ,
2753 1428 2985 1498 Τυφῶνα
3026 1428 3084 1480 δὲ
3126 1427 3223 1498 τὴν
3264 1426 3563 1490 θάλασσαν,
3604 1430 3685 1492 είς
3722 1428 3790 1498 ἠν
3824 1429 3855 1481 ὁ

2262 1521 2451 1585 Νεῖλος
2473 1521 2765 1592 ἐμπίπτων
2788 1519 3132 1588 ἀφανίζεται.
3168 1538 3187 1571 ι
3216 1518 3400 1572 Ταῦτα
3421 1520 3514 1573 καί
3533 1518 3603 1572 τὰ
3624 1518 3853 1572 τοιαῦτα

2261 1613 2450 1678 εἰπὼν,
2497 1614 2662 1668 πάλιν
2710 1614 2789 1677 είς
2831 1612 3090 1682 δαίμονας
3133 1610 3393 1681 ἀναφέρει
3427 1612 3554 1673 τοὺς
3587 1608 3854 1681 περὶτῶν

2258 1703 2603 1773 δηλουμένων
2652 1703 2790 1756 θεῶν
2841 1704 3063 1773 μύθους.
3107 1702 3217 1755 Καὶ
3261 1701 3421 1755 πάλιν
3460 1699 3635 1763 άλλως
3668 1699 3857 1753 ἀποδί-

564 1804 708 1850 ιει-ι·.ι
767 1793 1189 1864 congrediatur;
1216 1791 1535 1864 Typhonem
1565 1808 1694 1846 vero
1717 1806 1889 1856 mare,
1926 1792 1979 1845 in
2004 1783 2150 1860 quod

2258 1795 2412 1860 δωσι,
2449 1794 2542 1848 καὶ
2575 1790 2731 1857 αὖθις
2768 1794 2975 1865 ἑτέρως
3007 1792 3344 1865 άλληγορῶν.
3390 1788 3499 1845 Ἦν
3537 1791 3582 1845 δ’
3618 1791 3682 1846 ἂν
3710 1791 3858 1846 κατὰ

570 1886 728 1942 Nilus
767 1886 1021 1941 incidens
1052 1894 1367 1940 evanescat.
1406 1904 1423 1937 ο
1460 1884 1673 1951 Quibus
1719 1886 1808 1940 ille
1852 1886 2152 1941 similibus-

570 1992 680 2047 que
709 1976 1176 2037 commcmoratis,
1215 1989 1437 2029 rursum
1481 1974 1551 2028 ad
1600 1975 1879 2029 daemones
1933 1976 2153 2031 tictitias

569 2068 800 2124 deorum
827 2068 1057 2122 istorum
1081 2066 1307 2120 fabellas
1335 2074 1576 2129 revocat,
1603 2080 1881 2136 novasque
1896 2066 2153 2136 deinceps

573 2173 842 2214 novarum
867 2156 1255 2227 allegoriarum
1288 2155 1827 2210 accommodationes
1855 2158 2151 2226 excogitat.

575 2248 689 2318 Ego
736 2264 865 2303 vero
902 2247 1219 2318 quaasierim
1251 2264 1316 2301 ex
1367 2246 1455 2310 iis,
1493 2255 1546 2301 et
1580 2246 1800 2316 quidem
1835 2246 1980 2316 jure,
2012 2265 2153 2317 quo-

574 2354 698 2394 rum
745 2337 964 2392 tandem
1018 2351 1139 2390 sese
1213 2335 1501 2389 numinum
1556 2350 1844 2404 expressas
1890 2336 2156 2408 imagines

576 2442 906 2483 conservare
936 2425 1153 2492 dicant;
1196 2422 1507 2481 dzemonum
1538 2426 1643 2482 ne?
1668 2442 1739 2481 an
1769 2428 1935 2499 ignis,
1985 2431 2153 2498 aeris,

564 2529 743 2583 terrae,
836 2534 1010 2588 aquae,
1067 2534 1134 2572 an
1173 2519 1441 2584 virorum,
1478 2519 1883 2589 mulierumque
1927 2521 2157 2576 simula-

572 2611 705 2667 cra?
725 2626 795 2665 an
822 2608 1059 2680 denique
1091 2610 1373 2664 brutorum
1408 2611 1795 2676 animantium,
1823 2628 1888 2667 ac
1913 2611 2154 2668 ferarum

573 2703 815 2772 ipsarum
837 2701 1076 2770 ﬁguras?
1101 2701 1234 2756 Nam
1266 2718 1391 2757 cum
1435 2702 1677 2772 ipsimet,
1710 2704 1962 2761 homines
1990 2722 2156 2775 quos-

571 2795 696 2848 dam
728 2796 987 2849 mortales
1022 2793 1236 2860 eodem,
1271 2810 1381 2864 quo
1411 2795 1580 2850 sulem
1616 2810 1681 2849 ac
1724 2805 1918 2850 caetera
1963 2798 2153 2852 mundi

570 2889 863 2956 elementa,
888 2888 1113 2943 nomine
1144 2896 1486 2956 procreatos,
1511 2888 1843 2957 eosdemque
1873 2888 2004 2944 deos
2032 2905 2156 2959 pns-

572 2991 656 3035 tca
683 2990 1035 3036 consecratos
1068 2979 1241 3035 fuisse
1268 2981 1574 3035 concedant
1602 2998 1616 3046 ;
1640 2979 1746 3050 91
1785 2981 2152 3050 quorum,ob-

569 3087 748 3139 secro,
776 3088 994 3144 aequum
1028 3071 1195 3128 fuerit
1233 3072 1500 3144 imagines
1536 3072 1658 3126 illas
1698 3073 2013 3143 ﬁgurasque
2051 3088 2153 3126 nu-

569 3165 800 3231 miuare,
826 3181 965 3236 quas
994 3166 1048 3220 in
1077 3165 1392 3220 simulacris
1429 3165 1710 3220 inanimes
1750 3163 1969 3220 ca’latas
2001 3165 2152 3219 vide-

567 3255 733 3310 mus?
759 3271 828 3310 an
859 3255 1257 3310 elementorum
1288 3255 1452 3324 hujus
1473 3253 1757 3309 universi?
1780 3269 1872 3318 an,
1891 3256 2035 3324 quod
2063 3271 2153 3308 ar-

567 3347 808 3401 tiﬁciosa
857 3347 974 3417 ipsa
1025 3347 1210 3401 vultus
1260 3345 1628 3401 conformatio
1678 3346 1859 3416 palam
1889 3347 2149 3413 ostendit,

569 3438 887 3495 mortalium
938 3438 1081 3492 inter
1134 3447 1384 3491 mortuos
1423 3435 1766 3505 iacentium?
1796 3437 1954 3492 Enim
1997 3454 2150 3502 vero,

570 3538 785 3585 taceant
818 3529 909 3585 isti
938 3528 1101 3595 licet;
1134 3527 1336 3583 veritas
1372 3543 1469 3598 per
1499 3543 1559 3583 se
1608 3528 1729 3599 ipsa
1774 3529 2039 3599 loquitur,
2089 3545 2154 3584 ac

570 3634 738 3689 prope
765 3634 963 3689 magna
997 3632 1132 3672 voce
1159 3617 1425 3680 clamans,
1454 3632 1573 3682 eos,
1595 3616 1662 3671 de
1688 3615 1889 3685 quibus
1913 3615 2151 3686 agimus,

568 3714 719 3769 viros
746 3712 1018 3782 quosdam
1054 3711 1314 3766 mortales
1346 3709 1515 3765 fuisse
1549 3717 1803 3765 testatur.
1838 3708 2152 3776 Quinetiam

568 3801 899 3859 Plutarchus
930 3804 984 3858 in
1016 3817 1182 3872 opere
1231 3801 1322 3855 illo
1346 3800 1493 3871 quod
1530 3799 1608 3853 De
1663 3797 1806 3861 Iside
1851 3797 2153 3868 AZgyptiis-

567 3912 667 3965 que
699 3896 1003 3949 numinibus
1038 3894 1301 3964 scriptum
1333 3892 1576 3963 reliquit,
1604 3891 1749 3946 ultro
1766 3891 2006 3960 dataque
2030 3906 2153 3960 ope-

568 4001 630 4041 ra
658 3987 998 4059 singulorum
1048 3985 1324 4058 propriam
1348 3985 1596 4055 corporis
1626 3985 1853 4054 ﬁguram
1884 3982 2153 4038 colorem-

568 4096 677 4149 que
703 4080 962 4142 declarat,
1005 4080 1089 4134 his
1123 4077 1304 4133 verbis
1337 4095 1350 4130 :
1387 4095 1406 4126 ‹
1436 4074 1694 4140 Narrant,
1743 4075 1942 4145 inquit,
1982 4074 2152 4146 Egy-

568 4173 667 4243 ptii
713 4171 1045 4228 Mercurium
1079 4170 1307 4225 brachio
1338 4169 1665 4235 breviorem,
1698 4167 2016 4240 Typhonem
2056 4185 2151 4223 ru-

568 4264 707 4330 fum,
736 4260 963 4318 Martem
987 4260 1383 4326 candidiorem,
1428 4257 1613 4314 Osirin
1648 4259 1887 4328 denique
1942 4258 2150 4329 nigrio-

569 4371 685 4411 rem
739 4354 910 4410 l'uisse
944 4373 958 4409 :
991 4356 1191 4424 quippe
1239 4353 1334 4424 qui
1381 4362 1578 4406 natura
1622 4351 1873 4405 homines
1905 4351 2150 4406 exstitis-

567 4457 711 4505 sent.
747 4465 765 4499 ι
811 4445 942 4503 Hac
964 4445 1314 4502 Plutarchus.
1346 4443 1690 4499 Mortuorum
1721 4459 1851 4514 ergo
1884 4442 1988 4497 fuit
2035 4453 2146 4498 tota

569 4542 661 4598 illa
688 4541 975 4596 numinum
1001 4539 1146 4608 apud
1187 4539 1326 4594 istos
1354 4533 1730 4603 consecratio;
1764 4536 2029 4607 quidquid
2055 4551 2153 4590 au-

568 4642 676 4689 tem
728 4631 1085 4703 physiologia
1120 4639 1224 4698 est,
1249 4631 1355 4685 hoc
1391 4631 1556 4687 iidem
1589 4639 1777 4702 postea
1813 4630 2149 4684 conﬁnxere.

568 4726 705 4782 Nam
741 4724 871 4795 quid
902 4724 1169 4778 attinebat
1205 4724 1259 4779 in
1291 4723 1539 4779 virorum
1593 4738 1659 4778 ac
1703 4723 1997 4778 mulierum
2039 4720 2153 4777 elli-

956 4967 1174 5036 ἇλλης.
1216 4964 1546 5022 Plutarchus
1584 4966 1657 5020 De
1677 4964 1819 5019 Iside
1844 4977 1894 5020 et
1921 4965 2149 5035 Osiride,

742 5058 767 5094 α
854 5082 868 5094 .
938 5079 951 5092 .

610 5081 623 5094 .
668 5042 767 5094 56⁷5
805 5042 868 5099 D.
896 5042 951 5093 '2.

569 5056 623 5112 Ρ·
643 5114 657 5179 ζ
794 5056 1551 5173 ἵόκῖὐντων.ΡΙιιιθτοιιιιε,
1583 5107 1917 5178 δυναμένων.

561 5248 567 5254 ,
644 5177 757 5249 (49)
797 5183 978 5235 Auro!
994 5197 1116 5254 μοι.
1162 5178 1384 5233 Vertere
1404 5195 1515 5254 non
1542 5177 1809 5241 dubitavi,
1830 5180 1985 5254 quasi
2015 5177 2154 5231 scri—

572 5261 723 5377 ptum
753 5260 919 5316 esset,
955 5249 1108 5305 αὐτοὶ
1141 5258 1237 5320 μη,
1274 5249 1419 5320 quod
1453 5265 1650 5305 sensus
1698 5251 1924 5303 omnino
1967 5259 2151 5319 postu-

593 5330 665 5376 at.

593 5330 665 5376 at.

644 5391 756 5515 (ἕίί)
797 5391 903 5444 Aut
932 5393 1034 5447 hoc
1065 5391 1355 5463 σωμάτιον,
1392 5397 1487 5445 aut
1514 5389 1661 5461 quod
1695 5390 1943 5458 sequitur
1974 5387 2155 5458 σώμα-

644 5479 683 5515 :.
751 5461 1001 5515 elenduin
1033 5464 1262 5515 videtur.

568 5477 683 5525 τος,
714 5461 1001 5516 delendum
1033 5461 1262 5518 videtur.

640 5532 754 5603 (51)
804 5533 1185 5601 Ἰστοροῦσιν.
1230 5532 1327 5587 llic
1356 5533 1487 5586 mihi
1528 5529 2010 5603 Plutarchilncus
2044 5546 2153 5585 non

569 5601 834 5665 occurrit,
869 5609 963 5658 sed
997 5605 1084 5656 alii
1113 5604 1223 5657 duo
1257 5617 1367 5657 non
1403 5602 1705 5659 absimiles.
1738 5601 1929 5656 eodem
1963 5604 2015 5654 in
2054 5603 2148 5654 lib.

570 5674 647 5726 De
679 5671 825 5726 Iside
868 5684 916 5726 et
955 5671 1185 5727 Osiride.
1218 5673 1490 5727 Caeterum
1521 5671 1876 5739 γαλιάγκωνα
1908 5674 2150 5742 reposui,

569 5759 668 5802 ΜΟ
717 5744 1114 5813 γαληάγκωνα;
1158 5745 1237 5799 sic
1263 5744 1408 5799 enim
1440 5744 1640 5815 ubique
1672 5743 1952 5808 scribitur,
1987 5752 2039 5797 ct
2070 5744 2152 5797 vel

2258 1886 2416 1957 λόγον
2454 1886 2719 1941 πυθέσθαι
2746 1887 3021 1957 ὁποτέρων
3044 1886 3182 1939 θεῶν
3209 1885 3276 1938 τά
3308 1883 3470 1949 ξόανα
3507 1884 3605 1948 τὰς
3632 1885 3853 1938 δντετυ-

2261 1981 2517 2052 πωμένας
2541 1979 2754 2051 μορφὰς
2784 1978 2975 2043 σώζειν
2994 1980 3272 2049 φήσουσιν·
3310 1976 3516 2047 πότερα
3544 1976 3854 2046 δαιμόνωνς

2258 2074 2396 2127 ἀλλὰ
2412 2072 2602 2143 πυρὸς,
2627 2073 2721 2125 καὶ
2747 2072 2929 2143 ἀέρος,
2954 2072 3046 2124 καὶ
3073 2070 3192 2139 γῆς.
3221 2070 3315 2123 καὶ
3343 2069 3551 2133 ὕδατος,
3582 2069 3615 2139 ἢ
3642 2070 3854 2142 ἀνδρῶν

2262 2166 2356 2219 καὶ
2387 2163 2661 2232 γυναικῶν
2687 2164 2924 2227 εἰκόνας,
2951 2164 3046 2215 καὶ
3078 2160 3233 2225 ζώων
3260 2161 3496 2230 ἀλόγων,
3521 2162 3616 2215 καὶ
3644 2161 3853 2233 θηρίων

2265 2258 2546 2326 σχήματας
2588 2256 2739 2309 Ἐπεὶ
2771 2254 2880 2326 γάρ
2908 2255 3003 2308 καὶ
3043 2255 3179 2324 πρὸς
3211 2253 3390 2307 αὐτῶν
3436 2254 3856 2325 συγκεχώρηται

2263 2347 2568 2419 ὁμωνύμως
2579 2347 2715 2419 ἡλίῳ
2729 2348 2825 2400 καὶ
2842 2350 2954 2410 τοῖς
2976 2346 3205 2400 καθόλου
3231 2347 3512 2418 στοιχείοις
3527 2346 3752 2418 θνητούς
3771 2366 3856 2403 τι-

2263 2456 2358 2503 νας
2378 2439 2577 2511 ἄνδρας
2593 2440 2895 2509 γεγονέναι,
2915 2441 3010 2494 καὶ
3023 2440 3245 2503 τούτους
3260 2440 3414 2504 θεοὺς
3430 2440 3698 2512 άνηγορεῦ
3707 2440 3852 2509 σθαι,

2261 2533 2423 2586 τίνων
2455 2533 2603 2596 εἰκὸς
2635 2532 2701 2586 ἂν
2744 2533 2829 2604 εἴη
2862 2532 3077 2604 μορφὰς
3123 2528 3261 2587 εἶναι
3303 2533 3399 2585 καὶ¹
3431 2533 3646 2595 εἰκόνας
3669 2533 3855 2602 λέγειν

2261 2625 2362 2688 τὰς
2398 2627 2456 2678 ὲν
2505 2627 2617 2688 τοῖς
2664 2625 2892 2696 ἀψύχοις
2927 2625 3135 2690 ξοάνοις
3183 2625 3428 2694 γλυφάς
3470 2625 3698 2699 πότερον
3741 2626 3854 2679 τῶν

2263 2719 2495 2773 καθόλου
2527 2720 2825 2789 στοιχείων,
2852 2721 2908 2790 ἢ,
2937 2721 3075 2789 ὅπερ
3099 2720 3194 2773 καὶ
3219 2720 3279 2772 τὸ
3300 2719 3527 2790 ἐναργὲς
3551 2719 3650 2789 τῆς
3677 2720 3853 2789 “sui;

2265 2812 2624 2876 ἐπιδείκνυσι,
2659 2812 2766 2865 τῶν
2797 2815 2855 2866 ὲν
2888 2815 3100 2883 νεκροῖς
3122 2812 3390 2882 κειμένων
3413 2811 3657 2882 θνητῶνς
3710 2812 3851 2867 Ἀλλ’

2263 2907 2311 2958 εἰ
2351 2905 2443 2959 καὶ
2478 2904 2632 2959 αὐτοί
2662 2921 2751 2975 μοι
2785 2904 2897 2976 (49)
2938 2904 3167 2973 λέγοιεν,
3202 2905 3232 2958 ὃ
3270 2905 3335 2973 γέ
3366 2922 3422 2958 τι
3455 2905 3663 2977 ἀληθὴς
3694 2904 3852 2974 λόγος

2264 2996 2362 3068 βοᾷ
2410 2997 2504 3050 καὶ
2542 2997 2782 3067 κέκραγε
2824 2998 3104 3068 μονονουχὶ
3145 2996 3328 3069 φωνὴν
3370 2997 3570 3066 ἀφιεὶς,
3623 2996 3851 3070 θνητοὺς

2261 3089 2461 3162 ἄνδρας
2492 3090 2785 3162 μαρτυρῶν
2806 3090 3087 3159 γεγονέναι
3118 3091 3246 3153 τοὺς
3279 3090 3661 3161 δηλουμένους.
3710 3092 3767 3145 Ὀ
3791 3091 3849 3145 δὲ

2261 3180 2604 3252 Πλούταρχος
2649 3182 2744 3235 καὶ
2775 3181 2882 3236 τῶν
2919 3181 3188 3252 σωμάτων
3219 3180 3329 3251 (50)
3363 3180 3545 3234 αὐτῶν
3589 3184 3654 3236 ὲκ
3696 3199 3852 3255 περι-

2258 3272 2444 3336 ουσίας
2474 3274 2566 3326 τὸν
2592 3274 2745 3328 ποιὸν
2774 3274 3082 3346 ὑπογράφει
3106 3272 3201 3327 τοῦ
3233 3272 3488 3343 σώματος
3520 3274 3852 3345 χαρακτῆρα

2259 3368 2318 3419 ὲν
2345 3369 2456 3430 τοῖς
2486 3368 2625 3435 Περὶ
2659 3366 2771 3435 τῆς
2799 3367 3015 3434 Ἴσιδος
3039 3367 3136 3421 καὶ
3165 3365 3284 3420 τῶν
3312 3368 3651 3437 Αἰγυπτίων
3673 3367 3847 3430 θεῶν,

2260 3452 2363 3512 ὧδέ
2391 3476 2508 3523 πως
2544 3460 2738 3528 λέγων·
2778 3477 2797 3511 ι
2851 3459 3143 3531 Ἰστοροῦσι
3173 3459 3284 3530 (51)
3313 3458 3422 3531 γὰρ
3450 3459 3736 3527 Δίγύπτιοι
3755 3459 3850 3513 τὸν

2264 3550 2362 3609 μὲν
2401 3551 2608 3622 Ἑρμῆν
2636 3549 2715 3621 τῷ
2750 3549 2961 3621 σώματι
2990 3551 3246 3620 γενέσθαι
3278 3551 3653 3621 γαλιάγκωνα,
3678 3551 3769 3605 τὸν
3790 3550 3848 3605 δὲ

2262 3642 2497 3711 Τυφῶνα
2531 3646 2597 3714 τῇ
2640 3644 2799 3714 χροιᾷ
2843 3644 3071 3713 πυρρὸν,
3103 3643 3295 3698 λευκόν
3328 3661 3387 3697 τε
3414 3644 3503 3697 τὸν
3529 3645 3723 3715 Ἀρην,
3753 3643 3848 3696 καὶ

2265 3736 2606 3808 μελάγχρουν
2628 3738 2719 3790 τὸν
2755 3739 2988 3808 Ὄσιριν,
3022 3737 3097 3800 ὡς
3138 3739 3205 3809 τῇ
3236 3738 3397 3807 φύσει
3429 3738 3723 3807 γεγονότας
3751 3737 3849 3790 άν-

2262 3827 2531 3899 Θρώπους.
2561 3849 2578 3881 ι
2601 3830 2830 3883 Ταῦταό
2847 3831 3209 3902 Πλούταρχος.
3242 3831 3472 3905 Νεκρῶν
3502 3834 3612 3904 ἄρα
3634 3834 3667 3903 ἡ
3698 3833 3846 3885 πᾶσα

2259 3921 2437 3974 αὐτῶν
2474 3920 2718 3975 θεοποιία
2760 3924 3065 3995 καθέστηκε
3092 3939 3106 3954 ⁸
3151 3924 3457 3979 πέπλασται
3485 3926 3530 3979 δ’
3559 3927 3743 3990 αὐτοῖς
3780 3925 3848 3979 τά

2259 4014 2359 4085 τῆς
2386 4015 2751 4084 φυσιολογίας.
2784 4016 2847 4067 Τί
2873 4015 2981 4089 γάρ
3007 4018 3175 4089 ἐχρῆν
3212 4018 3421 4090 ἀνδρῶν
3456 4019 3549 4073 καὶ
3575 4019 3848 4088 γυναικῶν

2261 4112 2513 4181 σχήματα
2544 4108 2932 4175 ζωοπλαστεῖν,
2966 4112 3141 4183 παρὸν
3169 4112 3264 4166 καί
3287 4111 3410 4183 δίχα
3429 4111 3634 4164 τούτων
3657 4111 3848 4164 Ἥλιον

2260 4199 2437 4253 σέϐειν
2467 4200 2562 4253 καὶ
2591 4200 2846 4274 Σελήνην,
2882 4202 2975 4256 καὶ
3018 4203 3085 4257 τά
3132 4202 3293 4257 λοιπά
3330 4202 3424 4255 τοῦ
3460 4202 3664 4270 κόσμου
3697 4217 3845 4253 στοι-

2258 4296 2411 4363 χεῖας
2437 4294 2691 4365 Ποτέροις
2713 4295 2770 4349 δὲ
2791 4294 3017 4361 τούτων,
3041 4296 3135 4350 καὶ
3158 4297 3223 4349 ὲκ
3249 4295 3410 4348 τίνων
3432 4293 3727 4363 ἀρξάμενοι
3746 4292 3846 4357 τάς

2256 4386 2472 4439 τοιάσδε
2517 4387 2886 4460 προσηγορίας
2932 4389 3314 4459 ὲπεφήμισανς
3368 4380 3513 4450 οἷον,
3565 4384 3708 4453 λέγω
3751 4386 3843 4439 τὸν

2184 4496 2228 4552 υ
2261 4479 2561 4547 Ἥφαιστον
2585 4481 2680 4534 καὶ
2703 4480 2800 4551 τὴν
2829 4480 3079 4551 Ἀθηνᾶν,
3097 4480 3196 4533 Δία
3221 4496 3283 4532 τε
3307 4479 3401 4532 καὶ
3420 4476 3725 4531 Ποσειδῶνα
3749 4479 3845 4532 καὶ

2258 4572 2456 4643 ’Ἦραν.
2485 4568 2631 4644 ’Δρα
2663 4571 2773 4645 γάρ
2802 4571 2977 4626 ταῦτα
3001 4570 3111 4626 τῶν
3142 4568 3372 4624 καθόλου
3402 4570 3677 4641 στοιχείων
3707 4571 3845 4644 πρό-

2253 4682 2310 4717 τε
2321 4682 2410 4736 ρον
2436 4666 2563 4719 ὄντα
2584 4667 2843 4737 ὀνόματα,
2867 4665 3118 4736 δεύτερον
3151 4663 3292 4717 αὐτὰ
3310 4668 3422 4729 τοῖς
3455 4664 3667 4735 θνητοῖς
3698 4667 3847 4736 όμω-

2254 4757 2437 4827 νύμως
2456 4761 2569 4821 τοῖς
2599 4757 2870 4829 οὐρανίοις
2902 4756 3305 4810 ὲπιτεθείκασιν
3325 4773 3337 4785 ·
3369 4756 3402 4828 ἦ
3438 4755 3740 4827 τοῦμπαλιν
3777 4758 3844 4812 ἐκ

2255 4975 2481 5029 brachio
2508 4981 2743 5033 tantum,
2778 4972 2861 5025 vel
2908 4973 3071 5026 etiam
3103 4980 3217 5024 toto
3252 4985 3482 5034 corpore.
3531 4972 3837 5026 breviorem

2256 5045 2545 5113 signiﬁcat.
2576 5043 2680 5110 Qui
2716 5054 2893 5095 tamen
2921 5043 3060 5095 hanc
3085 5059 3268 5096 vocem
3298 5042 3407 5097 άπὸ
3432 5045 3528 5113 τῆς
3550 5043 3723 5108 γάλης
3750 5058 3839 5093 ar-

2255 5123 2500 5175 cessunt,
2533 5114 2600 5168 iis
2636 5115 2808 5181 magis
2835 5114 2897 5166 τὸ
2927 5131 2965 5181 η
3000 5114 3230 5182 placeat,
3261 5129 3424 5182 quam
3465 5133 3505 5168 ι.
3540 5116 3660 5167 Non
3688 5113 3839 5165 absi-

2257 5185 2433 5254 rniles,
2470 5185 2561 5254 qui
2594 5182 2801 5239 Latinis
2830 5186 2959 5236 oliui
2993 5184 3127 5239 Anci
3175 5184 3517 5240 dicebantur.
3555 5185 3648 5237 Sic
3688 5186 3836 5237 enim

2257 5253 2451 5308 Festus
2477 5253 2501 5316 ξ
2530 5273 2548 5304 ι
2580 5255 2777 5314 Ancus.
2811 5256 2903 5324 qui
2929 5254 3203 5308 aduncum
3236 5255 3518 5309 brachium
3556 5256 3738 5316 habet,
3784 5262 3842 5306 nt

2255 5325 2529 5394 exporrigi
2558 5339 2667 5378 non
2708 5328 2899 5394 pOSsil.
2935 5344 2952 5377 ι
2992 5327 3054 5378 Et
3089 5324 3373 5380 Glossario
3403 5327 3600 5385 veteri,
3632 5326 3837 5383 Ancus,

2254 5409 2483 5467 mancus
2514 5406 2616 5457 est,
2642 5395 2892 5467 κυγιλὸς,
2913 5394 3116 5467 λορδός.
3151 5395 3314 5449 Recte
3345 5395 3555 5458 κυλλός.
3579 5396 3630 5467 ls
3650 5394 3841 5467 enim,

2256 5465 2427 5533 χωλός
2457 5477 2511 5518 et
2542 5466 2827 5536 καμπύλος
2865 5465 3130 5535 llcsj'chio
3155 5467 3392 5530 dicitur;
3425 5481 3479 5519 at
3504 5465 3690 5537 λορδός
3720 5480 3843 5537 cei-—

2256 5551 2427 5588 unum
2457 5535 2638 5605 potius
2675 5538 2965 5606 signiﬁcat,
2993 5538 3263 5605 ejusmodi
3301 5540 3412 5590 fere
3444 5535 3603 5605 quem
3636 5535 3841 5589 Gallice

2258 5621 2514 5661 vocamus
2558 5607 2841 5661 iuurduud.
2876 5607 3046 5662 Varro
3092 5616 3276 5662 tamen
3320 5613 3520 5660 Ancum
3572 5606 3833 5659 Sabinam

2255 5690 2378 5733 csse
2405 5693 2590 5732 Vocem
2622 5680 2846 5748 putavit.
