4156 6432
489 285 585 339 171

1143 281 1414 338 EUSEBII
1452 277 1933 336 C£SARIENSIS
1967 274 2120 332 OPP.
2162 272 2343 328 PARS
2382 273 2442 327 ll.
2484 304 2551 315 --
2586 273 3091 330 APULOGETICA.

3633 280 3739 334 ΓΙΞ

486 376 805 447 sphaerium,
830 376 918 433 vel
943 378 997 432 in
1021 374 1204 431 Nilum
1238 378 1416 445 ipsum
1443 373 1692 438 ﬂuvium,
1717 381 1914 428 cuneta
1955 371 2050 427 de-

2157 367 2495 439 εἰμαρμένην
2526 366 2768 435 λέγουσι,
2794 367 2972 420 πάντα
2996 367 3425 439 καταδήσαντες,
3450 371 3542 423 καὶ
3570 374 3750 425 πάντα

486 473 651 541 nique
674 471 731 525 in
760 486 846 525 res
880 471 1192 532 naturales,
1230 469 1367 522 nihil
1408 468 1463 522 in
1494 481 1757 536 corporea
1789 464 1933 520 mole
1964 478 2057 519 ca-

487 573 672 618 rentes
696 561 1053 631 viventesque
1081 568 1328 625 naturas,
1342 559 1586 628 ipsarum
1606 556 2058 626 interpretatione

460 654 743 722 ,conferri.
772 653 949 723 Atque
999 654 1229 708 istorum
1273 652 1437 705 etiam
1476 650 1758 720 plerique,
1812 648 1960 717 quod
2001 648 2058 702 in

486 750 677 799 nostra
700 745 982 799 voluntate
1015 753 1099 799 est
1129 758 1192 798 ac
1219 750 1487 812 potestate
1515 742 1787 806 situm,ex
1814 739 2057 795 siderum

486 849 638 893 motu
664 852 990 907 suspensum
1016 851 1137 891 esse
1153 834 1466 896 voluerunt,
1486 840 1684 887 cuncta
1708 832 2055 898 necessitate,

489 928 637 998 quod
674 928 778 998 ipsi
812 927 980 981 fatum
1019 924 1312 995 appellant,
1343 925 1426 978 sic
1469 935 1725 991 tanquam
1759 922 2059 992 inexplica-

493 1018 695 1072 bilibus
722 1017 1045 1087 quibusdam
1077 1016 1334 1081 vinculis,
1360 1019 1546 1071 nescio
1578 1031 1690 1085 quo
1727 1024 1907 1085 pacto,
1934 1030 2061 1069 con-

481 1106 1150 1179 stringentes,eademque
1196 1121 1392 1161 rursus
1441 1106 1508 1160 ad
1563 1106 1791 1160 deorum
1826 1106 2058 1160 istorum

491 1196 599 1248 vim
627 1211 690 1250 ac
717 1211 916 1249 numen
947 1197 1254 1266 alligantes.
1294 1196 1483 1266 Itaque
1516 1212 1625 1251 non
1649 1197 1787 1251 alios
1829 1197 1945 1251 sive
2001 1197 2058 1251 in

486 1285 724 1355 templis,
757 1286 870 1340 sive
892 1287 944 1340 in
971 1286 1304 1353 simulacris,
1348 1287 1462 1341 sive
1494 1287 1548 1340 in
1597 1287 1719 1342 aliis
1749 1288 2044 1356 ejusmodi,

488 1390 652 1443 quam
705 1374 799 1444 qui
841 1373 936 1428 fati
971 1375 1117 1442 leges
1152 1375 1389 1439 solvunt,
1427 1386 1774 1430 venerantur.
1815 1395 1835 1429 ι
1880 1377 2057 1446 Atque

485 1469 603 1522 haec
637 1483 668 1521 a
704 1467 864 1523 nobis
897 1484 961 1522 ex
998 1468 1213 1522 laudata
1246 1468 1536 1539 Porphyrii
1579 1468 1810 1538 epistola
1852 1470 2057 1538 produ-

482 1567 570 1612 cta
591 1567 777 1625 sunto,
797 1574 919 1627 quae
954 1559 1194 1628 profecto
1222 1560 1507 1614 manifeste
1543 1559 1840 1625 declarant,
1884 1577 1951 1614 ne
1971 1575 2061 1614 ar-

484 1663 678 1704 canam
704 1650 923 1716 quidem
954 1649 1126 1718 ipsam
1154 1649 1531 1720 [Egyptiorum
1556 1651 1885 1721 theologiam
1920 1665 2059 1721 prae-

2157 457 2369 520 τούτοις
2402 456 2708 525 ἀνάψαντες
2747 458 2861 519 τοῖς
2894 455 3056 519 θεοῖς.
3097 456 3253 510 Οὕτω
3282 456 3519 529 λυτῆρας
3554 459 3653 530 τῆς
3676 462 3754 513 εἰ-

2162 548 2449 618 μαρμένης
2476 551 2672 618 μόνους
2719 546 2777 600 ἔν
2820 563 2881 599 τε
2925 548 3090 617 ἱεροῖς
3119 548 3214 601 καὶ
3258 547 3485 614 ξοάνοις,
3517 551 3610 604 καὶ
3642 554 3755 615 τοῖς

2157 638 2337 701 ἄλλοις
2363 638 2746 709 θεραπεύουσι.
2786 656 2806 689 ι
2846 637 3030 691 Ταῦτα
3058 637 3155 708 μὲν
3204 634 3297 692 οὖν
3350 640 3460 693 ἀπὸ
3506 641 3609 710 τῆς
3653 642 3751 714 δη-

2158 726 2420 798 λωθείσης
2471 728 2757 797 ἐπιστολῆς
2808 726 3046 789 κείσθω,
3104 729 3292 797 σαφῶς
3334 729 3749 800 διαγορεύοντα,

2155 818 2240 871 ὅτι
2286 819 2382 872 καὶ
2428 820 2462 891 ή
2511 819 2618 872 τῶν
2665 819 2980 887 Αἰγυπτίων
3028 819 3341 892 ἀπόρρητος
3395 821 3508 892 (55)
3569 822 3750 877 θεολο-

2158 910 2254 978 γία
2279 949 2295 974 ,
2343 911 2462 964 οὐδὲ
2511 911 2706 974 ἄλλους
2759 910 2901 981 πλὴν
2956 911 3064 965 τῶν
3122 914 3245 965 κατ’
3295 912 3524 984 οὐρανὸν
3585 917 3750 970 ἀστέ-

2160 1018 2291 1073 ρων,
2337 1003 2446 1056 τῶν
2489 1020 2548 1055 τε
2585 1002 2840 1055 ἀπλανῶν
2886 1003 3256 1074 καλουμένων,
3292 1004 3387 1058 καὶ⁸
3418 1004 3527 1058 τῶν
3555 1007 3753 1077 ὀνομα-

2159 1093 2401 1163 ζομένων
2452 1093 2738 1163 πλανητῶν
2785 1092 3053 1162 ἐθεολόγει
3078 1136 3093 1160 ,
3138 1095 3473 1166 δημιουργόν
3528 1113 3589 1150 τε
3639 1099 3749 1151 τῶν

2159 1184 2295 1237 ὅλων
2325 1184 2568 1253 εἰσῆγεν,
2602 1184 2887 1238 ούτιναοῦν
2921 1184 3209 1256 ἀσώματον
3229 1226 3244 1249 ,
3288 1187 3411 1241 οὐδὲ
3449 1186 3606 1257 λόγον
3648 1190 3747 1259 δη-

2163 1277 2510 1349 μιουργικὸν,
2545 1276 2665 1330 οὐδὲ
2714 1276 2820 1347 μὴν
2865 1277 3007 1342 θεὸν,
3042 1278 3166 1331 οὐδὲ
3211 1278 3396 1343 θεοὺς,
3443 1282 3563 1334 ούδέ
3595 1298 3747 1346 τινας

2161 1368 2355 1439 νοεράς
2378 1368 2471 1421 καὶ
2504 1369 2729 1436 ἀφανεῖς
2750 1367 3037 1439 δυνάμειςο
3072 1369 3231 1439 μόνον
3260 1369 3319 1423 δὲ
3350 1370 3441 1424 τὸν
3468 1370 3746 1443 ὁρώμενον

2159 1460 2336 1530 ἥλιον·
2364 1458 2447 1512 διδ
2477 1459 2571 1512 καὶ
2607 1458 2787 1529 μόνοις
2807 1462 2922 1523 τοῖς
2953 1460 3172 1531 ἄστροις
3199 1461 3299 1531 τὴν
3326 1461 3435 1514 τῶν
3465 1462 3600 1516 ὅλων
3620 1465 3747 1517 ἀνε-

2159 1550 2378 1604 τίθεσαν
2424 1550 2642 1614 αἱτίαν,
2675 1548 2744 1602 τά
2778 1550 2955 1603 πάντα
3002 1551 3343 1621 εἱμαρμένης
3382 1551 3743 1620 ἐξάπτοντες,

2161 1643 2255 1696 καὶ
2286 1642 2387 1712 τῆς
2418 1641 2527 1694 τῶν
2560 1641 2775 1711 ἄστρων
2806 1641 3073 1713 κινήσεώς
3098 1660 3156 1696 τε
3189 1643 3283 1696 καὶ
3310 1645 3481 1715 φορᾶς
3502 1660 3516 1674 ·
3556 1642 3745 1716 ὥσπερ

483 1748 567 1792 ter
595 1738 718 1792 caeli
760 1737 966 1803 stellas,
998 1748 1114 1792 tum
1149 1754 1271 1809 quae
1310 1749 1627 1797 constantes
1658 1756 1723 1796 ac
1762 1743 1902 1807 lixae,
1939 1752 2054 1796 tum

2157 1731 2349 1802 ἀμέλει
2375 1730 2543 1783 εἰσέτι
2571 1729 2668 1783 καὶ
2695 1729 2791 1783 νῦν
2819 1731 2911 1801 ἥδε
2948 1734 3080 1803 παρ’
3115 1732 3297 1795 αὐτοῖς
3328 1734 3675 1805 κεκράτηκεν
3706 1739 3740 1807 ή

483 1844 607 1899 quae
629 1838 879 1886 errantes
894 1832 1055 1902 vulgo
1086 1832 1462 1897 nominantur,
1497 1833 1634 1889 alios
1663 1834 1804 1888 ullos
1827 1835 2056 1890 deorum

481 1918 591 1989 93
625 1919 677 1973 in
708 1935 935 1976 numero
972 1922 1289 1988 collocasse,
1317 1923 1426 1977 imo
1460 1938 1559 1979 nec
1585 1925 1832 1994 corporis
1863 1940 2059 1994 exper-

484 2019 591 2064 tem
644 2010 879 2080 aliquem
931 2011 1095 2081 hujus
1144 2012 1514 2068 universitatis
1559 2014 1913 2069 architectum
1948 2024 2059 2070 sta-

483 2099 674 2161 tuisse,
704 2114 804 2154 nec
836 2101 1035 2155 rationi
1087 2101 1367 2166 ell‘ectrici,
1416 2118 1518 2158 nec
1543 2103 1646 2158 deo
1681 2103 1854 2159 diisve
1901 2106 2056 2173 ullis,

482 2199 581 2245 aut
597 2191 1019 2261 intelligentibus
1043 2192 1369 2262 quibusdam
1398 2209 1471 2250 ac
1494 2194 1597 2250 sub
1620 2195 1807 2251 oculos
1835 2197 2060 2253 minime

481 2280 804 2337 cadentibus
824 2282 1057 2349 naturis,
1088 2284 1182 2339 sed
1205 2284 1298 2338 uni
1328 2285 1590 2341 duntaxat
1611 2288 1929 2357 aspectabili
1955 2288 2057 2344 soli

480 2369 606 2439 ejus
638 2370 975 2426 molitionem
998 2373 1274 2430 tribuisse.
1304 2374 1488 2445 Itaque
1518 2378 1650 2432 solis
1684 2379 1846 2434 astris
1877 2396 2058 2435 rerum

481 2467 863 2521 universarum
897 2481 1119 2522 causam
1153 2469 1544 2540 assignarunt,
1586 2488 1653 2527 ex
1684 2471 1777 2527 fati
1827 2474 2063 2529 necessi-

480 2566 613 2622 tate,
642 2557 993 2628 siderumque
1023 2567 1170 2613 motu
1202 2567 1255 2614 et
1285 2560 1579 2629 agitatione
1609 2570 1804 2617 cuncta
1839 2577 2061 2631 suspen-

479 2648 704 2714 dentes;
730 2662 852 2718 quaz
880 2648 1101 2718 quidem
1123 2649 1307 2718 Opinio
1338 2651 1481 2720 apud
1509 2650 1631 2705 illos
1658 2652 1925 2721 hodieque
1949 2652 2058 2706 vim

479 2738 674 2793 retinet
699 2752 874 2793 suam.
903 2735 1059 2793 Nunc
1091 2753 1242 2809 ergo,
1271 2755 1395 2795 cum
1429 2750 1483 2795 et
1514 2750 1629 2796 tota
1682 2740 2057 2813 Egyptiorum

479 2829 852 2899 interpretatio
887 2844 999 2885 non
1028 2829 1141 2900 jam
1179 2831 1233 2884 in
1272 2846 1497 2900 corpore
1543 2832 1744 2888 liberas
1790 2834 2059 2889 viventes-

480 2936 586 2991 que
604 2928 854 2987 naturas,
888 2921 986 2977 sed
1036 2921 1092 2976 in
1138 2936 1201 2977 ea
1246 2931 1490 2990 tantum,
1526 2939 1650 2993 quae
1675 2925 1921 2995 quotidie
1948 2940 2061 2982 eer-

2156 1823 2302 1889 δόξα.
2348 1824 2411 1877 Εἰ
2458 1824 2639 1876 τοίνυν
2680 1823 2761 1886 εἰς
2797 1824 2957 1894 μόνον
2988 1824 3057 1877 τά
3108 1823 3362 1897 ὁρώμενα
3394 1825 3487 1878 τοῦ
3541 1827 3745 1897 κόσμου

2159 1916 2420 1983 στοιχεῖα,
2452 1914 2548 1967 καὶ
2576 1912 2727 1966 οὐδὲν
2756 1915 2838 1979 εἰς
2871 1915 3195 1985 ἀσωμάτους
3232 1916 3325 1969 καὶ
3352 1915 3531 1980 ζώσας
3560 1918 3747 1981 ούσίας

2157 2011 2493 2082 ἡρμήνευται
2538 2014 2653 2075 τοῖς
2714 2010 3064 2080 Αἰγυπτίοις’
3119 2010 3187 2063 τά
3244 2010 3301 2064 δὲ
3358 2015 3593 2081 στοιχεῖα
3649 2012 3746 2064 καὶ

2158 2102 2334 2157 πάντα
2375 2102 2446 2156 τά
2478 2103 2652 2174 ὁρατά
2696 2101 2945 2174 σώματα,
2987 2102 3066 2173 τῷ
3097 2102 3215 2174 ἰδίῳ
3247 2104 3391 2174 λόγῳ
3430 2103 3612 2173 ἀψυχα
3649 2103 3745 2157 καὶ

2157 2192 2348 2262 ἀλογα,
2373 2194 2576 2265 ῥευστά
2609 2212 2670 2247 τε
2706 2193 2805 2266 τὴν
2835 2194 2998 2263 φύσιν
3023 2195 3117 2247 καὶ
3153 2194 3368 2267 φθαρτά
3400 2195 3741 2266 καθέστηκε·

2158 2285 2256 2340 θέα
2286 2286 2366 2349 εἰς
2396 2280 2485 2339 οἷα
2516 2285 2679 2339 πάλιν
2721 2285 2901 2339 αὐτῶν
2941 2286 3374 2339 καταπέπτωκεν
3415 2286 3448 2356 ἡ
3473 2286 3741 2355 θεολογία,

2154 2376 2254 2448 τὴν
2279 2376 2486 2445 ἄψυχον
2518 2376 2727 2441 οὐσίαν,
2754 2377 2850 2430 καὶ
2880 2376 2949 2430 τά
2984 2378 3155 2448 νεκρά
3179 2379 3271 2431 καὶ
3303 2378 3486 2447 ἀψυχα
3520 2377 3745 2448 σώματα

2158 2467 2475 2533 θειάζουσα,
2514 2469 2752 2539 μάλιστα
2782 2469 2873 2521 ὅτε
2918 2470 2999 2531 εἰς
3042 2470 3366 2538 ἀσωμάτους
3415 2469 3510 2521 καὶ
3552 2470 3743 2541 νοεράς

2157 2562 2344 2626 οὐσίας
2376 2563 2529 2616 οὐδὲν
2573 2563 2757 2627 αὐτοῖς
2802 2562 3134 2634 ἀνεφέρετο,
3181 2562 3303 2615 οὐδὲ
3351 2562 3444 2615 ἐπὶ
3483 2561 3609 2615 νοῦν
3649 2562 3744 2616 καὶ

2158 2651 2317 2721 λόγον
2348 2652 2740 2723 δημιουργικὸν
2784 2651 2894 2705 τῶν
2930 2652 3085 2706 ὅλων.
3140 2651 3290 2704 Ἐπεὶ
3329 2650 3385 2704 δὲ
3425 2650 3743 2721 προωμολο-

2160 2744 2301 2816 γήθη
2336 2743 2424 2797 διὰ
2458 2743 2570 2797 τῶν
2602 2743 2839 2815 πρόσθεν
2865 2744 2946 2807 εἰς
2980 2743 3245 2813 Ἕλληνας
3271 2744 3402 2814 παρ’
3431 2743 3742 2811 Αἰγυπτίων

2156 2836 2228 2890 τὰ
2256 2828 2357 2905 τῆς
2390 2835 2668 2905 θεολογίας
2704 2834 3184 2906 μετακεκομίσθαι,
3219 2834 3338 2904 ὥρα
3365 2833 3573 2897 τούτοις
3602 2851 3744 2887 στοι-

2160 2930 2274 2997 χεῖν
2304 2928 2399 2980 κα)⁸
2427 2928 2714 2998 Ἕλληνας,
2751 2927 2845 2979 καὶ
2870 2926 2940 2979 τά
2975 2926 3112 2980 αύτά
3142 2926 3459 2995 Αἰγυπτίοις
3498 2925 3744 2995 φυσιολο-

479 3023 704 3081 nuntur,
732 3013 920 3069 mundi
967 3012 1131 3084 hujus
1172 3014 1437 3071 elementa
1477 3014 1826 3083 conferatur,
1871 3027 1925 3074 et
1952 3017 2056 3073 ele-

2160 3018 2299 3085 γεϊν,
2321 3016 2720 3088 ἀπελέγχεσθαί
2743 3034 2803 3071 τε
2825 3017 3022 3081 αὐτοὺς
3046 3017 3197 3070 οὐδὲν
3224 3017 3384 3071 πλέον
3410 3018 3508 3088 τῆς
3533 3018 3744 3088 ἀψύχου

480 3110 663 3159 menta
693 3104 797 3161 ista
820 3105 939 3161 sine
965 3106 1176 3173 animo,
1219 3106 1336 3163 sine
1368 3108 1580 3163 ratione
1602 3149 1618 3175 ,
1646 3122 1712 3164 ac
1743 3107 1905 3165 ﬂuxa:
1935 3125 2056 3179 per-

2162 3078 2298 3179 ύλης
2343 3078 2740 3174 θεοποίούντας.
2772 3111 2955 3164 Ταῦτα
2988 3078 3097 3181 γὰρ
3126 3106 3196 3181 ἦν
3242 3108 3313 3163 τὰ
3365 3078 3539 3179 σεμνά
3578 3078 3744 3176 Ᾰίὲυ.

477 3199 767 3269 euntisque
799 3208 1031 3267 naturae,
1056 3199 1319 3271 peculiari
1349 3201 1585 3271 quadam
1632 3212 1894 3274 certaque
1936 3203 2054 3259 fue-

476 3289 589 3344 rint
616 3290 830 3346 ratione
848 3300 1138 3361 procreata
1166 3309 1179 3345 :
1215 3290 1335 3347 vide
1365 3306 1549 3361 porro,
1572 3308 1809 3364 quonam
1839 3293 2057 3364 delapsa

478 3379 553 3434 sit
578 3380 863 3435 hominum
898 3381 1129 3436 istorum
1159 3382 1450 3453 theologia,
1475 3398 1599 3454 quae
1627 3393 1878 3438 naturam
1905 3400 2059 3440 men-

480 3471 551 3527 tis
574 3480 873 3541 expertem,
904 3481 1230 3543 mortuaque
1282 3481 1338 3528 et
1389 3474 1457 3529 ab
1489 3474 1642 3528 omni
1670 3489 1837 3530 sensu
1885 3491 2056 3531 vacua

477 3577 709 3632 corpora
759 3562 1045 3618 numinum
1100 3562 1274 3618 instar
1321 3564 1700 3629 consecrarit,
1754 3567 2055 3636 praesertim

476 3668 602 3708 cum
637 3653 774 3709 nihil
806 3668 1035 3723 prorsus
1080 3654 1152 3709 ab
1186 3653 1378 3710 iisdem
1413 3655 1498 3710 vel
1530 3655 1599 3710 ad
1634 3655 1945 3726 spirituales
1972 3657 2058 3713 in-

477 3744 891 3815 telligentesque
930 3753 1178 3811 naturas,
1209 3744 1295 3800 vel
1333 3745 1400 3800 ad
1429 3755 1665 3801 mentem
1694 3746 1867 3817 ipsam
1894 3759 2056 3818 atque

477 3837 741 3891 rationem
776 3850 959 3891 rerum
988 3836 1413 3905 procreatricem
1461 3837 1706 3892 omnium
1738 3836 2051 3893 referretur.

476 3924 613 3980 Cum
664 3932 843 3979 autem
897 3939 965 3979 ex
1014 3925 1081 3982 iis
1124 3940 1248 3997 quae
1281 3934 1406 3981 ante
1440 3940 1472 3980 a
1505 3926 1663 3981 nobis
1693 3925 1856 3981 allata
1890 3937 2053 3991 sunt,

479 4025 737 4085 tanquam
767 4023 973 4071 certum
1000 4024 1053 4071 et
1078 4015 1389 4072 confessum
1438 4016 1760 4079 habeamus,
1792 4018 1861 4071 ab
1889 4014 2057 4088 Egy-

476 4108 606 4178 ptiis
632 4108 697 4162 ad
729 4106 1228 4164 Graecosvtraducta
1260 4106 1431 4164 fuisse
1453 4109 1744 4179 theologia:
1773 4109 2053 4179 mysteria,

478 4211 691 4269 tempus
716 4200 903 4270 utique
930 4209 1037 4266 est,
1085 4209 1142 4255 ut
1189 4215 1379 4256 eorum
1429 4201 1497 4257 ad
1555 4202 1786 4257 classem
1838 4199 2055 4257 Graecos

475 4292 639 4345 etiam
670 4292 818 4361 ipsos
844 4307 1195 4365 aggregemus
1217 4334 1233 4355 ,
1269 4292 1500 4363 illosque
1536 4308 1638 4349 nec
1667 4293 1940 4349 diversam
1985 4293 2055 4348 ab

477 4380 747 4453 Egyptiis
800 4382 1218 4453 philosophandi
1268 4384 1533 4437 rationem
1596 4383 1888 4446 habuisse,
1954 4397 2054 4437 nec

474 4486 669 4541 printer
694 4471 987 4526 inanimam
1003 4473 1293 4541 quamdam
1324 4474 1604 4528 materiam
1623 4474 1716 4527 ulli
1733 4474 1957 4528 omnino
1980 4473 2057 4527 rei

475 4562 815 4617 divinitatem
842 4561 1056 4617 dedisse
1076 4564 1487 4619 convincamus.
1524 4566 1633 4618 Ista
1653 4565 1854 4634 quippe
1885 4580 2057 4635 augu-

476 4660 560 4708 sta
597 4648 976 4722 :Egyptiorum
1006 4661 1161 4705 erant
1195 4652 1441 4717 numina,
1487 4653 1942 4722 quemadmodum
1970 4653 2059 4709 ille

476 4746 612 4814 ipse,
649 4758 812 4814 quem
850 4743 1012 4813 paulo
1070 4752 1195 4798 ante
1245 4745 1429 4806 citavi,
1487 4743 1820 4814 Porphyrius
1870 4754 2058 4799 auctor

479 4844 564 4889 est
584 4834 718 4906 (56),
736 4834 865 4889 dum
884 4834 937 4887 in
963 4834 1049 4900 iis,
1067 4849 1206 4902 quos
1228 4833 1299 4887 De
1314 4835 1560 4905 fugiendo
1584 4853 1758 4889 rerum
1783 4836 2057 4890 animata-

482 4942 601 4979 rum
618 4942 708 4980 esu
723 4926 1068 4995 conscripsit,
1091 4925 1156 4980 de
1175 4925 1367 4980 iisdem
1391 4927 1533 4980 hunc
1559 4927 1613 4979 in
1635 4927 1855 4981 modum
1875 4925 2055 4995 loqui-

482 5026 575 5070 tur
614 5033 627 5068 :
671 5034 690 5067 ι
725 5016 807 5071 11ιὶ
841 5025 1023 5071 autem
1056 5016 1126 5070 ab
1153 5015 1256 5070 hoc
1278 5015 1683 5071 exercitationis
1726 5031 1923 5087 genere
1945 5059 1961 5083 ,
2003 5023 2059 5070 et

479 5105 614 5164 inita
653 5124 777 5166 eum
819 5110 1005 5165 divino
1043 5108 1269 5169 numine
1318 5106 1687 5162 familiaritate
1738 5106 2052 5179 progressi,

553 5267 667 5339 (55)
718 5269 1086 5337 Ἄπόρῤητος.
1128 5266 1208 5321 Ita
1254 5280 1387 5322 mss.
1434 5265 1617 5331 ambo,
1663 5280 1772 5319 non
1825 5264 2055 5336 ὲπίρρη-

480 5357 593 5402 τος,
626 5349 686 5393 ut
714 5346 841 5408 ante
871 5339 1169 5408 legebatur.

552 5408 665 5480 (56)
706 5407 883 5480 Locus
925 5403 1022 5480 est
1050 5406 1333 5480 Porphyrii
1377 5405 1472 5460 lib.
1521 5419 1575 5458 Iv
1608 5403 1788 5470 :ﬂspl
1837 5404 2047 5480 4301.,

480 5473 695 5534 duobus
723 5477 815 5531 fol.
844 5484 965 5546 post
1011 5473 1259 5543 initium';
1302 5482 1504 5530 recent.
1558 5483 1739 5528 autem
1777 5473 2049 5546 editionis

482 5564 606 5620 pag.
637 5548 759 5601 572.
787 5544 976 5616 Magna
1002 5548 1218 5620 quidem
1250 5546 1323 5620 ibi
1350 5546 1639 5620 lectionum
1673 5544 1911 5620 varietas
1942 5552 2047 5620 est,

481 5611 654 5688 eaque
698 5632 839 5688 saepe
871 5611 979 5688 non
1009 5611 1382 5688 improbanda,
1411 5617 1609 5686 sa-pius
1644 5614 1923 5671 mendosa.
1960 5611 2042 5668 ln~

484 5686 796 5759 terpretem,
825 5688 870 5743 si
897 5686 1065 5754 lubet,
1098 5687 1347 5742 consule.

2159 3199 2332 3252 πτίων
2362 3199 2506 3254 κατὰ
2533 3200 2631 3271 τὴν
2665 3200 2756 3254 τοῦ
2797 3201 3168 3273 δεδηλωμένου
3209 3200 3567 3271 συγγραφέως
3608 3218 3749 3272 γρα-

2161 3292 2296 3362 φήν·
2322 3292 2470 3357 ὅστις
2520 3291 2683 3346 πάλιν
2729 3294 2789 3346 ὲν
2833 3288 2915 3356 οἷς
2961 3291 3241 3363 ἐπέγραψε
3275 3291 3417 3359 Περί
3471 3291 3583 3361 τῆς
3625 3291 3745 3345 τῶν

2156 3381 2445 3452 ἐμψύχων
2472 3381 2733 3452 ἀποχῆς,
2770 3382 2993 3436 τοιαῦτα
3033 3382 3162 3453 περὶ
3193 3381 3300 3434 τῶν
3336 3381 3513 3435 αὐτῶν
3548 3381 3741 3447 διέξει-

2161 3487 2265 3525 σινο
2300 3491 2319 3524 ι
2358 3473 2491 3526 Ἀπὸ
2518 3472 2575 3525 δὲ
2600 3472 2804 3542 ταύτης
2839 3472 3148 3544 ὁρμώμενοι
3174 3473 3276 3543 τῆς
3308 3474 3614 3553 ἀσκήσεως..
3646 3472 3741 3526 καὶ

2157 3563 2256 3633 τῆς
2288 3562 2424 3636 πρὸς
2442 3563 2503 3616 τὸ
2521 3562 2676 3618 Θεῖον
2709 3563 3056 3627 οἰκειώσεως,
3085 3563 3329 3632 ἔγνωσαν
3357 3562 3432 3626 ώς
3461 3564 3521 3615 ού
3550 3562 3619 3617 δι’
3647 3564 3714 3617 ἀν

2158 3655 2379 3726 θρώπου
2415 3655 2575 3728 μόνου
2608 3656 2668 3711 τὸ
2707 3656 2860 3710 Θεῖον
2891 3655 3101 3727 διῆλθεν
3120 3673 3133 3686 ·
3157 3653 3282 3708 οὔτε
3310 3653 3456 3726 ψυχὴ
3500 3656 3561 3707 ὲν
3593 3654 3739 3727 μόνῳ

2162 3746 2435 3819 ἀνθρώπῳ
2488 3749 2583 3802 ἐπὶ
2641 3746 2746 3818 γῆς
2796 3748 3243 3818 κατεσκήνωσεν,
3296 3745 3432 3800 ἀλλὰ
3474 3746 3656 3816 σχεδὸν
3701 3748 3734 3817 ἡ

2156 3836 2294 3907 αὐτὴ
2324 3836 2411 3890 διά
2452 3837 2671 3891 πάντων
2702 3833 2833 3907 ἦλθε
2880 3836 2991 3889 τῶν
3034 3834 3211 3900 ζώων.
3239 3835 3331 3889 Διδ
3379 3837 3459 3899 εἰς
3489 3835 3587 3906 τὴν
3621 3834 3739 3888 θεο-

2158 3928 2339 3979 ποιῖαν
2371 3925 2677 3999 παρέλαϐον
2712 3928 2818 3980 πᾶν
2856 3924 3013 3991 ζώον,
3042 3926 3133 3979 καὶ
3177 3925 3379 3995 ὁμοίως
3413 3942 3516 3980 που
3547 3925 3739 3996 ἀνέμιο

2157 4015 2253 4083 ξαν
2286 4015 2449 4089 θηρία
2477 4016 2573 4070 καὶ
2601 4015 2938 4087 ἀνθρώπους,
2969 4018 3061 4069 καὶ
3093 4016 3253 4070 πάλιν
3272 4016 3473 4088 ὀρνέων
3508 4016 3737 4086 σώματα

2159 4108 2250 4161 καὶ
2279 4105 2600 4179 ἀνθρώπων.
2635 4107 2896 4160 Είκασται
2934 4108 3041 4179 γάρ
3074 4125 3157 4172 τις
3189 4109 3318 4179 παρ’
3355 4109 3536 4170 αὐτοῖς
3573 4106 3736 4177 μέχρι

2155 4199 2426 4271 τραχήλου
2464 4198 2902 4271 ἀνθρωποειδὴς,
2929 4199 2990 4252 τὸ
3029 4199 3088 4252 δὲ
3128 4199 3417 4271 πρόσωπον
3447 4198 3633 4268 όρνέου
3652 4235 3669 4260 ,
3699 4196 3733 4267 ἢ

2155 4289 2385 4355 λέοντος,
2415 4290 2448 4360 ἢ
2481 4272 2641 4344 ἄλλου
2671 4290 2818 4353 τινὸς
2849 4288 2989 4355 ζώου
3034 4287 3401 4359 κεκτημένος
3445 4286 3540 4339 καὶ
3574 4286 3735 4339 πάλιν

2157 4376 2223 4435 αὖ
2254 4379 2465 4451 κεφαλὴ
2489 4380 2845 4451 ἀνθρώπειος,
2883 4382 2979 4434 καὶ
3004 4379 3180 4433 ἀλλων
3203 4378 3364 4431 τινῶν
3391 4376 3544 4442 ζώων
3567 4377 3731 4447 μέρη,

2164 4472 2239 4542 πῆ
2271 4471 2371 4542 μὲν
2404 4471 2758 4542 ὑποκείμενα,
2796 4472 2871 4543 πῆ
2892 4470 2949 4524 δὲ
2976 4469 3316 4540 ἐπικείμενα.
3345 4469 3422 4521 Δι’
3450 4461 3523 4522 ὧν
3547 4468 3736 4538 δηλοῦ-

2163 4582 2266 4628 σιν,
2295 4566 2376 4618 ὃτι
2408 4567 2548 4618 κατὰ
2579 4563 2805 4636 γνώμην
2828 4563 2967 4617 θεῶν
2997 4564 3092 4616 καὶ
3124 4560 3297 4616 ταῦτα
3344 4561 3591 4632 ἀλλήλοις
3621 4576 3734 4613 κοι-

2159 4658 2335 4721 νωνεῖ,
2371 4657 2465 4709 καὶ
2489 4655 2765 4728 σύντροφα
2788 4657 2920 4727 ἡμῖν
2953 4655 3045 4708 καὶ
3076 4652 3310 4707 τιθασσά
3350 4654 3464 4706 ἐστι
3494 4652 3602 4705 τῶν
3629 4651 3729 4722 θη-

2162 4744 2293 4816 ρίων
2341 4745 2410 4797 τά
2450 4743 2656 4816 ἄγρια,
2693 4746 2792 4797 ούκ
2835 4745 2962 4799 ἀνευ
3006 4744 3150 4808 τινὸς
3200 4742 3350 4807 θείας
3400 4742 3727 4813 βουλήσεως.

2163 4836 2322 4891 Ὅθεν
2345 4838 2437 4890 καὶ
2469 4838 2498 4890 ὁ
2526 4836 2663 4891 λέων
2692 4836 2767 4900 ὼς
2800 4835 2920 4899 θεὸς
2944 4835 3326 4909 θρησκεύεται,
3354 4836 3447 4889 καὶ
3482 4834 3645 4905 μέρος
3676 4850 3731 4885 τι

2157 4927 2255 4999 τῆς
2284 4926 2578 4996 Αἰγύπτου,
2608 4927 2637 4979 ὃ
2661 4926 2884 4979 καλοῦσι
2912 4926 3094 4996 νομὸν,
3120 4925 3403 4997 ἐπώνυμον
3432 4925 3543 4995 ἔχει
3565 4926 3731 4977 Λεον-

2154 5017 2462 5089 τοπολίτην,
2493 5017 2620 5070 ἀλλο
2648 5017 2707 5070 δὲ
2751 5017 3071 5088 Βουσιρίτην
3091 5058 3105 5079 ,
3145 5018 3239 5070 καὶ
3277 5018 3404 5071 ἄλλο
3435 5015 3731 5070 Κυνοπολί-

2155 5127 2255 5183 την
2284 5110 2417 5181 (57).
2456 5110 2567 5181 Τὴν
2595 5109 2703 5179 γάρ
2731 5109 2822 5161 ὲπί
2854 5110 3031 5162 πάντα
3072 5108 3300 5179 δύναμιν
3339 5109 3426 5162 διά
3459 5107 3569 5162 τῶν
3604 5123 3729 5159 συν-

2227 5261 2340 5332 (57)
2380 5261 2823 5332 Κυνοπολίτην.
2868 5260 3119 5316 Excusus
3163 5259 3324 5332 alter_
3356 5258 3729 5313 habet-Amto-

2156 5328 2399 5402 πολίτην.
2434 5332 2617 5402 Elige.
2655 5330 2898 5402 Utroque
2935 5333 3158 5385 nomine
3189 5328 3728 5402 praefecturasglsgy-

2154 5411 2281 5470 ptus
2311 5395 2499 5456 h'abuit
2522 5395 2553 5471 Si
2581 5401 2650 5455 de
2695 5395 2895 5471 quibus
2947 5416 3012 5455 ac
3053 5395 3265 5471 ueteris
3294 5399 3521 5471 consule
3548 5395 3730 5471 Ptole-

2155 5466 2371 5535 inazum,
2415 5466 2738 5526 Strabonem
2781 5470 2877 5524 lib.
2908 5486 3015 5524 xvn
3039 5469 3325 5537 ;,Plinium
3365 5469 3459 5523 lib.
3494 5483 3547 5530 v.
3582 5482 3633 5521 c.
3668 5466 3725 5520 9.

2152 5540 2272 5611 Non
2307 5542 2478 5603 deest,
2511 5541 2564 5593 in
2591 5555 2703 5611 quo
2726 5541 2804 5594 illi
2827 5540 3161 5611 discrepent.
3184 5538 3451 5594 Busirites
3477 5537 3723 5607 quidem,

2152 5610 2441 5681 Ptolemazo
2466 5609 2806 5681 Βουσὶρίτης,
2840 5620 2901 5665 ut
2952 5609 3073 5676 hic;
3127 5609 3405 5681 Straboni,
3435 5617 3489 5663 et
3520 5621 3726 5681 escuso

2152 5680 2474 5753 Porphyrio,
2525 5675 2876 5753 Βουσειρίτης
2929 5696 3027 5751 per
3062 5675 3503 5751 diphthongum.
3562 5675 3727 5730 Notat
