4156 6416
438 339 543 396 175

1626 345 1945 403 ΡΒΕΡΑΒ.
1982 343 2237 401 EVANG.
2281 342 2408 399 LIB.
2450 346 2540 401 III.

3567 353 3671 410 174

436 456 616 526 νόμων
644 455 817 522 ζώων,
850 457 916 530 ἦν
957 458 1186 525 ἕκαστος
1234 460 1344 533 (58)
1386 461 1495 515 τῶν
1532 461 1670 515 θεῶν
1704 462 1986 534 παρέσχεν

2106 474 2280 528 neque
2302 459 2636 516 divinitatem
2667 461 2843 518 solum
2868 460 3142 519 hominem
3167 478 3466 534 permeare,
3499 481 3676 536 neque

436 546 829 617 ἐθρήσκευσαν.
871 550 1055 621 ’Ύδωρ
1087 551 1144 603 δὲ
1180 553 1274 605 κα)⁵
1313 551 1424 623 πῦρ
1458 554 1722 617 σέϐονται,
1756 552 1824 606 τὰ
1867 554 2001 606 κάλ-

436 636 591 690 λιστα
619 637 728 709 (59)
758 639 865 693 τῶν
921 642 1197 711 στοιχείων
1215 683 1230 707 ,
1272 644 1346 707 ὡς
1382 643 1552 697 ταῦτα
1583 644 1876 698 αἰτιώτατα
1904 644 2002 714 τῆς

438 731 708 801 σωτηρίας
737 730 912 801 ἡμῶν,
932 733 1039 785 Kal.
1070 732 1240 787 ταῦτα
1258 734 1563 799 δεικνύντες
1593 739 1651 789 ὲν
1681 738 1793 799 τοῖς
1818 738 2000 807 ἱεροῖς,

435 818 511 884 ὥς
540 838 643 874 που
672 820 751 875 ἔτι
792 823 885 875 καὶ
915 822 1008 876 νῦν
1042 825 1098 876 ὲν
1126 827 1192 896 τῇ
1242 824 1441 891 ἀνοίξει
1490 825 1586 879 τοῦ
1631 826 1787 896 ἁγίου
1826 827 2003 898 Σαρά-

437 911 604 975 πιδος,
636 912 672 983 ἦ
700 930 759 964 τε
789 912 1051 985 θεραπεία
1080 915 1166 968 διὰ
1206 916 1376 987 πυρὸς
1411 918 1505 971 καὶ
1540 916 1726 982 ὓδατος
1770 918 1998 988 γίνεται,

434 1001 699 1065 λείϐοντος
739 1002 830 1056 τοῦ
864 1002 1108 1072 ὑμνῴδου
1139 1002 1202 1056 τὸ
1231 1001 1401 1075 ὕδωρ,
1437 1004 1613 1058 καὶτὸ
1647 1004 1757 1077 πῦρ
1790 1005 2003 1074 φαίνον-

433 1112 542 1157 τος,
579 1096 813 1163 ὁπηνίκα
867 1096 1040 1160 ἑστὼς
1088 1096 1181 1150 ἐπὶ
1220 1097 1315 1151 τοῦ
1357 1097 1511 1151 οὐδοῦ
1546 1097 1656 1170 (60)
1686 1100 1753 1169 τῇ
1789 1100 2001 1171 πατρίῳ

432 1186 539 1239 τῶν
573 1188 881 1256 Αἰγυπτίων
923 1192 1070 1260 φωνῇ
1122 1189 1321 1263 ἐγείρει
1369 1190 1460 1244 τὸν
1513 1190 1650 1244 θεόν.
1704 1191 1866 1245 Ταῦτ’
1909 1189 2001 1247 οὖν

434 1279 679 1332 σέϐονται
708 1280 817 1349 (6i)
850 1280 918 1333 τὰ
952 1281 1171 1352 μέτοχα,
1200 1282 1294 1335 καὶ
1330 1282 1561 1353 μάλιστα
1599 1283 1759 1337 πλέον
1795 1282 1999 1337 τούτων

432 1371 737 1444 ὲσέφθησαν
767 1372 835 1426 τὰ
868 1373 944 1437 ὡς
985 1374 1078 1427 ἐπὶ
1117 1372 1276 1427 πλέον
1317 1373 1426 1427 τῶν
1474 1375 1633 1449 ἱερῶν
1670 1376 1995 1447 μετέχοντα·

430 1461 652 1515 τοιαῦτα
675 1462 731 1515 δὲ
754 1465 931 1519 πάντα
954 1464 1023 1517 τὰ
1051 1463 1188 1529 ζῶα·
1213 1464 1336 1517 ἐπεὶ
1359 1464 1452 1518 καὶ
1472 1465 1757 1538 ἄνθρωπον
1780 1464 1998 1518 σέϐουσι

430 1553 570 1607 κατὰ
590 1554 809 1608 ’Δναϐιν
824 1555 933 1626 (62)
954 1554 1166 1627 κώμην,
1184 1556 1242 1610 ὲν
1320 1556 1413 1611 καὶ
1430 1555 1633 1609 τούτων
1654 1556 1762 1627 (65)
1787 1556 1997 1620 θύεται,

429 1646 523 1699 xal.
552 1647 645 1699 ἐπὶ
694 1647 801 1700 τῶν
850 1647 1045 1719 βωμῶν
1076 1649 1144 1702 τὰ
1183 1649 1304 1721 ἱερὰ
1350 1649 1651 1703 ὲκκαίεται.
1686 1650 1745 1702 '0
1792 1649 1850 1702 δὲ
1881 1652 1999 1720 μετ’

427 1738 605 1807 ὀλίγον
638 1740 799 1808 φάγοι
831 1740 897 1794 ἂν
931 1738 1007 1794 τέί
1039 1740 1147 1794 ἴδια
1173 1740 1341 1812 αὐτῷ,
1381 1741 1455 1805 ὡς
1487 1740 1780 1811 ἀνθρώπῳ,
1824 1757 1999 1813 παρε-

2104 551 2158 605 in
2198 551 2356 607 terris
2377 552 2621 609 animum
2661 555 2778 610 solo
2810 554 2867 609 in
2900 556 3119 611 homine
3146 557 3482 612 domicilium
3514 574 3676 614 suum

2103 642 2368 710 posuisse,
2404 642 2498 697 sed
2537 659 2706 698 unum
2750 647 3107 715 eumdemque
3139 647 3321 700 omnia
3353 663 3520 717 prope
3553 649 3679 703 ani-

2103 729 2309 783 mantia
2339 730 2643 799 pervasisse
2667 740 3023 800 agnoverunt.
3058 731 3244 802 Itaque
3272 733 3326 788 in
3356 733 3675 804 cilingendis

2104 821 2594 893 consecrandisque
2627 824 2912 879 numinum
2944 824 3272 891 simulacris,
3300 828 3449 881 omni
3475 842 3675 897 genere

2103 913 2417 968 animalium
2435 915 2541 975 usi.
2572 914 2716 971 feras
2751 917 3042 985 aliquando
3071 932 3194 970 cum
3232 917 3544 974 hominibus
3567 936 3676 976 una

2103 1006 2405 1072 miscuere,
2455 1007 2747 1077 aliquando
2805 1009 2985 1062 avium
3039 1008 3237 1076 pariter
3282 1012 3675 1083 hominumque

2103 1112 2330 1167 corpora
2361 1097 2713 1167 coniunxere.
2758 1096 2959 1155 Videas
2990 1101 3133 1155 enim
3173 1102 3314 1171 apud
3352 1104 3501 1174 ipsos
3535 1104 3674 1159 ima-

2104 1189 2256 1258 gines
2285 1191 2549 1260 quasdam
2582 1191 2792 1247 cervice
2822 1202 2979 1247 tenus
3019 1193 3257 1249 humana
3291 1198 3489 1266 specie,
3520 1198 3675 1255 vultu

2102 1290 2286 1336 autem
2340 1281 2503 1337 modo
2539 1284 2834 1347 volucrem,
2871 1285 3035 1340 modo
3087 1287 3331 1350 leonem,
3387 1300 3480 1344 aut
3524 1291 3674 1346 aliud

2102 1372 2330 1442 quodvis
2354 1374 2556 1427 animal
2591 1373 2886 1432 referentes
2914 1395 2927 1431 :
2966 1379 3210 1449 aliasque
3252 1396 3469 1435 rursum
3495 1383 3674 1451 capite

2102 1464 2320 1534 quidem
2348 1464 2630 1520 hominum
2675 1466 2918 1532 similes,
2980 1470 3204 1541 reliquis
3244 1488 3373 1527 vero
3426 1473 3673 1542 partibus

2102 1555 2352 1625 corporis
2383 1556 2546 1611 modo
2592 1556 2940 1615 inferioribus
2966 1598 2981 1624 ,
3033 1563 3199 1616 modo
3256 1564 3626 1633 superioribus
3649 1604 3668 1629 ,

2103 1646 2332 1701 aliarum
2362 1647 2720 1702 animantium
2773 1648 3003 1705 formam
3037 1653 3404 1711 ostendentes.
3461 1653 3675 1721 Quibus

2104 1737 2182 1791 illi
2204 1737 2565 1807 signiﬁcatum
2592 1739 2815 1803 volunt,
2855 1750 2908 1795 et
2956 1740 3182 1796 deorum
3210 1743 3450 1812 ipsorum
3475 1747 3674 1800 volun-

430 1831 792 1901 σκευασμένα.
821 1832 908 1895 Ὣς
956 1828 1049 1885 οῦν
1080 1808 1367 1903 ἀνθρώπου
1422 1808 1705 1899 ἀφεκτέον,
1730 1808 1875 1886 οὕτω
1904 1808 1986 1887 καῚ

2102 1834 2215 1881 tate
2249 1827 2592 1898 consilioque
2621 1827 2758 1892 ﬁeri,
2787 1836 2848 1884 ut
2884 1829 2976 1884 illa
3011 1830 3152 1886 inter
3180 1808 3302 1888 sese
3335 1842 3529 1891 mutuo
3577 1836 3674 1892 de-

425 1921 535 1976 τῶν
566 1923 757 1977 ἄλλων.
790 1924 911 1976 Ἔτι
944 1923 1002 1976 δὲ
1037 1924 1102 1977 ὲκ
1134 1923 1392 1993 περιττῆς
1426 1924 1614 1992 σοφίας
1635 1922 1744 1996 (64)
1776 1925 1868 1977 καὶ¹
1898 1925 1999 1996 τῆς

428 2015 557 2085 περὶ
603 2014 664 2068 τὸ
693 2016 846 2073 Θεῖον
890 2014 1213 2084 συντροφίας
1254 2015 1549 2068 κατέλαϐον
1587 2033 1697 2069 τισι
1730 2015 1838 2070 τῶν
1862 2016 1998 2071 θεῶν

424 2104 697 2176 προσφιλῆ
718 2105 824 2157 τῶν
853 2104 1005 2169 ζώων
1026 2105 1147 2158 τινὰ
1171 2106 1368 2177 μᾶλλον
1396 2107 1715 2180 ἀνθρώπων,
1755 2108 1831 2171 ὡς
1861 2107 1998 2181 ἡλίῳ

428 2194 551 2266 ἱερὰ
584 2195 721 2266 (65),
761 2196 854 2249 καὶ
885 2196 1175 2267 σύμπασαν
1206 2197 1305 2267 μὲν
1345 2198 1444 2268 τὴν
1478 2198 1639 2266 φύσιν
1669 2198 1728 2263 ἐξ
1766 2199 1994 2269 αἵματος

426 2286 618 2356 ἔχοντα
640 2287 732 2341 καὶ
759 2288 1064 2357 πνεύματος
1085 2306 1098 2318 ·
1132 2290 1464 2361 οἱκτείροντα
1487 2290 1543 2344 δὲ
1572 2291 1665 2343 καὶ
1686 2289 1989 2363 ἄνθρωπον,

425 2379 522 2432 καὶ
553 2379 829 2432 κωκύοντα
858 2380 949 2432 ἐπὶ
980 2379 1158 2450 νεκρῷ
1194 2382 1452 2453 κειμένῳ,
1484 2382 1589 2453 γῆν
1603 2399 1662 2435 τε
1692 2382 1990 2455 ὲπαμώμε-

425 2484 491 2522 να
514 2467 643 2538 (66).
667 2487 686 2519 ι
718 2469 827 2521 Καὶ
855 2468 989 2539 μετὰ
1005 2469 1209 2541 βραχέα
1237 2470 1371 2542 φησί
1390 2488 1405 2501 υ
1435 2490 1455 2523 ι
1477 2470 1766 2544 Κανθάρου
1790 2472 1847 2526 δὲ
1877 2472 1988 2545 (67)

422 2556 640 2629 ἀμαθὴς
687 2558 785 2628 μὲν
822 2557 1130 2629 βδελυχθείη
1164 2560 1230 2612 ἂν
1284 2559 1553 2632 ἀγνώμων
1581 2561 1838 2633 ὑπάρχων
1880 2562 1990 2617 τῶν

420 2648 581 2703 θείων
598 2666 612 2680 '
630 2650 911 2718 Αἰγύπτιοι
940 2651 994 2704 δὲ
1017 2652 1342 2723 ἐσὲφθηταν,
1374 2653 1450 2717 ὡς
1470 2652 1653 2707 εἰκόνα
1706 2651 1862 2721 ἡλίου
1888 2655 1989 2727 ἔμ-

416 2742 608 2816 ψῦχον.
624 2745 907 2817 Κάνθαρος
935 2745 1044 2818 γὰρ
1072 2750 1176 2810 ττΞς
1202 2747 1503 2818 ἄῤῥην,καὶ
1524 2749 1705 2818 ἀφιεὶς
1717 2748 1809 2802 τὸν
1833 2749 1988 2821 θορὸν

419 2836 477 2889 ἐν
518 2836 763 2908 τέλματι,
799 2838 893 2892 καὶ
925 2841 1154 2911 ποιήσας
1204 2840 1545 2912 σφαιροειδῆ,
1574 2843 1688 2904 τοῖς
1721 2840 1987 2906 ὀπισθίοις

419 2928 778 3001 ἀνταναφέρει
820 2932 998 2993 ποσὶν,
1032 2932 1107 2995 ὡς
1133 2932 1319 2993 Ἥλιος
1343 2932 1592 3002 οὐρανὸν,
1622 2931 1717 2985 καὶ
1741 2931 1988 3002 περίοδον

418 3018 641 3091 ἡμερῶν
672 3021 950 3092 ἐκδέχεται
965 3021 1073 3093 (68)
1106 3022 1448 3095 σεληνιακήν.
1474 3021 1629 3076 Οὕτω
1653 3021 1711 3074 δὲ
1741 3021 1835 3076 καὶ
1858 3022 1987 3092 περῦ⁸

2101 1926 2247 1988 gant,
2287 1933 2388 1973 nec
2416 1918 2536 1975 sine
2566 1920 2879 1975 eorumdem
2913 1922 3137 1978 numine
3169 1925 3384 1981 evenire
3404 1966 3419 1989 ,
3458 1936 3516 1980 ut
3546 1926 3673 1982 ferae

2097 2010 2473 2081 immanesque
2511 2011 2622 2083 94.
2650 2013 2840 2069 bellua:
2874 2030 2980 2069 non
3009 2015 3322 2073 cicurentur
3356 2019 3539 2087 modo,
3573 2020 3671 2076 sed

2097 2103 2382 2157 nobiscum
2426 2106 2588 2158 etiam
2634 2105 2817 2175 aliqua
2876 2106 3001 2161 vitae
3037 2106 3295 2164 societate
3339 2112 3670 2182 eonjungan-

2095 2202 2202 2248 tur.
2239 2194 2424 2263 Itaque
2450 2195 2520 2249 ab
2554 2195 2621 2251 iis
2651 2197 2735 2251 leo
2768 2206 3029 2268 tanquam
3067 2199 3200 2254 deus
3228 2200 3458 2268 colitur,
3504 2202 3670 2274 Egy-

2091 2287 2280 2358 ptique
2307 2301 2438 2356 pars
2469 2287 2649 2357 aliqua
2681 2287 3078 2358 (praefecturam
3133 2292 3236 2360 ipsi
3287 2293 3507 2363 vocant)
3548 2294 3670 2363 ejus

2093 2386 2453 2449 cognomento
2477 2379 2913 2449 Leontopolites;
2945 2381 3053 2436 alia
3084 2381 3381 2448 Busirites,
3431 2398 3462 2438 a
3492 2384 3665 2451 bove;

2092 2471 2200 2526 alia
2227 2468 2578 2540 Cunopolltes
2604 2486 2635 2525 a
2664 2486 2800 2527 cane
2843 2480 3209 2542 nuncupatur.
3259 2472 3550 2528 Enimvero
3587 2474 3668 2530 sic

2090 2562 2168 2617 illi
2195 2577 2463 2616 summam
2498 2562 2552 2615 in
2591 2577 2680 2619 res
2715 2577 2907 2619 omnes
2950 2561 3045 2619 Dei
3090 2573 3410 2634 potestatem
3436 2606 3452 2626 ,
3498 2581 3664 2636 quam

2089 2668 2187 2723 per
2212 2653 2518 2709 animantes
2553 2662 2746 2708 natura
2776 2670 2959 2710 secum
3008 2639 3278 2726 pastuque
3306 2656 3663 2725 coniunctas,

2090 2760 2228 2816 quas
2255 2745 2479 2801 deorum
2506 2746 2703 2817 singuli
2739 2746 3118 2811 declararunt,
3172 2749 3417 2803 venerari
3466 2750 3662 2805 solent.

2088 2838 2300 2907 Aquam
2324 2848 2504 2893 autem
2543 2847 2596 2893 et
2624 2839 2825 2908 ignem,
2849 2838 3242 2893 elementorum
3266 2842 3495 2909 optima,
3527 2840 3665 2895 divi-

2088 2929 2177 2984 nis
2223 2928 2546 2995 honoribus,
2581 2937 2838 2997 tanquam
2886 2927 3207 2998 praacipuas,
3238 2928 3667 2985 salutis'nostrtn

2088 3033 2305 3084 causas,
2341 3028 2771 3089 prosequuntur.
2809 3018 2988 3088 Atque
3032 3018 3146 3073 haec
3178 3018 3232 3072 in
3263 3018 3396 3089 ipsis
3444 3034 3665 3089 quoque

418 3109 577 3181 κριοῦ
606 3127 658 3163 τι
692 3111 1062 3181 φιλοσοφοῦσι,
1097 3113 1191 3166 καὶ
1212 3111 1338 3167 ἄλλο
1369 3129 1420 3165 τι
1456 3111 1587 3183 περὶ
1621 3111 1984 3183 κροκοδείλου,

2088 3110 2305 3180 templis
2340 3110 2672 3165 ostendunt:
2705 3125 2828 3165 eum
2858 3110 2917 3164 in
2950 3124 3106 3166 sacra
3137 3107 3414 3180 Serapidis
3438 3111 3552 3166 aede
3577 3128 3664 3169 ret-

418 3201 545 3272 περί
577 3218 637 3255 τε
668 3202 841 3270 γυπὸς
867 3204 961 3257 καὶ
983 3203 1161 3271 ἴϐεως,
1199 3203 1294 3257 καὶ
1326 3203 1462 3267 ὅλως
1482 3201 1602 3256 καθ’
1621 3201 1849 3255 ἕκαστον
1875 3201 1984 3257 τῶν

2091 3201 2342 3267 seranda,
2370 3200 2630 3257 solemnis
2681 3199 3010 3271 expiationis
3056 3200 3195 3256 ritus
3229 3200 3355 3271 igne
3403 3202 3567 3257 simul
3608 3212 3664 3259 et

416 3289 583 3357 ζώων
602 3292 678 3355 ὡς
710 3293 776 3346 ἐκ
815 3295 1128 3365 φρονήσεως
1155 3294 1249 3347 καὶ
1278 3293 1379 3364 τῆς
1410 3292 1549 3362 ἄγαν
1578 3290 1861 3360 θεοσοφίας
1893 3291 1986 3345 ἐπὶ

2092 3307 2235 3362 aqua
2268 3292 2323 3347 in
2359 3292 2680 3347 hodiernum
2712 3306 2886 3362 usque
2905 3290 3049 3346 diem
3077 3292 3263 3362 peragi
3292 3294 3661 3360 consueverit,

414 3383 476 3437 τὸ
513 3383 675 3448 σέϐας
700 3383 874 3438 ἐλθεῖν
900 3385 993 3439 καὶ
1024 3385 1130 3453 τῶν
1164 3384 1336 3449 ζώων.
1368 3404 1388 3438 r

2091 3381 2214 3451 ipso
2242 3381 2502 3436 nimirum
2530 3390 2862 3452 praecentore
2891 3395 3091 3450 aquam
3122 3380 3345 3449 libante,
3373 3382 3663 3453 ignemque

413 3477 751 3547 praeferente,
778 3481 906 3535 dum
951 3479 1019 3535 ad
1062 3480 1250 3551 templi
1287 3478 1615 3536 vestibulum
1671 3477 1844 3548 patria
1880 3476 2260 3549 Egyptiorum
2285 3478 2470 3550 lingua
2503 3477 2666 3533 deum
2696 3476 3014 3532 exsuscitat.
3057 3475 3183 3532 Haec
3210 3476 3378 3548 igitur
3424 3476 3526 3548 ipsi
3575 3496 3669 3533 co-

413 3572 551 3639 lunt,
581 3574 725 3645 quod
762 3575 998 3646 aliquam
1022 3574 1257 3631 habeant
1306 3590 1429 3631 cum
1459 3574 1622 3631 rebus
1671 3574 1843 3629 sacris
1892 3572 2365 3639 communionem;
2409 3572 2504 3629 sed
2541 3585 2605 3627 ea
2648 3570 3029 3641 potissimum,
3074 3583 3310 3640 quorum
3370 3568 3484 3625 fere
3535 3586 3664 3640 per-

412 3677 608 3739 petuus
649 3669 842 3724 iisdem
898 3669 955 3723 in
1005 3668 1179 3725 sacris
1223 3683 1358 3724 usus
1407 3681 1529 3724 esse
1591 3666 1766 3735 solet,
1823 3667 2031 3739 majore
2096 3683 2261 3739 quam
2313 3675 2508 3723 cetera
2554 3665 2703 3723 cultu
2754 3673 3119 3733 venerantur;
3176 3665 3479 3736 cnjusmodi
3530 3675 3661 3722 sunt

410 3766 606 3816 cuncta
632 3758 990 3815 animantium
1026 3773 1242 3831 genera.
1274 3757 1411 3813 Nam
1444 3766 1497 3813 et
1518 3758 1725 3814 homini
1750 3773 1989 3830 quoque,
2030 3760 2174 3815 circa
2207 3774 2406 3831 pagum
2451 3773 2611 3830 quem
2663 3758 2877 3814 Anabin
2910 3767 3128 3824 vocant,
3174 3758 3391 3816 divinos
3421 3759 3659 3815 honores

412 3854 684 3922 tribuunt,
739 3856 899 3926 eique
928 3854 1255 3911 sacriﬁcium
1314 3852 1571 3919 offerunt,
1603 3862 1658 3910 et
1690 3854 1974 3924 impositas
2013 3854 2277 3911 altaribus
2309 3855 2559 3911 victimas
2595 3853 2833 3909 adolent.
2880 3853 2975 3909 Ille
3013 3867 3144 3908 vero
3193 3853 3358 3923 paulo
3416 3862 3538 3923 post
3592 3868 3656 3909 ea

409 3960 622 4007 tantum
655 3950 927 4017 comedit,
955 3963 1076 4021 quae
1102 3948 1207 4005 sibi
1227 3963 1293 4003 ex
1323 3947 1533 4019 privato
1553 3960 1695 4017 penu
1720 3955 1977 4018 tanquam
2016 3946 2221 4004 homini
2250 3955 2438 4017 parata
2482 3954 2537 4003 et
2582 3946 2826 4018 apposita
2894 3944 3116 4001 fuerint.
3167 3943 3323 4001 Sicut
3376 3945 3542 4017 igitur
3587 3948 3657 4003 ab

407 4089 571 4146 etiam
604 4084 824 4146 Strabo,
857 4098 924 4138 ex
955 4079 1323 4137 animantibus
1368 4077 1631 4135 nonnulla
1672 4092 1816 4150 esse,
1849 4093 1972 4150 qua:

408 4145 648 4229 Egyptii
676 4156 857 4229 colant
880 4151 1149 4229 nnivcrsi,
1179 4150 1393 4229 bovem,
1421 4163 1631 4229 canem,
1657 4145 1846 4229 felem,
1866 4145 1971 4204 ac-

408 4217 678 4299 cipiircm,
704 4224 858 4300 ibim,
880 4221 1171 4300 lepidotum
1194 4220 1418 4289 piscem,
1443 4228 1497 4274 et
1522 4217 1966 4300 oxxrhynchnm;

408 4293 512 4353 alia
564 4310 686 4366 quae
734 4293 1069 4366 singulorum
1116 4304 1399 4344 nemorum
1445 4293 1667 4359 propria
1715 4293 1866 4353 sint,
1906 4295 1969 4343 ut

408 4361 597 4439 lupnni
632 4361 1026 4439 bycopolitani,
1058 4371 1163 4439 etc.

2076 4081 2220 4150 apud
2254 4077 2538 4151 Egyptios
2572 4079 2771 4135 notior.
2811 4077 2918 4135 Sed
2947 4076 3089 4132 infra
3113 4076 3216 4132 H7
3242 4078 3461 4134 Artamis
3492 4099 3654 4141 voca-

2074 4161 2260 4288 ml(65)
2304 4218 2555 4288 Τούτων.
2595 4216 2845 4272 Excusus
2868 4256 2884 4280 ,
2917 4217 3120 4288 τοῦτῳ,
3158 4222 3325 4288 recte.
3363 4217 3646 4288 Sequitur,

2074 4305 2139 4374 κε.
2157 4285 2290 4374 et}.
2327 4287 2376 4374 βἔ
2405 4304 2469 4374 τη
2485 4288 2654 4374 ἱερεῖα
2676 4288 2950 4374 κεῖταιςο
2975 4286 3034 4341 δὲ
3061 4285 3177 4355 μετ’
3192 4286 3372 4373 ὀλίγον
3397 4285 3643 4374 «ph-otes?

2072 4357 2143 4411 τὰ
2184 4358 2250 4438 δὴ
2290 4355 2383 4411 καὶ
2412 4355 2559 4438 αῦτῷ
2600 4357 2675 4431 ὼς
2704 4355 2992 4438 ανθρὼπῳ·
3026 4355 3649 4438 παρεσκεύασταιέρὺὲυ

478 4426 591 4516 (58)
634 4426 732 4488 Hic
761 4426 1050 4514 verborum
1085 4430 1224 4516 facta
1249 4426 1462 4516 videtnr
1495 4426 1776 4516 nonnulla
1796 4426 1965 4495 traje-
2000 4460 2046 4516 ι)
2073 4426 2350 4516 postrema
2377 4426 2602 4492 rectius,
2631 4426 2845 4498 Opinor,
2868 4433 2923 4481 et
2947 4426 3148 4480 clarius
3182 4426 3437 4503 leguntur
3461 4426 3514 4483 in
3544 4426 3645 4487 no-

478 4440 591 4559 (58)
634 4440 732 4488 Hic
761 4440 1050 4487 verborum
1085 4440 1224 4484 facta
1249 4440 1462 4509 videtur
1495 4440 1965 4513 nonnulla'traje-

406 4509 534 4563 ctio.
589 4518 748 4574 taque
784 4502 949 4574 verti,
982 4500 1201 4574 perinde
1225 4515 1307 4574 ac_
1326 4515 1372 4554 SI
1400 4499 1687 4567 legeretur,
1719 4497 1969 4574 ξυναμιν,

403 4581 473 4650 ἢν
516 4577 604 4650 διὰ
649 4566 1075 4650 τῷν-συννόμων
1105 4566 1534 4650 ζώωνλὴαστος,
1566 4576 1671 4649 etc.
1725 4566 1975 4650 Excusus

404 4635 837 4712 fecenligrlegit,
866 4635 1093 4712 δύναμιν
1120 4639 1405 4712 τοῦγΘεοῦ.
1434 4638 1525 4692 διὰ
1550 4635 1973 4712 τῷν-συννόμων

403 4717 580 4784 ζώων,
606 4710 679 4769 ὧν
710 4706 938 4776 ἕκαστος
967 4706 1018 4764 τί
1055 4710 1105 4762 0.
1133 4728 1193 4763 π.
1226 4711 1295 4774 ὲ.,
1323 4724 1446 4779 quae
1490 4707 1624 4762 mihi
1671 4706 1830 4761 lectio
1865 4723 1973 4763 non

404 4790 588 4860 minus
614 4786 898 4860 premitur.-
1094 4850 1135 4860 _
1554 4847 1586 4860 _.

477 4858 588 4931 (59)
614 4844 710 4931 ’Τὰ
735 4853 1052 4931 multata.
1092 4850 1341 4931 Excusus
1371 4847 1685 4931 recentior,
1714 4844 1968 4931 μάλιστα,

402 4917 508 4982 nec
529 4917 672 4982 is'tud
697 4926 866 4987 male;
885 4939 950 4978 ac
976 4924 1207 4991 fortasse
1225 4918 1560 4991 Porphyrius
1580 4918 1873 4987 scripserat
1899 4917 1969 4973 τὰ

406 4998 660 5068 μάλιστα,
860 4988 1243 5068 ’ᾼττικώτερᾷν
1259 5002 1318 5068 τι
1330 4988 1595 5068 φαίνεται.

476 5067 584 5140 (60)
638 5057 853 5129 Ἐὀ-τὼς
871 5063 979 5140 ,ἐπὶ
1006 5062 1111 5116 τοῦ
1138 5057 1349 5115 οὐδοῦ,
1382 5058 1581 5140 Longe,
1606 5057 1830 5140 opinor.‘
1858 5069 1971 5138 πις-

402 5126 531 5201 lius,
562 5126 724 5208 quam
772 5126 843 5190 ut
870 5133 924 5188 in
970 5146 1172 5188 excuso
1202 5140 1452 5201 utroque,
1481 5126 1721 5191 ἅνεστὼς
1748 5126 1840 5180 ἐπὶ
1870 5126 1969 5197 τῆς

401 5208 548 5263 ὀδοῦ.

474 5277 586 5348 (61)
629 5273 795 5348 Ταῦτ’
825 5267 939 5348 οὖς
977 5272 1415 5348 ge6oytm,‘etc.
1457 5268 1539 5323 lta
1563 5268 1701 5348 ‘hic.
1724 5267 1879 5322 locus
1912 5266 1968 5348 in

400 5336 603 5404 excuso
629 5345 823 5414 legitur
850 5362 863 5399 :
895 5342 1057 5414 Ταῦτ’
1088 5338 1182 5396 οὖν
1215 5339 1482 5414 σέϐοντες,
1518 5337 1597 5414 τα
1637 5336 1969 5414 μέτοχα-καὶ

404 5418 638 5489 μάλιστα
666 5405 925 5490 πλειόνων
952 5412 1166 5490 vatim)!
1194 5409 1540 5490 ἐλείφθησαν,
1568 5405 1650 5490 οξ
1667 5405 1969 5490 επϊπλέον

398 5474 451 5542 οἱ.
473 5490 513 5543 ἱ.
554 5502 674 5556 μετ.
705 5483 866 5556 Tum,
901 5482 1038 5553 μετὰ
1068 5480 1240 5556 ταῦτα
1268 5474 1331 5533 δέ
1355 5474 1532 5534 πᾶντα
1560 5480 1630 5531 τὰ
1661 5476 1795 5542 ζῶα.
1822 5474 1968 5532 Neu-

397 5567 482 5611 tra
508 5552 670 5612 lectio
694 5552 957 5623 castigata
991 5553 1129 5623 satis
1155 5552 1403 5623 videtur;
1433 5558 1621 5623 nostra
1664 5556 1843 5601 tamen
1861 5562 1966 5623 ,νος

397 5643 463 5695 ro
496 5629 718 5695 propior
748 5613 865 5695 est:
886 5624 939 5676 in
965 5636 1074 5692 qua
1106 5613 1478 5687 fortassis,'1b
1512 5616 1763 5689 μάλιστα,
1792 5615 1878 5671 vel
1903 5613 1965 5667 τὸ

397 5694 561 5750 πλέον
582 5692 818 5765 expungi
844 5701 1031 5765 queat.

470 5766 581 5838 (62)
625 5757 889 5823 ’Ἁναόινζ
931 5759 1181 5818 Exeusus
1206 5757 1478 5826 Ἄνουϐιν,
1515 5769 1637 5828 qua:
1681 5769 1784 5811 vox
1829 5766 1961 5811 sane

2075 4505 2211 4552 SU‘O.

2146 4564 2586 4652 (94)‘.H89tftﬁg
2619 4566 2881 4652 μορίας.
2921 4564 3152 4652 Interpr.
3209 4564 3519 4652 Porphyrii,
3579 4587 3646 4626 ea:

2071 4637 2348 4706 sapientia
2375 4637 2568 4704 impari
2597 4636 2927 4706 discrimine,
2946 4645 2996 4691 et
3024 4636 3089 4691 eat
3117 4636 3507 4693 conversatione
3538 4658 3646 4695 cer-

2074 4705 2255 4778 torum,
2279 4706 2591 4778 animalium
2621 4710 2762 4761 circa
2794 4722 2875 4761 res
2895 4705 3126 4773 divinas,
3155 4711 3399 4776 quaedam
3422 4711 3643 4778 quibus-

2069 4776 2196 4849 dam
2224 4777 2328 4831 diis
2357 4776 2522 4845 magis
2551 4787 2707 4848 grata
2730 4792 2890 4849 quam
2930 4777 3164 4832 homines
3200 4776 3521 4849 delegerunt.
3556 4778 3641 4836 Tu

2072 4847 2275 4903 iudica.

2065 4862 2275 4990 μηδὲ).
2306 4916 2495 4990 'Ispd._
2514 4916 2779 4979 Excusus.
2812 4916 3030 4990 ἱέρακα,
3054 4931 3216 4990 quam
3239 4915 3527 4990 lectionem
3552 4933 3641 4973 se-

2069 4984 2183 5043 cuti
2214 4984 2425 5044 sumus.
2464 4984 2879 5059 Saneexvoce'
2908 4984 3143 5059 Ἰέρακα,
3174 4987 3293 5059 dua?
3329 4986 3417 5059 hic
3448 5003 3639 5059 perpe-

2069 5073 2184 5112 ram
2235 5067 2377 5113 natae
2422 5065 2584 5123 sunt,
2617 5056 2735 5128 ἱερὰ
2763 5057 2886 5110 καί·
2922 5056 3045 5128 nam
3084 5056 3229 5128 istud
3268 5056 3362 5108 καί
3412 5056 3636 5128 prorsus

2068 5129 2302 5197 expungi
2328 5128 2505 5191 debet,
2533 5134 2594 5181 ut
2637 5125 2695 5197 in
2721 5141 2944 5181 excuso.
2980 5125 3134 5192 Quod
3160 5125 3341 5197 minus
3369 5127 3635 5183 observa-

2072 5195 2181 5252 tui'n
2209 5195 2404 5262 eﬁ'ecit,
2438 5206 2497 5251 ut
2520 5197 2602 5268 vir
2619 5196 2811 5251 doctus
2840 5197 2955 5250 haec
2984 5198 3051 5250 de
3085 5195 3374 5268 scarabaeis
3415 5198 3633 5268 accipe-

2067 5276 2171 5328 ret,
2207 5278 2371 5337 atque
2403 5268 2548 5337 hunc
2576 5267 3072 5337 locum_perpcram
3106 5265 3421 5337 explicaret.

2139 5337 2252 5408 (66)
2282 5334 2698 5408 ’Ἐπαμῴμενα
2741 5334 2987 5389 Excusus
3021 5343 3245 5408 vetust.,
3277 5334 3634 5407 ὲπομώμενον

2066 5404 2157 5470 είς
2189 5404 2317 5471 τοὺς
2346 5404 2675 5475 ὀφθαλμούς,
2716 5418 2839 5475 quae
2870 5418 2994 5475 vera
3041 5405 3231 5475 lectio_
3243 5413 3358 5471 est;
3384 5404 3635 5475 sequitur

2065 5469 2232 5542 enim,
2266 5469 2413 5547 quod
2451 5469 3045 5547 Eu'sebius'praateriit,
3076 5475 3133 5526 εν
3174 5469 3256 5538 οἷς
3300 5469 3362 5529 τδ
3407 5469 3634 5546 ἡλιακὸν

2066 5543 2339 5601 κατοικεῖν
2369 5543 2764 5598 πεπιστεύκασι
2774 5543 2922 5612 φῶς.

2157 5616 2247 5687 67)
2286 5615 2596 5687 Κανθᾴρου
2620 5613 2687 5667 δέ
2751 5613 3343 5687 Excusus,_Kav0apov,
3375 5613 3586 5687 melius.

2157 5617 2224 5670 67
2286 5617 2596 5682 Κανθάρου
2620 5617 2687 5667 δέ
2751 5617 3343 5687 Excusus,Kav0apov,
3375 5617 3586 5669 melius.

2134 5617 2251 5757 (68)
2301 5683 2653 5755 Ἐκδέχεται.
2749 5684 2942 5740 Excusi
3010 5685 3257 5741 inserunt
3289 5683 3631 5755 εἶκοσιοστῷ.

2042 5859 2145 5880 ,ἀρε
