4156 6414
497 356 603 413 175
1147 355 1414 410 EUSEBII
1447 355 1928 413 CzESARlENSlS
1965 355 2115 414 OPP.
2157 354 2338 411 PARS
2371 354 2436 411 11.
2478 387 2547 398 —
2584 357 3086 415 APOLOGETlCA.
3627 360 3728 416 £76

495 473 735 542 homine,
797 474 877 529 sic
926 488 955 527 a
1002 475 1225 543 reliquis
1274 475 1494 543 insuper
1557 475 1926 529 animantibus
1974 474 2357 530 abstinendum
2410 485 2513 530 est.
2577 473 2872 541 Pimterea,
2918 494 3040 533 cum
3080 477 3340 549 singulari
3401 477 3633 548 quadam
3678 485 3732 531 et

494 568 695 625 eximia
754 569 1031 639 sapientia:
1083 569 1171 635 vi,
1221 579 1335 623 tum
1381 569 1637 624 diuturna
1702 586 1825 625 cum
1876 569 2061 625 divino
2114 572 2336 624 numine
2364 572 2787 634 consuetudine,
2838 572 2940 628 hoc
2984 573 3145 627 etiam
3196 573 3539 637 intellexere,
3572 585 3736 643 quos-

495 660 620 715 dam
653 675 775 716 esse
800 662 952 724 deos,
978 661 1071 731 qui
1099 661 1262 716 certis
1318 661 1686 716 animantibus
1738 662 1930 732 magis,
1958 678 2123 733 quam
2159 662 2472 717 hominibus
2526 662 2680 732 ipsis,
2729 663 3081 730 delectemur,
3113 674 3172 719 ut
3218 666 3387 721 solem
3440 665 3733 736 accipitre,

495 754 610 823 qui,
646 768 770 807 cum
801 763 1050 807 naturam
1108 752 1303 807 habeat
1357 763 1521 808 totam
1559 771 1625 810 ex
1671 755 1939 824 sanguine
1998 757 2300 827 spirituque
2347 766 2708 823 constantem,
2738 765 2851 812 tum
2880 773 2942 812 ea
2973 766 3055 812 est
3095 773 3222 829 erga
3272 758 3546 813 hominem
3580 774 3736 812 com-

497 845 867 909 miseratione,
897 852 955 897 ut
982 843 1181 913 jaceuti
1232 843 1352 913 ejus
1399 843 1648 899 cadaveri
1700 843 2060 916 ingemiscat,
2114 846 2395 915 oculisque
2440 853 2641 900 terram
2692 845 2916 914 ingerat.
2959 863 2977 897 ι
3010 844 3076 899 Ει
3114 846 3360 915 pauculis
3416 845 3741 915 interjeetis:

504 937 664 993 clam
684 952 812 992 vero
836 936 1188 997 scarabzeum,
1212 935 1407 1005 inquit,
1433 937 1629 991 stultus
1667 935 1806 991 forte
1851 937 2120 1007 quispiam
2155 937 2472 999 detestetur,
2509 945 2692 1006 utpote
2715 935 2912 992 divinis
2955 937 3011 991 in
3041 937 3203 992 rebus
3231 937 3429 1007 hospes
3466 951 3529 992 ac
3583 952 3739 1009 pere-

497 1029 730 1099 grinus:
782 1035 836 1079 at
872 1026 1013 1079 hunc
1052 1024 1291 1096 {Egyptii
1340 1027 1497 1096 quasi
1549 1028 1727 1081 vivam
1775 1044 1839 1083 ac
1892 1028 2187 1098 spirantem
2235 1028 2366 1083 solis
2413 1028 2703 1098 imaginem
2763 1027 3009 1082 venerari
3060 1027 3252 1083 solent.
3296 1026 3432 1081 Nam
3468 1036 3523 1082 et
3554 1042 3743 1082 scara-

495 1125 647 1182 btrus
680 1122 857 1177 omnis
892 1137 1008 1176 mas
1042 1132 1144 1188 est,
1186 1130 1241 1177 et
1276 1137 1459 1176 semen
1520 1122 1573 1177 in
1619 1123 1871 1193 paludem
1922 1124 2264 1187 immissum,
2314 1138 2378 1178 ac
2426 1122 2744 1191 Sphtericam
2814 1123 2868 1178 in
2919 1121 3148 1192 ﬁguram
3209 1122 3603 1177 conformatum
3638 1138 3741 1192 po-

497 1215 714 1273 Stremis
742 1215 970 1286 pedibus
1004 1215 1057 1267 in
1088 1230 1332 1271 aversam
1367 1226 1571 1285 partem
1602 1216 1891 1279 convolvit,
1937 1218 2068 1273 solis
2127 1217 2183 1270 in
2246 1216 2385 1271 caelo
2430 1225 2634 1270 motum
2684 1217 2990 1283 aemulatus,
3028 1216 3400 1285 integramque
3432 1214 3573 1268 luna:
3627 1213 3742 1267 die-

497 1323 619 1363 rum
646 1304 1057 1361 conversionem
1084 1313 1380 1373 exspectat.
1437 1304 1635 1375 Sicque
1688 1306 1964 1377 singulare
2016 1306 2217 1376 aliquid
2273 1306 2340 1360 de
2381 1307 2570 1372 ariete,
2631 1306 2777 1360 aliud
2837 1307 2962 1361 item
2995 1305 3061 1360 de
3092 1306 3386 1371 crocodilo,
3405 1320 3469 1360 ac
3492 1304 3742 1360 similiter

456 1432 459 1433 ν
496 1399 564 1455 de
588 1399 825 1464 vulture,
853 1394 949 1460 ibi,
979 1410 1090 1449 uno
1118 1396 1301 1460 verbo,
1359 1395 1426 1450 de
1485 1394 1723 1465 quolibet
1757 1395 2114 1450 animantium
2166 1412 2361 1468 genere
2412 1398 2895 1467 philosophantur,
2943 1405 3003 1452 ut
3030 1412 3257 1453 summae
3281 1396 3563 1467 cujusdam
3613 1414 3744 1469 pru-

497 1493 711 1557 dentiae,
771 1501 864 1546 aut
908 1491 1087 1561 potius
1123 1491 1319 1547 divina:
1373 1491 1653 1563 sapientia:
1707 1493 1939 1547 consilio
1996 1493 2062 1548 ad
2089 1496 2294 1550 cultum
2346 1495 2479 1565 ipsis
2532 1496 2694 1550 etiam
2750 1495 3076 1552 animalibus
3128 1494 3472 1551 tribuendum
3522 1495 3744 1553 adducti

498 1600 619 1643 csse
641 1584 949 1640 videantur.
991 1604 1007 1637 ι

1033 1697 1144 1768 95
1180 1696 1407 1753 CAPUT
1448 1696 1511 1751 v.

2712 1716 3105 1776 ΚΕΦΑΛΑΙΟΝ
3139 1721 3215 1777 E’.

501 1812 617 1868 Ista
653 1812 830 1867 omnia
877 1810 1078 1865 nullam
1113 1809 1404 1884 damnandi
1445 1811 1529 1864 sui
1571 1827 1787 1866 causam
1836 1800 1928 1882 per
1955 1829 2065 1868 sese

2172 1815 2299 1870 Ὅτι
2332 1813 2429 1868 καὶ
2457 1812 2644 1868 ταῦτα
2684 1814 2890 1881 πάσης
2927 1812 3160 1883 ὑπῆρχε
3192 1812 3391 1884 μεστὰ
3434 1811 3743 1884 καταγνώο

1058 1897 1161 1935 non
1199 1882 1502 1949 praebuisse.

570 1973 696 2031 Haec
724 1974 889 2045 igitur
916 1973 1168 2028 laudatus
1191 1988 1222 2026 a
1242 1972 1400 2027 nobis
1420 1973 1651 2041 scriptor
1673 1967 1740 2025 de
1751 1971 1962 2042 egregia
1980 1984 2069 2041 po-

500 2068 721 2123 litorum
744 2074 800 2122 et
818 2065 1140 2136 elegantium
1169 2062 1542 2135 Egyptiorum
1565 2064 1895 2134 physiologia
1921 2080 2068 2119 eom-

500 2169 790 2224 memorat,
844 2157 1044 2228 quibus
1098 2172 1289 2213 eorum
1336 2156 1494 2210 nobis
1535 2170 1734 2210 arcana
1773 2154 2066 2225 patefecit;

502 2254 783 2318 nimirum,
819 2267 1016 2322 aquam
1061 2252 1211 2320 ipsos
1244 2250 1534 2320 ignemque
1584 2250 1852 2315 venerari,
1883 2264 2073 2303 uuam.

500 2362 611 2418 que
658 2345 883 2400 omnino
916 2358 1040 2399 esse
1074 2352 1184 2397 tam
1236 2341 1447 2397 ratione
1478 2341 1829 2410 praditorum
1857 2380 1873 2406 ,
1903 2354 2070 2409 quam

500 2438 690 2494 eadem
739 2435 1064 2498 carentium,
1094 2448 1195 2489 nec
1229 2446 1522 2502 corporum
1556 2431 1740 2497 modo,
1776 2431 1869 2486 sed
1902 2432 2069 2486 etiam

503 2528 673 2585 animi
700 2527 1062 2585 substantiam
1100 2533 1463 2593 naturamque
1514 2532 1787 2590 statuere;
1838 2531 1900 2577 ut
1946 2536 2069 2578 eam

502 2624 574 2679 ob
611 2636 836 2677 causam
867 2618 1010 2675 feras
1037 2618 1202 2673 etiam
1229 2617 1353 2687 jure
1380 2616 1449 2671 ab
1480 2615 1586 2671 illis
1615 2631 1679 2669 ac
1714 2617 1907 2670 merito
1946 2615 2073 2671 deo-

502 2727 624 2767 rum
657 2712 710 2765 in
743 2723 973 2764 numero
1003 2708 1184 2777 palam
1223 2706 1439 2760 habitas
1464 2720 1530 2760 ac
1561 2706 1861 2760 recensitas
1899 2703 2071 2761 inisse

502 2805 817 2860 arbitretur.
870 2799 928 2856 Id
975 2807 1158 2855 autem
1213 2800 1338 2867 quis
1378 2813 1490 2853 non
1539 2799 1609 2853 ab
1659 2798 1810 2852 omni
1858 2799 2072 2854 ratione

501 2896 897 2953 alienissimum
946 2908 1070 2949 esse
1122 2893 1319 2957 videat,
1371 2892 1600 2947 rationis
1652 2900 1927 2961 expertem
1955 2891 2070 2947 bel-

2870 1900 3048 1951 σεως.

2238 1979 2476 2034 Τοιαῦτα
2509 1978 2603 2033 καὶ
2634 1978 2703 2032 τὰ
2728 1978 2857 2050 περὶ
2893 1979 2994 2049 τῆς
3044 1976 3297 2046 γενναίας
3322 1974 3430 2029 τῶν
3457 1974 3636 2045 σοφῶν
3657 1976 3743 2029 Al-

2170 2066 2415 2135 γυπτίων
2464 2065 2811 2135 φυσιολογίας
2842 2066 3079 2119 τέθειται
3102 2066 3129 2119 ό
3166 2065 3554 2135 δεδηλωμένος,
3583 2065 3745 2131 Δίγυ-

2172 2157 2340 2211 πτξων
2395 2157 2735 2228 διασαφήσας
2761 2160 2891 2229 ἡμῖν
2928 2157 2998 2212 τὰ
3050 2157 3356 2228 ἀπόρρητα·
3398 2157 3481 2208 ὅτι
3505 2172 3561 2209 τε
3601 2155 3743 2226 ὕδωρ

2172 2250 2265 2305 καὶ
2302 2249 2413 2322 πῦρ
2464 2250 2700 2315 σέϐουσι,
2744 2250 2839 2303 κα)⁸
2879 2250 2978 2321 μία
3016 2248 3249 2318 λογικῶν
3292 2249 3387 2306 καὶ
3418 2248 3647 2317 ἀλόγων,
3681 2250 3741 2303 οὐ

2172 2342 2332 2413 μόνον
2383 2343 2682 2412 σωμάτων,
2735 2341 2871 2395 ἀλλά
2915 2342 3010 2396 καὶ
3062 2340 3239 2412 ψυχῆς
3288 2340 3447 2394 οὐσία
3493 2340 3745 2414 κέκριται

2171 2431 2308 2488 εἶναι
2345 2436 2475 2507 παρ’
2528 2435 2734 2498 αὐτοῖς,
2788 2433 2863 2499 ὡς
2906 2433 3141 2502 εὐλόγως
3185 2433 3336 2504 αὐτῷ
3375 2433 3553 2487 δοκεῖν
3589 2433 3746 2495 θεοὺς

2171 2526 2565 2597 ἀνηγορεῦσθαι
2583 2524 2647 2577 τὰ
2672 2523 3060 2595 θηρίαᾸίαίτοι
3083 2523 3197 2587 πῶς
3218 2524 3280 2576 οὐ
3298 2521 3745 2594 παραλογώτατον

2172 2617 2252 2679 είς
2283 2614 2555 2668 θεοποιίαν
2574 2613 3017 2686 παραλαμϐάνειν
3042 2614 3140 2685 τὴν
3171 2613 3361 2682 ἄλογον
3393 2612 3485 2666 καὶ
3505 2611 3743 2684 θηριώδη

2174 2706 2354 2775 φύσιν,
2393 2706 2483 2760 διὰ
2531 2706 2594 2759 τὸ
2637 2706 2740 2775 τῆς
2769 2707 2910 2776 ίσης,
2967 2704 3042 2768 ὣς
3071 2721 3253 2773 φασιν,
3281 2703 3588 2775 ἀνθρώποις
3626 2721 3745 2775 μετ·

2172 2798 2544 2869 ἐχεινψυχῆςς
2574 2798 2678 2870 χρὴ
2722 2798 2850 2870 γάρ,
2894 2797 3053 2868 εἴπερ
3095 2797 3234 2866 ἄρα,
3290 2796 3607 2868 ἀνθρώπους
3651 2797 3745 2850 καὶ

2171 2889 2312 2944 αὐτὰ
2346 2889 2617 2960 ἡγεῖσθαι,
2645 2888 2864 2959 καὶτῆς
2902 2888 3244 2959 ἀνθρωπείας
3265 2888 3444 2951 αὐτοῖς
3488 2887 3645 2958 δόξης
3686 2904 3745 2941 τε

500 2992 814 3061 luinamque
841 2996 1118 3053 naturam,
1156 2995 1216 3040 ut
1245 3000 1447 3040 numen
1497 2984 1551 3039 in
1579 2999 1645 3038 ea
1681 2992 2067 3051 consecretur,

2175 2983 2270 3036 καὶ
2301 2981 2468 3053 τιμῆς
2500 2981 2857 3053 μεταδιδόναι.
2899 2982 2961 3035 Ol
2984 2979 3040 3033 δὲ
3069 2979 3225 3032 τοῦτο
3251 2978 3326 3050 μὴ
3358 2978 3659 3050 πράξαντες
3675 2978 3745 3032 τά

500 3082 766 3147 adhiberi,
800 3079 947 3151 quod
971 3078 1238 3148 ejusdem,
1284 3085 1345 3131 ut
1375 3075 1552 3142 aiunt,
1583 3091 1709 3131 cum
1754 3075 2070 3132 hominibus

2174 3074 2313 3147 πρὸς
2342 3074 2516 3145 αὐτῆς
2549 3074 2649 3144 τῆς
2675 3073 2891 3145 φύσεως
2934 3072 3104 3141 ἄλογα
3123 3071 3288 3146 θηρία
3328 3066 3611 3141 γενόμενα,
3651 3072 3745 3124 καὶ

501 3175 673 3230 animi
719 3171 1108 3229 communione
1157 3168 1452 3240 jungatur?
1505 3168 1743 3239 quippe,
1798 3177 2072 3239 oporteret

2176 3168 2381 3239 ταύτην
2428 3166 2681 3239 εἰληχότα
2731 3166 2830 3240 τὴν
2881 3166 3219 3236 ἐπωνυμίαν,
3247 3165 3340 3217 καὶ
3369 3163 3489 3217 οὐδὲ
3524 3163 3624 3233 τῆς
3648 3164 3743 3218 ἀν·-

503 3265 672 3328 enim,
700 3263 749 3318 si
792 3262 866 3316 ita
892 3270 998 3325 est,
1026 3259 1242 3316 easdem
1284 3258 1430 3315 feras
1463 3257 1712 3314 homines
1756 3258 2030 3329 appellare
2053 3299 2072 3327 ,

507 3356 925 3423 humanamque
942 3367 1067 3408 eum
1095 3350 1164 3405 iis
1185 3350 1503 3422 dignitatem
1527 3348 1900 3421 honoremque
1919 3365 2076 3406 com»-

507 3448 812 3502 municare.
837 3443 993 3511 Quod
1023 3442 1100 3497 illi
1136 3457 1260 3498 cum
1303 3442 1529 3498 minime
1567 3440 1814 3509 fecerint,
1845 3458 1968 3513 qua:
1993 3453 2076 3499 ta-

509 3553 631 3592 men
654 3538 723 3592 ab
762 3537 878 3606 ipsa
899 3543 1098 3590 natura
1124 3533 1298 3589 brute
1323 3548 1389 3589 ac
1413 3533 1641 3589 rationis
1672 3542 1922 3604 expertes
1946 3534 2075 3590 fera:

508 3636 880 3700 procreantur,
913 3641 1036 3697 quae
1065 3624 1169 3680 hoc
1215 3624 1559 3695 cognomenti
1609 3640 1782 3696 genus
1815 3626 1918 3681 sibi
1949 3640 2076 3697 pro—

509 3722 688 3793 prium
716 3719 925 3776 sortita:
969 3726 1119 3782 sunt,
1150 3731 1273 3787 qua:
1297 3730 1366 3772 ne
1392 3716 1512 3787 ipsa
1541 3715 1762 3788 quidem
1791 3716 2074 3772 hominum

507 3813 868 3886 appellatione
890 3812 1068 3883 dignae
1100 3810 1450 3882 judicantur;
1486 3823 1580 3866 eas
1608 3823 1716 3864 non
1742 3809 1856 3880 jam
1886 3810 2074 3866 eodem

507 3907 651 3977 apud
690 3921 769 3972 se,
808 3920 920 3976 quo
951 3904 1224 3972 homines,
1268 3903 1392 3973 jure
1447 3917 1570 3958 esse
1614 3902 1940 3968 voluerunt,
1981 3901 2075 3957 sed

505 3998 832 4054 altissimum
860 3996 990 4052 illud
1020 3996 1172 4051 orbis
1195 3996 1432 4051 universi
1459 3995 1622 4066 regis,
1647 4009 1713 4050 ac
1740 4010 1921 4049 rerum
1951 4010 2073 4049 om,

505 4093 657 4148 nium
693 4090 963 4146 molitoris
994 4087 1087 4143 Dei
1148 4103 1343 4144 nomen
1379 4088 1435 4142 in
1478 4087 1782 4142 belluarum
1823 4097 2075 4143 naturam

506 4183 652 4238 ultro
680 4181 1014 4251 dejeeerunt,
1048 4195 1251 4250 easque
1294 4180 1426 4235 deos
1468 4179 1908 4249 pronuntiarunt,
1938 4196 2076 4251 quas

505 4274 650 4331 Deus
692 4290 759 4331 ne
806 4274 1086 4329 hominum
1141 4273 1359 4343 quidem
1409 4272 1765 4342 appellatione
1822 4272 2075 4343 dignatus

506 4376 610 4424 est.
637 4366 870 4421 Audiisti
919 4374 1177 4436 praeterea
1210 4364 1408 4420 divina:
1446 4364 1725 4434 sapientiae
1776 4364 2031 4435 mysteria
2057 4405 2072 4432 ,

506 4474 631 4531 quae
683 4458 984 4513 mirabilem
1019 4455 1398 4528 Egyptiorum
1447 4457 1721 4512 nationem
1776 4456 1847 4512 ad
1893 4457 2071 4526 lupos,

2172 3261 2406 3336 θρώπων
2458 3262 2813 3333 προρρήσεως
2848 3258 2959 3329 (69)
3009 3256 3322 3328 ἠξιωμένα,
3372 3255 3479 3309 οὐδ’
3546 3255 3745 3326 ὁμοίως

2172 3352 2477 3426 ἀνθρώποις
2511 3352 2750 3422 ἠξίωσαν
2792 3349 3185 3415 ἀποδέξασθαιο
3221 3348 3319 3419 τὴν
3368 3347 3625 3401 ἀνωτάτω
3685 3347 3744 3400 δὲ

2172 3449 2266 3503 τοῦ
2294 3446 2681 3519 ημϐασιλέως
2708 3443 3096 3516 προσηγορίαν,
3117 3443 3209 3496 καὶ
3232 3440 3326 3495 τοῦ
3353 3439 3462 3494 τῶν
3490 3440 3743 3494 ἀπάντων

2172 3536 2504 3610 δημιουργοῦ
2539 3533 2675 3589 Θεοῦ
2711 3534 2966 3605 φέροντες
3006 3536 3087 3597 είς
3121 3533 3219 3603 τὴν
3261 3530 3369 3585 τῶν
3408 3529 3613 3604 Θηρίων
3645 3531 3745 3600 φιξ.

2176 3642 2281 3691 σιν,
2315 3623 2773 3694 καταϐεϐλήκασι,
2820 3625 2915 3677 καὶ
2955 3622 3109 3685 θεοὺς
3140 3622 3507 3694 ἐπεφήμισαν,
3539 3620 3576 3676 ἃ.
3607 3621 3744 3693 μηδὲ

2173 3718 2270 3788 τῆς
2296 3716 2391 3771 ἀνθ
2400 3714 2593 3789 ρώπων
2620 3714 2754 3787 πρὸς
2775 3714 2939 3769 αὐτοῦ
2959 3713 3051 3768 τοῦ
3080 3714 3213 3768 Θεοῦ
3235 3713 3562 3784 κατηξίωται
3577 3732 3744 3785 προσ-

2172 3815 2424 3888 ηγορίας.
2486 3811 2611 3865 Ἐπὶ
2647 3811 2855 3873 τούτοις
2893 3812 3133 3882 ἀκήκοας
3165 3812 3260 3865 καὶ
3316 3812 3418 3883 τῆς
3461 3810 3744 3880 θεοσοφίας

2174 3908 2273 3978 τῆς
2313 3904 2601 3977 μυστικῆς,
2642 3902 2710 3956 δι’
2740 3902 2806 3973 ἣν
2851 3902 2902 3954 oi
2954 3901 3244 3973 θαυμάσιοι
3285 3903 3395 3957 τῶν
3435 3904 3745 3973 Αἰγυπτίων

2175 3999 2369 4061 λύκους
2397 3997 2491 4050 καὶ
2524 3995 2690 4059 κύνας
2722 3995 2815 4049 καὶ
2859 3993 3076 4059 λέοντας
3118 3994 3505 4066 ἐσεϐάσθησαν.
3532 3996 3745 4064 Ἐγνως

2175 4092 2268 4145 καὶ
2294 4088 2387 4144 τοῦ
2410 4088 2683 4160 κανθάρου
2711 4084 2774 4141 τὸ
2798 4087 3001 4159 θαῦμα,
3032 4087 3126 4141 καὶ
3160 4087 3376 4159 ἱέρακος
3405 4088 3506 4158 τὴν
3519 4087 3742 4157 ἀρετήν.

2174 4180 2266 4252 Μὴ
2282 4180 2337 4236 δὲ
2364 4179 2497 4249 γέλα
2521 4178 2615 4233 τοῦ
2638 4176 2826 4232 λοιποῦ
2858 4180 2984 4243 τοὺς
3015 4178 3171 4243 θεούς
3190 4196 3202 4209 ’
3241 4179 3380 4232 ἐλέει
3405 4178 3462 4231 δὲ
3492 4177 3585 4231 καὶ
3613 4176 3744 4229 πολ-

2174 4272 2274 4343 λῆς
2295 4272 2545 4343 εὐηθείας
2589 4272 2685 4326 καὶ
2714 4270 2975 4341 ἀϐλεψίας
3007 4271 3068 4325 τὸ
3102 4270 3411 4343 τρισάθλιον
3444 4267 3745 4339 ἀνθρώπων

2176 4364 2349 4432 γένος.
2378 4364 2487 4417 Καὶ
2517 4363 2581 4434 δὴ
2614 4363 2803 4416 σκόπει
2829 4363 2897 4417 τά
2925 4363 3101 4417 πάντα
3124 4359 3455 4433 περιαθρῶν,
3474 4360 3744 4428 οἵωνὴμίν

2177 4455 2396 4525 ἀγαθῶν
2429 4455 2657 4526 πάρεστι
2699 4455 2863 4525 δοτὴρ
2895 4456 2924 4508 ό
2956 4454 3189 4525 Χριστὸς
3215 4455 3244 4506 ό
3272 4451 3423 4514 Θεὸς,
3476 4450 3746 4521 τοσαύτης

505 4567 672 4610 canes
723 4551 1014 4619 leonesque
1055 4549 1390 4606 venerandos
1433 4550 1702 4604 excitarit.
1754 4548 2071 4620 Cognovisti

2176 4549 2353 4612 νόσου,
2408 4550 2623 4620 μακρᾶς
2667 4564 2726 4601 τε
2771 4549 2865 4601 καὶ
2908 4546 3258 4617 πολυχρονίου
3291 4543 3612 4618 πηρώσεως,
3651 4543 3744 4597 καὶ

504 4643 670 4698 etiam
702 4639 964 4696 scarabaei
988 4638 1334 4702 miraculum,
1357 4639 1611 4694 virtutem
1641 4640 1935 4709 accipitris.
1969 4640 2071 4695 De~

2175 4639 2274 4703 τὰς
2304 4641 2616 4709 Αἰγυπτίων
2639 4638 2836 4711 ψυχὰς,
2858 4638 2948 4693 διὰ
2966 4638 3067 4708 τῆς
3087 4636 3448 4707 εὐαγγελικῆς
3474 4634 3637 4688 αὑτοῦ
3668 4634 3747 4687 δι-

505 4733 626 4789 sine
655 4741 870 4798 tamen,
917 4729 1063 4800 quod
1097 4737 1380 4798 superest,
1425 4730 1557 4787 deos
1587 4731 1849 4787 irridere:
1883 4734 2072 4789 subeat

2175 4729 2468 4792 δασκαλίας
2505 4727 2927 4798 λελυτρωμένος,
2959 4726 3035 4791 ὡς
3076 4727 3205 4791 τοὺς
3259 4725 3475 4790 πλείους
3512 4724 3611 4794 ἤδη
3637 4723 3745 4777 τῶν

505 4834 560 4880 te
581 4825 760 4895 potius
788 4831 950 4878 tantae
984 4822 1338 4877 infelicissimi
1361 4822 1640 4876 hominum
1671 4822 1883 4892 generis
1915 4822 2072 4878 caeci-

2177 4825 2295 4876 κατ⁹
2327 4821 2595 4890 Αἴγυπτον
2619 4821 2712 4874 καί⁵
2740 4818 2940 4891 ταύτης
2970 4818 3312 4892 ἀπηλλάχθαι
3337 4819 3437 4890 τῆς
3463 4819 3640 4873 νόσου.

507 4918 638 4974 tatis
668 4927 722 4971 et
780 4914 1034 4972 amentia:
1073 4912 1476 4969 commiseratio
1504 4927 1518 4964 :
1551 4912 1822 4983 simulque
1848 4915 2106 4972 omnibus
2145 4915 2430 4981 diligenter
2455 4911 2750 4981 exploratis
2781 4920 2958 4966 tecum
3001 4912 3117 4981 ipse
3144 4921 3356 4982 reputa,
3389 4912 3586 4981 quibus
3648 4926 3746 4968 nos

504 5009 832 5078 quantisque
892 5006 1051 5062 bonis
1099 5005 1350 5061 Christus
1381 5005 1470 5061 ille
1510 5005 1655 5060 Deus
1679 5007 1992 5076 cumularit,
2050 5008 2144 5078 qui
2182 5015 2400 5062 nostros
2455 5015 2510 5060 et
2554 5004 2931 5075 AEgyptiorum
2976 5004 3216 5074 ipsorum
3252 5005 3483 5070 animos,
3514 5020 3747 5073 evange-

508 5096 625 5152 licae
678 5098 937 5154 doctrinae
965 5111 1078 5152 sua:
1126 5095 1177 5150 vi
1222 5105 1330 5150 tam
1364 5095 1658 5151 inveterata
1710 5105 1930 5168 tamque
1979 5097 2238 5153 diuturna
2281 5094 2522 5150 caecitate
2549 5094 2833 5150 vindicarit
2875 5113 2889 5150 :
2933 5111 3059 5152 nam
3106 5105 3161 5152 et
3212 5095 3495 5169 Egyptios
3526 5115 3745 5172 quoque

510 5191 798 5245 maximam
837 5204 970 5246 sane
1002 5198 1210 5259 partem
1260 5188 1507 5242 videmus
1559 5189 1629 5243 ab
1687 5188 1846 5246 istius
1894 5190 2069 5247 morbi
2108 5188 2430 5259 contagione
2455 5187 2733 5243 liberatos.

1031 5282 1144 5353 οε
1179 5279 1405 5336 CAPUT
1442 5279 1530 5335 vr.

2707 5281 3101 5336 ΚΕΦΑΔΑΙΟΝ
3137 5274 3227 5341 ς’·

510 5372 643 5427 lure
670 5388 762 5445 nos
791 5374 855 5427 ab
885 5390 947 5426 ea
969 5390 1170 5445 quoque
1205 5371 1269 5427 de
1295 5374 1397 5445 diis
1424 5373 1646 5426 istorum
1676 5373 2072 5445 philosophandi

2179 5374 2298 5427 Ὀτι
2330 5375 2426 5428 καὶ
2457 5373 2564 5441 τῆς
2601 5376 3008 5445 φυσικωτέριις
3045 5374 3242 5429 αὐτῶν
3271 5375 3400 5443 περὶ
3432 5374 3581 5428 θεῶν
3609 5375 3747 5445 θεωέ-

585 5444 803 5507 ratione,
841 5459 955 5515 quae
982 5442 1201 5513 propius
1236 5442 1305 5496 ad
1348 5456 1591 5515 naturam
1620 5444 1863 5498 accedere
1884 5442 2072 5515 'videa.

2237 5445 2377 5512 ριάς
2404 5442 2667 5515 εὐλόγως
2707 5444 3223 5513 ἀναχωρήσαντες,
3265 5442 3380 5513 τὴν
3412 5446 3609 5515 μόνην
3644 5444 3742 5494 και

584 5525 687 5594 tur,
715 5514 982 5566 recessisse
1000 5551 1025 5594 ,.
1058 5515 1322 5583 eidemque
1370 5513 1536 5566 solam
1568 5529 1843 5584 veramque
1891 5514 2072 5568 theolo-

580 5598 721 5652 giam
753 5593 1126 5649 anteposuit“.

2244 5513 2439 5582 ἀληθῆ
2463 5513 2777 5585 θεολογίαν
2822 5516 3319 5586 προετιμήσαμεν.

581 5671 858 5741 Ejusmodi
891 5671 1109 5726 fuerunt
1136 5670 1513 5742 Egyptiorum
1563 5680 1870 5727 commenta
1894 5713 1910 5739 ,
1957 5684 2072 5742 qua

2261 5672 2420 5725 Ἀλλὰ
2450 5673 2557 5744 γὰρ
2586 5674 2810 5733 τοιαῦτα
2833 5675 2927 5732 καὶ
2965 5675 3033 5732 τὰ
3060 5679 3189 5750 παρ’
3223 5675 3560 5745 Δίγυπτίοις,
3585 5671 3622 5729 ἀ
3652 5666 3749 5728 καὶ

579 5785 690 5860 (69)
733 5784 1135 5856 Προρῤἠσεως.
1177 5787 1324 5843 Alter
1368 5803 1398 5844 e
1439 5804 1598 5857 mss.,
1632 5804 1756 5845 cum
1806 5787 2065 5854 Montac.,

2172 5789 2483 5860 ›οσρήσεως,
2513 5792 2729 5849 melius.
