4156 6414
444 418 551 473 I77

1615 417 1936 477 PRIEPAR.
1974 418 2223 482 EVANG.
2262 424 2390 481 LIB.
2430 425 2516 481 ιιι.

3556 429 3660 487 178

441 531 744 604 παλαίτερα
773 533 883 588 τῶν
931 533 1264 607 Ἑλληνικῶν
1305 536 1559 592 ἁπάντων
1593 539 1998 610 μνημονεύεται.

2111 541 2269 611 longe
2331 543 2588 599 omnibus
2654 542 2965 606 Graecorum
3030 538 3297 610 ﬁgmentis
3361 537 3664 608 antiquiora

446 625 631 696 Ἔχεις
653 625 938 698 τοιγαροῦν
969 628 1106 701 πρὸς
1146 629 1242 701 τὴν
1277 630 1512 701 μυθικὴν
1539 642 1568 673 ι
1602 631 1694 685 ml.
1717 631 1814 703 τὴν
1847 648 2008 701 φυσι-

441 718 684 791 κωτέραν
710 719 991 789 θεολογίας
1026 723 1054 762 h
1100 722 1366 794 Ἑλλήνων
1391 723 1527 796 ὁμοῦ
1553 726 1648 780 καὶ
1674 725 2005 794 Αἰγυπτίων,

439 809 549 862 τῶν
578 810 744 866 πάλαι
776 811 874 882 τὴν
915 812 1173 867 πολύθεον
1212 814 1628 886 δεισιδαιμονίαν
1675 816 2012 888 συστησαμέ-

438 919 573 955 νων·
606 903 736 975 παρ’
773 901 854 968 οἷς
889 905 971 959 ὅτι
998 906 1163 978 μηδέν
1195 923 1247 960 τι
1269 908 1377 960 τῶν
1410 908 1623 980 ἀληθῶς
1652 909 1832 973 θείων,
1865 910 2009 962 ἀσω-

443 992 629 1063 μάτων
667 1012 727 1048 τε
764 998 861 1050 καὶ
893 998 1092 1070 νοερῶν
1135 999 1329 1053 οὐσιῶν
1367 999 1709 1072 ἐγνωρίξετο,
1761 999 2006 1074 μεμάθη-

438 1099 561 1148 κας.
592 1085 738 1158 Πλὴν
766 1087 901 1143 ἀλλά
924 1088 1155 1144 δεδόσθω
1183 1090 1278 1146 καὶ
1311 1092 1750 1164 συγκεχωρήσθω
1771 1093 2008 1148 τουτοισὶ

435 1180 549 1242 τοῖς
572 1179 1031 1252 μετεωρολέσχαις
1062 1181 1239 1251 λέγειν
1262 1182 1458 1256 ἀληθῆ,
1489 1186 1583 1239 καὶ
1625 1184 2006 1254 ἐπιτυγχάνειν

437 1267 496 1320 ὲν
514 1272 579 1340 τῇ
614 1270 722 1325 τῶν
761 1272 1238 1345 ἀλληγορουμένων
1282 1275 1624 1348 φυσιολογίᾳ·
1676 1275 1917 1345 γενέσθω
1945 1293 2006 1331 τε

434 1362 620 1426 αὐτοῖς
644 1366 672 1416 ό
693 1364 840 1435 ἥλιος
865 1368 993 1421 ποτὲ
1041 1368 1139 1439 μὲν
1176 1369 1473 1437 Ἀπόλλων,
1505 1370 1599 1424 ml
1623 1370 1785 1424 πάλιν
1818 1367 2002 1439 Ὦρος,

435 1454 530 1507 καὶ
576 1456 787 1526 Ὄσιρις
817 1458 978 1512 πάλιν
1002 1462 1031 1513 ό
1062 1460 1245 1526 αὐτὸς,
1285 1462 1381 1515 καὶ
1410 1461 1577 1532 μυρία
1602 1461 1756 1520 ἀλλα.
1787 1462 1889 1514 ὅσα
1913 1461 2005 1514 καὶ
2048 1496 2053 1501 -

436 1543 659 1602 θέλοιεν·
685 1547 874 1621 ῶσπερ
892 1546 984 1604 οὖν
1008 1551 1101 1605 ml
1121 1554 1154 1623 ή
1182 1551 1398 1624 σελήνη,
1422 1552 1457 1624 ἢ
1481 1548 1640 1615 Ἶσις,
1666 1553 1702 1623 ἢ
1718 1553 2000 1622 Ἄρτεμις,

441 1638 536 1691 καὶ
546 1638 645 1691 ὅσα
657 1640 721 1694 ἄν
738 1658 821 1704 τις
842 1642 1154 1713 ἐξαριθμεῖν
1177 1643 1435 1714 βούλοιτο,
1461 1643 1552 1713 Μὴ
1563 1642 1635 1710 γά
1640 1661 1671 1713 ρ
1682 1642 1824 1697 ἔστω
1832 1642 2003 1696 ταῦτα

438 1727 648 1799 θνητῶν
666 1730 893 1801 ἀνδρῶν,
909 1732 1021 1787 ἀλλ’
1034 1734 1213 1789 αὐτῶν
1224 1735 1332 1788 τῶν
1348 1735 1685 1807 ἐπουρανίων
1699 1736 1884 1806 φωστή
1895 1751 2002 1806 ρων

436 1833 502 1889 ση
511 1821 766 1887 μαντικαὶ
788 1821 1166 1893 προσηγορίαι.
1186 1824 1289 1877 Τὸν
1303 1823 1451 1893 ἥλιον
1473 1823 1709 1894 ἀρα,καὶ
1729 1823 1829 1894 τὴν
1851 1824 2002 1895 σελή-

2112 632 2283 690 fuisse
2320 644 2707 692 memorantur.
2754 633 2927 689 Habes
2959 640 3014 686 tu
3046 639 3235 702 praeter
3266 629 3566 685 fabulosam
3600 628 3679 684 ilo'

2107 725 2217 780 lam
2248 726 2594 796 theologiam,
2628 727 2791 780 aliam
2832 738 3047 794 quoque
3083 736 3206 777 cum
3243 721 3405 776 rebus
3443 728 3665 774 natura-

2106 817 2251 875 libus
2280 818 2741 889 conjunctiorem,
2791 830 3018 888 eamque
3063 831 3186 871 cum
3216 813 3418 870 Graecis
3459 813 3663 883 pariter

2108 908 2486 981 Egyptiisque
2507 924 2873 976 communem,
2903 907 2995 980 qui
3022 908 3135 978 jam
3169 907 3295 962 olim
3329 904 3668 976 superstitio-

2107 979 2227 1052 sum
2270 998 2437 1053 istum
2479 1007 2557 1053 tot
2588 998 2873 1053 numinum
2921 979 3125 1052 cultum
3157 995 3494 1058 conﬂavere.
3524 1007 3665 1063 quos

2106 1088 2293 1159 utique
2341 1088 2476 1143 nihil
2521 1090 2745 1144 omnino
2773 1089 2840 1144 de
2864 1088 2970 1145 ulla
3004 1101 3128 1142 vere
3156 1087 3369 1153 divina,
3420 1085 3665 1155 corporis

2104 1193 2342 1252 experte,
2374 1191 2536 1251 atque
2569 1182 2896 1250 intelligente
2929 1191 3122 1237 natura
3144 1179 3485 1250 cognovisse,
3509 1177 3666 1232 facile

2104 1273 2512 1329 animadvertis.
2550 1272 2655 1329 Sed
2683 1274 2827 1329 enim
2858 1273 3050 1328 demus
3097 1272 3201 1326 hoc
3238 1279 3450 1337 tamen,
3504 1277 3667 1339 atque

2104 1366 2228 1422 istis
2281 1366 2534 1421 altiorum
2586 1367 2998 1438 cmlestiumque
3034 1380 3301 1435 nugarum
3357 1363 3666 1420 architectis

2103 1457 2484 1523 concedamus,
2509 1473 2697 1512 verum
2722 1473 2818 1514 eos
2847 1458 3027 1514 dicere
3045 1499 3061 1523 ,
3113 1466 3167 1512 et
3192 1456 3247 1511 in
3279 1457 3381 1511 hac
3410 1470 3509 1512 sua
3534 1454 3665 1509 alle-

2104 1550 2299 1621 goricaa
2342 1549 2800 1619 interpretationis
2855 1549 3190 1622 physiologia
3217 1562 3441 1617 scopum
3481 1547 3662 1616 ipsum

2102 1642 2366 1711 attigisse.
2403 1642 2487 1696 Sit
2524 1644 2667 1712 apud
2691 1644 2813 1699 illos
2845 1643 2929 1698 sol
2971 1657 3119 1698 nunc
3162 1639 3379 1712 quidem
3433 1638 3626 1708 Apollo
3648 1678 3664 1703 ,

2102 1747 2250 1787 nunc
2274 1730 2437 1799 Orus,
2468 1749 2612 1789 nunc
2644 1735 2828 1801 etiam,
2859 1734 2907 1790 si
2934 1734 3102 1799 lubet,
3135 1732 3308 1788 Osiris
3329 1773 3345 1799 ,
3401 1731 3515 1786 imo
3548 1739 3665 1786 esto

2102 1838 2269 1888 sane,
2321 1823 2582 1894 quidquid
2614 1825 2715 1895 ipsi
2760 1825 3028 1881 voluerint
3073 1842 3086 1879 ι
3125 1825 3360 1895 itemque
3384 1824 3548 1887 luna,
3580 1821 3667 1877 vel

433 1927 556 1980 νην.
574 1912 802 1977 καὶτοὺς
818 1914 1052 1986 ἀστέρας
1067 1914 1161 1968 καὶ
1173 1916 1241 1969 τά
1249 1915 1411 1969 λοιπά
1427 1917 1521 1970 τοῦ
1535 1919 1736 1988 κόσμου
1756 1916 1917 1988 μέρη,
1929 1915 1998 1978 ὡς

2104 1916 2225 1983 Isis,
2257 1918 2341 1973 vel
2379 1918 2636 1983 Artemis,
2667 1918 2752 1974 vel
2775 1932 3112 1989 quaecunque
3140 1931 3420 1973 recensere
3444 1917 3663 1986 placue-

434 2000 589 2067 θεοὺς
619 2005 1039 2075 προσκυνητέον.
1073 2006 1184 2060 Καὶ
1213 2006 1383 2081 ταύτῃ
1403 2006 1689 2079 τοιγαροῦν
1717 2009 1751 2078 ή
1779 2007 2000 2076 γενναία

430 2095 543 2151 τῶν
605 2097 872 2168 Ἑλλήνων
918 2097 1201 2167 φιλοσοφία
1237 2098 1313 2162 ὡς
1356 2098 1445 2152 διὰ
1469 2098 1714 2169 μηχανῆς
1738 2097 1997 2168 πέφηνεν,

432 2190 514 2250 είς
547 2186 680 2257 ὕψος
718 2188 836 2258 μὲν
862 2189 1136 2255 ἀνάγουσα
1183 2189 1283 2260 τὴν
1330 2190 1660 2259 ἐπαγγελίαν
1689 2188 1784 2243 τοῦ
1816 2189 1997 2258 λόγου,

433 2279 584 2344 κάτω
608 2279 667 2333 δὲ
699 2280 1132 2352 περιστρέφουσα
1155 2280 1301 2352 ἀμφὶ
1325 2281 1424 2350 τὴν
1457 2280 1721 2353 αἰσθητὴν
1741 2281 1832 2333 καὶ
1871 2298 1999 2350 φαι-

432 2371 664 2442 νομένην
693 2370 789 2424 τοῦ
840 2369 972 2424 Θεοῦ
1003 2371 1361 2443 δημιουργίαν
1400 2371 1500 2442 τὴν
1523 2370 1632 2423 τῶν
1671 2370 1849 2440 σοφῶν
1887 2371 2000 2426 διά-

430 2478 602 2526 νοιαν,
648 2462 740 2516 ml
770 2461 931 2517 πλέον
970 2463 1140 2526 οὐδὲν,
1171 2461 1287 2515 ἀλλ’
1324 2462 1358 2534 ἢ
1393 2462 1505 2535 πῦρ
1533 2463 1627 2517 ml
1655 2461 1754 2534 τὴν
1789 2462 1998 2535 θερμὴν

428 2552 634 2617 οὐσίαν,
685 2553 758 2606 τά
787 2569 846 2606 τε
903 2554 1045 2625 μέρη
1086 2552 1179 2607 τοῦ
1213 2553 1442 2623 κόσμου,
1472 2551 1705 2607 διάτῶν
1734 2553 1998 2625 οὐρανίων

422 2645 751 2716 φωστήρων.
819 2645 998 2727 ¹’ξζστω
1032 2644 1089 2700 δὲ
1140 2644 1234 2699 ml
1275 2644 1376 2718 τήν
1423 2644 1598 2723 ὑγρὰν
1640 2645 1734 2700 ml
1765 2644 1865 2716 τὴν
1900 2645 1996 2716 ξη-

430 2735 552 2806 ράν,
578 2736 674 2791 ml
715 2738 812 2809 τὴν
854 2737 1155 2809 σύγκρασιν
1195 2736 1306 2792 τῶν
1345 2738 1613 2809 σωμάτων
1667 2737 1957 2802 θειάζουσα
1979 2753 1993 2770 ·

425 2825 547 2891 πῶς
577 2824 673 2882 οὖν
719 2822 781 2881 όύ
846 2828 987 2899 μέγα
1031 2830 1126 2883 καὶ
1161 2828 1460 2900 θαυμάσιον
1500 2829 1562 2883 τὸ
1600 2822 1694 2885 τοῦ
1746 2829 1998 2903 Σωτῆρος

426 2916 584 2987 ήμῶν
636 2916 809 2989 Ἰησοῦ
856 2918 1094 2990 Χριστοῦ
1145 2920 1239 2974 ml
1281 2918 1416 2973 Θεοῦ
1474 2919 1834 2988 Εὑαγγέλιον,
1889 2921 1998 2975 πᾶν

425 3009 584 3077 γένος
638 3007 938 3081 ἀνθρώπων
1000 3008 1280 3075 παιδεῦον,
1336 3011 1432 3063 τὸν
1487 3009 1638 3080 ἡλίου
1690 3011 1785 3066 ml
1842 3010 1999 3084 σελή-

426 3116 528 3171 νης
565 3099 696 3155 Θεὸν
735 3101 830 3154 καὶ
866 3101 1150 3171 δεσπότην,
1210 3103 1304 3155 καὶ
1351 3102 1680 3174 δημιουργὸν
1722 3101 1817 3157 τοῦ
1860 3102 1999 3174 σύμ-

428 3207 626 3255 παντος
677 3191 882 3262 κόσμου
900 3231 916 3257 ,
967 3192 1127 3245 αὐτὸν
1175 3193 1265 3247 τὸν
1305 3192 1566 3248 ἀνωτάτω
1605 3194 1698 3247 ml
1740 3194 1997 3249 ἐπέκεινα

424 3282 534 3339 τῶν
563 3282 699 3337 ὅλων
721 3286 843 3347 ταῖς
869 3283 1273 3355 προσηκούσαις
1320 3283 1549 3347 ἐννοίαις
1596 3284 1869 3351 εὐσεϐεῖν;
1903 3284 1998 3339 ml

424 3376 487 3430 οὐ
519 3376 588 3430 τὰ
619 3375 729 3430 τῶν
761 3377 1025 3447 σωμάτων
1055 3379 1311 3446 στοιχεῖα,
1344 3375 1482 3430 ἀλλά
1512 3376 1602 3430 τὸν
1634 3377 1780 3449 ζωῆς
1805 3376 1996 3447 αὐτῆς,

424 3469 521 3525 ml
573 3468 808 3542 τροφῶν,
841 3469 937 3523 καὶ
997 3468 1212 3522 πάντων
1253 3469 1472 3537 ἀγαθῶν
1513 3469 1719 3540 ταμίαν
1785 3470 1993 3540 ὑμνεῖν,

428 3561 570 3635 μέρη
595 3578 657 3616 τε
678 3559 776 3616 τοῦ
805 3561 1008 3632 κόσμου
1036 3560 1103 3614 τά
1133 3559 1404 3632 ὁρώμενα,
1429 3560 1523 3614 ml
1545 3563 1652 3614 πᾶν
1675 3561 1737 3616 τὸ
1761 3563 1998 3634 καταλη-

423 3642 559 3707 πτὸν
582 3652 784 3726 σαρκὸς
798 3651 1068 3723 αἰσθήσει,
1082 3652 1157 3715 ὡς
1171 3653 1237 3706 ἂν
1249 3652 1351 3723 τῆς
1372 3652 1613 3724 φθαρτῆς
1629 3652 1758 3706 ὅντα
1784 3653 1996 3723 φύσεως

423 3744 674 3816 οὐδαμῶς
692 3743 1180 3815 καταπλήττεσθαι’
1211 3744 1302 3799 τὸν
1312 3744 1359 3799 δ’
1385 3746 1443 3799 έν
1477 3744 1684 3808 τούτοις
1704 3745 1905 3800 ἅπασιν
1929 3747 1994 3799 ἀ-

423 3838 639 3910 όρατον,
655 3836 751 3891 καὶ
767 3836 1092 3906 τὸνξκαθόλου
1105 3853 1164 3888 τε
1175 3835 1268 3889 ml
1282 3836 1421 3901 κατά
1439 3836 1506 3906 μέ
1513 3853 1602 3907 ρος
1612 3835 1675 3907 δη
1685 3836 1995 3908 μιουργικδν

424 3927 548 3984 νοῦν
581 3928 739 4000 μόνον
776 3925 986 3982 ἀποθαυ
994 3925 1207 3997 μάζειν,
1241 3927 1336 3981 ml
1364 3925 1633 3995 θεολογεῖν
1666 3926 1793 3997 μίαν
1828 3927 1996 3998 μόνην

422 4020 646 4074 ἐκείνων
692 4018 980 4090 διήκουσαν
1004 4018 1097 4070 καὶ
1121 4016 1519 4086 διακοσμοῦσαν
1543 4015 1612 4069 τὰ
1641 4016 1816 4071 πάντα
1838 4015 1996 4071 δύνα-

424 4128 520 4183 μιν
545 4109 716 4174 θείαν,
762 4108 1049 4181 ἀσώματον
1080 4102 1243 4161 οὖσαν
1291 4107 1385 4161 καὶ
1428 4107 1621 4179 νοεράν
1665 4108 1765 4179 τὴν
1810 4108 1990 4177 φύσιν,

426 4204 625 4278 μᾶλλον
659 4203 719 4257 δὲ
745 4203 842 4256 ml
868 4202 1103 4273 ἄρρητον
1140 4202 1311 4255 εἰπεῖν
1348 4200 1442 4255 ml
1483 4200 1882 4272 ἀκατάληπτον,
1909 4200 1996 4255 διὰ

421 4297 662 4361 πάντων,
693 4295 760 4349 δι’
779 4289 855 4349 ὧν
885 4294 980 4348 ml
1001 4294 1231 4363 ἐνεργεῖ,
1259 4293 1761 4365 παραφαινομένην,
1788 4293 1997 4364 διήκου-

423 4389 526 4445 σάν
549 4405 611 4442 τε
638 4387 963 4459 ἀσωμάτως,
985 4386 1080 4439 ml
1112 4383 1475 4455 ἀσυμπλόκως
1502 4384 1571 4440 τά
1609 4386 1786 4440 πάντα
1811 4386 1992 4439 ἐπιπο-

426 4480 743 4557 ρευομένην,
767 4481 863 4533 καὶ
890 4479 957 4532 δι’
977 4477 1228 4533 ἁπάντων
1252 4478 1352 4531 οὐκ
1370 4478 1634 4549 οὐρανίων
1658 4479 1838 4548 μόνον,
1861 4477 1995 4533 ἀλλά

2101 2008 2192 2063 rit.
2225 2007 2344 2063 Sint
2373 2009 2650 2065 enimvero
2695 2010 2810 2065 haec
2853 2025 2961 2065 non
2993 2008 3302 2066 mortalium
3337 2008 3619 2062 hominum
3645 2047 3663 2073 ,

2100 2099 2195 2155 sed
2244 2100 2511 2156 luminum
2554 2102 2854 2157 cmlestium
2900 2102 3118 2173 prOpria
3164 2101 3408 2156 nomina.
3445 2098 3667 2154 Eritviv

2098 2191 2295 2248 delicet
2319 2201 2607 2263 pr0pterea
2636 2193 2759 2259 soli,
2792 2194 2953 2259 lunae,
2991 2192 3262 2249 sideribus
3284 2231 3300 2256 ,
3350 2206 3414 2247 ac
3439 2191 3666 2260 reliquis

2098 2282 2263 2352 hujus
2288 2284 2478 2339 mundi
2506 2285 2752 2354 partibus
2792 2284 3125 2349 adorationis
3168 2285 3348 2340 cultus
3403 2291 3666 2353 tanquam

2097 2372 2205 2428 diis
2230 2371 2591 2430 exhibendus.
2640 2372 2732 2430 Sic
2754 2389 2885 2445 ergo
2912 2373 3172 2444 praeclara
3202 2371 3514 2428 Graecorum
3542 2370 3666 2441 phi-

2098 2468 2347 2540 losophia
2377 2468 2434 2525 in
2459 2468 2707 2524 omnium
2742 2477 3035 2539 conspectu
3059 2509 3075 2535 ,
3121 2466 3409 2522 verborum
3443 2454 3681 2536 quidem.

2098 2560 2513 2618 ostentationem
2543 2561 2698 2633 quasi
2724 2560 2977 2617 machina
3010 2559 3246 2629 quadam
3287 2557 3519 2613 sublime
3552 2556 3663 2611 tol-

2097 2653 2188 2720 lit,
2221 2659 2278 2709 at
2322 2653 2650 2725 sapientium
2687 2661 2923 2708 mentem
2961 2652 3215 2708 deorsum
3264 2661 3319 2707 et
3365 2651 3513 2707 circa
3566 2647 3677 2711 Dei

2097 2754 2396 2811 creaturas,
2429 2760 2551 2815 quae
2588 2744 2839 2802 sensibus
2864 2744 3144 2814 oculisque
3181 2750 3398 2814 patent,
3446 2741 3523 2798 ita
3543 2756 3666 2796 ver-

2098 2844 2200 2900 sat,
2227 2836 2363 2892 nihil
2393 2844 2455 2891 ut
2484 2836 2707 2891 omnino
2736 2841 2929 2905 praeter
2973 2833 3152 2904 ignem
3191 2831 3531 2900 calidamque
3566 2844 3666 2884 na-

2100 2934 2300 2990 turam,
2327 2926 2625 2997 mundique
2653 2933 2834 2995 partes
2853 2965 2868 2991 ,
2900 2923 3216 2993 luminaque
3244 2920 3504 2985 cmlestia,
3527 2919 3668 2974 adde

2096 3035 2228 3076 vero
2259 3020 2539 3076 humidam
2569 3029 2732 3089 atque
2774 3018 2974 3072 siccam
3008 3029 3103 3086 per
3157 3029 3244 3069 me
3278 3012 3428 3079 licet,
3462 3013 3665 3083 ipsam-

2098 3126 2208 3182 que
2268 3126 2558 3181 corporum
2624 3107 3071 3179 temperationem
3130 3105 3411 3161 divinitate
3477 3104 3663 3161 donet.

2099 3203 2234 3272 Quis
2264 3204 2428 3275 igitur
2468 3216 2578 3257 non
2606 3202 2818 3266 videat,
2860 3213 3114 3269 magnum
3159 3197 3319 3267 plane
3365 3204 3527 3265 atque
3568 3196 3664 3249 ad-

2098 3296 2347 3353 mirabile
2377 3295 2635 3366 quiddam
2670 3308 2792 3348 esse
2820 3291 2950 3348 Jesu
2984 3289 3185 3371 Christi
3214 3289 3515 3345 Servatoris
3542 3287 3666 3343 Dei-

2098 3403 2206 3460 que
2234 3387 2403 3442 nostri
2450 3384 2820 3456 Evangelium,
2853 3380 2998 3451 quod
3030 3379 3345 3435 universum
3378 3377 3662 3434 hominum

2098 3494 2270 3550 genus
2296 3478 2540 3543 edoceat,
2565 3474 2698 3530 solis
2724 3473 2894 3543 ipsius
2930 3471 3180 3539 lunaeque
3203 3466 3372 3523 Deum
3388 3482 3453 3524 ac
3487 3468 3664 3523 domi-

2096 3587 2230 3627 num
2275 3570 2532 3640 orbisque
2560 3569 2728 3624 totius
2757 3565 3093 3622 conditorem
3117 3601 3135 3627 ,
3181 3573 3526 3632 supremum,
3580 3558 3664 3613 in-

2096 3649 2283 3736 quam,
2312 3664 2487 3727 illum,
2518 3674 2810 3729 rerumque
2843 3658 2977 3712 ﬁnes
3017 3672 3082 3711 ac
3129 3654 3389 3710 terminos
3415 3650 3662 3706 omnium

2097 3764 2478 3828 superantem,
2533 3749 2871 3809 convenienti
2933 3756 3096 3803 tanta:
3144 3743 3412 3815 maiestati
3462 3741 3666 3811 cogita-

2097 3854 2246 3904 tione
2278 3861 2553 3915 sensuque
2581 3841 2871 3900 venerari?
2924 3840 3168 3909 adeoque
3218 3851 3329 3891 non
3375 3848 3662 3903 corporum

2096 3941 2383 4003 elementa,
2416 3937 2511 3995 sed
2551 3937 2836 4008 ipsiusmet
2866 3932 3022 3998 vitat,
3087 3931 3491 3991 alimentorum,
3526 3941 3664 3982 cun-

2096 4038 2422 4099 ctorumque
2453 4028 2720 4082 bonorum
2769 4032 3096 4095 quaestorem
3139 4036 3205 4075 ac
3231 4020 3662 4090 dispensatorem

2096 4121 2405 4177 celebrare?
2454 4118 2562 4189 97
2613 4132 2715 4172 nec
2757 4116 2870 4186 jam
2930 4113 3043 4168 ullo
3098 4111 3262 4166 modo
3316 4108 3662 4179 aspectabilis

2096 4210 2254 4266 istius
2286 4208 2474 4263 mundi
2527 4214 2738 4277 partes,
2768 4210 2864 4256 aut
2912 4214 3101 4257 eorum
3154 4196 3452 4267 quidquam
3479 4235 3494 4260 ,
3539 4208 3663 4263 quae

2094 4316 2262 4357 sensu
2308 4298 2557 4369 corporis
2597 4293 2786 4365 attingi
2846 4287 3342 4360 comprehendique
3386 4294 3660 4355 possunt,

2094 4391 2295 4462 quippe
2320 4404 2441 4460 quae
2470 4387 2691 4443 caducae
2719 4381 3102 4453 pereuntisque
3140 4387 3347 4433 naturae
3373 4377 3505 4441 sint,
3536 4391 3663 4431 cum

2096 4492 2320 4554 stupore
2347 4478 2546 4535 mentis
2588 4477 2785 4532 intueri
2813 4492 2827 4529 :
2858 4473 2954 4530 sed
3003 4472 3183 4538 potius
3211 4470 3447 4526 mentem
3478 4467 3623 4522 illam
3645 4505 3675 4533 ,ν

422 4572 520 4627 καὶ
544 4572 653 4628 τῶν
679 4572 774 4625 ἐπὶ
803 4571 924 4642 γῆς,
951 4569 1058 4624 τῶν
1084 4587 1145 4623 τε
1186 4569 1412 4624 καθόλου
1453 4569 1729 4641 στοιχείων
1759 4570 1854 4624 ml
1883 4568 1991 4623 τῶν

2098 4592 2205 4633 neu
2251 4576 2413 4631 modo
2455 4570 2824 4629 communium
2872 4566 3111 4622 universi
3148 4574 3517 4629 "naturarum,
3570 4559 3665 4641 sed

423 4665 519 4720 ἐπὶ
560 4663 776 4736 μέρους,
804 4662 901 4734 τὴν
926 4661 1027 4731 τῆς
1067 4660 1317 4733 θεότητος
1358 4661 1553 4732 διαρκῆ
1594 4660 1993 4734 μεγαλουργίαν

423 4755 890 4826 ἐπιδεικνυμένην·
934 4753 1066 4808 πᾶσι
1108 4770 1169 4807 τε
1203 4752 1423 4823 ἀφανῶς
1460 4754 1554 4807 ml
1585 4754 1714 4824 ἡμῖν
1767 4753 1993 4809 ἀνεπαι-

425 4845 637 4917 σθήτως
656 4843 1070 4906 ἐπιστατοῦσαν,
1090 4844 1187 4898 ml
1197 4845 1375 4914 λόγοις
1393 4845 1786 4916 ἀνεκφράστοις
1806 4844 1995 4914 σοφίας

420 4937 514 4991 τὸν
537 4937 825 5008 σύμπαντα
846 4937 1046 5006 κόσμον
1071 4935 1529 5007 διακυϐερνῶσαν.
1557 4935 1836 4990 Τοσούτων
1860 4939 1994 5009 ἡμῖν

422 5029 883 5101 ἀποδεδειγμένων
907 5030 986 5091 είς
1018 5028 1234 5098 ἔλεγχον
1265 5028 1364 5098 τῆς
1398 5028 1698 5081 ἀσυστάτου
1740 5028 1932 5097 σοφίας
1958 5028 1991 5099 ἢ

420 5121 720 5190 θεολογίας,
761 5123 861 5193 τῆς
904 5138 965 5175 τε
994 5120 1290 5192 λεγομένης
1336 5120 1728 5191 μυθικωτέρας,
1759 5122 1853 5174 ml
1893 5120 1994 5190 τῆς

424 5213 779 5286 ὑψηλοτέρας,
800 5214 896 5268 ml
919 5213 1185 5284 φυσικωτέ
1193 5230 1311 5284 ρας,
1337 5215 1405 5283 ἢν
1425 5213 1474 5266 οἱ
1492 5212 1713 5267 παλαιοὶ
1735 5212 1993 5283 Ἕλληνές

420 5319 483 5357 τε
516 5305 611 5358 καὶ
636 5304 920 5373 Αἰγύπτιοι
944 5303 1293 5375 σεμνύνοντες
1317 5301 1731 5375 ἀπεδείχθησαν·
1758 5303 1876 5375 ῶρα
1900 5302 1994 5356 ml

421 5394 531 5448 τῶν
546 5394 680 5448 νεῶν
700 5394 806 5449 τῶν
825 5395 891 5467 δὴ
913 5394 1033 5448 καθ’
1050 5395 1196 5465 ἡμᾶς
1208 5394 1403 5457 αὐτοὺς
1420 5393 1728 5464 φιλοσοφεῖν
1754 5396 1991 5462 ἐπαγγε-

423 5485 663 5557 λομένων
674 5484 977 5558 ὲπαθρῆσαι
992 5484 1061 5540 τά
1070 5485 1515 5555 καλλωπίσματα.
1529 5484 1652 5539 Οἵδε
1663 5484 1771 5556 γὰρ
1787 5485 1854 5539 τά
1866 5501 1932 5538 πε
1939 5486 1993 5557 pl

422 5577 516 5631 νοῦ
547 5574 934 5650 δημιουργικοῦ
971 5576 1079 5631 τῶν
1120 5577 1276 5641 ὅλων,
1311 5577 1405 5630 ml
1426 5576 1491 5631 τά
1521 5577 1648 5650 περὶ
1690 5579 1992 5649 ἀσωμάτων

428 5665 598 5734 ἰδεῶν,
618 5667 819 5739 νοερῶν
836 5684 898 5720 τε
920 5666 1013 5720 ml
1033 5665 1265 5735 λογικῶν
1288 5665 1590 5737 δυνάμεων,
1606 5669 1715 5730 τοῖς
1740 5667 1879 5737 ἀμφὶ
1901 5666 1991 5719 τὸν

424 5759 683 5814 Πλάτωνα
697 5761 922 5832 μακροῖς
936 5757 1054 5812 ποθ’
1068 5757 1291 5829 ὕστερον
1302 5757 1510 5829 χρόνοις
1519 5758 1646 5830 ὲφευ
1654 5775 1718 5831 ρη
1728 5757 1881 5830 μένα,
1897 5756 1991 5811 καὶ

496 5886 523 5913 ι
564 5872 645 5926 ισ.
674 5874 740 5945 τῇ
773 5872 988 5946 μυθικῇ.
1064 5873 1092 5916 δ
1132 5873 1216 5928 ισ.
1248 5871 1541 5943 θεολογίαν.

2095 4683 2279 4726 rerum
2305 4678 2521 4737 quoque
2548 4662 2882 4730 singularum
2909 4657 3256 4720 elfectricem,
3292 4667 3522 4725 quaeque
3538 4665 3664 4709 cum

2095 4760 2229 4817 insit
2268 4759 2324 4814 in
2353 4755 2628 4821 omnibus,
2660 4766 2930 4823 nusquam
2987 4760 3169 4806 tamen
3218 4746 3391 4802 videri
3443 4750 3621 4815 potest
3642 4781 3675 4809 ,_

2095 4867 2261 4908 unam
2294 4849 2574 4912 admirari,
2604 4862 2769 4903 unam
2803 4845 2918 4900 suis
2956 4845 3023 4898 de
3052 4841 3274 4899 numine
3319 4835 3663 4895 sermonibus

2095 4958 2160 4998 ac
2180 4939 2639 5012 disputationibus
2671 4938 2992 5008 praedicare;
3016 4934 3188 4988 solam
3208 4970 3224 4997 ,
3252 4931 3494 4999 inquam,
3515 4926 3662 4982 illam

2094 5042 2417 5106 potestatem
2448 5030 2711 5098 divinam,
2743 5044 2864 5101 quae
2890 5032 3085 5082 cuncta
3111 5030 3389 5096 permeat,
3429 5027 3663 5089 cuncta;-

2090 5144 2200 5200 que
2243 5106 2590 5192 moderatur,
2625 5137 2855 5192 corpore
2887 5133 3114 5175 vacuam
3167 5115 3664 5184 intelligentemque

2094 5230 2380 5284 naturam,
2424 5216 2508 5272 vel
2544 5214 2813 5285 ejusmodi
2841 5212 3055 5282 potius,
3109 5222 3275 5285 quam
3306 5221 3407 5262 nec
3446 5204 3661 5260 dicendi

2094 5328 2195 5368 nec
2216 5309 2487 5381 cogitandi
2517 5307 2597 5363 vis
2624 5306 2731 5362 ulla
2760 5319 2952 5374 capere
2980 5303 3153 5373 possit
3176 5341 3191 5364 ,
3247 5314 3371 5371 qua:
3429 5299 3661 5353 subinde

2094 5404 2260 5459 rebus
2288 5403 2345 5457 in
2374 5400 2652 5470 omnibus,
2682 5413 2805 5467 qua:
2832 5410 2927 5466 per
2968 5408 3090 5449 eam
3125 5393 3459 5458 eilieiuntur,
3493 5407 3661 5461 appa-

2096 5506 2230 5564 reat,
2254 5513 2375 5568 quae
2410 5497 2529 5552 sine
2554 5506 2782 5563 corpore
2813 5498 3005 5547 cuncta
3028 5497 3287 5559 penetret,
3321 5504 3385 5545 ac
3408 5487 3526 5543 sine
3548 5487 3658 5541 ulla

2092 5589 2473 5648 commistione
2504 5584 2791 5656 pervadat,
2843 5597 2965 5652 qua:
2994 5581 3246 5635 omnibus
3280 5580 3332 5635 iu
3398 5578 3660 5635 creaturis

2093 5692 2203 5732 non
2239 5674 2550 5733 coelestibus
2587 5672 2769 5736 modo,
2815 5670 2909 5725 sed
2951 5671 3111 5725 etiam
3148 5669 3372 5724 terrenis
3400 5677 3659 5725 constan-

2092 5775 2200 5823 tem
2234 5782 2297 5822 ac
2331 5773 2643 5836 perpetuam
2686 5762 2945 5834 operandi
2998 5762 3248 5815 virtutem
3301 5774 3364 5814 ac
3411 5755 3656 5828 magniﬁ-
