4156 6414
491 447 595 505 179
1146 441 1417 500 EUSEBII
1448 433 1925 496 CESARIENSIS
1968 432 2055 488 ΟΡ

2160 429 2341 486 PARS
2376 427 2445 482 ll.
2480 454 2550 468 --
2584 419 3085 481 APOLOGETICA.
3631 412 3736 468 180

485 566 721 623 centiam
760 562 1076 630 fostendat,
1130 578 1252 633 qua:
1306 563 1517 617 cunctis
1581 557 1716 612 citra
1781 561 2056 622 aspectum

2162 549 2440 618 λογισμοῖς
2461 545 2638 617 ὀρθοῖς
2664 537 3074 609 ἐπινενοημένα,
3101 528 3481 604 συμπλέξαιτῇ
3505 525 3613 579 τῶν
3635 543 3739 580 πι-

486 659 752 728 nobisque
774 656 910 713 adeo
932 657 1066 713 citra
1093 671 1312 711 sensum
1362 666 1581 707 omnem
1608 648 1920 704 moderetur
1939 687 1954 710 ,
1989 658 2055 698 ac

2158 617 2331 693 λαιῶν
2350 633 2594 706 θεολογία
2631 629 3019 702 πεπειραμένοι
3051 625 3254 697 μείζονι
3282 621 3454 725 τύφῳν
3479 618 3578 689 τὴν
3612 617 3739 717 περὶ

489 705 751 728 "um."
775 705 905 713 --η
936 705 1066 713 --π-
1093 705 1311 711 ---------
1510 705 1513 706 ν
1941 705 1951 710 -

488 750 785 821 sapientia,
815 764 953 820 quas
978 747 1155 803 verbis
1187 745 1405 815 assequi
1451 756 1615 798 nemo
1665 747 1848 810 queat,
1883 737 2053 791 ratio-

2158 730 2269 785 τῶν
2304 728 2485 801 μύθων
2508 705 2836 793 ἐπαγγελίαν
2862 720 3081 789 ἐξῆραν.
3108 716 3303 768 ’Ἄκουε
3332 712 3376 764 δ’
3397 706 3491 763 οἷον
3521 708 3613 760 καὶ
3638 705 3738 773 τῆς

484 800 648 894 nibus
675 800 859 894 orbem
889 839 1147 909 gubernet
1173 800 1512 891 universum.
1553 831 1657 887 Sed
1682 800 1940 901 quoniam
1975 835 2055 881 tot

2159 824 2363 878 τούτων
2391 816 2754 888 φυσιολογίας,
2781 812 2897 885 μεθ’
2922 812 3039 874 οἵας
3068 807 3412 877 ἐξενήνεκται
3432 800 3507 871 τῷ
3532 801 3739 868 Πορφύ-

483 930 749 986 bactenus
775 930 1106 1001 argumentis
1139 928 1296 982 istius
1329 927 1412 981 vel
1451 925 1751 994 sapientiae,
1786 922 1871 975 vel
1896 921 2055 974 theo-

2166 914 2266 986 ρίῳ
2297 910 2636 976 ἀλαζονείας.

494 1023 669 1096 legite,
704 1028 819 1084 sive
850 1041 970 1096 quae
1002 1024 1311 1079 fabularum
1352 1036 1536 1077 comes
1577 1028 1630 1074 et
1671 1018 1819 1074 socia
1876 1014 2209 1077 nominatur,
2242 1009 2355 1065 sive
2387 1021 2551 1076 quam
2579 1011 2788 1058 veteres
2820 1013 2944 1053 cum
2977 994 3148 1052 ϐιωθί
3205 1000 3321 1047 tum
3379 983 3615 1057 Egyplii

483 1116 718 1187 aliquam
741 1076 1016 1188 dignitatis
1053 1116 1287 1187 speciem
1333 1130 1459 1170 cum
1498 1127 1680 1168 rerum
1729 1109 1940 1165 naturis
1986 1105 2213 1176 prapius
2270 1100 2628 1170 coniunxere.
2692 1095 2981 1149 vanitatem
3031 1097 3087 1143 et
3140 1082 3559 1142 inconstantiam
3582 1076 3738 1188 "illu-

480 1211 774 1266 stravimus
848 1169 1113 1279 sequitur:
1146 1208 1225 1263 uti
1252 1208 1519 1262 invectaa
1554 1200 1948 1259 recentioribus
1978 1197 2066 1262 iis,
2107 1194 2202 1266 qui
2256 1169 2460 1247 nostris
2514 1186 2850 1257 temporibus
2895 1196 3016 1237 sese
3060 1174 3431 1249 philosophari
3477 1169 3737 1241 profiten-

481 1310 591 1367 tur,
636 1300 745 1355 fuci
798 1267 960 1370 plena
1001 1267 1321 1353 ornamenta
1359 1295 1660 1351 videamus.
1704 1290 1801 1346 Isti
1846 1288 2077 1359 quippe,
2117 1299 2240 1355 quae
2258 1282 2431 1352 “longo
2465 1286 2589 1349 post
2609 1286 2827 1333 aetatum
2857 1270 3162 1331 intervallo,
3207 1267 3276 1323 de
3332 1271 3512 1320 mente
3556 1274 3736 1370 rerirm

479 1393 725 1448 omnium
778 1352 1184 1462 ptrocreatrice,
1235 1389 1409 1458 deque
1458 1398 1691 1456 corpore
1736 1352 2050 1437 carentibus
2088 1352 2245 1440 ideis,
2304 1389 2370 1429 ac
2428 1371 2496 1427 de
2531 1369 2742 1426 naturis
2782 1362 3133 1433 intelligentia
3167 1360 3485 1426 ratione-que
3537 1352 3736 1423 praedi-

480 1485 574 1547 tis,
603 1484 823 1538 inventa
854 1483 1091 1552 primum
1122 1498 1154 1537 a
1182 1480 1407 1535 Platone
1428 1518 1445 1544 ,
1476 1489 1800 1544 summoque
1848 1470 2057 1543 judicio
2094 1467 2398 1537 excogitata
2428 1463 2665 1527 fuerant,
2710 1477 2776 1516 ea
2820 1475 2944 1514 cum
2972 1458 3277 1527 priscorum
3312 1446 3583 1518 theologia
3626 1445 3735 1499 col-

479 1579 649 1651 ligare
677 1540 871 1639 moliti,
924 1575 1133 1646 majore
1161 1589 1325 1644 quam
1376 1540 1533 1627 antea
1570 1540 1729 1625 fastu-
1767 1540 1911 1621 hanc
1954 1561 2310 1618 texendarum
2352 1556 2670 1612 fabellarum
2712 1551 3103 1624 professionem
3147 1545 3410 1602 extulere.
3458 1540 3599 1595 Audi
3652 1556 3739 1594 ere

480 1633 572 1747 εδ,
614 1680 820 1745 quanta
846 1686 972 1729 cum
1013 1633 1377 1727 ostentatione
1400 1676 1564 1739 atque
1584 1662 1844 1737 jactantia
1869 1659 2153 1715 hominum
2187 1654 2351 1712 etiam
2386 1653 2617 1709 istorum
2644 1646 3037 1723 physiologiam
3079 1638 3411 1711 Porphyrius
3452 1633 3736 1705 evulgarit,

1069 1782 1298 1840 CAPUT
1332 1782 1445 1838 VII.

2696 1760 3092 1820 ΚΕΦΔΛᾹΙΟΝ
3133 1760 3208 1813 Z'.

482 1878 756 1947 Quasnam
784 1876 1094 1932 recentiores
1122 1874 1417 1944 philosophi
1466 1887 1656 1925 causas
1698 1881 1854 1939 atque
1877 1866 2049 1922 ratio-

640 1964 729 1986 ηρ.
755 1948 823 1986 nd
853 1956 1042 1986 malos-pa
1065 1948 1129 1986 de
1156 1946 1259 1986 Αἰξί
1304 1942 1510 1986 fabula:
1540 1942 1879 1986 attnmzrint-

2165 1862 2409 1929 Ὀποίας
2462 1863 2520 1915 οἱ
2546 1858 2817 1926 νεώτεροι
2865 1852 2986 1908 τῶν
3056 1851 3383 1918 ηιλοσόφων
3434 1844 3558 1911 τοῖς
3605 1840 3740 1911 περὶ

2341 1931 2494 1986 θεῶν
2525 1932 2731 1986 μύθοις
2756 1871 3141 1986 σιννέπλεὲαν
3167 1918 3549 1985 αἰτιολογίας.

640 1918 1888 2013 ῖιέἵάἱῐὶὲἷὲἓὶῖἆὲἆέἓὶ’ῖιῗῐὶιιᾶἷῖιὶἷὶποῖἐὲίῖιί.’
1909 1918 1955 1921 ”’
1968 1918 2008 1922 ’⁷

2341 1918 2494 1987 θεῶν
2518 1918 2736 2000 μύθοιξ
2756 1918 3141 1986 σιννέπλεξαν
3167 1918 3549 1985 αἰτιολογίας.

487 2057 512 2091 ι
532 2036 641 2093 Fas
666 2038 855 2108 quibus
872 2043 968 2102 est,
987 2033 1211 2089 narrabo
1232 2048 1250 2086 .'
1279 2006 1418 2103 [om
1436 2029 1720 2085 claudunto
1738 2028 1990 2099 profani;

2158 2042 2176 2076 ι
2200 2024 2312 2095 (70)
2335 2021 2663 2093 Φθέγξομαι
2691 2015 2781 2085 οἷς
2802 2018 2963 2086 θέμις
2989 2013 3133 2069 ἐστί’
3161 2011 3344 2079 θύρας
3366 2006 3736 2149 ίῖῥῗὲξιθνῗᾶθε,

3670 980 3737 1034 ad

479 2193 787 2264 divinaeque
831 2188 1107 2260 sapientia:
1134 2199 1327 2240 sensus
1379 2192 1434 2239 et
1466 2182 1696 2238 consilia
1748 2180 2050 2253 proferam,

479 2286 680 2356 quibus
705 2284 743 2338 ii
760 2281 930 2338 Deum
953 2289 1007 2335 et
1022 2277 1372 2346 multiplicem
1396 2274 1488 2330 Dei
1509 2274 1616 2328 vim
1636 2282 1796 2343 atque
1815 2280 2053 2343 potesta—

479 2388 612 2443 tem,
643 2374 971 2445 imaginibus
1003 2367 1329 2441 quibusdam
1363 2366 1599 2420 naturali
1630 2380 1753 2419 cum
1779 2377 1945 2419 sensu
1968 2377 2054 2418 co-

480 2469 739 2541 gnatione
754 2464 1060 2536 conjunctis
1092 2462 1417 2525 indicarunt,
1444 2458 1644 2530 quibus
1665 2471 1751 2512 res
1771 2464 2052 2526 aspectum

481 2572 699 2612 omnem
735 2555 1001 2627 fugientes
1049 2553 1350 2624 perspicuis
1396 2551 1509 2622 98
1533 2547 1840 2605 simulacris
1867 2547 1924 2601 in
1953 2560 2050 2601 eo-

480 2665 603 2705 rum
632 2649 855 2719 gratiam
882 2662 1215 2716 expressere,
1238 2644 1331 2714 qui
1354 2644 1526 2714 prima
1547 2640 1614 2695 de
1634 2640 1740 2695 diis
1759 2639 2050 2703 elementa,

2155 2184 2345 2253 σοφίας
2366 2184 2615 2253 θεολόγου
2645 2183 2892 2254 νοήματα
2903 2177 3136 2239 δεικνὺς,
3152 2168 3234 2237 οἷς
3261 2172 3356 2226 καὶ
3368 2169 3458 2224 τὸν
3473 2168 3626 2230 Θεὸν,
3644 2164 3740 2219 καὶ

2151 2276 2246 2331 τοῦ
2273 2275 2408 2329 Θεοῦ
2427 2274 2525 2339 τὰς
2548 2275 2803 2338 δυνάμεις
2815 2272 2904 2326 διά
2928 2269 3151 2325 εἰκόνων
3176 2283 3238 2319 συ
3246 2262 3469 2335 μφύλων
3489 2260 3738 2330 αἰσθήσει

2153 2372 2430 2442 ἐμήνυσαν
2478 2368 2667 2441 ἄνδρες
2721 2367 2788 2421 τὰ
2836 2364 3016 2435 ἀφανῆ
3048 2360 3301 2431 φανεροῖς
3340 2351 3737 2410 ἀποτυπώσαν-

2151 2482 2244 2529 τες
2266 2462 2379 2535 (71)
2409 2463 2710 2531 πλάσμασι,
2728 2460 2844 2521 τοῖς
2864 2456 3116 2526 καθάπερ
3138 2455 3203 2506 ὲκ
3228 2450 3425 2522 βίϐλων
3447 2446 3556 2501 τῶν
3573 2443 3737 2514 ἀγαλ-

2156 2555 2342 2628 μάτων
2394 2551 2676 2619 ἀναλέγειν
2704 2548 2773 2602 τὰ
2801 2547 2929 2618 περὶ
2981 2544 3119 2599 θεῶν
3162 2538 3505 2613 μεμαθηκόσι
3551 2536 3735 2607 γράμ-

2158 2664 2324 2720 ματα.
2361 2643 2687 2716 Θαυμαστὸν
2713 2641 2770 2696 δὲ
2799 2640 2953 2694 οὐδὲν
2978 2637 3111 2705 ξύλα
3135 2637 3228 2689 καὶ
3254 2633 3437 2695 λίθους
3478 2627 3737 2720 ήγεῖσθαι

479 2718 780 2811 eorumque
808 2739 1113 2795 doctrinam
1134 2753 1200 2794 ex
1230 2736 1423 2792 statuis
1446 2734 1527 2791 sic
1550 2742 1807 2803 tanquam
1838 2745 1870 2786 e
1897 2729 2054 2785 libel-

2158 2718 2221 2792 ιὰ
2244 2735 2407 2804 ξόανα
2434 2735 2562 2799 τοὺς
2591 2730 3021 2804 ἀμαθεστάτους,
3051 2723 3195 2779 καθά
3214 2722 3280 2793 δὴ
3309 2720 3403 2775 και
3432 2718 3539 2772 τῶν
3564 2732 3737 2811 γραμ-

479 2835 548 2889 Iis
575 2834 803 2888 recitare
827 2831 1147 2887 didicerant.
1198 2828 1486 2884 Enimvero
1511 2825 1711 2879 mirum
1747 2821 1919 2877 videri
1942 2835 2051 2876 non

2158 2830 2343 2902 μάτων
2366 2830 2415 2882 οἱ
2435 2828 2650 2897 ἀνόητοι
2671 2823 2850 2886 λίθους
2878 2823 2974 2892 μὲν
2996 2818 3166 2891 ὁρῶσι
3197 2816 3299 2877 τὰς
3348 2812 3572 2902 στήλας,
3604 2808 3734 2874 ξύλα

479 2924 659 2989 debet,
693 2923 738 2978 si
785 2922 949 2992 ligna,
979 2921 1027 2976 si
1074 2920 1280 2989 lapides
1333 2916 1625 2974 simulacra
1668 2914 1895 2969 deorum
1929 2925 2051 2967 esse

2158 2900 2210 2975 δὲ
2225 2919 2323 2983 τὰς
2336 2919 2572 2981 δέλτους,
2588 2912 2966 2985 ὲξυφασμένην
2981 2910 3038 2963 δὲ
3063 2908 3214 2963 πάπυ
3223 2922 3312 2977 ρον
3339 2902 3437 2964 τὰς
3456 2900 3728 2992 βίϐλουςὶι

479 3015 732 3071 homines
762 3013 1156 3086 imperitissimi
1204 3011 1559 3074 arbitrentur,
1582 3006 1806 3078 perinde
1833 3020 1966 3061 sane
1989 3011 2052 3058 ut

2158 3010 2391 3065 Τοιαῦτα
2415 3009 2491 3073 ὡς
2524 3010 2582 3061 ὲν
2616 2983 2886 3077 προοιμίῳ
2915 3000 3380 3070 κατακομπήσας,
3436 2992 3601 3046 ἄκουε
3644 2983 3734 3042 οἷα

480 3104 542 3170 ii,
571 3105 664 3175 qui
696 3081 861 3160 rudes
914 3104 1198 3175 ignarique
1225 3103 1550 3165 litterarum,
1583 3099 1772 3169 cippos
1827 3095 2051 3167 quidem

2158 3103 2357 3177 προῖὼν
2391 3102 2515 3173 ἑξῆς
2539 3102 2740 3173 γράφει
2763 3098 2901 3169 πρὸς
2932 3094 3095 3159 λέξιν.
3130 3111 3149 3143 ι
3168 3083 3562 3177 Φωτοειδοῦςδὶ
3583 3081 3735 3177 δντος

482 3212 592 3252 non
627 3197 783 3251 aliter
808 3210 874 3251 ac
897 3195 1124 3265 lapides,
1166 3194 1378 3250 tabulas
1401 3208 1530 3248 vero
1567 3206 1674 3246 non
1699 3204 1856 3245 secus
1888 3198 2052 3258 atque

2158 3175 2245 3251 τοῦ
2286 3194 2453 3257 θείου,
2485 3194 2579 3248 καὶ
2609 3192 2666 3245 ἑν
2699 3190 2868 3262 πυρὸς
2912 3184 3154 3257 αἰθερίου
3186 3178 3469 3251 περιχύσει
3521 3175 3736 3282 διάγομ-

478 3290 650 3359 ligna,
670 3287 841 3342 libros
866 3263 1098 3356 denique
1130 3284 1285 3355 quasi
1322 3291 1629 3339 contextam
1657 3293 1921 3351 papyrum
1962 3279 2052 3332 in-

2158 3305 2263 3352 τος,
2297 3283 2539 3356 ἀφανοῦς
2579 3299 2640 3336 τε
2688 3281 3044 3351 τυγχάνοντος
3093 3274 3342 3344 αίσθήσει
3387 3263 3736 3359 περὶ-θνητὸν

481 3356 726 3436 tuentur.
758 3397 778 3432 ι
814 3377 911 3434 His
958 3378 1050 3433 ubi
1103 3377 1282 3431 verbis
1332 3376 1420 3430 ille
1464 3374 1695 3445 prolusit
1730 3372 1799 3427 ad
1851 3370 2054 3427 fastum

2158 3380 2244 3434 τδν
2277 3379 2389 3451 βίον
2412 3377 2643 3449 ἀσχόλῳ·
2673 3375 2759 3429 διὰ
2785 3373 2884 3444 μὲν
2902 3371 3002 3442 τῆς
3020 3366 3274 3436 διαυγοῦς
3295 3363 3446 3433 ὕλης,
3472 3356 3584 3451 οἷον
3609 3372 3738 3451 κρυὶ-

485 3472 1013 3537 ostentationemque
1036 3466 1369 3537 compositis,
1389 3467 1573 3535 accipe
1595 3479 1777 3535 porro,
1793 3463 2058 3534 quemad-

486 3563 709 3618 modum
743 3561 1043 3617 institutam
1074 3560 1372 3615 orationem
1427 3565 1810 3628 prosequatur.
1860 3575 1879 3610 ι
1933 3554 2055 3611 Jam

485 3670 636 3716 vero,
665 3655 809 3726 quod
856 3669 1082 3718 numen,
1113 3652 1314 3722 inquit,
1346 3651 1485 3706 lucis
1536 3650 1767 3704 formam
1817 3649 2055 3719 aliquam

483 3746 831 3817 speciemque
876 3758 1064 3814 praese
1095 3742 1268 3809 ferat,
1305 3749 1359 3797 et
1399 3743 1455 3796 in
1506 3741 1685 3796 medio
1737 3739 2056 3796 circumfusi

482 3838 764 3909 purissimi
789 3836 1074 3906 cujusdam
1107 3836 1245 3906 ignis
1270 3835 1402 3890 orbe
1430 3844 1695 3900 versetur,
1724 3850 1822 3889 nec
1846 3834 1916 3889 ab
1944 3832 2055 3888 ullo

484 3946 670 3996 sensu,
702 3929 796 4000 qui
839 3928 985 3983 circa
1023 3928 1303 3982 mortalem
1356 3929 1494 3981 hanc
1521 3926 1687 3979 vitam
1730 3934 2054 3995 occupetur,

484 4023 677 4094 attingi
708 4020 881 4093 possit
911 4039 924 4076 :
960 4021 1156 4077 illustri
1184 4021 1402 4089 quidem
1449 4018 1839 4089 splendidaque
1879 4024 2053 4072 mate-

485 4116 590 4180 ria,
620 4116 925 4185 cujusmodi
963 4113 1276 4185 crystallum
1315 4122 1419 4175 est,
1461 4109 1750 4165 Pariumve
1792 4122 2053 4173 marmor,

485 4215 581 4262 aut
601 4208 757 4272 ebur,
790 4207 845 4260 in
869 4207 1108 4276 aliquam
1144 4204 1229 4258 sui
1274 4202 1497 4258 luminis
1525 4200 1911 4270 cogitationem
1954 4198 2054 4253 ad-

484 4299 641 4355 duxit
672 4321 684 4354 :
717 4298 835 4351 auri
862 4312 990 4352 vero
1027 4304 1271 4365 aspectu,
1303 4293 1497 4363 partim
1544 4290 1703 4362 ignis,
1736 4290 1930 4359 partim
1962 4289 2057 4343 de-

484 4391 633 4448 coris
657 4389 742 4445 sui
778 4389 983 4443 nullam
1030 4386 1253 4441 omnino
1284 4384 1551 4439 maculam
1609 4380 1831 4436 ferentis
1877 4379 2057 4434 notio-

484 4500 610 4541 nem
643 4482 957 4552 impressit;
988 4494 1180 4534 aurum
1212 4477 1355 4532 enim
1405 4474 1659 4532 sordibus
1710 4472 1901 4528 fmdari
1943 4486 2054 4526 non

2156 3445 2403 3536 στάλλου,
2425 3470 2460 3543 ἢ
2483 3445 2690 3540 flagitati
2717 3463 2885 3532 λίθου,
2911 3465 2945 3534 ἢ
2971 3461 3063 3515 καὶ
3086 3461 3394 3529 ἐλέφαντος,
3418 3458 3497 3516 είς
3520 3450 3619 3543 τήν
3638 3445 3733 3502 τοῦ

2157 3563 2333 3633 φωτὸς
2364 3540 2543 3617 αὐτῶν
2576 3559 2688 3631 (72)
2716 3557 2922 3611 ἔννοιαν
2948 3553 3129 3623 ἐνῆγε·
3160 3550 3248 3603 διὰ
3277 3548 3335 3601 δὲ
3355 3547 3454 3617 τῆς
3478 3540 3571 3596 τοῦ
3602 3556 3735 3611 χρυ-

2158 3658 2252 3712 σοῦ
2284 3659 2364 3719 είς
2407 3654 2503 3726 τὴν
2550 3651 2646 3706 τοῦ
2693 3649 2864 3722 πυρὸς
2894 3647 3187 3718 διανόησιν,
3237 3642 3330 3696 καὶ⁸
3362 3640 3423 3694 τὺ
3453 3636 3735 3726 *ἀμίαντον

2156 3746 2341 3811 αὑτοῦ,
2370 3719 2672 3815 ὅτι-χρυσὸς
2697 3719 3081 3810 οὺ-μιαίνεται.
3110 3731 3301 3787 Πολλοὶ
3329 3730 3386 3783 δὲ
3414 3723 3480 3781 αὖ
3507 3724 3602 3779 καὶ
3634 3719 3735 3815 μέτ-

2156 3839 2275 3893 λανι
2299 3836 2432 3907 λίθῳ
2543 3831 2748 3904 ἀφανὲς
2778 3827 2942 3884 αὐτοῦ
2972 3826 3072 3897 τῆς
3100 3823 3286 3885 οὐσίας
3313 3820 3607 3907 ὲδήλωσανῗ
3643 3811 3736 3867 καὶ

2157 3905 2567 4001 ἀνθρωποειδεῖς
2598 3923 2695 3996 μὲν
2739 3919 3051 3976 ἀπετύπουν
3092 3916 3217 3977 τοὺς
3255 3912 3428 3973 θεοὺς,
3459 3909 3539 3961 ὅτι
3590 3905 3738 3972 λογι-

2158 3999 2347 4077 κδνήτὸ
2370 4020 2541 4073 Θεῖονο
2571 4015 2771 4079 καλοὺς
2801 4013 2879 4076 δὲ,
2900 4013 2984 4065 ὅτι
3016 4009 3210 4072 κάλλος
3248 4008 3306 4060 ὲν
3336 4003 3563 4064 ἐκείνοις
3595 3999 3735 4069 ἀκή-

2162 4130 2338 4186 ρατον·
2373 4110 2650 4181 διαφόροις
2678 4107 2736 4161 δὲ
2766 4107 3008 4177 σχήμασι
3046 4102 3140 4156 καὶ
3165 4098 3421 4171 ἡλικίαις,
3448 4093 3735 4162 καθέδραις

2156 4184 2216 4260 τε
2269 4205 2362 4259 καλ⁸
2391 4204 2632 4265 στάσεσι,
2675 4201 2771 4255 καὶ
2807 4198 3127 4270 ἀμφιάσεσι·
3154 4194 3249 4247 καὶ
3292 4191 3417 4252 τοὺς
3446 4187 3545 4257 μὲν
3575 4184 3737 4256 app:-

2156 4315 2272 4362 νας,
2309 4296 2410 4359 τὰς
2445 4295 2504 4348 δὲ
2530 4292 2767 4365 θηλείας,
2805 4291 2899 4345 καὶ
2938 4286 3258 4358 παρθένους,
3286 4280 3378 4334 καὶ
3406 4272 3732 4365 ἐφήϐους,λῆ

2157 4389 2338 4459 γάμου
2380 4363 2906 4457 πεῖρανεῦηφότας,
2950 4380 3031 4442 είς
3058 4374 3395 4446 παράστασιν
3427 4364 3605 4422 αὐτῶν
3633 4363 3735 4433 τῆς

2158 4456 2611 4552 διαφορᾶς.”υθεν
2627 4476 2731 4529 πᾶν
2742 4473 2802 4526 τὸ
2820 4470 3010 4525 λευκὸν
3025 4470 3136 4530 τοῖς
3156 4461 3421 4536 οὐρανίοις
3441 4459 3581 4521 θεοῖς
3595 4456 3733 4509 ἀπέ-

485 4584 686 4646 potest.
721 4550 1043 4639 iQuinetiam
1078 4572 1324 4640 plerique
1358 4569 1514 4637 nigro
1570 4566 1750 4637 lapide
1799 4572 2053 4619 naturam

2159 4550 2370 4642 νειμαν,
2401 4568 2635 4641 σφαῖράν
2664 4582 2724 4620 τε
2756 4566 2852 4621 καὶ
2882 4564 2951 4617 τά
2988 4558 3252 4631 σφαιρικά
3278 4556 3473 4616 πάντα,
3509 4550 3654 4646 ἰδίως
3674 4565 3734 4601 τε

484 4669 635 4723 illius
661 4680 934 4735 nusquam
969 4663 1069 4718 sub
1099 4661 1287 4716 oculos
1326 4662 1605 4715 cadentem
1641 4658 2054 4713 adumbrarunt.

482 4758 621 4815 Nam
656 4759 799 4831 quod
836 4758 1044 4812 ratione
1076 4753 1356 4825 praeditum
1397 4751 1602 4807 Numen
1643 4751 1734 4815 sit,
1764 4750 2059 4805 humanam

485 4855 544 4909 in
578 4854 805 4924 figuram
830 4852 961 4906 deos
996 4849 1448 4909 conformarunt;
1484 4844 1629 4913 quod
1651 4858 1780 4898 vero
1820 4840 2061 4913 pulchri-

486 4946 731 5000 tudinem
763 4943 961 4998 habeat
987 4941 1135 4995 omni
1162 4938 1274 4993 fato
1300 4936 1656 5008 superiorem,
1677 4933 1864 4988 formae
1884 4930 2063 5001 digni-

421 5064 427 5072 η
484 5044 600 5091 tate
652 5043 973 5106 praestantes
1024 5030 1390 5091 cﬂinxerunt;
1452 5028 1601 5082 varia
1651 5025 1886 5095 denique
1934 5038 2061 5079 cum

487 5126 689 5197 specie,
716 5136 830 5181 tum
864 5136 1019 5180 aetate
1045 5122 1365 5194 spectabiles
1390 5162 1405 5186 ,
1455 5119 1691 5188 itemque
1717 5117 1933 5171 diverso
1976 5114 2062 5169 vel

488 5218 711 5275 sedendi
753 5217 839 5272 vel
878 5216 1055 5273 standi
1090 5230 1261 5277 more,
1299 5213 1556 5281 cultuque
1588 5208 1857 5272 dissimili,
1900 5207 2062 5262 adeo-

488 5324 598 5380 que
621 5322 799 5364 mares
822 5309 976 5372 alios,
1010 5309 1145 5363 alios
1170 5306 1423 5368 feminas,
1454 5302 1711 5374 virgines,
1744 5299 2062 5355 adolescen-

490 5412 596 5466 tes,
626 5399 1084 5467 matrimonioque
1112 5398 1460 5468 coniunctos,
1481 5404 1541 5448 ut
1563 5408 1750 5448 eorum
1776 5392 1921 5446 inter
1941 5404 2062 5445 sese

486 5493 787 5551 discrimen
828 5504 894 5545 ac
930 5490 1286 5546 differentiam
1327 5488 1666 5543 exhiberem.
1722 5482 1909 5554 Itaque
1938 5482 2061 5535 alba

491 5582 676 5640 omnia
698 5582 1008 5638 ecelestibus
1049 5582 1155 5636 aliis
1194 5583 1580 5652 assignarunt,
1622 5577 1859 5646 itemque
1888 5574 2065 5645 sphae-

565 5719 677 5789 (⁷ο)
722 5717 1074 5788 Φθέγεομαι.
1117 5716 1215 5771 Hic
1269 5714 1552 5786 Porrryrii
1603 5712 1759 5768 locus
1807 5726 1913 5766 non
1970 5725 2064 5764 ex-

495 5799 677 5929 .la(t".l‘
731 5858 1288 5925 'Azorvxdto'arte'g.
1331 5855 1500 5912 Mont.
1538 5864 1589 5910 et
1615 5855 1745 5910 alter
1780 5869 1907 5921 ms.,
1934 5852 2063 5906 ὐπο-

2162 4639 2351 4734 κόσμῳ
2384 4661 2479 4715 καὶ
2505 4639 2643 4731 ἡλίῳ
2680 4657 2777 4711 καὶ
2823 4654 3039 4725 σελήνῃ,
3074 4648 3183 4703 ἐσθ’
3209 4647 3339 4699 ὅπου
3380 4643 3438 4696 δὲ
3476 4641 3569 4695 καὶ

2162 4730 2487 4809 καὶ-ἐλπίδι·
2523 4730 2719 4805 κύκλον
2767 4746 2825 4801 δὲ
2857 4744 2952 4800 καὶ
2979 4741 3045 4796 τά
3076 4737 3307 4795 κυκλικά
3349 4735 3504 4789 αἰῶνι
3546 4731 3641 4786 καὶ
3664 4730 3733 4800 τῇ

2162 4850 2282 4903 κατ’
2312 4845 2540 4919 οὐρανὸν
2588 4844 2819 4911 κινήσει,
2863 4838 2983 4899 ταῖς
3029 4850 3091 4887 τε
3125 4833 3184 4885 ὲν
3216 4828 3365 4899 αὑτῷ
3417 4825 3613 4891 ζώναις
3638 4822 3735 4877 καὶ

2160 4944 2275 5006 τοῖς
2298 4917 2535 5003 κύκλοις·
2562 4933 2777 4991 κύκλων
2812 4931 2869 4984 δὲ
2897 4931 3157 5001 τμήματα
3184 4926 3298 4987 τοῖς
3335 4917 3736 5006 σχηματισμοῖς

2161 5033 2260 5103 τῆς
2288 5031 2519 5101 σελήνης
2545 5042 2559 5055 ·
2593 5023 2903 5098 πυραμίδας
2933 5021 2989 5074 δὲ
3015 5019 3112 5073 καὶ
3136 5015 3447 5103 ὀϐελίσκους
3466 5012 3531 5081 τῇ
3557 5005 3735 5103 πυρὸς

2163 5098 2342 5192 ούσίᾳ,
2363 5098 2456 5173 ιιιιῖ¹
2478 5098 2567 5172 διά
2584 5116 2743 5171 τοῦτο
2765 5115 2857 5168 καὶ
2879 5114 2992 5173 τοῖς
3029 5105 3340 5178 Ὀλυμπίοις
3364 5102 3521 5165 θεοῖς·
3545 5098 3735 5192 ωσπερ

2164 5210 2231 5268 αὖ
2259 5186 2430 5267 κιῖινον
2473 5210 2572 5281 μὲν
2604 5208 2760 5280 ήλίῳ,
2802 5208 2874 5276 γῇ
2911 5204 2968 5257 δὲ
3008 5198 3309 5269 κύλινδρον,
3333 5193 3509 5265 σπορᾷ
3551 5189 3608 5242 δὲ
3639 5186 3735 5241 καὶ

2163 5305 2376 5377 γενέσει
2406 5303 2619 5373 φάλητα
2647 5300 2741 5353 καὶ
2756 5297 2815 5351 τὸ
2828 5297 3090 5370 τρίγωνον
3120 5291 3326 5363 σχῆμα,
3351 5286 3438 5340 διὰ
3460 5285 3519 5338 τὸ
3549 5282 3736 5377 μόριον

2163 5365 2263 5466 τῆς
2293 5365 2587 5463 θηλείας..)
2626 5387 2809 5443 Ταῦτα
2849 5365 2879 5439 ό
2906 5383 3217 5456 θαυμαστὸς
3255 5379 3556 5450 φιλόσοφος·
3585 5365 3735 5466 ὧνιτί

2165 5462 2231 5540 ἂν
2257 5462 2465 5554 γένοιτο
2503 5479 2973 5553 ἀσχημονέστερον
3010 5477 3079 5531 τὰ
3110 5472 3310 5544 αἰσχρὰ
3357 5462 3737 5540 σεμνολογούνα

2164 5594 2307 5644 των;
2347 5578 2400 5630 τί
2426 5576 2481 5631 δὲ
2506 5575 2805 5647 βιαιότερον
2836 5571 2933 5635 τάς
2965 5569 3205 5642 ἀψύχους
3229 5566 3382 5631 ὕλας,
3424 5560 3620 5638 χρυσὸν
3642 5556 3737 5612 καὶ

2168 5714 2531 5778 τυπώσαντες.

2239 5788 2353 5861 σε)
2394 5772 2620 5843 Abram
2662 5782 2811 5839 Alter
2843 5796 2871 5836 e
2899 5794 3055 5845 mss.,
3092 5772 3281 5838 αὐτοῦ,
3308 5776 3472 5828 recte.
