4156 6428
399 419 497 476 181

1564 422 1890 478 ΡΒᾹΞΡΑΒ.
1928 422 2179 478 EVANG.
2223 421 2350 477 LIB.
2392 421 2480 477 Ill.

3547 417 3651 473 18?.

395 534 598 601 λίθους,
617 537 713 591 καὶ
743 553 811 590 τα
832 536 1080 601 τοιαῦτα,
1104 538 1319 601 εἰκόνας
1344 538 1531 609 φέρειν
1554 538 1648 591 τοῦ
1675 537 1854 608 φωτὸς
1876 536 1986 592 τῶν

2090 554 2206 593 ram
2260 546 2315 594 et
2358 548 2552 594 cuncta
2592 538 2854 608 sphaerica
2911 536 3099 592 mundi
3130 536 3384 607 quidem,
3429 533 3560 591 solis
3590 550 3657 588 ac

396 626 554 693 θεῶν,
587 629 682 681 καὶ
729 628 830 699 τῆς
858 628 1108 701 οὐρανίου
1140 630 1234 681 καὶ
1279 629 1520 700 αἰθερίου
1551 629 1765 699 φύσεως
1811 628 1980 701 δηλώ-

400 736 544 791 ματα
578 719 840 788 φάσκειν;
876 721 995 776 Ὅτι
1042 723 1099 775 δὲ
1121 723 1229 775 τῶν
1280 722 1414 775 νέων
1444 723 1561 776 ἐστὶ
1603 721 1781 775 ταῦτα
1824 724 1979 792 σοφί-

398 829 600 882 σματα,
634 815 756 884 μηδ’
780 814 913 886 ὄναρ
936 815 1045 871 τῶν
1072 815 1316 869 παλαιῶν
1358 818 1437 879 εἰς
1465 814 1764 885 ἐνθύμησιν
1793 814 1978 868 ἐλθόν-

396 920 485 967 τα,
514 904 701 975 γνοίης
725 905 793 960 ἂν
822 906 1028 976 μαθὼν,
1059 909 1142 960 ὃτι
1170 909 1263 960 καὶ
1282 906 1564 977 ἀπόϐλητα
1594 902 1662 977 ἦν
1696 907 1845 978 παρὰ
1867 907 1979 970 τοῖς

399 992 685 1063 προτέροις
706 996 774 1047 τὰ
798 995 885 1049 διὰ
927 995 1127 1067 χρυσοῦ
1155 996 1248 1049 καὶ
1294 995 1390 1065 τῆς
1421 993 1781 1065 νομιζομένης
1819 994 1981 1048 πολυ-

396 1082 716 1156 τελεστέρας
766 1085 898 1157 ὓλης
956 1088 1143 1154 ξόανα.
1190 1088 1349 1156 Λέγει
1392 1087 1436 1141 δ’
1490 1084 1583 1143 οὖν
1636 1084 1982 1157 Πλούταρχος

2087 630 2231 684 luna:
2265 630 2506 699 propria,
2535 631 2628 684 sed
2652 638 2830 683 tamen
2864 629 2929 683 iis
2960 628 3254 698 aliquando
3289 641 3415 681 eum
3435 624 3657 679 fortuna

2087 725 2141 772 et
2173 732 2279 786 spe-
2307 718 2617 771 communia
2664 731 2785 771 esse
2820 717 3111 771 voluerunt
3158 734 3181 771 :-
3224 716 3489 771 circulum
3525 728 3657 768 vero

2085 823 2315 878 quaeque
2339 808 2620 865 circularis
2650 819 2806 863 erant
2836 811 3039 880 ﬁgurae,
3096 809 3293 879 partim
3327 806 3659 872 atternitati,

2086 900 2280 970 partim
2308 900 2431 955 cmli
2463 900 2655 965 motui,
2689 900 3042 969 ejusdemque
3092 900 3245 955 zonis
3284 914 3349 955 ac
3393 897 3658 963 circulis;

2086 992 2416 1048 circulorum
2448 1001 2626 1047 autem
2657 992 2924 1047 sectioncs
2955 992 3122 1045 variis
3151 992 3295 1045 lunae
3323 990 3543 1061 ﬁguris:
3569 1004 3665 1059 py-

2087 1083 2325 1139 ramides
2363 1093 2418 1137 et
2464 1083 2745 1138 obeliscos.
2778 1082 2920 1152 ignis
2961 1090 3201 1147 naturae,
3254 1082 3553 1150 eademque
3594 1080 3663 1133 de

397 1165 499 1227 ὧδέ
533 1193 606 1247 πη
643 1179 783 1231 κατὰ
820 1177 986 1245 λέξιν.

2089 1190 2254 1230 causa
2289 1172 2554 1246 Olympiis
2603 1191 2822 1246 quoque
2860 1175 2965 1231 diis
2989 1216 3005 1242 ,
3056 1182 3118 1229 ut
3168 1188 3365 1228 conum
3405 1180 3668 1242 praeterea

399 1269 523 1336 soli,
556 1279 713 1329 terra
760 1275 1095 1344 cylindrum,
1141 1276 1333 1331 semini
1384 1291 1450 1331 ac
1512 1274 1849 1347 generationi
1894 1271 2128 1343 efﬁgiem
2188 1272 2422 1336 veretri,
2463 1272 2803 1341 ﬁguramque
2841 1271 3229 1341 triangularem
3294 1278 3512 1339 propter
3576 1280 3671 1319 ve-

399 1365 697 1420 recundum
749 1367 965 1425 feminae
1020 1371 1320 1426 membrum
1380 1372 1705 1426 tribuerunt.
1760 1388 1781 1422 »
1835 1366 1961 1424 Haac
1997 1367 2249 1438 egregius
2267 1367 2670 1438 singularisque
2709 1365 3089 1437 philosotihus,
3130 1366 3332 1436 quibus
3378 1362 3507 1433 quid
3565 1360 3672 1415 fre-

400 1452 523 1509 dius
552 1470 616 1510 ac
643 1458 853 1527 turpius
882 1458 989 1514 dici
1020 1461 1228 1530 possit,
1277 1475 1403 1515 cum
1450 1476 1544 1531 per
1574 1476 1638 1516 ea
1688 1475 1777 1515 res
1809 1459 1973 1514 etiam
2013 1458 2344 1527 turpissimae
2389 1457 2568 1513 verbis
2622 1458 2858 1527 graviter
2905 1473 2971 1513 ac
3014 1457 3304 1527 magniﬁce
3370 1453 3672 1525 praedicen-

286 1540 293 1549 ’
401 1545 530 1603 tur?
577 1549 710 1617 quid
744 1565 909 1619 porro
952 1561 1204 1606 coactum
1265 1553 1458 1621 magis,
1500 1566 1666 1622 quam
1721 1550 1991 1606 inanimas
2028 1547 2294 1616 quasdam
2342 1549 2619 1613 materias,
2662 1563 2879 1616 aurum,
2948 1547 3196 1618 lapides,
3264 1554 3569 1613 caeteraque
3616 1542 3672 1600 id

403 1651 606 1707 genus,
660 1640 798 1697 lucis
844 1657 910 1698 ac
957 1644 1182 1698 deorum
1234 1643 1532 1715 imagines,
1588 1650 1683 1697 aut
1734 1639 1971 1696 cmlestis
2007 1637 2350 1707 aetheriasque
2378 1646 2587 1693 natura:
2627 1638 2918 1693 simulacra
2968 1651 3079 1707 prae
3137 1650 3196 1691 se
3263 1633 3452 1689 ferre?
3500 1631 3671 1686 Caete-

402 1746 525 1786 rum
562 1733 677 1788 hzrc
712 1733 1042 1802 sophismata
1076 1751 1107 1789 a
1132 1738 1355 1805 nuperis
1381 1734 1710 1805 quibusdam
1757 1734 1971 1789 invecta
2009 1746 2152 1794 esse,
2183 1732 2250 1786 de
2275 1730 2477 1801 quibus
2525 1730 2642 1800 99
2669 1746 2735 1784 ne
2771 1747 2866 1800 per
2916 1728 3193 1787 somnium
3255 1726 3474 1797 quidem
3523 1731 3671 1777 vete-

401 1839 493 1879 res
524 1826 837 1895 cegitarint,
868 1826 952 1880 vel
976 1841 1043 1881 ex
1085 1841 1151 1881 eo
1180 1827 1469 1897 intelligas,
1498 1825 1645 1896 quod
1686 1825 1850 1895 prisci
1898 1824 1977 1879 illi
2016 1822 2266 1878 homines
2312 1822 2556 1878 confecta
2603 1839 2668 1877 ex
2703 1837 2843 1877 auro
2887 1832 2982 1877 aut
3010 1820 3116 1876 alia
3152 1819 3387 1890 quadam
3419 1816 3670 1872 materia.

405 1934 527 1988 quae
571 1921 745 1989 pluris
792 1921 1052 1976 aestimari
1100 1922 1271 1988 solet,
1321 1922 1614 1977 simulacra
1668 1918 1975 1990 rejicerent.
2015 1918 2193 1988 Atque
2222 1917 2275 1972 id
2300 1915 2627 1972 Plutarchus
2672 1918 2752 1973 sic
2776 1918 2843 1972 ad
2875 1916 3100 1972 verbum
3152 1913 3350 1969 alicubi
3414 1921 3672 1968 testatum

405 2012 651 2083 reliquit.

936 2102 1329 2156 ΚΕΦΑΛΑΙΟΝ
1364 2103 1448 2156 H’.

405 2217 548 2285 Περὶ
585 2215 694 2285 τῆς
722 2216 987 2285 παλαιᾶς,
1030 2216 1149 2270 τῶν
1190 2216 1424 2281 ξοάνων
1462 2216 1844 2285 κατασκευῆς
1890 2214 1996 2270 καὶ

1040 2286 1350 2355 ἱδρύσεως.

483 2394 504 2428 ς
525 2375 591 2429 Ἥ
610 2375 668 2430 δὲ
685 2376 909 2447 (75)τῶν
936 2376 1139 2444 ξοάνων
1165 2378 1384 2449 ποίησις
1404 2381 1630 2454 ἀρχαῖον
1657 2378 1831 2433 ἔοικεν
1854 2372 1994 2447 εἷναί

405 2483 461 2522 τι
489 2467 583 2520 καὶ
618 2466 848 2520 παλαιὸν
866 2507 881 2533 ,
923 2466 984 2519 ει.
1015 2485 1082 2538 γε
1116 2468 1323 2535 ξύλινον
1356 2469 1456 2541 μὲν
1483 2466 1552 2542 ἦν
1578 2469 1642 2522 τὸ
1670 2468 1887 2540 πρῶτον
1913 2468 1993 2531 εἰς

405 2559 576 2629 Δῆλον
606 2559 711 2611 ὑπὸ
745 2559 1106 2630 Ἐρισίχθονος
1143 2561 1437 2615 Ἀπόλλωνι
1471 2562 1564 2616 ἐπὶ
1595 2560 1705 2614 τῶν
1749 2559 1993 2631 θεωριῶν

404 2648 628 2718 ἄγαλμα
648 2665 661 2679 ·
690 2647 900 2715 ξύλινον
932 2649 990 2703 δὲ
1031 2651 1095 2704 τὸ
1127 2651 1228 2721 τῆς
1259 2653 1517 2716 Πολιάδος
1559 2653 1667 2707 ὑπὸ
1698 2651 1805 2705 τῶν
1836 2651 1995 2704 αύτο-

404 2740 610 2811 χθόνων
638 2740 880 2812 ἱδρυθὲν,
920 2741 950 2794 ὃ
977 2742 1145 2814 μέχρι
1168 2744 1265 2798 νῦν
1300 2746 1573 2817 Ἀθηναῖοι
1606 2743 1994 2815 διαφυλάττου-

406 2848 511 2886 σιν.
530 2832 708 2904 Ἥρας
727 2830 785 2888 δὲ
809 2837 905 2889 καὶ
932 2837 1126 2907 Σάμιοι
1158 2836 1367 2903 ξύλινον
1398 2833 1542 2907 εἶχον
1568 2833 1730 2901 εἶδος,
1756 2835 1833 2900 ὤς
1859 2853 1992 2908 φησι

404 2921 757 2994 Καλλίμαχος
777 2941 791 2955 ·
832 2924 999 2980 Ούπω
1034 2927 1143 2998 (74)
1179 2927 1440 2998 σκέλμιον
1479 2926 1639 2999 ἔργον
1671 2929 1751 2990 είς
1782 2925 1990 2991 ξόανον,

406 3012 523 3068 ἀλλ’
553 3015 647 3068 ἐπὶ
677 3015 879 3086 τεθμὸν
911 3017 975 3087 δὴ
1009 3018 1331 3088 νεόγλυφον,
1353 3012 1530 3083 ὦναξ,
1559 3018 1687 3082 θεᾶς
1714 3013 1858 3089 ἦσθα
1892 3034 1993 3081 σα-

406 3105 489 3171 νίς
509 3121 524 3136 ⁸
553 3100 657 3160 ὧδε
686 3107 795 3178 γὰρ
827 3108 1182 3180 καθιδρύοντο
1203 3109 1359 3172 θεοὺς
1381 3109 1524 3163 τότε.
1556 3109 1670 3162 Καὶ
1696 3109 1805 3180 γὰρ
1833 3107 1993 3180 Ἀθή-

407 3211 508 3265 νης
548 3196 608 3248 ὲν
645 3196 822 3268 Λίνδῳ
861 3199 1066 3253 Δαναὸν
1097 3199 1238 3253 λεῖον
1281 3199 1478 3271 ἔθηκεν
1507 3200 1645 3264 ἕδος.
1673 3200 1906 3269 Λέγεται
1932 3200 1991 3252 δὲ

408 3287 616 3361 Πείρας
646 3289 756 3360 (75)
791 3293 819 3343 ὁ
859 3290 1075 3361 πρῶτος
1111 3291 1417 3363 Ἀργολίδος
1442 3292 1620 3363 Ἥρας
1665 3291 1811 3363 ἱερὸν
1838 3289 1989 3344 εἱσά-

413 3396 572 3449 μενος
591 3419 608 3444 ,
637 3380 738 3451 τὴν
767 3381 960 3435 ἑαυτοῦ
990 3381 1264 3454 θυγατέρα
1287 3383 1619 3437 Καλλίθυιαν
1656 3383 1858 3455 ἱέρειαν
1892 3399 1991 3436 κα-

407 3446 725 3542 ταστήσας’,
760 3475 825 3527 ὲκ
859 3473 968 3528 τῶν
1004 3446 1134 3546 περὶ
1160 3446 1397 3547 Ἰῖίρυνθα
1433 3475 1666 3547 δένδρων
1705 3446 1874 3547 δγχην
1903 3493 1994 3529 τεο
2017 3446 2064 3509 c

413 3561 528 3634 μὼν
567 3563 856 3618 εύκτέανον
880 3605 895 3629 ,
936 3566 1116 3637 Ἤρας
1162 3566 1384 3638 ἄγαλμα
1415 3566 1723 3639 μορφῶσαι.
1772 3568 1991 3640 Πέτραν

414 3653 512 3723 μὲν
539 3652 649 3725 γὰρ
681 3655 761 3717 εἰς
794 3651 919 3708 θεοῦ
946 3655 1165 3709 κόπτειν
1204 3657 1421 3718 εὶκόνα,
1454 3656 1697 3727 σκληρὰν
1725 3656 1821 3710 καὶ
1863 3655 1992 3709 δύσ-

411 3762 573 3817 εργον
637 3748 732 3800 καὶ
777 3747 1017 3818 ἄψυχον,
1079 3749 1180 3801 οὐκ
1211 3748 1524 3802 ἐϐούλοντο·
1557 3748 1769 3820 χρυσὸν
1789 3748 1845 3802 δὲ
1895 3738 1992 3802 καὶ

411 3837 649 3909 ἄργυρον
692 3838 920 3909 ἡγοῦντο
975 3840 1078 3911 γῆς
1121 3839 1374 3913 ἀκάρπου
1427 3840 1525 3894 καὶ
1586 3839 1993 3912 διεφθαρμένης

411 3928 679 4001 χρώματα
724 3931 927 4003 νοσώδη
960 3930 1092 4003 (76),
1120 3934 1215 3986 καὶ
1244 3933 1464 4004 κηλίδας
1491 3932 1730 3998 ἐξανθεῖν
1750 3972 1765 3997 ,
1803 3931 1992 4005 ὥσπερ

416 4022 691 4093 μώλωπας
721 4023 828 4078 ὑπὸ
855 4024 1023 4098 πυρὸς
1074 4025 1449 4096 ραπισθείσηςο
1493 4025 1740 4094 ἐλέφαντι
1777 4025 1834 4078 δὲ
1863 4025 1992 4078 παί-

414 4114 599 4180 ζοντες
634 4116 732 4185 μὲν
773 4115 886 4168 ἔσθ’
927 4117 1062 4170 ὅπου
1108 4117 1494 4188 προσεχρῶντο
1521 4116 1838 4188 ποικίλματι
1867 4116 1994 4189 τρό-

415 4206 521 4277 φῆς
548 4206 680 4278 (77).
718 4225 735 4258 ι
760 4205 945 4260 Ταῦτα
977 4208 1005 4259 ὁ
1034 4204 1381 4277 Πλούταρχος
1400 4223 1414 4236 ·
1444 4206 1539 4259 καὶ
1562 4204 1750 4259 τούτου
1779 4204 1836 4259 δὲ
1856 4205 1990 4258 πολὺ

414 4299 678 4371 πρότερον
716 4301 745 4353 ὀ
785 4297 1009 4353 Πλάτων
1055 4298 1208 4352 οὐδὲν
1241 4294 1378 4352 εἶναι
1416 4300 1612 4370 σεμνὸν
1631 4340 1647 4363 ,
1678 4300 1800 4354 οὐδὲ
1825 4316 1994 4371 προσ-

416 4392 592 4456 εοικδς
634 4391 754 4462 θείᾳ
801 4391 962 4461 φύσει
1000 4392 1059 4444 ὲν
1102 4389 1320 4462 χρυσῷ,
1370 4392 1466 4446 καὶ
1498 4391 1693 4458 λίθοις,
1736 4393 1829 4447 καὶ
1875 4391 1995 4445 ἑλέ-

416 4501 577 4553 φαντι
596 4523 611 4549 ,
649 4486 763 4548 τοῖς
784 4500 846 4537 τε
873 4482 935 4548 ἐξ
974 4482 1108 4555 ὕλης
1138 4484 1345 4556 ἀψύχου
1388 4487 1905 4557 κατασκευάσμασιν
1930 4481 1990 4540 εὖ

418 4575 566 4645 μάλα
598 4574 775 4641 εἰδὼς,
803 4575 1107 4631 ἐπάκουσον
1138 4578 1198 4631 ὲν
1220 4579 1335 4642 τοῖς
1360 4579 1581 4647 Νόμοις
1604 4580 1764 4633 ὁποῖα
1784 4579 1992 4634 διατάτ-

413 4674 590 4714 τεται·
629 4679 647 4712 ι
673 4661 749 4732 Γῆ
809 4663 907 4736 μὲν
943 4657 1035 4717 οὖν
1079 4661 1229 4716 ἑστία
1270 4679 1330 4716 τε
1370 4664 1636 4735 οἰκήσεως
1659 4704 1675 4729 ,
1706 4664 1828 4735 ιερὰ
1856 4666 1993 4721 πᾶσι

415 4751 638 4807 πάντων
660 4751 796 4807 θεῶν
818 4770 832 4784 ⁸
865 4754 1054 4826 μηδεὶς
1082 4749 1176 4809 οὖν
1203 4754 1469 4826 δευτέρως
1498 4755 1620 4826 ἱερὰ
1656 4755 1992 4828 καθιερούτω

416 4841 579 4908 θεοῖς.
609 4844 822 4917 Χρυσὺς
848 4845 906 4899 δὲ
938 4845 1032 4901 καὶ
1062 4845 1300 4917 ἄργυρος
1332 4848 1389 4899 ὲν
1412 4845 1599 4910 ἄλλαις
1642 4848 1858 4902 πόλεσιν
1885 4849 1993 4921 ἰδίᾳ

487 5068 602 5140 (75)
651 5069 823 5127 Ἡδέ.
866 5069 1047 5126 Locus
1079 5069 1169 5125 hic
1198 5069 1475 5126 Plutarchi
1531 5086 1643 5126 non
1695 5072 1984 5141 reperitur,

414 5149 840 5211 nechsequentes
864 5141 1184 5211 Qallimachi
1213 5155 1424 5211 versus.

491 5209 604 5292 (74)
621 5209 848 5292 ςοῦπῳ..
883 5209 1175 5292 Priusnhoc
1202 5209 1522 5292 C‘allimachi
1548 5210 1985 5292 idistichunpmi-

415 5279 474 5335 hi
503 5279 727 5352 quidem
761 5281 997 5336 ἀνίατον.
1028 5280 1108 5335 Ex
1131 5295 1197 5336 eo
1237 5288 1454 5335 tantum
1500 5291 1779 5352 utcunque
1818 5283 1986 5337 disci-

415 5365 562 5413 mus.
592 5350 781 5405 rudem
803 5352 1042 5406 tabulam
1073 5358 1168 5406 aut
1191 5364 1453 5417 asserem,
1488 5353 1594 5406 hoc
1626 5350 1984 5407 simulacrum

416 5417 608 5489 fuisse.
637 5419 919 5476 Posterius
970 5421 1265 5476 distichum
1327 5419 1544 5476 facilius
1596 5430 1715 5489 est;
1772 5430 1985 5477 tantum

415 5487 551 5561 loco!
580 5490 805 5556 Δαναόν,
852 5492 1223 5561 reponendum
1260 5506 1326 5546 ex
1367 5491 1538 5546 altero
1588 5487 1718 5558 ms.,
1760 5492 1985 5556 Δαναός.

414 5556 625 5615 Lindus
673 5570 854 5615 autem
903 5556 1035 5615 urbs
1068 5560 1169 5614 fuit
1219 5561 1276 5616 in
1308 5560 1501 5615 Rhodo
1546 5556 1746 5617 insula.
1779 5561 1985 5617 Sensus

415 5629 584 5698 igitur
607 5638 715 5694 est,
748 5637 887 5694 tum,
912 5629 965 5684 id
999 5637 1082 5684 est
1116 5630 1269 5695 olim,
1296 5647 1362 5685 eo
1387 5631 1549 5685 modo
1579 5641 1792 5686 erectos
1820 5630 1987 5687 fuisse

455 5699 736 5771 ositosque
786 5700 960 5771 deos,
988 5701 1120 5771 hoc
1172 5709 1257 5755 est
1305 5702 1513 5771 ligneos
1561 5719 1575 5754 :
1628 5699 1986 5771 Danaumque

465 5769 596 5835 indi,
622 5768 752 5841 laeve
796 5768 1031 5841 Palladis
1063 5768 1444 5834 simulacrum,
1493 5771 1596 5826 hoc
1633 5780 1737 5841 est,
1770 5778 1829 5825 ut
1860 5768 1985 5841 qui-

416 5842 538 5894 dem
568 5840 844 5909 existimo,
876 5839 1177 5911 laevigatum
1202 5855 1300 5910 pro
1324 5841 1619 5897 simulacro
1652 5840 1856 5912 lignum
1880 5839 1982 5912 po-

2010 2103 2060 2163 B

2669 2096 2905 2154 CAPUT
2945 2094 3084 2150 VIII.

2165 2209 2244 2264 De
2287 2209 2465 2278 prisca
2524 2208 2818 2263 simulacra
2870 2207 3183 2289 conﬁciendi
3231 2207 3601 2277 statuendique

2774 2287 2998 2332 ratione.

2172 2387 2191 2422 ι
2218 2367 2406 2425 Prisca
2440 2383 2570 2425 vero
2590 2383 2654 2423 ac
2672 2377 2983 2438 pervetusta
3008 2367 3273 2422 habeatur
3290 2367 3671 2439 ﬁngendorum

2095 2460 2518 2517 simulacrorum
2548 2459 2913 2516 consuetudo.
2939 2460 3079 2515 Illud
3100 2469 3250 2515 certe
3264 2459 3508 2530 quidem,
3524 2459 3668 2529 quod

2094 2553 2152 2607 in
2174 2551 2305 2608 Delo
2333 2552 2571 2623 primum
2604 2552 2674 2608 ab
2701 2551 3100 2609 Eresichthone
3134 2553 3672 2608 solemnioribusAt—

2093 2644 2215 2700 ticte
2243 2660 2456 2716 pompa:
2508 2644 2703 2701 diebus
2744 2654 3130 2702 consecratum
3161 2644 3398 2716 Apollini
3451 2645 3670 2714 signum

2092 2744 2199 2804 est,
2218 2735 2458 2805 ligneum
2489 2745 2607 2792 erat
2643 2756 2656 2791 :
2692 2737 2931 2807 itemque
2968 2739 3207 2808 ligneum
3256 2737 3406 2793 aliud
3461 2738 3530 2795 ab
3580 2737 3684 2791 in-

2095 2826 2307 2896 digenis
2331 2826 2466 2895 ipsis
2489 2825 2746 2880 Minervae
2780 2824 2995 2881 Urbicae
3024 2826 3286 2896 positum,
3321 2827 3470 2896 quod
3496 2826 3670 2880 Athe-

2095 2919 2317 2973 nienses
2362 2916 2634 2985 hodieque
2693 2926 2933 2971 servant.
2990 2915 3134 2982 Quin
3165 2925 3221 2972 et
3247 2917 3420 2971 Samii
3451 2932 3675 2987 quoque

2094 3010 2328 3081 ligneam
2352 3009 2586 3065 lunonis
2620 3009 2850 3081 efﬁgiem
2883 3009 3145 3076 habuere,
3185 3018 3246 3064 ut
3278 3009 3471 3064 scribit
3501 3009 3670 3067 Galli:

2094 3103 2343 3159 machus.
2495 3143 2509 3157 .
2658 3142 2673 3157 .
2822 3141 2841 3158 .
2989 3139 3006 3155 .
3153 3136 3170 3154 .
3318 3141 3332 3156 .

2094 3193 2251 3250 Piras
2282 3208 2414 3249 vero
2446 3194 2698 3265 princeps
2722 3192 2954 3249 Junonis
2985 3191 3253 3262 Argolicas
3273 3192 3536 3261 templum
3565 3207 3668 3263 po-

2095 3286 2274 3343 suisse
2304 3284 2498 3351 fertur,
2553 3292 2609 3340 et
2663 3284 3010 3355 Callithyiam
3054 3282 3224 3337 ﬁliam
3255 3282 3377 3353 ejus
3413 3283 3679 3338 sacerdo-.

2091 3386 2202 3433 tem
2233 3377 2448 3442 fecisse,
2486 3386 2650 3447 atque
2693 3393 2762 3431 cx
2816 3375 3117 3448 Tirynthiis
3143 3371 3432 3431 arboribus
3461 3384 3669 3431 sectam

2093 3485 2292 3543 pyrum
2329 3469 2633 3525 silvestrem
2670 3468 2725 3522 in
2756 3468 3057 3538 elegantem
3087 3483 3152 3522 ac
3179 3467 3405 3539 politam
3432 3466 3667 3523 lunonis

2092 3563 2386 3632 imaginem
2416 3561 2809 3632 conﬁgurasse.
2839 3558 2973 3614 Nam
3011 3559 3245 3631 lapidem
3286 3560 3506 3631 quidem
3541 3560 3667 3630 ipsi,

2095 3655 2300 3725 quippe
2326 3668 2452 3708 rem
2469 3652 2747 3708 duriorem
2780 3651 3074 3721 minusque
3110 3652 3214 3705 arti
3275 3652 3667 3722 obsequentem

2091 3749 2382 3817 animaque
2412 3753 2710 3810 carentem,
2754 3744 2811 3798 in
2836 3744 3078 3799 numinis
3104 3743 3336 3814 eﬁigiem
3375 3744 3668 3814 scalpenda

2091 3839 2440 3895 conformare
2468 3838 2727 3894 nolebant
2761 3855 2774 3892 :
2805 3852 3002 3895 aurum
3047 3843 3233 3891 autem
3265 3845 3431 3908 atque
3472 3852 3670 3909 argen-

2095 3942 2209 3987 tum
2236 3931 2437 3987 sterilis
2466 3946 2531 3985 ac
2556 3930 2730 3985 vitiati
2766 3929 2865 3985 soli
2889 3928 3178 3985 morbosos
3205 3929 3417 3986 colores
3436 3945 3579 3995 esse,
3604 3946 3670 3988 ac

2093 4024 2284 4080 sordes
2327 4024 2592 4093 quasdam
2637 4032 2695 4078 et
2724 4022 2972 4078 maculas
3010 4037 3080 4077 ex
3107 4029 3252 4077 terra
3291 4023 3433 4095 ignis
3470 4024 3668 4079 ardore

2092 4132 2396 4187 percussa,
2440 4116 2681 4171 vibicum
2736 4115 2909 4171 instar
2964 4113 3675 4172 exsisterearbitrabantur:

2091 4206 2256 4261 ebore
2304 4220 2437 4261 vero
2483 4205 2756 4259 interdum
2791 4218 2927 4259 sane
2956 4204 3273 4267 utebantur,
3309 4202 3405 4259 sed
3431 4204 3557 4273 joco
3584 4220 3670 4259 so-

2091 4298 2231 4362 lum,
2261 4305 2316 4352 et
2345 4297 2503 4367 quasi
2524 4296 2590 4351 ad
2616 4296 2852 4365 aliquam
2887 4295 3207 4351 deliciarum
3232 4310 3297 4350 ac
3326 4296 3663 4352 lautitiarum

2092 4388 2433 4443 varietatem.
2480 4405 2507 4438 ι.
2536 4384 2662 4441 Haec
2691 4384 3042 4452 Plutarchus,
3106 4400 3282 4456 eoque
3329 4385 3491 4458 longe
3526 4388 3668 4442 anti-

2093 4479 2254 4551 quior
2273 4478 2437 4534 Plato
2456 4478 2589 4535 nihil
2620 4493 2720 4534 nec
2740 4478 2794 4532 in
2829 4493 2986 4544 auro,
3016 4493 3117 4534 nec
3152 4479 3208 4533 in
3242 4477 3538 4549 lapidibus,
3564 4496 3666 4535 nec

2093 4569 2150 4623 in
2193 4568 2380 4635 ebore,
2426 4583 2526 4625 nec
2554 4569 2609 4623 in
2639 4568 2753 4643 ullo
2786 4583 3016 4638 prorsus
3059 4582 3245 4639 opere,
3293 4569 3441 4640 quod
3483 4585 3552 4625 ex
3578 4570 3666 4624 in-

2094 4660 2264 4716 animi
2294 4660 2520 4717 materia
2563 4659 2850 4725 conﬁatur,
2895 4675 3016 4716 esse
3044 4661 3380 4731 pronuntiat,
3408 4659 3553 4731 quod
3580 4660 3673 4715 vel

2025 4786 2070 4842 ι)
2094 4753 2257 4824 paulo
2288 4753 2597 4823 augustius,
2623 4753 2708 4808 vel
2736 4763 2947 4808 natura:
2983 4753 3182 4808 divinae
3224 4761 3434 4823 aptum,
3476 4767 3541 4806 ac
3586 4749 3677 4806 εὶςς

2094 4845 2225 4900 mile
2256 4844 2444 4899 haberi
2469 4845 2660 4914 possit.
2691 4844 2776 4899 Tu
2815 4860 2967 4915 ergo,
3017 4844 3111 4915 qui
3145 4844 3446 4909 hominem,
3492 4843 3665 4898 homi-

2090 5067 2287 5123 suisse.
2317 5064 2434 5120 Nisi
2458 5065 2726 5129 dicamus,
2755 5080 2880 5121 cum
2912 5066 3075 5121 rudes
3106 5065 3260 5134 prius
3291 5062 3665 5134 informesqne

2091 5138 2305 5206 stipites
2328 5137 2688 5206 erigerentur,
2717 5138 2957 5205 primum
3003 5150 3034 5206 a
3080 5134 3272 5206 Danao
3297 5134 3552 5206 Minervae
3586 5138 3664 5189 si-

2088 5204 2514 5272 mulacrum—ex
2558 5204 2873 5276 ligno’illud
2900 5204 3143 5276 quidem,
3182 5204 3278 5260 sed
3305 5204 3424 5259 laevi
3469 5220 3534 5259 ac
3565 5220 3665 5276 po—

2089 5277 2208 5341 lito,
2241 5275 2615 5331 constitutum
2632 5275 2819 5330 fuisse.

2162 5347 2373 5418 (75-76)
2412 5345 2695 5418 Xptbyqta
2736 5344 2995 5418 νοσώδη.
3034 5342 3170 5400 Hoc
3195 5344 3360 5418 etiam
3409 5345 3664 5418 asperius

2091 5414 2193 5479 est,
2218 5414 2379 5487 quam
2402 5414 2570 5486 quod.
2595 5414 2834 5487 Bernard
2859 5416 3021 5470 habet
3043 5429 3209 5469 serm.
3240 5416 3360 5473 Lde
3384 5416 3625 5469 Adventu
3642 5430 3663 5467 :

2090 5485 2298 5541 Aurum
2328 5495 2379 5540 et
2414 5485 2708 5555 argentum,
2735 5485 2932 5553 inquit,
2964 5500 3133 5543 nonne
3159 5494 3298 5538 terra
3333 5494 3408 5538 est
3430 5488 3591 5539 rubra
3611 5493 3663 5538 et

2092 5558 2233 5622 alba,
2268 5572 2427 5628 quam
2466 5555 2610 5628 solus
2656 5556 2925 5609 hominum
2976 5571 3125 5609 error
3170 5555 3322 5625 facit,
3353 5566 3445 5608 aut
3492 5556 3661 5625 magis

2093 5627 2324 5695 reputat,
2356 5627 2649 5695 pretiosam
2662 5628 2686 5680 ?

2165 5698 2278 5765 (77)
2324 5693 2570 5765 Tpogpﬁc.
2613 5694 2779 5749 Error
2808 5693 3153 5765 manifestus,
3184 5710 3283 5764 pro
3311 5693 3563 5763 τρυφῆς,
3605 5702 3665 5749 ut

2091 5764 2293 5821 habent
2316 5772 2319 5773 ⁷
2340 5764 2642 5831 manuscr.,
2670 5766 2798 5823 licet
2824 5764 2989 5825 Mont.
3034 5766 3255 5821 adnotet
3295 5768 3366 5820 al.
3400 5765 3661 5833 scriptum

2092 5852 2212 5892 esse
2239 5834 2498 5909 μορφῆς.
