4156 6422
366 395 471 450 185

1528 395 1852 455 ΡΒᾸΞΡΑΠ.
1893 393 2144 451 EVANG.
2186 394 2314 453 LIB.
2352 395 2437 449 lli.

3503 373 3605 428 186

366 508 500 571 Ζεὺς
531 501 625 560 οὖν
657 508 685 562 ὁ
715 507 822 570 πᾶς
852 505 1075 577 κόσμος,
1111 507 1249 573 ξῶον
1281 508 1347 563 ἐκ
1379 508 1553 575 ξώων,
1596 510 1691 563 καὶ
1724 508 1845 571 θεὸς
1874 510 1939 561 ἐκ

2055 510 2250 581 Iupiter
2291 525 2419 578 ergo
2460 507 2697 562 mundus
2727 504 3019 561 universus
3056 503 3162 562 est,
3201 490 3454 546 animans
3480 487 3607 558 qui-

367 599 506 653 θεῶν
528 614 544 631 ·
580 600 712 663 Ζεὺς
754 598 830 663 δὲ,
876 599 1011 654 καθὸ
1043 599 1187 666 νοῦς,
1221 601 1314 670 ἀφ’
1357 594 1419 654 οὗ
1464 601 1727 672 προφέρει
1758 601 1937 655 πάντα

367 687 465 743 καὶ
495 687 814 760 δημιουργεῖ
858 691 970 753 τοῖς
1009 691 1261 759 νοήμασι.
1305 689 1426 743 Τῶν
1460 688 1523 761 δὴ
1565 689 1830 757 θεολόγων
1866 686 1937 740 τὰ

368 779 433 850 δὴ
462 780 590 850 περὶ
617 778 711 832 τοῦ
742 779 877 833 Θεοῦ
919 777 1106 837 τοῦτον
1144 780 1569 851 ἐξηγησαμένων
1599 781 1689 833 τὸν
1713 779 1934 850 τρόπον,

371 872 555 925 εἰκόνα
595 872 691 942 μὲν
716 871 970 942 τοιαύτην
994 873 1363 944 δημιουργεῖν,
1406 873 1523 926 οἵαν
1553 874 1583 925 ὁ
1622 870 1779 940 λόγος
1803 870 1940 942 ἐμή-

372 980 549 1027 νυσεν,
579 961 690 1016 οὔθ’
717 960 827 1017 οἷόν
848 982 907 1017 τε
936 960 1023 1035 ἦν,
1060 962 1170 1019 οὔτ’
1204 964 1362 1027 εἴτις
1389 963 1669 1032 ἐπενόησε,
1692 961 1753 1015 τὸ
1779 962 1938 1025 ζωτι-

371 1054 468 1108 κὸν
521 1054 615 1109 καὶ
662 1054 847 1126 νοερὸν
878 1055 973 1110 καὶ
1018 1055 1368 1128 προνοητικὸν
1415 1054 1504 1109 διὰ
1548 1054 1647 1123 τῆς
1703 1052 1939 1123 σφαίρας

372 1145 665 1209 ἐδείκνυενο
719 1146 1178 1219 ἀνθρωπόμορφον
1213 1148 1269 1201 δὲ
1295 1148 1387 1202 τοῦ
1432 1149 1552 1211 Διὸς
1591 1148 1671 1216 ab}
1696 1147 1940 1218 δείκηλον

374 1238 754 1308 πεποιήκασιν,
789 1239 871 1291 ὅτι
911 1238 1032 1303 νοῦς
1072 1235 1141 1310 ἦν
1184 1238 1305 1292 καθ’
1347 1239 1405 1293 ὂν
1443 1238 1811 1310 ἐδημιούργει,
1846 1238 1941 1291 καὶ

372 1325 552 1394 λόγοις
578 1331 967 1400 σπερματικοῖς
999 1329 1247 1383 ἀπετέλει
1277 1329 1347 1395 ⁸ιᾶ
1373 1331 1569 1384 πάντα.
1592 1330 1840 1402 Κάθηται
1861 1329 1937 1392 δὲ,

344 1462 351 1481 ν,
372 1417 434 1471 τὸ
466 1418 677 1490 ἑδραῖον
703 1421 800 1492 τῆς
826 1419 1101 1491 δυνάμεως
1119 1421 1484 1496 αζνιττόμενος
1500 1439 1512 1451 ·
1549 1422 1730 1492 γυμνὰ
1752 1422 1810 1475 δὲ
1832 1421 1945 1495 ἔχει

374 1508 443 1561 τὰ
490 1508 622 1573 ἄνω,
652 1510 731 1563 ὅτι
760 1510 991 1581 φανερὸς
1019 1512 1078 1564 ἐν
1111 1513 1222 1574 τοῖς
1266 1515 1471 1581 νοεροῖς
1504 1511 1596 1564 καὶ
1633 1516 1744 1575 τοῖς
1783 1512 1946 1583 οὐρα-

376 1598 506 1662 νίοις
534 1598 627 1652 τοῦ
654 1600 856 1669 κόσμου
884 1600 1101 1673 μέρεσίν
1126 1602 1240 1653 ἐστι
1266 1618 1278 1632 ·
1323 1603 1584 1655 σκέπεται
1611 1601 1668 1655 δέ
1695 1602 1841 1672 αὐτῷ
1876 1601 1946 1663 τὰ

379 1690 633 1761 πρόσθια,
668 1692 749 1744 ὅτι
778 1692 989 1762 ἀφανὴς
1015 1695 1127 1757 τοῖς
1163 1692 1314 1746 κάτω
1339 1692 1763 1764 κεκρυμμένοις.
1792 1694 1943 1761 Ἔχει

376 1778 434 1832 δὲ
462 1783 528 1850 τῇ
567 1781 664 1850 μὲν
689 1779 817 1851 λαιᾷ
838 1781 898 1834 τὸ
930 1782 1226 1853 σκῆπτρον,
1258 1783 1377 1836 καθ’
1407 1782 1437 1836 ὃ
1464 1783 1696 1854 μάλιστα
1718 1782 1827 1835 τῶν
1851 1781 1944 1835 τοῦ

380 1870 631 1941 σώματος
664 1872 845 1943 μερῶν
875 1873 936 1925 τὸ
966 1873 1438 1944 ἡγεμονικώτατόν
1468 1892 1529 1927 τε
1559 1875 1652 1927 καὶ
1681 1873 1950 1945 νοερώτα-
1979 1860 2023 1915 Β

375 1979 468 2016 τον
518 1965 833 2036 ὑποικουρεϊ
875 1964 1180 2035 σπλάγχνον
1216 1967 1251 2037 ἡ
1286 1965 1481 2038 καρδία
1505 1983 1519 1996 ο
1570 1966 1818 2037 βασιλεὺς
1844 1967 1951 2039 γὰρ

375 2051 474 2107 τοῦ
509 2054 711 2124 κόσμου
742 2058 771 2108 ό
800 2055 1129 2127 δημιουργὸς
1148 2057 1305 2120 νοῦς·
1333 2057 1602 2128 προτείνει
1632 2057 1688 2111 δὲ
1719 2061 1782 2129 τῇ
1807 2058 1955 2129 δεξιᾷ

376 2145 412 2218 ἢ
461 2145 640 2213 ἀετὸν,
685 2146 766 2199 ὅτι
802 2150 993 2219 κρατεί
1020 2145 1129 2202 τῶν
1172 2148 1488 2221 ἀεροπόρων
1528 2149 1685 2214 Θεῶν,
1727 2152 1804 2213 ὡς
1844 2150 1955 2205 τῶν

383 2237 691 2309 μεταρσίων
735 2237 933 2309 ὀρνέων
971 2238 1000 2290 ό
1029 2238 1185 2303 ἀετός
1208 2256 1222 2269 ο
1257 2239 1290 2309 ἢ
1332 2238 1509 2311 νίκην,
1539 2240 1625 2293 ὅτι
1670 2241 1954 2311 νενίκηκεν

379 2327 542 2392 αὐτὸς
571 2327 765 2382 πάντα.
806 2347 826 2380 ι
859 2327 1044 2412 Ταῦτά
1069 2346 1149 2382 σοι
1180 2332 1209 2383 ό
1240 2330 1565 2402 Πορφύριος,
1591 2324 1665 2385 ὧν
1693 2332 1782 2385 τὸν
1803 2334 1957 2404 εἰρη-

387 2420 549 2489 μένον
606 2419 806 2490 τρόπον
830 2420 1257 2490 ἀποδεδομένων,
1283 2422 1467 2494 ἠρέμα
1507 2425 1602 2476 καὶ¹
1635 2424 1727 2477 ἐπὶ
1760 2424 1954 2496 σχολῆς

383 2509 750 2580 ἐπιθεωρῆσαι
804 2510 989 2577 καλὸν,
1033 2511 1155 2565 τίνα
1203 2514 1331 2566 ποτὲ
1369 2513 1476 2587 ἄρα
1521 2515 1614 2569 τὸν
1658 2516 1759 2570 Δία
1790 2519 1954 2586 φασὶν

381 2595 521 2654 εἶναι
551 2601 619 2654 τὰ
656 2600 779 2673 ἔπη.
822 2600 962 2670 Ἐγὼ
994 2603 1093 2673 μὲν
1128 2603 1238 2674 γὰρ
1266 2605 1386 2658 οὐδὲ
1416 2587 1545 2662 ἆλλο
1570 2607 1678 2681 (81)
1714 2610 1956 2681 ἠγοῦμαι

381 2690 415 2763 ἢ
443 2691 533 2744 τὸν
560 2690 833 2763 ὁρώμενον
865 2691 1092 2762 κόσμον,
1121 2695 1186 2748 ἐκ
1216 2696 1482 2750 παντοίων
1516 2697 1820 2753 συνεατίζνια
1847 2699 1955 2753 τῶν

384 2778 567 2851 μερῶν
602 2780 709 2835 τῶν
750 2798 810 2835 τε
851 2780 973 2834 κατ’
1012 2782 1234 2854 οὐρανὸν
1257 2784 1350 2838 καὶ
1385 2784 1600 2857 αἰθέρα,
1629 2788 1724 2841 καὶ
1757 2786 1863 2842 τῶν
1899 2791 1958 2843 ἐν

379 2868 592 2934 τούτοις
632 2871 968 2944 φαινομένων
993 2874 1230 2947 ἄστρων,
1267 2874 1455 2948 ὥσπερ
1491 2880 1548 2930 ἐν
1586 2878 1818 2948 μεγάλου
1851 2878 1958 2932 σώ-

387 2978 556 3033 ματος
588 2965 794 3039 κεφαλῇ
826 2970 1313 3041 προτεταγμένωνθ
1347 2969 1456 3022 τῶν
1495 2986 1555 3021 τε
1601 2972 1658 3021 ἐν
1693 2972 1834 3043 ἀέρι,
1864 2971 1960 3025 καὶ

2041 580 2164 659 dem
2211 617 2280 659 ex
2333 600 2725 666 animantibus,
2783 612 2849 652 ac
2899 595 3035 650 deus
3089 604 3158 645 ex
3196 586 3300 640 diis
3349 580 3608 650 :Jupiter

2041 710 2195 762 vero,
2222 702 2493 764 quatenus
2522 706 2677 746 mens
2708 698 2814 750 est,
2848 685 3006 755 cujus
3044 682 3110 736 ad
3141 678 3395 764 notiones
3428 672 3484 726 in
3522 670 3609 724 lu-

2044 799 2160 839 cem
2185 762 2383 837 cuncta
2407 779 2640 851 profert,
2670 784 2974 844 cunctaque
3023 769 3263 826 molitur.
3303 762 3423 818 Jam
3479 771 3609 813 vero

2045 890 2172 931 cum
2195 875 2339 928 hunc
2365 850 2423 926 in
2450 872 2673 925 modum
2700 865 2937 935 theologi
2968 863 3035 918 de
3065 855 3306 915 numinis
3329 850 3493 921 hujus
3510 861 3612 901 na-

2046 973 2170 1019 tura
2220 962 2572 1031 partibusquc
2619 960 2984 1027 disputarent,
3010 966 3109 1006 nec
3139 950 3318 1017 imago
3341 935 3611 1013 ejusmodi

2047 1056 2230 1126 aliqua
2255 1053 2385 1123 tingi
2414 1068 2480 1108 ac
2504 1048 2835 1119 conﬁgurari
2870 1050 3076 1116 posset,
3100 1039 3319 1110 qualem
3367 1035 3470 1126 ista
3504 1043 3613 1126 no-

2044 1149 2131 1204 bis
2164 1146 2408 1203 carmina
2448 1147 2864 1213 repraesentant,
2913 1150 3036 1198 nec,
3078 1132 3122 1188 si
3161 1128 3300 1183 forte
3340 1120 3611 1193 quispiam

2047 1241 2168 1312 ejus
2196 1234 2543 1294 elaboranda:
2570 1233 2838 1287 rationem
2867 1225 3189 1287 invenisset,
3226 1219 3397 1288 ﬁgura
3430 1223 3613 1267 tamen

2048 1331 2315 1403 sphaerica
2365 1327 2501 1385 satis
2540 1325 2652 1379 vim
2695 1324 2844 1377 illam
2880 1334 3004 1375 cum
3044 1313 3291 1373 vitalem,
3340 1317 3455 1362 tum
3486 1314 3615 1355 vero

2049 1396 2439 1491 intelligentem
2472 1433 2537 1472 ac
2560 1415 2937 1487 providentem
2961 1407 3269 1477 exprimere
3297 1396 3564 1491 potu-isset
3598 1408 3614 1447 :

2049 1516 2199 1572 Jovis
2232 1513 2586 1570 simulacrum
2618 1508 2912 1562 humanam
2945 1501 3000 1555 in
3035 1495 3273 1569 speciem
3308 1486 3620 1546 conforma-

2050 1614 2199 1670 runt,
2228 1602 2377 1673 quod
2406 1615 2561 1654 mens
2581 1604 2747 1662 esset,
2773 1594 2932 1662 cujus
2953 1590 3009 1644 in
3032 1581 3411 1658 procreatione
3433 1588 3620 1632 rerum

2051 1668 2327 1763 exemplar
2359 1693 2684 1752 intueretur,
2737 1684 2897 1754 cujus
2951 1675 3310 1736 seminalibus
3338 1668 3496 1741 quasi
3518 1679 3622 1763 ra-

2052 1786 2291 1841 tionibus
2319 1789 2517 1839 cuncta
2546 1778 2848 1850 perliceret.
2897 1771 3044 1827 Idem
3068 1780 3200 1822 vero
3228 1764 3400 1826 sedet,
3430 1767 3493 1814 ut
3517 1757 3624 1850 im-

2053 1889 2255 1932 rn0tam
2285 1872 2572 1945 potestatis
2599 1884 2712 1931 sua:
2743 1862 3108 1923 constantiam
3142 1865 3421 1924 utcunque
3452 1848 3624 1945 signi:

2052 1969 2205 2032 licet;
2238 1939 2420 2034 partes
2440 1959 2688 2031 corporis
2713 1955 3025 2027 superiores
3058 1949 3235 2005 nudas
3264 1945 3448 2008 habet,
3474 1939 3625 2011 quod

2053 2060 2109 2113 in
2140 2055 2478 2126 spiritalibus
2506 2067 2572 2111 ac
2602 2049 2920 2105 coalestibus
2967 2041 3156 2098 mundi
3205 2037 3455 2109 partibus
3502 2045 3626 2087 sese

2054 2147 2321 2203 illustrius
2368 2141 2728 2213 spectandum
2775 2137 3062 2200 exhibeat;
3097 2130 3389 2186 inferiores
3431 2130 3627 2178 contra

2053 2247 2246 2302 tectas,
2273 2212 2418 2306 quod
2449 2234 2503 2287 in
2536 2231 2738 2286 inﬁmis
2772 2229 2939 2283 rebus
2972 2223 3299 2295 penitusque
3331 2212 3627 2272 reconditis

2054 2328 2411 2413 absconditus
2439 2327 2557 2395 ipse
2583 2323 2888 2378 delitescat.
2938 2317 3018 2371 Ac
3066 2316 3201 2370 laeva
3234 2311 3454 2381 quidem
3506 2318 3630 2408 see:

2053 2396 2234 2494 pirum
2266 2426 2430 2485 tenet,
2484 2416 2633 2486 quod
2682 2430 2750 2470 ex
2790 2412 3047 2469 omnibus
3096 2404 3344 2475 corporis
3398 2396 3626 2455 humani

2054 2513 2301 2584 partibus
2332 2526 2398 2566 eo
2426 2508 2727 2579 prmsertim
2756 2506 2810 2559 in
2828 2505 2995 2558 latere
3021 2516 3115 2556 cor
3145 2496 3280 2552 illud
3301 2502 3629 2551 cancrorum

2056 2605 2215 2660 facile
2275 2603 2571 2673 princeps,
2642 2600 2862 2668 vimque
2925 2589 3264 2662 intelligendi
3328 2585 3630 2641 maximam

2056 2694 2398 2763 complexum
2426 2691 2767 2755 intestinum,
2798 2698 3062 2757 tanquam
3097 2685 3155 2737 in
3196 2679 3420 2752 proprio
3450 2673 3631 2731 domi-

2057 2787 2185 2842 cilio
2222 2784 2579 2855 conquiescat
2609 2801 2622 2836 :
2654 2781 2855 2850 quippe
2887 2792 3041 2833 mens
3070 2775 3218 2829 enim
3256 2771 3346 2825 illa
3382 2778 3637 2838 procrea-

2058 2878 2180 2933 trix.
2201 2877 2307 2931 hoc
2338 2877 2393 2930 in
2423 2874 2557 2930 orbe
2586 2880 2777 2942 regnat
2806 2888 2823 2938 ;
2858 2870 3049 2924 dextra
3093 2877 3224 2919 vero
3264 2868 3360 2914 aut
3390 2856 3633 2926 aquilam

2058 2967 2352 3039 protendit,
2398 2965 2546 3035 quod
2580 2965 2724 3018 aeris
2768 2962 2886 3031 ipse
2936 2958 3063 3022 diis,
3112 2952 3336 3024 perinde
3364 2958 3423 3005 ut
3452 2946 3634 3016 aquila

384 3055 480 3124 γῇ,
513 3057 610 3108 καὶ
634 3039 897 3131 Θαλάσσῃ,
926 3061 1020 3114 καὶ¹
1049 3039 1162 3125 τοῖς
1195 3058 1618 3131 παραπλησίοις.
1644 3039 1800 3132 Μέρη
1828 3060 1956 3130 γοῦν

2061 3057 2295 3113 sublime
2321 3055 2634 3110 volantibus
2662 3053 2879 3114 avibus,
2909 3048 3258 3109 dominetur;
3316 3049 3412 3095 aut
3461 3039 3639 3092 victo-

386 3144 618 3247 κόσμου,
649 3148 743 3200 καὶ
897 3152 992 3206 καὶ
1022 3150 1145 3222 ὄρη,
1173 3128 1472 3220 καὶ-βουνοί
1496 3167 1508 3180 ·
1541 3128 1762 3204 εἱλεῖταί
1783 3128 1850 3204 τε
1870 3151 1956 3205 αὐ-

2062 3150 2222 3215 riam,
2246 3148 2402 3218 quod
2448 3148 2591 3202 idem
2631 3143 2816 3199 omnia
2859 3138 3151 3209 superarit.
3208 3153 3229 3186 ι
3296 3133 3456 3203 102
3510 3128 3638 3183 llaec

2090 3240 2121 3247 ..
2149 3240 2160 3247 .
2188 3238 2224 3247 κ
2335 3240 2347 3247 .
2442 3238 2451 3247 .
2674 3235 2706 3247 η
2830 3233 2842 3247 ι
3004 3230 3015 3241 ο
3040 3246 3047 3247 ,
3094 3227 3312 3247 ,,_-_I---_..
3352 3220 3611 3247 ..Ἆλιν-ξιξ..

386 3236 497 3290 τῶν
524 3239 581 3291 ἐν
621 3240 771 3311 μέσῳ
799 3239 974 3313 ζώνης
998 3220 1199 3315 τρόπον
1224 3245 1258 3314 ἡ
1301 3241 1545 3297 θάλασσα
1571 3259 1583 3271 ’
1628 3243 1722 3297 καὶ
1759 3242 1871 3317 πῦρ
1902 3244 1956 3297 δὲ

2067 3240 2164 3293 tibi
2188 3238 2562 3309 Porphyrius;
2595 3235 2797 3305 quibus
2830 3233 2975 3287 hunc
3003 3230 3058 3283 in
3093 3227 3314 3285 modum
3347 3220 3636 3292 expositis,

387 3329 483 3384 καὶ
511 3328 675 3404 ὕδωρ,
712 3333 808 3400 νύξ
840 3351 900 3388 τε
930 3313 1257 3405 καὶήήμέρα,
1293 3335 1394 3405 τῆς
1423 3335 1594 3405 αὐτῆς
1622 3332 1731 3390 εἶεν
1766 3313 1956 3391 anon

2065 3348 2245 3402 operae
2281 3333 2517 3404 pretium
2550 3330 2719 3385 fuerit
2741 3334 2944 3381 attente
2972 3324 3259 3393 otioseque
3303 3313 3640 3384 contempla-

391 3420 598 3492 κόσμου
648 3423 860 3493 φύσεως
897 3427 1059 3498 μέρη.
1092 3425 1275 3480 Ταῦτα
1304 3426 1348 3479 δ’
1386 3425 1646 3498 ἄντικρυς
1696 3428 1786 3481 τὸν
1820 3426 1956 3500 όρώ-

2061 3427 2131 3493 ri,
2168 3440 2332 3494 quem
2357 3423 2461 3478 ista
2490 3423 2649 3477 nobis
2681 3420 2926 3476 carmina
2969 3416 3299 3487 qualemque
3332 3410 3520 3465 Jovem
3550 3408 3638 3462 lo-

394 3531 553 3583 μενον
577 3516 893 3585 ὑποφαίνειν
914 3517 1151 3589 ἡγοῦμαι
1179 3519 1404 3589 κόσμον,
1427 3519 1477 3571 εί
1504 3521 1577 3590 μή
1598 3535 1651 3571 τι
1680 3519 1773 3573 καὶ
1798 3520 1956 3589 σφάλ-

2064 3525 2325 3587 quantur.
2355 3514 2621 3585 Equidem
2650 3527 2759 3567 non
2790 3511 2957 3565 alium
2980 3508 3238 3569 arbitror,
3277 3517 3443 3573 quam
3482 3514 3642 3570 aspe—

392 3607 573 3677 λομαι,
607 3610 702 3663 καὶ
730 3610 789 3664 τὺ
817 3610 935 3665 ὅλον
967 3613 1031 3665 ἐκ
1068 3611 1249 3684 μερῶν
1278 3610 1532 3676 συνεστὸς
1574 3610 1832 3666 διδάσκει.
1862 3612 1956 3666 Λέ-

2065 3610 2317 3666 ctabilem
2351 3609 2561 3662 huncce
2608 3604 2897 3668 mundum,
2950 3616 3017 3655 ex
3062 3595 3351 3666 multiplici
3401 3592 3641 3664 partium

365 3715 477 3773 ,γει
504 3700 549 3753 δ’
577 3695 690 3755 οὖν’
2063 3702 2328 3756 varietate
2369 3698 2690 3764 conﬂatum,
2741 3710 2976 3765 quarum
3025 3694 3145 3749 alia:
3193 3689 3445 3745 cmlestes
3479 3692 3643 3752 atque

392 3790 630 3848 aetheria:
671 3808 795 3847 cum
850 3794 1123 3851 sideribus
1165 3795 1220 3849 in
1262 3801 1495 3863 utraque
1548 3793 1769 3863 regione
1818 3793 2234 3859 collucentibus,
2308 3808 2373 3848 ac
2425 3791 2668 3861 principe
2722 3789 2868 3854 loco,
2924 3787 3006 3842 sic
3051 3796 3309 3854 tauquam
3355 3782 3411 3835 in
3457 3773 3646 3848 magni

395 3888 641 3956 corporis
667 3890 845 3959 capite
879 3891 1196 3958 collocatis;
1227 3890 1346 3945 alia:
1396 3905 1529 3945 vero
1587 3891 1769 3956 aerias,
1809 3898 2118 3958 terrestres,
2158 3889 2404 3952 marinae,
2450 3902 2515 3942 ac
2566 3893 2774 3942 caaterae
2817 3884 2870 3939 id
2914 3898 3106 3955 genus.
3148 3879 3437 3934 Enimvero
3476 3883 3646 3941 terra,

395 3986 631 4043 montes,
661 3979 848 4043 colles,
881 3989 1062 4050 partes
1097 3983 1285 4051 utique
1311 3981 1500 4037 mundi
1540 3990 1688 4046 sunt,
1726 3997 1959 4051 quarum
2002 3981 2056 4034 in
2098 3981 2300 4046 medio,
2348 3979 2554 4050 cinguli
2592 3979 2877 4049 cujusdam
2910 3976 3103 4037 instar,
3151 3988 3304 4028 mare
3354 3969 3591 4025 volvitur
3625 3984 3644 4025 :

398 4068 540 4141 ignis
571 4080 776 4138 autem,
832 4089 993 4144 aqua,
1024 4091 1134 4131 nox
1169 4079 1370 4147 pariter
1410 4087 1575 4148 atque
1608 4075 1726 4130 dies
1777 4075 1831 4129 in
1875 4076 2119 4144 ejusdem
2152 4089 2372 4144 quoque
2415 4074 2604 4129 mundi
2636 4083 2847 4128 natura:
2879 4068 3126 4139 partibus
3183 4065 3395 4122 censeri
3433 4078 3499 4118 ac
3537 4077 3650 4118 nu-

399 4167 609 4221 merari
628 4167 843 4223 debent.
872 4167 968 4222 His
1002 4184 1132 4238 ergo
1170 4171 1350 4239 palam
1376 4168 1760 4240 aspectabilem
1804 4168 1950 4222 hunc
1989 4167 2178 4221 orbem
2230 4164 2634 4237 repraesentari,
2682 4165 2906 4233 suisque
2954 4171 3140 4231 aptum
3182 4174 3248 4214 ex
3293 4157 3543 4228 partibus
3593 4160 3650 4213 et

397 4257 756 4313 conStitutum
805 4257 1124 4314 universum
1175 4259 1445 4328 exhiberi,
1488 4259 1597 4314 nisi
1648 4266 1830 4313 tamen
1862 4272 2007 4324 erro,
2047 4256 2211 4312 facile
2241 4258 2375 4312 mihi
2411 4254 2801 4320 persuaserim.
2855 4252 3000 4321 Sane
3057 4252 3205 4307 enim
3267 4251 3516 4320 Orpheus
3569 4251 3646 4306 ita

402 4352 674 4407 canebat:

399 4442 604 4499 Πάντα
643 4443 754 4512 γὰρ
786 4443 857 4497 ἐν
890 4441 1132 4512 μεγάλῳ
1172 4442 1370 4512 Ζηνὸς
1406 4441 1546 4496 τάδε
1593 4439 1820 4510 σῶματι
1855 4441 1956 4497 κεῖ

2082 4437 2376 4505 Omniaque
2405 4434 2516 4488 hec
2549 4447 2686 4487 unus
2717 4430 2885 4502 regali
2908 4430 2964 4485 in
2995 4445 3212 4499 corpore
3240 4428 3444 4484 claudit
3470 4441 3489 4489 ;

402 4602 496 4657 καὶ
534 4601 653 4656 τίνα
685 4601 752 4655 τὰ
788 4603 985 4668 πάντα,
1024 4598 1297 4671 διασαφεῖ·
1756 4512 1876 4585 [ται

402 4694 550 4763 Πῦρ,
586 4695 685 4749 καὶ
718 4693 894 4763 ὕδωρ,
924 4696 1022 4750 καὶ
1061 4694 1216 4766 γαῖα,
1243 4694 1341 4749 καί
1382 4693 1577 4764 αἰθὴρ,
1611 4693 1842 4766 νύξιτε,
1871 4692 1970 4747 καί

407 4833 521 4891 Τοῦ
563 4832 639 4902 δή
682 4853 772 4890 τοι
804 4834 1080 4905 κεφαλὴν
1104 4834 1221 4905 μὲν
1261 4833 1428 4901 ιδεῖν,
1465 4833 1564 4889 καὶ
1596 4765 1974 4976 καὲἒμλΐόσ-

1732 4921 1898 4968 ωπα,

1732 4921 1898 4968 ωπα,

407 4997 672 5067 οὐρανός
697 4996 983 5067 alga/triste,
1016 4997 1089 5051 ὃν
1116 5000 1365 5068 χρύσεαι
1389 4997 1574 5068 ἀμφὶς
1596 4998 1815 5068 ἔθειραι

406 5066 677 5136 Ἀστρων
702 5066 1055 5137 μαρμαρέων
1083 5066 1864 5137 περικαλλέέςήερέθονται,

406 5185 501 5238 καὶ
532 5183 603 5238 τὰ
631 5182 840 5247 τούτοις
877 5181 1176 5237 ἀκόλουθαο
1210 5174 1269 5234 ἐν
1308 5176 1391 5245 οἷς
1434 5179 1684 5252 ἐπιφέρει
1714 5177 1807 5230 τὸν
1851 5173 1975 5230 νοῦν

404 5276 498 5330 τοῦ
523 5277 647 5340 Διὸς
672 5275 845 5345 λέγων
870 5271 1011 5329 εἶναι
1033 5273 1123 5327 τὸν
1146 5274 1358 5345 αἰθέρα,
1386 5274 1480 5327 καὶ
1505 5271 1659 5325 οὐδὲν
1687 5269 1813 5325 ἄλλο
1836 5266 1978 5322 κατὰ

404 5368 533 5430 τοὺς
574 5365 867 5429 Στωϊκοὺς,
907 5364 1008 5436 τὴν
1050 5362 1269 5435 πυρώδη
1315 5363 1408 5416 καὶ
1449 5359 1656 5432 θερμὴν
1692 5357 1877 5412 οὐσίαν
1917 5354 1978 5408 τὸ

408 5456 735 5527 ἡγεμονικὸν
777 5455 1082 5525 φάσκοντας
1128 5450 1265 5508 εἶναι
1309 5451 1403 5506 τοῦ
1450 5452 1654 5521 κόσμου
1680 5466 1694 5480 ·
1743 5446 1839 5504 καὶ
1884 5445 1976 5498 τὸν

408 5547 539 5601 Θεὸν
568 5543 704 5602 εἶναι
725 5545 904 5618 σῶμα,
934 5546 1027 5599 κα)¹
1054 5546 1144 5598 τὸν
1164 5543 1488 5615 δημιουργὸν
1511 5540 1671 5595 αὑτὸν
1697 5537 1976 5607 οὐδέτερον

408 5725 791 5785 convenientia
856 5725 1199 5780 exsisterent.
1266 5723 1441 5791 Quam
1493 5721 1781 5781 lectionem
1841 5717 1978 5774 alter

410 5795 570 5869 etiam
604 5810 635 5851 e
663 5809 799 5857 mss.
827 5795 1066 5859 exhibet.

2078 4593 2386 4666 cujusmodi
2416 4606 2546 4645 vero
2583 4590 2687 4645 ista
2718 4589 2829 4644 sint
2856 4589 3065 4655 omnia,
3097 4588 3177 4643 sic
3197 4587 3470 4658 explicat:

2079 4688 2283 4760 Ignem,
2308 4684 2530 4751 undam,
2561 4692 2750 4749 terras,
2774 4681 3021 4747 ret/eram,
3055 4688 3358 4749 noctemque
3391 4678 3651 4747 diemque.

2084 4825 2251 4893 Atque
2275 4819 2433 4889 hujus
2463 4824 2621 4893 caput
2645 4816 2925 4893 cgeimium,
2952 4812 3473 4893 vultusquedecoros

2082 4883 2363 4947 Irr'adians
2394 4883 2579 4960 coelum
2608 4888 2808 4950 videas,
2838 4886 2925 4940 cui
2954 4883 3185 4954 pendula
3208 4884 3408 4960 circum

2079 4984 2358 5054 Aureaque
2397 4957 2666 5036 astrorum
2692 4977 2858 5033 multa
2886 4994 2942 5033 se
2973 4975 3176 5030 lumine
3200 4957 3379 5044 fundit

2082 5054 2364 5119 Cresaries,

2077 5176 2132 5222 et
2197 5180 2320 5235 qua:
2389 5169 2694 5233 sequuntur
2750 5178 2763 5214 :
2829 5158 3080 5225 interque
3144 5164 3339 5207 caetera
3397 5151 3650 5220 subjicih

2081 5258 2282 5312 aethera
2309 5253 2462 5310 Jovis
2477 5260 2711 5308 mentem
2734 5265 2876 5317 esse,
2894 5248 3139 5315 nihilque
3161 5245 3330 5311 aliud,
3354 5260 3465 5313 quo
3491 5243 3653 5297 modo

2081 5348 2247 5403 Stoici
2267 5346 2736 5416 philosophantur,
2755 5342 2884 5396 dum
2900 5339 3133 5393 calidam
3152 5335 3372 5406 quidem
3399 5337 3649 5405 igneam-

2080 5454 2188 5509 que
2253 5446 2506 5491 naturam
2568 5441 2775 5504 partem
2831 5431 2996 5499 hujus
3059 5428 3245 5482 mundi
3300 5426 3603 5497 principem
3635 5463 3652 5485 ,

2084 5531 2253 5585 Deum
2288 5543 2417 5582 vero
2461 5540 2684 5595 corpus,
2729 5525 3019 5593 ipsumque
3063 5519 3200 5574 adeo
3252 5532 3527 5574 summum
3571 5530 3657 5569 ar-

2159 5707 2271 5776 (81)
2315 5702 2674 5776 Οὐδὲ-ἀλλο.
2717 5699 2873 5754 Unus
2892 5709 3299 5776 _e}_manuscr.,
3328 5692 3449 5748 οὐδὲ
3474 5688 3652 5747 ἄλλον.

2086 5766 2425 5838 Ἐοιιεοὺδὲν
2457 5772 2604 5840 ἄλλο,
2635 5780 2691 5825 ιιι
2726 5785 2850 5841 pag.
2886 5766 3006 5825 105.
