4156 6452
362 424 461 480 189

1523 425 1839 481 ΡΒΔΕΡΑΒ.
1881 425 2133 484 EV’ANG.
2176 427 2306 485 LIB.
2345 427 2433 485 ῐιῐ.

3494 427 3621 494 191).

357 557 473 601 κεν,
504 537 614 591 οὐτ’
650 538 713 592 ἂν
745 539 956 608 γένοιτο
981 537 1145 596 αὐτοῦ
1171 538 1379 611 κεφαλὴ
1409 541 1651 612 οὐρανὸς,
1681 541 1742 594 οὐ
1774 541 1924 612 σῶμα

2034 545 2089 599 in
2112 555 2347 601 mentem
2385 546 2550 601 venit.
2579 542 2767 615 Neque
2817 558 2961 599 enrm
3017 543 3257 599 eﬂ‘eetrix
3303 543 3392 599 illa
3442 558 3598 598 mens

354 630 489 701 πῦρ,
509 630 603 684 καὶ
650 629 814 701 ὕδωρ,
862 633 956 683 καὶ
1005 633 1154 699 γαῖα·
1180 632 1296 685 ἀλλ’
1329 633 1449 686 οὐδὲ
1493 633 1716 704 ὸμματα
1759 634 1926 688 αὐτοῦ

354 723 504 794 ἥλιος
536 724 628 775 καὶ
668 723 885 795 σελήνη.
922 723 1048 787 Πῶς
1102 725 1147 779 δ’
1170 724 1235 777 ἂν
1265 721 1372 778 εἷεν
1404 720 1543 796 ὦμοι
1568 728 1663 780 καὶ
1706 728 1925 798 στέρνα,

354 817 449 869 καὶ
481 815 646 879 νῶτα,
680 817 773 869 κα).
800 817 961 887 νηδὺς
1007 818 1101 871 τοῦ
1139 819 1246 872 τῶν
1265 819 1400 872 ὅλων
1435 819 1766 891 δημιουργοῦ
1791 822 1926 875 Θεοῦ

354 909 463 980 ἀὴρ
490 908 764 978 εὐρυϐίης,
798 910 890 961 καὶ
911 909 1001 979 γῆ,
1030 910 1125 963 καὶ
1156 911 1325 981 ὀρέων
1356 912 1575 965 αἰπεινὰ
1597 912 1845 983 κάρηνα;
1890 912 1924 983 ἢ

352 999 518 1062 πῶςὸ
542 999 703 1071 αἰθὴρ
758 999 879 1064 νοῦς
920 1003 1036 1054 ποτ’
1069 1002 1135 1055 ἂν
1172 1003 1479 1074 ἐπινοηθείη
1518 1003 1610 1056 τοῦ
1644 1004 1753 1057 τῶν
1791 1004 1927 1058 ὅλων

352 1091 600 1161 ποιητοῦ,
629 1093 662 1164 ἤ
691 1090 785 1145 τοῦ
808 1092 899 1146 νοῦ
931 1094 1022 1146 τοῦ
1071 1094 1497 1166 δημιουργικοῦ;
1528 1097 1647 1155 Ὀτι
1685 1098 1780 1167 μὲν
1833 1092 1926 1151 οὖν

349 1182 522 1236 ταῦτα
556 1183 867 1251 σεσόφισται
918 1184 995 1255 τῷ
1040 1184 1150 1238 τῶν
1182 1186 1330 1239 ἐπῶν
1361 1189 1608 1258 ἑρμηνεῖ,
1643 1188 1793 1241 οὐδὲν
1817 1191 1930 1242 ἐπι-

350 1271 527 1340 λέγειν
555 1277 678 1346 χρή.
715 1276 930 1343 Ἔγωγε
968 1276 1074 1346 μὴν
1106 1276 1174 1330 τὰ
1202 1277 1403 1348 ἔσχατα
1426 1278 1643 1333 ἀσεϐεῖν
1673 1297 1814 1351 φημι
1837 1280 1928 1333 τὸν

352 1364 629 1433 φάσκοντα
660 1366 803 1438 μέρη
829 1363 971 1421 εἶναι
1008 1367 1143 1421 Θεοῦ
1169 1370 1239 1423 τὰ
1274 1370 1414 1442 μέρη
1443 1370 1535 1424 τοῦ
1569 1372 1798 1443 κόσμου’
1832 1373 1927 1426 καὶ

350 1454 431 1508 ἔτι
456 1456 654 1526 μᾶλλον
709 1458 801 1513 τὸν
857 1460 1275 1531 ἀποφηνάμενον
1314 1462 1404 1515 τὸν
1448 1463 1609 1516 αὐτὸν
1660 1458 1800 1516 εἶναι
1849 1462 1927 1534 τῷ

351 1548 541 1620 κόσμῳ
569 1550 660 1603 τὸν
682 1550 837 1604 Θεόν⁶
872 1553 966 1606 καὶ
1023 1552 1116 1606 ἐπὶ
1148 1554 1356 1619 τούτοις
1385 1556 1476 1609 τὸν
1505 1554 1804 1627 ἡγούμενον
1832 1555 1926 1610 τοῦ
1954 1558 1963 1563 ’

352 1639 553 1710 κόσμου
579 1640 702 1695 νοῦν
733 1638 1006 1696 εἶναιτῶν
1025 1643 1160 1697 ὅλων
1184 1646 1245 1716 δη
1254 1647 1527 1718 μιουργόν.
1564 1647 1797 1718 Ποιητὴν
1827 1647 1929 1717 μὲν

350 1728 458 1801 γάρ
482 1730 643 1785 αὐτὸν
678 1732 773 1786 καὶ
800 1734 1020 1805 σωτῆρα
1060 1734 1156 1788 τοῦ
1208 1737 1435 1808 κόσμου,
1470 1738 1653 1809 ἕτερον
1673 1737 1801 1792 ὄντα
1831 1738 1926 1792 τοῦ

350 1822 742 1892 πεποιημένου,
789 1824 1011 1890 εὐσεϐὲς
1049 1826 1390 1896 ἀποφαίνειν·
1450 1828 1576 1881 νοῦν
1599 1829 1657 1881 δὲ
1683 1828 1778 1882 τοῦ
1803 1829 1931 1882 κόσ-

351 1931 475 1984 μου,
511 1914 700 1987 ὦσπερ
732 1917 877 1980 τινὸς
903 1917 1043 1982 ζώου
1077 1895 1277 1990 ψυχὴν,
1308 1921 1584 1991 ἡνωμένον
1609 1920 1804 1985 διόλου,
1835 1922 1930 1975 καὶ
1957 1895 2001 1950 Β

347 2001 410 2055 τὸ
439 2004 548 2058 πᾶν
580 2004 975 2077 ἠμφιεσμένον,
1030 2007 1130 2060 οὐκ
1190 2006 1266 2059 ἔθ’
1294 2009 1440 2063 ὅσιον
1480 2009 1546 2063 ἂν
1601 2009 1686 2081 εἴη
1725 2009 1928 2079 λέγειν.

348 2093 542 2147 Καίτοι
592 2098 848 2168 παρεῖναι
881 2097 1043 2151 αὐτὸν
1075 2096 1153 2168 τῷ
1211 2100 1395 2163 παντὶ,
1423 2100 1516 2153 καὶ
1550 2103 1797 2171 προνοεῖν
1833 2101 1928 2154 τοῦ

348 2181 578 2252 κόσμου,
610 2183 854 2238 παιδεύει
908 2185 976 2239 τὰ
1022 2185 1144 2239 καθ’
1164 2187 1313 2257 ἡμᾶς
1367 2187 1485 2260 ἱερά
1529 2188 1704 2256 λόγια,
1750 2188 1931 2240 θεολο-

347 2271 551 2340 γοῦντα
574 2273 814 2341 ἐπαξίως
831 2276 923 2329 καὶ
958 2276 1295 2348 θεοπρεπῶς.
1330 2278 1410 2331 Δι’
1435 2273 1513 2332 ὧν
1547 2295 1731 2351 φησιν⁵
1760 2280 1927 2350 ιΟὐχί

348 2362 439 2415 τὸν
463 2364 689 2435 οὐρανὸν
713 2366 805 2419 καὶ
830 2366 928 2437 τὴν
958 2367 1061 2436 γῆν
1086 2366 1199 2436 ἐγὼ
1224 2367 1412 2439 πληρῶ
1436 2385 1450 2435 ;
1479 2369 1629 2437 λέγει
1660 2370 1885 2440 Κύριος·
1902 2388 1920 2421 ι

350 2452 463 2507 Καὶ
502 2455 679 2507 πάλιν·
721 2474 740 2508 ι
770 2457 890 2510 ’Ότι
919 2457 948 2508 6
973 2455 1105 2521 Θεὸς
1128 2459 1185 2511 ὲν
1206 2458 1286 2530 τῷ
1307 2459 1519 2531 οὐρανῷ
1540 2460 1674 2526 ἄνω,
1712 2462 1808 2515 καὶ
1836 2462 1929 2515 ἐπὶ

345 2544 444 2613 τῆς
462 2543 567 2614 γῆς
599 2544 801 2598 κάτων»
842 2546 937 2599 καὶ
991 2548 1173 2602 πάλιψ
1214 2567 1234 2601 α
1282 2550 1369 2604 Ἐν
1403 2551 1553 2623 αὐτῷ
1593 2551 1704 2624 γάρ
1731 2555 1826 2607 καὶ
1851 2573 1929 2609 κι-

346 2633 603 2706 νούμεθα,
635 2639 729 2691 καὶ
758 2637 960 2709 ζῶμεν,
982 2642 1075 2694 καὶ
1096 2642 1319 2713 ἐσμέν»
1362 2642 1478 2697 ἀλλ’
1505 2645 1603 2715 οὐχ
1641 2644 1717 2710 ὡς
1745 2648 1803 2699 ὲν
1837 2647 1930 2718 μέ-

348 2741 431 2796 ρει
461 2742 555 2778 του
578 2725 807 2798 κόσμου,
834 2728 943 2782 οὐδ’
972 2730 1047 2794 ὡς
1072 2732 1131 2783 ὲν
1155 2732 1300 2803 ψυχῇ
1327 2734 1491 2789 αὐτοῦ
1525 2737 1620 2790 καὶ
1649 2736 1749 2792 νοῒ.
1786 2738 1928 2792 Ἀλλ’

341 2818 391 2909 εἰ
416 2817 522 2889 χρὴ
548 2819 953 2892 παραδείγματι
993 2824 1299 2895 χρήσασθαι
1337 2825 1802 2909 θεοπρεπέστερον
1831 2833 1928 2886 καὶ
1954 2876 1957 2879 .

343 2908 725 2985 ἀληθέστερον,
755 2914 971 2979 οἰκείως
991 2916 1019 2967 6
1048 2917 1192 2988 ἱερός
1231 2934 1337 2971 που
1369 2919 1526 2989 λόγος
1555 2908 1923 2994 ἐξεφώνησεν

350 3018 372 3052 ι
405 3000 466 3056 Ὀ
502 3003 733 3075 οὐρανός
761 3022 851 3075 μοι
885 3004 1126 3078 θρόνος,›
1163 3009 1357 3075 εἰπὼν,
1410 3029 1429 3062 ι
1461 3012 1495 3082 ἡ
1522 3012 1580 3065 δὲ
1612 3013 1685 3083 γῆ
1720 3014 1929 3067 ὑποπό-

345 3090 456 3147 διον
482 3094 590 3147 τῶν
620 3096 795 3150 ποδῶν
827 3115 982 3168 μου.ο
1019 3099 1083 3152 Εἰ
1128 3099 1238 3172 γὰρ
1294 3101 1434 3172 χρῆν
1474 3102 1612 3166 ὅλως
1643 3121 1930 3175 προσωπο-

2035 639 2286 710 pluribus
2307 653 2375 692 ex
2399 638 2646 707 partibus
2679 644 3060 707 coagmentata
3082 642 3185 701 est,
3218 650 3319 689 nec
3352 636 3472 705 ejus
3506 643 3603 691 aut

2030 736 2194 798 caput
2222 728 2422 783 coelum
2448 743 2570 783 esse
2600 737 2796 798 potest,
2818 738 2911 782 aut
2930 742 3126 795 corpus
3163 742 3231 781 ex
3264 728 3405 796 igne,
3433 741 3598 794 aqua,

2031 810 2286 890 terraque
2334 829 2611 888 constare,
2669 829 2764 875 aut
2802 820 2946 874 oculi
2978 820 3060 874 sol
3094 835 3158 874 ac
3191 820 3316 873 luna
3367 818 3598 873 censeri.

2032 910 2169 966 Nam
2210 914 2331 981 ejus
2369 913 2589 981 quidem
2638 913 2906 978 numinis,
2972 927 3003 965 a
3054 927 3163 981 quo
3195 912 3445 965 universa
3477 926 3602 980 pro-

2031 1013 2307 1069 creantur,
2340 1005 2622 1070 humeros,
2672 1013 2885 1074 pectus,
2916 1004 3138 1059 dorsum
3174 1015 3335 1072 atque
3364 1015 3598 1070 uterum,

2030 1097 2308 1166 quomodo
2339 1097 2558 1151 tandem
2582 1111 2674 1151 aer
2701 1096 2860 1167 longe
2883 1096 3100 1165 lateque
3131 1095 3382 1159 dilfusus,
3408 1103 3462 1149 et
3493 1104 3603 1149 ter-

2030 1204 2112 1254 ra,
2164 1196 2220 1243 et
2273 1189 2541 1243 montium
2587 1204 2802 1244 summa
2856 1190 3141 1243 cacumina
3194 1185 3463 1241 efﬁciant?
3510 1194 3604 1240 aut

2031 1279 2158 1349 quis
2181 1280 2446 1351 intelligat
2476 1279 2679 1334 aethera
2715 1280 2803 1334 vel
2833 1295 3016 1336 rerum
3067 1280 3311 1333 omnium
3358 1279 3604 1333 condito-

2030 1372 2131 1437 ris,
2168 1373 2255 1428 vel
2288 1373 2490 1428 mentis
2516 1372 2807 1428 etl'ectricis
2842 1381 3078 1427 mentem
3102 1372 3264 1427 esse?
3290 1372 3469 1440 Atque
3490 1370 3606 1423 haec

2032 1463 2269 1533 argutuli
2318 1477 2579 1519 versuum
2644 1461 2874 1516 istorum
2934 1461 3249 1530 interpretis
3297 1467 3605 1515 commenta

2031 1568 2172 1619 esse,
2204 1553 2456 1622 pluribus
2477 1554 2766 1609 ostendere
2800 1553 2936 1607 nihil
2967 1554 3178 1608 attinet.
3209 1550 3330 1606 Jam
3353 1566 3482 1607 vero
3511 1550 3606 1621 qui

2030 1644 2220 1698 mundi
2244 1653 2429 1712 partes
2457 1644 2551 1699 Dei
2583 1645 2825 1700 membra
2860 1660 2984 1701 esse
3011 1644 3177 1708 dicat,
3203 1659 3325 1698 eum
3349 1641 3606 1713 projectae

2033 1749 2098 1789 ac
2130 1734 2433 1805 proﬂigata;
2459 1735 2757 1803 impietatis
2777 1752 2933 1791 reum
2965 1751 3088 1792 esse
3118 1736 3438 1805 pronuntio,
3463 1733 3605 1788 mul-

2032 1832 2199 1893 toque
2227 1826 2423 1894 magis,
2452 1825 2543 1894 qui
2572 1823 2741 1878 Deum
2768 1832 2932 1893 atque
2952 1824 3217 1879 mundum
3238 1839 3351 1879 rem
3371 1837 3534 1877 unam
3552 1831 3607 1876 et

2030 1915 2274 1968 eamdem
2293 1922 2589 1977 asseverat,
2604 1914 2809 1983 quique
2826 1913 2891 1967 ad
2914 1921 3216 1968 extremum
3231 1912 3403 1982 ipsius
3416 1911 3605 1965 mundi

2029 2015 2269 2062 mentem
2304 2007 2459 2060 illum
2488 2021 2632 2069 esse,
2659 2006 2753 2075 qui
2790 2013 2986 2060 cuncta
3006 2004 3334 2074 procreavit,
3369 2003 3604 2057 arbitre-

2029 2106 2137 2154 tur.
2164 2098 2301 2153 Nam
2328 2106 2388 2153 ut
2418 2099 2726 2155 molitorem
2760 2107 3202 2168 servatoremque
3225 2095 3412 2150 mundi
3436 2094 3605 2149 alium

2028 2190 2098 2245 ab
2135 2205 2201 2244 eo
2239 2189 2387 2259 quod
2417 2188 2742 2259 productum
2795 2197 2884 2243 est
2920 2188 3308 2256 diversumque
3342 2193 3602 2250 statuere,

2028 2282 2254 2352 pietatis
2282 2289 2409 2336 est:
2441 2280 2527 2336 sic
2564 2294 2686 2336 eam
2728 2278 2917 2334 mundi
2962 2288 3222 2343 mentem,
3258 2277 3482 2347 perinde
3521 2285 3607 2330 at-

2028 2386 2136 2441 que
2166 2369 2463 2425 animantis
2488 2368 2724 2439 alicujus
2755 2371 3019 2435 animam,
3079 2369 3179 2423 toti
3229 2368 3435 2439 passim
3481 2366 3605 2420 orbi

2028 2462 2379 2532 conjunctam
2439 2462 2633 2516 intime
2684 2476 2749 2516 ac
2800 2463 3062 2518 sociatam
3129 2475 3281 2526 esse,
3358 2458 3606 2527 adeoque

2027 2554 2347 2609 universum
2382 2554 2560 2624 ipsum
2591 2555 2857 2619 induisse,
2889 2569 3051 2610 nemo
3080 2553 3167 2624 pie
3202 2551 3418 2606 dixerit.
3448 2550 3604 2605 Illum

2027 2646 2246 2717 quidem
2300 2646 2397 2700 toti
2447 2646 2705 2702 universo
2756 2653 3076 2715 praesentem
3125 2644 3339 2709 adesse,
3390 2657 3455 2697 ac
3503 2657 3604 2697 sua

2028 2736 2296 2791 mundum
2356 2736 2697 2805 providentia
2752 2736 3057 2806 gubernare
3104 2741 3452 2788 sacrosancta
3502 2745 3606 2785 no-

2028 2837 2267 2883 strorum
2338 2829 2538 2883 docent
2588 2828 2832 2890 oracula,
2900 2827 3101 2895 quibus
3157 2825 3414 2893 praeclara
3471 2836 3606 2877 sane

2025 2917 2402 2988 Deoque-eum
2447 2916 2641 2987 primis
2683 2916 2846 2985 digna
2876 2913 3162 2983 theologia:
3190 2912 3330 2966 ratio
3360 2911 3606 2964 contine-

2027 3020 2138 3065 tur.
2169 3008 2263 3063 Sic
2299 3008 2445 3063 enim
2483 3022 2582 3077 per
2609 3022 2669 3061 ea
2698 3005 2843 3060 Deus
2885 3005 2999 3073 ipse
3030 3002 3274 3071 loquitur
3301 3019 3314 3054 :
3345 2996 3603 3069 Nunquid

2035 3118 2142 3156 non
2167 3100 2354 3155 emtum
2379 3108 2427 3154 et
2463 3108 2660 3154 terram
2693 3114 2786 3167 ego
2810 3095 3045 3165 impleo?
3077 3093 3206 3147 dicit
3248 3092 3509 3145 Dominus
3536 3090 3601 3143 η.

344 3189 517 3291 ποιεῖν
550 3188 1023 3262 ἀνθρωπινωτὲρῳ
1055 3191 1220 3263 λόγῳ,
1273 3192 1373 3248 θέα
1424 3193 1485 3247 τὸ
1530 3195 1784 3268 διάφορον
1826 3197 1924 3270 τῆς

2028 3194 2108 3249 Ac
2132 3208 2366 3249 rursus:
2398 3191 2553 3257 Quod
2584 3190 2722 3244 Deus
2750 3190 2803 3242 in
2830 3187 2956 3241 caelo
3002 3201 3236 3249 sursum,
3278 3194 3327 3239 et
3357 3184 3412 3237 in
3461 3191 3603 3236 terra

345 3273 639 3344 θεολογίας.
674 3278 731 3332 '0
782 3280 883 3348 μὲν
933 3281 1044 3351 γὰρ
1086 3285 1181 3335 τὸν
1217 3283 1449 3354 οὐρανὸν
1499 3283 1669 3338 εἰπὼν
1708 3285 1923 3357 θρόνον,

343 3368 601 3425 ἐπέκεινα
628 3369 723 3425 τοῦ
751 3370 937 3443 θρόνου
973 3372 1066 3426 καὶ
1083 3375 1343 3429 ἀνωτάτω
1361 3375 1469 3430 τῶν
1492 3375 1630 3431 ὅλων
1662 3377 1753 3430 τὸν
1773 3394 1925 3449 παμ-

344 3460 569 3517 ϐασιλέα
599 3462 733 3517 Θεὸν
767 3463 1101 3535 ἀφωρίσατο,
1127 3466 1252 3520 οὐδὲ
1296 3466 1395 3539 τὴν
1418 3469 1520 3539 γῆν
1546 3469 1645 3539 τῆς
1667 3471 1923 3541 προνοίας

343 3556 508 3610 αὐτοῦ
532 3557 791 3629 χωρίσαςο
814 3559 1163 3627 συγκατιέναι
1193 3560 1303 3632 γάρ
1334 3562 1429 3615 καὶ
1459 3563 1552 3617 ἐπὶ
1572 3563 1641 3617 τά
1669 3564 1795 3635 τῇδε
1821 3565 1923 3635 τῆς

343 3648 591 3721 θεότητος
617 3650 715 3714 τὰς
740 3652 1103 3724 προνοητικάς
1148 3653 1314 3707 αὐτοῦ
1347 3655 1607 3726 δυνάμεις
1659 3655 1918 3711 διδάσκει’

339 3739 421 3795 διό
473 3758 672 3812 φησιν’
745 3742 808 3796 Ἠ
860 3742 918 3797 δὲ
960 3745 1033 3817 γῆ
1086 3746 1375 3800 ὑποπόδιον
1417 3746 1527 3800 τῶν
1573 3747 1750 3802 ποδῶν
1795 3747 1919 3819 μοῦ.

352 3829 491 3886 Ἀλλ’
522 3830 646 3887 οὔτε
673 3832 734 3887 τὸ
758 3833 1066 3901 ὑποπόδιον,
1090 3835 1215 3890 οὐτε
1239 3838 1346 3909 μὴν
1376 3840 1404 3892 ὁ
1430 3837 1618 3910 θρόνος
1651 3837 1808 3910 σῶμα
1826 3837 1921 3892 τοῦ

341 3924 751 3995 καθιδρυμένου,
784 3926 906 3980 οὐδὲ
937 3944 1001 3996 γε
1035 3928 1175 3999 μέρη
1198 3931 1318 3982 ποτ’
1356 3929 1423 3983 ἂν
1466 3928 1630 3984 αὐτοῦ
1681 3929 1919 4002 λεχθείη.

353 4014 411 4068 '0
440 4014 517 4080 δὲ,
538 4015 781 4087 κεφαλὴν
802 4016 895 4069 τοῦ
920 4017 1057 4072 Θεοῦ
1074 4019 1167 4072 τὸν
1191 4019 1419 4091 οὐρανὸν
1447 4022 1539 4075 καὶ
1563 4020 1634 4074 τά
1661 4023 1719 4075 ὲν
1747 4022 1922 4093 τούτῳ

341 4105 522 4177 φήσας
543 4145 561 4170 ,
612 4107 705 4160 καὶ
735 4106 861 4160 νοῦν
896 4108 1063 4162 αὐτοῦ
1089 4109 1182 4163 τὸν
1211 4111 1426 4182 αἰθέρα,
1475 4112 1608 4184 μέλη
1654 4129 1712 4165 τε
1753 4111 1919 4166 αὐτοῦ

339 4194 436 4249 καὶ
463 4195 624 4268 σῶμα
658 4197 728 4251 τὰ
753 4198 915 4253 λοιπά
948 4200 1041 4253 τοῦ
1077 4200 1283 4271 κόσμου
1315 4202 1477 4274 μέρη,
1508 4203 1633 4257 οὔτε
1659 4204 1921 4275 δημιουρ-

338 4286 458 4355 γὸν,
491 4285 613 4341 οὔτε
638 4287 771 4342 Θεὸν
795 4288 1074 4344 ἁλίσκεται
1128 4290 1303 4355 εἰδώς.
1354 4293 1427 4346 Οὐ
1485 4293 1595 4365 γὰρ
1649 4294 1715 4348 ἂν
1759 4294 1922 4358 αὐτὸς

339 4377 532 4433 ἑαυτὸν
558 4380 939 4454 δημιουργοίη,
966 4383 1075 4436 οὐδ’
1100 4383 1164 4438 ἂν
1184 4383 1264 4438 ἔτι
1279 4384 1403 4449 νοῦς
1416 4385 1669 4455 λέγεσθαι
1684 4386 1918 4455 δύναιτο,

339 4457 402 4517 οῦ
427 4461 550 4528 νοῦς
571 4461 639 4537 ἦν
656 4465 686 4518 6
707 4467 891 4539 αἰθήρ.
917 4470 1078 4533 Ποίος
1099 4469 1156 4523 δὲ
1189 4472 1282 4524 καὶ
1314 4472 1400 4543 εἴη
1425 4475 1454 4527 6
1481 4474 1634 4539 Θεὸς,
1659 4468 1720 4528 οὗ
1753 4475 1915 4548 μέρη,

2028 3285 2273 3338 deorsum
2302 3283 2376 3349 ¹⁸;
2398 3291 2453 3338 et
2476 3281 2602 3336 alibi
2630 3296 2644 3332 :
2682 3278 2749 3334 In
2782 3279 2897 3348 ipso
2922 3279 3059 3331 enim
3083 3276 3327 3339 uiuimus,
3358 3281 3406 3326 et
3430 3286 3605 3325 move-

2027 3392 2149 3430 mur
2185 3383 2236 3429 et
2273 3391 2454 3428 sumus
2491 3373 2569 3440 ¹⁶;
2606 3387 2715 3428 non
2767 3381 2948 3426 tamen
2992 3378 3052 3423 ut
3098 3368 3153 3421 in
3209 3374 3363 3436 parte
3420 3364 3602 3433 aliqua

2025 3465 2239 3532 mundi,
2264 3480 2366 3520 nec
2389 3474 2450 3519 ut
2491 3464 2544 3517 in
2577 3462 2751 3533 ipsius
2780 3462 2964 3516 anima
3002 3458 3088 3513 vel
3115 3464 3318 3512 mente.
3346 3455 3415 3509 At
3445 3455 3490 3509 si
3522 3454 3603 3508 lo-

2025 3572 2124 3613 cus
2147 3553 2492 3612 similitudini
2518 3567 2640 3607 esse
2682 3551 2860 3617 debet,
2889 3549 3049 3618 longe
3074 3561 3207 3602 sane
3247 3553 3307 3598 ut
3333 3541 3443 3597 Deo
3470 3556 3603 3597 con-

2022 3648 2334 3705 venientius
2382 3646 2518 3702 illud
2556 3652 2660 3709 est,
2697 3644 2771 3699 ita
2802 3657 2928 3699 cum
2968 3641 3199 3694 veritate
3228 3636 3598 3707 conjunctius,

2023 3741 2170 3813 quod
2209 3740 2454 3811 apposite
2504 3753 2675 3794 sacrae
2704 3738 2896 3791 litterae
2946 3732 3148 3789 alicubi
3194 3730 3596 3801 prodiderunt:

2028 3832 2231 3889 Catum
2260 3831 2391 3886 mihi
2436 3831 2583 3885 sedes
2615 3840 2712 3893 est,
2752 3838 2893 3882 terra
2946 3834 3121 3880 autem
3171 3823 3461 3878 scabellum
3510 3837 3602 3891 pe-

2023 3926 2151 3979 dum
2174 3940 2409 3979 meorum
2436 3924 2500 3977 ¹⁷.
2523 3920 2658 3977 Nam
2688 3921 2732 3976 si
2758 3920 2985 3975 omnino
3009 3932 3096 3972 res
3121 3916 3379 3987 postulat,
3405 3915 3481 3969 uti
3506 3915 3604 3968 bu-

2023 4029 2252 4070 manum
2304 4013 2567 4083 loquendi
2603 4027 2811 4066 morem
2843 4009 3096 4080 personis
3130 4008 3402 4078 ﬁngendis
3437 4006 3601 4076 paulo

2021 4105 2249 4175 propius
2300 4104 2611 4167 imitemur,
2650 4102 2940 4171 utriusque
2974 4098 3262 4167 theologia:
3301 4097 3600 4153 discrimen

2023 4197 2333 4253 considera.
2369 4196 2473 4262 Qui
2503 4195 2701 4249 cmlum
2756 4192 2852 4248 Dei
2904 4192 3087 4248 sedem
3117 4190 3354 4255 vocavit,
3384 4191 3431 4244 is
3454 4198 3601 4245 certe

2022 4305 2133 4344 non
2183 4298 2391 4343 tantum
2450 4288 2595 4340 ultra
2630 4285 2837 4349 sedem,
2882 4298 3072 4338 verum
3107 4284 3271 4336 etiam
3313 4296 3479 4353 supra
3510 4296 3599 4337 res

2022 4394 2218 4435 omnes
2241 4392 2518 4434 summum
2554 4376 2705 4431 illum
2754 4374 3131 4431 universitatis
3160 4390 3344 4447 regem
3392 4375 3599 4446 longis-

2022 4471 2162 4526 sime
2186 4477 2457 4524 semotum
2499 4466 2806 4532 eollocavit,
2854 4465 2937 4521 sic
2986 4472 3168 4521 tamen
3204 4475 3262 4521 ut
3295 4482 3363 4522 ne
3391 4476 3596 4521 terram

340 4556 414 4627 γῆ
438 4557 532 4610 καὶ
554 4556 622 4611 τὰ
656 4558 749 4612 ἐπὶ
782 4560 886 4631 γῆς
917 4559 1040 4633 ὄρη,
1060 4561 1212 4630 ὄγκοι
1241 4564 1511 4635 σωμάτων
1549 4566 1765 4635 ἄλογοι,
1799 4567 1917 4631 πῶς

2024 4563 2241 4634 quidem
2275 4561 2451 4632 ipsam
2489 4560 2559 4615 ab
2601 4559 2846 4631 ejusdem
2878 4559 3219 4630 providentia
3255 4560 3595 4629 secluderet;

336 4648 395 4701 δὲ
425 4649 523 4703 καὶ
571 4648 790 4719 εὔλογον
841 4651 974 4707 Θεὸν
1022 4652 1373 4725 ἀναγορεύειν
1419 4655 1511 4709 τὸν
1555 4657 1782 4727 ἀδελφὸν
1822 4657 1918 4712 καὶ

340 4742 579 4812 συγγενῆ
624 4744 814 4816 πυρὸς,
840 4744 934 4799 καὶ
967 4746 1128 4817 ἀέρος
1173 4746 1307 4817 (82),
1338 4748 1431 4801 καὶ
1465 4747 1677 4814 ὓδατος,
1717 4749 1915 4819 ἀλόγου

338 4833 436 4886 καὶ
479 4833 722 4906 φθαρτῆς
767 4835 898 4908 ὕλης
947 4836 1220 4905 ὲκγόνων;
1257 4838 1321 4891 Εἰ
1353 4839 1411 4891 δὲ
1459 4840 1552 4894 καὶ
1593 4843 1621 4893 6
1664 4840 1788 4904 νοῦς
1821 4839 1914 4894 τοῦ

336 4925 481 4990 Διὸς,
524 4928 675 4981 οὐδὲν
727 4929 854 4985 ἄλλο
877 4929 1015 5001 πλὴν
1054 4930 1149 4984 τοῦ
1196 4930 1524 5003 δηλωθέντος
1570 4931 1788 5005 αἰθέρος
1822 4929 1911 5006 ἦν,

336 5016 502 5089 αἰθὴρ
523 5019 584 5072 δὲ
617 5021 722 5093 ἀήρ
754 5024 872 5076 ἐστι
901 5025 929 5076 6
969 5022 1299 5092 ὑψηλότατος
1347 5025 1442 5078 καὶ
1488 5023 1740 5098 πυρώδης
1764 5065 1780 5091 ,
1804 5025 1913 5079 ἀπὸ

334 5110 431 5165 τοῦ
465 5112 736 5181 αἴθεσθαι,
763 5115 899 5186 ὅπερ
930 5115 1045 5182 ἐστί
1071 5114 1343 5180 καίεσθαι,
1371 5115 1596 5186 ταύτην,
1619 5115 1693 5180 ὥς
1724 5133 1908 5186 φασιν,

334 5201 568 5276 εἰληχὼς
594 5205 694 5278 τὴν
726 5207 1069 5278 ἐπωνυμίανο
1102 5206 1333 5277 σώματα
1363 5207 1419 5260 δὲ
1440 5209 1625 5279 ἄμφω,
1660 5211 1689 5263 ὃ
1717 5225 1776 5262 τε
1804 5210 1915 5282 ἀὴρ

333 5296 365 5351 6
395 5315 454 5352 τε
484 5298 646 5371 αἰθήρ
667 5316 681 5330 ·
712 5300 813 5372 ὅρα
841 5297 944 5355 ποῦ
967 5317 1049 5353 σοι
1073 5299 1166 5353 τοῦ
1189 5300 1310 5364 Διὸς
1329 5301 1357 5352 6
1376 5299 1500 5364 νοῦς
1520 5300 1910 5357 ἀποπέπτωκε.

342 5388 452 5441 Καὶ
516 5387 598 5451 τίς
652 5390 715 5444 ἂν
754 5389 833 5443 ἔτι
859 5391 1143 5463 προσείποι
1197 5390 1329 5445 Θεὸν
1359 5390 1468 5445 τῶν
1503 5392 1909 5464 εὐφρονούντων

329 5476 520 5533 τοῦτον
543 5520 560 5546 ,
600 5473 646 5549 ᾧ
676 5480 801 5546 νοῦς
838 5484 1081 5555 ὑπῆρχεν
1115 5482 1276 5548 ἄνους
1324 5484 1418 5538 καὶ⁸
1467 5484 1697 5553 ἀλογος;
1744 5487 1793 5539 εἰ
1843 5485 1908 5558 δὴ

405 5635 452 5668 ιι
487 5633 600 5689 Jer.
655 5652 815 5702 mn,
860 5637 951 5693 24.
1055 5637 1100 5671 ¹³
1140 5637 1297 5694 Deut.
1332 5653 1404 5703 tv,
1435 5639 1487 5696 9.

404 5772 515 5840 (8'2)
555 5775 661 5831 Kal
691 5778 859 5844 ἀέρος
921 5776 1174 5832 Additum
1226 5787 1407 5833 estex
1454 5780 1547 5833 alt.
1588 5796 1690 5835 ms.
1725 5780 1903 5836 Minus

330 5853 505 5915 recte,
532 5854 594 5900 ut
636 5847 865 5915 videtur,
898 5847 1163 5904 elementa
1214 5848 1304 5905 illa
1356 5848 1627 5906 Eusebius
1664 5852 1904 5908 materia:

1586 5641 1632 5674 ⁸⁸
1668 5642 1790 5697 Act.
1822 5657 1957 5707 xv",

2015 4657 2215 4727 quippe
2249 4654 2317 4709 ad
2348 4668 2438 4710 res
2466 4654 2614 4708 enim
2640 4668 2860 4723 quoque
2893 4661 3113 4709 nostras
3157 4654 3300 4708 hanc
3328 4655 3447 4723 ejus
3475 4667 3598 4722 pro-

2020 4747 2239 4821 videndi
2271 4745 2382 4800 vim
2407 4745 2704 4815 adjungere
2720 4759 2847 4800 sese
2870 4752 2926 4800 et
2958 4745 3379 4800 accommodare
3413 4744 3594 4811 docet,

2011 4854 2187 4909 eoque
2210 4837 2395 4894 subdit
2428 4853 2442 4889 :
2475 4835 2643 4892 Terra
2678 4845 2858 4891 autem
2897 4837 3197 4892 scabellum
3230 4836 3428 4906 pedum
3446 4850 3595 4890 meo-

2010 4947 2156 4986 rum.
2197 4929 2354 5000 105
2378 4929 2565 4985 Atnec
2598 4929 2918 4992 scabellum,
2947 4943 3048 4983 nec
3072 4943 3202 4983 vero
3236 4926 3393 4981 sedes
3407 4926 3490 4980 vel
3507 4941 3594 4981 se-

2011 5021 2191 5077 dentis
2207 5034 2427 5090 corpus,
2444 5020 2530 5074 vel
2548 5020 2721 5090 ipsius
2732 5029 2913 5089 partes
2928 5019 2997 5073 ab
3011 5018 3124 5073 ullo
3147 5032 3386 5087 unquam
3411 5018 3593 5073 nomi-

2011 5121 2235 5168 nentur.
2278 5112 2386 5166 lste
2418 5127 2569 5177 vero,
2606 5112 2700 5182 qui
2724 5112 2949 5174 caelum,
2980 5125 3212 5180 quaeque
3242 5109 3382 5165 caelo
3409 5109 3591 5164 conti-

2009 5213 2231 5272 nentur,
2282 5202 2380 5259 Dei
2425 5212 2607 5274 eaput,
2673 5204 2872 5258 aethera
2941 5218 3072 5257 vero
3141 5210 3379 5281 mentem
3446 5200 3588 5271 ejus,

2012 5298 2256 5354 membra
2271 5297 2509 5367 denique
2524 5297 2904 5368 reliquumque
2930 5309 3131 5364 corpus
3155 5301 3385 5349 caeteras
3402 5296 3589 5349 mundi

2013 5401 2196 5462 partes
2248 5405 2370 5445 esse
2427 5389 2584 5455 dixit,
2640 5402 2817 5457 neque
2864 5385 3054 5441 mundi
3094 5385 3367 5455 opiﬁcem,
3412 5402 3590 5456 neque

2020 5484 2188 5542 Deum
2218 5498 2382 5539 nosse
2423 5481 2785 5538 convincitur.
2829 5476 3015 5550 Neque
3058 5478 3204 5534 enim
3250 5487 3343 5533 aut
3378 5495 3438 5535 se
3482 5495 3586 5534 un-

2011 5640 2105 5696 28.
2213 5638 2256 5671 "
2296 5634 2402 5692 Isa.
2434 5649 2578 5696 var,
2617 5632 2668 5687 1.

2010 5780 2180 5853 fetum
2234 5777 2477 5842 vocavit,
2508 5788 2630 5847 quae
2672 5771 2821 5829 nulla
2853 5789 2920 5830 ex
2953 5772 3181 5853 materia
3231 5776 3413 5828 creata
3460 5769 3582 5827 fue-

2014 5852 2143 5904 rint.
