4156 6422
299 398 404 455 193

1472 390 1791 447 ΡΒΔΕΡΑΠ.
1828 387 2076 444 EVANG.
2119 386 2247 441 LIB.
2290 386 2378 442 lli.

3438 392 3542 449 194

301 512 465 585 μέρος
491 509 548 564 δέ
570 526 620 562 τι
648 508 707 562 τὸ
729 509 906 581 χεῖρον
938 505 1097 560 αίτοῦ
1124 506 1531 579 μεμιμημένον,
1563 510 1646 563 ὅτι
1695 506 1862 578 μηδὲν

1977 508 2198 561 istarum
2235 506 2443 569 mundi,
2475 521 2597 576 quae
2625 506 2728 561 sub
2752 516 3031 577 aspectum
3084 509 3308 574 eadunt,
3357 511 3541 581 imago

297 604 440 675 ἴχνος
466 602 609 673 ζωῆς
639 601 730 654 καὶ
760 599 936 671 ψυχῆς
965 600 1247 667 ἐπάγεται.
1278 599 1401 663 Πῶς
1441 594 1534 652 οὖν
1557 601 1584 651 6
1612 597 1704 650 ἐπὶ
1731 597 1866 650 πάν-

296 713 404 748 των
426 693 577 759 Θεὸς,
603 692 694 747 καὶ
724 690 846 754 νοῦς
867 692 895 744 6
915 689 1023 745 τῶν
1048 691 1184 743 ὅλων
1205 690 1268 758 δη
1276 707 1397 761 μιου
1408 689 1611 760 ργικὺς,
1637 688 1721 759 εἴη
1744 687 1810 741 ἂν
1837 690 1866 740 6

296 786 463 849 αὐτὸς
501 784 531 837 6
581 786 640 838 ὲν
669 782 747 854 τῷ
788 782 973 854 χαλκῷ
1008 783 1042 853 ἢ
1080 780 1157 852 τῷ
1196 781 1373 853 νεκρῷ
1403 781 1652 851 ἐλέφαντι
1694 778 1862 844 Ζεύςς

307 878 367 931 '0
397 876 454 929 δὲ
491 874 555 946 δὴ
594 872 704 927 τῶν
749 872 885 926 ὅλων
928 873 1311 945 δημιουργικὺς
1358 871 1483 935 νοῦς
1514 912 1528 937 ,
1573 871 1688 934 πῶς
1734 887 1865 924 ποτε

298 969 406 1039 ἄρα
439 965 599 1029 αὐτὸς
630 960 698 1037 ἦν
726 966 928 1027 ἐκεῖνος
977 965 1006 1016 6
1040 965 1173 1027 Ζεὺς
1196 1002 1210 1026 ,
1250 966 1277 1016 6
1307 962 1399 1029 τοῦ
1449 961 1508 1028 ἐξ
1561 960 1865 1033 Ἀλκμήνης

307 1058 604 1133 Ἡρακλέος
630 1058 811 1128 πατὴρ
834 1097 848 1121 ,
879 1056 1106 1110 καὶτῶν
1140 1054 1341 1108 λοιπῶν
1396 1056 1461 1107 ὲκ
1508 1054 1628 1117 Διὸς
1664 1053 1864 1124 μυθευ-

297 1150 507 1223 ομένων
534 1146 775 1219 ἀνδρῶν,
809 1145 888 1211 οἳ,
933 1143 1024 1198 τὸν
1057 1143 1245 1214 θνητὸν
1281 1143 1393 1214 βίον
1440 1142 1632 1205 κοινῶς
1665 1142 1865 1195 ἅπασιν

299 1239 606 1312 ἀνθρώποις
646 1236 1114 1309 καταστρέψαντες
1134 1275 1147 1301 ,
1180 1234 1386 1298 οἰκείας
1429 1234 1643 1303 φύσεως
1676 1231 1868 1296 ἀνεξά-

297 1330 491 1385 λειπτα
513 1331 625 1392 τοῖς
652 1328 767 1399 μετ’
790 1327 983 1389 αὐτοὺς
1014 1326 1251 1397 μνημεῖα
1273 1322 1688 1378 καταλελοίπασι
1713 1338 1726 1387 ;
1747 1324 1867 1375 Φοι-

295 1423 464 1476 νίκων
494 1419 589 1491 μὲν
624 1415 717 1472 οὖν
748 1418 797 1470 οί
827 1416 1029 1489 πρῶτοι
1065 1415 1323 1485 θεολόγοι,
1359 1415 1433 1479 ὡς
1462 1417 1519 1467 ὲν
1548 1413 1623 1483 τῷ
1666 1412 1867 1483 πρώτῳ

297 1509 686 1582 συγγράμματι
726 1508 1151 1579 παρεστήσαμεν
1170 1548 1184 1572 ,
1209 1505 1300 1561 τὸν
1328 1506 1426 1559 Δία
1459 1505 1620 1558 παῖδα
1656 1505 1865 1575 Κρόνου

296 1601 490 1673 θνητὸν
532 1600 640 1654 ἀπὸ
690 1597 884 1672 θνητοῦ
930 1599 1250 1669 γενόμενον,
1308 1598 1477 1671 ἄνδρα
1533 1598 1754 1655 Φοίνικα
1804 1595 1868 1648 τὸ

295 1694 473 1762 γένος.
509 1692 993 1764 ἀπεμνημόνευον·
1024 1690 1308 1760 Αἰγύπτιοι
1336 1691 1412 1755 δὲ,
1447 1688 1868 1759 ὲξοικειούμενοι

298 1784 388 1839 τὸν
417 1783 624 1855 ἄνδρα,
685 1783 875 1854 θνητὸν
909 1783 1070 1838 πάλιν
1121 1777 1283 1837 αὐτὸν
1328 1780 1639 1852 ὡμολόγουν
1663 1819 1679 1843 ,
1728 1779 1870 1833 κατὰ

1971 599 2194 652 conﬂari
2226 599 2371 653 nulla
2407 600 2627 668 potuit;
2671 600 2948 668 quomodo
2986 601 3206 655 tandem
3256 602 3544 671 ipsiusmet

1976 688 2093 753 Dei,
2131 706 2236 760 qua
2269 706 2423 745 mens
2447 699 2552 755 est,
2582 691 2806 762 clligiem
2841 693 3193 748 architectari
3244 696 3539 765 quisquam

1973 783 2184 853 possit?
2213 783 2352 850 Quid
2385 798 2549 853 porro
2575 798 2698 837 cum
2734 782 2918 838 divina
2962 795 3143 839 mente
3167 786 3545 842 similitudinis

1972 891 2170 945 corpus
2190 876 2355 930 etiam
2394 877 2690 931 humanum
2737 874 2939 933 habet?
3001 876 3135 946 Ego,
3179 894 3249 932 ne
3277 894 3400 933 cum
3436 879 3545 932 hu-

1972 980 2135 1019 mana
2165 965 2384 1034 quidem
2410 965 2608 1019 habere
2634 964 2932 1032 quidquam
2958 965 3215 1019 existimo
3241 982 3255 1027 ;
3283 980 3406 1019 cum
3430 964 3547 1019 haec

1973 1057 2292 1125 incorporea
2326 1058 2398 1112 sit
2427 1071 2491 1111 ac
2510 1057 2759 1126 simplex,
2787 1056 3077 1125 nullasque
3106 1067 3286 1124 partes
3317 1056 3540 1118 habeat,

1972 1149 2103 1205 illud
2132 1158 2344 1214 contra,
2373 1148 2562 1202 vilium
2603 1162 2667 1201 ae
2703 1147 3050 1202 sordidarum
3080 1145 3349 1200 artiﬁcum
3383 1162 3544 1215 opus,

1974 1241 2477 1311 mortaliscorporis
2506 1247 2754 1295 naturam
2783 1239 3045 1305 imitetur,
3064 1239 3406 1309 vivcntisque
3428 1254 3550 1293 car-

1975 1335 2061 1389 nis
2105 1333 2326 1388 surdam
2357 1347 2420 1387 ac
2447 1339 2656 1385 mutam
2698 1331 2752 1384 in
2794 1340 3009 1383 mortua
3039 1329 3297 1398 inanique
3323 1328 3551 1383 materia

1973 1426 2207 1496 speciem
2246 1427 2582 1494 ﬁguramque
2616 1428 2988 1492 repraesentet.
3032 1422 3112 1474 Ac
3159 1420 3294 1474 mihi
3326 1419 3549 1487 quidem

1976 1514 2291 1569 tneritodici
2314 1514 2584 1576 videatur,
2617 1515 2861 1567 animum
2883 1513 3033 1567 illum
3067 1512 3299 1567 rationis
3326 1513 3552 1565 immor-

1976 1606 2312 1674 talitatisque
2339 1605 2685 1674 participem,
2736 1621 2801 1660 ac
2836 1615 3073 1660 mentem
3107 1620 3250 1670 eam,
3282 1620 3404 1674 qua:
3451 1604 3552 1658 ho-

1974 1695 2140 1750 minis
2171 1694 2228 1749 in
2261 1705 2455 1749 natura
2501 1696 2611 1764 pati
2664 1695 2800 1749 nihil
2849 1696 3042 1765 possit,
3069 1694 3313 1750 divinam
3356 1695 3551 1766 imagi-

1975 1799 2100 1840 nem
2154 1785 2675 1855 similitudinemque
2697 1786 3263 1855 retinere;quatenus
3313 1796 3550 1857 uterque

297 1876 455 1929 τοῦτό
490 1894 553 1945 γε
585 1877 815 1943 Φοίνιξιν
846 1873 1269 1946 ὁμοφωνοῦντες.
1313 1873 1471 1926 Ἀλλὰ
1509 1872 1604 1926 καὶ
1633 1872 1866 1942 Κρῆτες,

1978 1880 2046 1935 ab
2076 1880 2225 1934 omni
2254 1880 2502 1950 corporis
2521 1890 2576 1935 et
2596 1881 2839 1936 materiae
2867 1882 3215 1937 concretione
3247 1881 3548 1949 seiunctus,

295 1970 467 2040 τάφον
499 1969 595 2023 τοῦ
630 1969 752 2032 Διὸς
794 1969 923 2038 παρ’
972 1968 1177 2029 ἑαυτοῖς
1209 1965 1513 2027 δεικνύντες
1536 2004 1551 2029 ,
1590 1962 1761 2035 τρίτοι
1806 1961 1871 2015 ἂν

298 2059 409 2117 εἷεν
449 2060 545 2115 τοῦ
595 2059 760 2114 αὐτοῦ
812 2060 1106 2131 μάρτυρες.
1155 2058 1265 2111 Καὶ
1307 2054 1602 2109 Ἀτλάντιοι
1654 2053 1743 2116 δὲ,
1778 2050 1872 2106 καὶ

301 2154 503 2218 πάντες
559 2154 608 2207 oi
657 2152 762 2223 πρὸ
811 2151 1005 2204 τούτου
1053 2147 1447 2219 δεδηλωμένοι,
1506 2145 1625 2199 κατ’
1670 2144 1872 2197 οἰκείαν

302 2247 546 2315 ἱστορίαν
574 2246 992 2317 ὲξοικειούμενοι
1020 2246 1108 2298 τὸν
1138 2245 1257 2309 Δία,
1292 2244 1492 2306 πάντες
1516 2241 1651 2308 ὁμοῦ
1681 2240 1873 2311 θνητὸν

301 2340 668 2410 ἀπεφήναντο,
693 2337 915 2411 πράξεις
945 2335 1109 2390 αὐτοῦ
1131 2334 1329 2405 θνητὰς
1355 2335 1451 2387 καὶ
1482 2332 1871 2405 ἁνθρωπείους,

303 2429 419 2485 ἀλλ’
451 2430 512 2483 οὐ
544 2429 746 2499 σεμνάς
772 2442 942 2490 τινας,
971 2426 1091 2478 οὐδὲ
1115 2425 1452 2494 φιλοσόφους,
1488 2421 1874 2494 αἰσχρουργίας

301 2522 361 2575 δὲ
413 2521 635 2589 ἁπάσης
679 2519 773 2572 καί⁵
806 2515 1099 2578 ἀκολασίας
1143 2515 1393 2586 ἔμπλεως
1438 2513 1870 2584 ἀναγράψαντες.

301 2613 427 2675 Τοῖς
446 2612 502 2665 δὲ
530 2612 622 2664 ἐπὶ
646 2610 706 2663 τὸ
736 2607 1056 2679 σεμνότερον
1074 2608 1199 2670 τοὺς
1231 2606 1432 2677 μύθους
1457 2605 1677 2676 τρέπειν
1702 2606 1876 2674 ἐπηγ-

299 2704 583 2774 γελμένοις
610 2702 729 2756 τοτὲ
763 2702 860 2773 μὲν
882 2705 910 2756 6
938 2702 1071 2765 Ζεὺς
1096 2699 1271 2771 θερμή
1290 2716 1373 2762 τις
1398 2694 1468 2769 ἦν
1500 2698 1595 2751 καὶ
1623 2695 1875 2768 πυρώδης

300 2796 548 2867 δύναμις,
579 2796 699 2848 τοτὲ
736 2796 791 2848 δὲ
835 2792 901 2848 τὸ
944 2792 1188 2864 πνεῦμα*
1234 2780 1329 2847 νῦν
1359 2792 1405 2845 δ’
1447 2791 1550 2844 οὐκ
1597 2785 1694 2844 οἶδ’
1727 2791 1875 2852 ὅπως

301 2889 486 2951 αὐτοῖς
515 2889 544 2940 6
566 2888 674 2941 τῶν
711 2887 847 2940 ὅλων
877 2883 1268 2957 δημιουργικδς
1299 2883 1427 2947 νοῦς
1477 2882 1871 2952 ἀναπέφανται.

300 2980 569 3034 Πευστέον
618 2977 942 3050 τοιγαροῦν,
998 2977 1118 3030 τίνα
1162 2975 1230 3030 ἂν
1279 2974 1483 3027 εἴποιεν
1535 2973 1625 3027 τὸν
1683 2970 1876 3026 τούτου

303 3072 539 3144 πατέρα,
574 3072 670 3124 καὶ
690 3069 784 3123 τοῦ
813 3068 1018 3139 πατρὸς
1044 3065 1134 3121 τὸν
1178 3065 1528 3135 προπάτορας
1562 3065 1715 3118 Ἐπεὶ
1736 3068 1878 3118 κατά

303 3162 515 3225 πάντας
535 3161 663 3224 τοὺς
682 3159 964 3227 θεολόγους
980 3158 1112 3222 Ζεὺς
1134 3156 1342 3227 Κρόνου
1364 3158 1493 3218 παῖς
1514 3153 1874 3225 ὁμολογεῖται,

304 3253 400 3306 καὶ
445 3223 573 3305 τάδε
617 3223 952 3322 προκείμενα
995 3246 1089 3301 τοῦ
1137 3223 1382 3317 Ὀρφέως
1428 3244 1533 3315 ἔπη
1550 3223 1882 3314 ῦπερμενέος
1905 3223 1949 3284 C

303 3342 611 3415 Κρονίωνος
638 3341 774 3411 ὲμνη
784 3338 1026 3409 μόνευσε’
1046 3334 1252 3407 Κρόνος
1274 3334 1331 3387 δὲ
1363 3330 1627 3404 Οὐρανοῦ.
1645 3329 1888 3384 Δεδόσθω

305 3435 487 3488 τοίνυν
534 3432 719 3494 αὐτοῖς
747 3426 887 3483 εἶναι
910 3430 1046 3492 Ζεὺς
1076 3428 1105 3481 6
1138 3428 1231 3480 ἐπὶ
1273 3428 1492 3481 πάντων
1534 3425 1685 3490 Θεὸς,
1738 3425 1834 3478 καὶ
1856 3425 1886 3477 6

306 3525 433 3591 νοῦς
471 3528 500 3579 6
532 3524 604 3580 τά
654 3525 831 3580 πάντα
880 3522 1306 3594 δημιουργήσας.
1339 3520 1433 3585 Τίς
1480 3517 1573 3573 οῦν
1620 3519 1649 3572 6
1695 3520 1884 3572 τούτου

308 3620 533 3691 πατήρς
577 3617 801 3689 Κρόνος.
834 3615 929 3679 Τίς
964 3615 1010 3670 δ’
1056 3616 1086 3669 6
1140 3615 1475 3685 «portari-mp;
1516 3610 1776 3684 Οὐρανός.
1820 3611 1884 3664 Εἰ

305 3711 372 3783 δὴ
402 3711 515 3779 (84)
550 3709 763 3780 πρῶτος
785 3711 813 3763 6
850 3709 983 3771 Ζεὺς
1014 3708 1090 3771 ὡς
1128 3706 1193 3761 ἂν
1235 3705 1564 3778 δημιουργὸς
1605 3704 1880 3773 ἁπάντων,

305 3803 446 3875 χρῆν
479 3802 542 3873 δή
564 3819 669 3856 που
696 3800 980 3872 δευτέρους
1009 3798 1424 3867 καταλέγεσθαι,
1448 3796 1545 3852 καὶ
1574 3799 1689 3869 μετ’
1721 3796 1883 3850 αὐτὸν

305 3893 435 3956 τοὺς
464 3892 555 3945 ὑπ’
594 3891 758 3946 αὐτοῦ
803 3889 1220 3961 πεποιημένους.
1260 3888 1386 3942 Εἴτε
1430 3886 1539 3958 γὰρ
1571 3885 1759 3959 χρόνος
1798 3904 1882 3951 τις

307 3984 393 4056 εἴη
423 3986 452 4035 6
478 3981 682 4054 Κρόνος
708 3980 953 4054 οὐρανοῦ
985 3978 1241 4049 πεφυκὼς
1265 3980 1528 4049 γέννημα,
1562 3978 1645 4031 ὅτι
1674 3977 1738 4049 δὴ
1768 3977 1884 4048 ἀμα

309 4072 525 4145 οὐρανῷ
579 4073 886 4143 συνυπέστη
927 4070 1148 4143 χρόνοςο
1184 4068 1273 4139 εἴη
1299 4086 1359 4123 τε
1394 4067 1555 4132 αὐτὸς
1597 4068 1627 4119 6
1673 4066 1882 4139 Κρόνου

309 4168 492 4240 πατὴρ
517 4166 778 4239 Οὐρανὸς,
821 4164 917 4217 κα)⁵
948 4163 1138 4235 χρόνος
1173 4161 1312 4233 μετά
1359 4161 1574 4215 τοῦτον⁸
1609 4160 1745 4214 ἀλλά
1778 4158 1885 4231 πρό

307 4279 377 4332 γε
403 4261 609 4315 τούτων
626 4261 655 4314 6
679 4259 787 4313 τῶν
806 4258 943 4312 ὅλων
976 4255 1168 4321 αἴτιος,
1194 4256 1289 4310 καὶ
1316 4253 1541 4326 οὐρανοῦ
1571 4254 1665 4307 καὶ
1690 4253 1921 4324 χρόνου,

305 4353 641 4426 δημιουργὸς
670 4350 822 4414 Θεός.
846 4348 911 4403 Ei
938 4348 995 4403 δὲ
1016 4347 1191 4412 τοῦτο,
1228 4346 1330 4400 οὐκ
1368 4344 1433 4400 ἂν
1460 4344 1669 4414 γένοιτο
1690 4347 1719 4398 6
1748 4344 1884 4407 Ζεὺς

308 4446 497 4519 τρίτος
522 4445 583 4510 ἐξ
610 4441 873 4517 Οὐρανοῦ.
904 4441 1028 4505 Πῶς
1050 4438 1146 4494 οῦν
1174 4438 1324 4511 παρὰ
1369 4441 1535 4491 πᾶσιν
1564 4435 1885 4505 Αἰγυπτίοις

309 4537 410 4591 καὶ
438 4536 703 4601 Φοίνιξιν,
746 4532 970 4603 Ἕλλησί
1010 4547 1070 4584 τε
1120 4530 1214 4583 καὶ
1246 4528 1555 4597 φιλοσόφοις
1591 4525 1773 4597 τρίτος
1824 4523 1883 4591 ἐξ

311 4624 559 4698 Οὐρανοῦ
614 4623 1014 4694 γενεαλογεῖται
1066 4620 1095 4672 ὁ
1150 4618 1256 4672 τῶν
1310 4617 1448 4671 ὅλων
1497 4615 1882 4688 δημιουργικὸς

1973 1980 2222 2025 naturam
2255 1972 2659 2041 essentiamque
2687 1974 2912 2028 sortitus
2933 1982 3013 2029 est
3033 1974 3192 2043 plane
3225 1974 3546 2043 spiritalem,

1974 2076 2039 2116 ac
2069 2061 2280 2117 ratione
2306 2071 2667 2129 constantem,
2696 2078 2923 2133 quaeque
2977 2064 3231 2120 virtutem
3256 2066 3431 2135 possit
3455 2081 3548 2120 sa-

1974 2152 2343 2221 pientiamque
2378 2153 2673 2221 suscipere.
2697 2153 2898 2219 Quare,
2934 2156 2980 2211 si
3015 2157 3141 2226 quis
3169 2157 3335 2210 animi
3368 2157 3546 2212 simu-

1974 2243 2182 2297 lacrum
2236 2260 2300 2298 ac
2346 2245 2583 2313 speciem
2637 2244 2889 2315 ﬁngendo
2944 2248 3291 2303 architectari
3343 2260 3547 2319 posset,

1974 2334 2116 2388 idem
2190 2350 2408 2405 quoque
2468 2345 2654 2405 posset
2711 2338 3057 2407 superiorum
3135 2340 3552 2408 cmlestiumque

1974 2426 2236 2480 mentium
2265 2427 2554 2496 imaginem
2589 2429 2826 2498 aliquam
2855 2428 3135 2486 fabricari.
3169 2437 3240 2485 At
3272 2447 3402 2487 vero
3423 2448 3550 2489 cum

1975 2514 2215 2569 humana
2249 2530 2406 2569 mens
2434 2514 2702 2585 ejusmodi
2747 2517 2836 2583 sit,
2878 2534 3000 2587 qum
3038 2520 3243 2574 nullam
3287 2519 3549 2588 formam,

1978 2607 2238 2676 speciem,
2270 2606 2612 2678 ﬁguramque
2662 2609 2871 2665 nullam
2918 2610 3137 2676 habeat,
3172 2613 3417 2684 adeoque
3448 2630 3550 2671 nec

1973 2696 2095 2752 visu
2128 2698 2333 2767 percipi
2366 2698 2488 2767 ejus
2516 2701 2775 2765 essentia,
2830 2716 2932 2756 nec
2977 2705 3226 2758 oratione
3270 2705 3355 2759 vel
3398 2706 3554 2760 audi-

1975 2788 2122 2843 tione
2142 2788 2527 2859 comprehendi
2554 2800 2736 2860 queat,
2768 2794 2893 2861 quis
2926 2807 3102 2862 usque
3127 2809 3194 2848 eo
3221 2795 3429 2851 insania
3453 2811 3551 2850 ve-

1976 2879 2272 2951 cordiaque
2300 2879 2595 2944 laborabit,
2623 2880 2921 2935 humanum
2946 2893 3000 2937 nt
3024 2884 3382 2938 simulacrum
3414 2899 3553 2955 prae-

1975 2971 2214 3041 potentis
2248 2967 2597 3038 supremique
2620 2965 2872 3023 Numinis
2908 2972 3137 3038 ﬁguram
3164 2979 3218 3024 et
3251 2971 3549 3035 imaginem

1977 3070 2372 3132 repraesentare
2401 3061 2696 3117 contendat
2742 3061 2767 3114 ?
2818 3059 3025 3117 Natura
3074 3062 3219 3116 enim
3266 3062 3449 3118 divina
3483 3063 3555 3118 ab

1979 3153 2127 3207 omni
2163 3153 2392 3207 materia
2442 3160 2651 3209 semota
2697 3152 2928 3224 cogitari
2955 3153 3136 3219 debet,
3189 3149 3355 3223 atque
3401 3154 3552 3224 ejus-

1982 3244 2150 3308 modi,
2183 3258 2348 3314 quam
2376 3259 2502 3299 cum
2538 3244 2755 3299 silentio
2794 3244 3066 3300 defaecata:
3107 3246 3327 3310 mentis,
3359 3254 3413 3301 et
3436 3246 3555 3301 ani-

1981 3350 2199 3393 morum
2235 3336 2304 3390 ab
2334 3337 2482 3392 omni
2513 3336 2632 3391 labe
2657 3345 3007 3408 purgaturum
3035 3337 3388 3407 intelligentia
3417 3353 3554 3393 eon-

1982 3426 2294 3497 templetur.
2320 3428 2391 3480 At
2412 3426 2563 3483 Jovis
2590 3427 2758 3489 illius,
2786 3442 2950 3500 quem
3002 3428 3300 3492 cernimus,
3351 3427 3556 3499 ﬁgura-

1983 3529 2096 3575 tum
2128 3528 2245 3575 arte
2278 3521 2656 3589 simulacrum,
2684 3519 2831 3575 aliud
2875 3530 3021 3577 certe
3065 3520 3201 3576 nihil
3250 3535 3417 3591 quam
3450 3523 3551 3576 ho—

1980 3612 2146 3667 minis
2191 3621 2386 3668 natura
2418 3614 2535 3683 ipsa
2563 3613 2808 3669 mortalis
2857 3613 3087 3684 elligiem
3142 3615 3404 3678 continet,
3443 3614 3558 3668 imo

1980 3720 2050 3760 ne
2093 3713 2266 3761 totum
2316 3706 2536 3776 quidem
2584 3714 2748 3777 atque
2799 3707 3077 3778 integrum
3126 3706 3426 3772 hominem,
3459 3708 3558 3761 sed

1980 3803 2194 3851 tantum
2231 3806 2437 3866 partem
2490 3796 2611 3867 ejus
2666 3798 2892 3853 alteram
2951 3813 3182 3869 eamque
3223 3798 3549 3853 deteriorem
3626 3782 3629 3785 6

1985 3885 2253 3955 imitatur,
2279 3902 2402 3943 cum
2433 3889 2641 3943 nullum
2676 3890 2901 3944 omnino
2945 3889 3070 3945 vitae
3108 3889 3415 3959 animaeque
3465 3903 3559 3944 τεά

1986 3978 2209 4048 stigium
2237 3980 2510 4035 exhibeat.
2557 3979 2844 4047 Quomodo
2872 3980 3037 4051 igitur
3079 3979 3217 4035 deus
3253 3981 3343 4035 ille
3372 3994 3558 4036 rerum

1985 4071 2228 4125 omnium
2252 4072 2580 4139 moderator,
2613 4087 2679 4127 ac
2711 4088 2867 4127 mens
2895 4073 2987 4127 illa
3020 4073 3186 4141 hujus
3223 4074 3557 4128 universita-

1984 4161 2056 4218 tis
2078 4161 2343 4228 ell‘ectrix,
2389 4163 2598 4234 Jupiter
2647 4164 2771 4229 iste,
2828 4166 2923 4234 qui
2975 4164 3061 4219 vel
3092 4180 3158 4219 ex
3191 4180 3321 4229 aere,
3355 4165 3441 4219 vel
3489 4180 3559 4220 ex

1987 4253 2154 4309 ebore
2185 4263 2402 4311 mortuo
2428 4255 2670 4325 ﬁngitur,
2709 4270 2832 4311 esse
2859 4256 3056 4324 poterit
3086 4256 3110 4308 ?
3154 4256 3310 4325 107
3355 4256 3560 4312 Deinde

1986 4360 2141 4402 mens
2172 4346 2361 4403 eadem
2393 4363 2577 4402 rerum
2605 4347 2844 4402 molitrix
2878 4347 3257 4402 universarum
3303 4348 3397 4417 qui
3435 4355 3560 4402 tan-

1986 4440 2108 4494 dem
2134 4436 2346 4506 Jupiter
2370 4439 2460 4495 ille
2487 4439 2673 4505 fuerit,
2705 4438 2954 4494 Herculis
2982 4454 3049 4493 ex
3083 4439 3346 4494 Alcmena
3373 4447 3549 4509 pater,

1987 4547 2053 4587 ac
2071 4540 2391 4587 caeterorum
2423 4531 2692 4596 omnium,
2722 4546 2861 4600 quos
2881 4547 2910 4586 a
2935 4530 3067 4586 Jove
3094 4540 3411 4602 procreatos
3434 4547 3558 4588 esse

1988 4621 2320 4688 fabulantur,
2355 4621 2557 4690 quique
2603 4622 2886 4677 mortalem
2919 4623 3060 4679 hanc
3091 4623 3255 4678 vitam
3286 4639 3411 4677 cum
3459 4637 3558 4678 eo-

311 4718 440 4783 νοῦς
459 4736 474 4786 ;
492 4717 897 4790 Πεφώραταιδὴ
924 4713 1017 4768 τοῦ
1048 4712 1337 4783 φιλοσόφου
1348 4709 1418 4763 τὰ
1442 4709 1755 4779 πλάσματα,
1791 4707 1877 4761 καὶ

1990 4710 2136 4775 dem,
2161 4724 2273 4779 quo
2292 4708 2487 4779 vulgus
2512 4708 2794 4764 hominum
2822 4709 2969 4765 exitu
2996 4710 3404 4775 terminassent,
3430 4722 3559 4776 pro-

309 4815 396 4869 ἔτι
428 4816 627 4887 μᾶλλον
688 4814 1073 4887 φωραθήσεται
1102 4811 1163 4876 ἐξ
1193 4803 1267 4864 ὧν
1295 4804 1545 4877 ἐπιφέρει
1557 4804 1729 4871 λέγων
1757 4795 1877 4853 ὧδε.

1990 4800 2125 4870 priae
2158 4808 2367 4856 natura:
2406 4800 2639 4871 posteris
2688 4802 2839 4855 nullo
2874 4817 3115 4872 unquam
3164 4800 3391 4857 delenda
3425 4808 3563 4854 teme

310 4919 448 4977 pore
487 4905 820 4959 monimenta
877 4899 1252 4971 reliquerunt?
1306 4896 1600 4950 Enimvero
1640 4890 1913 4960 principes
1964 4889 2283 4946 Phcenicum
2328 4891 2587 4963 theologi,
2618 4889 2828 4960 Jovem,
2862 4901 2923 4948 ut
2963 4894 3141 4963 primo
3163 4891 3304 4947 libro
3330 4890 3561 4945 demon-

314 4997 635 5061 stravimus,
671 4993 895 5051 Saturni
920 4993 1115 5057 ﬁlium,
1167 4987 1504 5059 proindeque
1544 4981 1832 5038 mortalem
1893 4995 1961 5037 ex
1998 4983 2218 5037 mortali
2246 4993 2446 5047 satum,
2478 4997 2541 5038 ac
2574 4998 2769 5053 genere
2797 4982 3111 5040 Phoenicem
3153 4998 3275 5039 esse
3303 4981 3562 5052 perhibe-

315 5091 468 5148 bant.
511 5067 772 5145 Eumdem
827 5084 1065 5156 Egyptii
1111 5097 1236 5137 cum
1287 5095 1446 5136 suum
1493 5091 1616 5133 esse
1666 5074 1886 5140 vellent,
1927 5073 2209 5128 mortalem
2265 5074 2515 5130 similiter
2555 5073 2885 5141 fatebantur,
2950 5084 3005 5129 et
3041 5088 3166 5129 cum
3209 5071 3563 5127 thnicibus

315 5184 422 5240 hac
460 5184 515 5238 in
548 5191 701 5253 parte
753 5180 1075 5237 sentiebant.
1123 5175 1410 5231 Cretenses
1436 5181 1716 5243 praeterea,
1764 5168 1857 5238 qui
1895 5165 2049 5223 Jovis
2080 5166 2222 5237 apud
2262 5182 2322 5223 se
2367 5166 2638 5222 tumulum
2668 5165 3049 5230 ostendebant,
3087 5164 3277 5218 tertios
3315 5162 3562 5233 ejusdem

317 5276 399 5331 rei
454 5283 621 5329 testes
665 5274 834 5328 citare
880 5271 1174 5341 possimus.
1226 5266 1372 5332 Quin
1420 5265 1584 5320 etiam
1636 5260 1883 5325 Atlantii,
1923 5272 2226 5328 omnesque
2293 5259 2554 5326 demum,
2600 5272 2741 5327 quos
2785 5256 2972 5311 Jovem
3021 5262 3178 5310 aetate
3218 5253 3567 5323 praecessisse

318 5374 557 5433 constat,
600 5367 803 5438 quique
835 5364 950 5419 suis
977 5377 1098 5417 eum
1139 5360 1382 5416 historiis
1423 5357 1527 5413 sibi
1554 5355 1922 5419 vindicarunt,
1966 5352 2253 5409 mortalem
2299 5351 2481 5421 ipsum
2515 5349 2688 5405 fuisse
2715 5363 2824 5403 uno
2856 5346 3023 5438 simul
3045 5360 3141 5400 ore
3178 5343 3561 5438 prodiderunt,

317 5476 520 5531 resque
552 5436 634 5515 ab—
658 5475 725 5516 eo
764 5468 943 5530 gestas
971 5455 1286 5510 mortalium
1336 5467 1469 5507 sane
1515 5448 1909 5517 hominumque
1947 5445 2220 5515 proprias,
2256 5458 2460 5514 easque
2508 5444 2643 5497 nihil
2686 5442 2768 5497 vel
2816 5437 3053 5507 augusti,
3106 5437 3192 5531 vel
3238 5436 3565 5531 philosopho

317 5526 470 5625 digni
525 5526 889 5614 continentes,
944 5551 1038 5604 sed
1086 5548 1266 5603 omnis
1320 5545 1503 5616 potius
1565 5540 1921 5612 turpitudinis
1957 5537 2311 5606 libidinisque
2359 5535 2546 5605 plenas
2596 5532 3061 5625 conscripserunt.
3100 5526 3238 5625 1am
3290 5541 3419 5582 vero
3459 5527 3564 5625 qui

319 5620 627 5720 graviorem
653 5655 708 5701 et
736 5643 1103 5700 honestiorem
1133 5642 1190 5695 in
1221 5640 1456 5710 speciem
1498 5652 1620 5694 sese
1668 5634 1882 5693 fabulas
1921 5640 2134 5689 mutare
2159 5631 2500 5701 proﬁtentur,
2534 5630 2603 5685 iis
2641 5626 2851 5699 Jupiter
2896 5622 3059 5678 modo
3098 5621 3276 5677 calida
3316 5620 3566 5693 quaedam

397 5813 510 5886 (84)
551 5814 625 5868 ει
650 5810 747 5878 δή.
791 5803 1030 5879 Uterque
1060 5822 1191 5877 met,
1223 5808 1270 5860 ει
1301 5805 1379 5874 δέ,
1412 5804 1641 5861 rectius;
