4156 6436
624 340 734 401 195
1279 342 1554 400 EUSEBII
1590 342 2073 399 CASSARIENSIS
2110 342 2261 400 OPP.
2301 343 2483 402 PARS
2524 344 2591 401 il.
2630 376 2704 388 -
2742 347 3242 407 APOLOGETICA.
3769 360 3865 417 196

619 473 673 517 et
694 464 850 535 ignea
883 461 963 517 vis
991 468 1095 528 est,
1149 463 1312 517 modo
1352 462 1615 533 spiritus;
1651 476 1798 516 nunc
1848 471 2030 516 autem
2077 462 2538 530 quemadmodum
2601 464 2703 533 ipsi
2742 474 2977 519 mentem
3034 481 3218 521 rerum
3258 465 3584 524 eﬂ'ectricem
3624 474 3865 530 omnium

618 555 869 611 eumdem
900 570 1021 609 esse
1049 554 1235 621 velint,
1282 553 1424 608 haud
1479 554 1727 623 equidem
1776 554 2036 624 intelligo.
2101 553 2465 620 Quaerendum
2496 556 2640 609 enim
2684 571 2751 610 ex
2811 557 2918 612 illis
2979 557 3161 624 fuerit,
3215 574 3375 629 quem
3427 560 3585 615 istius
3651 576 3870 633 patrem,

616 663 778 720 quem
821 662 980 702 avum
1013 646 1183 702 fuisse
1235 646 1457 701 dicant?
1508 645 1644 700 Nam
1701 644 1890 700 Jovem
1914 646 2129 714 quidem
2162 645 2381 699 Saturni
2420 646 2587 701 lilium
2617 662 2738 702 esse
2789 650 3064 703 communi
3108 665 3378 705 consensu
3408 651 3639 723 theologi
3691 670 3873 714 omnes

612 739 979 804 confitentur;
1034 754 1261 809 qumque
1325 754 1471 792 nunc
1521 738 1575 792 in
1624 738 1878 792 manibus
1951 738 2217 792 habemus
2274 735 2474 807 Orphei
2547 740 2810 807 carmina,
2857 743 3205 811 praapotentis
3260 743 3481 797 Saturni
3547 747 3868 815 meminere;

614 833 911 891 Saturnum
957 844 1137 890 autem
1170 832 1328 888 Caeli.
1363 834 1566 888 Demus
1619 834 1781 903 igitur
1829 832 1950 887 istis
2000 830 2185 887 Jovem
2245 842 2299 887 et
2334 831 2495 887 deum
2553 850 2734 889 rerum
2777 837 3153 891 universarum
3204 839 3598 894 moderatorem
3639 857 3779 908 esse,
3808 854 3867 899 et

610 943 741 982 vero
802 937 1036 982 mentem
1105 942 1231 983 eam
1304 942 1427 997 qua:
1475 937 1670 980 cuncta
1712 926 2035 981 condiderit.
2088 923 2224 991 Quis
2271 941 2400 997 ergo
2462 927 2607 982 illius
2665 929 2871 998 pater?
2931 929 3222 984 Saturnus.
3271 931 3420 985 Avus
3460 940 3664 997 autem,
3711 935 3868 1004 quis?

607 1019 813 1074 Caelus.
844 1019 1006 1090 Atqui
1038 1021 1086 1075 si
1136 1022 1348 1092 primus
1374 1018 1585 1091 Jupiter
1630 1030 1732 1085 est,
1782 1028 1967 1089 utpote
2022 1036 2205 1074 rerum
2260 1022 2504 1076 omnium
2560 1024 2910 1090 architectus,
2964 1025 3102 1080 alios
3149 1024 3391 1096 profecto
3439 1027 3737 1082 secundum
3790 1030 3868 1099 ip—

607 1123 728 1166 sum
797 1128 1079 1168 recensere
1122 1114 1385 1182 oportuit,
1448 1121 1635 1183 utpote
1682 1114 1751 1166 ab
1797 1128 1863 1167 eo
1903 1112 2217 1169 fabricatos.
2271 1115 2481 1169 Etenim
2534 1117 2647 1172 sive
2687 1115 2924 1188 Tempus
2976 1117 3251 1175 Saturnus
3316 1119 3498 1187 fuerit,
3550 1131 3604 1175 et
3644 1121 3861 1191 quidam

603 1215 793 1274 suapte
822 1214 1017 1260 natura
1051 1205 1189 1261 Coeli
1242 1204 1404 1271 fetus,
1456 1206 1654 1274 quippe
1708 1205 1855 1274 quod
1905 1222 2010 1259 una
2055 1222 2180 1261 cum
2217 1208 2357 1261 ctelo
2385 1217 2596 1276 tempus
2650 1223 2771 1263 esse
2828 1209 3053 1278 cmperit
3085 1210 3239 1265 :sive
3295 1209 3505 1266 C(elum
3534 1213 3709 1282 ipsum
3745 1231 3865 1270 vere

603 1297 824 1353 Saturni
852 1306 1084 1367 patrem,
1140 1312 1204 1353 ac
1259 1298 1557 1351 secundum
1600 1313 1723 1351 eum
1772 1295 2008 1366 Tempus
2050 1298 2215 1352 fuisse
2258 1299 2453 1352 malint
2503 1319 2517 1355 :
2566 1315 2700 1355 sane
2746 1309 2926 1354 tamen
2982 1302 3068 1356 his
3117 1302 3280 1357 etiam
3332 1303 3481 1372 prior
3535 1302 3744 1373 Jupiter
3775 1308 3863 1362 ille

596 1406 719 1447 esse
744 1390 949 1453 debuit,
982 1404 1142 1457 quem
1204 1389 1306 1458 ipsi
1377 1388 1539 1442 deum
1600 1402 1780 1440 rerum
1833 1396 2108 1440 auctorem
2157 1391 2423 1451 omnium,
2468 1388 2709 1457 adeoque
2760 1386 2897 1443 Caeli
2916 1390 3247 1460 Saturnique
3293 1406 3391 1446 seu
3421 1388 3707 1462 Temporis
3738 1409 3863 1465 pro-

596 1494 898 1542 crcatorem
949 1499 1071 1539 esse
1117 1484 1323 1537 volunt.
1387 1482 1541 1548 Quod
1592 1484 1637 1538 si
1675 1483 1745 1535 ita
1796 1492 1899 1546 est,
1947 1496 2054 1535 non
2096 1482 2209 1551 jam
2242 1484 2435 1538 tertius
2479 1499 2511 1537 a
2567 1482 2720 1538 leo
2759 1482 2969 1553 Jupiter
3015 1483 3197 1539 luerit.
3250 1483 3536 1551 Quomodo
3576 1488 3741 1556 igitur
3793 1491 3861 1545 ab

593 1581 851 1634 omnibus
886 1594 994 1633 non
1041 1575 1313 1647 Egyptiis
1351 1585 1559 1629 tantum
1587 1592 1653 1630 ac
1686 1576 1847 1646 108
1881 1574 2248 1641 Phoenicibus,
2286 1593 2472 1631 verum
2523 1577 2685 1632 etiam
2737 1578 2939 1633 Graecis
2981 1588 3141 1649 atque
3178 1579 3516 1650 philosophis
3544 1597 3703 1639 mens
3736 1585 3859 1649 ista,

595 1687 777 1728 rerum
807 1672 1048 1727 omnium
1101 1670 1417 1733 architecta,
1449 1671 1502 1723 in
1556 1671 1841 1723 numinum
1896 1686 2116 1724 suorum
2169 1673 2482 1745 genealogia
2539 1689 2648 1728 non
2678 1674 2783 1729 nisi
2830 1675 3038 1736 aCtelo
3088 1677 3247 1731 tertia
3281 1688 3595 1733 recensetur
3628 1679 3652 1732 ἲ
3683 1680 3859 1752 Atque

595 1763 681 1820 his
733 1762 1035 1819 rationibus
1077 1761 1382 1831 philosophi
1451 1761 1626 1814 nostri
1686 1770 2058 1817 commentum
2110 1765 2395 1819 manifeste
2443 1765 2570 1820 licet
2633 1774 2901 1833 teneatur,
2956 1767 3097 1822 idem
3148 1777 3331 1825 tamen
3385 1769 3453 1825 iis
3502 1769 3668 1840 ipsis,
3734 1788 3856 1844 qua

590 1866 780 1928 postea
809 1856 1047 1927 subjicit,
1076 1856 1283 1911 clarius
1311 1866 1590 1925 arguetur.

1008 2030 1013 2033 ι
1194 1970 1428 2027 CAPUT
1479 1970 1574 2025 XI.

694 2063 1044 2119 Validissima
1077 2063 1387 2119 ercorum
1411 2063 1716 2136 dogmatum
1744 2064 2060 2132 confatalia.

663 2258 685 2293 ι
720 2238 915 2308 Porro,
948 2238 1242 2306 Iunonem,
1275 2240 1474 2309 inquit,
1501 2237 1651 2294 Jovis
1672 2254 1896 2294 uxorem
1917 2254 2039 2294 esse
2066 2241 2164 2295 tin-

585 2341 806 2400 xerunt,
823 2333 969 2403 quod
988 2332 1266 2387 aetheriam
1293 2333 1498 2386 scilicet
1525 2332 1838 2399 aeriamque
1854 2331 1962 2384 vim
1991 2328 2162 2385 Juno-

584 2441 709 2481 nem
742 2425 1111 2496 appellarent;
1143 2424 1312 2478 aether
1340 2424 1487 2478 enim
1539 2422 1939 2478 subtilissimus
1981 2438 2045 2477 ac
2077 2434 2160 2477 te-

584 2517 886 2572 nuissimus
912 2531 1006 2571 aer
1031 2524 1131 2571 est.
1176 2533 1195 2567 »
1259 2515 1575 2581 Enimvero,
1607 2514 1810 2569 aethera
1848 2512 1997 2569 Jovis
2038 2529 2160 2569 esse

583 2618 819 2664 mentem
854 2608 1058 2679 Orphei
1097 2608 1344 2663 carmina
1374 2607 1538 2677 paulo
1590 2614 1717 2661 ante
1764 2605 2156 2661 declarabant:

581 2716 728 2754 nunc
759 2710 965 2766 autem,
994 2699 1125 2770 quid
1158 2699 1328 2753 aether
1360 2698 1452 2753 ille
1495 2698 1568 2753 sit
1612 2697 1927 2767 interpretis
1983 2697 2157 2751 nostri

579 2790 771 2845 definit
796 2791 993 2857 oratio,
1029 2790 1158 2845 dum
1187 2788 1574 2844 tenuissimum
1600 2803 1784 2844 aerem
1827 2788 1981 2842 illum
2034 2801 2157 2842 esse

574 2885 909 2953 pronuntiat.
948 2883 1117 2952 Atqui
1165 2897 1365 2954 corpus
1408 2897 1543 2938 sane
1589 2896 1687 2937 aer
1728 2889 1835 2947 est,
1870 2879 2155 2948 multoque

574 2974 748 3044 magis
776 2974 965 3038 aether,
998 2988 1066 3029 ex
1096 2990 1208 3044 quo
1234 2973 1526 3029 manifeste
1554 2971 1704 3029 Jovis
1733 2980 1993 3038 mentem,
2024 2972 2152 3026 licet

574 3065 981 3132 tenuissimum,
1018 3080 1223 3136 corpus
1253 3074 1437 3121 tamen
1465 3080 1590 3121 esse
1640 3063 2006 3121 convincitur.
2047 3061 2151 3117 Ec-

569 3156 695 3225 quis
730 3171 858 3212 vero
884 3170 1081 3227 capere
1109 3171 1351 3227 unquam
1393 3171 1459 3212 ac
1496 3156 1831 3227 persuadere
1870 3154 1974 3210 sibi
2020 3167 2148 3223 pos-

569 3246 664 3311 sit,
709 3260 910 3316 corpus
957 3255 1120 3316 atque
1154 3254 1392 3302 mentem
1440 3260 1556 3301 rem
1606 3259 1771 3300 unam
1818 3252 1876 3299 et
1896 3242 2145 3298 eamdem

2793 1975 3190 2029 ΚΕΦΑΛΔΙΟΝ
3230 1977 3333 2030 IA'.

2304 2064 2596 2135 Ἔλεγχος
2639 2067 2892 2136 ἰσχυρὸς
2920 2065 3464 2191 ῦξᾶιληνικῶν
3512 2073 3822 2144 δογμάτων

2339 2245 2358 2276 ι
2394 2224 2507 2297 Τὴν
2537 2226 2594 2278 δὲ
2621 2226 2801 2299 Ἦραν
2837 2227 3082 2282 σύνοικον
3130 2228 3206 2300 τῷ
3238 2229 3320 2283 Δι⁴ι
3350 2235 3716 2306 πεποιήκασι,
3753 2238 3853 2310 τήν

2263 2315 2502 2386 αἰθέριον
2534 2319 2628 2371 καὶ
2672 2319 2857 2389 ἀέριον
2911 2320 3142 2390 δύναμιν
3193 2322 3372 2393 Ἥραν
3422 2328 3848 2396 προσειπόντεςο

2260 2408 2372 2462 ἐστι
2410 2411 2517 2482 γὰρ
2548 2410 2643 2463 καὶ
2668 2410 2697 2462 6
2724 2410 2889 2482 αίθὴρ
2915 2411 3022 2482 ἀήρ
3042 2413 3070 2464 ὁ
3089 2412 3606 2487 λεπτομερέστατος.
3640 2440 3659 2472 ι
3681 2422 3849 2476 Ἀνω-

2259 2500 2401 2570 τέρω
2437 2501 2535 2569 μὲν
2560 2500 2750 2572 ἐδήλου
2774 2500 2846 2554 τά
2876 2501 2984 2573 ἔπη
3014 2502 3103 2556 τὸν
3128 2504 3253 2559 νοῦν
3285 2506 3379 2560 τοῦ
3417 2508 3541 2573 Διὸς
3585 2508 3725 2566 εἶναι
3757 2515 3848 2567 τὸν

2258 2592 2481 2663 αἰθέρα’
2514 2592 2632 2645 νυνὶ
2653 2591 2710 2645 δὲ
2743 2593 2772 2644 6
2810 2592 2965 2663 λόγος
2993 2594 3046 2647 τί
3080 2597 3211 2650 ποτέ
3244 2598 3361 2652 ἐστι
3400 2601 3431 2653 6
3466 2602 3632 2675 αἰθὴρ
3672 2604 3844 2677 διορί-

2259 2685 2445 2748 ζεται,
2492 2683 2630 2755 ἀέρα
2675 2682 2849 2753 λέγων
2906 2681 3043 2739 εἶναι
3095 2688 3257 2742 αὐτὸν
3305 2689 3843 2766 λεπτομερέστατον·

2259 2774 2416 2844 σῶμα
2445 2774 2502 2827 δὲ
2535 2776 2563 2825 6
2588 2774 2730 2846 ἀὴρ,
2768 2777 2866 2829 καὶ
2900 2777 3034 2830 πολὺ
3085 2780 3348 2852 πρότερον
3373 2784 3403 2836 6
3448 2785 3636 2857 αἰθήρ.
3679 2789 3737 2841 '0
3777 2788 3845 2861 δὴ

2255 2866 2379 2929 νοῦς
2410 2867 2518 2937 ἄρα
2570 2865 2665 2918 τοῦ
2711 2866 2833 2931 Διὸς
2876 2867 3198 2940 ὲλήλεγκται
3247 2871 3407 2944 σῶμα
3434 2878 3753 2948 τυγχάνων,
3792 2884 3841 2934 εί

2254 2957 2347 3010 καὶ
2378 2955 2439 3008 τὸ
2471 2955 2688 3010 πάντων
2720 2956 3243 3029 λεπτομερέστατον.
3277 2964 3386 3016 Καὶ
3406 2965 3522 3029 πῶς
3551 2967 3615 3020 ἂν
3641 2968 3842 3024 ταύτὸν

2254 3050 2570 3121 ἐπινοηθείη
2605 3048 2764 3121 σῶμα
2796 3051 2892 3104 καὶ
2928 3051 3053 3117 νοῦς
3086 3053 3230 3108 κατά
3262 3056 3550 3131 διάμετρον
3579 3064 3691 3126 τοῖς
3731 3064 3838 3132 φύ-

2252 3159 2367 3196 σεσι
2397 3141 2691 3208 διεστῶτα;
2728 3139 2840 3197 Εἶτ’
2865 3145 2967 3198 οὐκ
2995 3142 3091 3199 οἷδ’
3114 3147 3259 3213 ὅπως
3284 3149 3391 3202 τῶν
3423 3151 3568 3207 ἐπῶν
3588 3154 3839 3231 ἐπιλελη-

2250 3236 2445 3308 σμένος
2469 3237 2765 3310 διαρρήδην
2797 3237 3085 3309 φησάντων
3103 3256 3116 3269 ·

569 3352 714 3403 esse,
773 3352 1010 3405 quorum
1050 3344 1262 3391 naturae
1322 3352 1391 3390 ex
1449 3336 1740 3400 diametro,
1775 3335 1939 3406 quod-
1983 3332 2157 3397 aiunt,
2212 3331 2356 3385 inter
2401 3344 2523 3384 sese
2564 3329 2969 3401 opponantur?
3021 3329 3226 3388 Deinde
3266 3349 3454 3391 nescno
3504 3352 3616 3410 quo
3669 3354 3837 3411 pacto

568 3427 873 3485 carminum
909 3427 1141 3482 istorum
1169 3428 1371 3483 oblitus
1402 3427 1492 3482 ille
1539 3426 1723 3494 fuerit,
1768 3439 1999 3497 quorum
2026 3437 2284 3494 expressa
2313 3421 2430 3476 haec
2458 3427 2542 3475 est
2563 3429 2861 3491 apertaque
2884 3422 3160 3477 sententia
3200 3443 3217 3479 :

669 3539 817 3595 Mens
841 3556 1022 3605 verax,
1055 3540 1289 3611 nullique
1311 3542 1567 3596 obnoxius
1601 3542 1764 3595 rather

565 3612 757 3681 Regius
788 3613 1025 3682 interitu,
1060 3612 1150 3681 qui
1180 3621 1372 3665 cuncta
1398 3621 1667 3682 movetque
1706 3611 1943 3682 regitque

564 3678 823 3737 Consilio.
861 3680 975 3735 Vox
1000 3678 1149 3735 nulla
1177 3691 1366 3750 potest,
1398 3678 1679 3744 sonitusve,
1730 3678 1821 3737 ncc
1853 3678 1997 3734 ullus

565 3751 777 3806 Hancce
805 3749 956 3807 Jovis
982 3749 1212 3807 sobolem
1236 3752 1511 3825 strepitus,
1539 3767 1631 3805 nec
1658 3751 1805 3822 {uina
1841 3752 2027 3806 latere.

557 3886 768 3953 Quibus
824 3884 1023 3940 aethera
1081 3885 1231 3944 Jovis
1281 3899 1406 3941 esse
1462 3895 1699 3943 mentem
1728 3884 2012 3955 perspicue
2035 3886 2133 3942 de-

560 3975 825 4033 claratur.
871 3971 981 4031 Iste
1028 3984 1210 4031 autem
1259 3991 1454 4033 rursus
1496 3976 1774 4033 aetheriam
1822 3978 2133 4047 aeriamque

559 4066 671 4121 vim
719 4064 990 4122 lunonem
1051 4080 1175 4123 esse
1234 4068 1428 4132 tradit,
1479 4082 1718 4139 moxque
1785 4068 2133 4125 distinctione

555 4169 716 4214 utens
741 4158 814 4214 ita
847 4158 1166 4230 subiungit:
1203 4178 1224 4212 ι
1262 4160 1341 4215 Ac
1368 4160 1451 4215 vis
1481 4159 1725 4231 quidem,
1758 4160 1957 4230 inquit,
1985 4160 2130 4216 aeris

554 4252 818 4317 universi,
855 4252 1023 4324 Ἥρα,
1056 4254 1161 4308 hoc
1186 4263 1272 4309 est
1296 4251 1461 4319 Juno,
1494 4253 1858 4323 appellatione
1902 4251 1973 4308 ab
2002 4268 2128 4308 aere

549 4341 733 4406 ducta,
765 4341 1078 4396 nominatur
1113 4358 1127 4407 ;
1169 4343 1289 4412 ejus
1340 4352 1520 4397 autem
1570 4342 1738 4406 aeris,
1783 4356 1946 4413 quem
1984 4340 2127 4397 infra

546 4430 733 4485 lunam
775 4433 938 4487 modo
991 4434 1314 4495 illuminari,
1348 4434 1512 4489 modo
1546 4434 1785 4490 tenebris
1837 4434 2124 4491 obscurari

545 4521 815 4586 videmus,
849 4520 1057 4577 Latona
1086 4524 1393 4593 symbolum
1434 4533 1538 4590 est,
1590 4526 1789 4596 quippe
1820 4540 1944 4596 quae
1974 4523 2123 4596 ληθώ

542 4614 814 4683 quaedam,
864 4613 918 4666 id
952 4621 1038 4667 est
1068 4614 1293 4677 oblivio,
1333 4615 1425 4680 sit,
1474 4616 1671 4684 partim
1719 4615 1867 4685 quod
1923 4616 2121 4672 animis

540 4705 672 4771 illis,
714 4719 854 4773 quos
883 4703 1025 4757 inl‘ra
1082 4704 1271 4758 lunam
1304 4706 1584 4774 procreari
1628 4706 1917 4776 contingit,
1948 4706 2120 4762 divini

538 4797 786 4852 numinis
820 4796 1025 4851 oblivio
1055 4796 1366 4851 comitetur.
1405 4797 1592 4867 Itaque
1630 4806 1805 4853 mater
1847 4798 2117 4867 Apollinis

2160 3545 2203 3601 ο
2235 3531 3292 3627 ἐνεῦξιδίὲἓιὶέξίεξξίέθρξνὲξσξέ’ποιεί
3314 3536 3553 3627 deis,“
3578 3539 3785 3627 αιθὶιρε

2268 3609 2322 3681 ρ
2344 3603 2432 3681 ᾷὴ-
2451 3603 2648 3681 πάντα
2676 3604 3016 3681 κυκλεῖ-καὶ
3041 3605 3334 3681 φρᾴζεταιξ
3356 3603 3501 3681 bace
3520 3603 3609 3676 τις
3636 3603 3821 3681 aii—6i},

2243 3671 2379 3728 σῡτ⁸
2406 3671 2620 3744 ἐνοπὴ,
2649 3674 2788 3744 οῠζε
2814 3671 3060 3738 κτύποςζ
3088 3676 3229 3744 οὐδὲ
3257 3679 3375 3744 μὲν
3403 3678 3585 3743 ὄσσα,

2243 3748 2312 3799 Ἦ
2336 3742 2507 3810 λήθει
2532 3737 2663 3807 Διὸς
2690 3737 2793 3795 υἷα
2820 3737 3149 3812 ὑπερμενέα
3179 3737 3486 3814 Κρόνίοηοα
3506 3737 3639 3822 (86).

2235 3875 2311 3929 Δι’
2341 3868 2417 3930 ὧν
2457 3874 2697 3944 σαφῶςὸ
2739 3874 2904 3947 αἰθὴρ
2943 3874 3069 3941 νοῦς
3101 3878 3384 3951 ἀνείρηται
3423 3881 3500 3940 ὢν
3544 3883 3640 3938 τοῦ
3673 3887 3816 3952 Διός.

2246 3968 2304 4019 '0
2336 3966 2395 4020 δὲ
2422 3965 2520 4037 τὴν
2549 3966 2724 4037 Ἥραν
2752 3966 2915 4020 πάλιν
2942 3966 3041 4039 τὴν
3084 3969 3323 4043 αἰθέριον
3364 3975 3459 4028 καὶ
3500 3976 3685 4049 ἀέριον
3723 3980 3823 4034 δύ-

2231 4076 2391 4128 ναμιν
2427 4053 2562 4112 εἷναί
2610 4075 2826 4129 φησιν.·
2860 4058 3052 4114 ἔπειτα
3091 4061 3316 4136 διαιρῶν
3350 4067 3619 4137 ἐπιλέγειο
3657 4089 3678 4123 ι
3709 4074 3824 4128 Καὶ

2228 4149 2324 4203 τοῦ
2360 4150 2458 4220 μὲν
2484 4150 2686 4213 παντὸς
2717 4149 2879 4223 ἀέρος
2921 4153 2954 4223 ή
2988 4152 3219 4225 δύναμις
3256 4157 3404 4229 Ἥρα
3434 4158 3671 4231 τοῦνομα
3704 4162 3819 4218 ἀπὸ

2218 4239 2319 4311 δοῦ
2351 4241 2510 4311 ἀέρος
2542 4240 2854 4314 κεκλημένη
2876 4260 2889 4274 ·
2926 4243 3021 4297 τοῦ
3066 4245 3124 4299 δὲ
3166 4246 3270 4299 ὑπὸ
3309 4247 3536 4319 σελήνην
3577 4250 3815 4319 φωτιζο-

2231 4334 2391 4404 μένου
2427 4334 2521 4385 καὶ
2569 4331 2952 4405 σκοτιζομένου
3006 4335 3168 4407 ἀέρος
3219 4339 3252 4408 ὴ
3299 4336 3461 4408 Λητὼ
3509 4338 3810 4409 σύμϐολονο

2225 4423 2372 4496 ληθὼ
2405 4424 2513 4495 γὰρ
2545 4424 2715 4497 αὐτὴν
2739 4420 2876 4481 εἶναι
2906 4426 2997 4480 διὰ
3033 4427 3131 4497 τὴν
3168 4427 3310 4482 κατά
3335 4429 3424 4482 τὸν
3458 4428 3624 4485 ὕπνον
3657 4433 3814 4488 ἀναι-

2227 4516 2486 4587 σθησίαν·
2541 4517 2635 4570 καὶ
2689 4519 2771 4572 ὅτι
2816 4519 3014 4590 ψυχαῖς
3073 4519 3179 4572 ὑπὸ
3224 4520 3452 4592 σελήνην
3496 4524 3809 4594 γινομέναις

2222 4609 2358 4681 λήθη
2397 4608 2721 4684 ξυνομαρτεῖ
2742 4608 2833 4664 τοῦ
2861 4609 3015 4663 Θείου
3035 4627 3048 4640 ’
3078 4610 3172 4663 καὶ
3200 4609 3291 4663 διά
3313 4611 3471 4666 τοῦτο
3503 4614 3599 4667 καὶ
3621 4618 3808 4690 μήτηρ

2234 4701 2562 4766 Ἀπόλλωνός
2592 4718 2652 4755 τε
2685 4702 2782 4755 καὶ
2817 4700 3131 4772 Ἀρτέμιδος
3155 4702 3264 4755 τῶν
3303 4702 3491 4758 αίτίων
3521 4709 3804 4777 φωτισμοῦ

2218 4797 2283 4866 τῇ
2307 4795 2479 4849 νυκτί.
2502 4814 2522 4847 ι
2542 4795 2654 4848 Καὶ
2674 4795 2733 4848 ἐν
2757 4792 2964 4855 τούτοις
3000 4793 3150 4863 ἡλίου
3191 4794 3285 4847 καὶ
3315 4797 3543 4868 σελήνης
3586 4798 3803 4870 μητέρα

536 4905 603 4945 ac
650 4890 856 4955 Dianae,
898 4905 928 4943 a
963 4890 1166 4959 quibus
1218 4891 1399 4944 noctis
1443 4890 1770 4947 illuminatio
1813 4891 2111 4958 derivatur,

2230 4887 2383 4957 φησὶν
2406 4883 2544 4940 εἶναι
2566 4886 2657 4940 τὸν
2683 4885 2788 4937 ὑπὸ
2820 4884 3049 4955 σελήνην
3083 4886 3252 4957 ἀέρα’
3297 4888 3485 4942 τοῦτον
3511 4889 3620 4960 γὰρ
3659 4885 3799 4945 εἶναι

533 4982 723 5037 eadem
748 4980 957 5036 Latona
985 4983 1288 5051 nuncupari
1322 4981 1481 5048 solet,
1515 5001 1535 5034 ι
1566 4982 1764 5051 quibus
1797 4982 1944 5038 aliud
1975 4984 2108 5038 nihil

536 5074 831 5143 signiﬁcari
867 5073 1034 5129 tradit
1058 5089 1222 5143 quam
1255 5087 1437 5128 aerem
1467 5074 1596 5128 luna
1646 5072 1963 5129 inferiorem
2011 5090 2107 5130 so-

533 5166 604 5219 lis
630 5180 693 5220 ac
717 5166 861 5220 luna:
881 5174 1162 5236 parentem
1207 5179 1349 5227 esse,
1379 5165 1599 5235 quippe,
1630 5166 1723 5236 qui
1768 5165 1972 5222 Latona
2011 5169 2101 5224 sit.

529 5257 783 5318 Atenim,
817 5256 1097 5326 quomodo
1137 5255 1355 5311 tandem
1385 5271 1479 5311 aer
1522 5271 1720 5327 parens
1758 5273 1948 5313 eorum
1980 5274 2103 5315 esse

529 5346 724 5414 possit,
759 5362 880 5416 quae
910 5348 1329 5405 illuminationis
1359 5364 1540 5404 causa:
1594 5363 1745 5418 sunt,
1797 5353 2095 5421 praesertim

529 5451 653 5490 cum
687 5436 947 5493 elﬁciatur
975 5441 1091 5510 ipse
1124 5442 1328 5511 potius,
1365 5457 1529 5512 quam
1556 5441 1782 5497 efﬁciat?
1808 5442 1969 5513 109
1999 5443 2095 5497 Sol

526 5528 672 5582 enim
726 5538 889 5599 atque
941 5533 1069 5587 luna
1119 5535 1327 5589 variam
1363 5549 1429 5589 ac
1479 5535 1835 5604 multiplicem
1871 5536 1926 5588 in
1973 5549 2100 5589 aere

525 5620 881 5675 mutationem
931 5637 996 5677 ac
1038 5621 1473 5679 vicissitudinem
1516 5622 1775 5679 elliclunt.
1824 5621 1942 5677 Jam
1969 5635 2099 5676 vero

519 5737 526 5775 ‘
744 5746 903 5813 Νοῦς
923 5746 1221 5824 ᾷχγει-ευς
1244 5752 1524 5822 integritas
1546 5752 1807 5822 postulat,
1832 5761 1889 5807 ut
1912 5764 2099 5821 supra,

521 5816 646 5943 ⁸νοῦς
671 5816 729 5869 δέ
760 5833 844 5886 γε,
876 5819 958 5873 vel
982 5818 1039 5870 δέ
1070 5834 1150 5873 τε.

2213 4978 2310 5051 τὴν
2355 4978 2536 5051 Λητώ.
2584 4978 2696 5031 Καὶ⁵
2729 4975 2848 5041 πῶς
2889 4976 2955 5030 ἂν
2993 4979 3023 5031 6
3064 4978 3172 5050 ἀὴρ
3202 4980 3411 5047 γένοιτο
3459 4982 3640 5053 μήτηρ
3686 4982 3799 5037 τῶν

2211 5073 2400 5126 αἰτίων
2431 5068 2735 5141 φωτισμοῦ,
2777 5070 2977 5141 μᾶλλον
3014 5071 3176 5135 αὐτὸς
3201 5073 3484 5144 γινόμενος
3518 5075 3552 5145 ἢ
3587 5074 3792 5141 ποιῶν;

2206 5163 2356 5233 ἥλιος
2396 5163 2503 5234 γάρ
2532 5162 2627 5215 καὶ
2673 5161 2867 5232 σελήνη
2900 5161 3087 5216 ἄλλοτε
3124 5163 3297 5228 ἄλλως
3337 5165 3426 5217 τὸν
3456 5165 3594 5238 ἀέρα
3626 5181 3792 5235 μετα-

2207 5253 2477 5308 ϐάλλουσι.
2542 5251 2711 5304 Πάλιν
2771 5250 2829 5304 δὲ
2871 5251 3074 5323 προῖὼν
3141 5253 3267 5323 ἑξῆς
3312 5256 3481 5324 λέγει·
3522 5274 3542 5307 ι
3581 5255 3692 5310 Καὶ
3731 5254 3795 5307 τὸ

2209 5343 2308 5413 μὲν
2340 5343 2664 5414 ἡγεμονικὸν
2704 5342 2805 5413 τῆς
2846 5341 3062 5413 χθονίας
3111 5344 3413 5416 δυνάμεως,
3477 5346 3662 5399 Ἐστία
3699 5347 3793 5399 κέ-

2206 5431 2489 5507 κληται,ἦς
2517 5434 2735 5505 ἄγαλμα
2766 5434 3091 5507 παρθενικδν
3118 5438 3205 5507 ἐφ’
3228 5437 3412 5501 ἑστίας
3445 5436 3615 5509 πυρὸς
3639 5436 3787 5507 ἱδρύ-

2211 5542 2390 5596 μενον·
2423 5525 2558 5579 καθὸ
2601 5524 2657 5578 δὲ
2703 5526 2923 5595 γόνιμος
2952 5529 2986 5598 ή
3019 5527 3267 5598 δύναμις,
3309 5529 3665 5598 σημαίνουσιν
3694 5530 3791 5581 αὐ-

2206 5618 2306 5689 τὴν
2331 5617 2584 5684 γυναικὸς
2613 5616 2743 5670 εἴδει
2787 5618 2892 5688 πρὸ
2932 5620 3158 5689 μαστοῦ.
3191 5620 3302 5690 Τὴν
3332 5621 3388 5671 δὲ
3430 5620 3586 5672 Ῥέαν
3618 5635 3788 5690 προσ-

2284 5748 2396 5826 (Sli)
2450 5749 2797 5819 Ὑπερμενέα
2832 5753 3150 5820 Κρονίωνα.
3195 5751 3408 5818 Melius,
3450 5753 3661 5826 ὑπερμε
3699 5752 3786 5815 ἐος

2120 5900 2138 5910 ,
2209 5820 2537 5895 Κρονίωνος,
2575 5831 2631 5875 ut
2662 5836 2847 5890 supra.
