4156 6376
327 297 429 356 197

1490 294 1809 352 ΡΒᾸΞΡᾹΠ.
1851 294 2102 351 EVANG.
2148 293 2275 349 LIB.
2317 292 2407 349 Ill.

3482 284 3589 341 198

322 421 478 473 εῑπον
519 416 620 489 τὴν
664 415 764 488 τῆς
812 414 1119 489 πετρώδους
1159 414 1258 470 καὶ
1299 414 1475 487 ὀρείου
1504 415 1610 485 γῆς
1653 413 1895 484 δύναμιν·

2009 415 2082 469 ita
2107 414 2366 480 deinceps
2393 410 2495 464 iste
2524 406 2910 479 prosequitur:
2948 426 2967 460 ι
2994 407 3053 462 ld
3075 404 3222 476 quod
3248 411 3352 468 est,
3384 403 3583 473 inquit,

318 506 419 580 τήν
443 508 501 563 δὲ
531 510 821 580 Δήμητραν
845 509 945 577 τὴν
986 507 1088 578 τῆς
1129 506 1350 576 πεδινῆς
1392 506 1488 563 καὶ
1518 503 1767 575 γονίμου.
1801 506 1911 575 Δη-

323 601 507 673 μήτηρ
545 599 605 654 δὲ
641 599 712 653 τά
745 599 845 671 μὲν
885 599 1019 654 ἄλλα
1047 599 1189 655 κατά
1228 598 1297 652 τά
1332 598 1472 652 αὑτά
1504 597 1617 669 ἔχει
1645 600 1715 668 τῇ
1760 596 1905 668 Ῥέᾳ·

318 690 591 762 διενήνοχε
613 691 690 757 δὲ,
719 693 800 745 ὅτι
825 692 859 763 ἡ
884 692 1021 764 αὑτὴ
1052 693 1175 745 κυεῖ
1203 690 1301 762 τὴν
1323 690 1510 761 Κόρην
1531 692 1595 743 ὲκ
1615 690 1759 753 Διὸς,
1788 705 1911 742 του-

317 782 467 835 τέστι
518 781 608 835 τὸν
648 782 810 854 κόρον
861 785 927 836 ἐκ
967 782 1076 835 τῶν
1125 780 1489 853 φρυγανωδῶν
1552 778 1904 851 σπερμάτων.

317 871 409 924 Διὸ
440 872 535 924 καὶ
566 871 933 926 κατέστεπται
965 873 1025 924 τὸ
1060 872 1258 943 βρέτας
1300 871 1471 941 αὐτῆς
1503 872 1615 933 τοῖς
1652 869 1905 939 στάχυσι,

322 964 573 1036 μήκωνές
603 982 663 1018 τε
699 964 825 1034 περ)¹
857 964 1026 1035 αὐτὴν
1065 963 1166 1032 τῆς
1196 960 1517 1029 πολυγονίας
1552 959 1837 1030 σύμϐολον.
1879 977 1901 1010 ›

317 1053 612 1108 Κάνταῦθα
647 1054 807 1108 πάλιν
836 1054 1046 1117 σκόπει,
1079 1053 1199 1106 τίνα
1232 1053 1435 1123 τρόπον
1468 1051 1566 1123 τὴν
1610 1051 1766 1104 Ῥέαν
1802 1067 1906 1122 μη·-

315 1144 451 1217 τέρα
484 1144 622 1199 θεῶν
661 1144 978 1215 λεγομένην,
1010 1145 1105 1197 καὶ
1134 1143 1295 1198 αὑτοῦ
1324 1143 1418 1197 τοῦ
1446 1143 1588 1207 Διὸς,
1618 1143 1767 1196 κάτω
1801 1160 1902 1196 που

316 1237 447 1309 περὶ
480 1239 686 1309 πέτρας
712 1237 806 1290 καὶ
830 1236 934 1305 γῆν
964 1235 1357 1306 καταϐέϐληκε,
1382 1234 1478 1287 καὶ
1508 1233 1688 1287 πάντα
1718 1232 1904 1306 φύρων

315 1327 414 1398 τὴν
456 1327 625 1397 αὐτὴν
657 1322 797 1380 εἷναί
841 1344 973 1396 φησι
1016 1328 1083 1397 τῇ
1120 1325 1389 1396 Δήμητρι,
1412 1321 1583 1393 πλὴνι
1610 1325 1690 1377 ὅτι
1724 1323 1902 1395 διενη-

315 1436 459 1489 νοχε,
494 1418 652 1483 καθὸ,
685 1418 871 1488 φησιν,
902 1418 934 1486 ἠ
969 1419 1235 1489 Δημήτηρ
1261 1419 1326 1470 ἐκ
1364 1417 1483 1479 Διὸς
1515 1419 1637 1469 κυεῖ
1667 1416 1764 1488 τὴν
1792 1417 1902 1471 K6-

318 1527 436 1583 ρην·
473 1508 657 1580 ὥςπερ
697 1506 792 1562 οὖν
820 1510 852 1580 ἡ
881 1509 1069 1574 πεδιὰς
1104 1511 1173 1580 γῆ
1203 1508 1295 1562 τὸν
1339 1509 1499 1580 κόρον
1527 1511 1592 1561 ὲκ
1623 1508 1730 1561 τῶν
1765 1526 1903 1580 φρυ-

313 1597 568 1667 γανωδῶν
602 1597 1127 1670 σπερμάτων.ι”ῐδού
1166 1615 1248 1651 σοι
1288 1598 1449 1652 πάλιν
1488 1599 1516 1650 6
1548 1600 1682 1661 Ζεὺς
1721 1600 1802 1663 είς
1833 1599 1902 1653 τὰ

313 1691 637 1762 φρυγανὼδη
689 1693 980 1765 σπέρματα
1035 1692 1450 1763 μεταϐέϐληται.
1505 1691 1727 1755 Τούτοις
1776 1692 1903 1762 ἑξῆς

312 1786 884 1854 ἐπισυνάπτειλὲγων·
929 1804 951 1837 ι
997 1785 1151 1838 Ἐπεὶ
1174 1786 1231 1838 δὲ
1257 1785 1350 1838 καὶ
1372 1783 1481 1837 τῶν
1515 1785 1596 1846 είς
1632 1785 1735 1855 γῆν
1774 1784 1844 1853 βα

310 1870 552 1942 λομένων
595 1874 925 1944 σπερμάτων
966 1870 1037 1944 ἦν
1077 1890 1162 1936 τις
1209 1873 1457 1943 δύναμις,
1487 1873 1554 1943 ἣν
1582 1872 1730 1943 ἣλιος
1775 1876 1903 1945 περὶ

313 1964 373 2017 τὸ
404 1963 555 2018 κάτω
580 1963 936 2035 ἡμισφαίριον
959 1962 1053 2017 ίὼν
1081 1963 1229 2017 ἕλκει
1260 1964 1403 2019 κατά
1444 1965 1543 2028 τὰς
1582 1966 1902 2036 χειμερινὰς

310 2055 538 2127 τροπὰς,
566 2057 720 2128 Κόρη
756 2057 854 2126 μὲν
880 2057 915 2127 ἡ
942 2056 1171 2127 δύναμις
1194 2058 1226 2127 ἡ
1261 2056 1696 2128 σττερματοῦχος,
1729 2056 1902 2110 Πλού-

309 2164 419 2200 των
451 2148 509 2200 δὲ
540 2150 568 2201 6
592 2147 697 2200 ὑπὸ
726 2148 830 2218 γῆν
861 2147 956 2203 ίὼν
990 2147 1162 2218 ἥλιος,
1194 2148 1291 2201 καὶ
1325 2147 1416 2201 τὸν
1462 2149 1644 2219 ἀφανῆ
1687 2165 1902 2223 περινο-

313 2237 457 2292 στῶν
494 2238 719 2308 κόσμον,
766 2238 976 2301 καὶτὰς
1003 2238 1319 2311 χειμερίους
1352 2241 1587 2311 τροπάς·
1620 2240 1679 2304 ὃς
1720 2239 1901 2311 ἀρπά-

311 2326 431 2394 ζειν
478 2329 696 2397 λέγεται
732 2328 831 2400 τὴν
870 2329 1075 2400 Κόρην,
1117 2331 1183 2400 ἢν
1221 2330 1431 2400 ποθεῖὴ
1473 2332 1736 2403 Δημήτηρ
1765 2348 1899 2404 κρυ-

312 2415 591 2487 πτομένην
621 2416 724 2468 ὑπὸ
745 2416 867 2486 γῆν.
897 2416 1019 2470 Τῶν
1048 2416 1105 2469 δὲ
1135 2418 1473 2489 ἀκροδρύων,
1503 2419 1599 2472 καὶ
1625 2420 1763 2484 ϐλως
1787 2419 1899 2475 τῶν

313 2504 647 2572 φυτευτικῶν
693 2507 725 2577 ή
770 2504 1018 2577 δύναμις,
1075 2506 1326 2567 Διόνυσος
1365 2508 1705 2579 ὀνομάζεται.
1756 2511 1898 2582 Ὀρα

308 2591 367 2646 δὲ
420 2593 513 2646 καὶ
553 2593 757 2647 τούτων
802 2594 900 2658 τάς
939 2594 1175 2658 εἰκόνας.
1224 2595 1476 2666 Σύμϐολα
1518 2597 1626 2671 γάρ
1668 2601 1701 2670 ἡ
1742 2600 1894 2673 Κόρη

310 2683 463 2754 φέρει
488 2684 587 2755 τῆς
615 2683 887 2755 προϐολῆς
908 2683 1015 2737 τῶν
1039 2685 1180 2738 κατά
1201 2687 1327 2750 τοὺς
1350 2688 1598 2759 καρποὺς
1628 2690 1768 2761 ὑπὲρ
1796 2691 1896 2762 τὴν

308 2775 411 2844 γῆν
456 2773 757 2843 ἐκφύσεων·
802 2777 831 2829 6
878 2775 936 2829 δὲ
982 2776 1234 2840 Διόνυσος
1288 2778 1444 2832 κοινὰ
1481 2779 1581 2850 μὲν
1619 2782 1755 2853 πρὸς
1795 2782 1895 2853 τὴν

307 2865 493 2937 Κόρην
521 2865 635 2937 ἔχει
660 2867 729 2921 τὰ
771 2867 998 2939 κέρατα,
1030 2868 1147 2921 ἔστι
1182 2868 1241 2923 δὲ
1275 2869 1641 2943 θηλύμορφος,
1676 2872 1896 2943 μηνύων

307 2954 407 3026 τὴν
453 2957 580 3026 περὶ
629 2957 729 3029 τὴν
773 2958 986 3026 γένεσιν
1027 2958 1134 3011 τῶν
1167 2960 1483 3033 ἀκροδρύων
1530 2962 1896 3036 ἀρῤενόθηλυν

1845 1751 1902 1837 ᾖ
1936 1751 1975 1804 ις

2012 505 2067 559 in
2108 514 2324 558 terrena
2342 502 2395 555 vi
2430 501 2684 570 princeps
2711 508 2875 569 atque
2905 497 3252 570 primarium,
3292 494 3447 550 Vesta
3484 508 3586 547 uo-

2010 595 2271 658 minatur,
2307 591 2468 660 cujus
2503 591 2861 645 simulacrum
2893 590 3131 660 virginea
3184 587 3366 656 specie
3424 586 3582 654 juxta

2010 684 2190 739 focum
2220 680 2445 736 excitari
2475 680 2843 749 collocarique
2868 679 3005 734 solet
3033 695 3047 731 :
3078 686 3353 746 quatenus
3393 684 3580 728 autem

2009 772 2241 829 fecunda
2275 772 2361 825 vis
2389 770 2479 823 illa
2508 778 2613 832 est,
2644 771 2888 824 eamdem
2947 769 3342 822 uberumtenus
3382 763 3584 817 mulie-

2009 865 2090 919 bri
2132 863 2306 918 forma
2334 876 2648 942 expressam
2679 861 2989 914 voluerunt.
3028 855 3095 911 Et
3140 854 3309 925 Opem
3360 854 3583 923 quidem

2009 955 2240 1024 lapidosi
2276 969 2340 1008 ac
2365 953 2631 1017 montani,
2666 951 2922 1006 Cererem
2955 963 3086 1003 vero
3132 947 3278 1017 plani
3304 946 3584 1016 ejusdem-

2006 1061 2113 1117 que
2138 1045 2335 1101 l‘eracis
2368 1046 2468 1100 soli
2515 1046 2627 1098 vim
2670 1043 3029 1112 appellarunt.
3077 1038 3213 1093 Nam
3248 1038 3415 1094 Ceres
3455 1054 3581 1093 cum

2005 1150 2197 1194 caetera
2240 1139 2401 1208 plane
2440 1140 2624 1193 omnia
2669 1150 2794 1189 cum
2832 1132 2952 1203 Ope
2997 1132 3312 1187 communia
3364 1132 3581 1193 habeat,

2005 1239 2120 1284 tum
2153 1231 2257 1284 hoc
2282 1231 2352 1284 ab
2377 1229 2468 1282 illa
2498 1226 2706 1290 diﬂ'ert,
2727 1225 2872 1293 quod
2906 1225 3024 1293 ipsa
3058 1223 3263 1294 Κόρην,
3298 1221 3583 1291 Proserpi-

2007 1337 2133 1376 nam
2163 1337 2229 1375 ex
2260 1318 2416 1383 Jove,
2451 1319 2557 1374 hoc
2596 1328 2680 1372 est
2727 1316 2909 1387 κόρον,
2935 1324 3210 1369 recentem
3236 1323 3291 1370 et
3319 1314 3582 1369 tenellum

2003 1427 2072 1466 ex
2101 1413 2431 1465 crcmiorum
2468 1426 2532 1465 ac
2578 1418 2905 1464 czeterorum
2962 1407 3281 1477 hujusmodi
3321 1406 3586 1476 virgulto-

2002 1518 2125 1556 rum
2162 1502 2465 1556 seminibus
2512 1516 2725 1554 ramum
2770 1499 2966 1552 educat
3009 1517 3023 1552 :
3075 1513 3198 1568 quae
3223 1513 3390 1554 causa
3416 1499 3583 1554 etiam

2004 1604 2108 1656 est,
2147 1592 2504 1663 quamobrem
2534 1592 2706 1660 ipsius
2735 1590 2939 1660 elligies
2971 1591 3136 1660 spicis
3169 1599 3487 1654 coronetur,
3519 1604 3584 1646 ac

2004 1683 2403 1753 papaveribus,
2473 1697 2595 1751 quae
2659 1696 2873 1751 magnae
2932 1680 3284 1737 fecunditatis
3332 1681 3585 1753 symboitt

2004 1782 2152 1839 sunt,
2204 1774 2496 1828 ambiatur.
2542 1792 2562 1824 ι
2631 1770 2732 1826 llic
2785 1788 3004 1828 rursum
3052 1774 3292 1839 videsis,
3352 1774 3582 1843 amabo,

2002 1862 2461 1932 quemadmodum
2492 1861 2594 1916 iste
2619 1858 2789 1930 Opem
2809 1862 2980 1927 illam,
3011 1878 3152 1934 quae,
3187 1879 3313 1919 cum
3342 1873 3574 1920 caetero-

2002 1970 2124 2009 rum
2158 1958 2447 2009 numinum
2477 1992 2491 2019 ,
2520 1963 2634 2008 tum
2669 1953 2843 2022 ipsius
2867 1953 3019 2010 Jovis
3050 1965 3227 2011 mater
3256 1956 3581 2025 appellatur,

2001 2046 2262 2099 deorsum
2313 2045 2368 2098 in
2426 2060 2560 2100 saxa
2610 2051 2925 2113 terramque
2958 2045 3239 2114 abiecerit,
3289 2048 3585 2116 omniaque

2001 2136 2240 2192 miscens
2291 2146 2455 2207 atque
2494 2135 2859 2203 confundens,
2915 2139 3163 2193 eamdem
3214 2139 3360 2193 illam
3391 2139 3583 2196 fecerit

2001 2242 2166 2297 quam
2195 2227 2478 2295 Cererem,
2513 2228 2618 2284 hoc
2648 2237 2861 2283 tantum
2895 2229 3236 2294 discrimine,
3298 2231 3446 2303 quod
3472 2231 3581 2288 Ce-

1998 2336 2108 2386 res,
2140 2322 2340 2392 inquit,
2370 2320 2755 2391 Proserpinam
2783 2336 2851 2377 ex
2876 2321 3009 2379 Jove
3058 2325 3257 2395 pariat,
3301 2329 3578 2397 quomodo

1999 2412 2212 2469 scilicet
2238 2414 2461 2483 planum
2497 2421 2660 2469 terra;
2686 2415 2866 2470 solum
2894 2430 2962 2471 ex
2995 2419 3328 2472 crcmiorum
3362 2420 3578 2489 virgul-

1998 2512 2291 2576 torumque
2322 2505 2625 2563 seminibus
2656 2523 2850 2565 recens
2899 2522 2964 2563 ac
3015 2508 3293 2564 novellum
3348 2525 3574 2579 germen

1997 2595 2199 2651 educit.
2247 2594 2388 2652 Ecce
2430 2597 2529 2652 tibi
2565 2596 2780 2670 Jupiter
2813 2600 2868 2654 in
2900 2599 3232 2653 crcmiorum
3291 2600 3456 2654 etiam
3512 2618 3577 2659 ac

1995 2686 2357 2757 virgultorum
2385 2688 2594 2744 semina
2624 2698 3014 2746 commutatus.
3047 2689 3277 2757 Verum,
3304 2706 3426 2761 quae
3445 2693 3577 2747 sub-

1996 2775 2219 2847 iungat,
2280 2778 2574 2835 audiamus
2606 2798 2618 2834 :
2672 2797 2692 2832 ι
2734 2779 2802 2835 Et
2830 2782 3115 2851 quoniam,
3144 2782 3343 2852 inquit,
3382 2797 3574 2838 eorum

1997 2867 2292 2933 seminum,
2323 2883 2446 2938 quae
2476 2880 2635 2925 terrae
2669 2868 3107 2936 committuntur,
3139 2872 3220 2927 vis
3251 2874 3498 2942 quaedam
3521 2883 3577 2930 et

1996 2954 2291 3011 eiﬁcacitas
2316 2966 2421 3023 est,
2454 2974 2618 3029 quam
2651 2960 2735 3014 sol
2769 2961 2834 3014 ad
2861 2959 3093 3014 inferius
3126 2960 3571 3029 hemisphaerium

305 3044 554 3143 δύναμιν.
600 3038 853 3143 Πλούτων
879 3048 937 3101 δὲ
980 3052 1009 3102 ὁ
1044 3048 1230 3120 Κόρης
1256 3050 1439 3122 ἅρπαξ
1471 3052 1619 3107 κύων
1649 3053 1762 3124 (87)
1796 3054 1895 3126 μὲν

1997 3046 2384 3116 progrediens,
2427 3049 2574 3103 circa
2623 3048 2859 3105 hiemale
2904 3049 3200 3104 solstitium
3246 3066 3432 3106 secum
3464 3067 3574 3108 una

306 3132 422 3204 ἔχει
447 3132 543 3187 τοῦ
571 3134 812 3205 ἀφανοῦς
844 3137 1007 3191 πόλου
1034 3137 1321 3209 σύμϐολον·
1356 3140 1418 3193 τὸ
1444 3140 1504 3195 δὲ
1528 3142 1803 3215 σκῆπτρον
1834 3142 1895 3199 τὸ

1996 3136 2224 3203 deferat,
2255 3136 2584 3209 Proserpina
2622 3140 2845 3211 quidem
2885 3141 2967 3195 vis
3024 3141 3116 3195 illa
3163 3150 3247 3197 est
3298 3142 3571 3198 seminum

304 3225 528 3278 κολοϐὸν
560 3228 785 3296 σημεῖον
814 3227 916 3297 τῆς
948 3227 1056 3282 τῶν
1081 3229 1231 3283 κάτω
1263 3229 1558 3300 βασιλείας·
1592 3234 1622 3286 6
1647 3232 1708 3289 δὲ
1748 3232 1897 3289 κύων

303 3315 471 3370 αὑτοῦ
499 3316 652 3388 δηλοῖ
673 3319 772 3389 τὴν
801 3318 998 3390 κύησιν
1025 3320 1135 3375 τῶν
1164 3323 1413 3393 καρπῶν,
1443 3326 1524 3389 εἰς
1558 3326 1684 3397 τρία
1709 3325 1898 3400 διῃρη-

307 3407 499 3479 μένην,
529 3409 610 3473 είς
642 3407 739 3480 τὴν
763 3410 1087 3484 καταϐολὴν,
1113 3412 1209 3465 καὶ⁹
1234 3414 1332 3485 τὴν
1366 3414 1653 3486 ὑποδοχὴν,
1675 3417 1771 3472 καὶ
1796 3417 1896 3489 τὴν

302 3499 573 3555 ἀνάδοσιν.
628 3501 704 3554 Οὐ
748 3501 858 3573 γὰρ
905 3503 1058 3573 παρά
1110 3502 1174 3556 τὸ
1212 3502 1311 3566 τὰς
1344 3504 1523 3574 κῆρας
1564 3504 1711 3576 ἔχειν
1759 3507 1897 3580 πρὸς

307 3589 535 3662 βορρᾶν,
556 3592 585 3645 ὃ
608 3592 759 3663 δηλοῖ
782 3594 882 3658 τὰς
903 3593 1101 3665 ψυχὰς,
1129 3593 1391 3665 κέκληται
1408 3594 1577 3660 κύων,
1593 3596 1728 3651 ἀλλά
1744 3598 1896 3669 παρά

299 3684 370 3737 τὸ
391 3688 562 3749 κυεῖν,
588 3687 622 3756 ἡ
644 3688 874 3758 χορηγὸς
897 3686 1009 3759 (88)
1038 3690 1066 3741 6
1088 3686 1362 3755 Πλούτων,
1390 3688 1517 3742 ὅταν
1545 3689 1767 3763 ἁρπάσῃ
1793 3691 1894 3761 τὴν

302 3776 513 3847 Κόρην.
540 3777 726 3840 Ἀττις
762 3777 817 3831 δὲ
846 3779 941 3831 καὶ
981 3777 1208 3844 ΙἈδωνις
1251 3782 1317 3852 τῇ
1355 3779 1465 3834 τῶν
1517 3781 1744 3852 καρπῶν
1784 3777 1893 3835 εἷεν

299 3869 571 3942 ἀναλογίᾳ
599 3870 985 3942 προσήκοντες.
1021 3867 1159 3923 Ἀλλ’
1200 3871 1230 3923 6
1263 3872 1361 3943 μὲν
1391 3871 1578 3935 Ἄττις
1615 3871 1724 3925 τῶν
1752 3871 1894 3927 κατά

296 3963 369 4017 τὸ
396 3962 498 4034 ἔαρ
530 3962 973 4034 προφαινομένων
996 3960 1193 4027 ἀνθῶν,
1228 3963 1322 4017 καὶ
1350 3963 1480 4035 πρὶν
1515 3963 1892 4035 τελεσιογονῆα

303 4072 401 4109 σαι
447 4055 558 4127 (89)
599 4054 978 4126 διαρῤεὸντων.
1024 4053 1186 4106 Ὅθεν
1236 4054 1331 4107 καὶ
1386 4052 1484 4125 τὴν
1516 4053 1625 4107 τῶν
1679 4052 1892 4107 αἰδοίων

298 4146 591 4217 ἀποκοπὴν
622 4144 770 4216 αὐτῷ
802 4142 1224 4215 προσανέθεσαν,
1263 4142 1338 4214 μὴ
1368 4142 1688 4213 φθασάντων
1719 4144 1891 4198 ἐλθεῖν

297 4234 415 4291 τῶν
455 4232 684 4306 καρπῶν
731 4234 811 4296 είς
853 4231 949 4303 τὴν
996 4230 1373 4303 σπερμτικὴν
1424 4230 1718 4287 τελείωσιν·
1759 4235 1788 4286 6
1834 4233 1919 4289 δὴ

309 4324 543 4387 ’Ἄδωνις
570 4323 667 4394 τῆς
698 4321 807 4375 τῶν
835 4320 1054 4374 τελείων
1078 4320 1305 4392 καρπῶν
1333 4320 1572 4391 ὲκτομῆς
1602 4320 1885 4392 σύμϐολον.

1997 3231 2392 3298 conservatrix,
2428 3232 2589 3288 Pluto
2621 3248 2754 3288 vero
2779 3234 2883 3300 sol,
2914 3233 3011 3303 qui
3036 3235 3183 3290 circa
3216 3235 3431 3291 brumze
3463 3237 3572 3290 sol-

1997 3322 2230 3390 stitium,
2258 3323 2363 3379 sub
2392 3332 2595 3379 terram
2646 3339 2988 3391 commeans,
3038 3325 3297 3381 latentem
3330 3335 3385 3381 et
3414 3327 3573 3397 igno-

1998 3422 2112 3468 tum
2143 3414 2333 3469 orbem
2380 3413 2771 3470 circumeundo
2799 3425 3071 3485 peragrat.
3103 3418 3280 3489 Atque
3320 3417 3407 3472 his
3434 3417 3570 3472 Pro-

1996 3506 2272 3575 serpinam
2307 3507 2556 3576 rapuisse
2587 3515 2874 3577 propterea
2921 3508 3145 3573 dicitur,
3202 3525 3368 3580 quam
3403 3509 3569 3566 Ceres

1996 3597 2098 3653 sub
2132 3607 2273 3652 terra
2302 3597 2679 3653 absconditam
2710 3613 2929 3654 summo
2962 3600 3237 3656 desiderio
3264 3615 3567 3671 prosequa-

1995 3695 2106 3742 tur.
2140 3686 2211 3741 At
2235 3702 2362 3742 vero
2397 3686 2670 3743 fructuum
2699 3690 2833 3756 vim,
2862 3704 2973 3744 non
3013 3704 3205 3747 eorum
3246 3692 3410 3747 modo
3443 3693 3566 3763 qui-

1993 3775 2098 3830 bus
2125 3775 2258 3845 ligni
2287 3776 2467 3831 simile
2499 3787 2757 3846 putamen
2810 3786 2915 3843 est,
2950 3780 3069 3834 ‘sed
3102 3782 3267 3836 etiam
3316 3783 3564 3837 omnium

1997 3867 2223 3922 omnino
2247 3866 2343 3937 qui
2389 3881 2456 3921 ex
2486 3868 2687 3937 plantis
2737 3869 3018 3935 oriuntur,
3064 3869 3337 3927 Bacchum
3383 3874 3564 3944 appel-

1993 3955 2127 4011 lant.
2172 3955 2252 4011 Ac
2288 3956 2424 4010 mihi
2478 3965 2534 4010 tu
2586 3972 2777 4011 eorum
2832 3959 3101 4030 imagines
3170 3965 3561 4031 contemplare.

1990 4043 2127 4100 Nam
2156 4045 2478 4115 Proserpina
2507 4048 2724 4115 quidem
2750 4049 2995 4118 symbola
3043 4049 3147 4105 fert
3180 4052 3563 4109 exsistentium

1992 4153 2155 4207 supra
2188 4146 2386 4192 terram
2417 4154 2448 4193 a
2478 4147 2721 4195 semente
2759 4140 3066 4210 germinum
3109 4159 3124 4195 :
3171 4140 3422 4198 Bacchus
3461 4160 3560 4199 au.

1992 4234 2125 4294 tem,
2158 4227 2248 4282 cui
2302 4229 2615 4282 communia
2666 4238 2797 4283 sunt
2844 4243 2967 4282 cum
2996 4230 3184 4284 eadem
3233 4228 3562 4302 Proserpina

1991 4335 2218 4385 cornua,
2244 4322 2498 4376 muliebri
2525 4322 2704 4391 specie
2738 4321 2978 4391 tingitur,
3006 4332 3067 4374 ut
3094 4320 3204 4375 vim
3238 4321 3407 4386 illam,
3441 4340 3565 4394 qua:

313 4424 379 4477 ’O
402 4422 459 4475 δὲ
491 4420 742 4491 Σειληνὸς
771 4416 1037 4489 σύμϐολον
1062 4416 1161 4487 τῆς
1189 4417 1563 4488 πνευματικῆς
1596 4418 1884 4488 κινήσεως,

1996 4414 2299 4483 plantarum
2333 4412 2599 4469 fructibus
2629 4414 2790 4478 inest,
2821 4427 2886 4466 ex
2929 4412 3172 4467 mascula
3219 4412 3565 4486 femineaque

298 4515 408 4569 οὐκ
422 4513 579 4581 ὀλίγα
602 4508 1047 4582 συμϐαλλομένης
1078 4506 1158 4578 τῷ
1185 4507 1365 4560 παντί.
1400 4507 1652 4578 Σύμϐολα
1687 4508 1745 4561 δέ
1770 4509 1884 4561 ἐστι

298 4607 372 4661 τὸ
404 4607 502 4678 μὲν
530 4603 784 4675 φίλανθον
823 4601 916 4655 καὶ
946 4600 1194 4654 στιλπνὸν
1222 4598 1365 4653 κατά
1395 4597 1492 4670 τὴν
1520 4598 1761 4670 κεφαλὴν
1785 4599 1885 4669 τῆς

297 4698 559 4770 οὐρανίου
612 4694 949 4767 περιφορᾶς,
1000 4693 1034 4764 ἠ
1077 4691 1135 4745 δὲ
1178 4690 1535 4764 περικειμένη
1584 4690 1729 4760 κόμη
1770 4692 1885 4753 τοῖς

297 4790 460 4846 κάτω
494 4788 714 4859 μέρεσιν
746 4784 911 4838 αὐτοῦ
943 4784 1250 4854 ὑπόδειγμα
1292 4781 1394 4851 τῆς
1439 4782 1729 4852 προσγείου
1757 4780 1884 4851 περὶ

290 4882 397 4935 τὸν
427 4879 565 4950 ἀέρα
597 4876 926 4947 παχύτητος.
967 4873 1121 4925 Ἐπεὶ
1154 4872 1211 4925 δὲ
1237 4871 1340 4941 τῆς
1368 4871 1462 4924 καὶ
1496 4868 1760 4940 μαντικῆς
1795 4868 1885 4921 δυ-

293 4967 525 5040 νάμεώς
550 4983 633 5030 τις
662 4966 885 5038 μέτοχος
913 4959 979 5034 ἦν
1011 4961 1259 5032 δύναμις,
1293 4960 1462 5031 Θέμις
1498 4960 1595 5030 μὲν
1626 4957 1884 5028 κέκληται

293 5063 338 5133 ἠ
363 5059 610 5130 δύναμις,
634 5056 715 5128 τῷ
741 5056 808 5110 τὰ
833 5054 1122 5125 τεθειμένα
1151 5053 1246 5107 καὶ
1277 5052 1494 5121 ἑκάστῳ
1539 5050 1766 5121 κείμενα
1797 5049 1885 5102 λέ-

379 5237 494 5311 (87)
530 5237 721 5311 [ﬁdem
761 5232 953 5311 Mont._,
981 5231 1140 5285 κύνα.
1172 5227 1214 5282 Ε
1233 5243 1511 5311 manuser.
1533 5226 1689 5311 alter,
1709 5223 1879 5311 κυῶν,

290 5294 612 5380 κΰναίμέν.
640 5306 792 5380 Alter
823 5294 1013 5380 κυνῆν,
1044 5314 1318 5380 quaavera
1371 5299 1501 5380 mihi
1558 5297 1718 5380 lectio
1762 5294 1879 5380 visa

292 5367 414 5438 est.
442 5367 569 5434 ΟἰὊὶ
617 5376 762 5430 enim
809 5367 1016 5442 galeam
1060 5367 1332 5442 intelligit,
1371 5367 1515 5442 Sane
1553 5367 1716 5442 paulo
1758 5373 1882 5442 post

291 5436 479 5513 addit,
525 5461 715 5501 canem
762 5436 909 5498 aliud
954 5436 1521 5513 quoddam'Plutonis
1568 5436 1876 5507 symbolum

291 5522 502 5659 “1955'
543 5588 605 5642 Ἡ
640 5584 914 5659 χορῃγός.
959 5581 1018 5659 Si
1058 5579 1198 5659 nihil
1240 5577 1467 5659 omnino
1494 5576 1666 5659 deest,
1695 5574 1877 5659 legen-

288 5645 440 5718 dum
473 5645 1053 5730 ’νίόειὰ’ν’ᾖ’χορηγρς.
1081 5651 1133 5730 id
1172 5657 1273 5730 est,
1302 5663 1435 5730 qua,
1461 5645 1558 5727 .vel
1605 5652 1875 5730 quatenus

294 5714 426 5788 vim
447 5744 566 5785 eam
599 5714 1179 5797 ευρρὲάῖἰιίιξῖηεηὶυε
1210 5714 1347 5774 forte
1374 5717 1475 5787 legi
1505 5715 1696 5786 possit,
1723 5714 1872 5783 παρὰ

1988 4504 2276 4562 conﬂatam
2302 4506 2590 4576 significet.
2618 4505 2779 4560 Pluto
2804 4504 2895 4560 ille
2920 4514 3202 4575 praeterea,
3228 4507 3322 4577 qui
3342 4506 3563 4563 Proser-

1985 4598 2167 4669 pinam
2206 4598 2423 4668 rapuit,
2457 4600 2665 4669 galeam
2698 4606 2892 4670 gestat,
2945 4613 3067 4669 qme
3096 4598 3352 4654 latentem
3401 4600 3559 4670 igno-

1985 4701 2213 4762 tumque
2237 4693 2423 4763 polum
2463 4701 2814 4763 repraesentet
2855 4711 2868 4745 :
2917 4702 3172 4747 truncum
3229 4693 3355 4747 item
3395 4694 3562 4747 muti~

1993 4782 2217 4852 lumque
2267 4792 2563 4852 sceptrum,
2594 4797 2705 4853 quo
2756 4782 3000 4850 ejusdem
3049 4782 3105 4836 in
3155 4797 3346 4837 manes
3398 4782 3560 4851 110

1984 4871 2321 4942 umbrasque
2358 4873 2647 4943 imperium
2680 4872 2975 4927 denotetur
3013 4888 3028 4925 :
3083 4886 3273 4926 canem
3322 4873 3557 4940 denique

1984 4962 2168 5029 habet,
2214 4963 2307 5032 qui
2353 4963 2571 5034 frugum
2624 4963 2873 5034 designet
2909 4963 3382 5032 procreationem,
3436 4979 3558 5034 quae

1982 5053 2169 5110 tribus
2213 5055 2379 5110 veluti
2432 5055 2699 5126 partibus,
2747 5062 2989 5110 semente
3032 5052 3299 5118 facienda,
3338 5055 3559 5114 eadem—

1980 5228 2042 5283 τὸ
2066 5230 2220 5282 κυεῖν
2243 5226 2341 5300 τῂν
2368 5227 2495 5297 γῆν,
2528 5220 2564 5300 ᾗ
2596 5226 2852 5298 χορηγός,
2878 5224 2964 5281 vel
2993 5224 3176 5295 potius
3202 5215 3264 5279 οὗ
3295 5229 3559 5298 χορηγός,

1981 5314 2176 5366 nempe
2205 5298 2303 5351 τοῦ
2326 5300 2496 5352 κυεῖν.

2051 5363 2162 5437 (89)
2208 5364 2724 5447 Τελεσιογρνῆσαι.
2764 5363 2922 5447 Haud
2970 5365 3437 5447 temere_ver;bum
3470 5384 3559 5447 τε-

1978 5438 2034 5491 λε
2042 5433 2302 5509 σιογονεῖν
2319 5433 2574 5509 _reperias
2588 5454 2635 5509 ;_‘
2654 5450 2821 5509 saepe
2839 5433 3252 5509 celsoqtyovsiv.
3282 5434 3443 5509 Forte
3474 5445 3525 5488 ta
3540 5463 3558 5475 ο

1975 5523 2100 5561 men
2130 5505 2160 5559 ο
2191 5507 2339 5561 istud
2369 5505 2534 5575 inseri
2570 5505 2863 5574 aliquando
2893 5505 3178 5575 possit,_ut
3223 5506 3277 5559 in
3306 5506 3558 5575 εὑρεσιος

1976 5577 2130 5649 λογία
2162 5591 2259 5649 pro
2287 5571 2865 5649 εύρεσιλογίαξεμρτε.
2893 5571 3055 5629 Ἐεηε
3074 5571 3257 5649 λίιιΐτο,
3287 5571 3413 5649 pag.
3452 5572 3554 5629 H9

1976 5641 2178 5704 eodem'
2197 5641 2394 5702 iterum
2424 5641 2589 5701 modo
2616 5641 2880 5715 scriptum
2911 5641 3203 5717 reperitur.
3287 5641 3308 5649 ’
3361 5641 3384 5646 ⁷
3634 5668 3637 5671 π
