4156 6428
536 270 640 325 499

1188 264 1461 323 EUSEBII
1497 260 1978 321 CASSARIENSIS
2017 258 2167 314 OPP.
2211 254 2391 311 PARS
2428 252 2493 308 11.
2535 283 2605 295 -
2646 249 3145 307 APOLOGETICA.

3665 256 3771 312 200

532 402 641 455 que
667 401 791 439 cum
818 383 1159 454 excipienda.
1198 394 1310 438 tum
1342 385 1407 439 ad
1436 392 1737 438 extremum
1784 383 1838 434 in
1873 380 2096 434 herbam

2203 393 2342 445 γειν.
2373 374 2472 428 Διά
2490 374 2552 445 δὴ
2582 373 2797 427 πάντων
2822 372 3025 426 τούτων
3049 375 3083 443 ἡ
3105 372 3232 441 περὶ
3258 370 3360 441 γῆν
3378 370 3625 443 δύναμις.
3655 375 3772 440 ἐξη-

529 489 586 533 et
613 479 853 533 culmum
886 477 1527 532 educenda’continetur.
1554 474 1737 543 Neque
1759 472 1903 527 enim
1941 488 2005 526 ex
2035 486 2101 524 eo

528 571 679 640 quod
712 570 828 639 ipse
864 570 1062 641 κῆρας,
1105 571 1207 623 Ιιοο
1253 578 1337 622 est
1383 567 1615 631 animas,
1663 580 1801 634 quas
1856 564 2099 623 devoret,

527 662 730 716 habeat
764 661 935 724 κύων,
965 662 1017 715 id
1052 670 1135 715 est
1171 660 1349 723 canis,
1388 659 1710 729 appellatur,
1743 655 1835 711 sed
1862 654 2012 725 παρὰ
2040 653 2102 707 τὸ

524 755 701 817 κυεῖν,
737 756 841 810 hoc
880 764 965 808 est
996 768 1026 806 a
1059 752 1167 806 feto
1213 752 1544 821 gravidoque
1578 760 1736 804 terrae
1789 757 1966 811 utero,
2009 746 2100 801 cui

522 846 888 917 progignendi
942 847 1052 900 vim
1080 844 1243 899 Pluto
1287 843 1621 913 suppeditat,
1656 858 1782 896 cum
1820 840 2100 909 Proserpi-

524 952 655 992 nam
685 938 849 1007 rapit.
883 936 1026 1001 Quin
1052 936 1217 990 etiam
1248 936 1392 990 Attis
1418 944 1474 989 et
1501 935 1709 989 Adonis
1738 934 1977 1003 aliquam
2001 932 2099 986 lia-

524 1024 661 1080 bent
710 1041 834 1080 cum
885 1025 1079 1079 iisdem
1123 1023 1376 1093 frugibus
1404 1025 1833 1093 proportionem.
1866 1022 1933 1075 Ει
1958 1023 2099 1075 Attis

522 1117 747 1186 quidem
797 1131 920 1170 cum
970 1116 1038 1170 iis
1085 1114 1315 1169 ﬂoribus
1353 1123 1723 1183 comparatur,
1776 1111 1869 1181 qui
1919 1112 2098 1181 primo

523 1221 651 1259 vere
678 1221 803 1260 cum
831 1206 1217 1271 excludantur,
1252 1205 1486 1259 necdum
1516 1205 1728 1273 integro
1774 1211 2097 1271 matureque

521 1294 704 1351 fructu
750 1296 1031 1351 decidunt.
1086 1296 1147 1351 id
1197 1296 1341 1365 quod
1389 1295 1443 1347 in
1473 1310 1637 1349 causa
1666 1294 1788 1357 fuit,
1814 1309 1912 1348 cur
1940 1308 2097 1348 exse-

522 1398 670 1442 ctum
713 1387 866 1442 illum
910 1388 1176 1452 dicerent,
1210 1402 1322 1457 quo
1355 1385 1564 1443 fructus
1609 1402 1705 1440 eos
1748 1386 2098 1456 designarent

522 1477 619 1545 qui
653 1477 898 1532 nondum
928 1477 1012 1532 vis
1035 1476 1316 1532 seminalis
1338 1486 1528 1531 essent
1547 1475 1915 1529 maturitatem
1943 1489 2095 1527 asse-

520 1567 655 1623 cuti.
711 1568 919 1624 Adonis
964 1576 1147 1622 autem
1191 1577 1530 1621 maturarum
1584 1566 1800 1635 frugum
1858 1579 2093 1618 messem

527 1667 901 1729 repraesentat.
936 1656 1057 1712 Jam
1090 1656 1310 1712 Silenus
1343 1656 1605 1726 spiritalis
1652 1664 1835 1709 motus
1870 1653 2093 1723 symbo-

521 1746 635 1803 lum
660 1758 764 1814 est,
794 1748 890 1817 qui
923 1756 979 1802 et
1010 1748 1127 1818 ipse
1159 1762 1270 1802 non
1303 1761 1498 1816 parum
1528 1744 1786 1799 universo
1813 1742 2091 1804 conducit,
2126 1716 2169 1776 Β

522 1845 578 1891 et
631 1836 853 1906 quidem
900 1849 1128 1893 ornatus
1173 1838 1369 1907 capitis
1418 1836 1646 1889 llorihus
1695 1849 1757 1888 ac
1809 1833 2100 1902 splendore

522 1928 876 1995 conSpicuus,
904 1927 1179 1982 caelestem
1215 1927 1665 1989 conversionem;
1690 1923 1941 1979 etesaries
1972 1937 2100 1976 vero

521 2020 592 2076 ad
625 2029 808 2089 partes
839 2020 1087 2089 ejusdem
1119 2020 1407 2075 inferiores
1454 2032 1629 2088 usque
1657 2017 1949 2087 promissa,
1991 2024 2099 2070 ter—

522 2111 689 2166 restri
741 2110 975 2165 similem
1015 2112 1159 2167 aeris
1210 2110 1634 2166 crassitudinem
1685 2116 1964 2176 utcunque
2004 2107 2102 2162 ad-

522 2202 759 2257 umbrat.
783 2200 850 2256 Et
871 2203 1134 2272 quoniam
1164 2203 1248 2258 vis
1268 2210 1524 2272 praeterea
1548 2199 1827 2255 divinandi
1852 2200 2097 2268 quaedam

522 2296 720 2359 inerat,
752 2293 984 2349 Themin
1019 2296 1137 2364 ipsa
1171 2293 1550 2359 nominarunt,
1584 2291 1745 2361 quasi
1774 2291 2006 2360 singulis
2031 2291 2099 2343 τά

519 2387 830 2458 τεθειμένα,
854 2386 959 2441 hoc
980 2394 1065 2441 est
1092 2401 1180 2440 res
1202 2384 1315 2440 fato
1344 2385 1673 2439 constitutas
1700 2392 2101 2453 eventurasque

520 2478 872 2548 praenuntiat.
898 2476 1075 2547 Atque
1103 2476 1250 2531 hunc
1279 2474 1335 2528 in
1365 2474 1587 2529 modum
1616 2474 1722 2527 vim
1745 2474 1893 2528 illam
1943 2484 2101 2530 terra:

517 2576 602 2622 tot
633 2567 1013 2638 symbolorum
1048 2566 1307 2620 varietate
1357 2564 1682 2633 explicatam
1727 2574 2097 2631 venerantur;

521 2675 585 2714 ac
614 2659 842 2729 virginis
872 2658 1093 2730 quidem
1119 2656 1406 2725 Vestaeque
1441 2656 1686 2720 nomine,
1734 2664 2007 2725 quatenus
2033 2670 2100 2713 ea

521 2761 772 2829 centrum
804 2752 1049 2806 universi
1076 2752 1499 2821 complectitur;
1540 2750 1800 2820 parentis,
1828 2759 2099 2819 quatenus

518 2844 893 2899 animantibus
923 2844 1181 2899 alimenta
1212 2844 1523 2913 suppeditat
1564 2859 1582 2907 ;
1627 2840 1779 2911 Opis,
1826 2852 2102 2911 quatenus

518 2935 726 3005 lapides
778 2944 1026 3006 generat,
1065 2935 1453 3003 montibusque
1502 2934 1815 3004 prominet;
1860 2934 2097 3001 Cereris,

2203 470 2418 539 γήσεως
2447 466 2706 537 τυχοῦσα,
2736 465 3117 536 θρησκεύεται·
3143 464 3218 527 ὡς
3264 465 3362 535 μὲν
3391 466 3653 536 παρθένος
3683 466 3776 517 καὶ

2215 562 2418 623 Ἐστία,
2458 561 2493 630 ἡ
2539 559 2915 631 κεντροφόρος·
2967 558 3041 622 ὼς
3073 557 3129 610 δὲ
3166 559 3349 622 τοκὰς,
3383 560 3416 628 ἡ
3461 560 3677 629 τροᾳόςο
3703 558 3779 622 rb;

2200 654 2258 706 δὲ
2301 652 2447 715 Ῥέα,
2480 654 2512 722 ἡ
2554 652 2894 722 πετροποιδςς
2942 651 3034 703 καὶ
3060 650 3252 719 beatos
3292 648 3367 711 ὡς
3398 648 3456 702 δὲ
3489 652 3774 722 Δημήτηρ.

2200 744 2234 814 ἡ
2268 743 2584 814 χλοηφόροςο
2621 742 2696 805 ὡς
2724 743 2782 795 δὲ
2810 741 2997 810 Θέμις,
3029 742 3061 810 ή
3091 741 3432 811 χρησμῳδίας,
3465 740 3556 794 τοῦ
3588 744 3666 805 είς
3689 744 3779 797 αύ-

2198 833 2296 905 τὴν
2323 834 2604 895 κατιόντος
2653 831 3027 903 σπερματικοῦ
3070 831 3230 899 λόγου
3279 834 3359 895 είς
3396 832 3487 885 τὸν
3538 831 3778 903 Πρίαπον

2200 927 2669 995 ἐκτετυπωμένου·
2696 920 2757 978 οῦ
2780 923 2842 977 τὸ
2870 924 2968 994 μὲν
2999 940 3063 1001 πε
3075 924 3127 994 ρ“ι
3154 925 3279 987 τοὺς
3308 922 3504 993 ξηροὺς
3531 924 3780 994 καρποὺς

2198 1018 2376 1088 Κόρη,
2407 1017 2469 1071 τὸ
2493 1017 2551 1068 δὲ
2585 1015 2727 1070 κατά
2759 1018 2885 1079 τοὺς
2910 1017 3108 1085 ύγροῦς
3138 1015 3232 1068 καὶ
3269 1016 3336 1067 τὰ
3362 1014 3635 1086 ἀκρόδρυα
3658 1015 3779 1068 Διό-

2197 1126 2354 1172 νυσος
2384 1109 2644 1161 καλεῖται·
2685 1107 2783 1177 τῆς
2828 1108 2925 1177 μὲν
2967 1107 3150 1177 Κόρης
3190 1106 3295 1159 ὑπὸ
3333 1105 3644 1170 Πλούτωνος
3681 1104 3777 1159 τοῦ

2199 1202 2305 1255 ὑπὸ
2335 1202 2441 1271 Γῆν
2469 1202 2637 1263 ἰόντος
2695 1200 2876 1253 Ἡλίου
2909 1198 3296 1271 ἁρπαζομένης
3334 1199 3473 1253 κατά
3519 1199 3613 1251 τὸν
3654 1200 3781 1254 σπό-

2199 1308 2310 1363 ρον*
2339 1293 2433 1345 τοῦ
2455 1291 2511 1344 δὲ
2539 1290 2793 1343 Διονύσου
2816 1294 2955 1343 κατά
2980 1289 3049 1343 τὰ
3070 1291 3217 1361 πάθη
3240 1291 3339 1360 τῆς
3362 1290 3641 1360 δυνάμεως
3673 1292 3782 1345 ὑπὸ

2194 1380 2301 1451 γῆν
2336 1381 2435 1451 μὲν
2467 1381 2740 1451 νεωτέρας
2775 1382 2870 1435 καὶ
2908 1380 3234 1451 καλλιγόνης
3266 1380 3585 1435 ϐλαστάνειν
3613 1383 3779 1454 ἀρχο-

2199 1473 2382 1542 μένου,
2411 1475 2501 1525 ἐπι
2509 1473 2681 1543 μάχου
2700 1474 2756 1526 δὲ
2773 1473 2871 1542 τῆς
2887 1472 3029 1526 κατά
3050 1472 3145 1543 τὴν
3164 1472 3332 1543 ἄνθην
3351 1472 3629 1543 δυνάμεως
3651 1474 3783 1545 σύμ-

2195 1563 2349 1618 ϐολον
2368 1564 2456 1617 τὸν
2484 1564 2667 1616 Ἀττιν
2698 1563 2945 1634 ἐχούσης·
2970 1563 3072 1633 τῆς
3096 1564 3155 1617 δὲ
3183 1564 3324 1617 κατά
3345 1562 3444 1634 τὴν
3470 1565 3780 1638 τελεσιουρ-

2195 1658 2319 1724 γίαν
2336 1659 2573 1729 ἐκτομὴν
2589 1659 2679 1711 τὸν
2697 1660 2945 1711 ’Λδωνιψ
2966 1658 3061 1719 καὶ
3077 1657 3172 1728 τῆς
3193 1658 3291 1727 μὲν
3307 1660 3678 1729 πνευματικῆς
3692 1658 3781 1713 διὰ

2197 1749 2415 1803 πάντων
2448 1749 2734 1820 δυνάμεως
2765 1750 2842 1814 ὡς
2884 1750 2963 1813 εἰς
2991 1749 3245 1821 Σειληνὸν
3275 1751 3776 1821 ἀναπλαττομένης,

2196 1841 2294 1910 τῆς
2308 1841 2364 1894 δὲ
2382 1843 2460 1903 εἰς
2484 1840 2704 1894 ἔκτασιν
2722 1841 2818 1894 ἀπ’
2849 1842 3026 1894 αὐτῶν
3049 1841 3408 1913 παραγωγῆς,
3432 1844 3510 1905 είς
3538 1842 3721 1914 Βάκχη
3733 1862 3777 1897 ν.

2197 1931 2383 2004 ὥσπερ
2417 1932 2482 1985 ἂν
2523 1934 2621 2003 τῆς
2655 1934 2735 1995 εἰς
2764 1932 2829 1986 τὰ
2864 1933 3154 2003 ἀφροδίσια
3190 1932 3539 2003 ἐρεθιζούσης
3578 1936 3779 2005 ὁρμῆς,
3831 1948 3837 1953 '

2195 2023 2283 2077 διὰ
2324 2024 2431 2078 τῶν
2461 2025 2739 2097 Σατύρων.
2773 2025 2872 2078 Διά
2907 2025 2972 2096 δὴ
3015 2024 3219 2078 τούτων
3260 2025 3368 2078 τῶν
3411 2026 3693 2095 συμϐόλων
3741 2031 3776 2099 ἡ

2198 2120 2473 2185 περίγειος
2523 2116 2918 2169 ἐκκαλύπτεται
2971 2115 3223 2186 δύναμις.
3291 2135 3309 2169 ι
3367 2116 3616 2172 Τοσαῦτα
3680 2118 3779 2188 μὲν

2196 2203 2290 2259 οῦν
2324 2207 2417 2259 καὶ
2449 2206 2597 2272 τάδε,
2631 2206 2666 2260 ἃ
2698 2208 2791 2260 καὶ
2829 2208 3141 2275 ἀναγκαίως
3175 2208 3569 2279 ἐπιτεμόμενος
3600 2226 3779 2281 παρα-

2197 2299 2465 2370 τέθειμαι,
2490 2302 2569 2363 είς
2601 2300 2659 2353 τὸ
2696 2301 2769 2370 μὴ
2803 2301 3018 2367 ἀγνοεῖν
3051 2302 3199 2368 ἡμᾶς
3229 2299 3296 2353 τὰ
3341 2300 3515 2369 σεμνά
3545 2300 3653 2353 τῶν
3688 2318 3779 2369 cpt-

2198 2389 2459 2460 λοσόφων.
2492 2391 2662 2447 ,Οῦτω
2726 2389 3015 2460 τοιγαροῦν
3062 2390 3204 2443 κατὰ
3259 2390 3329 2443 τά
3385 2391 3774 2461 ἀποδεδομένα,

2197 2480 2352 2550 Κόρη
2389 2480 2485 2549 μὲν
2516 2480 2550 2549 ἡ
2581 2479 2689 2530 τῶν
2712 2480 3017 2548 σπορίμων,
3050 2480 3299 2541 Διόνυσος
3326 2478 3381 2531 δὲ
3411 2479 3445 2550 ἡ
3472 2480 3579 2532 τῶν
3608 2483 3777 2552 ἀκρο-

2197 2571 2374 2641 δρύων
2405 2570 2653 2640 δύναμις·
2679 2571 2773 2624 καὶ
2798 2569 2907 2622 τῶν
2933 2570 3033 2639 μὲν
3055 2570 3286 2640 ἐαρινῶν
3304 2569 3481 2623 ἀνθῶν
3507 2571 3536 2623 ὁ
3565 2572 3772 2635 Ἀττις,

2197 2661 2308 2715 τῶν
2340 2660 2397 2715 δὲ
2429 2659 2649 2714 τελείων
2688 2659 2914 2730 καρπῶν
2956 2660 2985 2711 ὁ
3020 2658 3246 2721 ’Δδωνις
3285 2659 3572 2729 σύμϐολον.
3612 2660 3677 2713 Τί
3707 2660 3773 2734 δὴ

2195 2749 2294 2810 οὖν
2334 2753 2441 2825 χρὴ
2474 2751 2649 2806 ταῦτα
2683 2752 2970 2809 θεοποιεῖν.
3014 2753 3095 2815 είς
3129 2751 3336 2823 τροφὰς
3364 2753 3634 2824 σωμάτων
3663 2755 3775 2808 τῶν

2199 2846 2295 2901 ἐπὶ
2324 2846 2428 2916 γῆς
2458 2845 2613 2910 ζώων
2644 2845 2780 2917 πρὸς
2809 2845 2902 2898 τοῦ
2928 2843 3034 2898 τῶν
3058 2844 3194 2897 ὅλων
3226 2843 3363 2898 Θεοῦ
3393 2847 3771 2919 πεποιημένας

2197 2938 2263 2992 Τί
2295 2939 2351 2991 δὲ
2392 2936 2715 3009 θρησκεύειν
2756 2937 2855 3007 τὴν
2901 2936 3176 3007 περίγειον
3218 2935 3448 3007 δύναμιν
3495 2939 3775 3010 προσῆκόν

520 3036 791 3098 quatenus
828 3028 1059 3082 virentia
1098 3028 1345 3099 germina
1369 3036 1655 3097 procreat;
1694 3027 1763 3080 ad
1788 3034 2094 3099 extremum

2198 3029 2347 3084 ἔστιν
2387 3031 2540 3100 ἡμῖν,
2593 3027 2674 3092 οἷς
2709 3028 2869 3098 φύσις
2922 3030 3037 3082 ἐστὶ
3082 3028 3259 3099 ψυχῆς
3295 3028 3541 3100 οὐρανία,
3583 3030 3774 3103 λογική

520 3117 825 3187 Themidis,
875 3128 1146 3189 quatenus
1190 3118 1485 3174 fundendis
1524 3118 1767 3173 oraculis
1814 3118 1940 3174 usui
1989 3128 2093 3173 est.

517 3207 642 3265 Vim
674 3220 854 3266 autem
888 3211 1135 3276 seminis,
1166 3210 1316 3280 quod
1343 3210 1519 3279 ipsius
1544 3210 1599 3264 in
1626 3211 1898 3280 gremium
1927 3209 2097 3265 eﬂ‘un-

523 3302 692 3367 ditur,
736 3302 791 3355 in
839 3300 1021 3372 Priapi
1076 3301 1312 3369 speciem
1350 3301 1626 3367 eilinxere,
1678 3302 1757 3356 sic
1803 3310 1983 3357 tamen
2037 3309 2099 3355 ut

520 3395 670 3465 quod
695 3393 856 3448 siccis
882 3391 1131 3464 frugibus
1158 3393 1522 3461 producendis
1552 3402 1735 3462 aptum
1759 3406 1936 3461 esset,
1964 3391 2098 3448 Pro.

521 3486 820 3555 serpinam,
869 3484 1017 3555 quod
1066 3498 1197 3538 vero
1241 3482 1310 3537 ad
1342 3482 1685 3538 humidiores
1730 3485 2099 3553 arborumque

522 3576 669 3633 fetus
710 3577 1031 3648 pertineret,
1081 3575 1356 3631 Bacchum
1408 3574 1765 3646 appellarent.
1803 3575 1897 3632 Sic
1933 3578 2099 3649 igitur

520 3670 850 3743 Proserpina
893 3669 1113 3740 quidem
1163 3668 1425 3725 sementis
1469 3678 1718 3737 tempore
1761 3683 1793 3724 a
1844 3668 2096 3734 Plutone,

523 3767 630 3821 hoc
685 3772 772 3819 est
810 3779 843 3818 a
882 3763 998 3819 sole
1060 3762 1163 3818 sub
1210 3774 1385 3817 terras
1441 3768 1788 3815 commeante
1844 3760 2096 3830 rapitur;

524 3856 774 3913 Bacchus
799 3863 982 3910 autem
1022 3868 1150 3910 cum
1208 3852 1518 3924 germinare
1551 3850 1766 3921 incipit,
1794 3850 1963 3921 idque
2000 3867 2099 3922 pro

524 3947 883 4020 qualitatibus
912 3946 1003 4013 iis,
1037 3945 1238 4017 quibus
1270 3944 1362 3999 illa
1400 3944 1483 3998 vis
1508 3942 1762 4009 allicitur,
1784 3959 1908 4013 qua:
1945 3953 2098 4000 tene-

522 4039 636 4094 rior
672 4025 873 4105 adhu'c,
904 4034 1121 4091 tametsi
1150 4034 1219 4089 ad
1270 4032 1487 4090 fructus
1532 4032 1852 4089 excellentis
1894 4034 2098 4102 produ—

522 4131 761 4186 ctionem
800 4111 1034 4195 idonea,
1077 4126 1181 4182 sub
1231 4134 1377 4181 terra
1430 4122 1701 4181 delitescit
1742 4143 1756 4180 :
1801 4134 1913 4180 tum
1967 4141 2098 4182 vero

523 4237 681 4280 suam
712 4221 763 4277 ei
793 4220 987 4275 virtuti
1009 4221 1325 4275 commodat
1352 4231 1599 4288 operam,
1631 4231 1752 4287 qua:
1776 4227 1838 4272 ut
1870 4216 2097 4275 ﬂoribus

521 4312 875 4370 excludendis
906 4321 1124 4383 praeest,
1175 4310 1319 4365 Attis
1353 4309 1648 4380 symbolo;
1678 4318 1738 4364 ut
1764 4318 1946 4365 autem
1987 4326 2098 4365 ma-

519 4418 769 4461 turarum
810 4401 1029 4473 frugum
1074 4402 1265 4467 messi,
1298 4400 1507 4455 Adonis
1548 4399 1771 4454 nomine
1794 4399 2093 4455 adumbra-
2127 4416 2172 4473 ι)

521 4500 634 4552 tur.
667 4493 934 4548 Praeterea
967 4494 1048 4548 vis
1076 4493 1166 4547 illa
1200 4493 1489 4562 spiritalis,
1529 4507 1654 4562 quae
1688 4492 1945 4547 universa
1970 4504 2096 4561 per-

520 4596 690 4655 meat,
707 4584 906 4651 Sileni;
922 4599 1043 4654 quae
1066 4599 1194 4638 vero
1213 4584 1428 4638 cunctis
1443 4584 1707 4653 paulatim
1722 4583 2021 4639 educendis
2032 4597 2097 4638 ac

521 4683 699 4754 magis
715 4684 997 4752 magisque
1026 4678 1369 4751 proferendis
1401 4682 1739 4746 continetur,
1767 4680 2097 4737 Baechantis

529 4772 685 4845 ιιι
742 4774 798 4828 in
851 4773 1088 4843 speciem
1136 4770 1515 4827 conformatur
1564 4791 1577 4825 ι
1632 4771 2095 4837 quemadmodum

524 4869 690 4923 etiam
716 4867 973 4936 impetus,
993 4863 1088 4934 qui
1120 4864 1187 4919 ad
1209 4854 1473 4918 Venerem
1502 4864 1836 4930 exstimulat,
1865 4864 2094 4935 Satyro-

526 4973 649 5013 rum
698 4956 871 5026 elligie
920 4954 1062 5011 solet
1113 4953 1381 5010 exhiberi.
1450 4955 1630 5024 Atque
1684 4955 1801 5009 haec
1849 4953 2097 5026 symbola

527 5058 676 5116 sunt,
719 5048 921 5118 quibus
966 5053 1125 5100 terrae
1159 5045 1242 5099 vis
1270 5043 1435 5099 insita
1478 5044 1804 5099 declaratur.
1848 5061 1867 5094 ι
1904 5041 2099 5098 Hacte-

529 5156 633 5196 nus
658 5155 787 5211 ergo
813 5138 1174 5209 Porphyrius,
1204 5152 1329 5207 quae
1358 5136 1497 5190 mihi
1531 5135 1749 5190 brevius
1774 5135 2015 5206 quidem,
2042 5140 2098 5189 at

528 5234 840 5288 necessario
885 5241 1067 5287 tamen
1115 5228 1597 5285 commemoranda
1654 5228 1808 5295 duxi,
1855 5243 1923 5282 ne
1966 5228 2097 5298 quid

529 5322 793 5391 speciosa;
821 5321 1273 5392 philosophorum
1316 5319 1545 5375 istorum
1583 5318 1847 5374 doctrinae
1886 5333 1986 5373 nos
2018 5319 2097 5372 la-

532 5419 661 5466 teat.
685 5410 958 5467 Habemus
982 5414 1126 5466 enim
1156 5428 1306 5477 vero,
1342 5426 1407 5465 ex
1433 5410 1610 5465 nostri
1641 5410 1805 5479 hujus
1834 5410 2097 5479 interpre-

534 5504 608 5558 tis
655 5501 1036 5571 explicatione,
1102 5502 1486 5571 Proserpinam
1547 5501 1767 5571 quidem
1819 5499 2094 5555 fructuum

533 5609 725 5651 eorum
763 5592 874 5648 vim
920 5594 1156 5648 nativam
1193 5608 1338 5659 esse,
1374 5594 1470 5664 qui
1509 5594 1658 5663 jacto
1690 5594 1923 5657 semine,
1954 5591 2094 5648 Bac-

536 5685 700 5739 chum
728 5690 908 5737 autem
940 5696 1150 5749 eorum,
1191 5684 1284 5755 qui
1314 5699 1378 5737 ex
1417 5683 1619 5751 plantis
1642 5683 1934 5738 oriuntur:
1974 5697 2095 5737 ver-

2196 3139 2255 3175 τε
2296 3123 2392 3175 καὶ
2424 3122 2688 3184 ἀθάνατος
2727 3119 2880 3191 παρά
2923 3118 3019 3173 τοῦ
3066 3119 3458 3190 παμϐασιλέως
3488 3121 3598 3176 τῶν
3636 3124 3776 3178 ὅλων

2195 3212 2355 3277 Θεοῦ,
2402 3212 2640 3277 διανοίας
2694 3212 2906 3283 ὄμμασι
2956 3211 3391 3284 κεκαθαρμένοις
3440 3212 3774 3287 θεωρητικῆς

2197 3306 2301 3359 Τὸν
2339 3304 2398 3358 δὲ
2429 3304 2681 3374 Σειληνὸν
2719 3304 2933 3358 ἀκούων
2974 3304 3072 3375 τὴν
3107 3304 3483 3376 πνευματικὴν
3518 3302 3657 3360 εἶναι
3691 3308 3776 3359 κί-

2197 3415 2376 3470 νησιν,
2424 3399 2519 3451 καὶ
2548 3398 2647 3468 τὴν
2688 3396 2981 3466 διήκουσαν
3009 3395 3099 3449 διὰ
3128 3397 3342 3451 πάντων
3370 3395 3618 3466 δύναμιν,
3652 3397 3775 3450 τοτὲ

2201 3490 2301 3560 μὲν
2342 3487 2441 3559 τὴν
2477 3489 2729 3559 οὐράνιον
2766 3487 3071 3559 περιφορὰν
3117 3487 3207 3541 διὰ
3249 3488 3349 3559 τῆς
3390 3488 3629 3560 κεφαλῆς
3659 3489 3776 3542 ἐπι-

2198 3581 2563 3651 δεικνύμενον,
2596 3581 2717 3633 τοτὲ
2741 3581 2797 3634 δὲ
2824 3580 2919 3650 τὴν
2943 3580 3071 3650 περὶ
3095 3579 3189 3631 τὸν
3217 3579 3354 3651 ἀέρα
3379 3579 3662 3651 παχύτητα
3683 3580 3772 3635 διά

2198 3672 2299 3741 τῆς
2327 3671 2520 3735 λασίας
2546 3671 2721 3743 κόμης
2749 3669 2839 3723 τοῦ
2869 3670 3076 3740 γενείου
3094 3687 3108 3700 ’
3151 3669 3268 3735 πῶς
3288 3673 3355 3726 ἀν
3375 3689 3459 3736 τις
3489 3674 3773 3745 ἀνάσχοιτο

2197 3760 2386 3814 τοῦτον
2422 3761 2520 3832 μὲν
2559 3760 2701 3833 ὁρῶν
2734 3761 2989 3831 οὐδεμιᾶς
3024 3760 3325 3831 ἠξιωμένον
3365 3763 3658 3835 σεϐασμίου
3691 3782 3769 3818 τι-

2204 3852 2333 3922 μῆς,
2370 3851 2429 3904 δν
2471 3852 2636 3922 ἐχρῆν
2676 3850 2784 3921 πρὸ
2820 3849 2928 3903 τῶν
2963 3850 3180 3904 πάντων
3221 3849 3507 3918 θεοποιεῖν,
3544 3853 3772 3909 ’Δδωνιν

2200 3946 2260 4000 δέ
2295 3947 2390 4001 καὶ
2418 3947 2690 4010 Διόνυσον,
2723 3948 2849 4011 τοὺς
2875 3948 3122 4018 καρποὺς
3150 3948 3351 4021 δηλαδὴ
3391 3952 3482 4006 καὶ
3508 3952 3577 4007 τὰ
3605 3952 3772 4026 ἀκρό-

2197 4038 2355 4109 δρυα,
2381 4037 2862 4107 θεοποιουμένους;
2907 4038 3002 4102 Τίς
3038 4038 3084 4092 δ’
3115 4038 3181 4092 ἂν
3222 4040 3533 4111 ὑπομείνειε
3575 4059 3770 4113 σεμνο-

2196 4130 2556 4202 λογουμένους
2602 4130 2813 4184 ἀκούων
2842 4130 3116 4203 Σατύρους
3171 4132 3266 4185 καὶ
3315 4133 3557 4203 Βάκχας,
3602 4135 3672 4187 τὰ
3712 4136 3772 4189 ἐν

2196 4223 2504 4295 ἀνθρώποις
2538 4221 2738 4293 αἰσχρά
2776 4222 2868 4275 καὶ
2900 4223 3177 4277 ἀκόλαστα
3205 4223 3389 4293 πάθης
3426 4227 3474 4277 εί
3504 4224 3569 4294 δὴ
3592 4225 3641 4276 οἱ
3671 4225 3772 4294 μὲν

2197 4314 2417 4383 ἐδήλουν
2447 4313 2544 4375 τὰς
2587 4314 2664 4376 είς
2696 4310 2767 4366 τὰ
2806 4313 3094 4385 ἀφροδίσια
3123 4314 3470 4384 ἐρεθιζούσας
3512 4313 3689 4384 ὁρμάς
3720 4315 3770 4368 οι

2195 4404 2448 4476 Σάτυροι,
2469 4406 2524 4457 αἱ
2546 4404 2602 4456 δέ
2627 4403 2836 4476 Βάκχαι
2859 4403 2957 4467 τὰς
2976 4406 3054 4468 είς
3077 4404 3295 4457 ἔκτασιν
3320 4404 3427 4457 τῶν
3452 4404 3581 4476 περὶ¹
3598 4403 3770 4458 ταῦτα

2199 4495 2599 4568 συμϐαινούσας
2644 4497 3004 4568 παραγωγάς.
3049 4498 3161 4551 Καὶ
3201 4497 3255 4549 τί
3299 4498 3381 4551 δεῖ
3421 4496 3565 4551 κατὰ
3605 4497 3770 4569 μέρος

2195 4591 2423 4645 ἕκαστον
2460 4591 2805 4663 ἀπελέγχειν,
2838 4591 3163 4662 ἐπιδραμεῖν
3212 4588 3329 4642 δέον
3369 4590 3445 4654 ὡς
3502 4590 3569 4644 ἂν
3604 4592 3770 4663 μηδὲν

2196 4684 2342 4753 ἡμᾶς
2386 4682 2495 4736 τῶν
2535 4685 2863 4757 ἀπορρήτων
2907 4682 3171 4756 λανθάνῃ,
3215 4680 3311 4733 καὶ
3353 4683 3452 4753 τὴν
3493 4683 3602 4735 τῶν
3642 4683 3769 4753 ἑξῆς

2197 4772 2552 4843 ἐπιτεμέσθαι
2586 4772 2965 4842 φυσιολογίαν;
3005 4772 3072 4844 ἢν
3114 4771 3419 4825 ἐκτέθειται
3447 4772 3477 4827 ὁ
3511 4772 3773 4844 δηλωθεὶς

2199 4865 2567 4936 συγγραφεὺς,
2608 4864 2758 4920 τόνδε
2801 4863 3033 4929 ἐπεξιὼν
3072 4863 3162 4917 τὸν
3215 4864 3449 4934 τρόπον’
3488 4883 3507 4916 ι
3557 4864 3670 4936 Τὴν
3712 4864 3771 4918 δὲ

2198 4955 2479 5028 ὑδροποιὸν
2539 4956 2668 5028 ὃλην
2736 4956 2966 5028 δύναμιν
3043 4956 3293 5009 Ὠκεανὸν
3339 4959 3653 5028 προσεῖπον,
3712 4956 3775 5008 τὸ

2200 5045 2464 5118 σύμϐολον
2498 5048 2667 5119 αὐτῆς
2695 5046 2868 5118 Τηθὺν
2894 5048 3280 5118 ὀνομάσαντες·
3322 5049 3421 5120 τῆς
3460 5048 3518 5103 δὲ
3558 5048 3708 5119 ὅλης,
3736 5050 3770 5117 ἡ

2202 5140 2299 5211 μὲν
2342 5140 2449 5193 τῶν
2494 5142 2736 5211 ποτίμων
2771 5143 3107 5215 πεποιημένη
3159 5141 3417 5214 Ἀχελῷος
3453 5143 3633 5206 αὐτοῖς
3665 5141 3762 5194 κέ-

2199 5232 2414 5301 κληται,
2448 5233 2483 5303 ἡ
2507 5233 2563 5286 δὲ
2587 5233 2696 5286 τῶν
2727 5232 3032 5288 θαλασσίων
3065 5235 3334 5289 Ποσειδῶν
3359 5235 3521 5290 πάλιν
3548 5234 3646 5305 τῆς
3670 5232 3769 5285 θα-

2197 5323 2542 5389 λασσοποιοῦ,
2589 5325 2725 5379 καθὸ
2790 5328 3106 5400 γεννητικὴ,
3156 5327 3528 5401 ,Ἀμφιτρίτης
3578 5325 3765 5395 οὔσης.

2198 5417 2311 5470 Καὶ
2342 5419 2398 5469 αἰ
2435 5417 2533 5487 μὲν
2560 5417 2670 5472 τῶν
2716 5418 2960 5487 γλυκέων
3004 5420 3210 5474 ὑδάτων
3252 5419 3475 5491 μερικαὶ
3515 5416 3771 5487 δυνάμεις

2198 5508 2446 5578 Νύμφαι,
2482 5511 2539 5562 αί
2584 5510 2641 5562 δὲ
2672 5510 2780 5563 τῶν
2822 5511 3122 5565 θαλασσίων
3160 5512 3421 5582 Νηρεΐδες
3454 5510 3767 5578 κέκληνται.

2199 5596 2307 5650 Τοῦ
2326 5597 2369 5650 δ’
2390 5594 2457 5652 αὖ
2485 5600 2654 5670 πυρὸς
2669 5599 2767 5670 τὴν
2788 5601 3013 5672 δύναμιν
3033 5602 3419 5674 προσειπόντες
3444 5600 3766 5668 Ἥφαιστον,

2207 5687 2616 5760 ἀνθριὸποειδὲς
2678 5692 2775 5761 μὲν
2830 5693 2994 5746 αὑτοῦ
3045 5695 3105 5746 τὸ
3166 5692 3386 5763 ἄγαλμα
3437 5690 3769 5761 πεποιήκασι
