4156 6414
1300 268 1368 326 ,⁸.

309 403 410 460 201

1468 399 1791 456 ΡΒΔΞΡΑΒ.
1830 397 2082 454 EVANG.
2125 398 2256 454 LIB.
2304 398 2394 455 Ill.

3459 406 3568 462 2‘02

310 524 461 578 πῖλον
489 523 547 577 δὲ
580 524 896 596 περιέθεσαν
927 524 1175 589 κυάνεον,
1203 523 1305 594 τῆς
1331 522 1585 595 οὐρανίου
1612 519 1864 592 σύμϐολοη

1983 530 2181 572 norum
2224 517 2353 572 item
2387 516 2738 575 flosculorum
2765 519 2934 585 Attin,
2970 533 3079 574 non
3108 535 3268 576 secus
3294 535 3357 575 ac
3386 533 3534 578 matu

313 614 630 683 περιφορᾶς,
663 612 789 667 ἔνθα
819 613 914 667 τοῦ
948 612 1118 685 πυρός
1150 613 1267 665 ἐστι
1298 612 1361 664 τὸ
1392 610 1668 682 ἀρχοειδὲς
1698 627 1759 663 τε
1789 611 1885 663 καὶ

309 703 788 775 ἀκραιφνέστατον.
810 704 884 757 Τὸ
910 705 965 757 δὲ
988 705 1069 767 εἰς
1089 704 1192 774 γῆν
1212 701 1536 772 κατενεχθὲν
1563 701 1622 768 ἐξ
1653 699 1884 770 ούρανοῦ

308 796 421 865 πῦρ
451 794 802 866 ἀτονώτερον,
841 797 1097 868 δεύμενόν
1128 813 1191 848 τε
1240 795 1617 866 στηρίγματος
1645 794 1741 847 καὶ
1789 792 1886 863 βά-

311 891 448 943 σεως
479 882 575 951 τῆς
599 881 961 954 ἐφ’ὖληςσδιὸ
1007 883 1253 955 χωλεύει,
1309 882 1443 955 ὕλης
1492 883 1748 954 δεόμενον
1801 884 1883 945 εἰς

308 971 636 1042 ὑπέρεισμα.
682 973 793 1028 Καὶ
819 973 971 1044 ἡλίου
996 975 1056 1028 δὲ
1095 973 1194 1046 τὴν
1237 975 1445 1029 τοιάνδε
1478 975 1718 1045 δύναμιν
1751 975 1884 1028 ὑπο-

305 1062 580 1127 λαϐόντες,
623 1064 930 1119 Ἀπόλλωνα
976 1069 1292 1137 προσεῖπον,
1324 1066 1432 1120 ἀπὸ
1461 1067 1563 1137 τῆς
1594 1066 1702 1121 τῶν
1735 1067 1885 1120 ἀκτί-

304 1174 408 1209 νων
432 1154 594 1209 αύτοῦ
630 1157 897 1222 πάλσεως.
945 1159 1132 1213 Ἐννέα
1162 1159 1219 1212 δὲ
1256 1158 1550 1231 ἐπᾴδουσαι
1585 1157 1696 1230 (90)
1732 1157 1881 1229 αὐτῷ

301 1247 534 1311 Μοῦσαι,
562 1249 597 1319 ἦ
637 1266 696 1302 τε
726 1249 1076 1321 ὐποσελήνιος
1103 1251 1329 1321 σφαῖρα,
1376 1252 1470 1303 καὶ
1509 1251 1564 1302 αἱ
1593 1249 1732 1302 ἑπτὰ
1757 1248 1868 1301 τῶν

298 1337 588 1407 πλανητῶν
618 1339 713 1410 μία
733 1339 888 1409 (90'),
908 1341 1004 1394 καὶ
1031 1343 1064 1411 ἡ
1091 1341 1187 1411 μία
1201 1342 1299 1413 τῆς
1314 1339 1602 1404 ἀπλανοῦς.
1622 1339 1878 1412 Περιέθε-

305 1446 403 1482 σαν
429 1428 485 1482 δὲ
507 1428 654 1500 αὑτῷ
672 1431 771 1502 τὴν
798 1431 1022 1503 δάφνην,
1055 1432 1212 1486 τοῦτο
1242 1433 1339 1504 μὲν
1364 1433 1443 1487 ὅτι
1478 1432 1648 1504 πυρὸς
1675 1432 1881 1503 πλῆρες

299 1519 362 1572 τὸ
394 1521 578 1588 φυτὸν,
606 1524 700 1575 καὶ
713 1522 802 1577 διὰ
822 1522 979 1578 τοῦτο
999 1523 1234 1595 ἀπεχθὲς
1258 1524 1493 1595 δαίμοσι,
1514 1524 1671 1577 τοῦτο
1699 1524 1757 1578 δὲ
1796 1526 1879 1579 ὅτι

299 1609 457 1666 λάλον
496 1611 804 1682 καιόμενον,
852 1615 933 1677 είς
977 1616 1318 1686 παράστασιν
1362 1614 1460 1667 τοῦ
1508 1617 1877 1686 προφητεύειν

297 1700 387 1753 τὸν
419 1701 557 1755 θεόν.
605 1702 758 1755 Καθδ
788 1703 845 1756 δὲ
879 1703 1280 1770 ἀπαλεξίκακός
1326 1706 1440 1758 ἐστι
1476 1703 1585 1756 τῶν
1620 1704 1877 1771 ἐπιγείων

297 1793 327 1844 ό
372 1793 542 1863 ἥλιος,
602 1794 878 1866 Ἡρακλέα
932 1794 1042 1866 (91)
1074 1795 1250 1848 ,αὐτὸν
1298 1796 1613 1867 προσεῖπον,
1670 1796 1736 1848 ὲκ
1777 1794 1873 1847 τοῦ

1988 622 2173 663 rarum
2209 608 2430 678 frugum
2460 609 2698 664 Adonim
2731 611 3041 679 symbolum
3069 613 3355 667 exsistere.
3381 612 3563 680 Quor-

1988 714 2114 755 sum
2144 715 2275 770 ergo
2310 700 2473 756 rebus
2507 700 2577 756 iis
2605 702 2866 756 divinitas
2907 702 3214 773 alliugatur,
3250 719 3391 773 quas
3433 707 3559 759 uni-

1988 791 2135 846 versi
2163 792 2413 846 conditor
2441 791 2861 864 moderatorque
2894 792 3040 848 Deus
3071 794 3281 849 alendis
3322 794 3412 861 iis,
3437 809 3561 863 quae

1985 883 2041 938 in
2090 894 2236 938 terra
2282 893 2594 948 versantur,
2640 884 3010 940 animantibus
3063 886 3407 955 procreavit?
3444 884 3561 940 Aut

1985 978 2262 1047 quomodo
2299 978 2409 1031 vim
2440 986 2752 1033 terrestrem
2784 979 3033 1032 venerari
3065 992 3168 1032 nos
3210 978 3419 1044 deceat,
3461 977 3558 1046 qui

1984 1070 2231 1124 animum
2274 1071 2454 1125 sortiti
2500 1085 2694 1126 sumus
2742 1079 2938 1124 natura
2990 1070 3289 1134 cmlestem,
3345 1068 3558 1125 ratione

1981 1164 2293 1235 praeditum,
2328 1166 2716 1231 immortalem,
2747 1172 2911 1234 atquc
2944 1163 3236 1233 ejusmodi,
3263 1163 3355 1232 qui
3383 1162 3553 1218 Deum

1982 1257 2162 1328 ipsum
2186 1258 2570 1312 universorum
2603 1270 2784 1326 regem
2814 1256 3158 1325 perpurgatis
3185 1256 3557 1325 intelligentiae

1981 1349 2160 1405 oculis
2203 1349 2562 1418 contemplari
2613 1347 2826 1415 possit?
2872 1345 3112 1412 Deinde,
3164 1348 3256 1417 qui
3311 1347 3556 1403 Silenum

1982 1440 2172 1495 audiat
2209 1441 2509 1510 spiritalem
2537 1454 2659 1494 esse
2698 1448 2931 1503 motum,
2962 1439 3184 1508 vimque
3222 1441 3405 1510 omnia
3435 1455 3559 1509 per—

1981 1532 2290 1597 vadentem,
2320 1546 2557 1600 eumque
2590 1530 2752 1583 modo
2787 1529 2966 1598 capite
3003 1531 3304 1585 cmlestium
3337 1530 3555 1586 orbium

1979 1620 2417 1683 conversionem,
2463 1619 2627 1672 modo
2666 1618 2967 1688 hispidiore
2999 1635 3064 1675 ac
3097 1622 3352 1675 densiore
3383 1621 3553 1676 barba

1980 1709 2400 1766 crassitudinem
2451 1709 2592 1764 aeris
2621 1710 2943 1773 ostendere;
2990 1709 3108 1764 tieri
3135 1726 3205 1765 ne
3234 1710 3428 1780 possit,
3474 1711 3554 1766 uti

1980 1814 2141 1869 aequo
2163 1798 2348 1853 animo
2378 1799 2516 1853 ferat
2545 1814 2670 1853 eum
2701 1800 2908 1868 absque
2936 1801 3085 1855 omni
3110 1802 3367 1872 religioso
3399 1802 3550 1856 cultu

298 1861 527 1938 κλάσθαι
556 1861 719 1940 αὐτδν
748 1886 884 1958 πρὸς
915 1861 1008 1939 τὸν
1025 1861 1188 1956 άέρα,
1212 1886 1306 1938 ἀπ’
1334 1861 1597 1955 άνατολῆς
1620 1888 1698 1948 είς
1723 1885 1864 1939 δύσιν

1979 1891 2201 1962 indigne
2225 1889 2516 1960 praeteriri,
2553 1905 2718 1960 quem
2748 1892 2953 1947 relictis
2976 1893 3234 1949 omnibus
3260 1893 3429 1948 Deum
3454 1895 3554 1948 ha-

301 1977 466 2030 ἰόντα.
511 1975 730 2031 Δώδεκα
779 1976 824 2029 δ’
867 1976 1063 2039 ἄθλους
1108 1975 1399 2046 ὲκμοχθεῖν
1448 1975 1870 2047 ὲμυθοποίησαν,

294 2067 397 2136 τῆς
445 2068 586 2120 κατὰ
623 2067 715 2120 τὸν
765 2068 994 2139 οὐρανὸν
1037 2067 1354 2139 διαιρέσεως
1399 2067 1505 2121 τῶν
1555 2068 1760 2131 ζωδίων
1812 2068 1873 2122 τὸ

297 2157 566 2229 σύμϐολον
627 2160 1081 2231 ἐπιφημίσαντες.
1146 2160 1409 2213 Ῥόπαλον
1468 2160 1526 2213 δὲ
1582 2160 1731 2230 αὑτῷ
1777 2162 1873 2214 καὶ

294 2248 515 2320 λεοντῆν
545 2249 884 2320 περιέθεσαν,
915 2250 976 2303 τὸ
1008 2252 1105 2321 μὲν
1131 2252 1231 2322 τῆς
1272 2251 1588 2321 ἀνωμαλίας
1620 2252 1867 2321 μήνυμα,

293 2342 356 2393 τὸ
380 2342 438 2395 δὲ
469 2343 567 2413 τῆς
602 2343 741 2397 κατὰ
779 2344 839 2396 τὸ
864 2342 1053 2406 ζώδιον
1096 2343 1489 2414 ὲμφανιστικὸν
1519 2343 1720 2414 ἰσχύος.
1756 2344 1869 2414 Τῆς

292 2434 351 2487 δὲ
407 2437 675 2507 σωστικῆς
715 2436 825 2507 (92)
869 2435 1034 2490 αὐτοῦ
1088 2436 1371 2508 δυνάμεως
1430 2437 1757 2509 Ἀσκληπιὸς
1805 2437 1868 2491 τὸ

294 2525 358 2577 σύ
367 2525 579 2596 μϐολον·
605 2521 649 2595 ᾧ
676 2528 737 2580 τὸ
763 2529 858 2598 μὲν
894 2528 1129 2601 βάκτρον
1167 2528 1455 2593 δεδώκασι,
1498 2530 1598 2600 τῆς
1622 2528 1730 2582 τῶν
1767 2546 1867 2584 κα-

292 2617 535 2685 μνόντων
595 2619 930 2691 ὑπερείσεως
982 2620 1077 2673 καὶ
1129 2621 1514 2684 ἀναστάσεως·
1563 2621 1593 2673 ὁ
1639 2620 1697 2674 δὲ
1743 2623 1866 2691 ὄφις

291 2711 704 2782 περισπείρεται
758 2711 860 2782 τῆς
910 2713 1039 2784 περὶ
1087 2713 1149 2766 τὸ
1200 2712 1360 2784 σῶμα
1410 2714 1507 2767 καὶ
1543 2712 1643 2784 τὴν
1686 2712 1865 2785 ψυχὴν

289 2800 563 2871 σωτηρίας
596 2802 777 2873 φέρων
812 2807 1055 2875 σημεῖον·
1093 2805 1219 2875 (καὶ
1246 2805 1355 2876 μὴν
1385 2805 1710 2874 ὑφιστάντες
1731 2808 1865 2877 ἡμῖν

283 2890 378 2943 τὸν
411 2891 614 2962 κόσμον
643 2895 692 2946 οἰ
716 2895 956 2962 φυσικοὶ,
985 2894 1056 2948 τὰ
1084 2897 1214 2969 περὶ
1244 2896 1341 2969 τὴν
1363 2898 1473 2969 γῆν
1516 2896 1865 2968 ἱλυσπώμενα

280 2981 395 3035 τῶν
440 2982 615 3048 ζώων,
657 2985 759 3056 τῆς
799 2987 1109 3060 παχύτητος
1153 2990 1249 3042 καὶ
1290 2987 1527 3056 γεώδους
1569 2990 1865 3061 ᾐτιάσαντο

277 3076 539 3147 οὐσίας’)
586 3080 1100 3150 πνευματικώτατον
1148 3083 1258 3152 γὰρ
1293 3083 1356 3134 τὸ
1401 3080 1538 3145 ζῶόν
1580 3084 1717 3147 ὲστι,
1769 3083 1864 3137 καὶ

275 3167 385 3239 τὴν
407 3166 692 3221 ἀσθένειαν
725 3168 820 3221 τοῦ
857 3168 1107 3240 σώματος
1137 3169 1467 3224 ἀποδύεται·
1508 3171 1656 3268 δοκεῖ
1674 3171 1734 3226 δὲ
1767 3173 1862 3226 καὶ
1886 3207 1931 3268 c

278 3259 674 3333 ἰατρικώτατον
703 3257 861 3314 εἶναι·
890 3261 992 3331 τῆς
1014 3262 1123 3334 γὰρ
1150 3261 1469 3333 ὀξυδορκίας
1493 3255 1621 3336 εὗρε
1647 3264 1709 3316 τὸ
1731 3265 1861 3335 φάρ-

279 3368 481 3422 μακον,
505 3352 599 3404 καὶ
625 3351 922 3422 μυθεύεται
943 3354 1041 3424 τῆς
1057 3352 1405 3419 ἀναϐιώσεως
1432 3355 1629 3409 εἰδέναι
1644 3357 1765 3411 τινὰ
1784 3356 1868 3427 βο-

274 3443 471 3514 τάνην.
504 3442 618 3513 Τῆς
643 3442 687 3495 δ’
719 3438 786 3496 αὖ
820 3443 1146 3515 χορεπικῆς
1171 3462 1231 3499 τε
1264 3445 1358 3498 καὶ
1391 3446 1679 3512 ἐγκυκλίου
1706 3449 1863 3519 κινή-

278 3551 444 3601 σεως,
467 3535 587 3591 καθ’
601 3538 667 3607 ἢν
683 3538 809 3600 τοὺς
824 3537 1070 3610 καρποὺς
1091 3538 1345 3592 πεπαίνει
1375 3539 1409 3608 ἡ
1427 3538 1598 3610 πυρὸς
1613 3538 1860 3610 δύναμις,

273 3626 535 3691 Διόνυσος
584 3624 694 3699 (95)
738 3627 1000 3697 κέκληται
1046 3626 1264 3698 ἑτέρως,
1309 3626 1343 3697 ἢ
1395 3625 1504 3681 τῶν
1556 3627 1862 3700 ὑγροποιίῖΝ

270 3719 512 3791 καρπῶν
541 3719 786 3790 δύναμις,
819 3719 852 3791 ἢ
876 3719 1027 3791 παρὰ
1044 3717 1106 3773 τὸ
1120 3718 1427 3789 περιδινείν,
1450 3719 1485 3790 ἢ
1519 3718 1753 3774 διανύειν
1770 3721 1862 3774 τὸν

270 3811 432 3882 ἣλιον
462 3811 561 3883 τὴν
595 3814 737 3864 κατὰ
761 3811 850 3865 τὸν
871 3812 1097 3883 οὐρανὸν
1124 3813 1443 3885 περιφοράν·
1537 3812 1593 3866 δὲ
1614 3814 1742 3885 περὶ
1759 3812 1860 3877 τὰς

272 3905 429 3977 ὥρας
463 3906 559 3960 τοῦ
603 3906 807 3976 κόσμου
853 3906 1151 3977 περιπολεῖ,
1198 3907 1291 3959 καὶ
1321 3906 1526 3977 χρόνων
1554 3908 1670 3961 ἐστὶ
1704 3925 1860 3978 ποιη-

272 3998 452 4063 τικὺς,
488 3999 583 4051 καὶ
609 3997 862 4072 καιρῶνό
893 3998 1062 4067 ἥλιος,
1100 3994 1267 4069 Ὦρος
1291 3999 1432 4052 κατὰ
1466 3997 1625 4051 τοῦτο
1660 3999 1860 4070 κέκλη-

273 4104 392 4144 ται·
432 4090 531 4159 τῆς
573 4088 619 4142 δ’
651 4084 718 4142 αὖ
762 4090 1070 4160 γεωργικῆς
1107 4088 1271 4142 αὐτοῦ
1302 4088 1603 4159 δυνάμεως,
1642 4090 1763 4143 καθ’
1790 4092 1857 4162 ἢν

273 4183 340 4235 αἱ
361 4181 537 4245 δόσεις
556 4181 649 4234 τοῦ
680 4180 932 4245 πλούτου,
969 4180 1233 4251 σύμϐολον
1262 4183 1291 4234 ό
1318 4179 1590 4235 Πλούτων.
1626 4181 1857 4253 ὐμοίως

280 4274 470 4345 μέντοι
504 4275 597 4327 καὶ
624 4273 724 4345 τὴν
749 4273 1048 4345 φθαρτικὴν
1072 4271 1183 4343 ἔχει
1214 4270 1462 4342 δύναμιν,
1489 4272 1570 4325 διὸ
1589 4272 1667 4342 τῷ
1687 4272 1856 4326 Πλού-

272 4383 412 4419 τωνι
438 4363 793 4428 συνοικίζουσι
809 4364 900 4416 τὸν
920 4363 1184 4434 Σάραπιν·
1209 4360 1302 4414 τοῦ
1327 4361 1423 4432 μὲν
1445 4361 1726 4426 δεδυκότος
1751 4362 1855 4416 ὑπὸ

356 4475 483 4547 (90)
519 4473 727 4528 Ἐννέα
758 4471 826 4526 δὲ
869 4469 1218 4547 ἐπᾴδουσαι,
1248 4477 1353 4547 e_tc.
1391 4466 1853 4547 Plutarch._§ym-

1975 1980 2103 2035 bere
2124 1981 2428 2050 oportebat,
2455 1980 2692 2035 Adonim
2715 1988 2897 2036 autem
2923 1990 3088 2052 atque
3110 1980 3405 2048 Bacchum,
3433 1982 3554 2037 fru-

1974 2088 2070 2143 ges
2129 2072 2339 2126 scilicet
2383 2072 2758 2142 arborumque
2804 2071 2951 2129 fetus
2992 2073 3195 2128 divinis
3246 2075 3551 2130 honoribus

1971 2163 2329 2219 consecrari?
2361 2160 2633 2218 Praeterea
2660 2163 2952 2234 quisquam
2984 2182 3052 2221 ne
3071 2167 3262 2223 audire
3296 2169 3416 2223 sine
3448 2185 3549 2222 an—

1979 2256 2122 2310 rium
2165 2255 2465 2310 offensione
2494 2256 2690 2325 possit,
2730 2270 2945 2327 satyros
2972 2266 3027 2313 et
3066 2259 3323 2325 bacchas,
3369 2261 3545 2315 fmda-

1969 2361 2093 2400 rum
2122 2346 2619 2417 ellrenatarumque
2643 2347 2887 2403 hominis
2913 2348 3202 2404 libidinum
3232 2352 3547 2408 nominibus

1972 2439 2041 2494 ad
2075 2438 2317 2508 aliquam
2348 2439 2654 2495 honestatis
2684 2449 2740 2496 et
2772 2443 3058 2511 gravitatis
3104 2444 3341 2512 speciem
3374 2446 3550 2515 expli-

1970 2530 2130 2586 cari?
2165 2529 2353 2602 Satyri
2397 2531 2569 2596 enim,
2613 2532 2818 2603 inquit,
2860 2533 3098 2604 impetus
3152 2535 3296 2600 illos,
3350 2537 3444 2606 qui
3475 2536 3546 2592 ad

1966 2637 2224 2678 venerem
2257 2608 2571 2691 stimulant,
2609 2625 2833 2682 bacchae
2865 2641 2997 2681 vero
3030 2626 3147 2680 fieri
3178 2628 3393 2681 solitam
3418 2644 3549 2698 par-2

1966 2714 2102 2767 tium
2126 2728 2339 2779 earum,
2358 2713 2561 2783 quibus
2589 2715 2777 2772 veneri
2802 2715 3137 2787 indulgetur,
3166 2719 3543 2774 extensionem

1965 2802 2289 2860 referebant.
2358 2804 2467 2859 Sed
2515 2805 2686 2871 enim,
2744 2807 2877 2877 quid
2922 2808 3115 2862 attinet
3160 2808 3391 2879 singulis
3422 2811 3546 2866 istis

1970 2909 2219 2949 seorsum
2265 2893 2578 2951 refellendis
2602 2896 2926 2964 immorari,
2967 2914 3094 2953 cum
3134 2901 3309 2956 satius
3354 2903 3546 2971 utique

1964 2983 2153 3049 fuerit,
2182 2999 2251 3039 ne
2277 2986 2410 3055 quid
2437 3001 2541 3040 nos
2563 3002 2632 3040 ex
2658 2988 2876 3043 arcanis
2904 2990 3308 3060 reconditisque
3336 3003 3545 3062 myste-

1964 3078 2064 3134 riis
2091 3077 2285 3149 fugiat,
2325 3079 2633 3133 naturalem
2666 3094 2882 3144 eorum,
2919 3097 3043 3152 quae
3065 3091 3256 3153 postea
3294 3099 3543 3154 sequun-

1966 3180 2074 3237 tur,
2115 3184 2148 3225 a
2190 3170 2361 3226 citato
2406 3170 2676 3240 scriptore
2708 3171 2927 3226 allatam
2973 3174 3369 3243 expositionem
3413 3192 3542 3245 per-

1966 3277 2189 3318 currere
2231 3262 2490 3329 breviter,
2539 3270 2595 3316 et
2633 3263 2687 3316 in
2730 3265 3111 3334 compendium
3158 3281 3544 3337 summamque

1964 3351 2257 3421 colligere?
2280 3351 2371 3406 Sic
2391 3366 2522 3421 ergo
2542 3353 2925 3421 prosequitur:
2965 3372 2986 3406 ι
3024 3353 3140 3408 Vim
3164 3364 3345 3411 autem
3369 3373 3542 3428 aquas

1965 3441 2233 3498 alliciendi
2274 3443 2613 3508 universam,
2650 3441 2950 3509 Oceanum,
2998 3446 3356 3519 ejusdemque
3393 3466 3542 3521 sym-

1963 3532 2151 3587 bolum
2202 3531 2416 3603 Thelyn
2457 3531 2859 3600 nominarunt;
2907 3534 2982 3589 ita
3019 3534 3267 3604 quidem,
3313 3546 3375 3591 ut
3419 3553 3540 3607 quae

1964 3624 2034 3679 ad
2068 3624 2363 3679 bibendum
2399 3624 2588 3679 faciles
2613 3636 2667 3679 et
2694 3635 3035 3694 opportunas
3066 3626 3333 3692 elaborat,
3356 3630 3538 3685 Ache-

1963 3717 2124 3784 lous;
2155 3730 2277 3787 quze
2302 3717 2568 3781 marinas,
2595 3715 2917 3787 Neptunus:
2947 3718 3247 3788 eademque
3271 3720 3376 3784 vis,
3396 3735 3540 3790 qua-

1960 3819 2120 3865 tenus
2171 3810 2237 3864 ad
2281 3811 2686 3880 generationem
2724 3810 2881 3880 112
2916 3818 3043 3881 apta
3072 3820 3176 3877 est,
3209 3807 3540 3883 Amphitrite

1959 3900 2248 3955 habeatur.
2282 3901 2360 3955 Ac
2391 3902 2700 3972 singulares
2733 3904 2955 3972 quidem
2985 3919 3257 3973 aquarum
3288 3906 3537 3963 dulcium

1957 3992 2192 4046 virtutes
2221 3993 2494 4062 nympha},
2525 3994 2866 4048 marinarum
2894 4004 3102 4059 autem,
3143 3994 3403 4054 Nereides
3439 4013 3539 4070 ap-

1959 4083 2251 4153 pellantur.
2282 4082 2456 4137 Porro
2482 4084 2592 4136 vim
2619 4084 2762 4153 ignis
2800 4084 3026 4140 Vulcani
3055 4087 3279 4141 nomine
3306 4103 3534 4156 expres-

1956 4187 2165 4242 serunt,
2201 4176 2431 4245 ejusque
2459 4176 2756 4231 simulacro
2778 4178 3018 4232 hominis
3053 4177 3108 4231 in
3141 4180 3376 4247 speciem
3398 4196 3533 4235 con-

1956 4266 2186 4335 ﬂgurato
2231 4267 2525 4320 caeruleum
2576 4269 2778 4336 pileum
2826 4268 3165 4333 indiderunt,
3209 4285 3321 4338 quo
3367 4272 3533 4326 coale-

1957 4367 2099 4413 stem
2128 4357 2274 4409 illam
2306 4356 2724 4411 conversionem
2756 4357 3103 4423 denotarent,
3137 4357 3232 4413 ubi
3268 4361 3531 4434 primige-

1957 4471 2269 4532 contritam,
2296 4467 2697 4538 Etymologicon
2720 4483 2969 4538 magnum
2991 4470 3278 4538 repudiat;
3306 4473 3398 4529 sed
3423 4478 3529 4529 mi-

274 4538 397 4618 ροὲ.
434 4546 526 4598 lib.
563 4561 679 4606 vm,
711 4552 903 4618 quaest.
927 4541 1024 4618 )4,
1062 4542 1228 4618 multa
1247 4541 1322 4618 de
1348 4540 1644 4618 novenario
1671 4538 1852 4618 Musa-
1883 4550 1928 4604 ι)
1956 4557 2062 4597 nus
2092 4550 2256 4618 recte,
2287 4540 2341 4592 ni
2382 4539 2573 4618 fallor.
2594 4538 2744 4618 Alias
2788 4547 2972 4618 tamen
3022 4541 3330 4618 complures
3375 4545 3531 4618 affert

273 4608 407 4674 rum
458 4630 707 4677 numero,
729 4608 829 4668 'ubi
869 4611 1200 4681 etiamrhtec,
1247 4608 1633 4681 Porphyrianis
1666 4611 1848 4681 minus

274 4689 462 4767 alien}
486 4705 498 4738 :
523 4682 816 4767 lvloﬁaatﬁé
834 4684 994 4767 ,εἰσιν
1033 4680 1108 4753 (f.
1138 4679 1334 4767 ἔνεισιν
1350 4677 1532 4767 ὶρκτὼ
1565 4680 1842 4767 σφαίραις·

277 4757 385 4840 μία
410 4756 467 4809 δὲ
517 4756 608 4808 τὸν
638 4755 766 4826 περὶ
796 4753 898 4834 γῆν
924 4749 1106 4822 εῐλαχε
1132 4751 1315 4803 τόπον.
1352 4751 1490 4804 Tum
1532 4749 1846 4805 coelestibus

275 4830 334 4882 Id
385 4827 627 4880 muneris
672 4824 935 4887 attribuit,
972 4830 1032 4875 ut
1076 4819 1440 4890 πλανωμένων
1466 4818 1677 4891 ἄστρων
1710 4820 1846 4891 πρὸς

271 4898 350 4951 τὰ
398 4896 633 4967 ἀπλανῆ,
667 4894 948 4967 καιηπρὸς
973 4892 1201 4967 ,ἄλληλα
1237 4891 1530 4961 συνέχωσιν
1559 4890 1842 4961 ἁρμονίαν.

273 4967 450 5022 Nona:
492 4963 672 5021 autem
719 4964 820 5028 illi,
858 4963 919 5018 ut
973 4963 1307 5031 hominibus,
1342 4967 1608 5031 quantum
1655 4976 1847 5031 capere

355 5038 517 5107 ssint,
551 5036 831 5107 χαρίτων,
861 5034 977 5107 καὶ
1003 5030 1230 5107 ρυθμοζ),
1258 5030 1367 5107 καὶς
1402 5030 1679 5107 ἁρμονίας-
1711 5030 1847 5083 ενδι-

355 5054 512 5099 SSlllt,
551 5054 811 5107 χαριτων,
861 5054 952 5087 και
1003 5054 1230 5103 ρυῠμου,
1258 5054 1352 5084 και
1402 5054 1666 5102 αρμυνιας
1711 5054 1847 5083 ενοι-

270 5054 419 5179 εἰη,
449 5105 543 5179 δια
564 5106 722 5174 λόγου
751 5106 846 5179 καὶ
874 5103 1044 5179 ᾠδῆς·
1077 5100 1250 5154 πειθὼ
1279 5101 1560 5179 πολιτικῆς
1598 5101 1692 5179 καὶ
1733 5115 1847 5179 κοιτ-

270 5170 584 5247 νωνητικῆς
612 5170 868 5247 συνεργὸν
892 5170 1200 5247 ἐπάγουσα,
1225 5171 1724 5247 παραμυθουμένην
1748 5170 1847 5224 καὶ

271 5240 571 5318 κηλοῦσαν
595 5240 753 5318 ἡμῶν
787 5240 858 5318 ’τὸ
896 5240 1226 5318 ταραχῶδες,
1277 5240 1845 5318 καὶτὸ-πλανώμενον

273 5310 471 5389 ὥσπερ
492 5316 552 5382 ἐξ
578 5310 1251 5389 ἐνοδίαςᾲάνακαλούμένην
1273 5310 1551 5376 επιεικῶς,
1581 5312 1676 5365 καὶ
1690 5310 1847 5364 ήκαθι-

274 5385 486 5441 στᾶσαν
504 5403 518 5416 ·
553 5387 691 5441 male
708 5387 863 5448 enim
888 5385 1211 5438 καθιστᾶσα.

353 5457 486 5531 (90‘)
514 5454 676 5531 Forte
700 5456 991 5531 delendum
1022 5455 1164 5531 tata."
1182 5452 1340 5507 Enrr.
1369 5521 1381 5531 _
1424 5520 1456 5531 η

352 5520 478 5594 (9η
520 5526 820 5595 Ἡρακλέα.
860 5520 1099 5595 Macrob.
1125 5521 1407 5595 διιιιιιτιιιζἱ
1423 5520 1517 5576 lib.
1546 5537 1585 5595 _t,
1612 5535 1730 5590 cap.
1752 5520 1843 5586 20,

276 5591 389 5653 hac
415 5591 481 5653 de
508 5591 887 5665 re'pluribus,
898 5594 1119 5665 aliunde
1146 5603 1326 5665 tamen
1351 5591 1614 5665 _Hercul_i_s_
1637 5603 1845 5665 etymo—_

232 5661 241 5669 ’
272 5667 481 5730 logiam
516 5660 823 5722 arcessens.
862 5663 1111 5718 Heracles
1151 5663 1310 5723 enim,
1348 5662 1524 5728 inquit
1562 5662 1671 5723 ille,
1698 5660 1845 5730 quid

272 5729 433 5790 ιιιίιιά
457 5749 558 5798 est.
590 5737 691 5789 nisi
719 5734 913 5799 Heras,
943 5733 997 5787 id
1020 5741 1103 5787 est
1125 5733 1295 5794 Aeris,
1325 5731 1502 5791 decus,
1534 5731 1585 5785 id
1623 5738 1709 5784 est
1729 5729 1844 5800 glo-

276 5808 369 5859 ria
389 5810 413 5859 ?
436 5822 554 5877 qua:
581 5821 751 5877 porro
779 5805 892 5858 alia
930 5804 1102 5877 gloria
1150 5810 1249 5866 est,
1268 5801 1381 5877 nisi
1415 5800 1550 5877 solis
1578 5799 1848 5852 illumina-

279 5871 531 5933 tio?etc.
577 5874 730 5930 Hanc
775 5871 1144 5935 notationem,
1193 5871 1470 5940 vulgarem
1518 5871 1642 5926 licet
1682 5878 1845 5939 atque

563 5972 838 6031 Ρλτιιοι..
888 5972 1009 6032 Gn.
1097 5965 1267 6030 XXI.

1956 4629 2065 4667 non
2111 4611 2295 4665 minus
2343 4607 2668 4678 exquisitas,
2700 4609 2758 4680 in_
2787 4607 2989 4680 quibus
3019 4607 3311 4680 praecipua:
3356 4617 3477 4680 duae
3511 4637 3523 4672 :

1955 4684 2143 4744 altera,
2182 4689 2241 4734 ut
2288 4677 2466 4751 dictus
2488 4680 2580 4751 sit
2625 4677 2775 4751 παρὰ
2808 4677 2922 4751 τὴν
2944 4677 3233 4751 ἐραν,κῷ
3258 4681 3320 4735 τὸ
3334 4679 3512 4747 κλέος

1953 4752 2108 4822 quasi
2140 4752 2196 4802 ὲν
2224 4753 2290 4821 τῇ
2320 4752 2388 4820 γῇ
2424 4748 2659 4815 ἔνδοξος·
2690 4746 2857 4831 altera
2876 4746 3051 4819 ’παρα
3072 4747 3134 4802 τὸ
3164 4746 3302 4818 ἦρα,
3337 4754 3430 4805 καὶ
3465 4746 3528 4806 τὸ

1953 4820 2150 4877 κλέος.
2188 4822 2337 4877 iuxta
2365 4821 2493 4873 illud
2522 4818 2711 4873 Phteln
2745 4819 3026 4874 oraculum
3061 4835 3078 4873 :

1952 4832 2150 4887 κλέος,
2182 4832 2337 4889 juxta
2365 4832 2493 4873 Illud
2523 4832 2711 4873 l’lltBlll
2745 4832 3026 4874 oraculum
3061 4835 3078 4873 :

1962 4892 2313 4960 Ἡρακλείαν
2341 4891 2418 4961 (f.
2433 4888 2724 4959 'Hpauﬁ)
2759 4888 2828 4944 δέ
2858 4904 2933 4944 σε
2970 4886 3527 5022 Φοῖὀὲιοέἑῖίὲἑὲἐιον

3166 4976 3408 5013 ονοιιαςε
3412 4979 3430 5013 ι
3437 5000 3450 5013 .

1943 5026 2100 5103 ῘΗρα
2124 5031 2231 5103 γὰρ
2255 5028 2615 5103 ἀνθρώᾳεοιοξι
2642 5027 2858 5103 φέρων,
2874 5027 3052 5103 κλέος
3072 4978 3522 5103 ῗὲἓῇἒᾷῗὲἓὲις.

1947 5096 2102 5175 Ἦρα
2128 5096 2334 5175 φέρειν,
2358 5096 2478 5155 ἆντὶ
2508 5096 3205 5175 τοῦζχαρίςε-σθαιμιοιιιηι
3235 5113 3302 5152 ex
3326 5096 3524 5155 Home.

1950 5189 2014 5228 ro
2035 5168 2265 5241 ejusque
2291 5172 2585 5241 interprete
2616 5168 2922 5241 Eustatliio.

2024 5235 2295 5318 (92)_Tﬁq
2321 5240 2389 5318 δὲ
2420 5235 2753 5318 ῥ’(οστικῆς.
2776 5237 3034 5318 Macrob.
3062 5236 3158 5291 lib.
3207 5250 3224 5289 ι
3273 5235 3519 5306 Salaria.

1951 5310 2074 5385 cap.
2105 5312 2197 5376 20,
2224 5310 2390 5385 multa
2418 5311 2472 5364 in
2500 5310 2641 5385 hanc
2668 5310 3014 5385 sententiam.

2023 5374 2135 5454 (95)
2175 5374 2485 5454 Διόνυσος.
2529 5377 2662 5454 Vide
2724 5377 3002 5454 eumdem
3033 5374 3279 5454 Macrob.
3327 5380 3517 5434 eodem

1951 5444 2071 5518 libi,
2108 5444 2155 5507 ὁ.
2188 5452 2276 5515 18,
2309 5444 2575 5521 ubihanc
2595 5518 2605 5521 _
2628 5449 2846 5521 in_rcm
2875 5444 3075 5515 Orphei
3105 5447 3224 5502 ιοοει
3249 5445 3359 5503 duo
3393 5466 3521 5521 pro-

1951 5515 2065 5579 fert
2089 5523 2382 5576 admodum
2410 5518 2665 5579 insignia.
2694 5515 2851 5569 Prior
2878 5525 2964 5570 est
2987 5534 3001 5571 :

1951 5631 1968 5646 .
2016 5632 2030 5646 .
2076 5631 2085 5645 ι
2132 5593 2423 5654 Διόνυσος
2452 5588 2503 5641 δ’
2522 5586 2846 5652 ἐπεκλήθη,

1955 5664 2185 5717 Οὕνεκα
2205 5658 2448 5713 δινεῖται
2472 5658 2596 5712 κατ’
2619 5656 2908 5723 ἀπείρονα
2932 5654 3168 5726 μακρὸν
3189 5656 3515 5725 Ὄλυμπον.

1950 5730 2248 5793 Posterior,
2285 5729 2454 5781 multa
2499 5743 2573 5798 ex;
2597 5726 2790 5798 Bacchi
2826 5727 3257 5798 ornamentiset
3288 5727 3520 5798 insigni-

1950 5804 2077 5869 bus,
2103 5801 2280 5858 eidem
2314 5798 2428 5855 Soli
2456 5796 2575 5852 κατ’
2612 5795 2941 5868 ἅλληγορίαν
2970 5796 3236 5852 attribuit.

2951 5958 2993 6017 ’1
