4156 6448
559 387 679 444 ’205

1232 383 1504 442 EUSEBII
1539 383 2019 444 CESARIENSIS
2055 385 2203 443 ΟΡΡ.
2250 387 2432 444 PARS
2467 389 2533 444 ll.
2570 422 2640 434 —-
2675 390 3182 450 APOLOGETICA.

3732 398 3834 456 2οι

574 503 702 557 nius
733 507 789 556 et
815 498 885 553 ab
915 498 1066 554 omni
1097 497 1225 555 fasce
1258 499 1592 570 purissimus
1625 499 1771 570 ignis
1804 498 2133 554 domicilium

2249 501 2352 569 γῆν
2381 502 2558 571 φωτὸς
2591 504 2683 557 τὸν
2716 505 3030 578 πορφυροῦν
3052 505 3255 577 χιτῶνα
3283 505 3595 578 ποιούμενοι
3630 509 3833 581 σύμϐος

462 646 465 651 .
574 610 736 652 suum
762 594 1071 650 collocavit.
1094 591 1230 647 Nam
1269 594 1362 664 qui
1391 609 1422 649 e
1454 593 1596 650 coelo
1619 592 1836 649 delatus
1879 594 1936 648 in
1967 602 2145 650 terras

572 688 716 759 ignis
741 696 846 749 est.
869 686 1014 757 quod
1039 694 1259 757 propter
1283 686 1549 756 majorem
1573 686 2004 742 imbecillitatem
2027 702 2148 741 ma-

558 779 723 835 teriae
746 778 908 851 quasi
936 777 1277 833 ﬁrmamento
1307 778 1567 844 indigeat,
1591 778 1922 834 claudicanti
1947 778 2147 834 similis

567 871 880 943 eﬂingitur:
930 884 1053 926 cum
1088 877 1270 924 autem
1322 869 1598 940 ejusmodi
1638 884 1859 941 quoque
1902 870 2146 941 aliquam

567 965 703 1022 solis
727 978 850 1020 esse
883 964 995 1018 vim
1021 971 1299 1034 putarent,
1338 963 1646 1035 Apollinem
1675 965 1855 1034 ipsum
1882 964 2141 1019 nomina-

569 1065 724 1122 runt,
773 1071 805 1110 a
845 1055 1077 1110 tremula
1123 1055 1404 1111 radiorum
1443 1055 1565 1127 ejus
1603 1055 1930 1122 vibratione,
1976 1070 2144 1126 quam

568 1149 767 1205 πάλσιν
803 1146 976 1204 Graeci
1015 1147 1228 1204 dicunt.
1260 1149 1339 1204 Ac
1366 1162 1563 1203 novem
1594 1147 1815 1218 quidem
1845 1146 2032 1213 Musae,
2066 1146 2145 1202 illi

566 1240 901 1303 accinentes,
929 1238 1200 1309 sphaeram
1234 1238 1362 1293 luna
1395 1235 1733 1303 inferiorem,
1776 1253 1901 1293 cum
1935 1246 2141 1309 septem

563 1326 908 1396 planetarum
938 1324 1190 1391 orbibus,
1230 1340 1451 1396 unoque
1478 1335 1740 1396 praeterea
1771 1327 1954 1384 omnis
1986 1343 2142 1384 erro-

564 1417 644 1472 ris
675 1425 896 1486 experte
924 1423 1346 1486 repraesentant.
1384 1415 1628 1472 Laurum
1656 1433 1787 1473 vero
1809 1418 1985 1474 eidem
2017 1435 2143 1475 con-

563 1517 874 1574 secrarunt,
925 1509 1126 1579 partim
1176 1511 1320 1580 quod
1354 1509 1480 1580 igne
1520 1509 1759 1567 abundet
1804 1512 1911 1568 hoc
1943 1513 2142 1584 planta:

562 1617 753 1673 genus,
788 1616 967 1672 eoque
991 1602 1334 1658 daemonibus
1362 1616 1592 1658 exosum
1627 1604 1999 1676 infestumque
2032 1607 2137 1672 sit;

558 1694 759 1763 partim
792 1692 961 1764 quod,
998 1693 1130 1750 dum
1161 1695 1363 1762 uritur,
1399 1695 1588 1751 vocale
1617 1697 1710 1763 sit,
1743 1712 1918 1768 eoque
1950 1698 2138 1754 futura

559 1786 891 1858 praedicendi
929 1787 1040 1843 vim
1088 1787 1216 1845 huic
1262 1787 1365 1845 deo
1401 1789 1582 1845 inesse
1626 1790 1919 1863 signiticet.
1966 1790 2136 1846 Eum-

558 1881 706 1946 dem,
743 1892 1017 1952 quatenus
1050 1882 1121 1938 ab
1145 1883 1235 1947 iis,
1280 1884 1375 1954 qui
1409 1884 1463 1939 in
1489 1883 1656 1940 terris
1697 1894 1887 1957 agunt,
1925 1885 2138 1942 incom—

560 1974 727 2030 moda
777 1974 1224 2046 calamitatesque
1268 1976 1509 2047 depellit,
1544 1975 1872 2047 quasidum
1907 1976 1976 2032 ab
2011 1986 2137 2032 ortu

560 2065 618 2120 in
670 2080 930 2121 occasum
974 2067 1344 2137 progreditur,
1378 2067 1611 2122 κλᾶσθαι
1646 2068 1784 2139 πρὸς
1822 2067 1983 2140 ἀέρα,
2032 2069 2139 2125 hoc

557 2157 737 2213 estad
774 2171 957 2211 aerem
994 2154 1175 2227 frangi
1222 2157 1497 2222 videatur,
1542 2157 1815 2230 Ἠρακλέα
1849 2157 2136 2215 Herculem

554 2248 943 2319 appellarunt;
992 2262 1156 2319 quem
1211 2249 1374 2304 etiam
1436 2248 1725 2305 duodecim
1772 2250 2136 2305 certaminum

554 2339 747 2395 labore
789 2337 1106 2395 defunctum
1142 2353 1267 2394 esse
1320 2338 1658 2407 fabulantur,
1711 2339 1949 2396 caelestis
1985 2340 2138 2397 orbis

555 2431 610 2483 in
645 2428 933 2484 duodecim
967 2428 1122 2499 signa
1166 2428 1492 2485 divisionem
1541 2429 1646 2485 hoc
1678 2429 1924 2501 symbolo
1955 2429 2138 2487 decla-

553 2534 680 2575 rare
726 2518 1028 2589 cupientes.
1069 2517 1292 2574 Flavam
1342 2520 1445 2590 ipsi
1492 2519 1777 2591 leonisque
1814 2520 2009 2591 pellem
2052 2530 2137 2576 at-

552 2610 828 2675 tribuunt,
861 2617 922 2664 ut
946 2610 1115 2665 altera
1143 2618 1330 2665 motus
1359 2609 1806 2680 inaequalitatem,
1831 2612 2000 2667 altera
2024 2612 2132 2667 vim

553 2696 690 2751 solis
735 2695 793 2751 in
836 2695 1010 2752 leonis
1057 2696 1216 2768 signo
1273 2698 1512 2754 maxime
1548 2699 1919 2757 dominantem
1972 2702 2130 2757 exhi-

550 2786 739 2843 beant.
775 2785 897 2842 Jam
932 2788 1192 2844 virtutem
1229 2788 1377 2846 illius
1406 2789 1700 2846 salutarem
1735 2807 1831 2861 per
1877 2790 2134 2848 Escula-

549 2879 706 2949 pium
756 2893 1079 2950 expressam
1117 2880 1361 2949 voluere,
1411 2882 1574 2952 eique
1618 2882 1874 2938 baculum
1909 2884 1963 2938 in
2013 2900 2134 2940 ma-

551 2985 686 3024 num
711 2969 1000 3034 dederunt,
1036 2969 1247 3027 scilicet
1276 2984 1387 3040 quo
1420 2969 1734 3026 laborantes
1757 2970 1843 3025 sui
1870 2984 1996 3025 cum
2030 2985 2127 3025 su-

550 3060 844 3126 stentandi,
868 3067 983 3115 tum
1001 3060 1165 3116 etiam
1193 3059 1439 3133 erigendi
1465 3061 1640 3132 gratia
1667 3068 1973 3117 uterentur.
2000 3060 2130 3117 Ser-

2251 592 2363 659 λον,
2397 595 2459 648 rb
2484 596 2541 649 δὲ
2572 596 3092 669 ὴκρωτηριασμένον
3126 599 3401 670 σκῆπτρον
3421 599 3522 670 τῆς
3563 601 3713 655 κάτω
3740 602 3831 656 δυ-

2250 686 2465 758 νάμεως
2487 688 2575 755 ,τό
2605 705 2666 741 τε
2699 689 2885 761 σχῆμα
2909 692 3007 761 τῆς
3042 690 3223 761 χειρὸς
3252 689 3347 743 τοῦ
3384 695 3718 764 μεταχωρεῖν
3754 695 3832 758 είς

2246 776 2310 830 rb
2335 778 2557 848 ἀφανές.
2594 780 2651 834 '0
2682 780 2740 833 δὲ
2767 780 3042 855 Κέρϐερος
3068 782 3394 856 τρικέφαλος
3422 782 3541 853 μὲν,
3575 783 3658 836 ὅτι
3685 788 3832 857 τρεῖς

2249 871 2304 924 αἱ
2333 871 2445 925 ἀνω
2468 871 2641 944 χῶραι
2667 872 2842 944 ἡλίου,
2870 873 3124 946 ἀνατολὴ,
3155 873 3491 945 μεσημϐρία,
3522 873 3693 938 δύσις.
3721 874 3829 947 Τὴν

2248 961 2308 1016 δὲ
2344 962 2594 1034 σελήνην,
2642 964 2794 1035 πειρά
2825 964 2885 1017 τὸ
2933 964 3099 1028 σέϐας
3131 963 3514 1028 ὑπολαϐόντες,
3566 966 3830 1039 ’Ἄρτεμιν

2248 1053 2716 1124 προσηγόρευσαν,
2763 1049 2874 1106 οἷον
2908 1055 3218 1127 ἀερότομιν.
3254 1055 3424 1126 Λοχία
3453 1072 3515 1109 τε
3561 1058 3597 1127 ἡ
3632 1058 3827 1130 ’Δρτε-

2252 1162 2364 1215 μις,
2384 1146 2588 1216 καίπερ
2609 1141 2745 1198 οὖσα
2768 1146 3055 1217 παρθένος,
3078 1148 3161 1200 ὅτι
3186 1148 3220 1217 ἡ
3250 1147 3347 1218 τῆς
3370 1146 3661 1219 νουμηνίας
3676 1147 3831 1201 δύνα-

2249 1253 2340 1304 μις
2380 1235 2708 1307 προσθετικὴ
2728 1237 2809 1299 είς
2833 1236 2895 1290 rb
2922 1237 3146 1291 τίκτειν.
3181 1237 3356 1309 Ὅπερ
3378 1236 3434 1290 δὲ
3464 1236 3734 1291 Ἀπόλλων
3770 1237 3830 1290 ὲν

2245 1327 2401 1399 ἡλίῳ,
2427 1328 2583 1381 τοῦτο
2620 1328 2821 1399 Ἀθηνᾶ
2855 1330 2913 1383 ὲν
2956 1328 3170 1402 σελήνηο
3203 1329 3319 1383 ἐστι
3358 1329 3469 1401 γὰρ
3494 1330 3593 1401 τῆς
3624 1332 3826 1403 φρονὴ-

2246 1438 2384 1484 σεως
2408 1420 2691 1492 σύμϐολον,
2733 1421 2933 1492 Ἀθηνᾶ
2958 1440 3042 1486 τις
3060 1419 3216 1477 οὖσα.
3253 1422 3528 1494 Ἐκάτηδὲ
3561 1426 3594 1495 ἡ
3628 1423 3827 1497 σελήνη

2244 1513 2426 1577 πάλιν,
2460 1514 2558 1584 τῆς
2596 1515 2725 1585 περὶ
2755 1514 2922 1585 αὐτὴν
2968 1515 3507 1586 μετασχηματίσεως,
3552 1516 3647 1569 καὶ
3688 1516 3829 1571 κατά

2241 1604 2369 1668 τοὺς
2398 1606 2810 1677 σχηματισμοὺς
2836 1606 3138 1678 δυνάμεως.
3162 1607 3253 1659 Διὸ
3277 1607 3578 1678 τρίμορφος
3603 1608 3638 1679 ἡ
3664 1606 3826 1661 δύνα-

2246 1713 2357 1766 μις,
2379 1697 2477 1767 τῆς
2506 1697 2605 1767 μὲν
2644 1698 2938 1768 νουμηνίας
2969 1699 3207 1769 φέρουσα
3233 1697 3334 1767 τὴν
3380 1697 3700 1768 λευχείμονα
3731 1697 3828 1753 καὶ

2241 1789 2693 1861 χρυσοσάνδαλον,
2721 1790 2816 1843 καὶ
2859 1789 2957 1853 τὰς
2990 1788 3279 1860 λαμπάδας
3302 1788 3567 1858 ἡμμένας·
3596 1790 3625 1841 6
3645 1787 3703 1841 δὲ
3730 1789 3829 1843 κά-

2240 1884 2421 1949 λαθος,
2452 1883 2510 1936 ὃν
2540 1882 2633 1935 ἐπὶ
2660 1885 2773 1946 τοῖς
2807 1880 3101 1953 μετεώροις
3124 1879 3300 1952 φέρει,
3330 1880 3430 1950 τῆς
3449 1880 3556 1934 τῶν
3589 1880 3827 1952 καρπῶν

2241 1976 2629 2048 κατεργασίας,
2685 1974 2780 2038 οὒς
2825 1974 3118 2047 ἀνατρέφει
3176 1975 3318 2028 κατά
3373 1972 3472 2045 τὴν
3509 1971 3606 2026 τοῦ
3645 1973 3829 2043 φωτὸς

2240 2067 2582 2141 παραύξησιν
2601 2085 2615 2098 ·
2643 2068 2741 2139 τῆς
2765 2067 2811 2121 δ’
2857 2063 2924 2121 αὖ
2963 2067 3298 2138 πανσελήνου
3326 2068 3360 2138 ἡ
3390 2066 3829 2137 χαλΜσάνδαλος

2241 2161 2529 2233 σύμϐολον.
2562 2160 2635 2213 Ἦ
2664 2160 2759 2214 καὶ
2795 2161 2861 2214 ὲκ
2888 2161 2985 2231 μὲν
3016 2158 3112 2213 τοῦ
3138 2158 3334 2213 κλάδου
3364 2160 3462 2230 τῆς
3486 2159 3692 2228 δάφνης
3723 2159 3827 2214 λά-

2241 2254 2323 2306 ϐοι
2351 2252 2415 2307 ἀν
2446 2270 2531 2317 τις
2561 2254 2745 2317 αὐτοῖς
2778 2265 2805 2294 ι
2844 2252 2908 2306 rb
2933 2252 3200 2324 ἔμπυρον,
3235 2253 3301 2306 ὲκ
3333 2252 3390 2306 δὲ
3428 2251 3524 2306 τοῦ
3569 2254 3828 2324 μήκωνος

2237 2348 2299 2400 τὸ
2348 2345 2593 2416 γόνιμον,
2654 2345 2746 2399 καὶ
2772 2345 2833 2399 τὺ
2862 2345 3066 2417 πλῆθος
3100 2345 3208 2398 τῶν
3250 2344 3694 2415 είσοικιζομένων
3740 2348 3829 2409 εἰς

2238 2439 2407 2511 αὐτὴν
2426 2437 2633 2509 ψυχῶν,
2672 2436 2859 2509 ῶσπερ
2879 2439 2959 2501 εἰς
2987 2436 3162 2501 πόλιν,
3195 2437 3279 2490 ὅτι
3333 2436 3542 2500 πόλεως
3574 2438 3603 2489 6
3630 2438 3830 2508 μήκων

2240 2528 2526 2600 σύμϐολον.
2568 2527 2734 2594 Τόξον
2784 2527 2843 2581 δὲ
2875 2527 3032 2598 φέρει
3075 2526 3329 2597 καθάπερ
3362 2528 3396 2597 ἡ
3431 2527 3698 2597 ’Ἄρτεμις
3731 2525 3827 2581 διὰ

2236 2619 2333 2692 τὴν
2353 2620 2461 2673 τῶν
2498 2619 2701 2673 ὠδίνων
2745 2619 3000 2691 ὀξύτητα.
3051 2617 3219 2671 Πάλιν
3247 2617 3291 2670 δ’
3325 2612 3391 2671 αὖ
3420 2619 3475 2670 αι
3501 2607 3696 2688 Μοῖραι
3725 2618 3826 2671 ἐπὶ

2234 2713 2335 2777 τὰς
2363 2712 2621 2784 δυνάμεις
2650 2712 2823 2782 αὐτῆς
2851 2710 3216 2781 ἀναφέρονται
3237 2727 3250 2739 ·
3280 2711 3313 2779 ἡ
3344 2709 3443 2781 μὲν
3476 2710 3683 2764 Κλωθὼ
3727 2710 3825 2763 ἐπὶ

2233 2805 2333 2877 τὴν
2377 2805 2721 2877 γεννητικὴν,
2780 2803 3015 2876 Λάχεσις
3060 2804 3116 2856 δὲ
3163 2802 3305 2856 κατά
3346 2803 3445 2874 τὴν
3495 2803 3823 2875 θρεπτικὴν,

2236 2899 2507 2973 Ἀτροπος
2530 2899 2588 2953 δὲ
2611 2901 2645 2970 ἡ
2673 2897 2813 2952 κατά
2843 2898 2906 2951 rb
2927 2897 3301 2968 ἀπαραίτητον
3330 2896 3423 2950 τοῦ
3464 2895 3610 2951 θεοῦ.
3642 2897 3824 2952 Συνοι-

2233 2989 2445 3056 κίζουσι
2467 2989 2526 3043 δὲ
2576 2989 2713 3059 αὐτῇ
2743 2988 2835 3042 καὶ
2872 2987 2972 3059 τὴν
2998 2987 3107 3040 τῶν
3131 2986 3359 3059 καρπῶν
3387 2988 3708 3059 γεννητικὴν
3728 2988 3824 3042 δύ-

2233 3097 2419 3153 ναμιν,
2466 3080 2612 3151 ἥπερ
2678 3079 2796 3132 ἐστὶ
2851 3079 3151 3150 Δημήτηρ,
3205 3077 3436 3149 δύναμιν
3484 3080 3820 3150 ἐμποιοῦσαν

546 3168 683 3224 pens
712 3160 895 3208 autem
924 3152 1101 3209 eidem
1141 3151 1575 3209 circumvolutus
1603 3152 1855 3224 corporis
1888 3153 2124 3209 salutem

2236 3151 2391 3245 αὐτῇ.
2464 3171 2576 3226 Καὶ
2626 3170 2743 3224 ἔστι
2801 3170 3094 3241 συνεκτικὴ
3144 3169 3243 3241 τῆς
3294 3171 3479 3243 Κόρης
3516 3175 3550 3245 ἡ
3595 3174 3817 3247 σελήνη.

548 3244 820 3316 Signiﬁcat
865 3244 1047 3314 (enim
1079 3257 1212 3299 vero
1234 3242 1449 3314 physici
1483 3243 1584 3310 illi,
1618 3244 1712 3314 qui
1749 3245 1910 3301 nobis
1935 3245 2126 3301 mundi

546 3339 716 3409 hujus
749 3336 1088 3393 molitionem
1127 3334 1490 3403 tradiderunt,
1538 3336 1685 3405 quod
1727 3335 1875 3392 circa
1923 3344 2126 3392 terram

547 3431 746 3501 aliquae
778 3443 902 3485 sese
926 3427 1196 3483 volvendo
1225 3426 1447 3482 trahant
1495 3428 1824 3494 animantes,
1870 3428 1926 3482 in
1974 3443 2129 3483 cras-

547 3520 751 3577 siorem
807 3518 1025 3572 illarum
1075 3525 1503 3587 terrestremque
1559 3526 1812 3572 naturam
1867 3517 1990 3587 ejus
2048 3518 2128 3574 rei

545 3625 769 3666 causam
803 3607 1193 3679 contulerunt),
1227 3608 1373 3678 quod
1412 3609 1518 3663 hoc
1556 3607 1848 3664 animantis
1876 3623 2047 3679 genus
2074 3618 2129 3665 et

543 3702 737 3773 spiritu
750 3715 863 3771 prae
877 3700 1085 3756 caeteris
1103 3700 1359 3766 abundet,
1377 3708 1432 3754 et
1442 3700 1687 3769 corporis
1706 3699 2128 3755 imbecillitatem

542 3803 726 3851 exuat.
758 3791 903 3860 Quin
934 3793 1099 3849 etiam
1124 3792 1398 3863 praecipuo
1426 3791 1662 3861 quodam
1684 3801 1736 3847 et
1762 3791 2024 3862 singulari
2058 3792 2127 3847 ad

542 3885 871 3941 medicinam
924 3882 1187 3939 instinctu
1232 3880 1363 3937 ferri
1389 3881 1623 3947 videtur,
1657 3881 1859 3951 quippe
1888 3881 1982 3952 qui
2015 3896 2126 3937 non

542 3986 757 4035 tantum
776 3977 1023 4033 acuendo
1042 3977 1095 4031 vi
1126 3975 1212 4031 sui
1231 3974 1688 4030 medicamentum
1716 3974 1999 4044 repererit,
2030 3974 2126 4031 sed

539 4070 706 4125 etiam
726 4068 949 4124 herbam
976 4068 1237 4139 aliquam,
1252 4075 1313 4122 ut
1333 4065 1531 4121 fabulae
1544 4066 1849 4135 perhibent,
1867 4082 2126 4124 revocan-

539 4161 623 4218 dae
644 4162 765 4217 vitae
783 4162 1068 4232 perutilem
1095 4160 1327 4216 noverit.
1343 4161 1413 4213 At
1445 4174 1571 4214 vero
1592 4166 1815 4230 propter
1829 4160 2123 4217 mctionem

536 4254 682 4310 illam
698 4254 1017 4310 circularem
1034 4268 1100 4308 ac
1112 4250 1386 4307 saltationi
1400 4250 1865 4321 persimilem,qua
1878 4252 1960 4307 vis
1971 4251 2124 4322 ignea

535 4341 803 4399 fructibus
815 4342 1177 4397 maturitatem
1190 4339 1417 4409 πῖθι-ια
1429 4339 1530 4411 13
1548 4339 1836 4412 Dionysius
1850 4341 2007 4413 longe
2019 4342 2125 4397 alia

534 4435 750 4489 ratione
764 4448 926 4503 quam
941 4432 1215 4488 fructuum
1232 4431 1600 4487 humidiorum
1627 4431 1731 4499 vis,
1755 4441 2122 4503 nuncupatur,

2231 3260 2647 3333 Προσοικίζουσι
2691 3260 2750 3313 δὲ
2797 3262 2894 3314 καὶ
2947 3261 3041 3314 τὸν
3072 3264 3324 3316 Διόνυσον
3365 3261 3456 3315 διά
3486 3279 3546 3315 τε
3575 3264 3672 3335 τὴν
3703 3264 3819 3318 τῶν

2232 3357 2479 3427 κεράτων
2528 3353 2757 3423 ἐκφυσιν
2804 3354 2900 3408 καὶ
2942 3352 3032 3408 διὰ
3062 3354 3153 3408 τὸν
3187 3354 3296 3408 τῶν
3317 3353 3495 3423 νεφῶν
3528 3356 3692 3409 τόπον
3718 3357 3817 3410 τὸν

2231 3446 2587 3517 ὑποκείμενον
2606 3446 2719 3509 τοῖς
2751 3444 2903 3499 κάτω
2960 3444 3173 3516 μέρεσι.
3235 3445 3344 3517 Τὴν
3365 3445 3422 3499 δὲ
3454 3445 3547 3500 τοῦ
3599 3447 3815 3518 Κρόνου

2229 3541 2461 3612 δύναμιν
2487 3520 2695 3610 νωχελῆ
2748 3536 2844 3591 καὶ
2875 3536 3131 3609 βραδεῖαν
3176 3537 3271 3590 καὶ
3301 3536 3514 3609 ψυχράν
3544 3538 3813 3603 κατεῖδον,

2230 3631 2311 3686 διὸ
2361 3630 2460 3702 τὴν
2507 3628 2601 3683 τοῦ
2647 3627 2838 3701 χρόνου
2887 3628 3118 3698 δύναμιν
3172 3627 3322 3698 αὐτῷ
3372 3627 3810 3699 προσανέθεσανο

2229 3720 2570 3779 ἀποτυποῦσί
2621 3738 2675 3774 τε
2727 3720 2890 3774 αὑτὸν
2930 3719 3162 3782 ἑστῶτα,
3201 3719 3383 3774 πολιὸν
3410 3720 3545 3791 πρὸς
3574 3719 3813 3790 ἔμφασιν

2227 3813 2325 3869 τοῦ
2364 3812 2664 3886 γηράσκειν
2708 3810 2799 3864 τὸν
2846 3810 3037 3884 χρόνον
3057 3827 3071 3841 ο
3105 3810 3214 3864 τῶν
3241 3810 3299 3864 δὲ
3331 3810 3539 3882 καιρῶν
3566 3808 3813 3881 σύμϐολα

2228 3907 2279 3960 οί
2323 3904 2623 3976 Κούρητες,
2655 3902 2749 3956 τὸν
2790 3902 2998 3973 Κρόνον
3020 3900 3419 3972 βουκολοῦντες,
3447 3904 3531 3956 ὅτι
3578 3901 3669 3956 διά
3699 3900 3814 3956 τῶν

2229 3995 2439 4069 καιρῶν
2488 3997 2517 4049 6
2549 3993 2739 4066 χρόνος
2781 3991 3087 4065 παροδεύει.
3124 3993 3244 4046 Τῶν
3290 3991 3348 4045 δὲ
3395 3992 3585 4065 Ὡρῶν,
3616 3993 3672 4046 αἱ
3708 3994 3813 4064 μὲν

2226 4086 2558 4159 όλυμπιάδες
2616 4084 2724 4138 εἰσὶ
2774 4083 2868 4138 τοῦ
2904 4084 3078 4155 ἡλίου,
3122 4084 3180 4138 αἶ
3243 4084 3340 4137 καὶ
3382 4084 3658 4154 ἀνοίγουσι
3704 4084 3811 4150 τὰς

2225 4180 2369 4235 κατά
2396 4179 2488 4232 τὸν
2511 4178 2650 4250 ἀέρα
2677 4176 2872 4242 πύλας,
2891 4177 3024 4231 αἰδὲ
3050 4176 3454 4249 ἐπιχθόνωιτῆς
3480 4179 3770 4248 Δήμητρος
3789 4196 3808 4211 ο

2224 4272 2321 4325 καὶ
2346 4268 2581 4324 κάλαθον
2638 4268 2844 4340 ἔχουσι,
2890 4269 2983 4322 τὸν
3033 4268 3131 4340 μὲν
3171 4268 3281 4322 τῶν
3319 4268 3496 4322 ἀνθῶν
3537 4268 3813 4339 σύμϐολον

2225 4365 2319 4419 τοῦ
2352 4364 2535 4436 ἔαρος,
2585 4362 2678 4415 τὸν
2720 4362 2777 4416 δὲ
2808 4362 2916 4416 τῶν
2960 4361 3207 4431 σταχύων
3246 4361 3340 4414 τοῦ
3373 4360 3580 4431 θέρους.
3613 4360 3718 4413 Τοῦ
3745 4362 3812 4418 δὲ

2230 4457 2424 4529 ’Δρεος
2454 4454 2553 4526 τὴν
2573 4452 2802 4525 δύναμιν
2829 4452 3226 4516 καταλαϐόντες
3245 4452 3524 4523 διάπυρον,
3551 4452 3811 4524 πολέμων

535 4526 663 4598 quia
693 4525 900 4580 sol-aut
931 4519 1215 4592 περιδινεῖ,
1236 4523 1341 4579 hoc
1361 4531 1445 4579 est
1469 4522 1524 4576 in
1558 4522 1743 4577 orbem
1778 4524 2119 4595 circumagit,

2236 4519 2522 4620 ποῖητικὴν
2540 4546 2636 4600 καὶ
2663 4519 3052 4618 αῖματουργὺν,
3081 4544 3336 4616 βλάπτειν
3367 4519 3427 4597 τε
3458 4545 3551 4598 καὶ
3574 4519 3810 4615 ὠφελεῖν

535 4626 633 4674 aut
686 4616 964 4672 ctelestem
1007 4614 1416 4670 conversionem
1448 4612 1916 4676 Btavtiemonlicit.
1949 4613 2115 4683 Idem,

533 4720 804 4782 quatenus
836 4724 942 4781 per
986 4708 1236 4778 singulas
1260 4703 1537 4761 inferioris
1567 4705 1758 4761 mundi
1804 4704 1975 4782 ὥρας,
2010 4709 2119 4766 hoc

2223 4640 2529 4712 δυναμένην
2583 4638 2867 4709 ἐποίησαν.
2900 4638 3003 4690 Τὸν
3022 4637 3079 4690 δὲ
3114 4636 3216 4707 τῆς
3261 4636 3577 4709 Ἀφροδίτης
3599 4639 3812 4711 ἀστέρα

2223 4733 2598 4805 θεωρήσαντες
2649 4729 3049 4801 γενεσιουργὸν,
3096 4728 3389 4800 ἐπιθυμίας
3418 4748 3478 4783 τε
3515 4732 3610 4784 καὶ
3638 4733 3809 4805 γονῆς

531 4811 639 4871 est,
671 4810 1024 4872 tempestates
1056 4815 1157 4855 suo
1186 4810 1333 4854 motu
1376 4796 1763 4854 circumfertur
1786 4838 1801 4863 ,
1833 4808 2115 4873 statasque

2236 4796 2414 4889 ιετιὸνζ
2472 4796 2706 4890 γυναῖκα
2756 4821 2852 4890 μὲν
2900 4796 3213 4873 ἀνέπλασαν
3255 4796 3343 4875 διὰ
3396 4820 3495 4875 τὺν
3544 4796 3803 4891 γένεσιν,

532 4897 662 4950 anni
696 4892 1128 4960 vicissitudines,
1165 4889 1348 4955 efﬁcit,
1377 4887 1557 4946 Herus
1597 4899 1887 4962 propterea
1927 4896 2110 4951 nomi-

2236 4916 2426 4989 ὓραὶαν
2450 4887 2529 4978 δέ,
2561 4914 2643 4966 ὅτι
2674 4887 2770 4966 καῖ
2797 4912 3091 4982 Ἕσπερος,

531 5019 714 5067 natur.
771 5006 862 5065 Vis
888 5016 1070 5063 autem
1103 5005 1244 5077 ejus,
1291 5019 1457 5076 quam
1494 5004 1550 5059 in
1596 5019 1849 5076 agrorum
1903 5007 2118 5065 cultura
2160 5010 2382 5082 promit,
2448 5020 2666 5077 quaque
2727 5003 2955 5058 πλοῦτον
2986 5004 3204 5061 divitias
3236 5020 3476 5078 opesque
3516 5009 3801 5073 conciliat,

529 5105 691 5159 Pluto
721 5101 1026 5176 symbolum
1072 5109 1175 5156 est.
1221 5099 1326 5155 Sed
1367 5098 1626 5169 quoniam
1681 5098 1799 5168 ipse
1850 5099 1963 5155 vim
2019 5103 2185 5159 etiam
2237 5098 2621 5170 corrumpendi
2673 5098 2855 5158 habet.
2904 5095 3123 5152 Plutoni
3172 5094 3485 5169 Serapidem
3533 5099 3803 5169 adjunxe-

530 5206 699 5252 runt:
727 5211 792 5251 ac
832 5193 1055 5250 luminis
1081 5193 1300 5263 quidem
1352 5192 1455 5247 sub
1512 5200 1717 5247 terram
1775 5193 2075 5251 subeuntes
2126 5202 2331 5251 vestem
2392 5205 2758 5263 purpuream;
2790 5187 3066 5244 inferioris
3090 5200 3270 5245 autem
3300 5190 3354 5244 in
3377 5188 3564 5246 Manes
3591 5190 3799 5261 princi-

531 5300 714 5359 patus,
780 5298 1053 5361 sceptrum
1087 5301 1305 5345 summa
1341 5295 1495 5357 parte
1554 5286 1807 5341 mutilum
1837 5305 1853 5355 ;
1908 5288 2028 5358 ejus
2092 5289 2326 5360 denique
2363 5288 2419 5342 in
2449 5286 2717 5342 occultam
2742 5285 3104 5354 latentemque
3169 5285 3379 5356 plagam
3413 5300 3663 5341 secessus
3695 5301 3797 5356 pe-

531 5383 792 5438 culiarcm
831 5399 1027 5437 manus
1088 5380 1535 5453 compositionem
1596 5378 1905 5449 symbolum
1944 5395 2064 5436 esse
2101 5381 2413 5437 voluerunt.
2446 5378 2515 5432 At
2552 5375 2791 5432 Cerbero
2841 5376 2946 5431 tria
3001 5376 3181 5446 capita
3216 5377 3552 5438 tribuuntur,
3592 5378 3796 5446 quibus

532 5486 641 5530 tres
702 5474 832 5529 solis
867 5476 921 5529 in
948 5474 1097 5531 cuan
1126 5475 1392 5545 regiones,
1459 5481 1634 5536 ortus,
1699 5471 1976 5537 meridies,
2015 5478 2069 5525 et
2107 5485 2335 5525 occasus
2406 5469 2753 5523 denotentur.
2794 5464 2921 5520 Jam
2964 5480 3091 5519 vero
3134 5465 3320 5520 lunam
3365 5468 3651 5537 Ἄρτεμιν,
3687 5467 3794 5521 hoc

530 5576 615 5623 est
671 5565 920 5633 Dianam,
978 5566 1137 5637 quasi
1191 5564 1506 5636 ἀερότομιν,
1567 5576 1751 5616 aerem
1822 5570 2124 5627 secantem,
2161 5559 2529 5617 venerationis
2562 5558 2732 5629 gratia
2778 5565 3181 5627 nuncuparunt.
3216 5557 3294 5612 Ac
3339 5558 3515 5628 partui
3546 5558 3786 5627 quidem,

530 5663 746 5720 tametsi
811 5664 986 5734 virgo,
1058 5662 1228 5717 Diana
1278 5667 1494 5731 praeest,
1540 5660 1686 5728 quod
1729 5657 2013 5715 noviiunio
2062 5658 2145 5715 vis
2207 5658 2454 5729 quadam
2510 5655 2665 5726 insit,
2720 5669 2842 5726 quae
2896 5655 3142 5726 pariendi
3196 5654 3507 5711 facultatem
3577 5654 3786 5714 aﬂ‘erat.

598 5841 625 5871 ⁸
666 5829 733 5884 τον
778 5830 966 5901 αὐτῆς.
