4156 6418
1310 312 1352 347 δ.

334 431 444 487 9.οὸ
1515 424 1835 480 ΡιῖιΕΡΑῐῖ.
1879 472 1880 477 η

1985 423 2134 480 ANG.
2178 424 2306 479 LIB.
2349 423 2440 480 111.
3477 427 3584 482 906

334 543 491 610 Quod
521 553 700 600 autem
736 545 792 599 in
826 545 940 600 sole
971 544 1186 613 Apollo,
1228 544 1332 600 hoc
1379 544 1562 614 ipsum
1588 544 1826 599 Minerva
1855 546 1911 597 in
1963 544 2092 599 luna
2155 552 2260 612 est,
2293 544 2438 614 quod
2480 543 2570 598 illa
2614 543 2914 614 prudentia:
2939 544 3246 616 symbolum
3284 545 3456 601 instar
3487 561 3586 600 cu-

327 637 546 710 jusdam
576 636 828 691 Minerva:
858 637 946 692 sit.
990 635 1248 690 Eamdem
1281 652 1502 692 rursum
1556 636 1792 691 Hecaten
1862 637 2164 700 nominant,
2234 637 2304 690 ob
2340 635 2550 700 formae,
2612 653 2773 708 quam
2809 637 2864 691 in
2917 652 2981 691 ea
3015 639 3315 705 cernimus,
3352 639 3585 694 varieta-

333 739 465 793 tem,
491 728 576 783 cui
607 729 690 783 vis
715 729 876 783 etiam
909 728 1123 783 diversa
1151 729 1494 796 respondeat.
1517 727 1702 798 Itaque
1735 729 1814 782 sic
1836 743 1899 782 ea
1958 730 2041 782 vis
2092 729 2288 798 triplici
2352 727 2527 783 forma
2567 729 2844 800 ﬁguraque
2868 729 3240 800 distinguitur,
3267 739 3328 785 ut
3375 715 3586 785 novilu-

332 818 485 873 nium
530 819 747 888 quidem
812 820 935 874 alba
998 828 1164 884 veste,
1229 820 1411 873 aureis
1450 819 1732 882 sandaliis,
1798 817 2119 890 facibusque
2171 820 2452 874 succensis
2505 830 2888 890 repraesentet;
2953 823 3202 878 calathus
3260 831 3439 878 autem
3498 823 3581 888 is,

331 924 496 978 quem
526 911 644 980 ipsa
676 919 870 980 gestat,
905 911 998 964 ubi
1035 911 1284 965 altiorem
1321 910 1378 964 in
1422 911 1605 966 locum
1641 912 1897 965 subvecta
1943 911 2060 980 jam
2115 921 2216 974 est,
2262 911 2480 982 frugum
2527 913 2876 976 maturitatis,
2940 927 3104 982 quam
3138 913 3206 969 iis
3239 915 3382 969 circa
3415 915 3583 969 lumi-

332 1005 418 1058 nis
476 1004 866 1059 incrementum
925 1005 1134 1060 alendis
1189 1004 1383 1071 eﬂicit;
1432 1019 1606 1058 aereus
1665 1004 1901 1072 denique
1967 1004 2336 1059 sandaliorum
2388 1003 2538 1059 color
2587 1005 2869 1074 plenilunii
2930 1005 3235 1077 symbolum
3293 1006 3580 1066 habeatur.

329 1097 466 1154 Nam
500 1100 640 1154 lauri
679 1100 897 1170 quidem
964 1117 1200 1168 ramum,
1269 1101 1504 1171 speciem
1565 1099 1684 1170 ejus
1728 1100 1964 1169 igneam,
2005 1081 2240 1170 papaver
2285 1108 2489 1164 autem,
2553 1115 2676 1155 cum
2725 1100 2972 1170 ejusdem
3017 1100 3423 1170 fecunditatem,
3465 1109 3582 1157 tum

327 1205 458 1247 vero
487 1194 816 1260 animorum,
851 1195 945 1265 qui
997 1211 1118 1250 eam
1171 1196 1320 1251 velut
1362 1196 1552 1250 urbem
1589 1195 1825 1264 aliquam
1863 1195 2129 1258 incolunt,
2179 1195 2580 1250 multitudinem
2633 1195 2982 1266 interpretari
3032 1197 3318 1253 commode
3364 1197 3582 1268 possit:

328 1287 480 1341 urbis
514 1287 658 1340 enim
706 1289 1012 1358 symbolum
1060 1302 1294 1358 papaver
1344 1297 1447 1343 est.
1486 1287 1687 1342 Eadem
1725 1302 1912 1341 arcum
1952 1295 2012 1340 ut
2037 1287 2207 1342 Diana
2258 1287 2402 1343 ferre
2447 1289 2604 1352 solet,
2643 1303 2752 1358 quo
2781 1289 3081 1344 acutissimi
3135 1299 3323 1360 partus
3365 1291 3584 1345 dolores

325 1383 742 1436 adumbrantur.
780 1382 1088 1448 Quinetiam
1132 1381 1316 1438 Parcae
1342 1383 1410 1437 ad
1449 1382 1560 1436 vim
1618 1381 1762 1436 illius
1824 1381 2178 1451 multiplicem
2228 1382 2560 1441 referuntur.
2591 1383 2727 1438 Nam
2786 1383 2980 1440 Clotho
3031 1385 3096 1439 ad
3131 1386 3445 1456 generandi,
3480 1384 3585 1439 La-

324 1475 504 1532 chesis
555 1475 621 1528 ad
666 1475 842 1530 alendi
897 1476 1006 1530 vim
1059 1477 1312 1546 pertinet,
1369 1473 1604 1544 Atropos
1655 1474 1890 1544 denique
1947 1461 2286 1529 inexorabile
2335 1475 2498 1545 hujus
2535 1475 2650 1531 deae
2703 1491 2906 1532 numen
2963 1477 3252 1547 significat.
3312 1475 3584 1530 Praeterea

321 1563 539 1636 frugum
571 1565 970 1620 educendarum
1013 1567 1122 1620 vim
1166 1567 1234 1621 ad
1279 1567 1464 1621 lunam
1514 1565 1836 1636 adjungunt,
1866 1579 2061 1635 nempe
2105 1567 2380 1632 Cererem,
2428 1582 2550 1636 quze
2588 1569 2746 1624 novis
2786 1569 2958 1638 ipsam
3002 1569 3211 1624 viribus
3240 1577 3468 1639 augeat;
3505 1569 3583 1624 si-

320 1659 544 1729 mulque
599 1657 978 1730 Proserpinam
1053 1676 1085 1716 a
1135 1663 1264 1716 luna
1340 1661 1608 1716 contineri
1666 1660 1876 1714 volunt.
1944 1660 2103 1732 114
2166 1661 2442 1717 Bacchum
2491 1663 2655 1718 etiam
2721 1680 2844 1719 cum
2898 1680 2962 1719 ea
3016 1665 3143 1719 sede
3196 1665 3582 1736 domicilioque

319 1751 677 1820 conjungunt,
737 1751 932 1821 partim
985 1751 1056 1805 ob
1094 1751 1764 1821 cornuum‘cruptionem,
1813 1751 2008 1819 partim
2039 1751 2108 1804 ob
2156 1752 2382 1806 nubium
2447 1753 2725 1824 regionem
2759 1754 3112 1810 inferioribus
3171 1756 3418 1824 partibus
3461 1757 3581 1810 sub-

317 1837 615 1906 iacentem,
651 1837 719 1892 ad
768 1839 822 1893 id
870 1838 1180 1893 faciendum
1245 1839 1484 1895 adducti.
1544 1841 1615 1893 At
1639 1854 1766 1894 vero
1813 1840 2109 1894 Saturnum
2179 1841 2410 1897 lentiore
2454 1858 2518 1898 ac
2562 1845 2810 1915 segniore
2851 1845 2905 1899 vi
2951 1848 3250 1917 eademque
3298 1847 3582 1918 frigidiora

317 1933 610 2003 praeditum
683 1945 806 1985 esse
873 1946 999 1984 cum
1042 1931 1308 1996 viderent,
1376 1931 1638 1999 temporis
1702 1931 1812 1984 vim
1882 1931 2268 2000 assignandam
2320 1933 2424 2003 ipsi
2475 1944 2529 1990 et
2581 1940 3004 1993 consecrandam
3071 1947 3352 2009 putarunt,
3404 1955 3581 2009 eoque

316 2024 614 2096 imaginem
660 2023 807 2078 illius
855 2032 1091 2077 stantem
1143 2037 1446 2092 canamque
1493 2022 1788 2091 ﬁnxerunt,
1836 2033 1895 2079 ut
1942 2029 2226 2096 proprium
2295 2028 2557 2097 temporis
2601 2030 2814 2083 senium
2864 2031 3185 2086 indicarent.
3253 2031 3320 2084 Et
3367 2031 3580 2102 καιρῶν

314 2119 561 2188 quidem,
611 2115 718 2171 hoc
758 2123 840 2170 est
891 2115 1242 2170 occasionum
1291 2113 1607 2169 varietatem
1658 2113 1884 2170 Curetes
1947 2115 2168 2171 Saturni
2225 2117 2437 2170 nutritii
2469 2127 2878 2187 repraesentant,
2931 2121 3076 2189 quod
3107 2136 3203 2191 per
3242 2121 3391 2175 illam
3418 2124 3582 2192 quasi

314 2206 672 2264 occasionum
742 2202 1178 2259 vicissitudinem
1246 2203 1773 2272 tempusEincedere
1818 2204 2184 2274 progredique
2254 2205 2523 2261 videatur.
2584 2209 2852 2263 Horarum
2918 2219 3098 2265 autem
3140 2211 3260 2266 aliae
3299 2213 3575 2269 caelestes.

311 2306 372 2356 et
430 2297 682 2368 quaedam
734 2296 868 2352 solis
918 2295 1254 2350 administrat:
1306 2305 1458 2361 sunt,
1511 2297 1711 2367 quippe
1767 2313 1887 2367 quae
1919 2299 2042 2353 coeli
2080 2308 2270 2369 portas
2335 2309 2618 2370 reserent;
2665 2311 2950 2359 terrestres
3025 2305 3164 2371 alite,
3208 2321 3329 2376 quae
3390 2307 3576 2367 Cereri

311 2395 650 2461 tribuuntur,
702 2393 1043 2464 duplicisque
1093 2392 1304 2462 generis
1361 2391 1606 2447 calathos
1664 2391 1868 2460 ferunt,
1927 2395 2096 2449 alium
2152 2396 2380 2453 ﬂoribus
2439 2398 2683 2467 plenum,
2715 2399 2809 2468 qui
2847 2400 3010 2466 veris,
3049 2401 3216 2456 alium
3254 2403 3442 2471 spicis,
3473 2405 3566 2473 qui

312 2487 518 2542 aestatis
564 2487 872 2559 symbolum
916 2485 1005 2539 sit.
1058 2483 1214 2550 Quod
1265 2498 1397 2538 vero
1446 2483 1631 2538 Martis
1674 2485 1890 2556 igneam
1921 2501 2045 2542 esse
2068 2487 2176 2542 vim
2210 2489 2594 2561 intelligerent,
2625 2493 2870 2546 eamdem
2917 2492 3021 2562 ipsi
3076 2495 3414 2549 concitandis
3465 2495 3580 2550 bel-

309 2579 379 2634 lis
410 2587 465 2634 et
501 2578 682 2634 cruori
729 2576 1053 2632 eil'undendo
1107 2590 1360 2645 praeesse,
1413 2574 1697 2645 adeoque,
1741 2577 2041 2646 plurimum
2113 2579 2198 2634 vel
2256 2581 2569 2635 detrimenti
2623 2581 2708 2636 vel
2746 2582 2994 2637 utilitatis
3043 2583 3257 2649 afferre,
3291 2585 3569 2642 dixerunt.

311 2668 534 2724 Stellam
575 2677 755 2724 autem
791 2665 1019 2722 Veneris
1050 2681 1172 2721 cum
1205 2664 1510 2720 elliciendae
1545 2667 1882 2735 generationi
1917 2677 2122 2738 aptam,
2165 2677 2220 2724 et
2269 2669 2584 2739 cupiditatis
2616 2672 2948 2742 seminisque
3009 2688 3230 2728 causam
3276 2690 3398 2731 esse
3452 2681 3573 2736 ani-

307 2761 730 2823 madverterent,
759 2773 879 2814 eam
923 2757 1168 2812 mulieris
1217 2755 1438 2827 quidem
1501 2756 1685 2826 specie
1749 2760 2119 2828 generationis
2177 2761 2546 2831 exprimendae
2590 2762 2763 2833 gratia
2795 2763 3021 2827 ﬁnxere,
3069 2763 3247 2819 forma
3280 2781 3410 2820 vero
3440 2784 3570 2838 per-

307 2853 562 2925 eleganti,
589 2849 737 2922 quod
767 2851 954 2905 eadem
985 2842 1191 2918 Vesper
1216 2863 1435 2918 quoque
1468 2848 1560 2913 sit,

312 2971 420 3036 ’ος
443 2968 770 3031 κάλλιστος
794 2964 863 3019 ἐν
881 2963 1115 3033 οὐρανῷ
1134 2965 1368 3016 ἵσταται
1390 2962 1606 3030 ἀστήρ.

2181 2955 2287 3026 Qui
2322 2969 2428 3014 stat
2464 2961 2520 3014 in
2561 2959 2780 3015 art/tario
2806 2961 3194 3030 pulcherrimus
3227 2967 3350 3024 orbe
3383 3009 3399 3024 .

304 3083 417 3139 Καὶ
467 3083 688 3152 Ἔρωτα
745 3077 843 3149 μὲν
887 3075 1235 3146 παρέστησαν
1289 3073 1379 3128 διὰ
1416 3073 1514 3144 τὴν
1547 3073 1882 3143 ἐπιθυμίανο

306 3175 531 3228 σκέπειν
557 3171 614 3224 δὲ
646 3169 885 3240 μαστοὺς
940 3168 1036 3220 καὶ
1062 3166 1122 3220 τὸ
1154 3165 1363 3236 μήριον,
1410 3165 1493 3218 ὅτι
1534 3165 1697 3236 γονῆς
1741 3163 1887 3217 αἰτία

304 3268 399 3320 καὶ
461 3263 771 3335 ὲκθρὲψεως
810 3263 843 3332 ἠ
891 3259 1138 3332 δύναμις.
1178 3260 1298 3311 Ἔτι
1353 3258 1410 3310 δὲ
1453 3257 1562 3312 ἀπὸ
1592 3256 1883 3328 Θαλάττης,

306 3357 570 3428 στοιχείου
616 3353 838 3426 διύγρου
865 3353 958 3406 καὶ
984 3350 1211 3424 θερμοῦ,
1230 3349 1516 3404 καὶπολλὰ
1545 3348 1884 3419 κινουμένου,

305 3450 398 3505 καὶ
428 3449 515 3503 διὰ
557 3446 655 3518 τὴν
710 3445 1026 3516 συγκίνησιν
1054 3441 1380 3513 ἁφριῶντος,
1410 3441 1472 3494 τὸ
1513 3440 1884 3512 σπερματικὸν

305 3540 678 3611 αἰνιττόμενοι.
705 3535 812 3590 Τοῦ
840 3537 897 3590 δὲ
927 3535 1110 3604 λόγου,
1131 3532 1226 3586 τοῦ
1264 3533 1480 3588 πάντων
1504 3531 1789 3602 ποιητικοῦ
1822 3549 1884 3584 τε

306 3634 402 3688 καὶ
434 3628 849 3703 ἐρμηνευτικοῦ,
883 3629 912 3680 6
956 3627 1164 3699 Ἐρμῆς
1213 3626 1643 3696 παραπατικὸς.
1723 3625 1780 3680 '0
1826 3626 1883 3679 δὲ

303 3721 652 3793 ὲντεταμένος
687 3717 897 3790 Ἐρμῆς
939 3717 1088 3789 δηλοί
1125 3715 1222 3788 τὴν
1245 3715 1522 3769 εὐτονίανο
1561 3716 1798 3770 δείκνυσι
1826 3716 1884 3770 δὲ

303 3814 397 3866 καὶ
420 3812 510 3864 τὸν
539 3808 910 3881 σπερματικὸν
933 3807 1088 3876 λόγον
1111 3805 1204 3859 τὸν
1236 3805 1492 3876 διήκοντα
1520 3805 1610 3862 διὰ
1643 3807 1879 3861 πάντων.

304 3903 502 3958 Λοιπὸν
557 3901 616 3954 δὲ
671 3898 923 3961 σύνθετος
971 3896 1201 3966 λόγος,ὁ
1233 3897 1329 3966 μὲν
1376 3897 1433 3949 ἐν
1466 3896 1602 3966 ἡλίῳ
1643 3896 1877 3967 Ἑρμῆς.

314 3995 516 4066 Ἑκάτη
544 3992 601 4045 δὲ
628 3992 657 4043 6
688 3993 746 4044 ὲν
776 3990 973 4060 σελήνῃ
999 4005 1012 4018 ·
1060 3987 1338 4059 Ἑρμόπαν
1366 3986 1424 4039 δὲ
1449 3987 1477 4038 6
1498 3988 1554 4038 ἐν
1577 3985 1655 4057 τῷ
1685 3987 1876 4039 παντί·

303 4088 447 4142 κατὰ
504 4085 721 4140 πάντων
781 4082 877 4153 τὰρ
929 4081 958 4132 6
1008 4079 1381 4150 σπερματικὸς
1435 4078 1531 4131 καὶ
1563 4079 1877 4148 ,ποιητικὸς.

303 4177 566 4240 Σύνθετος
596 4175 653 4228 δὲ
699 4174 794 4228 καὶ
822 4168 934 4225 οἷον
967 4170 1242 4242 μιξέλλην,
1277 4170 1374 4222 καὶ
1405 4170 1534 4241 παρ’
1564 4170 1880 4238 Αἰγυπτίοις

301 4269 332 4321 6
369 4264 747 4339 Ἑρμάνουϐις.
813 4262 1058 4332 Ἐπειδὴ
1089 4273 1114 4301 δ
1143 4261 1234 4314 καὶ
1267 4261 1364 4331 τῆς
1388 4259 1598 4332 ἐρώσης
1625 4256 1692 4334 ἦν
1723 4262 1881 4316 δυνά-

305 4377 450 4431 μεως
473 4361 502 4413 6
547 4357 724 4426 λόγος,
775 4354 979 4425 ταύτης
1002 4357 1030 4407 6
1063 4353 1242 4424 Ἔρως
1273 4355 1302 4405 6
1333 4354 1754 4423 παραστατικός.
1787 4356 1826 4406 Δ

301 4457 432 4518 παῖς
451 4455 547 4524 μὲν
575 4452 666 4506 τοῦ
709 4451 912 4523 Ἑρμοῦ
953 4451 982 4502 6
1029 4451 1228 4521 Ἔρως,
1257 4450 1446 4520 νήπιος
1475 4449 1532 4502 δὲ
1549 4448 1640 4501 διὰ
1667 4449 1764 4511 τὰς
1791 4450 1876 4502 αἰ-

301 4547 538 4618 φνιδίους
571 4546 696 4618 περὶ
728 4544 826 4607 τὰς
881 4542 1176 4612 ἐπιθυμίας
1210 4539 1520 4611 ἐμπτώσεις
1551 4540 1736 4594 αὑτοῦ.
1768 4539 1875 4593 Τοῦ

298 4639 355 4693 δὲ
417 4637 616 4701 παντὸς
674 4636 764 4689 τὸν
792 4635 945 4688 Πᾶνα
998 4633 1263 4704 σύμϐολον
1303 4631 1483 4684 ἔθεντο
1505 4648 1516 4661 ⁸
1553 4629 1622 4684 τὰ
1656 4632 1753 4701 μὲν
1785 4631 1877 4684 κέ-

303 4749 439 4804 ρατα
462 4730 643 4792 δόντες
683 4725 925 4798 σύμϐολα
969 4725 1122 4796 ἡλίου
1173 4724 1268 4778 καὶ
1299 4723 1549 4794 σελήνης,
1580 4722 1678 4790 τὴν
1705 4722 1763 4774 δὲ
1793 4738 1880 4773 νε-

300 4820 456 4892 ϐρίδα
480 4819 589 4872 τῶν
637 4816 756 4871 κατ’
797 4816 1022 4886 οὐρανὸν
1070 4814 1334 4885 ἀστέρων,
1367 4811 1399 4884 ἢ
1432 4813 1530 4884 τῆς
1551 4810 1645 4864 τοῦ
1677 4809 1877 4873 παντὸς

301 4910 594 4974 ποικιλίας.
634 4928 654 4962 ι
677 4909 791 4964 Καὶ
819 4907 890 4961 τὰ
913 4907 1010 4978 μὲν
1052 4903 1342 4972 Ἑλληνικὰ
1366 4902 1611 4956 τοιαῦτα.

1834 4320 1953 4407 ιὸΒ

1989 3072 2128 3129 Huic
2156 3073 2417 3130 Amorem.
2459 3081 2682 3144 propter
2709 3074 3057 3143 cupiditatem
3097 3077 3416 3148 adjunxere.
3459 3085 3565 3142 Ea-

1992 3165 2118 3221 dem
2184 3166 2351 3220 ubera
2403 3174 2696 3236 partesque
2743 3167 3162 3224 verecundiores
3210 3174 3364 3243 tegit,
3420 3194 3562 3248 quo-

1989 3257 2136 3312 niam
2166 3257 2236 3312 iis
2272 3258 2578 3327 praesertim
2608 3256 2734 3312 fons
2781 3259 3006 3314 seminis
3049 3276 3114 3316 ac
3159 3267 3432 3324 nutriendi
3477 3274 3562 3329 vis

1988 3358 2043 3404 et
2082 3348 2316 3405 facultas
2356 3350 2690 3404 continetur.
2742 3348 2878 3404 Eam
2923 3351 3159 3422 denique
3199 3370 3230 3409 e
3272 3361 3410 3414 mari
3461 3379 3563 3418 ex-

1989 3441 2197 3498 stitisse
2246 3450 2492 3508 narrant,
2550 3443 2698 3512 quod
2741 3441 3061 3511 hujusmodi
3113 3447 3445 3508 elementum
3495 3472 3562 3512 ex

1987 3532 2217 3588 humido
2297 3534 2585 3604 calidoque
2659 3542 3021 3604 temperatum
3081 3549 3342 3608 perpetuo
3409 3557 3561 3604 motu

1987 3625 2242 3695 agitetur,
2279 3641 2453 3696 eoque
2502 3642 2751 3696 spumam
2789 3640 2995 3700 egerat,
3030 3648 3139 3702 qua
3167 3636 3279 3691 vim
3321 3641 3562 3696 semina-

1986 3717 2090 3773 lem
2138 3717 2519 3773 adumbratam
2574 3735 2696 3774 esse
2761 3721 3071 3778 voluerunt.
3127 3725 3198 3781 At
3257 3727 3566 3789 Mercurius

1985 3810 2290 3864 orationem
2325 3810 2572 3878 exhibet,
2607 3827 2732 3880 quze
2763 3813 2899 3867 nihil
2927 3830 3038 3870 non
3069 3816 3251 3884 elﬁcit,
3284 3821 3423 3877 nihil
3449 3840 3563 3881 non

1984 3899 2226 3954 illustrat
2261 3899 2605 3967 explicando.
2643 3901 2819 3971 Atque
2846 3902 2892 3956 is
2923 3914 3106 3960 erecto
3137 3909 3357 3976 quidem
3391 3920 3445 3966 et
3483 3913 3562 3970 in.-

1985 3998 2135 4045 tento
2166 3991 2413 4061 corporis
2442 4001 2587 4046 statu
2635 4007 2759 4046 cum
2797 3994 2910 4048 vim
2955 3996 3220 4056 orationis
3255 4004 3560 4060 contentio.-

1983 4097 2218 4151 nemque
2278 4092 2653 4152 repraesentat,
2717 4092 2833 4138 tum
2885 4101 3016 4142 vero
3051 4089 3371 4147 seminalem
3413 4109 3557 4164 quo-

1983 4188 2090 4243 que
2119 4174 2387 4228 rationem
2432 4174 2670 4229 ostendit
2712 4185 2909 4232 cuncta
2951 4190 3340 4247 permeantem.
3379 4183 3558 4262 Caete-

1983 4281 2105 4319 rum
2159 4266 2307 4334 quod
2351 4279 2415 4320 ea
2462 4266 2578 4321 sive
2626 4268 2806 4323 oratio
2847 4269 2960 4323 sive
3005 4271 3148 4325 ratio
3192 4276 3556 4343 compositum

1985 4353 2243 4423 quiddam
2276 4354 2368 4420 sit,
2415 4368 2577 4424 quam
2612 4353 2665 4408 in
2715 4356 2831 4411 sole
2866 4358 3165 4425 collocant,
3200 4360 3553 4432 Mercurium,

1985 4459 2151 4513 quam
2202 4443 2258 4496 in
2310 4443 2461 4510 luna,
2517 4443 2777 4512 Hecaten,
2833 4463 2996 4517 quam
3049 4449 3102 4502 in
3155 4450 3276 4520 ipso
3321 4454 3557 4525 denique

1986 4535 2243 4590 universo
2289 4533 2597 4606 Hermopan
2652 4538 3040 4605 nominarunt;
3089 4543 3232 4611 quod
3278 4546 3557 4602 seminatis

1984 4626 2075 4680 illa
2100 4627 2454 4697 eﬂ‘ectrixque
2479 4628 2620 4682 ratio
2651 4629 2906 4685 universa
2936 4633 3216 4700 pervadat.
3243 4633 3553 4700 Quinetiam

1986 4733 2053 4771 ex
2087 4717 2295 4787 duplici
2325 4733 2457 4773 voce
2486 4719 2822 4788 compositus
2849 4728 2951 4784 est,
2989 4731 3043 4776 et
3074 4721 3237 4778 Graio
3267 4725 3431 4778 veluti
3462 4744 3554 4795 ge-

1985 4823 2115 4863 nere
2145 4809 2371 4875 mixtus,
2422 4809 2470 4864 is
2498 4825 2662 4880 quem
2706 4808 3077 4867 Hermanubin
3104 4811 3343 4884 Aﬂgyptii
3370 4815 3554 4871 nami-

1980 4908 2134 4954 nant.
2179 4898 2246 4954 Et
2289 4901 2549 4970 quoniam
2583 4901 2818 4956 orationi
2863 4903 3124 4958 amatoria
3170 4907 3255 4959 vis
3302 4907 3550 4975 qumdam

301 5009 463 5075 inest,
508 5009 556 5062 ei
600 5002 1053 5076 repraesentanda:
1099 5000 1423 5071 Cupidinem
1470 4998 1858 5053 adhibuerunt.
1897 4993 2087 5064 Itaque
2128 4993 2384 5051 Mercurii
2441 4997 2660 5067 quidem
2708 4996 2854 5052 ﬁlius
2905 4997 3114 5069 Cupido
3170 5009 3272 5061 est,
3301 5001 3550 5070 idemun

303 5101 482 5171 pusio,
517 5107 738 5170 propter
769 5097 1084 5168 repentinos
1122 5094 1245 5149 illos
1297 5094 1555 5163 impetus,
1605 5092 1699 5161 qui
1732 5091 1911 5146 varias
1951 5091 2007 5145 in
2060 5090 2384 5161 cupiditates
2433 5091 2767 5162 praecipitem
2813 5107 2936 5148 eum
2983 5093 3220 5162 rapiunt.
3256 5092 3326 5149 At
3372 5108 3553 5151 extre-

298 5207 450 5246 mum
528 5191 696 5245 totius
769 5187 1075 5257 symbolum
1144 5184 1385 5239 universi
1432 5182 1590 5253 115
1648 5181 1800 5237 Pana
1849 5190 2108 5246 statuere,
2163 5183 2252 5237 cui
2318 5184 2582 5236 attributa
2629 5199 2839 5239 cornua
2889 5184 3060 5238 solem
3104 5191 3267 5252 atque
3337 5184 3549 5252 lunam,

309 5287 522 5342 hinnuli
572 5301 702 5340 vero
743 5285 902 5355 pellis
947 5291 1044 5338 aut
1109 5279 1411 5336 caelestium
1462 5279 1725 5341 siderum,
1772 5285 1866 5332 aut
1930 5277 2301 5334 universitatis
2349 5277 2513 5347 hujus
2579 5277 2895 5332 varietatem
2969 5285 3374 5346 repraesentem.
3417 5299 3438 5332 ι
3473 5281 3552 5336 Ac

299 5377 366 5433 de
393 5377 702 5433 Gmcarum
725 5375 1029 5430 fabularum
1055 5371 1418 5441 explicatione
1442 5371 1704 5424 hactenus
1731 5368 2090 5439 Porphyrius.

367 5472 450 5526 Τὰ
481 5471 537 5523 δὲ
587 5470 694 5523 τῶν
733 5466 1041 5536 Αἰγυπτίων
1075 5466 1236 5519 πάλιν
1271 5461 1495 5518 τοιαῦτά
1523 5479 1688 5533 φησιν
1731 5461 1874 5532 ἔχειν

2053 5461 2174 5516 Jam
2220 5476 2352 5516 vero
2394 5460 2766 5532 Egyptiorum
2814 5458 3140 5525 theologiam
3195 5463 3550 5530 sequentibus

295 5563 562 5635 σύμϐολα.
596 5562 700 5614 Τὸν
736 5558 1086 5632 δημιουργὸν,
1103 5556 1161 5611 ὃν
1183 5557 1342 5626 Κνὴφ
1374 5555 1483 5627 (94)
1517 5557 1565 5608 οἱ
1587 5553 1873 5623 Αἰγύπτιοι

1985 5554 2124 5609 notis
2171 5554 2550 5609 adumbratam
2593 5568 2715 5607 esse
2771 5552 2952 5605 tradit.
3006 5551 3340 5609 EtIectricem
3397 5555 3544 5612 illam

372 5713 400 5741 ει
442 5701 528 5754 ἴον.
557 5699 680 5754 ἐπεὶ
708 5697 786 5754 δέ.

371 5816 486 5879 (94)
527 5812 719 5896 firme,
759 5811 877 5868 Non
908 5811 1110 5883 Enen.
1151 5819 1446 5896 _ut.ut.est
1503 5811 1645 5880 apud
1681 5809 1944 5896 P‘ierium.
1988 5811 2179 5868 Affinis
2229 5809 2454 5868 llebraza
2503 5824 2607 5866 vox
2637 5818 2757 5896 πμ),
2792 5809 2844 5865 id
2912 5817 2993 5863 est
3021 5809 3144 5874 ala;
3193 5824 3306 5879 qua
3347 5814 3545 5880 praebia

299 5901 468 5958 puum
493 5901 522 5940 a
554 5885 856 5956 Porphyrto
884 5899 1123 5939 numnns
1151 5883 1314 5952 hujus
1341 5883 1554 5953 insigne
1585 5883 1824 5954 ponitur.
