4156 6418
352 360 456 416 209

874 464 1266 522 ΚΕΦᾹΛΑΙΟΝ
1299 463 1394 516 ίΒ’.

408 564 541 633 Περὶ
572 562 679 617 τοῦ
707 559 857 615 κατὰ
887 561 1000 628 τὴν
1042 557 1468 627 Ἐλεφαντίνην
1498 553 1858 625 ἀγάλματος.
1895 552 1921 608 ἓ

420 654 578 709 Κατά
619 654 677 707 δὲ
719 652 819 724 τὴν
863 648 1243 720 Ἐλεφαντίνην
1294 647 1449 702 πόλιν
1486 646 1597 719 (98)
1636 644 1920 717 τετίμηται

348 746 593 817 ἄγαλμα,
638 743 1018 815 πεπλασμένον
1063 741 1180 814 μὲν,
1234 739 1348 794 ἀλλ’
1377 751 1404 781 ι
1443 737 1781 811 ἀνδρείκελον
1826 736 1920 791 καὶ

350 838 678 910 καθήμενον,
713 834 946 891 κυανοῦν
965 853 1026 889 τε
1047 835 1146 908 τὴν
1176 832 1385 907 χροιὰν,
1414 832 1654 903 κεφαλὴν
1681 830 1740 884 δὲ
1764 828 1918 903 κριοῦ

348 930 705 1003 κεκτημένον,
761 929 857 984 καὶ
908 928 1173 999 βασίλειον
1192 966 1207 992 ,
1252 927 1460 998 κέρατα
1505 924 1735 997 τράγεια
1774 922 1918 994 ἔχον,

346 1018 429 1085 οἷς
447 1021 633 1075 ἔπεστι
673 1019 870 1084 κύκλος
908 1019 1226 1090 δισκοειδὴς.
1262 1016 1511 1089 Κάθηται
1547 1015 1624 1079 δὲ,
1657 1031 1922 1086 παρακει-

351 1112 512 1185 μένου
536 1112 807 1184 κεραμέου
846 1110 1086 1181 ἀγγείου,
1116 1111 1202 1181 ἐφ’
1228 1103 1290 1165 οῦ
1331 1109 1613 1181 ἄνθρωπον
1648 1107 1922 1163 ἀναπλάσ-

350 1222 484 1262 σειν.
517 1204 679 1277 Δηλοῖ
699 1203 756 1258 δὲ
788 1202 896 1258 ἀπὸ
922 1204 1018 1275 μὲν
1040 1201 1134 1257 τοῦ
1162 1200 1313 1275 κριοῦ
1350 1202 1638 1274 πρόσωπον
1662 1199 1805 1270 ἔχειν
1828 1198 1921 1253 καὶ

347 1297 501 1365 αἱγδς
520 1296 744 1367 κέρατα,
762 1294 861 1367 τὴν
889 1297 946 1350 ὲν
963 1294 1117 1367 Κριῷ
1139 1293 1352 1349 σύνοδον
1381 1292 1530 1365 ἡλίου
1547 1292 1642 1347 καὶ
1668 1291 1922 1364 σελήνης

344 1386 407 1438 τὸ
436 1385 493 1438 δὲ
518 1386 583 1439 ἐκ
638 1382 839 1440 κυανοῦ
890 1384 1108 1456 χρῶμα,
1159 1385 1242 1438 ὅτι
1276 1382 1591 1456 ύδραγωγὸς
1628 1383 1687 1435 ὲν
1719 1380 1921 1453 συνόδῳ

345 1478 380 1547 ἡ
413 1475 626 1548 σελήνη.
652 1476 726 1529 Τὸ
756 1476 813 1531 δὲ
839 1475 1089 1546 δεύτερον
1110 1473 1224 1545 φῶς
1252 1474 1351 1546 τῆς
1366 1473 1592 1545 σελήνης
1627 1475 1686 1526 ἐν
1730 1472 1922 1526 Ἀπόλ-

344 1566 511 1631 λωνος
560 1566 713 1621 πόλει
769 1564 1130 1638 καθιέρωται·
1180 1564 1295 1619 ἐστι
1342 1564 1400 1619 δὲ
1429 1563 1618 1619 τούτου
1655 1563 1920 1635 σύμϐολον

348 1658 828 1732 ἱερακοπρόσωπος
876 1657 1180 1728 ἄνθρωπος,
1216 1655 1406 1728 ζιϐύνῃ
1438 1654 1785 1727 χειρούμενος
1814 1656 1921 1709 Τυ-

1530 340 1845 398 ΡΒΕΡΑΒ.
1892 337 2141 396 EVANG.
2184 338 2311 395 LIB.
2351 338 2437 394 lli.

1949 461 2003 519 Δ

3478 329 3597 386 21οτ

2622 452 2849 511 CAPUT
2882 452 2995 509 XII.

2130 549 2209 603 De
2262 549 2569 611 simulacro,
2602 549 2739 618 quod
2769 542 3235 615 Elephantinopoli
3271 544 3477 596 visitur.

2092 639 2251 711 Apud
2300 637 2830 710 Elephantinopolim
2874 635 3148 706 quoddam
3192 630 3462 703 ejusmodi
3513 628 3588 684 si-

2024 729 2331 786 mulacrum
2374 738 2724 796 venerantur,
2771 726 2920 798 quod
2967 727 3182 793 sedens,
3232 739 3297 780 ac
3345 720 3586 779 caeruleo

2021 822 2207 879 colore
2234 822 2526 887 imbutum,
2573 822 2694 892 ipso
2731 820 2951 889 quidem
2992 818 3240 889 corporis
3270 825 3467 874 trunco
3512 816 3587 871 vi-

2020 913 2176 970 rilem
2204 928 2317 983 prae
2358 928 2416 969 se
2444 912 2549 968 fert
2584 912 2843 981 speciem,
2879 912 3068 967 arietis
3113 926 3247 968 vero
3279 919 3442 982 caput
3485 909 3586 964 ha-

2019 1005 2132 1071 bet,
2156 1005 2210 1060 in
2236 1019 2411 1075 eoque
2437 1004 2716 1075 proprium
2741 1018 2804 1059 ac
2822 1004 3146 1073 primarium
3172 1004 3402 1074 insigne,
3444 1001 3584 1058 hirci

2022 1112 2251 1165 cornua,
2307 1099 2507 1169 quibus
2555 1097 2798 1153 circulus
2856 1096 2989 1151 disci
3040 1095 3212 1167 ﬁgura
3261 1094 3582 1150 sustinetur.

2023 1190 2155 1259 Ejus
2183 1200 2364 1243 autem
2398 1189 2638 1245 sedentis
2666 1189 2734 1244 ad
2771 1189 2937 1259 pedes
2967 1187 3133 1243 fictile
3177 1201 3275 1241 vas
3316 1185 3483 1255 jacet,
3527 1185 3582 1238 in

2022 1295 2133 1350 quo
2162 1279 2370 1336 scilicet
2406 1280 2572 1334 homo
2604 1278 2859 1352 fingatur.
2890 1278 2958 1333 Et
2994 1279 3227 1335 arietina
3258 1276 3480 1348 quidem
3509 1274 3587 1331 fa-

2020 1370 2155 1437 cies,
2191 1369 2524 1441 caprinaque
2567 1386 2793 1436 cornua,
2825 1370 3125 1427 solemnem
3161 1371 3217 1425 in
3265 1369 3465 1425 Arietis
3510 1367 3586 1424 si-

2020 1474 2127 1530 gno
2175 1458 2306 1515 solis
2344 1474 2409 1515 ac
2442 1460 2586 1516 lunae
2628 1460 3106 1532 congressionem;
3146 1458 3411 1515 caeruleus
3450 1472 3584 1513 vero

2021 1550 2192 1615 color,
2224 1550 2367 1604 lunae
2399 1551 2509 1605 vim
2553 1551 2622 1606 ad
2654 1552 2926 1623 cogendas
2971 1559 3025 1607 et
3068 1550 3364 1607 eliciendas
3410 1564 3585 1620 aquas

2022 1640 2076 1693 in
2107 1654 2171 1694 ea
2195 1641 2583 1709 congressione
2603 1642 2930 1712 praecipuam
2962 1649 3334 1711 repraesentat.
3364 1636 3482 1694 Jam
3505 1654 3588 1694 se-

347 1729 521 1823 φῶνα,
575 1729 940 1820 ἱπποποτάμῳ
993 1748 1104 1820 (99)
1156 1748 1494 1819 εἰκασμένον.
1536 1747 1739 1801 Λευκὸν
1767 1747 1824 1801 δὲ
1849 1749 1914 1818 τῇ

2022 1730 2260 1785 cundum
2295 1729 2441 1785 lunae
2484 1731 2669 1787 lumen
2716 1732 2773 1787 in
2809 1731 3076 1801 Apollinis
3111 1730 3248 1786 urbe
3294 1744 3584 1787 consecra-

598 1804 973 1912 ἀγαλμα,“τῆς
998 1804 1120 1910 ’μὲν
1147 1804 1469 1911 λευκότητος
1494 1840 1557 1892 τὸ
1593 1804 1914 1909 φωτίζεσθαίί

2021 1829 2169 1885 runt,
2216 1820 2375 1891 cujus
2401 1821 2715 1892 symbolum
2750 1823 2914 1879 homo
2948 1831 3033 1878 est
3071 1821 3348 1892 accipitris
3375 1821 3582 1877 vultum

343 1935 442 2006 τὴν
480 1934 707 2006 σελήνην
736 1932 1183 2004 παραστησάσης,
1217 1931 1313 1986 τοῦ
1356 1932 1413 1986 δὲ
1446 1931 1715 2004 ἱερακείου
1749 1950 1918 2004 προσ-

342 2027 516 2092 ώπου,
561 2027 624 2080 τὸ
655 2026 746 2094 ἀφ’
793 2025 945 2097 ἡλίου
992 2022 1341 2093 φωτίζεσθαι,
1379 2024 1473 2078 καὶ
1512 2023 1728 2095 πνεῦμα
1778 2025 1920 2095 λαμ-

343 2121 560 2174 ϐάνειν*
594 2119 685 2174 τὸν
715 2119 826 2191 γάρ
873 2118 1069 2189 ἱέρακα
1120 2115 1256 2188 ἡλίῳ
1300 2116 1585 2189 ἀφιεροῦσι
1605 2133 1619 2147 ·
1654 2118 1830 2186 φωτὸς
1862 2117 1920 2171 δὲ

344 2214 439 2268 καὶ
490 2211 797 2282 πνεύματος
845 2208 997 2282 ἱέραξ
1044 2210 1228 2272 αὐτοῖς
1289 2207 1557 2281 σύμϐολον
1598 2208 1688 2263 διά
1720 2227 1781 2263 τε
1820 2209 1919 2281 τὴν

342 2300 707 2373 ὀξυκινησίαν,
746 2300 840 2355 καὶ
886 2300 947 2353 τὸ
987 2299 1123 2372 πρὸς
1162 2298 1295 2369 ὕψος
1331 2298 1665 2371 ἀνατρέχειν,
1699 2298 1827 2353 ἔνθα
1856 2299 1919 2354 τὸ

346 2394 479 2464 φῶς.
527 2395 583 2448 '0
631 2394 689 2449 δὲ
737 2392 1111 2463 ἱπποπόταμος
1151 2390 1242 2445 τὸν
1281 2390 1493 2445 δυτικὺν
1537 2390 1687 2461 δηλοῖ
1732 2392 1916 2458 πόλον,

346 2485 495 2558 παρὰ
510 2485 569 2538 τὸ
588 2485 902 2539 καταπίνειν
914 2485 994 2548 εἱς
1020 2482 1212 2537 ἑαυτὸν
1229 2484 1353 2548 τοὺς
1368 2502 1435 2538 πε
1444 2485 1798 2555 ριπολοῦντας
1814 2485 1911 2559 (1).

343 2576 475 2640 Θεὸς
530 2576 588 2629 δὲ
642 2577 865 2646 τιμᾶται
895 2576 953 2629 ὲν
981 2577 1049 2647 τῇ
1073 2574 1225 2629 πόλει
1265 2575 1437 2649 ταύτῃ
1464 2577 1494 2631 ὁ
1526 2570 1709 2650 Ὧρος.
1754 2578 1821 2632 Ἥ
1858 2577 1917 2632 δὲ

340 2665 441 2735 τῆς
488 2664 780 2745 Εἰληθυίας
837 2665 993 2729 πόλις
1039 2664 1101 2720 τὸ
1131 2664 1313 2737 τρίτον
1351 2664 1469 2736 φῶς
1499 2665 1809 2739 θεραπεύει.
1843 2666 1918 2722 Τδ

339 2756 395 2810 δὲ
427 2756 612 2823 ξόανον
642 2755 947 2811 τετύπωται
980 2758 1060 2821 εἱς
1091 2755 1240 2827 γῦπα
1269 2757 1582 2830 πετόμενον,
1610 2753 1680 2834 ἦς
1701 2759 1765 2814 τδ
1794 2759 1920 2815 πτι-

343 2864 499 2920 ρωμα
520 2849 583 2902 ὲκ
607 2848 910 2902 σπουδαίων
938 2848 1236 2921 συνέστηκε
1262 2846 1444 2902 λίθων.
1476 2847 1740 2921 Σημαίνει
1767 2848 1824 2904 δὲ
1854 2849 1917 2905 τδ

344 2940 441 3010 μὲν
473 2941 754 3009 γυποειδὲς
786 2941 958 3012 αὐτῆς
988 2939 1085 3012 τὴν
1112 2939 1431 3013 γεννητικὴν
1459 2942 1787 3013 πνευμάτων
1830 2960 1918 2997 σε-

337 3031 506 3102 λήνην
525 3049 539 3063 ⁸
576 3033 640 3085 ὲκ
670 3032 780 3104 γὰρ
810 3031 902 3086 τοῦ
934 3031 1242 3103 πνεύματος
1279 3031 1480 3087 οἴονται
1521 3032 1914 3106 συλλαμϐάνειν

2021 1912 2335 1982 praeferens,
2367 1929 2431 1969 ac
2464 1913 2782 1988 Typhonem
2827 1913 3210 1986 hippopotami
3240 1914 3420 1984 specie
3450 1929 3583 1970 con-

2020 2002 2319 2059 formatum
2359 2002 2546 2073 jaculo
2591 2004 2865 2074 subigens.
2913 2004 3185 2061 Caeterum
3230 2004 3339 2059 albi
3382 2003 3584 2059 coloris

2020 2093 2376 2149 simulacrum
2399 2103 2505 2160 est,
2552 2108 2663 2165 quo
2691 2093 2877 2149 lunam
2921 2110 3082 2151 suum
3132 2094 3352 2151 aliunde
3398 2096 3584 2150 lumen

2019 2185 2364 2241 emendicare
2414 2186 2743 2255 significant,
2792 2186 3250 2257 quemadmodum
3305 2186 3583 2257 accipitris

2018 2276 2195 2342 vultu,
2245 2277 2430 2332 lumen
2466 2277 2646 2347 ipsum
2684 2292 2793 2332 una
2846 2292 2971 2332 cum
3013 2278 3210 2349 spiritu
3254 2280 3311 2335 in
3351 2294 3469 2336 eam
3515 2280 3585 2335 ab

2019 2371 2136 2429 sole
2177 2371 2434 2428 derivari.
2483 2370 2599 2427 Soli
2655 2371 2801 2427 enim
2863 2371 3175 2443 accipitrem
3221 2384 3582 2442 consecrant,

2018 2484 2129 2542 quo
2158 2477 2419 2540 tanquam
2451 2468 2678 2526 luminis
2721 2469 2927 2541 pariter
2961 2484 3027 2526 ac
3069 2468 3297 2540 spiritus
3332 2467 3585 2541 symbolo

2015 2566 2098 2623 uti
2131 2566 2327 2633 solent,
2364 2566 2561 2637 partim
2595 2565 2740 2647 quod
2775 2564 3160 2623 incitatissimo
3202 2565 3388 2621 volatu
3436 2563 3584 2618 fera-

2017 2670 2129 2730 tur,
2163 2660 2362 2732 partim
2394 2661 2540 2731 quod
2570 2660 2820 2715 altiorem
2851 2660 2906 2715 in
2948 2660 3253 2731 regionem,
3304 2659 3398 2715 ubi
3441 2658 3584 2715 lucis

2014 2755 2340 2827 plurimum,
2389 2754 2620 2810 volando
2661 2754 2874 2810 subeat.
2924 2751 3356 2823 Hippopotamus
3401 2762 3583 2806 autem

2014 2847 2204 2917 polum
2239 2846 2491 2911 alterum,
2519 2845 2588 2899 ad
2623 2859 2787 2915 quem
2817 2843 2898 2899 sol
2928 2843 3184 2899 occidens
3214 2841 3582 2913 progreditur,

2015 2952 2083 2993 eo
2140 2937 2381 3003 denotat,
2448 2933 2596 3004 quod
2650 2933 2720 2989 ad
2786 2948 2907 2989 sese
2987 2932 3214 3003 propius
3263 2932 3584 2988 accedentes

2016 3029 2190 3086 hianti
2242 3043 2339 3085 ore
2384 3028 2695 3084 absorbeat.
2737 3026 2909 3083 Porro
2943 3026 3000 3081 in
3053 3026 3148 3081 illa
3192 3024 3312 3095 ipsa
3364 3023 3586 3080 civitate

340 3122 431 3175 τὸν
464 3122 634 3190 γῦπα,
671 3121 889 3194 θηλείας
920 3121 1099 3185 πάσας
1121 3121 1563 3194 ἀποφαινόμενοι.
1597 3122 1686 3178 Ἐν
1716 3123 1774 3178 δὲ
1803 3125 1914 3190 τοῖς

2017 3122 2224 3179 Horum
2270 3135 2371 3192 pro
2416 3120 2519 3175 deo
2571 3118 2776 3175 colunt.
2829 3115 3074 3173 Tertium
3108 3116 3344 3186 denique
3395 3115 3583 3171 lumen

339 3216 459 3268 κατ’
498 3214 772 3267 Ἐλευσῖνα
801 3211 1115 3285 μυστηρίοις
1156 3212 1185 3266 ὁ
1226 3213 1325 3284 μὲν
1370 3214 1690 3286 ἱεροφάντης
1730 3216 1810 3282 εἱς
1836 3218 1912 3271 εἱ-

339 3307 472 3359 κόνα
503 3305 597 3359 τοῦ
627 3304 964 3378 Δημιουργοῦ
1003 3306 1406 3371 ὲνσκευάζεται,
1438 3304 1694 3378 δᾳδοῦχος
1729 3308 1785 3363 δὲ
1832 3311 1913 3376 εἰς

339 3397 436 3469 τὴν
459 3396 609 3468 ἡλίου
632 3412 647 3427 ο
685 3396 778 3450 καὶ
816 3398 844 3450 ὀ
879 3396 978 3468 μὲν
1022 3398 1115 3451 ἐπὶ
1154 3397 1323 3469 βωμῷ
1353 3399 1434 3460 εἱς
1462 3398 1563 3469 τὴν
1600 3398 1847 3473 σελήνην,
1883 3402 1914 3455 ὀ

338 3489 395 3542 δὲ
429 3487 715 3560 ίεροκήρυξ
757 3488 980 3560 Ἑρμοῦ.
1008 3486 1128 3544 Καὶ
1175 3489 1457 3561 ἄνθρωπος
1493 3489 1551 3543 δὲ
1587 3493 1719 3563 παρ’
1751 3495 1916 3562 Αἰγυ-

337 3581 516 3647 πτίοις
556 3584 613 3636 ὲν
655 3585 766 3647 τοῖς
816 3582 978 3654 ἱεροῖς
1012 3581 1396 3655 παρείληπται.
1434 3582 1667 3655 Ἀναμις
1698 3584 1775 3657 (2)
1800 3584 1911 3658 γάρ

340 3677 457 3728 ἐστι
487 3673 646 3746 κώμη
687 3675 984 3744 Αἰγύπτου,
1021 3676 1079 3729 ὲν
1205 3673 1564 3746 θεραπεύεται
1602 3675 1909 3749 ἄνθρωπος,

341 3767 438 3821 καὶ
481 3765 669 3819 θύεται
723 3764 917 3837 τούτῳ,
960 3766 1057 3819 καὶ
1099 3766 1191 3820 ἐπὶ
1239 3764 1346 3819 τῶν
1392 3763 1589 3837 βωμῶν
1628 3765 1698 3821 τά
1742 3769 1912 3841 ἱερεῖα

341 3859 585 3913 καίεται·
630 3860 659 3912 ὁ
704 3858 761 3912 δὲ
804 3858 919 3929 μετ’
947 3857 1124 3927 ὀλίγον
1166 3859 1330 3929 φάγοι
1374 3859 1441 3914 ἂν
1482 3860 1551 3914 τὰ
1592 3859 1668 3924 ὡς
1707 3861 1774 3915 ἂν
1818 3862 1915 3916 ἀν-

340 3948 545 4021 θρώπῳ
575 3948 726 4019 αὐτῷ
763 3949 1274 4021 παρεσκευασμένα.
1302 3951 1424 4004 ὀτι
1456 3950 1514 4004 δὲ
1557 3950 1678 4004 οὐδὲ
1701 3950 1769 4004 τὰ
1801 3949 1917 4015 ζῶα

340 4038 495 4105 θεοὺς
527 4039 810 4112 ἡγοῦνται,
843 4039 1055 4104 εἰκόνας
1101 4039 1158 4094 δὲ
1200 4039 1484 4094 ἐποιοῦντο
1531 4041 1628 4095 καὶ
1675 4041 1918 4113 σύμϐολα

2016 3214 2274 3284 religioso
2330 3211 2477 3267 cultu
2532 3209 2755 3267 Lucinae
2802 3209 2857 3265 in
2909 3209 3109 3281 oppido
3143 3217 3581 3280 prosequuntur,

2022 3306 2182 3377 117
2213 3304 2374 3375 cujus
2420 3301 2622 3374 eliigies
2674 3300 2876 3357 vulturi
2918 3300 3133 3356 feminae
3171 3315 3236 3357 ac
3260 3298 3464 3354 volanti
3507 3298 3586 3356 si-

2021 3400 2168 3455 milis
2210 3406 2314 3465 est,
2358 3396 2445 3452 cui
2488 3396 2588 3451 ala:
2634 3409 2707 3450 ex
2744 3391 2904 3448 lectis
2955 3391 3282 3460 eximiisque
3313 3388 3587 3460 lapidibus

2020 3498 2288 3548 contextae
2326 3495 2601 3559 aptantur.
2644 3486 2821 3556 Atque
2858 3485 2961 3540 bac
2988 3483 3222 3539 vulturis
3261 3483 3461 3553 specie,
3506 3482 3587 3536 lu-

2020 3600 2148 3640 nam
2177 3581 2286 3638 vim
2317 3578 2570 3651 gignendi
2599 3575 2885 3646 ciendique
2922 3583 3114 3631 ventos
3141 3574 3339 3630 habere
3376 3571 3587 3645 signiti-

2014 3685 2162 3743 cant,
2190 3673 2438 3729 vultures
2471 3680 2675 3735 autem,
2704 3684 2844 3740 quas
2871 3683 3061 3724 omnes
3084 3666 3317 3723 feminas
3340 3682 3463 3723 esse
3492 3682 3589 3722 vo-

2017 3767 2155 3831 lunt,
2196 3779 2265 3820 ex
2303 3771 2467 3819 vento
2502 3761 2792 3832 concipere
2835 3759 3188 3815 arbitrantur.
3237 3759 3309 3814 At
3354 3774 3485 3814 vero
3526 3759 3587 3814 in

2013 3854 2308 3912 Eleusiniis
2361 3869 2414 3908 ιιι
2420 3852 2639 3925 Jsteriis
2712 3850 2940 3921 ipsemet
2999 3863 3284 3906 sacrorum
3353 3850 3585 3906 antistes

2015 3949 2358 4014 Creatorem;
2391 3947 2485 4016 qui
2505 3944 2679 4001 facem
2714 3940 2953 4014 praefert,
2986 3944 3191 4012 solem;
3221 3942 3315 4014 qui
3340 3943 3408 3999 ad
3432 3957 3585 3998 aram

2015 4040 2286 4104 consistit,
2319 4039 2544 4104 lunam;
2584 4050 2869 4092 sacrorum
2915 4035 3153 4105 denique
3196 4049 3397 4106 praeco,
3444 4032 3587 4090 Me:-

336 4130 513 4188 ταῦτα
539 4131 700 4199 θεῶν,
725 4132 877 4205 δηλοῖ
896 4130 957 4186 τὸ
980 4132 1246 4204 πολλαχοῦ
1269 4132 1395 4205 βοῦς
1417 4133 1749 4205 ἀναχθέντας
1773 4132 1914 4200 θεοῖς

2020 4134 2232 4189 curium
2260 4130 2449 4185 habitu
2472 4142 2538 4184 ac
2568 4125 2750 4197 specie
2778 4134 3153 4198 repraesentat.
3183 4123 3453 4182 Prazterea
3485 4122 3588 4180 E-

411 4308 439 4339 ι
478 4294 586 4353 del.
621 4294 774 4350 ἀλλά.

326 4452 329 4469 Γ
411 4458 525 4530 (98)
548 4430 1245 4541 .fﬁgegaqrrlifnrnxddm
1288 4458 1489 4541 Urbem
1527 4460 1902 4541 Egyptiacam

2017 4458 2331 4519 cubitorum
2374 4465 2426 4520 ei
2473 4460 3185 4541 quinqueumagnitudinem
3233 4460 3445 4541 tribuit,
3473 4468 3588 4541 tres

340 4527 590 4605 agnoscit
617 4527 874 4605 Herodot.
916 4529 971 4583 in
1011 4527 1253 4598 Euterpe,
1297 4532 1386 4605 ubi
1420 4527 1727 4589 crocodilos
1752 4534 1906 4590 urbis
2010 4544 2244 4604 utraque
2270 4549 2339 4590 ex
2368 4527 2524 4605 parte
2550 4527 2950 4605 χαῦλιόδοντας,
2974 4531 3092 4605 apri
3126 4531 3385 4605 dentibus
3412 4531 3587 4605 majof

342 4598 508 4673 _hujus
546 4598 740 4655 incolis
791 4613 979 4654 sacros
1008 4615 1116 4673 non
1145 4616 1270 4656 esse
1298 4603 1475 4673 docet,
1502 4618 1733 4673 eamque
1758 4604 1903 4659 The-

340 4669 448 4745 bis,
481 4686 573 4745 xx_
599 4683 764 4745 supra
809 4684 941 4745 nc_c_c
971 4669 1270 4745 stadiorum
1300 4671 1587 4745 intervallo
1619 4669 1903 4745 d‘isjungit.

338 4740 603 4814 {ignoscit
647 4748 702 4795 et
745 4739 800 4814 in
854 4739 1067 4800 Thalia.
1107 4739 1909 4814 indequejrhthyopha'gos'ad

339 4810 641 4885 Cambysen
665 4810 1319 4885 ven_isse_eommemorat.
1350 4810 1789 4885 Multig'viileliéet
1818 4828 1910 4885 po-

337 4880 451 4950 puli
482 4880 588 4947 hoc
620 4880 868 4943 nomine,
896 4880 1023 4936 licet
1049 4882 1349 4951 praecipuos
1371 4883 1591 4945 Strabo,
1609 4884 1707 4938 lib.
1731 4880 1909 4951 “(in

338 4949 544 5024 Ariana
569 4951 965 5024 collocet,quae
1011 4949 1471 5024 adUCarmaniam
1527 4970 1699 5024 usque
1740 4949 1908 5024 perti-

338 5029 484 5094 great.
517 5018 781 5094 _Agnosci_t
804 5018 1187 5094 Arrianuslib.
1216 5039 1275 5077 ιιι
1310 5023 1386 5078 De
1410 5026 1595 5094 exped.
1613 5018 1911 5088 'Aleafand;

338 5088 664 5160 Heliodorus
697 5089 988 5159 ΑΞιΙιίορίε.
1037 5092 1225 5147 histor.
1278 5094 1373 5148 lib.
1412 5088 1540 5160 viii;
1585 5094 1910 5150 Ptolemaeus

340 5160 573 5235 insulam
599 5159 729 5235 Nili
752 5176 876 5235 esse
920 5161 1103 5230 tradit,
1133 5177 1255 5234 qua:
1276 5164 1455 5221 Plinio
1482 5159 1577 5220 lib.
1609 5183 1665 5233 v,
1696 5180 1818 5235 cap.
1852 5165 1909 5233 9,

339 5228 650 5299 Elephantis
678 5230 897 5287 dicitur.

408 5301 523 5383 (_99)
558 5301 1257 5383 .'Iﬂ§0ﬂ0tdp@.-§i_]ull_l_li
1292 5304 1437 5383 bime
1470 5304 1786 5383 ﬂuviatilem
1812 5301 1900 5361 He

336 5370 520 5452 rodet.
557 5371 614 5429 in
646 5370 974 5452 Euterpe,p_.
1013 5370 1121 5427 13f
1141 5376 1271 5430 edit.
1318 5373 1683 5452 Graeco-Lam,
1710 5374 1912 5446 Papre-

338 5442 560 5496 mitanze
588 5449 796 5495 tantum
822 5442 1163 5510 praefecturae
1200 5461 1417 5501 sacrum
1467 5461 1590 5501 esse
1636 5447 1732 5510 ait,
1757 5442 1913 5500 eiim-

338 5526 446 5597 quc
494 5512 759 5597 describit
784 5513 1212 5597 quadrupedem,
1248 5516 1427 5597 _bilidis
1477 5516 1727 5597 pedibus,
1757 5515 1912 5570 bovi-

339 5582 426 5634 nis
447 5581 688 5651 ungulis.
715 5581 939 5645 simum,
962 5582 1157 5652 equina
1182 5585 1337 5655 juba,
1364 5581 1555 5649 cauda,
1591 5601 1755 5652 voce;
1781 5602 1908 5655 χαυ-

336 5649 599 5732 λιόδοντα,
630 5650 695 5732 id_
717 5662 815 5732 est.
840 5652 977 5705 laxis
1011 5661 1065 5732 et
1100 5655 1346 5732 exsertis_
1377 5655 1653 5732 dentibus,
1684 5654 1917 5732 maximi.

338 5721 481 5775 tauri
516 5721 912 5792 magnitudine,
942 5724 1100 5792 cujus
1131 5738 1196 5778 ex
1225 5723 1466 5780 arefacto
1497 5727 1648 5781 corio
1680 5725 1912 5780 missilia

341 5792 498 5846 ﬁant.
532 5789 805 5848 Diodorus
852 5790 1070 5849 Siculus
1097 5792 1192 5848 lib.
1224 5810 1241 5848 ι
1275 5794 1666 5865 propemodum
1694 5794 1904 5851 eadem.

2009 4620 2122 4669 res,
2158 4602 2408 4675 ‘equina's
2452 4602 2653 4670 aures;
2699 4603 2955 4675 additque
3002 4602 3260 4674 ἀμφίϐιον
3302 4616 3444 4666 esse,
3488 4602 3585 4675 qui

2015 4676 2118 4731 sub
2161 4674 2320 4745 aquis
2348 4674 2911 4745 interdiurdelitescat,
2946 4682 3112 4729 noctu
3145 4681 3381 4745 segetem
3415 4688 3481 4745 ac
3508 4674 3587 4728 fe—

2015 4762 2148 4801 num
2200 4740 2544 4815 depascatur.
2575 4743 2679 4799 Adi
2710 4747 2773 4815 fet
2801 4743 3126 4815 Pausaniam
3148 4740 3389 4815 7mm.
3424 4740 3491 4815 α’.
3512 4757 3581 4815 _p.

2016 4816 2144 4880 159,
2177 4824 2230 4870 et
2257 4813 2310 4869 in
2339 4816 2612 4880 Arcadia,
2635 4828 2689 4883 p.
2721 4814 2849 4881 275,
2881 4814 2975 4870 ubi
3008 4815 3102 4880 ait,
3133 4813 3586 4885 Cyzicenos,_Mn-

2013 4886 2143 4959 τρδς
2168 4886 2502 4959 Δινδυμήνης
2534 4885 2775 4959 ᾅγαλ-μα,
2815 4901 2880 4940 ex
2912 4882 3260 4959 Proconneso
3305 4882 3583 4959 habuisse,

2016 4950 2175 5026 cujus
2211 4950 2414 5026 vultus,
2445 4950 2566 5011 ἀντὶ
2584 4950 2885 5026 ’ἐλέφαντος
2928 4956 3113 5010 ἵππων
3154 4954 3261 5008 τῶν
3307 4950 3587 5026 ποταμίων

2104 5043 2222 5091 ντες
2244 5022 2391 5098 ἦσαν
2407 5022 2776 5098 εἰργασμένοι.
2805 5026 3025 5098 Nummi
3046 5033 3275 5098 veteres,
3302 5034 3355 5079 et
3381 5022 3586 5077 oculati

2016 5104 2183 5152 testes
2238 5093 2560 5152 dissimilem
2605 5093 2728 5165 ejus
2774 5096 3010 5166 speciem
3045 5093 3322 5166 exitibent,
3352 5107 3585 5166 eamque

2016 5166 2141 5237 bovi
2177 5180 2454 5237 percoque
2490 5161 2997 5237 similiorem-quam
3016 5179 3185 5237 equo.
3218 5162 3409 5237 Porro,
3434 5161 3584 5237 quod

2016 5231 2332 5308 Typhonem
2366 5231 2751 5308 hippopotami
2798 5231 2981 5308 specie
3006 5231 3324 5308 figurarent,
3352 5233 3428 5297 id,
3460 5231 3580 5302 opi-

2016 5303 2138 5373 nor,
2171 5306 2239 5361 ad
2273 5303 2533 5363 incestam
2550 5303 2864 5361 animantis
2890 5303 3065 5375 hujus
3080 5303 3411 5375 impietatem
3434 5316 3584 5375 retu-

2016 5371 2217 5448 lemnt,
2245 5377 2342 5448 qui
2366 5385 2581 5448 patrem
2600 5371 3344 5448 potiunda:_matris_cupid_us
3371 5371 3582 5448 interli-

2016 5393 2217 5441 rerunt,
2245 5393 2342 5448 qui
2366 5393 2581 5500 patrem
2596 5393 2877 5500 lpatiunda:
2896 5393 3089 5429 mall’ls
3108 5393 3344 5443 cuptuus
3372 5393 3582 5428 interu-

2016 5445 2145 5514 eiat,
2179 5455 2241 5501 ut
2271 5448 2347 5502 ait
2419 5449 2593 5503 lutarc
2637 5488 2651 5501 .
2684 5445 2761 5499 De
2788 5445 2985 5501 Solert.
3008 5444 3236 5509 animal;
3266 5444 3377 5500 imo
3408 5450 3466 5499 et
3486 5442 3583 5514 de»

2018 5510 2249 5571 mortuis
2266 5518 2522 5571 carnibus
2538 5524 2812 5580 vescatur,
2852 5524 2910 5569 ut
2936 5514 3136 5569 Elian.
3166 5514 3264 5570 lib.
3294 5530 3391 5577 vn,
3413 5527 3463 5569 c.
3489 5510 3579 5568 l9.

2113 5586 2167 5666 1)
2205 5585 2707 5666 μεριπολοιξντιις.
2731 5585 2872 5666 Quid
2885 5580 3403 5666 _si‘arsgmxgcvratql

2108 5650 2166 5726 2)
2210 5650 2716 5726 ’Λίβαμιςηδιιρεέῃ
2754 5650 2807 5726 p.
2836 5656 2926 5721 94,
2956 5650 3152 5725 legitur
3174 5652 3421 5726 Ἄνουϐις.
3478 5650 3583 5726 Fa-

2017 5719 2160 5798 eilis:
2170 5719 2399 5798 mutatio
2425 5719 2519 5798 τοῦ
2539 5719 2669 5789 β’ἱιι
2697 5719 2770 5797 μ,
2786 5734 2882 5782 aut
2909 5719 2954 5798 μ
2987 5719 3042 5781 in
3069 5726 3138 5795 β,
3165 5722 3437 5797 quomodo
3462 5736 3495 5777 ι
3517 5719 3585 5775 lio

2017 5795 2215 5851 brariis
2270 5795 2647 5867 pingebantur.
