4156 6410
534 354 639 410 2H

1210 354 1483 412 EUSEBII
1511 351 1994 411 CESARIENSIS
2031 353 2181 409 OPP.
2222 352 2404 408 PARS
2435 350 2498 407 ll.
2529 382 2598 392 -—
2618 349 3119 409 APOLOGETICA.

3687 353 3807 408 2l2

537 471 708 543 gyptii
735 470 1034 538 hominem,
1075 472 1166 527 cui
1207 486 1363 528 sacra
1412 471 1649 541 faciant,
1701 472 1936 544 deligere
1977 486 2107 527 con-

2217 454 2428 535 iurat;
2459 470 2817 544 ἱερομηνίαις,
2863 469 2958 526 καὶ
2991 473 3113 535 ταῖς
3142 471 3277 544 πρὸς
3307 471 3433 535 τοὺς
3472 469 3629 534 θεοὺς
3670 469 3809 542 θρη-

538 572 853 620 sueverunt.
914 564 1143 620 Anamis
1186 564 1331 620 enim
1379 563 1599 636 Egypti
1640 581 1814 636 pagus
1857 573 1962 630 est,
2015 564 2110 619 ubi

2221 563 2430 628 σκείαις
2464 562 2761 634 βουθυτεῖν.

538 654 705 709 homo
744 653 1097 725 religionibus
1130 666 1184 711 et
1224 656 1507 713 sacriﬁciis
1545 658 1763 723 colitur,
1812 658 1974 727 eique
2014 657 2250 712 victima
2290 657 2650 712 in-altaribus
2694 664 3035 725 cremantur;
3066 655 3182 725 ipse
3226 665 3407 710 tamen
3454 655 3618 725 paulo
3662 662 3806 723 post,

536 763 659 817 quae
697 746 800 803 sibi
849 755 1109 817 tauquam
1145 747 1354 802 homini
1388 757 1813 820 apponerentur,
1850 750 2079 804 libenter
2124 762 2351 804 omnino
2381 748 2711 803 eomederet.
2758 745 2895 802 Nam
2958 747 3105 818 quod
3149 745 3224 800 illi
3266 746 3457 802 brutas
3495 746 3806 801 animantes

537 840 670 895 deos
716 855 840 896 esse
875 855 1217 911 nequaquam
1252 843 1607 910 arbitrentur,
1657 844 1743 898 vel
1802 860 1867 899 ex
1910 860 1978 900 eo
2005 844 2198 914 liquet,
2244 841 2390 914 quod
2454 842 2511 897 in
2549 841 2821 914 plerisque
2868 842 3006 898 locis
3049 841 3217 897 boves
3261 841 3365 897 diis
3422 851 3794 906 conueratos,

539 930 875 987 solemnibus
917 927 1067 989 feriis
1112 935 1450 1006 deorumque
1489 937 2150 1008 religionibus'immolare
2191 936 2593 993 consueverint.
3170 944 3179 959 ’

1131 1029 1361 1085 CAPUT
1424 1030 1563 1085 XIII.

608 1116 689 1171 De
726 1117 869 1187 bove,
910 1121 1002 1191 qui
1037 1121 1180 1188 apud
1209 1119 1534 1192 Heliopolim
1562 1118 1677 1176 Soli
1717 1121 2045 1175 immolatur.

615 1227 636 1260 ι
687 1207 801 1265 Soli
846 1211 1066 1282 quidem
1102 1222 1269 1283 atque
1297 1210 1466 1268 Lunae
1493 1213 1660 1269 boves
1697 1225 2109 1269 consecrarunt.

2749 1026 3144 1082 ΚΕΦΔΛΑῙΟΝ
3183 1027 3284 1082 ῐΓ’.

2221 1118 2363 1189 Περὶ
2399 1117 2590 1173 τοῦέν
2621 1117 2819 1175 Ἡλίου
2839 1118 3330 1189 πόλεοθυομένου
3362 1115 3443 1183 τῷ
3468 1114 3803 1184 ἧλίῳβοός.

2296 1227 2317 1262 ι
2349 1209 2515 1281 Ἡλίῳ
2534 1206 2633 1280 μὲν
2657 1206 2765 1280 γὰρ
2790 1207 2883 1262 καὶ⁸
2907 1207 3105 1279 σελήνῃ
3128 1207 3251 1278 βοῦς
3275 1206 3581 1279 ἀνιέρωσαν
3597 1222 3612 1236 ⁸
3632 1205 3750 1259 ἀλλ’
3776 1207 3808 1260 6

539 1296 642 1365 Qui
677 1316 842 1370 porro
884 1302 989 1358 soli
1020 1305 1164 1373 apud
1207 1301 1531 1373 Heliopolim
1569 1318 1724 1360 sacer
1770 1315 1873 1370 est,
1905 1302 2107 1360 Mnevis

2217 1321 2281 1374 γε
2304 1303 2441 1375 ἡλίῳ
2477 1302 2832 1374 ἀνακείμενος
2892 1305 2950 1357 ὲν
2980 1302 3160 1356 Ἡλίου
3186 1300 3339 1354 πόλει
3371 1299 3446 1371 (3)
3473 1300 3807 1370 καλούμενος

536 1389 792 1457 nomine,
848 1400 1079 1447 ueteres
1133 1392 1507 1463 magnitudine
1558 1401 1802 1462 superat,
1855 1393 2110 1464 idemque

2216 1392 2421 1457 Μνεῦις
2455 1393 2593 1465 βοῶν
2627 1396 2742 1447 ἐστι
2778 1394 3053 1466 μέγιστος,
3091 1393 3295 1464 σφόδρα
3341 1392 3528 1463 μέλας,
3567 1390 3807 1462 μάλιστα

536 1479 722 1538 colore
758 1483 1077 1554 nigerrimo,
1123 1484 1271 1555 quod
1317 1484 1740 1540 vehementioris
1789 1484 2107 1556 assiduique

2217 1487 2301 1541 ὅτι
2331 1486 2425 1541 καὶ⁸
2462 1487 2492 1539 6
2530 1486 2682 1558 ἡλιος
2711 1488 2741 1540 6
2775 1485 2942 1550 πολὺς
2974 1485 3216 1558 μελαίνει
3263 1483 3333 1538 τά
3361 1482 3674 1554 ἀνθρώπεια
3702 1481 3807 1535 σώ-

537 1576 673 1632 solis
718 1577 884 1634 ardor
924 1580 1196 1647 uigrorem
1239 1580 1498 1636 humanis
1535 1579 1858 1649 corporibus
1917 1579 2107 1636 afferre

2222 1596 2390 1650 ματα.
2423 1579 2579 1649 Ἔχει
2624 1578 2683 1632 δὲ
2728 1579 2830 1651 τήν
2873 1578 3042 1650 οὐρὰν
3075 1576 3227 1648 παρὰ
3266 1578 3392 1639 τοὺς
3426 1574 3614 1637 ἄλλους
3653 1572 3803 1644 βοῦς,

535 1669 728 1725 soleat.
782 1669 1053 1728 Praeterea
1102 1673 1292 1729 cauda:
1350 1671 1626 1742 totiusque
1671 1672 1917 1742 corporis
1965 1672 2107 1744 pilos

2212 1670 2307 1724 καὶ
2354 1670 2419 1724 τὸ
2453 1672 2562 1724 πᾶν
2606 1669 2765 1741 σῶμα
2807 1670 3119 1741 ἀνάτριχον,
3159 1667 3411 1737 καθάπερ
3451 1669 3481 1720 6
3523 1666 3674 1736 ἡλιος
3711 1664 3808 1719 τὸν

538 1777 954 1823 sursumversus
1014 1764 1267 1833 rejectos,
1306 1774 1503 1837 praeter
1543 1767 1776 1822 aliorum
1816 1765 1981 1821 boum
2014 1780 2107 1820 na-

2208 1762 2453 1818 ὲναντίον
2498 1760 2575 1834 τῷ
2626 1761 2773 1833 πόλῳ
2819 1764 3051 1815 ποιεῖται
3089 1762 3317 1834 δρόμον·
3365 1757 3493 1822 τούς
3525 1773 3585 1810 τε
3616 1756 3805 1828 ὄρχεις

535 1863 717 1911 turam
749 1856 935 1920 habet,
980 1858 1443 1927 quemadmodum
1490 1859 1571 1916 sol
1601 1858 1939 1916 contrarium
1980 1858 2107 1929 polo

2211 1856 2534 1928 μεγίστους,
2602 1853 2896 1928 ἐπειδήπερ
2932 1854 2961 1906 6
2998 1852 3127 1924 περὶ
3170 1852 3238 1906 τά
3284 1849 3573 1922 ἀφροδίσια
3613 1848 3805 1920 ἵμερος

535 1961 763 2003 cursum
799 1948 1058 2005 instituit.
1102 1949 1359 2007 Testibus
1409 1959 1496 2006 est
1533 1951 1810 2015 maximis,
1847 1950 1995 2021 quod
2032 1950 2107 2005 rei

2213 1947 2423 2017 γίνεται
2450 1944 2556 2000 ὑπὸ
2588 1943 2941 2015 θερμότητος,
2989 1945 3078 1997 ὅτε
3126 1945 3156 1997 6
3196 1942 3345 2013 ἣλιος
3394 1953 3421 1981 ι
3446 1938 3806 2011 σπερμαίνειν

532 2050 785 2093 venerea:
812 2038 1083 2109 cupiditas
1101 2039 1158 2094 vi
1185 2039 1386 2095 caloris
1406 2042 1695 2106 excitetur,
1724 2041 1948 2111 ipseque
1976 2040 2107 2097 adeo

2210 2038 2426 2107 λέγεται
2460 2035 2558 2109 τῆν
2599 2035 2782 2105 φύσιν.
2819 2035 3027 2109 Σελήνῃ
3066 2034 3125 2088 δὲ
3173 2033 3373 2104 ταῦρον
3420 2030 3700 2094 ἀνέθεσαν,
3740 2029 3805 2083 δν

534 2126 622 2183 sol
653 2138 906 2184 naturam
938 2128 1232 2185 fecundare
1257 2130 1494 2186 dicatur.
1533 2130 1700 2186 Luna:
1734 2145 1863 2185 vero
1889 2139 2107 2185 taurum

2216 2131 2380 2184 ’Δπιν
2400 2127 2815 2200 ἐπονομάζουσι,
2843 2127 3049 2199 μέλανα
3074 2126 3172 2197 μὲν
3197 2124 3291 2178 καὶ
3317 2122 3478 2178 αὑτὸν
3506 2121 3648 2193 ὑπὲρ
3673 2121 3804 2185 τοὺς

537 2217 817 2284 dicarunt,
874 2233 1038 2290 quem
1087 2219 1249 2291 Apim
1303 2220 1620 2285 nominaut,
1667 2220 1882 2291 nigrum
1931 2220 2107 2290 ipsum

2216 2221 2427 2285 ἄλλους,
2457 2221 2689 2292 φέροντα
2716 2218 2773 2273 δὲ
2798 2222 2998 2291 σημεῖα
3027 2217 3177 2289 ἡλίου
3208 2217 3302 2269 καὶ
3326 2216 3573 2287 σελήνης,
3600 2214 3681 2268 ὅτι
3706 2213 3805 2268 καὶ

540 2325 760 2381 quoque
791 2325 903 2381 pra:
928 2311 1162 2376 caeteris,
1194 2312 1449 2382 quodque
1476 2312 1605 2366 luna
1639 2327 1800 2366 suum
1831 2325 1862 2364 a
1888 2311 2002 2366 sole
2032 2310 2107 2365 lu-

2216 2314 2316 2386 τῆς
2352 2314 2580 2387 σελήνης
2608 2313 2672 2367 τὸ
2703 2312 2819 2385 φῶς
2850 2313 2910 2379 ἐξ
2952 2311 3102 2383 ἡλίου
3121 2327 3135 2341 ’
3168 2309 3320 2381 ἡλίου
3355 2308 3413 2361 δὲ
3465 2309 3711 2379 σημεῖον,
3738 2306 3804 2360 τὸ

540 2410 669 2451 men
697 2397 949 2468 accipiat,
977 2398 1109 2453 solis
1136 2408 1398 2469 pneterea
1436 2400 1689 2470 lunasque
1711 2399 1949 2473 insignia
1973 2416 2107 2471 pra:-

2220 2404 2387 2476 μέλαν
2410 2403 2502 2457 τοῦ
2531 2402 2801 2474 σώματος,
2833 2401 2929 2457 καὶ
2971 2403 3000 2455 6
3034 2399 3139 2454 ὑπὸ
3164 2402 3229 2470 τῇ
3259 2397 3471 2471 γλώττῃ
3506 2396 3802 2468 κάνθαρος⁶

538 2486 827 2546 ferentem.
853 2490 934 2547 Ac
959 2491 1093 2547 solis
1137 2491 1358 2562 quidem
1397 2491 1611 2564 insigne
1638 2502 1743 2559 est,
1780 2508 1905 2548 cum
1942 2493 2107 2564 ipsius

2221 2495 2449 2568 σελήνης
2493 2495 2550 2549 δὲ
2592 2493 2859 2566 σύμϐολον
2881 2493 2942 2548 τό
2968 2509 3029 2546 τε
3066 2491 3349 2564 διχότομον
3387 2491 3481 2544 καὶ
3523 2489 3802 2561 ἀμφίκυρ-

535 2580 787 2649 corporis
811 2581 1020 2651 nigror,
1062 2590 1178 2637 tum
1227 2580 1392 2637 etiam
1424 2582 1491 2649 is,
1522 2582 1617 2653 qui
1649 2582 1752 2639 sub
1784 2583 1969 2649 lingua
2002 2583 2112 2639 lue-
2216 2604 2329 2642 τον.
2373 2607 2392 2640 ι

531 2679 639 2735 ret,
672 2673 1012 2730 searabazus:
1042 2673 1253 2730 Lunam
1281 2690 1407 2731 vero
1438 2675 1638 2745 partim
1678 2674 1907 2729 orbiculi
1933 2675 2224 2747 dimidiati,
2260 2679 2458 2750 partim
2485 2678 2769 2734 dimidiato
2796 2678 3021 2748 majoris
3049 2678 3217 2748 ﬁgura
3251 2683 3650 2747 repraesentat.»

604 2763 785 2835 Atque
814 2765 929 2821 haec
963 2781 993 2821 a
1018 2767 1177 2823 nobis
1210 2782 1278 2823 ex
1317 2766 1607 2841 Porphyrii
1652 2767 1873 2838 scriptis
1907 2767 1961 2822 in
1988 2769 2106 2839 epi-

2277 2769 2463 2824 Ταῦτά
2496 2788 2587 2843 μοι
2621 2772 2689 2825 ἐκ
2717 2771 2819 2844 τῆς
2848 2769 2942 2824 τοῦ
2989 2769 3388 2843 προειρημένου
3435 2767 3626 2839 ἀνδρὸς
3657 2782 3798 2840 γρα-

532 2862 720 2912 tamen
753 2855 973 2912 redacta
1000 2857 1294 2926 suﬁieiaut,
1330 2859 1467 2914 nihil
1504 2866 1565 2913 ut
1590 2873 1783 2915 eorum
1816 2859 1980 2931 118
2004 2875 2105 2916 nos

2211 2862 2318 2932 φῆς
2364 2861 2780 2934 ἔπιτετμήσθω,
2832 2862 2908 2926 ὡς
2953 2861 3020 2915 ἂν
3074 2862 3241 2932 μηδὲν
3288 2861 3434 2932 ἡμᾶς
3478 2859 3628 2913 λάθοι
3684 2858 3801 2911 τῶν

532 2945 719 3014 lateat,
756 2963 878 3018 quae
904 2950 1185 3006 recondita
1226 2950 1311 3007 vel
1346 2949 1663 3005 Graecorum
1698 2952 1783 3007 vel
1820 2950 2107 3024 Egyptia-

2208 2955 2536 3026 ἀπορρήτων
2580 2954 2684 3026 τῆς
2722 2953 3038 3026 Ἑλληνικῆς
3107 2952 3243 3025 ὁμοῦ
3284 2953 3379 3007 καὶ
3419 2950 3797 3022 Αἰγυπτιακῆς

532 3053 658 3094 rum
695 3038 967 3111 theologia
1007 3042 1378 3098 continentur.
1418 3041 1591 3114 Cujus
1628 3041 1872 3113 profecto
1921 3043 2108 3098 descr-

533 3137 684 3187 tores
720 3146 821 3187 nos
865 3146 930 3188 ac
957 3132 1272 3206 transfugas
1301 3142 1497 3204 sponte
1528 3134 1871 3201 conﬁtemur,
1906 3133 2108 3204 quippe

532 3221 630 3291 qui
672 3222 938 3293 castigato
982 3225 1144 3294 plane
1193 3234 1519 3296 maturoque
1561 3226 1792 3282 consilio
1840 3242 1949 3281 una
1980 3240 2106 3282 cum

532 3312 746 3368 caeteris
791 3313 897 3368 ista
948 3328 1167 3384 quoque
1200 3313 1575 3384 rejecerimus.
1623 3314 1810 3386 Neque
1850 3331 1984 3371 vero
2019 3329 2109 3370 me

534 3416 801 3474 arrogans
828 3403 933 3458 ista
958 3403 1182 3459 terrebit
1204 3405 1402 3472 oratio,

570 3513 685 3570 Fas
714 3516 904 3587 quibus
932 3524 1011 3571 est
1047 3517 1296 3584 narrabo,
1340 3517 1478 3588 fores
1507 3518 1800 3575 claudunto
1828 3520 2066 3591 profani.

533 3668 758 3729 Profani
799 3673 989 3746 utique
1041 3688 1153 3730 non
1196 3689 1319 3744 nos,
1365 3675 1459 3733 sed
1505 3676 1600 3747 qui
1646 3684 1835 3747 turpes
1872 3676 2009 3733 adeo
2043 3691 2108 3733 ac

533 3764 753 3838 putidas
796 3765 866 3822 de
903 3767 1219 3833 searabais.
1258 3784 1323 3825 ac
1358 3769 1569 3825 caeteris
1600 3769 1654 3825 id
1685 3785 1858 3841 genus
1896 3771 2107 3826 anima-

533 3858 678 3915 libus
711 3857 780 3927 ah
811 3859 961 3914 omni
991 3859 1200 3916 ratione
1234 3862 1424 3918 vacuis
1453 3860 1665 3918 fabulas
1698 3876 1798 3932 pro
1827 3863 2108 3933 sapientiae

534 3950 735 4006 divinas
777 3949 955 4007 sensis
1000 3950 1382 4018 venditarum;
1428 3952 1545 4023 qui,
1588 3962 1650 4007 ut
1696 3951 1913 4009 divinus
1957 3951 2106 4023 Apo-

534 4041 709 4097 stolus
758 4040 1032 4111 loquitur,
1070 4040 1310 4096 Dicentes
1360 4058 1412 4097 se
1450 4058 1567 4097 esse
1610 4041 1903 4111 sapientes,
1953 4043 2107 4098 stulti

2210 3044 2490 3114 θεολογίας
2508 3063 2522 3077 θ
2551 3042 2621 3119 ἦς
2652 3046 2962 3109 ἀποστάτας
3006 3046 3231 3109 ἑαυτοὺς
3273 3044 3368 3097 καὶ
3395 3043 3635 3113 φυγάδας
3665 3045 3795 3114 ὁμο·

2206 3137 2679 3212 λογοῦμεν,κρίσει
2706 3138 2800 3193 καὶ
2832 3136 3077 3208 λογισμῷ
3106 3134 3341 3207 σώφρονι
3373 3135 3466 3188 καὶ
3498 3134 3620 3188 τάδε
3654 3150 3794 3205 παρ-

2205 3232 2578 3305 αιτησάμενοι.
2641 3228 2718 3287 Οὐ
2754 3230 2864 3303 γάρ
2899 3247 2966 3302 με
2999 3232 3033 3301 ἡ
3079 3225 3295 3293 ἀλαζὼν
3328 3225 3587 3301 ὲκπλὴξει
3618 3226 3790 3300 φωνὴ,

3419 3509 3474 3564 δ’
3491 3506 3788 3571 ἐπίθεσθε,

3418 3579 3713 3653 [βέϐηλοῃ

2208 3679 2450 3753 φήσασα.
2502 3677 2727 3750 Βέόηλοι
2772 3676 2902 3748 γοῦν
2950 3676 3048 3748 οὐχ
3106 3676 3287 3747 ἡμεῖς,
3339 3674 3454 3730 ἀλλ’
3493 3676 3547 3729 οῖ
3584 3691 3647 3743 γε
3688 3675 3789 3741 τάς

2205 3770 2421 3825 τοιάσδε
2452 3770 2686 3842 αίσχράς
2715 3769 2810 3824 καὶ
2844 3769 3112 3839 ἀπρεπεῖς
3143 3766 3469 3840 μυθολογίας
3503 3767 3789 3840 κανθάρων

2207 3860 2336 3933 πέρι
2372 3861 2469 3915 καὶ
2511 3859 2715 3931 θηρίων
2760 3858 2971 3927 ἀλόγων
3010 3858 3204 3928 σοφίας
3249 3857 3498 3927 θεολόγου
3549 3858 3790 3928 νοήματα

2207 3948 2345 4007 εἶναι
2373 3951 2803 4023 ἀποφηνάμενοι·
2826 3950 2897 4014 οἶ,
2923 3949 3064 4004 κατά
3083 3950 3175 4003 τὸν
3205 3947 3503 4021 θαυμάσιον
3539 3949 3793 4003 Ἀπόστο-

2209 4044 2321 4110 λον,
2351 4043 2694 4115 φάσκοντες
2714 4039 2868 4098 sirm
2897 4042 3099 4111 σοφοὶ,
3126 4040 3584 4112 ἐμωράνθησαν·
3619 4041 3701 4094 ὅτι
3724 4040 3789 4113 δὴ

2279 3515 2609 3587 Φθέγξομαι
2651 3511 2742 3581 οἷς
2792 3512 2958 3584 θέμις
2996 3512 3158 3579 ἐστὶ,
3197 3512 3382 3580 θύρας

534 4134 668 4204 {acti
702 4142 858 4197 sunt;
902 4141 1092 4205 utpote
1117 4133 1212 4204 qui
1243 4144 1581 4189 mutaverunt
1610 4134 1838 4204 gloriam
1866 4137 2107 4191 incorru-

2209 4134 2490 4205 ἤλλαξαν
2503 4133 2617 4203 τὴν
2635 4133 2824 4199 δόξαν
2848 4133 2955 4189 τοῦ
2980 4132 3287 4203 ἀφθάρτου
3326 4132 3474 4188 Θεοῦ
3508 4129 3793 4200 erogauit-

536 4226 738 4298 ptibilis
775 4225 875 4283 Dei
914 4228 971 4281 in
1009 4226 1418 4282 similitudinem
1454 4227 1704 4297 imaginis
1739 4227 2104 4299 corruptibilis

534 4322 782 4388 hominis,
817 4330 868 4376 et
897 4321 1187 4387 uolucrum,
1238 4330 1288 4376 et
1334 4320 1759 4393 quadrupedum,
1806 4328 1856 4374 et
1893 4337 2107 4389 serpen-

536 4417 669 4471 tium
696 4416 762 4467 “.
788 4413 857 4468 At
888 4414 1057 4482 enim,
1087 4413 1348 4484 quoniam
1376 4411 1699 4467 fabellarum
1730 4412 1960 4466 istarum
1985 4426 2107 4466 sen-

537 4520 635 4562 sus
664 4518 893 4561 arcanos
919 4504 1127 4561 scilicet
1164 4519 1228 4559 ac
1266 4503 1542 4575 mysteriis
1579 4502 1878 4574 pleniores,
1920 4502 1977 4556 in
2008 4517 2109 4556 na-

535 4607 688 4652 turas
721 4595 965 4666 corporis
1003 4604 1255 4666 expertes
1295 4595 1582 4650 tralatione
1629 4593 1864 4665 quadam
1913 4603 2108 4648 contu-

535 4686 737 4752 lerunt,
791 4686 979 4752 utique
1022 4698 1092 4739 ne
1133 4683 1202 4739 ad
1246 4697 1339 4739 eas
1380 4684 1436 4739 in
1470 4693 1772 4755 posterum,
1819 4696 1941 4753 quae
1984 4696 2108 4737 eer~

536 4786 764 4843 nuntur,
797 4775 987 4832 mundi
1026 4785 1227 4845 partes,
1266 4776 1361 4831 sed
1404 4777 1591 4847 potius
1622 4776 1690 4831 ad
1740 4782 1965 4829 naturas
2010 4773 2108 4827 ali-

538 4883 680 4938 quas
708 4883 810 4922 nec
838 4865 1113 4935 subiectas
1144 4865 1339 4932 oculis,
1370 4881 1473 4921 nec
1502 4865 1558 4919 in
1588 4879 1791 4935 corpus
1818 4862 2107 4917 immersas

536 4959 765 5015 deorum
820 4973 1049 5014 suorum
1099 4960 1437 5015 molitionem
1499 4955 1705 5011 referre
1755 4955 2105 5022 viderentur;

536 5060 846 5122 spectemus
897 5050 1031 5106 illud
1077 5051 1263 5115 etiam,
1300 5064 1432 5105 num
1467 5047 1627 5116 longe
1675 5055 1895 5119 praestet
1939 5061 2105 5101 unam

535 5142 720 5211 p0tius
759 5141 1000 5197 divinam
1031 5142 1209 5198 colere
1244 5156 1309 5195 ac
1351 5138 1602 5195 venerari
1633 5148 1906 5203 naturam,
1941 5153 2106 5207 quam

536 5231 724 5301 plures
772 5247 893 5289 esse
926 5232 1203 5288 arbitrari.
1254 5229 1391 5287 Nam
1438 5229 1486 5286 si
1533 5230 1719 5285 multa;
1752 5230 1807 5284 in
1853 5244 1967 5284 uno
2011 5243 2109 5285 εον

535 5324 772 5395 demque
811 5340 1040 5397 corpore
1091 5326 1300 5396 ﬁgurae,
1333 5331 1519 5395 partes
1556 5323 1742 5389 variae,
1783 5321 2108 5392 diversaque

606 5440 651 5473 “
689 5437 851 5494 Rom.
892 5456 934 5504 ι.
971 5439 1063 5495 9-2.

600 5544 632 5575 ι
650 5532 759 5588 ἰσ.
780 5533 868 5588 ὅτε
890 5532 978 5605 ἡλ.

606 5638 684 5703 (’5)
736 5641 839 5695 Ἐν
872 5642 1072 5697 Ἠλίου
1094 5642 1285 5697 πόλει.
1328 5639 1464 5698 Vide
1495 5654 1662 5712 supra
1688 5655 1811 5712 pag.
1839 5639 1909 5695 47
1936 5648 1990 5695 et
2012 5640 2103 5695 5t.

536 5702 796 5781 Herodot.
814 5712 906 5767 lib.
924 5727 986 5778 ιι,
1008 5728 1039 5767 a
1060 5714 1199 5767 mari
1225 5728 1444 5768 sursum
1465 5712 1534 5767 ad
1551 5702 1874 5781 Heliopolim
1905 5725 2101 5780 usque,

535 5780 873 5838 intervallum
925 5798 1049 5839 esse
1093 5784 1168 5838 ait
1212 5783 1445 5840 σταδίων
1489 5780 1861 5838 πεντακοσίων
1893 5781 1986 5836 καὶ
2018 5797 2103 5853 χι-

2205 4245 2347 4300 ματι
2362 4229 2595 4294 εἰκόνος
2618 4227 2879 4297 φθαρτοῦ
2898 4226 3236 4295 ἀνθρώπου,
3250 4225 3350 4279 καί
3365 4221 3670 4290 πετεινῶν,
3689 4227 3790 4277 καί

2210 4318 2613 4388 τεκραπόδων,
2642 4320 2738 4373 καί
2789 4317 3071 4388 ἑρπετῶν.
3127 4316 3265 4371 Ἀλλ’
3313 4316 3436 4370 ἐπεὶ
3479 4316 3652 4369 πάντα
3697 4313 3792 4368 τὸν

2210 4416 2341 4484 περὶ
2361 4431 2564 4467 τουτων
2583 4413 2893 4484 ἀπόρρητον
2907 4411 2972 4484 δὴ
2988 4411 3082 4466 καὶ
3109 4408 3413 4481 μυστικώτε
3420 4425 3511 4480 ρον
3532 4408 3688 4475 λόγον
3709 4408 3795 4469 εἰς

2208 4506 2534 4578 ἀσωμάτους
2559 4505 2816 4577 δυνάμεις
2859 4501 3240 4576 μεταφορικῶς
3280 4500 3503 4571 ἀνῆγον,
3538 4498 3677 4552 ὥστε
3705 4499 3789 4553 δο-

2209 4602 2325 4653 κεῖν
2357 4599 2546 4670 μηκέτ’
2574 4599 2668 4651 ἐπὶ
2707 4597 2777 4652 τὰ
2804 4595 3056 4670 ὁρώμενα
3107 4594 3249 4666 μέρη
3291 4592 3386 4646 τοῦ
3432 4593 3638 4664 κόσμου
3687 4593 3788 4665 τήν

2210 4690 2482 4745 θεοποιίαν
2507 4689 2686 4745 αὐτῶν
2714 4689 3026 4752 συντείνειν,
3054 4685 3168 4740 ἀλλ’
3207 4683 3299 4738 ὲπί
3341 4702 3495 4749 τινας
3526 4684 3789 4757 ἀοράτους

2210 4784 2304 4836 καὶ
2336 4782 2661 4853 ἀσωμάτους
2685 4781 2975 4852 δυνάμεις·
3024 4777 3352 4850 σκεψώμεθα
3383 4779 3432 4831 εί
3465 4776 3539 4849 μὴ
3572 4777 3666 4831 καὶ
3695 4774 3789 4830 οὖ-

2207 4891 2316 4938 τως
2346 4872 2475 4945 μίαν
2507 4873 2612 4946 χρὴ
2639 4872 2738 4945 τὴν
2766 4872 2916 4927 θείαν
2950 4871 3180 4941 δύναμιν
3212 4869 3641 4940 ἀποθαυμάζειν,
3671 4866 3787 4921 ἀλλ’

2208 4965 2268 5017 ού
2297 4963 2496 5028 πολλὰς
2537 4962 2809 5034 ἡγεῖσθαι.
2842 4961 2978 5016 Οὐδὲ
3019 4959 3130 5032 γάρ
3173 4960 3291 5013 ἐπεὶ
3326 4957 3497 5011 πολλά
3533 4957 3789 5027 σχήματα

2208 5056 2303 5111 καὶ
2337 5056 2475 5128 μέρη
2512 5055 2605 5109 καὶ
2641 5054 2773 5127 μέλη
2808 5055 2897 5125 ὑφ’
2935 5055 3016 5108 ἑνὶ
3050 5052 3261 5124 σώματι
3304 5049 3784 5123 δεδημιούργηται,

2207 5147 2475 5211 τοσαύτας
2504 5146 2643 5221 χρῆν
2684 5146 2761 5219 (4)
2797 5148 2947 5219 ἡμᾶς
2985 5144 3084 5207 τὰς
3113 5144 3289 5215 ψυχὰς
3335 5143 3479 5214 ἔχειν
3513 5139 3782 5213 ἡγεῖσθαι,

2208 5240 2329 5294 οὐδὲ
2353 5239 2638 5304 τοσούτους
2664 5239 2894 5311 ποιητὰς
2912 5239 3006 5293 καὶ
3032 5237 3397 5310 δημιουργοὺς
3418 5235 3512 5289 τοῦ
3536 5233 3786 5305 σώματος

2209 5332 2478 5403 νομίζειν·
2508 5330 2641 5385 ἀλλά
2672 5330 2767 5385 καὶ
2801 5331 2978 5403 ψυχὴν
3005 5330 3135 5401 μίαν
3174 5329 3236 5383 τὸ
3268 5330 3377 5383 πᾶν
3407 5326 3566 5399 σῶμα
3591 5325 3783 5389 κινεῖν,

2398 5715 2584 5788 Χρῆν.
2627 5716 2776 5775 Alter
2800 5731 2833 5774 e
2858 5729 3161 5783 manuser.,
3188 5730 3319 5786 χρη,
3348 5726 3409 5770 ιιι
3440 5708 3604 5783 paulo
3632 5716 3781 5765 ante.
