4156 6420
385 338 494 393 215

1593 320 1920 380 ΡΜΡΑΒ.
1958 319 2210 375 EVANG.
2254 319 2383 373 LIB.
2419 316 2508 373 Ill“.

3546 315 3605 372 2]
3619 315 3660 368 ιτ

386 456 484 511 καὶ
514 453 640 527 μίαν
669 451 997 524 δημιουργὸν
1026 450 1254 520 δύναμιν
1299 450 1358 502 τὸ
1406 449 1515 502 πᾶν
1546 445 1683 511 ζῶον
1715 446 1951 517 τεκτήνα

2081 443 2326 496 membra
2355 441 2629 496 elaborata
2661 447 2808 502 sunt,
2833 454 2941 494 non
2970 443 3158 494 tamen
3184 436 3444 492 continuo
3463 450 3653 489 verum

387 546 534 601 σθαι.
571 544 726 598 Οὖτω
766 543 830 614 δὴ
868 542 937 595 τὰ
982 542 1074 593 και)⁹
1113 540 1206 592 ἐπὶ
1250 540 1343 592 τοῦ
1389 537 1702 610 σύμπαντος
1741 536 1968 606 κόσμου,

386 640 505 704 ἐνὸς
539 640 636 710 μὲν
665 639 833 702 ὄντος,
886 638 980 692 καὶ
1028 639 1094 690 ὲκ
1146 636 1277 704 μιᾶς
1320 633 1418 704 τῆς
1467 632 1786 703 σωματικῆς
1841 632 1970 701 ῦλης

389 729 740 794 συνεστῶτος,
791 732 871 793 εἰς
922 729 1062 800 μέρη
1112 727 1169 780 δὲ
1216 726 1442 778 πλεῖστα
1480 724 1834 796 διῃρημένου,
1876 724 1972 776 καὶ

391 820 520 892 μίαν
567 820 675 873 τῶν
716 820 852 873 ὅλων
896 819 1127 890 φυσικὴν
1186 816 1525 888 συμπάθειαν
1583 813 1968 883 ὑποφαίνοντος

387 913 581 984 κρᾶσίν
601 931 658 966 τε
679 914 771 965 καὶ
796 911 936 983 μίξιν
957 911 1065 964 τῶν
1091 913 1148 964 ὲν
1169 907 1319 978 αὐτῷ
1339 907 1636 979 στοιχείων,
1657 904 1969 968 ἀλλοιώσεις

385 1022 446 1059 τε
476 1007 568 1059 καὶ
603 1004 901 1076 μεταϐολὰς
929 1001 1106 1056 αὐτῶν
1149 1003 1228 1064 εἰς
1259 1000 1456 1053 ἑαυτά·
1505 999 1624 1052 ὅλον
1667 999 1724 1051 δὲ
1769 999 1864 1052 καὶ
1908 999 1970 1051 τὸ

387 1100 518 1162 πᾶν,
548 1097 642 1149 ’ἐνα
673 1096 874 1166 κόσμον
907 1097 1000 1149 καὶ
1035 1095 1163 1165 μίαν
1190 1093 1456 1164 ἁρμονίαν
1489 1090 1962 1161 ἐπιδεικνυμένου·

385 1193 444 1244 ού
478 1189 675 1254 πολλὰς
716 1189 851 1260 χρῆν
891 1186 1238 1240 ὑποτίθεσθαι
1283 1185 1650 1256 δημιουργοὺς
1691 1182 1965 1252 δυνάμεις,

390 1282 556 1354 μόνην
576 1282 632 1334 δὲ
659 1281 786 1352 μίαν
808 1278 1094 1346 θεολογεῖν,
1113 1277 1210 1348 τὴν
1244 1276 1319 1340 ὡς
1339 1275 1554 1346 ἀληθῶς
1579 1273 1714 1328 Θεοῦ
1741 1273 1968 1344 δύναμιν

386 1373 482 1426 καί
513 1371 647 1425 Θεοῦ
679 1370 890 1440 σοφίαν.
925 1370 982 1422 '0
1017 1369 1074 1422 δὲ
1101 1369 1194 1422 καὶ
1214 1368 1313 1431 τὰς
1339 1365 1718 1436 Αἰγυπτιακὰς
1741 1365 1966 1437 μυθολο-

385 1462 509 1531 γίας
529 1463 689 1515 πάλιν
710 1461 801 1515 ἐπὶ
823 1460 1148 1531 ἀσωμάτους
1177 1459 1468 1531 μεταφέρει
1491 1459 1768 1530 δυνάμεις,
1791 1457 1968 1512 λαθὼν

383 1558 414 1609 ὁ
467 1555 778 1624 σοφώτατος
823 1555 984 1619 αὐτὸς
1037 1553 1247 1607 ἑαυτόν.
1295 1555 1563 1625 Ἀκήκοας
1603 1553 1712 1624 γάρ
1758 1554 1814 1606 ὲν
1855 1557 1968 1617 τοῖς

385 1649 641 1720 πρόσθεν,
675 1649 823 1711 ὅπως
869 1648 960 1700 τὸν
998 1649 1321 1718 Χαιρήμονα
1367 1646 1462 1700 καὶ
1507 1645 1724 1709 πλείους
1776 1644 1967 1708 ἄλλους

384 1739 653 1810 ὡμολόγει
695 1736 816 1811 μηδ’
854 1737 982 1792 ἄλλο
1026 1755 1079 1790 τι
1114 1737 1220 1808 πρὸ
1270 1736 1377 1790 τῶν
1407 1735 1701 1808 ὁρωμένων
1745 1735 1966 1805 κόσμων

382 1831 658 1902 ἡγεῖσθαι,
689 1833 746 1884 έν
775 1831 948 1904 ἀρχῆς
963 1848 1022 1882 τε
1039 1831 1180 1900 λόγῳ
1206 1829 1444 1883 τίθεσθαι
1459 1831 1584 1892 τοὺς
1616 1827 1959 1897 Αἰγυπτίους

383 1923 605 1988 τούτους
636 1924 744 1996 γὰρ
782 1925 959 1978 πάντα
984 1927 1064 1988 εἰς
1085 1923 1153 1975 τὰ
1175 1922 1400 1992 φυσικά,
1426 1923 1519 1977 καὶ
1550 1923 1703 1977 οὐδὲν
1727 1923 1805 1986 εἰς
1821 1922 1963 1976 ἀσω-

385 2017 589 2086 μάτους
623 2017 718 2070 καὶ
776 2017 956 2081 ζώσας
1012 2017 1200 2080 οὐσίας
1248 2017 1590 2087 ἑρμηνεύειν.
1650 2017 1711 2070 Εἰ
1748 2017 1812 2088 δὴ
1845 2012 1960 2081 οὖν,

381 2107 525 2161 κατά
552 2109 648 2179 τὴν
668 2107 846 2161 αὐτῶν
896 2108 1203 2178 ὁμολογίαν,
1236 2108 1546 2176 Αἰγυπτίων
1574 2103 1640 2180 ἦν
1702 2107 1763 2160 τὸ
1795 2108 1961 2180 μηδὲν

379 2201 605 2269 ἀνάγειν
627 2203 705 2264 εἰς
734 2201 1054 2272 ἀσωμάτους
1102 2202 1196 2254 καὶ
1223 2201 1404 2266 ζώσας
1453 2201 1659 2266 οὐσίας,
1695 2201 1873 2255 πάντα
1903 2202 1960 2255 δὲ

377 2293 601 2365 τάιπερὶ
629 2292 766 2348 θεῶν
792 2295 973 2356 αὐτοῖς
1031 2293 1473 2365 μυθολογούμενα
1523 2294 1615 2348 ἐπὶ
1646 2293 1715 2348 τὰ
1755 2294 1958 2362 φυσικά

377 2383 474 2436 τοῦ
503 2384 706 2455 κόσμου
742 2386 881 2456 μέρη
915 2385 1259 2455 μεταφέρειν,
1291 2385 1342 2438 τί
1366 2384 1430 2456 δὴ
1473 2384 1533 2448 ἐξ
1585 2383 1838 2456 ὑπαρχῆς
1864 2385 1956 2438 εὑ-

382 2473 805 2545 ρεσιλογοῦντες,
835 2475 1151 2542 Αἰγυπτίοις
1183 2474 1251 2528 τὰ
1281 2474 1548 2546 μηδαμῶς
1569 2475 1750 2531 αὐτῶν
1781 2477 1958 2532 οἰκεῖα

376 2567 782 2636 προσγράφετε,
848 2566 941 2618 ἐπὶ
983 2565 1240 2636 δυνάμεις
1283 2567 1605 2638 ἀσωμάτους
1653 2568 1956 2637 φάσκοντες

374 2657 573 2718 αὐτοὺς
591 2655 689 2726 τὴν
719 2657 998 2728 ἀναφορὰν
1024 2657 1124 2727 τῆς
1156 2657 1431 2727 θεολογίας
1454 2659 1633 2713 αὐτῶν
1660 2660 1952 2727 ποιεῖσθαι;

374 2746 620 2799 Καθόλου
663 2747 760 2818 μὲν
791 2743 883 2802 οῦν
912 2747 1082 2802 ταῦτα
1109 2751 1396 2805 αἰτιατέον.
1420 2752 1532 2805 Καὶ
1562 2753 1655 2805 ἐπὶ
1685 2753 1792 2807 τῶν
1812 2753 1954 2808 κατά

379 2833 547 2906 μέρος
577 2836 634 2889 δὲ
666 2835 905 2908 ἡγοῦμαι
934 2838 1024 2891 τὸν
1047 2838 1266 2909 ἔλεγχον
1291 2840 1390 2910 τῆς
1425 2843 1954 2915 κατηναγκασμένης

373 2927 686 2992 ἀποδόσεως
708 2927 886 2982 αὐτῶν
917 2929 978 2982 οὐ
1017 2932 1231 3001 μακρᾶς
1251 2931 1558 3002 ἀνασκευῆς
1583 2931 1811 2988 δεῖσθαι.
1838 2935 1954 2990 Ἵνα

373 3019 484 3089 γάρ
505 3020 595 3073 τὸν
628 3021 997 3088 Αἰγυπτιακὺν
1025 3020 1310 3092 παρελθών
1353 3040 1436 3086 τις
1492 3023 1676 3096 λῆρον,
1731 3027 1826 3080 καί
1857 3025 1955 3098 τὴν

375 3111 574 3182 πολλὴν
600 3113 778 3166 αὐτῶν
810 3115 904 3168 καὶ
933 3115 1218 3185 ἀδόλεσχον
1274 3117 1561 3189 φλυαρίαν,
1599 3118 1692 3171 ἐπὶ
1721 3118 1821 3182 τάς
1846 3119 1954 3173 τῶν

376 3203 556 3272 σοφῶν
612 3202 878 3276 Ἑλλήνων
934 3207 1178 3278 μετέλθοι
1239 3207 1602 3277 φυσιολογίας·
1631 3209 1716 3274 τίς
1741 3211 1842 3264 οὐκ
1886 3209 1953 3264 ἂν

371 3293 482 3348 τῶν
514 3292 572 3348 εὖ
602 3295 938 3367 φρονούντων
994 3297 1219 3351 αὐτόθεν
1273 3299 1696 3370 καταμέμψαιτο
1743 3302 1854 3364 τοῖς
1882 3300 1952 3352 τὰ

371 3387 598 3440 τοιαῦτα
625 3387 1052 3459 παρεξηγείσθαι
1104 3390 1500 3462 πειρωμένοις;
1560 3393 1741 3447 Ἔστω
1779 3392 1887 3464 γάρ
1923 3395 1954 3446 ὀ

373 3477 508 3540 Ζεὺς
538 3477 730 3548 μηκέθ’
769 3481 801 3548 ὴ
832 3477 1088 3550 πυρώδης
1116 3481 1211 3532 καὶ
1257 3479 1494 3549 αἰθέριος
1541 3480 1720 3544 οὐσία,
1763 3481 1952 3554 ῶσπερ

371 3563 466 3621 οὖν
494 3572 605 3632 τοῖς
643 3569 888 3632 παλαιοῖς
941 3569 1220 3640 ἐνομίζετο
1277 3570 1419 3624 κατά
1460 3571 1552 3624 τὸν
1582 3571 1948 3642 Πλούταρχον,

370 3659 488 3713 ἀλλ’
518 3659 680 3724 αὐτὸς
703 3661 731 3712 ό
763 3661 1022 3713 ἀνωτάτω
1052 3661 1196 3725 νοῦς,
1249 3664 1277 3715 ὁ
1304 3661 1412 3715 τῶν
1441 3661 1576 3716 ὅλων
1599 3662 1949 3734 δημιουργὸς,

370 3752 401 3803 ὁ
429 3749 498 3804 τά
525 3751 702 3804 πάντα
734 3750 1032 3820 ζωογονῶν·
1071 3751 1189 3815 πῶς
1239 3748 1333 3806 οῦν
1376 3753 1527 3806 ἔσται
1557 3753 1744 3808 τούτου
1770 3756 1952 3826 πατὴρ

375 3844 475 3914 μὲν
500 3844 527 3896 ὁ
555 3843 783 3913 Κρόνος,
822 3843 880 3896 ὃν
913 3861 1076 3913 φασιν
1105 3840 1245 3897 εἶναι
1273 3845 1364 3898 τὸν
1385 3845 1596 3917 χρόνον,
1625 3846 1749 3900 Ῥέα
1770 3846 1826 3900 δὲ
1855 3851 1954 3919 μή-

370 3950 498 4004 τηρ,
535 3934 601 4004 ἢν
633 3936 661 3987 ὁ
689 3936 960 4006 ἑρμηνεὺς
1013 3936 1214 4006 ἔφησεν
1270 3931 1409 3990 εἶναι
1443 3937 1542 4009 τὴν
1575 3937 1822 4010 πετρώδη
1859 3943 1952 3994 καὶ

369 4024 547 4094 ὄρειον
568 4023 832 4096 δύναμιν;
886 4025 998 4096 Τὴν
1026 4025 1135 4096 γὰρ
1161 4026 1339 4096 Ἥραν
1371 4026 1471 4079 οὐκ
1520 4021 1614 4079 οἷδ’
1657 4028 1805 4092 ὅπως
1859 4028 1951 4082 τὸν

370 4116 530 4188 ἀέρα,
564 4117 656 4170 τὸν
688 4117 781 4170 καὶ
799 4115 992 4188 αἰθέρα
1015 4116 1348 4189 προσειπὼν,
1389 4118 1624 4191 ἀδελφὴν
1675 4119 1813 4192 ὁμοῦ
1857 4122 1952 4177 καὶ

371 4209 604 4277 γυναῖκά
636 4225 801 4281 φησιν
851 4202 988 4262 εἶναι
1030 4206 1125 4261 τοῦ
1176 4209 1510 4279 κοσμοποιοῦ
1563 4211 1658 4263 καὶ
1687 4209 1950 4274 ζωοποιοῦ

372 4299 590 4354 πάντων
612 4299 726 4354 νοῦ.
765 4297 926 4352 Ἀλλά
954 4297 1102 4369 καὶὴ
1139 4297 1300 4370 Λητὼ
1346 4299 1508 4353 πάλιν
1559 4299 1709 4371 ληθώ
1737 4317 1822 4364 τις
1847 4317 1951 4354 κα-

368 4391 566 4445 λείσθω
585 4390 674 4445 διά
701 4390 799 4463 τὴν
830 4388 971 4442 κατά
987 4389 1079 4442 τὸν
1111 4388 1297 4455 ὕπνον,
1343 4389 1420 4454 ὥς
1453 4407 1638 4459 φασιν,
1693 4389 1951 4461 ἀναισθη-

2076 535 2166 599 sit,
2216 544 2310 589 aut
2352 548 2454 590 nos
2501 534 2720 589 totidem
2763 531 3053 586 animabus
3099 529 3378 600 praeditos,
3427 537 3521 588 aut
3575 536 3657 580 tot

2073 629 2239 683 unius
2284 626 2528 696 corporis
2559 635 2809 680 auctores
2829 633 2993 693 atque
3029 622 3358 677 architectos
3387 636 3510 675 esse
3535 618 3656 688 opi-

2073 720 2226 775 nari:
2267 719 2360 774 sed
2409 735 2534 773 cum
2580 719 2799 772 unicam
2835 731 2960 771 esse
3001 715 3265 777 animam,
3310 728 3432 782 quae
3473 719 3647 764 totum

2073 826 2276 880 corpus
2303 817 2540 875 moveat,
2567 818 2684 863 tum
2717 823 2879 862 unam
2914 821 3134 876 quoque
3164 805 3269 859 vim
3297 803 3648 865 effectricem,

2073 919 2196 974 quae
2239 911 2413 958 totum
2470 903 2803 956 animantem
2861 900 3050 954 molita
3101 897 3190 953 sit.
3239 896 3442 952 Eodem
3489 895 3651 964 plane

2071 995 2236 1050 modo
2281 993 2348 1049 de
2382 994 2485 1048 hac
2515 1008 2700 1050 rerum
2729 991 3085 1046 universitate
3113 987 3478 1044 sentiendum.
3509 985 3648 1040 Cum

2070 1101 2218 1142 unus
2244 1086 2316 1141 sit
2355 1085 2615 1149 mundus,
2643 1100 2707 1138 ex
2737 1099 2848 1138 una
2890 1083 3139 1137 similiter
3175 1080 3472 1149 eademque
3534 1094 3650 1133 cor-

2070 1193 2236 1248 porea
2267 1176 2501 1231 materia
2543 1173 2835 1241 conflatus,
2879 1173 3083 1243 quique
3110 1186 3236 1226 cum
3282 1170 3548 1240 plurimas
3593 1170 3646 1222 in

2069 1282 2253 1341 partes
2284 1269 2578 1335 dividatur,
2616 1276 2728 1321 tum
2776 1283 2906 1321 vero
2941 1279 3105 1319 unam
3143 1262 3436 1334 quamdam
3484 1270 3648 1330 atque

2069 1359 2380 1415 naturalem
2424 1357 2808 1412 universarum
2859 1351 3277 1410 consensionem
3329 1365 3440 1420 prae
3480 1365 3538 1404 se
3570 1349 3648 1403 fe-

2068 1457 2175 1516 rat,
2216 1464 2280 1504 ac
2322 1457 2516 1513 prmter
2560 1459 2750 1499 eorum
2799 1443 3228 1504 elementorum,
3273 1451 3397 1508 quze
3439 1433 3644 1489 ambitu

2069 1555 2172 1596 suo
2202 1538 2576 1603 continentur,
2601 1535 2800 1606 partim
2829 1531 3278 1603 temperationem
3315 1536 3481 1598 atque
3512 1525 3648 1579 mix-

2069 1637 2298 1698 tionem,
2346 1631 2544 1702 partim
2578 1630 2758 1684 varias
2792 1628 3022 1683 aliorum
3061 1625 3116 1678 in
3145 1622 3251 1678 alia
3289 1619 3643 1683 mutationes,

2071 1727 2390 1780 universum
2423 1723 2603 1794 ipsum
2649 1729 2934 1791 praeterea,
2970 1716 3233 1771 mundum
3263 1728 3432 1768 unum
3481 1720 3646 1780 atque

1999 1797 2040 1852 B
2071 1834 2176 1873 una
2221 1831 2405 1870 rerum
2461 1813 2705 1869 omnium
2749 1808 3118 1866 concinnitate
3159 1805 3506 1877 aptissimum
3550 1816 3646 1855 ex-

2072 1910 2292 1974 hibeat;
2351 1921 2459 1961 non
2502 1905 2612 1976 iam
2664 1904 2848 1975 plures
2881 1900 3169 1956 facultates
3218 1897 3366 1953 illius
3405 1895 3643 1952 effectri-

2070 2019 2162 2060 ces
2207 2015 2442 2072 ponere,
2493 1999 2587 2055 sed
2634 2011 2802 2053 unam
2844 2004 3056 2050 tantum
3101 2005 3335 2060 eamque
3374 2005 3502 2044 vere
3548 1988 3641 2044 Dei

2067 2097 2203 2162 vim,
2236 2094 2444 2164 Deique
2472 2089 2797 2162 sapientiam
2825 2087 3012 2142 divino
3037 2099 3256 2154 quoque
3297 2082 3519 2137 nomine
3555 2095 3646 2136 ce-

2067 2188 2279 2243 lebrare
2331 2183 2594 2254 oportuit.
2637 2181 2708 2234 At
2744 2189 2931 2234 noster
2956 2177 3046 2232 ille
3081 2175 3442 2246 philosophus
3471 2171 3642 2244 IEgy-

2065 2279 2275 2350 ptiacas
2323 2277 2487 2332 etiam
2533 2273 2748 2329 fabulas
2795 2271 2863 2325 ad
2887 2269 3106 2325 easdem
3155 2278 3380 2322 naturas
3410 2280 3642 2335 corpore

2066 2387 2274 2428 vacuas
2306 2370 2598 2426 traducere
2623 2372 2877 2422 conatur.
2905 2362 2964 2416 ln
2998 2377 3110 2431 quo
3144 2359 3520 2429 suimetipsius
3543 2359 3641 2412 ho-

2065 2480 2156 2520 mo
2183 2461 2628 2519 consultissimus
2656 2458 2860 2514 oblitus
2882 2463 2985 2509 est.
3005 2452 3215 2524 Quippe
3245 2451 3467 2507 audiisti
3491 2450 3638 2505 enim

2065 2555 2344 2626 superius,
2379 2568 2506 2609 cum
2534 2561 2590 2607 et
2619 2550 3033 2606 Chaeremonem
3059 2554 3115 2602 et
3158 2545 3298 2602 alios
3345 2543 3664 2614 plerosque

2067 2647 2230 2718 119
2262 2645 2544 2712 fateretur,
2578 2643 2713 2698 nihil
2737 2643 2963 2698 omnino
2988 2647 3185 2710 praeter
3232 2635 3469 2691 mundos
3493 2633 3640 2700 illos,

2063 2754 2203 2809 quos
2219 2753 2417 2793 sensus
2437 2735 2757 2807 perciperet,
2782 2733 3090 2805 agnovisse,
3113 2729 3359 2798 adeoque
3375 2735 3638 2795 tanquam

2063 2832 2309 2887 omnium
2336 2830 2610 2901 principes
2642 2825 2930 2897 Egyptios
2958 2822 3230 2894 posuisse,
3275 2819 3422 2890 quod
3447 2818 3513 2873 ad
3548 2833 3638 2872 re-
3668 2863 3674 2868 .

2062 2941 2186 2980 rum
2212 2923 2544 2979 naturalium
2596 2921 2834 2977 rationes
2870 2918 3075 2982 omnia,
3124 2915 3258 2970 nihil
3290 2913 3358 2972 ad
3384 2921 3636 2982 expertes

2062 3016 2308 3087 corporis
2328 3016 2684 3082 viventesque
2709 3019 2934 3066 naturas
2954 3006 3276 3079 explicando
3293 3013 3635 3070 revocarent;

2061 3109 2112 3165 si
2138 3123 2288 3179 ergo,
2303 3107 2389 3162 vel
2427 3108 2658 3162 istorum
2687 3102 3055 3168 confessione,
3082 3098 3365 3170 proprium
3390 3095 3443 3154 id
3467 3093 3637 3167 [Egy-

2058 3198 2297 3270 ptiorum
2330 3196 2453 3261 fuit,
2489 3196 2624 3250 nihil
2665 3206 2726 3250 ut
2756 3195 2823 3250 ad
2856 3200 3106 3262 expertes
3147 3191 3396 3261 corporis
3441 3192 3635 3246 viven-

2059 3299 2251 3360 tesque
2283 3299 2509 3345 naturas
2531 3289 2900 3353 traducerent,
2941 3286 3036 3342 sed
3064 3299 3406 3357 quaecunque
3431 3284 3499 3340 de
3527 3283 3636 3340 diis

2058 3379 2464 3447 fabulabantur,
2497 3395 2559 3436 ea
2590 3379 2658 3434 ad
2698 3389 2882 3450 partes
2917 3376 3106 3436 mundi
3136 3376 3418 3433 naturales
3451 3375 3637 3431 omnia

2058 3485 2417 3539 revocarent;
2443 3488 2707 3544 quorsum
2741 3473 2960 3528 tandem
2987 3487 3128 3527 nova
3152 3487 3220 3527 ex
3247 3472 3460 3542 integro
3486 3485 3636 3526 com-

2059 3574 2241 3621 menta
2272 3566 2630 3632 somniantes,
2683 3563 2954 3636 Egyptiis
3000 3565 3177 3620 aliena
3229 3578 3462 3634 quaeque
3492 3562 3635 3618 assi-

2059 3657 2261 3729 gnatis,
2288 3671 2495 3727 eosque
2523 3656 2853 3726 theologiam
2872 3671 3028 3712 suam
3065 3655 3120 3710 in
3136 3664 3362 3711 naturas
3388 3655 3458 3709 ab
3482 3653 3634 3709 omni

2059 3751 2334 3820 sejunctas
2368 3749 2597 3804 materia
2627 3748 2926 3804 contulisse
2949 3746 3264 3803 dictitatis?
3297 3746 3474 3816 Atque
3529 3745 3637 3800 hoc

2057 3845 2222 3898 modo
2268 3843 2536 3914 quidquid
2565 3843 2635 3898 ab
2674 3842 2798 3897 istis
2819 3841 3188 3912 excogitatum
3218 3850 3325 3903 est,
3355 3837 3632 3894 confutari

2057 3937 2374 3993 universum
2399 3945 2596 4008 potest.
2630 3933 2752 3992 Jam
2768 3951 2899 3992 vero
2925 3943 2988 3990 ut
3020 3934 3361 4005 singularum
3391 3933 3630 4003 partium

2056 4039 2302 4085 coactam
2351 4029 2489 4084 adeo
2540 4035 2705 4099 atque
2740 4027 3035 4082 violentam
3069 4025 3631 4082 accommodationem

2057 4121 2392 4188 refellamus,
2428 4135 2538 4175 non
2568 4121 2731 4189 longa
2763 4120 2922 4176 nobis
2954 4119 3205 4176 oratione
3227 4132 3366 4186 opus
3399 4133 3521 4174 esse
3545 4135 3636 4173 ar-

2056 4214 2249 4269 bitror.
2290 4213 2450 4268 Enim
2478 4227 2630 4280 vero,
2664 4221 2722 4267 ut
2744 4210 3124 4283 Egyptiorum
3151 4210 3546 4279 deliramentis,
3570 4226 3636 4268 ac
3723 4257 3734 4264 .

2057 4307 2255 4363 stolida
2278 4321 2549 4378 nugarum
2573 4306 2802 4361 anilium
2833 4305 3088 4374 congerie
3119 4305 3518 4374 praetermissa,
3564 4307 3636 4361 ad

2056 4398 2356 4467 politorum
2406 4396 2720 4452 Graecorum
2779 4395 3181 4466 physiologiam
3235 4402 3630 4452 transeamus:

370 4483 514 4548 σίαν,
548 4484 642 4536 καὶ
662 4483 743 4536 ὅτι
773 4480 912 4551 λήθη
944 4480 1268 4553 ξυνομαρτεῖ
1294 4481 1415 4545 ταῖς
1464 4483 1570 4535 ὑπὸ
1595 4481 1825 4554 σελήνην
1860 4499 1952 4550 γε-

2061 4489 2206 4558 quis,
2239 4489 2494 4554 obsecro,
2555 4502 2707 4543 sanae
2738 4487 2940 4542 mentis
2965 4501 3083 4552 eos,
3117 4487 3212 4559 qui
3246 4495 3359 4542 tam
3392 4487 3632 4542 alienum

369 4577 624 4649 νομέναις
658 4574 878 4646 ψυχαῖς·
937 4572 1054 4636 πῶς
1089 4569 1182 4626 οὖν
1212 4576 1247 4646 ἡ
1281 4573 1424 4646 λήθη
1460 4574 1658 4643 γένοιτ’
1701 4575 1767 4629 ἂν
1793 4574 1946 4645 ἡλίου

367 4673 465 4726 καὶ
493 4670 724 4742 σελήνης
767 4669 974 4742 μήτηρ,
1014 4667 1346 4730 Ἀπόλλωνος
1371 4667 1468 4721 καὶ
1507 4667 1820 4740 Ἀρτέμιδος
1837 4667 1963 4722 τῶν.

368 4761 580 4836 Λητοῦς
613 4761 818 4817 παίδων
871 4763 952 4826 εἰς
980 4762 1130 4833 ἥλιον
1158 4761 1252 4814 καί
1281 4760 1510 4832 σελήνην
1545 4760 1946 4832 μετενηνεγμέ-

366 4871 508 4922 νων;
545 4853 610 4908 Τί
632 4853 690 4909 δὲ
714 4853 818 4926 χρὴ
853 4854 1031 4908 σέϐειν
1050 4854 1132 4918 ὡς
1164 4852 1285 4907 θεὸν
1314 4852 1413 4925 τὴν
1458 4851 1614 4906 Ῥέαν
1647 4852 1680 4924 ἢ
1706 4853 1804 4925 τὴν
1839 4854 1946 4925 Δή-

371 4963 607 5022 μητραν,
636 4949 685 5002 εἰ
712 4949 745 5019 ἡ
777 4947 874 5018 μὲν
901 4947 1000 5018 τῆς
1049 4945 1356 5018 πετρώδους
1388 4946 1482 5000 καὶ
1529 4944 1710 5017 ὀρείου
1753 4945 1874 5015 γῆς,
1913 4947 1946 5016 ὴ

365 5039 426 5094 δὲ
454 5039 552 5110 τῆς
584 5036 829 5100 πεδιάδος
851 5036 921 5090 τὰ
954 5035 1201 5108 σύμϐολα
1227 5035 1412 5106 φέρειν
1436 5034 1691 5104 ὲλέγετο;
1744 5036 1856 5107 Τήν
1886 5053 1946 5089 τε

367 5129 553 5200 Κόρην
583 5126 677 5180 τὸν
704 5126 865 5198 κόρον
888 5125 1334 5197 ἀλληγοροῦντες,
1375 5125 1481 5179 τίνι
1523 5126 1666 5198 λόγῳ
1702 5125 1797 5179 καὶ
1819 5125 1948 5178 ταύ-

366 5239 468 5294 την
497 5220 702 5275 οἴονται
731 5219 841 5273 δεῖν
861 5221 928 5290 τῇ
960 5219 1243 5290 σεϐασμίῳ
1274 5219 1616 5290 προσηγορίᾳ
1644 5221 1848 5290 τιμᾷν;
1881 5219 1948 5273 Τί

366 5315 428 5369 δὲ
461 5314 661 5386 μᾶλλον
683 5312 782 5385 τὴν
813 5310 1227 5384 σπερματοῦχον
1259 5309 1508 5381 δύναμιν,
1553 5311 1647 5364 καὶ
1697 5309 1796 5382 τὴν
1839 5311 1947 5366 τῶν

368 5403 684 5478 ἀκροδρύων
715 5405 927 5474 γένεσιν
957 5404 1122 5475 ἢτῶν
1164 5401 1304 5457 κατά
1331 5401 1394 5456 τὸ
1447 5402 1548 5473 ἔαρ
1582 5403 1948 5475 προφαινομέ-

366 5514 474 5550 νων
504 5495 680 5550 ἀνθῶν
702 5496 797 5549 καὶ
826 5496 954 5568 πρὶν
1006 5495 1444 5566 τελεσιογονῆσαι
1486 5494 1868 5567 διαῤῥεόντων.
1911 5495 1945 5568 ἥ

365 5587 470 5656 τῆς
499 5586 607 5639 τῶν
629 5587 844 5640 τελείων
884 5586 1110 5656 καρπῶν
1135 5586 1374 5656 ἐκτομῆς
1407 5585 1477 5640 τά
1534 5586 1798 5656 σύμϐολα,
1831 5588 1948 5646 Διό-

375 5695 528 5732 νυσον
567 5679 660 5732 καὶ
697 5679 885 5732 Ἀττιν
935 5678 1028 5730 καὶ
1077 5677 1306 5730 Ἀδωνιν
1352 5676 1818 5748 ἐπονομάζοντες,
1869 5678 1945 5744 ὠς

369 5770 525 5834 θεοὺς
553 5771 751 5840 χρῆναι
790 5769 968 5824 σέϐειν
988 5788 1001 5803 ·
1033 5769 1150 5839 οὐχὶ
1171 5769 1226 5822 δὲ
1258 5769 1463 5824 τούτων
1491 5769 1743 5827 ἁπάντων
1773 5770 1832 5824 τὸ
1861 5771 1946 5826 ἀνι

2056 4582 2112 4636 in
2141 4595 2365 4636 sensum
2399 4579 2671 4650 ejusmodi
2726 4579 2941 4635 fabulas
2981 4578 3307 4650 detorquere
3333 4586 3634 4643 conantur,

2054 4687 2164 4727 non
2192 4669 2617 4741 suopteingenio
2645 4669 2952 4735 confutare,
2975 4678 3139 4742 atque
3158 4685 3224 4726 ex
3251 4670 3633 4742 ﬁgmentorum
3720 4739 3727 4758 ’

2055 4763 2303 4833 ipsorum
2346 4763 2559 4819 ratione
2598 4763 2810 4833 possit?
2843 4761 2978 4817 Nam
3027 4771 3150 4819 esto
3182 4777 3317 4818 sane
3377 4759 3590 4832 Jupiter
3615 4801 3631 4824 ,

2055 4869 2165 4909 non
2187 4854 2302 4924 jam
2331 4853 2488 4926 ignea
2527 4854 2862 4924 aztheriaque
2905 4863 3101 4910 natura
3125 4893 3140 4918 ,
3176 4863 3235 4908 ut
3279 4862 3492 4908 veteres
3528 4867 3631 4906 au-

2055 4952 2204 4999 ctore
2228 4942 2523 5000 Plutarcho
2553 4944 2887 5012 statuebant,
2917 4944 3012 4999 sed
3030 4943 3210 5013 potius
3231 4957 3387 4998 mens
3415 4941 3506 4995 illa
3541 4957 3635 4997 su-

2056 5053 2240 5107 prema
2273 5052 2457 5092 rerum
2485 5035 2724 5090 rnolitrix
2753 5036 3158 5100 universarum,
3195 5047 3333 5102 quas
3379 5033 3432 5085 vi
3464 5031 3632 5086 etiam

2053 5127 2412 5184 vitalifoveat
2433 5146 2446 5182 :
2468 5129 2747 5198 quomodo
2771 5127 2940 5197 igitur
2970 5125 3264 5189 Saturnus,
3297 5138 3459 5194 quem
3488 5132 3630 5178 tem-

2054 5238 2159 5296 pus
2183 5237 2304 5277 esse
2330 5222 2503 5288 aiunt,
2527 5229 2682 5291 pater
2697 5219 2816 5290 ejus
2831 5219 2954 5283 erit,
2972 5217 3082 5287 Ops
3096 5231 3224 5270 vero
3246 5224 3442 5280 mater,
3466 5231 3632 5285 quam

2053 5315 2328 5383 interpres
2359 5322 2544 5367 noster
2589 5311 2891 5380 lapidosam
2925 5324 2990 5363 ac
3016 5314 3336 5363 montanam
3367 5307 3477 5359 vim
3511 5321 3633 5361 esse

2055 5404 2387 5461 confirmat?
2421 5402 2558 5458 Nam
2590 5401 2861 5458 lunonem
2889 5417 3041 5467 sane,
3071 5415 3237 5470 quam
3266 5400 3382 5456 sive
3407 5415 3589 5454 aerem
3608 5437 3628 5466 ,

2055 5497 2169 5552 sive
2197 5496 2400 5551 aethera
2427 5509 2648 5565 quoque
2673 5492 2998 5558 nominavit,
3031 5491 3308 5561 quomodo
3330 5489 3530 5545 mentis
3564 5490 3631 5544 il-

2054 5587 2161 5643 lius
2195 5586 2384 5640 mundi
2405 5585 2718 5648 effectricis,
2745 5584 3018 5653 rebusque
3042 5581 3298 5638 omnibus
3325 5582 3490 5635 vitam
3519 5580 3630 5634 lar-

2056 5679 2254 5749 gientis
2285 5691 2529 5732 sororem
2566 5675 2731 5731 simul
2763 5683 2818 5728 et
2868 5689 3092 5728 uxorem
3138 5687 3261 5728 esse
3288 5672 3440 5733 velit,
3468 5670 3628 5738 equi.-

2057 5770 2178 5824 dem
2202 5783 2311 5824 non
2343 5768 2604 5837 intelligo.
2660 5766 2927 5823 Praeterea
2976 5765 3182 5820 Latona
3238 5779 3333 5834 per
3359 5777 3446 5817 me
3477 5757 3627 5828 ληθώ
