4156 6414
549 339 659 398 215

1218 345 1488 402 EUSEBll
1525 346 2009 404 CAESARIENSIS
2045 345 2194 403 OPP.
2229 344 2410 401 PARS
2445 342 2598 399 IL—
2626 340 3122 400 APOLOGETICA.

552 459 823 529 quadam,
850 461 900 514 ui
934 470 1019 517 est
1065 464 1301 532 oblivio,
1352 478 1715 536 nuncupetur,
1749 463 1947 538 partim
1976 465 2120 535 quod

2224 462 2490 535 θρώπειον
2519 462 2675 532 γένος
2701 462 2992 534 προτιμᾷν,
3023 452 3069 528 ᾧ
3090 458 3264 515 ταῦτα
3297 459 3432 531 πρὸς
3465 460 3659 532 χρῆσιν
3697 464 3794 520 καὶ

558 551 830 605 sentiendi
865 552 970 619 vis,
1006 561 1065 609 ut
1092 555 1267 621 aiunt,
1303 557 1483 610 somni
1528 565 1773 627 tempore
1825 557 1974 611 nulla
2009 556 2121 624 sit,

554 642 752 711 partim
777 645 922 712 quod
957 645 1157 701 animis
1190 647 1296 702 illis
1319 686 1336 711 ,
1385 665 1526 719 quos
1567 648 1706 706 infra
1752 650 1938 705 lunam
1992 664 2122 720 pro-

552 733 727 788 creari
751 735 1040 807 contingit.
1073 738 1276 794 oblivio
1307 741 1601 796 comitetur
1633 761 1646 796 :
1688 742 1783 811 qui
1836 757 1967 811 ergo
2006 740 2122 797 ﬁeri

551 830 751 892 potest.
778 832 837 879 ut
887 827 1018 883 solis
1050 840 1114 883 ac
1135 827 1279 885 luna;
1310 840 1485 886 mater
1512 831 1718 886 oblivio
1750 831 1841 895 sit,
1874 831 2124 901 Apolline

553 930 621 970 ac
655 914 827 972 Diana
872 916 1093 975 Latona:
1118 919 1306 977 liberis
1355 924 1411 976 in
1446 923 1614 979 solem
1667 923 1962 994 lunamque
2009 931 2123 978 tra-

552 1007 732 1064 ductis
754 1009 780 1062 ?
806 1006 924 1063 Jam
964 1025 1063 1066 cur
1089 1020 1349 1082 tanquam
1388 1012 1555 1067 Deum
1584 1023 1678 1069 aut
1708 1015 1872 1083 Opem
1905 1022 1998 1069 aut
2023 1013 2111 1069 Ce-

551 1111 729 1151 rerem
760 1100 1009 1153 venerari
1037 1110 1308 1170 oporteat,
1339 1102 1385 1156 si
1420 1102 1590 1159 altera
1622 1104 1843 1172 quidem
1888 1103 2120 1171 lapidosi

551 1199 619 1240 ac
643 1187 911 1250 montani,
938 1187 1110 1242 altera
1135 1204 1266 1245 vero
1305 1190 1452 1260 plani
1485 1193 1829 1262 patentisque
1857 1194 1956 1246 soli
1983 1208 2123 1264 sym-

554 1277 743 1332 bolum
777 1280 1050 1348 quoddam
1094 1296 1215 1337 esse
1236 1283 1489 1338 dicatur?
1522 1282 1640 1349 Qua
1672 1285 1884 1338 ratione
1912 1284 2120 1356 Κόρην,

550 1367 655 1422 hoc
675 1378 757 1423 est
779 1367 1167 1442 Proserpinam
1196 1414 1214 1440 ,
1242 1389 1438 1446 quam-
1460 1374 1563 1445 ipsi
1607 1375 1787 1446 κόρον,
1818 1376 2122 1431 satietatem

548 1457 995 1529 interpretantur,
1031 1465 1339 1520 venerando
1367 1465 1461 1519 illo
1494 1465 1715 1520 nomine
1742 1465 2122 1535 appellandam

548 1561 670 1603 esse
698 1550 1040 1619 opinentur?
1067 1552 1179 1609 Cur
1207 1554 1334 1608 item
1392 1554 1691 1619 Bacchum,
1729 1554 1891 1624 120
1938 1551 2125 1608 'Attin

556 1648 609 1694 et
642 1639 858 1696 Adonin
891 1642 1081 1698 divino
1110 1644 1260 1701 cultu
1300 1647 1708 1716 prosequendos
1740 1660 1863 1702 esse
1901 1654 2123 1701 conten—

548 1729 709 1797 dunt,
748 1746 887 1802 quos
918 1735 1081 1789 modo
1107 1736 1214 1791 vim
1246 1724 1589 1802 seminalctu,
1615 1752 1681 1792 ac
1708 1735 1988 1792 fructuum
2020 1750 2118 1793 eo-

2222 554 2428 626 τροφὴν
2460 556 2489 608 6
2515 553 2621 607 τῶν
2646 553 2785 606 ὅλων
2839 553 3169 625 δημιουργὸς
3218 551 3352 616 Θεὸς
3407 554 3791 626 ὑπεστήσατος

2223 648 2479 712 Μεταϐἀς
2502 648 2558 701 δὲ
2586 647 2650 703 ὲκ
2670 647 2892 713 τούτων,
2914 647 3009 701 καὶ
3038 647 3108 701 τά
3126 645 3291 700 λοιπά
3315 643 3458 698 κατά
3485 645 3577 698 τὸν
3607 646 3794 715 ὅμοιον

2222 740 2423 811 τρόπον
2452 740 2551 810 τῆς
2579 738 2834 807 γενναίας
2873 737 3193 806 ἀπελέγξεις
3248 736 3613 807 φυσιολογίας,
3640 738 3794 791 εὑλό-

2222 847 2334 899 γως
2361 830 2459 901 τῆς
2492 830 2874 900 ἀναισχυντίας
2904 827 3356 899 ἐπιμεμψάμενος
3378 829 3511 891 τοῖς,
3543 827 3673 898 φέρε
3691 828 3789 896 (5),

2221 921 2313 974 τὸν
2334 921 2487 992 ἣλιον
2510 920 2672 975 αὑτὸν
2722 917 2861 974 εἶναι
2908 921 3000 973 τὸν
3043 918 3301 983 Ἀπόλλω,
3336 919 3431 971 καὶ
3484 918 3646 971 πάλιν
3701 920 3793 971 τὸν

2233 1014 2526 1085 Ἡρακλέα,
2556 1013 2650 1067 καὶ
2683 1008 2838 1076 αὖθις
2865 1011 2959 1066 τὸν
3004 1011 3276 1069 Διόνυσον,
3309 1011 3404 1064 καὶ
3445 1010 3538 1063 τὸν
3567 1010 3794 1081 Ἀσκλη-

2222 1105 2346 1158 πιὸν
2372 1107 2573 1175 ὁμοίως
2602 1104 3065 1174 ἀποφηναμένοις.
3089 1101 3214 1165 Πῶς
3237 1100 3346 1172 γάρ
3373 1103 3401 1155 6
3426 1100 3587 1165 αὑτδς
3613 1103 3795 1174 πατὴρ

2221 1194 2291 1249 ἂν
2318 1193 2527 1263 γένοιτο
2553 1195 2647 1248 καὶ
2669 1194 2803 1257 υἱὸς,
2846 1191 3169 1261 Ἀσκληπιὸς
3195 1189 3328 1261 όμοῦ
3359 1191 3451 1244 καὶ
3491 1190 3791 1257 Ἀπόλλων;

2220 1284 2347 1350 Πῶς
2372 1284 2434 1340 ’δὲ
2458 1284 2618 1338 πάλιν
2669 1287 2749 1348 είς
2794 1283 3065 1355 Ἠρακλέα
3120 1280 3483 1352 μετενεχθείη,
3541 1283 3590 1334 εί
3635 1282 3698 1354 δὴ
3728 1285 3795 1337 ὲκ

2216 1376 2422 1448 θνητῆς
2455 1374 2712 1444 γυναικὸς
2741 1375 2844 1445 τῆς
2899 1374 3209 1445 Ἀλκμήνης
3238 1375 3268 1428 6
3309 1372 3581 1445 Ἡρακλῆς
3609 1374 3794 1436 αὑτοῖς

2220 1469 2598 1539 δμολογεῖται;
2624 1468 2747 1531 Πῶς
2771 1467 2817 1521 δ’
2841 1466 2908 1522 ἂν
2937 1466 3191 1538 ἐμμανὴς
3248 1464 3478 1534 γένοιτο,
3513 1466 3608 1518 καὶ⁵
3656 1465 3794 1533 σφά-

2221 1557 2331 1624 ξειε
2359 1559 2484 1621 τοὺς
2506 1556 2698 1611 ἑαυτοῦ
2729 1555 2924 1621 παῖδας
2947 1557 2977 1609 6
3003 1554 3225 1618 Ἤλιοςς
3258 1555 3342 1606 ὃτι
3374 1553 3439 1624 δὴ
3485 1554 3581 1606 καὶ
3621 1552 3794 1606 ταῦτα

2220 1645 2869 1718 προσαναγέγραπταιτῷ
2911 1645 3186 1718 Ἡρακλεῖ.
3240 1645 3399 1698 Ἀλλά
3448 1647 3573 1709 τοὺς
3600 1645 3793 1709 ἀθλους

2221 1739 2571 1793 ἐπιτελοῦντα
2603 1739 2728 1801 τοὺς
2750 1737 2954 1790 δώδεκα
2981 1736 3073 1790 τὸν
3118 1733 3391 1808 Ἠρακλέα
3414 1735 3515 1806 τῆς
3541 1738 3661 1789 κατ’
3703 1737 3796 1790 οὑ-

545 1834 694 1887 rum,
723 1799 925 1893 quibus
953 1824 1082 1897 ligni
1136 1828 1315 1885 simile
1352 1799 1613 1899 putamen
1641 1837 1763 1895 est,
1817 1827 1982 1884 modo
2031 1829 2117 1881 vel

2224 1832 2384 1902 ρανὸν
2413 1799 2728 1901 διαιρέσεως
2747 1829 2840 1883 τοῦ
2876 1827 3137 1894 ζωδιακοῦ
3168 1799 3392 1893 κύκλου,
3423 1799 3505 1880 ὃν
3544 1842 3677 1895 φασι
3700 1826 3795 1880 τὸν

546 1910 767 1981 ﬂorum,
799 1917 893 1987 qui
924 1920 1100 1987 primo
1120 1934 1247 1976 vere
1274 1936 1398 1976 cum
1425 1920 1807 1986 excludantur,
1882 1921 2117 1976 necdum

546 2002 761 2075 integro
788 2017 1110 2080 maturoque
1138 2009 1315 2067 fructu
1347 2012 1605 2067 decidunt
1626 2051 1642 2077 ,
1667 2012 1985 2068 veLmessis
2006 2009 2121 2066 fru-

546 2102 739 2150 ctuum
764 2106 1108 2155 maturorum
1142 2100 1385 2172 symbola
1411 2110 1767 2171 nuncupant;
1818 2117 1941 2165 nec,
1971 2101 2119 2171 quod

546 2184 709 2257 longe
733 2189 915 2245 verius
938 2200 1076 2258 erat,
1108 2192 1408 2256 humanum
1434 2193 1615 2262 ipsum
1639 2208 1808 2264 genus
1831 2193 1997 2249 rebus
2027 2193 2116 2260 iis,

548 2291 691 2347 quas
719 2280 963 2337 universi
987 2282 1237 2338 conditor
1265 2281 1409 2338 Deus
1428 2299 1496 2339 eo
1520 2292 1733 2339 tantum
1764 2299 1887 2340 esse
1921 2284 2115 2350 voluit,

547 2378 610 2423 ut
639 2370 689 2425 ei
713 2371 781 2425 ad
820 2387 979 2427 usum
1038 2383 1093 2429 et
1138 2375 1458 2430 alimentum
1493 2376 1549 2431 in
1589 2386 1844 2447 promptu
1898 2385 2119 2443 essent,

548 2462 913 2519 mstimatione
946 2468 1323 2536 anteponunt?
1353 2466 1432 2522 Ex
1473 2468 1581 2534 his,
1612 2468 1659 2524 si
1694 2468 1761 2525 ad
1793 2469 2004 2538 reliqua
2034 2468 2121 2523 de-

549 2554 810 2612 scendere
839 2556 1043 2623 lubeat,
1088 2559 1354 2628 quidquid
1381 2575 1449 2615 ex
1492 2560 1752 2629 praeclara
1778 2561 2120 2632 physiologia

549 2655 818 2715 superest,
842 2647 1076 2703 similem
1109 2650 1163 2702 iu
1191 2649 1410 2705 modum
1447 2649 1608 2704 facile
1645 2665 1933 2720 coargues,
1957 2651 2122 2705 adeo-

547 2753 656 2809 que
686 2739 942 2793 homines
981 2740 1116 2794 istos
1147 2738 1498 2809 impudentia:
1520 2739 1640 2809 iure
1672 2739 2001 2810 postulabis,
2025 2741 2121 2810 qui

548 2845 716 2884 unum
741 2830 992 2885 eumdem
1029 2829 1233 2897 Solem,
1286 2838 1348 2886 ut
1400 2831 1504 2887 hoc
1550 2831 1825 2905 praecipue
1853 2831 2075 2902 seligam
2100 2872 2117 2897 ,

545 2935 654 2975 non
688 2919 992 2990 Apollinem
1023 2922 1211 2985 modo,
1236 2922 1330 2977 sed
1358 2922 1525 2977 etiam
1573 2920 1886 2987 Herculem,
1917 2931 1973 2977 et
1991 2920 2123 2978 Bae-

543 3007 733 3072 ehum,
780 3017 833 3063 et
884 3006 1260 3079 IEsculapium
1304 3024 1426 3066 esse
1460 3020 1789 3069 statuerunt.
1820 3009 1955 3067 Nam
1983 3025 2122 3082 quo-

544 3100 708 3154 modo
732 3108 887 3170 pater
907 3101 1048 3156 idem
1075 3100 1241 3157 fuerit
1269 3102 1548 3174 simulque
1573 3102 1741 3168 tilius,
1785 3103 2002 3174 Apollo,
2033 3107 2119 3158 in-

543 3206 735 3260 quam,
770 3199 826 3246 et
863 3188 1254 3263 Esculapius?
1281 3193 1569 3260 Quomodo
1629 3195 1748 3264 ipse
1804 3196 1874 3251 ad
1908 3193 2111 3252 Hercu-

544 3282 654 3337 lem
685 3283 1041 3352 traducatur,
1092 3299 1220 3340 cum
1250 3285 1512 3342 Alcmena
1537 3295 1716 3342 matre
1755 3287 1977 3343 mortali
2011 3288 2108 3342 uti-

544 3390 655 3444 que
682 3374 910 3432 muliere
936 3385 1126 3431 natutn
1160 3377 1380 3448 ipsimet
1423 3377 1717 3434 Herculem
1752 3394 1876 3436 esse
1901 3377 2118 3436 fatean-

546 3465 989 3532 tur?Quomodo
1012 3466 1107 3524 Sol
1150 3470 1207 3523 in
1254 3467 1497 3525 furorem
1551 3478 1708 3527 actus
1739 3470 1943 3527 liberos
1986 3485 2119 3526 suos

545 3560 850 3631 jugulat-it?
881 3576 1008 3618 nam
1056 3569 1353 3634 utrumque
1377 3576 1512 3618 sane
1526 3560 1747 3620 Herculi
1772 3562 2113 3620 attribuitur.

545 3651 618 3707 At
643 3650 928 3709 Herculem
955 3653 1238 3719 nimirum,
1264 3654 1359 3724 qui
1383 3654 1673 3711 duodecim
1702 3653 1792 3710 illa
1816 3654 2118 3711 certamina

549 3743 871 3810 confecerit,
903 3743 1125 3803 Zodiaci
1171 3746 1385 3814 circuli,
1420 3761 1585 3818 quem
1618 3747 1790 3804 solem
1839 3747 1995 3803 aiunt
2018 3762 2118 3802 sua

549 3836 913 3894 conversione
971 3836 1227 3910 lustrare,
1272 3839 1328 3895 in
1363 3837 1655 3895 duodecim
1702 3838 2002 3894 animantia
2032 3838 2119 3893 di-

2217 1922 2368 1994 ῆλιον
2392 1922 2723 1994 περιπολεῖν,
2764 1920 2827 1974 τὸ
2869 1919 3135 1991 σύμϐολον
3168 1919 3373 1991 φέρειν.
3424 1920 3519 1984 Τίς
3573 1913 3666 1972 οὖν
3711 1918 3798 1973 ἔτι

2217 2012 2410 2083 γίνοιτ’
2444 2013 2512 2067 ἂν
2569 2012 2896 2081 Εὐρυσθεὺς,
2959 2013 2991 2064 6
3037 2009 3117 2081 τῷ
3181 2010 3343 2081 Ἡλίῳ
3371 2007 3558 2080 ὥσπερ
3597 2003 3691 2062 οὖν
3712 2007 3797 2079 τῷ

2229 2106 2508 2179 Ἡρακλεῖ,
2538 2104 2664 2167 τοὺς
2690 2103 2885 2166 ἀθλους
2915 2102 3156 2156 ἐκτελεῖν
3200 2102 3537 2166 ὲπιτάττωνς
3565 2100 3689 2164 Πῶς
3732 2099 3796 2154 δι

2218 2198 2312 2251 ἰπὶ
2335 2197 2427 2252 τὸν
2460 2195 2957 2273 Ἠλιονυάναχθεϊεν
2986 2196 3044 2248 αἱ
3078 2195 3415 2265 πεντήκοντα
3444 2192 3665 2246 Θεστίου
3698 2190 3799 2246 θυ-

2218 2288 2469 2360 γατέρες,
2500 2286 2594 2341 καὶ
2623 2287 2687 2341 τὸ
2717 2286 2828 2340 τῶν
2852 2284 3057 2339 λοιπῶν
3103 2284 3515 2355 αἰχμαλωτίδων
3565 2283 3792 2356 πλῆθος,

2219 2373 2308 2443 αἶς
2335 2380 2429 2433 τὸν
2451 2378 2723 2450 Ἡρακλέα
2749 2377 2905 2445 λόγος
2932 2376 3044 2446 ἔχει
3073 2376 3297 2447 μιγῆναι
3318 2391 3333 2440 ;
3357 2374 3418 2439 ἐξ
3440 2368 3516 2428 ὧν
3542 2372 3639 2428 καὶ
3664 2373 3796 2445 θνη-

2217 2472 2302 2525 τοὶ
2326 2470 2515 2534 παῖδες
2540 2468 2691 2539 αὑτῷ
2711 2469 2834 2537 γενό
2843 2485 2990 2538 μενοι
3040 2468 3399 2538 ὲπιμήκιστον
3424 2464 3523 2535 τὴν
3544 2463 3654 2517 τῶν
3698 2481 3794 2533 γι-

2219 2562 2327 2619 νῶν
2352 2563 2678 2633 παρέτειναν
2706 2561 2972 2632 διαδοχήν.
3002 2559 3095 2623 Τίς
3134 2559 3179 2612 δ’
3205 2559 3270 2613 ἂν
3302 2559 3386 2627 εἴη
3410 2560 3439 2612 6
3472 2558 3790 2628 κένταυρος.

2218 2648 2281 2712 οὗ
2307 2653 2387 2726 τῷ
2412 2656 2605 2725 αἵματι
2632 2654 2722 2708 τὸν
2750 2654 2952 2724 χιτῶνα
2980 2651 3255 2724 μολύνασα
3288 2654 3321 2722 ἡ
3356 2650 3668 2721 Δηϊάνειρα,
3697 2648 3792 2704 τὸν

2220 2749 2429 2812 Ἥλιον,
2460 2748 2648 2820 ὥσπερ
2706 2742 2800 2800 οὖν
2853 2744 2946 2799 τὸν
2986 2743 3278 2815 Ἡρακλέα,
3327 2745 3393 2814 τῇ
3444 2740 3789 2812 δεδηλωμένῃ

2217 2840 2532 2913 περιϐάλλοι
2580 2852 2609 2883 ο
2642 2840 2708 2894 ἂν
2766 2838 3053 2910 συμφορᾷς
3099 2835 3255 2888 Ἀλλά
3284 2834 3393 2906 γὰρ
3426 2833 3614 2905 μηκέτ’
3651 2833 3791 2886 ἔστω

2216 2936 2249 2989 θ
2296 2932 2483 2995 Ἥλιος
2564 2931 2750 2994 αὐτοῖς
2819 2927 3113 2999 Ἦρακλῆςο
3182 2926 3322 2980 ἔστω
3380 2925 3439 2979 δὲ
3510 2925 3785 2987 Διόνυσος·

2217 3024 2316 3080 καὶ
2363 3023 2535 3077 ταῦτα
2594 3022 2730 3093 πρὸς
2782 3020 2875 3073 τὸν
2927 3019 3178 3071 Διόνυσον
3243 3016 3375 3085 φαίη
3443 3031 3525 3079 τις
3581 3014 3648 3069 ἂν
3710 3015 3790 3068 ει-

2145 3145 2193 3210 C
2221 3114 2414 3179 κότωςο
2440 3114 2525 3179 τίς
2551 3113 2660 3183 γάρ
2691 3114 2725 3183 ἠ
2757 3110 2945 3165 τοῦτον
2966 3110 3299 3180 γεννήσασας
3327 3106 3437 3159 εἴτε
3474 3105 3676 3176 Σελήνη
3706 3121 3791 3168 τις

2223 3206 2452 3277 λέγοιτο,
2482 3206 2593 3259 εἴτε
2619 3201 2955 3274 Περσεφόνη.
3021 3197 3145 3263 Πῶς
3192 3198 3236 3251 δ’
3267 3197 3333 3250 ἂν
3372 3197 3454 3267 εἴη
3485 3197 3515 3249 6
3540 3195 3791 3257 Διόνυσος

2223 3297 2361 3369 ὁμοῦ
2397 3297 2492 3351 καὶ
2523 3295 2730 3357 Ἥλιος,
2755 3294 2851 3348 καὶ
2875 3295 2909 3361 ἡ
2952 3292 3091 3344 κατά
3136 3290 3262 3352 τοὺς
3294 3288 3494 3357 ὑγροὺς
3524 3284 3788 3356 καρποὺς,

2218 3388 2315 3442 καὶ
2332 3387 2402 3442 τά
2422 3385 2695 3460 ἀκρόδρυα
2716 3381 3000 3454 βλαστῶσα
3019 3380 3247 3449 δύναμις
3272 3394 3288 3443 ;
3341 3377 3406 3430 Τί
3428 3376 3472 3429 δ⁴
3491 3375 3558 3429 ἀν
3581 3374 3791 3460 γένοιτο

2219 3477 2329 3532 τῶν
2357 3459 2914 3545 συστρατευσαμένων
2957 3466 3106 3538 αὑτῷ
3154 3464 3430 3535 γυναικῶν
3466 3461 3529 3514 τὸ
3554 3459 3788 3530 πλῆθοςς

2224 3565 2320 3630 Τίς
2348 3563 2406 3620 δι
2472 3561 2567 3616 καὶ
2623 3563 2659 3631 ἡ
2715 3558 2810 3612 τοῦ
2872 3556 3072 3619 Ἠλίου,
3102 3553 3380 3624 ὡσπεροῦν
3409 3553 3445 3623 ὴ
3477 3549 3570 3606 τοῦ
3606 3547 3786 3603 Διονύο

2224 3674 2355 3719 σου,
2414 3653 2694 3725 ’Δριάδνης
2734 3651 2798 3705 Τί
2827 3650 2886 3703 δὲ
2934 3648 3134 3719 μᾶλλον
3184 3645 3352 3708 οἴνου,
3402 3643 3524 3714 οὑχὶ
3555 3643 3610 3695 δὲ
3645 3642 3785 3693 simu

2223 3747 2319 3802 καὶ
2341 3746 2602 3817 ὀσπρίων,
2626 3743 2721 3798 καὶ
2751 3741 2859 3796 τῶν
2884 3740 2992 3794 ἀπὸ
3031 3740 3135 3809 γῆς
3171 3739 3423 3792 ἁπάντων
3458 3734 3789 3807 καρπώνγέ-

2226 3839 2354 3891 νοντ’
2400 3836 2467 3889 ἂν
2489 3834 2721 3906 χορηγὸς
2753 3835 2782 3886 6
2815 3830 3062 3894 Διόνυσος
3093 3828 3184 3882 ἐπὶ
3223 3829 3314 3881 τὸν
3348 3828 3535 3881 Ἥλιον
3567 3825 3793 3896 μεταγό-

547 3927 817 3983 visionem
844 3939 1234 4000 repraesentare
1270 3930 1551 3988 dictitant.
1585 3929 1760 3998 Quem
1791 3944 1923 4001 ergo
1962 3931 2120 3986 nobis

2228 3943 2426 3998 μενος;
2472 3927 2536 3979 Ei
2579 3925 2636 3978 δὲ
2682 3924 2778 3975 καὶ
2822 3920 3144 3991 Ἀσκληπιὸς
3188 3920 3369 3983 αὐτοῖς
3422 3918 3583 3972 πάλιν
3627 3916 3712 3987 εἴη
3763 3915 3793 3969 6

549 4016 920 4090 Eurystheum
958 4020 1341 4093 assignabunt,
1376 4021 1473 4091 qui
1498 4020 1715 4086 Solem,
1763 4020 2120 4092 quemadmo-

2226 4009 2434 4082 Ἥλιος,
2457 4013 2575 4079 πῶς
2606 4007 2760 4076 οὗτος
2792 4012 2897 4065 ὑπὸ
2946 4011 3040 4065 τοῦ
3071 4010 3192 4074 Διὸς
3227 4008 3583 4080 κεραυνοῦται
3618 4011 3791 4078 ῥυπα-

549 4111 682 4166 dum
714 4121 769 4168 et
807 4111 1100 4169 Herculem
1128 4151 1146 4179 ,
1189 4112 1464 4184 ejusmodi
1514 4114 1819 4169 certamina
1854 4111 2120 4170 coniicere

2227 4111 2326 4183 ρᾶς
2349 4108 2536 4162 ῐνεκεν
2570 4104 3034 4177 αἰσχροκερδείας,
3061 4103 3205 4158 κατά
3240 4102 3331 4158 τὸν
3362 4100 3615 4157 Βοιώτιον
3646 4097 3796 4169 μελο-

545 4203 779 4274 jubeat?
807 4204 1098 4271 Quomodo
1143 4215 1324 4261 autem
1360 4207 1760 4277 quinquaginta
1785 4204 2022 4262 Thestias
2063 4206 2120 4261 ii-

2226 4202 2379 4256 ποιὸν
2411 4197 2676 4270 Πίνδαρον
2701 4190 2804 4252 ὧδὲ
2833 4213 2949 4260 πως
2984 4195 3238 4264 λέγονταο

549 4297 657 4359 lire,
707 4311 772 4353 ac
807 4297 1075 4367 reliquum
1098 4299 1439 4368 captivarum
1487 4297 1681 4368 vulgus
1707 4337 1724 4360 .
1753 4297 2083 4369 quibuscum
2120 4310 2237 4351 rem
2258 4293 2522 4349 habuisse
2554 4287 2838 4345 Herculem
2868 4288 3013 4343 fama
3049 4297 3149 4353 est,
3185 4286 3253 4340 ad
3285 4284 3468 4340 Solem
3508 4282 3685 4343 ipsum
3709 4294 3796 4334 re-

550 4388 838 4444 ferentur?
864 4387 1077 4455 Quibus
1095 4402 1163 4445 ex
1181 4388 1442 4446 omnibus
1472 4390 1711 4460 suscepti
1753 4389 1824 4444 ab
1849 4403 1920 4445 eo
1952 4388 2107 4444 liberi
2142 4387 2320 4458 gentis
2351 4398 2465 4439 sua:
2520 4380 2718 4438 seriem
2780 4381 3100 4449 longissimo
3143 4387 3384 4447 tempore
3424 4374 3792 4444 propagariut.

552 4483 727 4549 Quem
786 4496 952 4552 porro
1008 4482 1169 4539 nobis
1195 4492 1517 4539 centaurum
1571 4483 1819 4553 ﬁngent,
1866 4483 2026 4551 cujus
2078 4480 2345 4550 sanguine
2385 4475 2643 4533 iniectum
2693 4489 2724 4527 a
2758 4472 3009 4543 Dejanira
3069 4470 3345 4525 indusium
3385 4464 3589 4530 Solem,
3633 4464 3797 4520 veluti

552 4576 841 4635 Herculem
869 4577 925 4631 in
950 4586 1292 4634 oecantatam
1320 4578 1470 4634 illam
1512 4578 1876 4634 calamitatem
1916 4576 2198 4632 induerit?
2224 4576 2293 4629 At
2337 4573 2532 4628 demus
2589 4571 2735 4625 enim
2792 4569 2935 4634 istis,
2969 4565 3150 4621 Solem
3218 4579 3328 4618 non
3392 4561 3630 4626 amplius
3677 4575 3801 4616 esse

555 4669 867 4738 Herculem,
891 4668 1168 4725 Bacchum
1194 4684 1337 4726 esse.
1384 4668 1501 4726 Non
1551 4670 1822 4727 absimilis
1870 4669 2118 4741 profecto
2185 4668 2330 4722 circa
2395 4664 2665 4719 Bacchum
2701 4663 2938 4732 obiicere
2971 4659 3154 4729 quivis
3222 4656 3416 4712 merito
3454 4656 3646 4726 possit.
3691 4654 3795 4708 Pri,

555 4776 710 4817 mum
767 4768 935 4826 enim,
978 4776 1089 4833 qua
1139 4772 1312 4817 matre
1362 4764 1602 4834 genitum
1667 4762 1940 4819 Bacchum
1978 4780 2102 4819 esse
2161 4760 2387 4817 dicent?
2429 4754 2604 4823 Luna,
2650 4772 2722 4812 an
2759 4753 3121 4822 Proserpina,
3169 4765 3375 4821 susque
3425 4750 3621 4820 deque.
3663 4748 3801 4805 Nam

623 4864 652 4894 ι
696 4869 789 4923 γρ.
822 4850 1126 4921 περιϐάλοι.

622 4971 698 5043 (5)
729 4971 902 5044 φέρε.
947 4970 1099 5027 Hanc
1142 4986 1328 5027 vocem
1373 4973 1587 5029 duabus
1641 4974 1838 5029 inclusi
1874 4973 2122 5044 virgulis,
2155 4977 2200 5033 ι)
2227 4970 2440 5026 etiamsi
2466 4970 2527 5023 τὸ
2553 4967 2686 5040 φέρε
2719 4981 2817 5038 pro
2843 4973 3075 5035 utroque
3106 4961 3399 5044 coniuncto
3427 4961 3573 5044 sumi
3606 4961 3801 5044 possit,

550 5030 881 5114 acfreddidi.
910 5051 970 5097 ut
998 5044 1096 5096 hoc
1118 5044 1381 5114 prtecipue
1410 5044 1649 5114 seligant.
1684 5044 1774 5099 Sic
1804 5030 2125 5099 enimvhaud
2158 5030 2187 5033 ﬁ
2232 5030 2637 5114 potest_tameu'
2657 5030 2857 5114 et'pro
2881 5030 3112 5114 utréque
3141 5030 3389 5114 seorsim.
3422 5030 3607 5086 Obiter
3641 5036 3802 5114 etiam

550 5111 717 5183 dubie
744 5114 1003 5178 sumitur,
1038 5103 1139 5183 pro
1159 5103 1293 5183 φέρε
1317 5103 1650 5183 είπείν,Ἰιοο
1689 5123 1794 5178 est,
1823 5114 1965 5167 uerbi
1995 5129 2120 5183 grue

2232 5103 2508 5183 notandus
2533 5103 2776 5183 estusus
2806 5108 2894 5183 ille
2919 5106 3011 5183 τοῦ
3031 5103 3180 5174 φέρε
3207 5103 3417 5183 εἰπεῖν,
3445 5118 3606 5183 quem
3644 5103 3807 5183 liabet

555 5182 653 5255 tia.
687 5172 1147 5255 quemadmodum
1170 5172 1402 5255 ’μικροῦ
1454 5172 1509 5237 et
1559 5172 1890 5255 ὀλίγου,ἰιι·ο
1922 5172 2120 5255 μικροῦ

2233 5181 2507 5235 interdum
2558 5178 2715 5255 initio
2760 5177 2987 5255 periodi,
3035 5172 3234 5255 pro‘qt
3271 5175 3443 5255 Enim,
3472 5172 3716 5255 (tt-forte,
3749 5177 3804 5222 at

550 5241 896 5323 6e?9,f6ittyou
926 5253 1057 5318 δεῖν,
1086 5241 1681 5323 passim'usurpantur,
1707 5241 1768 5307 ut
1793 5241 1937 5308 alios
1963 5241 2120 5309 omit-

2232 5266 2371 5323 pero,
2407 5266 2474 5303 an
2510 5249 2672 5323 uero?
2698 5241 2899 5303 ac'fere
2924 5241 3234 5323 cuniﬁtillﬁ.
3268 5241 3492 5323 Dionysi.
3524 5241 3800 5323 Halicarn.

553 5330 669 5392 tam
693 5320 1061 5388 ὲλλεὶπτικοὺς
1086 5320 1295 5392 λόγους.
1320 5320 1499 5378 Rarus
1524 5332 1704 5377 tamen
1730 5326 1832 5377 iste
1853 5332 1937 5378 est
1962 5323 2128 5392 hujus

553 5391 708 5445 vocis
741 5407 895 5458 usus,
923 5404 979 5448 et
1009 5391 1345 5449 subobscure
1391 5402 1601 5447 tantum
1652 5408 1682 5447 a
1719 5393 1885 5447 Suida
1915 5391 2126 5448 iudiea-

551 5460 820 5532 t_u:,_dum
871 5466 944 5517 ita
993 5465 1181 5518 scribit
1210 5482 1225 5516 :
1256 5462 1404 5532 Φέρε
1426 5479 1440 5493 ·
1472 5459 1584 5516 οἷον
1624 5462 1845 5526 ὑπόθου,
1880 5463 1981 5532 ἄγε
2010 5459 2124 5516 οὖν.

554 5528 1029 5602 Distinguendum.
1064 5535 1277 5602 opinor,
1310 5528 1422 5587 οίον
1470 5534 1539 5588 ab
1588 5534 1815 5585 ὑπόθου·
1859 5528 2133 5602 distincta:

555 5597 884 5672 enim,flicet
931 5597 1135 5672 allines.
1168 5597 1289 5658 dua:
1335 5605 1440 5657 illae
1487 5605 1830 5672 acceptiones
1862 5621 1876 5656 :
1907 5597 2021 5656 οἷον
2050 5610 2132 5656 est

552 5670 778 5742 esempli
811 5672 1022 5741 gratia;
1054 5671 1275 5736 ὑπόθου,
1297 5688 1447 5740 pone,
1472 5670 1729 5742 ﬁnge/ioc
1755 5689 1865 5727 esse
1894 5674 1969 5742 vel
1998 5672 2125 5725 dici.

556 5740 668 5796 hec
698 5740 880 5796 minUs
917 5742 1361 5811 distinguendum
1408 5740 1618 5799 videtur
1645 5741 1745 5810 ἀγε
1778 5743 1845 5797 ab
1880 5741 2125 5813 οῧ·’,τιιιὶα

2231 5321 2329 5376 lib.
2357 5309 2432 5383 iv,
2477 5320 2559 5375 sic
2605 5325 2857 5386 usurpat,
2891 5316 2983 5370 ubi
3034 5314 3262 5386 Servius
3293 5309 3809 5386 Tullius,_refutatis

2231 5382 2560 5447 criminibus
2615 5382 2760 5442 aliis
2790 5400 2914 5455 quae
2963 5386 3067 5455 sibi
3099 5400 3130 5438 a
3164 5382 3479 5455 Tarquinio
3501 5382 3663 5455 οι)ῇίςὶ
3708 5396 3805 5455 po-

2233 5464 2487 5523 tuissent,
2531 5458 2604 5513 ita
2652 5448 2826 5527 pergit
2858 5475 2872 5509 :
2904 5454 3043 5527 Φέρε
3088 5448 3427 5527 είπείνεξάλλν
3459 5448 3806 5527 ὑπερήφανός

2238 5534 2377 5601 εἰμι,
2422 5530 2516 5583 καὶ
2549 5527 2637 5581 διὰ
2655 5522 2949 5597 ’βαρύτητα
2974 5522 3238 5595 ἐπαχθής.
3271 5522 3341 5601 Ant
3383 5522 3628 5591 fortassis
3657 5535 3810 5601 arro-

2238 5594 2367 5670 ga'ns
2399 5616 2536 5661 sum,
2564 5609 2613 5651 et
2644 5594 2877 5670 propter
2910 5612 3115 5670 morum
3160 5594 3499 5670 acerbitatem
3539 5594 3712 5670 grauis
3745 5601 3809 5641 ac

2236 5660 2529 5735 molestus;
2573 5660 2694 5732 vel,
2740 5660 2866 5722 cum
2910 5665 3331 5735 interrogatione
3361 5681 3374 5716 :
3402 5664 3484 5717 An
3534 5660 3695 5718 vero?
3738 5673 3809 5714 ea

2235 5742 2371 5809 forte
2386 5742 2411 5794 .’
