4156 6422
486 264 593 321 219

1162 274 1442 334 EUSEBII
1473 279 1961 342 CESARIENSIS
1999 287 2152 345 OPP.
2195 291 2375 349 PARS
2404 293 2479 350 ll-
2509 327 2577 339 —
2612 299 3115 366 APOLOGETICA.

3646 325 3760 388 220

483 381 619 438 illud
649 381 746 440 Dei
785 400 987 445 nomen
1048 390 1116 445 ad
1148 401 1358 464 turpes,
1436 397 1756 469 ﬂagitiosus,
1809 402 2031 476 dictuqu

484 475 785 509 ιιηιιι-οιιυιαρ
822 479 1036 509 (nl-un-..
1087 484 1319 509 -L::----
1358 507 1368 509 _
1406 489 1511 509 ξμ,
1570 507 1661 509 κκᾼ
1709 493 1722 506 ο
1809 503 1821 509 -
1975 498 2009 509 ..

2131 425 2256 469 ,σιν
2298 411 2492 483 ἀτμοῖς
2530 417 2807 487 αἱμάτων,
2828 425 2921 477 καὶ
2963 425 3184 499 λύθρου,
3214 432 3310 486 καὶ
3351 438 3560 509 νεκρῶν
3598 442 3758 506 ζώων

484 475 788 534 horrendas
821 479 1039 539 fabulas
1085 484 1324 555 abjicere
1357 507 1370 542 :
1406 489 1536 557 imo,
1567 507 1670 547 nec
1706 493 1764 548 in
1807 475 2043 568 tuguriis

482 568 794 641 abditisque
816 575 1162 631 tenebrarum
1193 579 1456 647 latibulis,
1483 591 1579 639 aut
1604 586 1859 644 excitatis
1886 590 2066 646 homi-

481 674 615 715 num
647 671 763 718 arte
808 664 1157 725 domunculis
1183 672 1509 743 semetipsos
1537 676 1841 743 includere.
1899 684 2063 752 quasi

476 751 654 807 Deum
685 754 835 811 intus
864 761 1128 828 reperturi
1154 772 1382 830 essent;
1421 781 1522 822 nec
1546 768 1603 822 in
1642 770 1957 828 simulacris
1992 789 2062 830 ex

479 842 724 901 inanima
752 848 1000 905 conﬂatis
1025 852 1272 919 materia,
1297 854 1513 914 divinas
1540 859 1771 918 virtutes
1806 863 2061 924 colendas

478 953 626 1006 esse,
680 942 881 997 nedum
938 946 1171 1002 terrenis
1224 948 1552 1019 quibusdam
1600 953 1731 1010 {redi
1777 959 2060 1029 sanguinis

476 1033 797 1104 vaporibus,
831 1050 896 1091 ac
947 1051 1212 1094 caesarum
1239 1040 1603 1101 animantium
1647 1062 1866 1118 cruore,
1890 1052 2060 1110 veluti

472 1123 721 1196 jucundo
760 1127 999 1197 quodam
1032 1129 1210 1187 ollicio
1238 1135 1664 1202 [conciliandum
1724 1141 1829 1196 sibi
1884 1141 2056 1201 Deum

474 1216 751 1273 arbitrari.
787 1216 991 1275 Verum
1041 1231 1161 1277 erat
1183 1224 1375 1295 utique
1407 1229 1684 1298 sapientes
1704 1231 1863 1301 istos,
1893 1235 2059 1290 nihil-

474 1324 582 1380 que
608 1308 716 1365 nisi
745 1310 973 1367 arduum
1002 1328 1068 1370 ac
1087 1316 1312 1372 caeleste
1337 1318 1648 1391 loquentes,
1685 1324 1838 1380 hisce
1875 1329 2057 1382 omni-

472 1399 577 1457 bus
605 1403 765 1472 quasi
790 1417 1043 1460 errorum
1096 1408 1332 1466 vinculis
1368 1412 1701 1482 expeditos,.
1742 1418 2050 1476 humanum

468 1508 643 1562 genus
672 1494 882 1565 absque
909 1496 1118 1553 invidia
1164 1499 1332 1569 hujus
1363 1503 1419 1557 in
1465 1507 1734 1563 naturalis
1801 1512 2053 1577 specula-

468 1582 634 1637 tionis
660 1593 867 1653 partem
897 1600 961 1641 ac
993 1587 1309 1644 societatem
1341 1605 1569 1662 vocare;
1598 1595 1856 1668 nudoque
1918 1616 2049 1671 pro-

467 1676 796 1745 pedixerim
853 1678 1031 1749 capite
1091 1683 1351 1738 omnibus
1412 1686 1734 1755 praedicare,
1784 1706 1895 1746 non
1931 1693 2047 1763 jam

464 1766 568 1821 ista
602 1783 681 1832 se,
730 1783 853 1838 quae
899 1780 1198 1826 cernuntur
1255 1775 1451 1844 oculis,
1509 1778 1605 1833 sed
1651 1794 1779 1835 eum
1841 1784 2031 1854 solum,

2149 1786 2325 1852 οὐδείς
2355 1808 2419 1859 γε
2467 1793 2708 1866 πώποτε,

462 1870 626 1926 quem
656 1872 818 1913 nemo
849 1859 1050 1926 videat,
1101 1861 1332 1919 istorum
1395 1867 1639 1923 omnium
1684 1872 2042 1932 architectum

463 1946 762 2015 suspicere,
788 1962 854 2002 ac
875 1948 1038 2004 simul
1065 1947 1358 2007 facultates
1386 1954 1508 2024 ejus
1553 1956 1908 2028 incorporeas
1947 1978 2041 2019 as-

462 2045 791 2107 pectumque
820 2038 1111 2110 fugientes,
1144 2042 1295 2097 cultu
1324 2046 1531 2113 pariter
1561 2062 1738 2118 neque
1752 2065 2041 2122 corporeo,

460 2141 642 2198 neque
677 2131 926 2187 sensibus
964 2137 1127 2193 obvio
1162 2136 1407 2191 venerari
1441 2155 1457 2191 :
1531 2154 1713 2209 neque
1758 2141 1873 2211 jam
1915 2143 2041 2213 igne

459 2234 749 2288 succenso,
795 2237 975 2295 neque
1029 2226 1293 2283 arietibus
1326 2228 1563 2286 taurisve
1608 2233 1883 2300 mactatis,
1930 2239 2041 2290 imo

459 2324 642 2380 neque
666 2314 923 2380 coronis,
977 2331 1153 2387 neque
1188 2318 1381 2389 signis,
1450 2336 1627 2392 neque
1710 2326 2038 2395 templorum

453 2402 958 2463 substructionibus
1016 2408 1263 2465 divinum
1291 2408 1506 2467 Numen
1554 2415 1842 2471 colendum
1887 2426 2045 2489 puta-

2168 500 2389 571 αἵμασι,
2415 510 2786 580 κεχαρισμένα
2806 513 2885 585 τῷ
2913 514 3033 587 Θεῷ
3056 520 3317 591 πράττειν
3340 500 3760 599 νομίζειν.-Τοῶ

2166 607 2275 644 των
2304 592 2360 646 δὲ
2388 596 2664 664 ἁπάντων,
2688 602 2766 666 ὡς
2797 603 2865 658 ἂν
2894 606 3103 679 πλάνης
3128 610 3343 684 δεσμῶν
3362 592 3751 696 ἀπολυθέντας,

2164 680 2305 753 χρῆν
2326 684 2507 781 ,δήπου
2553 690 2682 754 τοὺς
2725 695 2922 764 σοφοὺς
2966 701 3061 753 καὶ
3112 680 3554 781 μετεωρολέσχας
3586 680 3753 774 πᾶσίν

2164 773 2478 846 ἀνθρώποις
2503 782 2605 851 τῆς
2634 787 2869 859 φυσικῆς
2902 788 3137 863 θεωρίας
3169 773 3415 865 ἀφθάνως
3451 773 3747 877 κοινωνεῖν,

2166 872 2447 942 μονονουχὶ
2476 876 2698 946 γυμνῶς
2724 883 3201 954 προκηρύττοντας
3222 891 3395 946 ἅπασι
3426 895 3501 968 μὴ
3531 899 3601 953 τά
3622 872 3750 971 (put;

2162 959 2385 1031 νόμενα,
2427 964 2518 1018 τὸν
2557 967 2602 1020 δ’
2649 970 2831 1045 ἀφανῆ
2879 975 3210 1052 δημιουργὸν
3254 985 3363 1039 τῶν
3406 959 3746 1062 φαινομένων

2162 1051 2323 1122 μόνον
2365 1056 2798 1130 ἀποθαυμάζειν,
2839 1067 2935 1120 καὶ
2979 1051 3087 1134 τὰς
3120 1074 3384 1145 ἀοράτους
3417 1051 3595 1137 ταύτοδ
3647 1088 3745 1141 καὶ

2158 1142 2484 1214 ἀσωμάτους
2527 1149 2786 1224 δυνάμεις
2828 1158 3075 1231 ἀοράτως
3118 1142 3214 1219 καλ.
3254 1168 3563 1241 ἀσωμάτους
3605 1176 3744 1251 θρησι

2159 1236 2394 1303 σκεύειν,
2427 1240 2488 1293 οὐ
2518 1242 2631 1315 πῦρ
2674 1247 2940 1319 ἆψαντας,
2974 1255 3095 1308 οὐδέ
3128 1274 3192 1327 γε
3221 1236 3389 1330 κριὸν*
3422 1264 3516 1319 καὶ
3540 1236 3741 1341 ταῦρον

2156 1327 2512 1403 θυσαμένους,
2564 1336 2679 1391 ἀλλ’
2729 1343 2851 1396 οὐδὲ
2901 1347 3186 1416 στεφάνοις
3236 1327 3333 1406 καὶ
3381 1353 3609 1423 ξοάνοις,
3644 1327 3740 1415 καὶ

2154 1421 2297 1477 ναῶν
2324 1426 2633 1498 οἰκοδομαῖς
2660 1430 2723 1484 τὸ
2748 1433 2902 1489 Θείον
2928 1441 3095 1511 τιμᾷν
3116 1444 3394 1514 οἰομένους
3411 1465 3423 1477 ·
3456 1421 3739 1523 λογισμοῖς

2152 1509 2210 1562 δὲ
2252 1514 2682 1588 κεκαθαρμένοις
2708 1523 2807 1577 καλ⁵
2840 1509 3107 1599 δόγμασιν
3153 1509 3337 1607 ὀρθοῖς
3381 1542 3476 1596 καὶ
3512 1509 3736 1617 ἀληθέσι

2151 1603 2311 1658 τοῦτο
2347 1609 2706 1683 πράττοντας,
2744 1619 2804 1671 ὲν
2849 1621 3087 1697 ἀπαθείᾳ
3131 1603 3309 1700 ψυχῆς
3351 1634 3444 1686 καὶ
3484 1639 3549 1709 τῇ

2149 1695 2312 1749 αὑτὸν
2350 1701 2492 1754 κατὰ
2522 1704 2584 1757 τὸ
2628 1706 2852 1763 δυνατὸν
2891 1713 2995 1783 τῆς
3038 1695 3241 1787 ἀρετῆς
3267 1695 3555 1791 -ὀμοιὼσείῖ
3596 1695 3738 1781 ἰείλλζ

2751 1804 2811 1855 οὐ
2852 1804 3148 1880 βάρϐαρος,
3179 1812 3278 1883 οὐχ
3312 1814 3532 1888 Ἕλλην,
3568 1821 3737 1876 πᾶσιν

2151 1878 2459 1951 ἀνθρώποις
2489 1888 2696 1963 ταύτης
2725 1897 2963 1967 κατῆρξε
2996 1878 3097 1970 τῆς
3120 1878 3402 1975 ἆληθείας,
3508 1878 3667 1981 μόνος
3705 1914 3737 1969 ὁ

2149 1970 2419 2043 ἡμέτερος
2451 1978 2671 2052 Σωτήρ·
2702 1983 2762 2047 ὃς
2804 1985 2890 2058 δὴ,
2920 1989 3020 2059 τῆς
3073 1970 3310 2060 παλαιᾶς
3342 1970 3550 2070 πλάνης
3599 1970 3735 2059 πέσε

2146 2064 2260 2125 τοῖς
2284 2063 2491 2121 ἔθνεσιν
2515 2070 2802 2147 ἀποφυγὴν
2830 2082 3203 2154 προκηρύξας,
3230 2091 3344 2153 τοῖς
3370 2063 3543 2147 πᾶσιν
3565 2096 3736 2164 ἀφθό-

2146 2168 2252 2216 νως
2273 2154 2472 2227 εὕρατο
2497 2161 2595 2233 τὴν
2624 2165 2763 2235 πρὸς
2789 2169 2879 2222 τὸν
2909 2171 3087 2244 ἀληθῆ
3113 2178 3209 2230 καὶ
3230 2179 3390 2249 μόνον
3420 2183 3528 2236 τῶν
3559 2154 3734 2240 ἀπάν-

2144 2261 2255 2300 των
2285 2248 2417 2303 Θεὸν
2449 2253 2786 2331 ἐπιστροφήν
2814 2279 2875 2317 τε
2898 2266 2993 2318 καὶ
3015 2248 3315 2327 εὐσέϐειαν.
3351 2277 3412 2328 Οἱ
3440 2276 3495 2330 δέ
3523 2294 3606 2331 τοι
3637 2280 3733 2334 άλ-

2143 2333 2225 2388 λοι
2257 2340 2413 2442 σοφοὶ
2449 2343 2545 2396 τοῦ
2585 2345 2701 2415 βίου
2734 2349 2833 2421 τὴν
2904 2356 3167 2413 ἀνωτάτω
3188 2363 3506 2434 φιλοσοφίαν
3552 2369 3729 2442 αὐχή-

2144 2443 2354 2496 σαντες,
2448 2453 2612 2507 φησιν
2638 2440 2666 2492 ὁ
2694 2440 2835 2509 θεῖος
2857 2426 3211 2518 Ἀπόστολος,
3255 2426 3507 2528 τνόνλτες
3549 2426 3720 2525 Θεδιῖ.

2140 2522 2255 2618 οὐχ
2282 2524 2363 2591 ὡς
2405 2529 2553 2583 Θεὸν
2592 2532 2919 2606 ἐδόξασαν,
2957 2542 2994 2611 ἢ
3042 2522 3537 2618 ηὐχαρίστησαν-⁸
3583 2522 3726 2614 ἀλλά

446 2879 603 2931 sane,
639 2867 754 2923 sive
789 2869 1077 2937 barbarus,
1100 2873 1217 2928 sive
1252 2874 1495 2940 Graecus,
1517 2878 1760 2934 humano
1780 2897 2024 2952 unquam

446 2959 629 2999 uenari
656 2960 868 2999 Cianum
905 2965 970 2999 an!
1000 2965 1245 2999 uas-ironia
1280 2968 1439 2999 Ιι-ιῖηο
1480 2970 1728 2999 “add-..
1755 2974 1978 2999 -..-s.-l:.
2007 2995 2019 2999 -

2392 2867 2405 2871 ,
2501 2867 2505 2869 _
2561 2867 2578 2876 ,
2647 2867 2665 2877 ,
2827 2867 2867 2882 ,-
2895 2867 2943 2872 ν.-
2975 2867 2989 2884 ,
3020 2867 3119 2877 --.η
3147 2867 3207 2879 νυ
3224 2867 3592 2899 υυυυνυιιυαι,
3622 2867 3723 2891 aut

2131 2889 2510 2959 ἐλάτρευσαν
2552 2900 2630 2970 τῇ
2670 2906 2865 2961 κτίσει
2903 2915 3067 2980 παρὰ
3116 2918 3225 2973 τὸν
3273 2923 3602 2994 κτίσαντα,
3654 2929 3723 2999 ὃς

2142 2979 2157 2999 ι
2178 2996 2207 2999 μ
2377 2989 2387 2999 .
2420 2991 2437 2999 -
2603 2992 2613 2999 .
2724 2998 2729 2999 ν

445 2959 631 3027 generi
655 2960 870 3030 signum
903 2965 971 3021 ad
1000 2965 1248 3022 veritatis
1278 2968 1441 3037 hujus
1479 2970 1730 3025 notitiam
1755 2974 2019 3031 sustulit:

436 3327 788 3397 iactitabant,
838 3349 957 3386 cum
990 3333 1161 3389 Deum
1221 3339 1582 3407 cognovissent
1615 3342 1635 3411 (
1664 3352 1725 3397 ut
1749 3343 1968 3400 divinus

2131 2979 2303 3036 ἐστιν
2328 2989 2657 3060 εὐλογητὸς
2680 2998 2769 3064 εὶς
2791 3000 2932 3068 τοὺς
2954 3005 3195 3075 αἰῶνας.

2409 3275 2704 3339 quamdam
2733 3279 2790 3334 in
2849 3285 3181 3343 moderanda
3225 3290 3333 3345 vita
3376 3294 3717 3362 prudentiam

2025 3346 2268 3452 loquitur
2323 3356 2667 3437 Apostolus)
2705 3386 2809 3423 non
2852 3375 2991 3428 sicut
3053 3375 3221 3433 Deum

2372 3423 2389 3428 _
2645 3423 2661 3437 ,
3053 3423 3221 3433 νη..-
3300 3423 3713 3452 ...ημνιηωαηη

440 3428 537 3474 aut
582 3423 787 3490 gratias
835 3436 1071 3495 egerunt,
1095 3428 1186 3481 sed
1230 3441 1553 3485 evanuerunt
1612 3434 1669 3487 in
1694 3436 2104 3504 cogitationibus
2144 3445 2277 3513 suis,
2314 3459 2364 3502 et
2404 3451 2751 3527 obscuratum.
2783 3473 2861 3517 est
2914 3466 3169 3538 insipiens
3220 3423 3312 3526 (ἔι-
3361 3492 3560 3532 eorum.
3622 3479 3717 3535 Di—

438 3521 612 3567 centes
669 3515 808 3567 enim
856 3533 911 3571 se
947 3535 1058 3573 esse
1113 3522 1395 3590 sapientes,
1454 3523 1607 3579 stulti
1661 3527 1793 3596 facti
1867 3541 2039 3599 sunt;
2104 3547 2153 3591 et
2217 3540 2514 3616 coluerunt,
2551 3559 2603 3604 et

438 3604 702 3676 Creatori,
730 3612 821 3680 qui
858 3623 938 3667 est
976 3616 1276 3672 benedictus
1303 3618 1358 3672 in
1385 3620 1582 3679 simula
1606 3623 1674 3678 θ’.

930 3705 1087 3777 123
1134 3707 1362 3765 CAPUT
1392 3711 1534 3770 XIV.

438 3788 739 3848 Fabulosas
771 3795 837 3849 de
865 3794 970 3851 diis
1001 3803 1446 3885 narrationes-ab_
1468 3806 1592 3863 alits
1616 3809 1748 3876 ipsis
1780 3815 2021 3885 coargui,

923 3870 1014 3938 qui
1036 3873 1311 3927 contraria
1337 3874 1563 3944 faciant.

452 3984 461 3991 -
506 3952 802 4013 Enimvero
832 3970 955 4030 post
980 3961 1199 4033 longam
1244 3965 1395 4021 illam
1423 3977 1478 4023 et
1511 3971 1746 4040 spissam
1779 3976 2023 4045 philoso-

432 4046 577 4119 phiae
625 4053 1179 4125 commentationem,
1228 4069 1354 4128 post
1411 4064 1692 4131 speciosas
1745 4068 1813 4124 de
1855 4070 2022 4129 rebus

432 4141 550 4195 sive
597 4142 916 4199 caelestibus
945 4188 962 4215 ,
1025 4148 1141 4204 sive
1190 4152 1535 4209 naturalibus
1595 4156 2016 4229 disputationes,

429 4245 497 4287 ex
525 4231 618 4287 illo
644 4234 884 4292 culmine
905 4276 922 4304 ,
963 4237 1044 4294 sic
1094 4249 1350 4312 tanquam
1380 4260 1448 4301 ex
1478 4247 1748 4305 altissimo
1777 4252 2017 4322 quodam

428 4324 634 4379 montis
676 4316 879 4384 vertice
916 4330 1192 4402 prolapsi,
1232 4334 1389 4391 humi
1433 4337 1693 4411 deinceps
1726 4316 1852 4399 cuin
1896 4344 2016 4414 ipsa

426 4413 707 4486 plebecula
740 4417 1013 4487 volutari,
1059 4427 1369 4493 promiscue
1413 4429 1484 4484 ad
1518 4441 1762 4489 veterum
1795 4435 1862 4491 de
1894 4413 2017 4507 plu-

424 4506 582 4564 ribus
621 4507 729 4564 diis
769 4524 1011 4567 errorem
1039 4528 1159 4570 sese
1196 4531 1491 4589 aggregare
1511 4562 1526 4588 ,
1557 4521 1794 4594 denique
1822 4506 2012 4582 eadem

422 4609 488 4654 se
527 4611 651 4666 quae
696 4597 892 4670 vulgus
938 4599 1120 4669 ipsum
1158 4603 1409 4672 opinari,
1453 4608 1652 4677 partim
1701 4610 2009 4680 sacriliciis,

421 4688 622 4759 partim
682 4688 1107 4747 simulacrorum
1155 4696 1306 4751 cultu
1358 4696 1660 4767 simulare;
1709 4717 1821 4772 quo
1883 4705 2009 4774 qui-

419 4780 546 4836 dem
605 4782 857 4853 exemplo
921 4784 1202 4857 vulgarem
1271 4788 1556 4845 hominum
1616 4791 1685 4848 de
1744 4792 2010 4851 fabulosis

418 4873 647 4930 deorum
713 4877 1124 4935 narrationibus
1181 4894 1402 4938 sensum
1451 4892 1505 4939 et
1548 4886 2006 4942 existimationem

417 4966 691 5036 augebant
728 4969 935 5035 simul,
987 4985 1053 5026 ac
1098 4974 1272 5046 magis
1319 4975 1604 5047 magisque
1649 4977 2003 5034 roborabant.

417 5053 622 5127 Ecquis
650 5058 816 5131 igitur
856 5077 969 5117 non
1011 5062 1175 5134 plane
1214 5064 1435 5134 videat,
1470 5066 1706 5136 speciem
1758 5084 1854 5126 eos
1903 5071 2003 5124 ali-

417 5162 583 5217 quam
608 5152 889 5219 gravitatis
924 5170 1024 5210 sua
1055 5154 1162 5211 ista
1186 5154 1530 5229 physiologia
1553 5159 2002 5228 qumsiisse,ver-

416 5237 613 5307 bisque
638 5248 796 5296 tenus
818 5242 1147 5316 ﬂagitiorum
1180 5248 1596 5317 turpitudinem,
1628 5249 1998 5322 detorquenda

415 5344 601 5384 rerum
631 5332 861 5389 veritate
888 5337 1186 5405 eolorasse,
1221 5341 1315 5411 qui
1349 5355 1513 5410 opere
1541 5343 1659 5414 ipso
1686 5343 1995 5402 fabulosum

414 5434 657 5475 errorem
685 5462 702 5487 ,
749 5438 1209 5501 communemque
1259 5432 1506 5487 omnium
1552 5436 1994 5505 superstitionem

414 5513 848 5570 conﬁrmarent?
913 5517 1239 5590 Quanquam
1288 5524 1491 5582 mirum
1538 5526 1593 5583 id
1644 5542 1778 5586 sane
1824 5528 1997 5586 videri

2131 5513 2681 5629 Ee’6wxsv,épiz307€bv
2705 5563 2765 5617 ἐν
2789 5564 2944 5639 Δήλῳ
2967 5572 3032 5641 τῇ
3055 5589 3082 5624 ν

2656 3556 2946 3613 servierunt
3017 3575 3275 3621 creatura
3319 3571 3496 3640 potius
3552 3589 3711 3644 quam

2645 3739 3040 3801 ΚΕΦᾹΛΑΙΟΝ
3087 3752 3186 3805 ΙΔ’.

2130 3820 2248 3876 ’Ὁτι
2289 3822 2398 3891 τὰς
2418 3829 2679 3927 μυθικ-ὰς
2721 3840 2859 3916 ccepi
2902 3838 3070 3927 Ιθεῶν
3098 3845 3423 3927 omnique;
3453 3853 3706 3927 ἀπελέγ-

2446 3917 2669 3967 χουσιν
2707 3911 2952 3963 ἐναντία
2992 3911 3371 3987 πράττὸίτλες.

2195 3984 2361 4085 Μετά⁸
2374 3988 2508 4058 γοῦν
2539 3993 2639 4065 τὴν
2669 3999 2885 4071 μακρὰν
2907 4005 3001 4057 καὶ
3029 4007 3229 4082 πολλὴν
3250 3984 3589 4085 φιλοσοφίαν,
3616 4019 3710 4073 καὶ

2124 4077 2264 4146 μετὰ
2305 4078 2407 4143 τὰς
2462 4085 2667 4154 σεμνὰς
2715 4096 3147 4168 μετεωρολογίας
3337 4077 3707 4181 φυσιολογίας,

2120 4170 2328 4228 ἄνωθέν
2360 4176 2546 4246 ποθεν,
2581 4180 2657 4245 ὡς
2681 4183 2776 4253 ἀφ’
2804 4187 3145 4266 ὑψηλοτάτης
3174 4170 3502 4269 ἀκρωρείας,

2120 4264 2430 4334 πίπτοντες,
2459 4273 2558 4325 σὺν
2584 4277 2700 4338 τοῖς
2729 4276 2954 4350 πλήθεσι
2977 4285 3361 4357 κατεσύροντο,
3390 4291 3483 4343 καὶ
3502 4294 3568 4363 τῇ
3594 4292 3707 4347 τῶν

2118 4356 2367 4413 παλαιῶν
2399 4361 2645 4435 πλυθέῳ
2688 4366 2864 4446 πλάνῃ
2914 4374 3298 4446 συνεφύροντο,
3339 4378 3407 4433 τὰ
3432 4356 3705 4445 τοῖς-πολ-

2116 4447 2226 4514 λοῖς
2245 4452 2427 4523 ὅμοια,
2447 4454 2535 4510 διὰ
2555 4458 2649 4511 τοῦ
2668 4442 2817 4516 θύειν
2844 4464 2936 4518 καὶ
2951 4442 3067 4530 τοῖς
3077 4442 3287 4534 ξοάνοις
3310 4442 3698 4543 προσπίπτειν,

2114 4537 2359 4607 δοξάζειν
2398 4545 2839 4621 ὑποκρινόμενοι,
2871 4553 3126 4622 αὕξοντές
3156 4576 3216 4612 τε
3249 4537 3459 4617 καὶ-ἐτι
3500 4537 3700 4637 μᾶλλον

2114 4634 2474 4704 κρατύνοντες
2514 4641 2615 4713 τὴν
2657 4644 2878 4718 δημώδη
2915 4648 3024 4702 τῶν
3065 4650 3309 4722 μυθικῶν
3345 4634 3699 4731 διηγημάτων

2112 4726 2243 4797 περὶ
2270 4727 2408 4783 θεῶν
2440 4731 2727 4805 ὑπόληψιν.
2769 4737 2896 4803 Πῶς
2929 4735 3024 4795 οὖν
3059 4743 3160 4797 οὐκ
3187 4744 3255 4799 ἂν
3278 4743 3389 4802 εἷεν
3561 4755 3697 4808 πᾶσι

2110 4815 2387 4888 πρόδηλοι,
2413 4822 2896 4897 σεμνολογούμενοι
2922 4831 3021 4901 μὲν
3045 4836 3165 4898 ταῖς
3190 4815 3575 4911 φυσιολογίαις,
3599 4847 3696 4902 καὶ

2110 4904 2272 4978 μέχρι
2296 4908 2469 4979 λόγων
2493 4912 2562 4966 τὰ
2584 4916 2785 4988 αἰσχρὰ
2811 4904 3240 4992 καλλωπίζοντες
3266 4932 3331 5002 τῇ
3363 4904 3690 5009 παρατροπῇ

2108 4998 2206 5069 τῆς
2246 5001 2521 5075 ἀληθείας,
2572 5007 2755 5081 ἔργοις
2797 5011 2842 5065 δ’
2882 5015 3066 5081 αὐτοῖς
3116 5020 3216 5092 τὴν
3262 4998 3496 5099 μυθικήν

2034 5087 2079 5143 D
2110 5090 2343 5158 στῶντες
2384 5097 2595 5170 πλάνην
2647 5103 2743 5156 καὶ
2786 5103 2885 5177 τὴν
2923 5087 3206 5183 πάνδημον
3235 5087 3688 5192 δεισιδαίμονίανς

2108 5180 2220 5235 Καὶ
2251 5184 2462 5240 οὐδέπω
2493 5188 2654 5244 τοῦτο
2685 5191 3029 5267 θαυμαστὸν,
3072 5203 3162 5257 ὅτι
3203 5207 3299 5261 καὶ
3332 5209 3530 5277 αὐτοὺς
3559 5214 3691 5268 ἀνα-

2106 5272 2377 5342 γράφουσι
2400 5281 2528 5343 τοὺς
2546 5283 2760 5339 ἑαυτῶν
2790 5286 2946 5355 θεοὺς
2972 5294 3094 5358 ταῖς
3122 5298 3252 5369 περὶ
3270 5298 3452 5356 αὐτῶν
3481 5272 3694 5376 συμφε-

2106 5361 2369 5431 ρομένους
2408 5369 2774 5441 μυθολογίαις.
2821 5378 3022 5435 Ἀκουε
3058 5361 3209 5454 γοῦν,
3243 5389 3393 5455 ὅπως
3423 5396 3453 5447 ὁ
3497 5361 3689 5451 Ἀπέλ-

2102 5452 2211 5509 λων
2233 5458 2397 5524 αὐτὸς
2425 5464 2554 5535 περὶ
2586 5466 2781 5523 ἑαυτοῦ
2813 5470 3051 5530 διδάσκει
3072 5452 3275 5549 ήῦμνον,
3301 5452 3468 5548 δννείς
3494 5487 3685 5543 ἑαυτὸν

3087 5572 3203 5645 ήσῳ
3230 5575 3337 5630 ὑπὸ
3356 5578 3566 5650 Λητοῦς
3591 5599 3686 5650 γε·
