4156 6476
475 378 577 434 221

1625 369 1950 430 ΡΒΕΡΑΒ.
1990 367 2245 427 EVANG.
2287 364 2536 422 1.18.111.

3637 358 3746 414 12!

472 497 780 569 γεννῆσθαισ
811 498 905 552 καὶ
932 495 1094 551 πάλιν
1121 497 1151 550 6
1187 492 1513 566 Ἀσκληπιός
1534 497 1590 550 ὲν
1618 492 1834 566 Τρίκκῃ
1851 489 1949 563 (7)·
1979 489 2059 553 ὡς
2087 532 2096 547 .

2196 504 2276 544 ton
2332 486 2534 552 debet,
2583 496 2711 539 cum
2762 496 2830 537 ex
2892 496 3083 537 eorum
3131 478 3353 550 scriptis
3398 475 3700 532 habeamus
3723 509 3746 540 ,

474 594 571 644 καὶ
606 589 815 661 Ἐρμῆς
844 589 1090 660 τετέχθαι
1123 588 1400 661 ὁμολογῶν
1423 587 1532 640 ἀπὸ
1553 585 1652 655 τῆς
1682 584 1883 646 Μαίας.
1916 580 2060 653 Γρά-

2161 594 2382 652 sparsas
2425 577 2494 631 de
2539 575 2646 631 diis
2690 573 2906 629 fabulas
2954 573 3182 629 deorum
3235 572 3478 641 ipsorum
3518 567 3746 622 vocibus

474 699 564 752 φει
597 659 717 735 δὲῗόί
736 659 1045 754 Πορφύριος
1070 659 1168 736 και
1191 680 1386 744 ταῦτα,
1416 680 1474 732 ὲν
1502 674 1583 741 οἷς
1613 674 1894 748 ἐπέγραψε
1926 672 2058 744 περὶ

2196 667 2529 740 omprobari.
2582 666 2726 721 Audi
2777 680 2950 737 ergo,
3003 662 3465 734 quemadmodum
3515 659 3746 730 ipsemet

475 773 576 845 τῆς
606 774 671 825 ὲκ
707 773 902 843 λογίων
933 753 1284 842 γφιλοσοφίας,
1333 769 1465 825 ἔνθα
1510 769 1607 823 καὶ
1641 767 1751 821 τῶν
1794 763 2060 839 χρησμῶν

2196 762 2374 833 ιροὶιο,
2407 774 2570 830 quem
2600 758 2669 813 de
2709 772 2768 814 se
2800 756 2923 827 ipso
2967 755 3234 826 hymnum
3266 753 3476 819 edidit,
3521 759 3748 806 caeteros

477 866 884 935 ἐμνημόνευσεν
911 860 1014 921 ὦδέ
1049 884 1166 929 πως
1194 865 1446 936 ἐχόντων·

2164 853 2397 917 doceat,
2444 850 2540 905 ubi
2584 864 2646 903 se
2694 849 2751 902 in
2795 847 2930 902 Delo
2982 846 3162 901 insula
3217 852 3406 899 natum
3445 858 3514 899 ex
3540 840 3749 897 Latona

479 961 789 1025 conﬁtetur,
817 960 903 1016 cui
931 960 1300 1030 [Esculapium
1328 974 1393 1014 ac
1419 958 1749 1015 Mercurium
1776 955 2172 1026 adjungemus,
2238 961 2474 1017 quorum
2505 941 2922 1015 almroriccaa,
2970 941 3109 995 alter
3162 954 3230 994 ex
3289 936 3431 992 Maia
3490 950 3750 1007 procrea-

481 1063 594 1111 tum
643 1071 702 1111 se
757 1071 877 1112 esse
923 1056 1258 1127 pronuntiat.
1321 1054 1494 1111 [labet
1521 1056 1696 1128 etiam
1736 1053 1842 1110 ista
1887 1045 2223 1119 Porphyrius
2249 1085 2267 1112 ,
2324 1042 2383 1097 in
2423 1040 2493 1096 iis
2519 1078 2535 1105 ,
2590 1052 2715 1109 quae
2748 1037 2817 1093 de
2857 1037 3057 1092 hausta
3115 1049 3185 1090 ex
3247 1032 3475 1089 deorum
3523 1043 3759 1100 respon-

483 1148 561 1206 sis
627 1150 977 1220 philosophia‘
1023 1150 1284 1220 scripsit,
1330 1149 1426 1205 ubi
1478 1148 1824 1218 sequentium
1867 1143 2225 1201 oraculorum
2254 1133 2531 1199 meminit,

895 1240 1045 1323 πᾷσνι
1063 1240 1275 1323 χάρμα
1294 1241 1632 1323 βροτοῖσιζ,

639 1313 773 1366 Ἀπὸ
804 1313 934 1383 σῶν
963 1313 1137 1380 ἱερῶν
1156 1381 1165 1383 Α
1168 1313 1427 1383 ματέρος
1458 1313 1649 1383 ἁγνᾶς

627 1382 944 1452 Προθορὼν
967 1381 1242 1438 τοκετῶν.

490 1490 587 1561 οἷς
611 1496 875 1565 ἐπιλέγειο

648 1613 797 1684 Ἀλλ’
829 1612 929 1669 ὅτε
957 1614 1129 1669 Λατὼ
1152 1613 1292 1682 ὠδὶς
1324 1612 1450 1684 ιερὰ

631 1682 874 1744 Λάζοιτο
901 1684 1090 1749 πᾶσα,
1123 1682 1578 1753 ὀροθυνομένων

636 1753 903 1825 Διδύμων
927 1751 1186 1809 τοκετᾶγᾶ-
1220 1751 1429 1825 ἕνδοθε
1455 1753 1532 1825 (8)
1558 1751 1794 1825 amt-539‘,

641 1821 874 1895 "mare
905 1824 1024 1895 μὲν
1050 1824 1188 1895 γαῖα
1213 1824 1310 1895 (9),
1341 1821 1552 1895 ἵστατο
1578 1822 1630 1876 δ’
1651 1821 1791 1891 ἀὴρ,

633 1891 918 1962 Πάγνυτό
942 1891 1153 1960 νᾶσίος.
1190 1891 1458 1962 mira-vta
1488 1893 1668 1962 κῦμαο

650 1961 783 2017 Ἆνίὰ
811 1963 865 2016 δ’
894 1962 1190 2031 ἐξέθορες,
1209 1961 1390 2032 μάντι
1423 1961 1727 2030 Λυκωρεῦ,

646 2033 869 2097 Τοξότα
896 2033 1089 2099 Φοῖϐε,
1123 2033 1275 2087 κατὰ
1303 2032 1750 2103 χρησμολάλω

645 2103 907 2157 Bacchi)
939 2103 1252 2172 τριπόδων.

732 1911 913 1963 meo
942 1911 1153 1963 νασος.
1190 1910 1234 1946 π

502 2300 613 2356 Καὶ
643 2303 674 2355 6
718 2300 1048 2373 Ἀσκληπιὸς
1078 2300 1238 2356 πάλιν
1270 2302 1401 2355 περὶ
1427 2301 1643 2355 ἑαυτοῦ·

578 2414 826 2483 Τρίκκης
857 2411 926 2476 ἐξ
949 2412 1114 2481 ιερῆς
1143 2414 1268 2480 ἥκω
1304 2415 1457 2483 θεὸς,
1488 2411 1560 2465 ὄν
1591 2425 1736 2465 ποτε
1753 2410 1972 2483 μήτηρ,

574 2481 762 2549 Φοίϐῳ
780 2482 1251 2546 ὐπευνασθεῑσα,
1281 2482 1420 2535 κυεῖ
1448 2483 1670 2550 σοφίας
1687 2481 1982 2550 βασιλῆα,

578 2553 768 2622 Ἰδριν
788 2552 1051 2621 ὶητορίης
1085 2552 1467 2622 Ἀσκληπιόν.
1503 2553 1681 2607 Ἀλλὰ
1700 2552 1759 2606 τί
1780 2554 2012 2621 πεύθῃ;

512 2706 573 2765 '0
605 2708 652 2764 δ’
695 2708 904 2781 Ἐρμῆς
932 2724 1115 2781 φησιν·
1644 2748 1647 2751 λ

469 2839 482 2872 ι
581 2827 680 2889 Ὃς
698 2823 752 2895 δῖ
775 2823 912 2895 ἐγὼ,
937 2823 1010 2878 ὃν
1029 2826 1287 2895 καλέεις,
1313 2823 1509 2895 Ζηνὸς
1529 2821 1632 2895 καί
1647 2822 1912 2895 Μαιάδος
1932 2823 2081 2890 υἱὸς,

587 2894 801 2965 Ἐρμῆς
817 2892 927 2967 (10)
951 2893 1285 2963 προϐέϐηκα
1304 2892 1499 2953 λιπὼν
1519 2893 1811 2963 ἀστραῖον
1837 2892 2086 2949 ἄνακτα.

507 2991 621 3048 Καὶ
650 2991 712 3045 τὺ
740 2989 878 3055 εἶδος
912 2990 972 3044 δὲ
1017 2988 1228 3043 ἑαυτῶν
1265 2988 1644 3062 ὑπογράφουσι
1670 2987 1766 3043 τοῦ
1791 2990 2091 3060 σχήματος,

510 3083 700 3157 ὥσπερ
731 3086 759 3138 6
784 3083 900 3137 Πὰν
921 3083 1016 3136 καὶ
1037 3081 1199 3145 αὐτὸς
1220 3082 1279 3135 ὲν
1303 3083 1573 3152 χρησμοῖς
1590 3080 1720 3151 περ)⁸
1747 3079 1941 3133 ἑαυτοῦ
1965 3079 2090 3133 τάδε

510 3168 662 3238 λέγει
688 3168 955 3223 διδάσκων
974 3186 989 3200 ·
1018 3170 1285 3239 Ειΰχομαι
1303 3168 1526 3236 ,ϐροτὸς
1550 3167 1734 3239 γεγὼς
1758 3165 1912 3221 Πανί
1938 3179 2090 3238 συμ-

514 3263 682 3332 φύτῳ
722 3259 852 3327 θεῷ,
877 3258 1282 3328 δισσοκέρατι,
1305 3257 1648 3322 δισσόποδι,
1675 3255 2088 3327 τραγοσκελεῖ,

514 3346 831 3422 τρυφῶντι.
866 3350 1052 3405 Ταῦτα
1085 3352 1143 3405 ἐν
1173 3352 1506 3423 ἀπορρήτοις
1538 3349 1637 3420 τῆς
1675 3352 1739 3403 ὲκ
1774 3349 1970 3418 λογίων
2002 3366 2092 3417 φι-

516 3443 771 3513 λοσοφίας
819 3444 848 3497 6
886 3442 1147 3514 δηλωθεὶς
1187 3442 1327 3514 ἀνὴρ
1365 3442 1623 3496 τέθειται.
1665 3441 1859 3496 οὐκέτ⁹
1906 3441 2016 3514 ἄρα
2062 3442 2094 3494 6

517 3534 635 3590 Πὰν
672 3533 939 3606 σύμϐολον
968 3530 1038 3605 ἦν
1083 3532 1177 3586 τοῦ
1213 3532 1431 3597 παντὸς,
1461 3532 1670 3603 δαίμων
1709 3532 1756 3585 δ’
1797 3531 1864 3585 ἂν
1896 3532 1981 3603 εἴη
2011 3549 2096 3595 τις

517 3625 756 3691 τοιοῦτος
773 3666 788 3691 ,
815 3620 926 3691 οἷος
956 3627 1051 3679 καὶ
1087 3625 1525 3697 ὑπογέγραπται,
1550 3625 1579 3677 ὁ
1606 3624 1699 3677 καὶ
1723 3623 1813 3678 τὸν
1846 3624 2093 3697 χρησμὸν

519 3717 726 3783 ἐκδούς.
765 3718 839 3772 Οὐ
873 3715 984 3790 γὰρ
1019 3717 1083 3789 δὴ
1124 3718 1187 3770 τὸ
1228 3717 1494 3782 πᾶν,νκαὶ
1539 3717 1569 3769 6
1620 3716 1841 3788 σύμπας
1892 3717 2095 3787 κόσμος

519 3810 721 3884 ἔχρησε
756 3810 826 3864 τὰ
863 3809 1218 3881 προκείμενα,
1258 3808 1459 3862 Τούτου
1504 3809 1793 3881 τοιγαροῦν
1842 3808 1935 3862 τοῦ
1977 3809 2096 3863 δαί-

524 3919 705 3974 μονος,
732 3901 852 3956 ἀλλ’
878 3902 941 3955 οὐ
969 3900 1062 3954 τοῦ
1098 3901 1297 3964 παντὸς
1331 3901 1430 3973 τὴν
1461 3901 1643 3954 εἰκόνα
1680 3900 2098 3965 ὲκτυπὼσαντες

519 3994 733 4065 ἄνδρες,
756 3994 817 4047 τὸ
841 3994 1328 4066 προγεγραμμένον
1367 3993 1706 4064 ἐμιμήσαντο
1747 3992 1954 4064 σχῆμα.
1985 3993 2100 4046 Καὶ

520 4084 552 4136 6
590 4081 800 4153 Ἐρμῆς
824 4082 883 4135 δὲ
909 4082 1026 4145 πῶς
1053 4082 1121 4135 ἂν
1144 4085 1314 4136 νοοῖτο
1341 4083 1369 4135 6
1396 4081 1505 4136 τῶν
1531 4082 1787 4136 ἁπάντων
1817 4083 2100 4153 ποιητικός

521 4191 584 4228 τε
618 4174 712 4228 καὶ
746 4174 1135 4245 ἑρμηνευτικὸς
1168 4173 1324 4243 λόγος
1341 4215 1356 4240 ,
1384 4171 1595 4246 μητέρα
1624 4168 1807 4229 Μαῖαν
1844 4175 1943 4247 τὴν
1968 4176 2100 4229 Ἀτ-

521 4266 711 4330 λαντος
737 4264 1014 4337 ὁμολογῶν
1044 4266 1354 4337 ἐσχηκέναι,
1382 4266 1480 4337 τήν
1504 4283 1569 4335 γε
1597 4267 1727 4339 περὶ
1750 4266 1914 4320 αὑτοῦ
1939 4267 2097 4336 λεγο-

527 4360 695 4433 μένην
745 4358 1068 4430 μυθολογίαν
1087 4400 1102 4424 ,
1152 4358 1266 4412 ἀλλ’
1309 4359 1371 4412 οὐ
1420 4358 1764 4429 φυσιολογίαν
1806 4358 2097 4431 ὲγκρίνας;

524 4448 680 4503 Οὕτω
715 4448 810 4502 καὶ
841 4447 1168 4519 Ἀσκληπιὸς
1195 4445 1315 4511 πῶς
1345 4447 1414 4502 ἂν
1454 4449 1741 4518 μετάγοιτο
1774 4450 1854 4513 εἰς
1887 4448 2100 4515 Ἥλιον,

2110 2043 2160 2100 Β

2118 3212 2159 3270 C

2294 1229 2454 1284 Omni
2475 1244 2505 1281 ο
2533 1227 2727 1297 populo
2759 1241 2953 1297 magna
2978 1223 3239 1297 voluptas,

2288 1299 2459 1354 Sacra
2488 1294 2637 1367 parte
2663 1294 2864 1351 matris
2883 1295 2948 1350 ab
2981 1294 3099 1348 alvo

2290 1368 2605 1424 Prosiliens.

2176 1506 2387 1574 Quibus
2413 1511 2487 1559 ita
2515 1502 2721 1570 subdit,

2280 1620 2483 1674 Partus
2509 1619 2633 1673 δαευί
2666 1625 2780 1673 tota
2803 1615 3004 1670 doloris

2283 1690 2426 1743 Dum
2450 1689 2714 1742 Latonam
2748 1688 2822 1741 vis
2845 1688 2937 1740 dia
2967 1691 3180 1754 premit,

2285 1759 2600 1828 Sanctazque
2622 1757 2784 1811 simul
2814 1753 2999 1810 clausa
3036 1753 3273 1828 parentis

2289 1828 2496 1899 Qemini
2516 1827 2771 1899 quatiunt
2801 1829 3001 1881 viscera
3025 1827 3163 1896 fetus
3187 1842 3206 1877 :

2287 1897 2465 1953 Tellus
2494 1897 2654 1961 sistit,
2688 1898 2832 1951 sistit
2861 1906 2913 1950 et
2943 1913 3056 1960 aer,

2284 1968 2481 2023 Insula
2513 1969 2663 2034 sidit,
2693 1966 2923 2037 siditque
2950 1982 3116 2031 mare,

2300 2037 2381 2092 Tu
2409 2038 2660 2092 continuo
2694 2035 2852 2093 Vates
2890 2035 3072 2105 Lycie,

2288 2108 2370 2173 Is,
2402 2109 2698 2162 arcitenens
2731 2106 2941 2171 Phoebe,
2971 2109 3066 2159 sub
3102 2121 3285 2167 auras,
3766 2106 3778 2138 ³

2291 2177 2437 2233 Fata
2465 2178 2769 2249 loquentum
2804 2192 2998 2246 prwses
3029 2175 3315 2245 tripodum.

2186 2312 2449 2369 ﬁmilter
2473 2311 2825 2383 Esculapius
2848 2310 2924 2366 ita
2952 2310 3019 2366 de
3046 2325 3105 2366 se
3133 2311 3272 2380 ipso,
3319 2306 3480 2379 124

2289 2431 2374 2486 Εη
2398 2432 2587 2487 Tricca
2611 2448 2638 2487 e
2660 2448 2815 2486 sacra
2838 2432 2983 2486 venio
3012 2431 3110 2485 tibi
3136 2430 3346 2485 Numen
3372 2430 3625 2494 amicum,

2302 2501 2798 2574 illc/Esculapius,
2822 2518 2975 2574 quem
2991 2501 3192 2574 Phoebo
3212 2511 3362 2568 patre
3385 2509 3640 2574 creatum,

2293 2572 2365 2643 Et
2384 2571 2597 2643 Sophia:
2618 2570 2812 2643 regem,
2834 2570 2922 2626 cui
2946 2572 3035 2643 gis
3058 2580 3282 2626 estnota
3307 2570 3569 2643 medendi,

2295 2635 2530 2699 Sustulit
2544 2635 2916 2713 almaparens.
2934 2641 3037 2697 Sed
3054 2642 3180 2710 quid
3198 2657 3311 2695 mea
3326 2641 3544 2694 numina
3564 2635 3773 2708 poscis?

2190 2734 2494 2792 Mercurius
2525 2745 2706 2793 autem
2740 2737 2889 2793 hunc
2915 2737 2970 2790 in
3003 2736 3249 2801 modum,

2300 2826 2596 2898 Mercurius
2622 2845 2774 2898 quem
2804 2842 2923 2898 voce
2946 2843 3120 2898 vocas,
3153 2826 3414 2898 Maiorque
3439 2823 3685 2894 Iovisque

2303 2895 2484 2952 Filius
2508 2898 2610 2951 huc
2632 2895 2767 2965 ueni,
2811 2897 3006 2951 calesti
3029 2912 3144 2967 rege
3175 2896 3378 2949 relicto.

2196 2989 2508 3058 Quinetiam
2536 3006 2762 3046 suorum
2791 2990 2897 3059 ipsi
2927 3004 3221 3059 corporum
3254 2988 3490 3058 speciem
3524 2987 3776 3058 ﬁguram-

2194 3096 2303 3152 que
2327 3082 2668 3147 describunt,
2694 3082 2843 3136 velut
2865 3081 2954 3136 ille
2976 3079 3114 3146 Pan,
3137 3080 3233 3151 qui
3260 3080 3571 3149 cujusmodi
3590 3079 3776 3147 fuerit,

2192 3188 2261 3227 ex
2278 3172 2397 3243 ejus
2422 3171 2664 3228 oraculis
2690 3172 2763 3227 ita
2780 3172 3044 3229 docemur
3071 3191 3085 3227 :
3115 3171 3363 3226 Mortalis
3387 3188 3479 3242 ego
3507 3186 3625 3224 cum
3650 3171 3775 3237 sim,

2195 3278 2439 3333 nuncupo
2467 3271 2588 3317 vota
2616 3263 2758 3317 Pani
2783 3303 2799 3329 ,
2831 3263 3009 3317 nativo
3057 3263 3150 3317 deo
3169 3303 3184 3329 ,
3219 3279 3383 3316 cornu
3410 3262 3613 3333 gemino
3639 3301 3655 3326 ,
3685 3278 3777 3333 ge-

2195 3353 2338 3406 mino
2372 3354 2523 3423 pede,
2554 3354 2882 3424 hircinisque
2902 3354 3146 3408 cruribus
3171 3353 3387 3423 insigni,
3418 3352 3775 3421 voluptuario.

2196 3443 2482 3515 Ejusmodi
2509 3452 2657 3510 sunt,
2685 3460 2809 3515 quae
2834 3445 3090 3500 laudatus
3122 3452 3315 3500 auctor
3344 3443 3398 3498 in
3431 3443 3629 3499 abditis
3655 3445 3780 3514 phi—

2196 3536 2460 3606 losophiae
2511 3537 2739 3591 deorum
2786 3551 2855 3592 ex
2906 3536 3186 3606 responsis
3243 3535 3457 3591 hausta:
3505 3535 3780 3607 mysteriis

2198 3628 2495 3683 recensuit.
2539 3626 2653 3682 Pan
2694 3642 2827 3698 ergo
2873 3644 2983 3683 non
3021 3629 3134 3698 jam
3181 3627 3427 3683 universi
3472 3628 3780 3699 symbolum

2196 3726 2314 3785 est,
2341 3718 2435 3774 sed
2464 3717 2679 3773 damon
2708 3716 2890 3787 potius
2913 3759 2927 3783 ,
2960 3718 3178 3787 qualem
3208 3732 3268 3772 se
3312 3718 3429 3787 ipse
3456 3717 3779 3788 descripsit,

2199 3812 2294 3883 qui
2319 3812 2602 3867 oraculum
2636 3812 2777 3867 istuc
2801 3810 3010 3868 eﬁ'udit.
3061 3809 3251 3882 Neque
3273 3811 3421 3866 enim
3445 3812 3779 3879 universum,

2201 3913 2414 3959 totusve
2448 3904 2689 3959 mundus
2722 3904 2826 3959 ista
2872 3903 3171 3972 respondit.
3214 3901 3395 3969 Quare
3425 3901 3529 3972 ipsi
3563 3916 3783 3971 quoque

2199 3997 2437 4053 artiﬁces
2459 4035 2475 4062 ,
2507 4005 2779 4067 quotquot
2805 4011 2912 4051 non
2948 3995 3211 4061 universi,
3245 3994 3341 4050 sed
3370 3994 3534 4064 hujus
3575 3994 3782 4049 daemo-

2198 4089 2288 4144 nis
2315 4088 2609 4157 imaginem
2658 4101 3020 4157 expressere,
3069 4086 3399 4155 descriptam
3448 4086 3612 4156 paulo
3656 4094 3784 4141 ante

2200 4179 2430 4251 ﬁguram
2461 4177 2660 4232 imitati
2692 4186 2840 4233 sunt.
2869 4174 2988 4232 Jam
3014 4177 3342 4242 Mercurius,
3375 4177 3652 4246 quomodo
3692 4192 3782 4233 re-

2200 4286 2325 4325 rum
2379 4269 2626 4325 effectrix
2673 4269 2919 4324 omnium
2973 4269 3354 4338 interpresque
3404 4268 3545 4323 ratio
3594 4268 3783 4323 haberi

2201 4360 2396 4432 possit,
2425 4376 2550 4416 cum
2582 4360 2699 4431 ipse
2727 4359 2926 4414 Maiam
2952 4358 3187 4413 Atlantis
3212 4358 3379 4413 ﬁliam
3402 4375 3525 4415 sese
3553 4369 3782 4414 matrem

2203 4451 2465 4507 habuisse
2494 4449 2748 4516 fateatur,
2777 4450 2979 4521 quippe
3007 4450 3100 4519 qui
3129 4449 3390 4520 jactatam
3431 4450 3498 4504 de
3526 4461 3647 4504 ortu
3683 4465 3786 4506 suo

526 4541 759 4613 πατρίδα
778 4540 877 4613 τὴν
898 4540 1144 4613 Τρίκκην
1172 4540 1632 4612 ἐπιγραφόμενος,
1654 4541 1752 4594 καὶ
1773 4541 1881 4596 ἀπὸ
1903 4540 2096 4613 θνητῆς

2204 4539 2473 4607 fabulam,
2504 4554 2614 4595 non
2643 4540 2878 4596 istorum
2914 4540 3314 4612 physiologiam
3348 4540 3660 4596 testimonio
3691 4540 3786 4610 ju-

526 4633 809 4706 ὁμολογῶν
840 4632 1120 4704 γεγονέναι
1160 4633 1397 4706 μητρός;
1423 4632 1549 4697 Πῶς
1582 4633 1639 4687 δὲ
1662 4634 1850 4699 Ἥλιος
1875 4633 1974 4700 ὢν,
2005 4635 2105 4689 αὐ-

524 4726 618 4790 τὸς
681 4726 778 4779 τοῦ
837 4725 1015 4779 Ἡλίου
1064 4724 1180 4789 υίὸς
1224 4724 1385 4779 πάλιν
1431 4725 1800 4798 ἀποφανθείη;
1840 4727 1964 4780 ἐπεὶ
2008 4726 2103 4781 καὶ

527 4818 619 4872 τὸν
669 4817 833 4872 αὐτοῦ
884 4818 1097 4890 πατέρα
1132 4818 1224 4873 τὸν
1263 4817 1454 4873 Φοῖϐον
1492 4819 1595 4872 οὐκ
1630 4817 1788 4874 ἄλλον
1836 4814 1976 4874 εἶναι
2007 4820 2101 4874 τοῦ

537 4909 720 4964 Ἠλίου
746 4909 1192 4982 ἐφυσιολόγησαν.
1235 4909 1324 4976 Ἐξ
1359 4909 1537 4964 Ἠλίου
1570 4910 1627 4964 δὲ
1657 4910 1754 4963 καὶ
1778 4909 1980 4983 θνητῆς
2006 4928 2105 4982 γυ-

527 4998 713 5063 ναικὸς
740 5000 905 5069 φάναι
932 4998 1093 5053 αὐτὸν
1130 4997 1248 5062 πῶς
1279 4998 1342 5050 οὐ
1382 4997 1599 5051 πάντων
1633 4996 2103 5065 καταγελαστότα-

526 5108 652 5158 τον;
674 5092 831 5146 Ἐπεὶ
858 5091 952 5146 καὶ
971 5090 1131 5146 αὑτὸν
1151 5090 1245 5144 τὸν
1274 5088 1487 5161 πατέρα
1511 5087 1722 5153 Ἥλιον,
1743 5087 1802 5142 ὃν
1823 5087 1886 5159 δὴ
1907 5089 2105 5143 Ἀπόλ-

529 5184 676 5239 λωνά
719 5201 884 5254 φασιν
920 5181 1090 5249 εἶναι.
1123 5183 1243 5247 πῶς
1272 5183 1419 5247 εἰκὸς
1458 5184 1517 5235 ὲν
1550 5181 1707 5253 Δήλῳ
1746 5181 2104 5254 γεγεννῆσθαι

528 5279 596 5348 τῇ
627 5279 774 5349 νήσῳ
801 5277 907 5332 ὑπὸ
938 5277 1138 5350 θνητῆς
1167 5275 1327 5331 πάλιν
1359 5275 1565 5347 μητρὸς
1590 5276 1688 5347 τῆς
1716 5273 1960 5346 Λητοῦς;
1989 5275 2107 5330 Ἐν-

528 5367 706 5422 ταῡθά
745 5384 837 5439 μοι
876 5368 1032 5439 τήρει
1078 5367 1307 5432 ὁπόσους
1341 5366 1600 5439 Ἕλληνες
1631 5366 1787 5432 θεοὺς
1812 5365 2106 5439 γεννητοὺς

532 5457 808 5530 γυναικῶν
850 5456 1226 5530 ὲθεολόγησαν,
1259 5461 1340 5523 εἰς
1367 5459 1702 5530 παράθεσιν,
1739 5457 1795 5511 εί
1816 5475 1949 5512 ποτε
1980 5476 2104 5513 πει-

531 5553 730 5620 ρῶνται
747 5550 1029 5607 σκὼππειν
1051 5552 1152 5625 τὴν
1173 5551 1268 5606 τοῦ
1287 5551 1559 5624 ἡμετέρου
1584 5552 1839 5624 Σωτῆρος
1867 5552 2102 5622 γένεσιν,

603 5694 681 5765 (7)
724 5691 978 5765 Τριξωιῃ,Δ
999 5676 1296 5765 Thessaliae
1346 5689 1605 5761 oppidum
1651 5696 1758 5757 est,
1805 5701 1953 5759 quoa
2011 5685 2103 5742 alii

536 5762 770 5826 Tricam,
802 5762 1035 5830 simplici
1068 5778 1116 5817 ο.
1274 5818 1277 5821 Α

606 5845 684 5907 (δ)
727 5834 989 5889 "Ertio/Is.
1034 5833 1128 5904 Γρ.
1167 5830 1361 5887 ἔνδοθι.

2201 4633 2458 4704 dicioque
2514 4649 2617 4690 suo
2654 4634 3078 4704 comprobarit?
3122 4632 3475 4705 IEsculapius
3508 4634 3743 4702 denique
3765 4677 3784 4702 ,

2201 4727 2479 4797 quomodo
2514 4726 2580 4781 ad
2610 4722 2793 4780 Solem
2824 4725 3164 4791 traducatur,
3200 4726 3295 4797 qui
3323 4734 3378 4781 et
3405 4724 3652 4781 Triccam
3681 4725 3786 4781 sibi

2200 4819 2436 4889 patriam
2465 4819 2726 4884 vindicet,
2755 4826 2811 4873 et
2844 4818 3063 4873 mortali
3112 4833 3179 4874 se
3219 4827 3394 4874 matre
3439 4827 3625 4872 natum
3665 4831 3788 4873 esse

2200 4910 2565 4981 pronuntiet?
2613 4911 2751 4977 lmo,
2788 4910 2836 4965 si
2870 4909 2955 4966 sol
3006 4910 3123 4980 ipse
3166 4916 3253 4964 est
3278 4950 3294 4977 ,
3342 4908 3616 4980 quomodo
3655 4909 3787 4966 solis

2201 5004 2348 5061 ﬁlius
2381 5019 2505 5061 esse
2549 5002 2817 5060 dicatur?
2844 5000 2983 5058 Nam
3032 5001 3302 5058 Phoebum
3351 5001 3571 5072 quidem
3613 5001 3786 5072 ipsius

2201 5103 2411 5167 patrem
2436 5137 2452 5162 ,
2484 5111 2593 5152 non
2628 5095 2797 5150 alium
2840 5109 2869 5148 a
2919 5093 3037 5151 sole
3080 5107 3204 5149 esse
3247 5090 3554 5164 physiologi
3599 5092 3790 5147 volue-

2201 5195 2352 5241 runt.
2384 5184 2566 5241 Solem
2605 5200 2771 5255 porro
2813 5181 3193 5253 Esculapium
3223 5197 3291 5237 ex
3323 5182 3538 5237 mortali
3582 5179 3788 5238 femina

2204 5277 2534 5348 suscepisse,
2569 5277 2658 5332 cui
2689 5292 2800 5330 non
2834 5275 3080 5330 omnium
3110 5274 3350 5329 maxime
3383 5274 3672 5330 ridiculum
3702 5273 3787 5329 vi-

2203 5369 2441 5424 deatur?
2469 5366 2609 5422 Nam
2639 5368 2821 5438 ipsum
2849 5380 3068 5437 quoque
3118 5364 3299 5421 Solem
3340 5364 3648 5437 1Esculapii
3686 5380 3789 5437 pa-

2204 5467 2369 5524 trem,
2404 5475 2567 5531 quem
2599 5459 2810 5514 scilicet
2836 5457 3145 5526 Apollinem
3171 5473 3293 5513 esse
3319 5458 3652 5523 defendunt,
3692 5458 3786 5514 cui

2205 5554 2421 5609 tandem
2455 5553 2510 5607 in
2541 5552 2721 5608 insula
2752 5550 2906 5616 Dolo,
2941 5558 3105 5619 atque
3138 5567 3170 5606 a
3198 5550 3408 5607 Latona
3450 5549 3666 5608 mortali
3709 5547 3783 5607 si-

2276 5689 2520 5769 (εὶμξὲῖ
2549 5688 2705 5769 τοῖαο
2728 5690 2843 5769 Ie
2875 5691 2969 5759 γᾶν
3001 5699 3167 5769 recte
3199 5689 3308 5769 At:
3335 5689 3430 5769 7i:

2278 5759 2389 5834 (l0)
2443 5759 2680 5831 Ἑρμῆς.
2728 5759 2934 5817 versus
2967 5761 3204 5830 postulat
3233 5761 3398 5816 inseri
3421 5759 3501 5824 δι.
