4156 6440
434 326 537 383 225

434 443 636 498 militer
680 450 857 499 matre
903 450 1248 514 procreatum
1290 458 1413 500 esse
1452 443 1848 514 persuadeant?
1894 444 2017 500 Ca3-

437 542 613 589 terum
661 534 1032 590 animadverte
1060 534 1231 602 mihi,
1266 548 1430 606 quam
1476 534 1681 589 multos
1728 534 1905 590 Graeci
1948 550 2017 590 ex

1097 323 1367 382 EUSEBll
1403 324 1886 382 CESARIENSIS
1927 322 2080 381 OPP.
2123 321 2303 378 PARS
2340 318 2403 378 ll.
2428 314 3019 376 —-APOLOGE’I'ICA.

3598 309 3712 362 224

2121 442 2205 496 ὅτι
2246 441 2307 495 δὲ
2346 438 2459 512 (ll)
2490 438 2552 494 οὐ
2593 438 2833 511 ποιητῶν
2873 439 3012 492 εἰσιν
3055 435 3113 490 αἱ
3147 432 3343 505 φωναὶ,
3384 426 3501 485 ἀλλ’
3526 424 3712 482 αὐτῶν

2124 533 2236 589 τῶν
2260 532 2400 587 θεῶν
2424 534 2481 588 αἱ
2507 532 2864 604 προκείμεναι
2889 528 3237 601 σημειώσεις.

447 612 775 668 mulieribus
804 620 1016 683 genitos
1044 623 1273 669 deorum
1342 615 1397 669 in
1432 614 1555 671 loco
1602 631 1941 686 numeroque
2002 619 2305 689 posuerint,
2373 629 2433 673 ut
2466 618 2512 672 si
2554 618 2775 686 quando
2821 615 3130 671 Servatoris
3166 618 3340 669 nostri
3386 616 3690 684 generatio-

446 717 571 757 nem
600 702 776 758 ridere
806 710 1149 759 conabuntur
1172 746 1187 771 ,
1220 705 1363 759 hanc
1388 704 1455 760 iis
1504 705 1766 760 continuo
1797 706 2008 759 turbam
2047 722 2420 777 opponamus;
2480 705 2724 776 illudque
2779 713 3060 774 prasterea,
3089 717 3199 758 non
3234 710 3515 774 poetarum
3536 717 3701 762 voces

447 809 481 849 ι
508 795 689 861 nobis,
723 794 818 850 sed
848 796 1090 866 ipsorum
1118 809 1345 851 deorum
1381 800 1691 851 testimonia
1724 796 1963 852 recitari.

946 906 1102 979 125
1139 903 1369 960 CAPUT
1411 902 1525 959 xv.

444 1013 584 1068 Deos
625 1016 766 1083 ipsos
807 1015 1235 1082 philosophorum
1280 1016 1744 1069 commentationes
1794 1015 2028 1069 oraculis

517 1088 853 1153 conﬁrmasse
875 1124 889 1145 ,
918 1096 1212 1154 pugnantes
1248 1101 1367 1138 cunt
1411 1087 1613 1154 sparsis
1653 1086 1718 1138 de
1748 1102 1801 1139 se
1834 1086 2030 1154 fabulis

518 1154 802 1223 allegorias
827 1156 1130 1209 statuendo.

520 1269 597 1320 Ac
623 1276 793 1335 poetae
822 1267 1067 1336 quidem,
1097 1284 1222 1322 cum
1258 1267 1493 1331 fabulas,
1528 1277 1589 1324 ut
1617 1269 1790 1334 aiunt,
1824 1270 1891 1324 de
1925 1268 2031 1324 diis

447 1356 781 1427 contingant,
804 1346 1136 1427 philosoplii'
1149 1373 1278 1412 vero
1294 1374 1475 1433 rerum
1501 1359 1830 1413 naturalium
1864 1358 2032 1411 ratio-

450 1462 549 1502 nes
578 1463 701 1501 cum
731 1448 799 1501 ad
830 1448 977 1517 ipsos
1012 1448 1459 1515 accommodent;
1488 1464 1701 1518 aequum
1730 1463 1862 1503 sane
1887 1456 2032 1502 esset

450 1538 574 1594 illos
601 1540 908 1608 aspernari,
935 1539 1035 1594 bos
1061 1548 1319 1608 tanquam
1348 1540 1705 1609 philosophos
1730 1538 2029 1608 suSpicere,

447 1631 789 1700 similemque
815 1645 944 1685 vero
977 1631 1360 1685 excellentium
1390 1632 1689 1701 gliomiuum
1722 1631 2028 1684 orationem

446 1722 629 1792 potius
672 1736 837 1790 quam
878 1722 1408 1793 poeticas_amplecti
1442 1737 1636 1792 nugas.
1662 1720 1818 1774 Nunc
1846 1727 2029 1774 autem

447 1827 574 1867 cum
608 1811 713 1882 ipsi
741 1827 961 1883 quoque
992 1812 1068 1868 dii
1096 1813 1151 1867 in
1184 1813 1591 1868 contentionem
1631 1827 1756 1867 cum
1788 1810 2030 1881 philoso-

446 1909 574 1978 phis
637 1917 1025 1979 certamenque
1097 1907 1470 1973 descendant,
1521 1922 1757 1978 cumque
1806 1922 1897 1962 res
1952 1904 2032 1960 illi

450 2016 601 2064 suas,
637 2001 839 2071 quibus
867 2002 1055 2071 utique
1083 2005 1328 2059 notiores
1369 2019 1447 2059 ea:
1482 2011 1631 2068 sunt,
1668 2000 1907 2056 oraculis
1935 2014 2031 2056 ac-

449 2099 638 2145 curate
668 2091 937 2162 planeque
981 2093 1247 2162 doceant,
1279 2095 1337 2149 bi
1368 2110 1497 2149 vero
1522 2093 1785 2163 quasdam
1818 2099 2031 2146 tantum

2061 890 2111 947 Δ

2647 898 3043 954 ΚΕΦΔΛΔΙΟΝ
3069 899 3168 955 lE'.

2129 1014 2249 1092 Ὄῖι
2267 1012 2388 1092 καὶ.
2407 1011 2513 1080 τὰς
2551 1012 2673 1066 τῶν
2695 1013 3062 1092 φιλορόφωγ
3102 1011 3349 1092 θεωρίας
3386 1012 3699 1092 ὲᾷεόαἰοιέν

2195 1083 2289 1136 διὰ
2316 1082 2435 1135 τῶν
2479 1082 2786 1152 χρησμῶν,
2833 1082 3118 1149 ἐναντίως
3161 1084 3287 1148 τοῖς
3323 1083 3455 1151 περὶ
3497 1082 3699 1137 αὐτῶν

2194 1155 2401 1218 μύθοις
2426 1152 2929 1222 ἀλληγοροῦντες.

2191 1250 2437 1322 Ποιητῶν
2461 1248 2560 1319 μὲν
2583 1244 2697 1313 οὖν,
2719 1247 2794 1311 ῶς
2816 1265 2968 1319 φασι,
2996 1247 3199 1320 μύθους
3222 1247 3353 1320 περὶ
3374 1249 3511 1303 θεῶν
3533 1250 3709 1305 πλατο

2118 1342 2382 1411 τομένων,
2413 1340 2715 1410 φιλοσόφων
2736 1340 2813 1404 δὲ,
2838 1340 3320 1408 φυσιολογούντων·
3346 1342 3485 1413 χρῆν
3511 1341 3575 1414 δή
3598 1360 3704 1396 που

2118 1433 2343 1496 εἰκότως
2369 1432 2476 1486 τῶν
2519 1433 2617 1503 μὲν
2645 1436 3026 1503 καταφρονεῖν,
3056 1435 3181 1496 τοὺς
3203 1432 3261 1486 δὲ
3298 1432 3601 1504 θαυμάζειν
3624 1436 3705 1501 ὡς

2118 1525 2473 1596 φιλοσόφους”,
2509 1526 2605 1578 καὶ
2649 1525 2850 1596 μᾶλλον
2888 1524 2994 1579 τῶν
3037 1523 3335 1596 ποιητικῶν
3375 1524 3558 1597 λήρων
3603 1527 3704 1590 τὰς

2118 1617 2229 1670 τῶν
2252 1616 2577 1688 κρειττόνων
2609 1616 2925 1687 ἐκδέχεσθαι
2952 1617 3352 1686 πιθανολογίας.
3386 1619 3536 1673 Θεῶν
3564 1619 3609 1673 δ’
3632 1616 3703 1675 αὗ

2118 1708 2281 1762 πάλιν
2306 1708 2402 1761 καὶ
2427 1709 2733 1778 φιλοσόφων
2759 1711 2840 1772 είς
2867 1709 3099 1779 ἅμιλλαν
3124 1712 3440 1776 κατιόντων,
3465 1713 3560 1767 καὶ
3589 1714 3702 1769 τῶν

2122 1803 2223 1874 μὲν
2245 1803 2338 1857 ἐπὶ
2364 1804 2632 1875 χρησμοῖς
2671 1803 2741 1857 τὰ
2766 1803 2887 1857 καθ’
2912 1786 3158 1870 ἑαυτοὺς,
3185 1805 3262 1868 ῶς
3289 1805 3356 1859 ἂν
3394 1806 3596 1877 μᾶλλον
3623 1809 3706 1862 sl-

2118 1894 2306 1964 δότων,
2336 1895 2575 1967 ἀκριϐῶς
2603 1895 2980 1960 διδασκόντων,
3013 1897 3122 1952 τῶν
3147 1897 3206 1952 δὲ
3231 1899 3313 1963 εἰς
3335 1899 3708 1971 ἀσυμφώνους

2121 1990 2219 2043 καὶ
2265 1988 2688 2052 ἀναποδείκτους
2733 1988 3108 2061 εὑρεσιλογίας
3156 1989 3258 2053 τὰς
3307 1993 3438 2064 περὶ
3487 1987 3565 2048 ὧν
3627 1996 3706 2067 μὴ

2121 2080 2301 2134 ἴσασιν
2343 2079 2598 2144 ὑπονοίας
2651 2083 3123 2153 περιτρεπόντωνο
3177 2084 3319 2137 τίσιν
3378 2086 3495 2156 ἐρεῖ
3545 2085 3708 2156 λόγος

448 2182 518 2236 iis
547 2181 615 2236 de
662 2182 830 2237 rebus
861 2184 1202 2253 suspiciones
1226 2226 1241 2251 ,
1272 2198 1414 2255 quas
1441 2184 1667 2239 minime
1713 2190 2026 2253 perspectas

2125 2172 2434 2238 πείθεσθαι;
2463 2174 2533 2226 Ἦ
2572 2171 2731 2227 τοῦτο
2774 2173 2896 2228 οὑδὲ
2927 2176 3140 2247 ἐρωτᾷν
3187 2177 3371 2245 datm;
3402 2178 3464 2231 Εί
3508 2177 3573 2249 δὴ
3605 2178 3707 2233 οὖν

450 2272 674 2338 habent,
716 2273 770 2327 in
804 2247 1070 2330 absurdas
1112 2291 1177 2331 ac
1208 2247 1392 2333 futiles
1433 2247 1866 2346 disputationum
1912 2273 2026 2328 inc-

2125 2263 2477 2335 ἀληθεύουσιν
2513 2265 2564 2317 ol
2616 2264 2730 2317 θεοὶ
2761 2266 3055 2336 κυροῦντες
3090 2268 3187 2330 τὰς
3229 2269 3360 2341 περὶ
3392 2247 3572 2324 αὐτῶν
3608 2272 3709 2327 ἀν-

449 2372 605 2436 pttas
660 2364 984 2423 conferant:
1043 2368 1184 2425 utris
1228 2368 1457 2424 obsecro
1507 2367 1671 2422 ﬁdem
1725 2362 2029 2418 habendam

452 2468 578 2508 esse
609 2454 752 2508 ratio
783 2454 1054 2512 suadeat?
1079 2458 1219 2526 lmo,
1250 2458 1533 2527 indignum
1561 2464 1708 2511 certe
1738 2452 1901 2508 fuerit
1946 2452 2033 2507 vel

452 2541 561 2598 hoc
594 2558 859 2613 quaerere.
898 2543 1002 2601 Sed
1035 2557 1237 2609 tamen.
1272 2546 1317 2603 si
1348 2547 1423 2601 dii
1463 2559 1656 2601 verum
1697 2544 1908 2608 dicunt,
1934 2538 2029 2611 qui

450 2634 557 2691 sibi
606 2634 740 2704 ipsis
784 2636 1073 2693 attributos
1120 2636 1376 2693 humanae
1429 2634 1764 2692 conditionis
1797 2630 2029 2687 aﬂ‘ectus

450 2724 999 2796 perturbationesque
1039 2726 1608 2791 conﬁrmant;vanos
1656 2722 1917 2778 continuo
1963 2732 2028 2772 ac

2121 2353 2562 2426 θρωποπαθείας,
2597 2355 2812 2425 ψευδεῖς
2840 2356 2908 2412 ἂν
2940 2353 3049 2412 εἷεν
3077 2360 3128 2412 οἱ
3160 2358 3479 2426 ἀθετοῦντες
3504 2361 3700 2426 αὑτάς*

2120 2448 2168 2499 εί
2196 2445 2253 2499 δὲ
2281 2445 2391 2499 τῶν
2416 2445 2719 2515 φιλοσόφων
2749 2448 2970 2521 ἀληθεῖς
3002 2452 3064 2504 αἱ
3093 2450 3456 2520 φυσιολογίαι,
3481 2450 3709 2523 ψευδεῖς

2120 2537 2187 2592 ἂν
2213 2537 2454 2608 γένοιντο
2479 2553 2536 2594 αι
2558 2539 2666 2593 τῶν
2693 2540 2832 2596 θεῶν
2856 2542 3175 2618 μαρτυρίαι.
3214 2544 3375 2599 Ἀλλὰ
3392 2547 3487 2601 καὶ
3517 2546 3705 2615 αὐτὸς,

2121 2630 2268 2684 εἴποι
2296 2647 2404 2694 τις,
2435 2632 2466 2685 ὁ
2496 2631 2770 2687 Ἀπόλλων
2813 2635 2920 2709 ἔφη
2950 2656 3052 2692 που
3082 2640 3141 2693 έν
3176 2643 3447 2711 χρησμοῖς
3492 2642 3709 2713 ἐρωτη-

2124 2717 2240 2782 θεὶς
2272 2720 2401 2792 περὶ
2428 2722 2593 2775 αὑτοῦ
2623 2724 2770 2785 ὅστις
2803 2723 2911 2789 εἴη.

444 2804 735 2857 mendaces
784 2795 924 2863 esse;
961 2804 1054 2870 qui
1098 2818 1195 2860 eas
1235 2817 1527 2875 respuunt,
1573 2824 1798 2866 necesse
1850 2814 1935 2862 est
1984 2820 2001 2860 :
2038 2808 2124 2859 sin
2164 2812 2349 2859 autem
2397 2818 2526 2859 vera
2572 2803 3023 2873 philosophorum
3061 2798 3398 2871 physiologia
3433 2805 3553 2864 est,
3584 2795 3721 2853 falsa

447 2886 671 2942 deorum
706 2898 829 2937 esse
874 2889 1185 2953 testimonia
1220 2898 1491 2963 sequitur.
1526 2899 1712 2968 Atqui,
1745 2895 1889 2950 dicat
1926 2895 2090 2950 etiam
2122 2895 2341 2966 aliquis,
2376 2893 2570 2966 Apollo
2603 2897 2719 2963 ipse
2759 2893 3048 2951 consultus
3075 2891 3372 2963 aliquando
3399 2889 3525 2962 qui:
3553 2897 3729 2960 esset.

460 2972 566 3022 hoc
596 2973 844 3043 responsi
868 2973 1035 3044 dedit,

486 3079 602 3155 Sol,
628 3087 866 3160 idemque
897 3088 1096 3158 Horas,
1129 3089 1265 3160 Rex,
1293 3090 1557 3157 Bacchus,
1594 3090 1789 3160 Osiris,
1817 3089 2026 3161 Apollo,

2139 3084 2371 3149 Ἥλιος,
2400 3079 2603 3153 Ὦρος,
2635 3086 2886 3153 Ὄσιρις,
2921 3086 3123 3151 Ἄναξ,
3149 3087 3459 3161 Διόνυσος,
3505 3085 3711 3161 Ἀξιόνι-

488 3214 643 3294 1_dem
671 3218 851 3283 horas,
892 3222 1117 3291 annique
1140 3224 1296 3294 vices,
1329 3233 1505 3278 ventos
1530 3223 1860 3294 pluviasque,

487 3288 812 3358 {durantque
837 3306 981 3358 rego,
1015 3288 1062 3344 et
1093 3293 1318 3346 stellam:
1350 3288 1803 3358 noctis‘habena's,

487 3355 603 3409 Rea:
631 3355 788 3410 simul
819 3355 1106 3425 astrorum,
1136 3363 1296 3416 simul
1327 3364 1644 3417 immortalis
1669 3374 1719 3418 et
1749 3355 1921 3436 Ignis.

452 3467 598 3538 Ergo
618 3469 692 3523 dii
718 3486 840 3527 cum
870 3471 1034 3526 iidem
1066 3482 1119 3527 et
1142 3484 1423 3543 poetarum
1455 3476 1676 3545 fabulis,
1702 3489 1758 3535 et
1785 3480 2029 3550 philoso-

450 3559 685 3631 phorum
708 3562 1114 3633 suspicionibus
1134 3567 1506 3624 testimonium
1528 3571 1826 3641 adjungant
1843 3586 2027 3636 suum,

457 3651 623 3705 simul
652 3650 897 3720 profecto
921 3653 1369 3712 dissentientibus
1397 3660 1878 3730 pugnantibusque
1903 3675 2035 3715 con-

453 3740 717 3795 sentiunt.
780 3740 1075 3799 Enimvero
1107 3746 1154 3799 si
1189 3747 1452 3803 mortales
1486 3748 1588 3804 sibi
1620 3759 1820 3804 matres
1859 3748 2033 3803 vindi-

1747 3840 1989 3897 fatentur
2013 3882 2030 3910 ,

448 3839 599 3895 cant,
636 3847 865 3903 seseque
910 3843 1125 3891 terrena
1159 3852 1227 3892 ex
1272 3839 1450 3908 patria
1499 3847 1659 3896 natos

449 3924 725 3992 quomodo
770 3925 1039 3996 ejusmodi
1073 3944 1193 3984 esse
1235 3938 1525 4000 poterunt,
1584 3930 1773 4002 quales
1803 3934 2029 4005 physio—

450 4013 700 4084 logorum
729 4031 826 4072 ore
852 4018 1241 4075 celebrantur?
1269 4021 1468 4077 Demus
1506 4023 1813 4094 Apollinem
1844 4026 2026 4081 Solem

451 4119 595 4167 esse,
624 4102 841 4167 (rursus
867 4109 1014 4163 enim
1042 4110 1270 4166 istorum
1299 4115 1476 4167 oratio
1499 4129 1720 4171 sursum
1750 4115 2029 4172 deorsum-

395 4252 405 4262 ,
448 4208 556 4263 que
587 4193 785 4263 jactata
820 4199 1069 4254 eumdem
1104 4201 1159 4255 in
1190 4202 1455 4258 circulum
1489 4206 1667 4261 redire
1717 4215 1974 4277 cogetur,
2004 4205 2027 4278 )

447 4287 728 4354 quomodo
760 4288 927 4359 igitur
951 4291 1108 4349 Delos
1130 4293 1339 4362 insula,
1369 4310 1533 4365 quam
1570 4296 1624 4351 in
1658 4298 1838 4352 medio
1886 4300 2025 4353 mari

446 4388 747 4433 exstantem
764 4381 1028 4452 hodieque
1043 4386 1509 4462 cernimus,126
1523 4390 1664 4446 Solis
1675 4391 1870 4461 patria,
1887 4407 2027 4464 quo-

448 4470 610 4524 modo
641 4469 842 4525 Latona
870 4483 1043 4530 mater
1068 4476 1310 4547 ejusdem
1333 4482 1471 4536 erit?
1491 4482 1611 4553 Ipse
1636 4484 1780 4538 enim
1810 4493 2019 4539 utrum-

445 4573 553 4628 que
583 4576 771 4615 verum
802 4578 943 4630 esse,
976 4567 1092 4621 suis
1126 4568 1290 4636 paulo
1310 4580 1439 4628 ante
1464 4574 1700 4630 oraculis
1726 4577 2023 4631 conﬁrma-

445 4649 557 4704 bat.
610 4649 896 4717 Quomodo
937 4654 1171 4727 denique
1202 4656 1581 4732 Esculapium
1620 4665 1763 4721 idem
1801 4669 2021 4723 mortali

446 4752 639 4796 natura
672 4744 956 4813 prmditum
997 4761 1063 4801 ex
1093 4750 1312 4804 mortali
1341 4767 1561 4823 quoque
1606 4754 1809 4812 femina
1833 4773 2021 4814 susce-

443 4832 523 4903 pit
549 4833 573 4887 ?
602 4832 803 4890 Verum
839 4837 939 4891 ista
966 4840 1461 4907 prmtermittamus.

1011 4929 1240 4986 CAPUT
1286 4933 1425 4990 XVI.

444 5015 595 5071 Ftert
630 5035 733 5095 non
761 5037 932 5089 posse,
965 5033 1022 5076 ut
1053 5026 1239 5078 mundi
1279 5039 1475 5095 partes.
1504 5028 1595 5082 aut
1624 5030 1818 5088 divinas
1852 5032 2018 5086 virtu-

520 5099 617 5170 tes.
655 5090 1029 5170 illecebrarum
1075 5090 1382 5170 necessitate
1410 5098 1777 5170 deducantur,
1811 5112 1863 5157 et
1895 5119 2020 5156 con-

516 5158 806 5216 sulentibus
834 5180 926 5233 per
950 5166 1169 5219 oracula
1198 5168 1561 5236 respondeant.
1763 5158 1776 5170 ’
1872 5178 1877 5187 ”

518 5334 811 5395 Enimvero
837 5341 999 5412 hujus
1042 5346 1251 5402 oraculi
1284 5348 1499 5405 vanitas
1531 5348 1634 5405 alia
1666 5366 1885 5420 quoque
1930 5367 2019 5407 ra-

516 5466 627 5537 (H)
670 5468 787 5551 ’ρει
947 5473 1096 5551 Alter
1144 5494 1176 5532 e
1228 5494 1529 5546 manuscr.,
1584 5481 1679 5535 καὶ
1721 5482 1825 5537 ὅτι.
1860 5480 2017 5550 Quod

444 5550 577 5592 sane
626 5540 819 5593 melius
862 5543 1199 5624 duos-hosce
1220 5566 1433 5624 versus,
1464 5540 2017 5624 usquead__om§aub-

444 5623 579 5692 σεις,
608 5624 731 5662 cum
767 5620 1062 5692 superioris
1086 5620 1276 5687 capitis
1306 5620 1413 5692 line
1432 5622 1704 5692 contexit.
1737 5620 1859 5678 Nec
1880 5625 2015 5678 mihi

445 5678 669 5734 dubium
716 5690 800 5735 est
844 5682 974 5752 quin
1024 5678 1255 5757 sequ'ens
1305 5689 1373 5744 ab
1405 5690 1514 5745 illis
1541 5701 1749 5748 tantum
1782 5696 2008 5752 vocibus

3385 3159 3512 3208 λων

2147 3223 2335 3296 Ὡρῶν
2358 3228 2459 3280 καὶ
2482 3226 2699 3295 καιρῶν
2721 3228 2954 3296 ταμίης,
2983 3226 3220 3295 ἀνέμων
3242 3242 3307 3279 τε
3332 3154 3707 3293 κῶίιὲιῖὸὶρων,

2146 3295 2327 3361 Ἠοῦς
2353 3298 2449 3350 καὶ
2486 3298 2706 3363 νυκτὸς
2732 3295 3145 3364 πολυιιστέρος
3176 3296 3317 3363 ἠνία
3353 3295 3582 3364 νωμῶν,

2133 3366 2490 3436 Ζαρλετέων
2513 3362 2751 3435 ἄστρων
2774 3362 3093 3432 βασιλεὺς,
3124 3362 3217 3434 ἠδ⁴
3244 3362 3546 3421 ἀθάνατον
3567 3362 3705 3432 κῖδο.

2134 3478 2346 3533 Οὐκοῦν
2388 3481 2438 3533 οἱ
2483 3481 2636 3534 αὐτοὶ
2667 3483 2760 3535 καὶ
2808 3483 2919 3545 τοῖς
2947 3479 3055 3534 τῶν
3089 3479 3328 3552 ποιητῶν
3375 3478 3564 3551 μύθοις
3612 3477 3709 3531 καὶ

2132 3572 2252 3632 ταῖς
2302 3569 2411 3624 τῶν
2444 3571 2745 3639 φιλοσόιρων
2797 3572 3073 3636 ὑπονοίαις
3116 3571 3501 3642 συμφέρονται,
3542 3584 3707 3640 μαχο-

2134 3661 2317 3730 μένοις
2357 3664 2752 3733 συνιστάμενοι.
2789 3664 2851 3717 Εί
2885 3663 2994 3735 γὰρ
3045 3663 3286 3734 μητέρας
3315 3661 3707 3733 ἐπιγράφοντα

2133 3752 2355 3821 θνητὰς,
2393 3755 2489 3809 καὶ
2526 3754 2792 3827 πατρίδας
2828 3753 2929 3817 τὰς
2965 3754 3059 3806 ἐπὶ
3087 3752 3191 3823 γῆς
3218 3750 3559 3823 ὁμολογοῦσι,
3592 3750 3708 3814 πῶς

2128 3844 2197 3900 ἂν
2224 3842 2333 3900 εἶεν
2364 3848 2511 3911 οἴους
2544 3846 2984 3917 φυσιολογοῦσιν;
3018 3845 3197 3899 Ἔστω
3222 3843 3329 3917 γὰρ
3368 3844 3399 3897 ό
3435 3841 3711 3897 Ἀπόλλων

2131 3934 2338 4000 Ἤλιος·
2357 3939 2541 4009 (πάλιν
2566 3937 2675 4011 γὰρ
2705 3939 2817 3992 ἄνω
2851 3938 2944 3991 καὶ
2976 3938 3125 3991 κάτω
3162 3938 3241 4000 εἰς
3273 3935 3341 3989 τὰ
3370 3933 3510 3990 αὐτὰ
3549 3948 3710 4005 περι-

2128 4047 2340 4103 τρεχων
2373 4033 2556 4097 αὐτοῖς
2590 4035 2619 4087 ὁ
2646 4031 2802 4100 λόγος
2832 4028 3125 4083 ἁλώσεται·
3149 4028 3169 4102 )
3199 4027 3317 4091 πῶς
3356 4022 3449 4081 οὖν
3476 4028 3509 4097 ἡ
3541 4024 3708 4095 Δῆλος

2127 4122 2164 4192 ἡ
2212 4120 2354 4174 κατὰ
2404 4120 2679 4175 θάλασσαν
2731 4119 2900 4173 εἰσέτι
2944 4117 3038 4172 νῦν
3090 4117 3493 4190 προφαινομένη
3543 4114 3707 4184 νῆσος

2128 4212 2325 4281 γένοιτ’
2361 4212 2427 4266 ἂν
2459 4212 2552 4265 τοῦ
2612 4210 2791 4265 Ἡλίου
2835 4212 3055 4283 πατρὶς,
3108 4211 3291 4281 μήτηρ
3339 4207 3396 4260 δὲ
3438 4208 3471 4276 ἠ
3508 4202 3705 4276 Λητώ;

2128 4302 2298 4356 Ταυτὶ
2328 4303 2437 4375 γὰρ
2486 4304 2688 4375 ἀρτίως
2714 4303 2939 4376 ἐκύρουν
2967 4303 3042 4366 ὡς
3067 4301 3243 4371 ἀληθῆ
3279 4316 3341 4369 γε
3367 4298 3491 4351 ὄντα
3520 4299 3568 4350 οί
3607 4297 3705 4349 αδ-

2130 4393 2225 4447 τοῦ
2273 4395 2531 4465 χρησμοί.
2584 4394 2709 4458 Πῶς
2750 4395 2807 4447 δὲ
2847 4394 2941 4448 καὶ
2984 4393 3078 4446 τοῦ
3139 4387 3465 4460 Ἀσκληπιοῦ
3513 4386 3704 4459 ἀνδρὸς

2128 4482 2326 4555 θνητοῦ
2358 4484 2455 4555 τὴν
2485 4483 2644 4554 φύσιν
2676 4484 2870 4554 γένοιτ’
2896 4482 2962 4537 ἂν
2981 4485 3009 4536 ό
3033 4481 3218 4544 Ἥλιος
3248 4478 3445 4549 πατὴρ,
3474 4479 3547 4530 ὲκ
3576 4475 3705 4544 0m-

2124 4576 2226 4647 τῆς
2274 4577 2439 4632 αὐτὸν
2481 4577 2739 4646 γυναικὸς
2774 4573 3169 4646 πεποιημένος;
3215 4569 3375 4624 Ἀλλὰ
3423 4566 3711 4640 παρείσθω

2122 4684 2315 4723 ταυτα.

2629 4922 3020 4981 ΚΕΦΑΛΔΙΟΝ
3046 4921 3163 4990 ur.

2125 5020 2257 5074 ὀτι
2277 5018 2396 5073 τῶν
2413 5018 2727 5074 ἀδυνάτων
2756 5017 2986 5085 πέφυκε
3002 5055 3016 5079 ,
3042 5015 3115 5069 τὰ
3137 5014 3288 5087 μέρη
3308 5014 3414 5087 τοῦ
3441 5017 3695 5087 κόσμου,

2193 5092 2232 5160 ἣ
2262 5093 2371 5157 τὰς
2406 5091 2567 5155 θείας
2595 5087 2879 5160 aur-rigate
2900 5085 3203 5160 ’παθητικαῖς
3232 5085 3524 5160 aratrum;
3549 5085 3693 5141 καθ-

2191 5155 2505 5228 ἕλκεσθαι,
2559 5160 2660 5215 καὶ
2698 5155 2799 5213 διὰ
2831 5156 3122 5227 χρησμῶν
3162 5155 3285 5223 τοῖς
3316 5156 3574 5224 ἐρωτῶσι
3603 5160 3697 5213 θο-

2193 5229 2448 5291 σπίζειν.

2201 5343 2303 5404 ιὀὖ
2329 5344 2386 5398 δὲ
2413 5342 2661 5417 χρησμοῦ
2686 5340 2748 5397 τοι
2766 5342 2960 5414 ψεῦδος
2988 5357 3083 5396 και
3105 5339 3279 5402 ἄλλως
3304 5339 3688 5408 ἀπελεγκτέον.

2121 5481 2371 5554 Ποιητῶν
2396 5481 2494 5553 μὲν
2522 5476 2616 5554 οὖν
2634 5480 3107 5554 inchoaridebeat,
3133 5480 3332 5554 nam'et
3351 5479 3503 5554 nullo
3526 5493 3692 5554 sensu

2120 5547 2493 5630 praecedentes
2527 5552 2699 5607 lineas
2721 5552 3029 5621 excipiunt;
3056 5559 3111 5630 et
3145 5550 3322 5630 (ξδιιινσῖιἶ
3348 5547 3685 5630 ἰιίωςπροκείο

2123 5620 2308 5747 pepigit,
2338 5622 2564 5677 deorum
2613 5620 2875 5692 responsa
2909 5620 3178 5691 superiori
3207 5622 3383 5695 capite
3424 5620 3586 5675 allata
3623 5620 3702 5675 si-

2123 5711 2188 5747 uti
2240 5699 2403 5747 tcaut.

2120 5711 2403 5764 guutcaut.
