4156 6478
475 442 581 500 ιεε

1611 436 1933 493 ΡΗᾹΞΡΔΒ.
1974 435 2227 492 EVANG.
2265 434 2394 491 LIB.
2435 434 2523 491 ιιι.

3620 446 3729 502 εεδ

475 560 549 614 Οὐ
600 558 712 632 γὰρ
765 557 831 632 δὴ
879 559 910 612 ό
964 556 1154 623 Ἥλιος
1203 556 1493 630 οὐρανόθεν
1542 557 1725 621 αὐτοῖς
1774 555 2033 622 καταϐὰς,

2149 555 2299 610 tione
2331 553 2734 627 coarguifacile
2755 556 2947 628 possit.
2976 555 3163 628 Neque
3183 560 3329 614 enim
3355 558 3447 615 Sol
3479 562 3543 617 ad
3571 562 3729 629 istos,

475 652 665 705 ἔπειτα
700 649 792 703 τὸν
824 649 1129 720 δοχέα“(12)
1158 648 1473 720 πληρώσας,
1499 649 1592 703 τὸν
1627 646 1874 719 χρησμὸν
1908 649 2043 701 ἀπε-
2100 669 2102 673 ν

474 742 729 814 φοίϐαζεν
756 742 898 814 (15)·
931 742 1053 795 ἐπεὶ
1091 739 1214 795 οὔτε
1240 741 1484 805 δυνατὸν,
1526 739 1651 793 οὗτε
1689 740 1846 810 θέμις
1876 740 2044 807 ἀνάγ-

474 852 598 898 καις
648 831 949 904 ἀνθρώπων
987 832 1078 886 τὸν
1121 829 1438 903 τηλικοῦτον
1487 829 1885 884 ὑποτάσσεσθαι
1936 846 2048 898 φω-

474 927 668 997 στῆρα.
715 924 850 977 Ἀλλ’
875 925 935 977 ού
964 923 1028 996 δὴ
1061 922 1172 995 (14)
1198 925 1359 992 φαῖεν
1384 922 1483 993 τὴν
1510 923 1569 975 ὲν
1596 920 1745 990 αὐτῷ
1773 919 1923 973 θείαν
1954 919 2047 972 καλ⁴

473 1014 666 1087 νοερὰν
702 1013 950 1085 δύναμιν,
981 1014 1064 1066 ὃτι
1111 1012 1244 1084 μηδὲ
1297 1011 1501 1082 ταύτης
1536 1010 1745 1079 ,γένοιτ’
1794 1008 1860 1063 ἄν
1911 1023 2044 1060 ποτε

473 1106 694 1177 δεκτικὴ
725 1105 1040 1176 ἀνθρωπεία
1084 1104 1252 1175 ψυχή.
1300 1103 1357 1155 Ὀ
1399 1101 1442 1154 δ’
1480 1100 1642 1165 αὐτὸς
1680 1098 1745 1154 ἂν
1777 1100 1861 1170 εἴη
1892 1098 2048 1166 λόγος

475 1192 572 1246 καὶ
594 1192 688 1245 ἐπὶ
725 1192 982 1264 Σελήνης.
1015 1194 1080 1248 Εί
1120 1193 1229 1264 γὰρ
1264 1194 1365 1266 τὴν
1409 1194 1642 1265 Ἑκάτην
1682 1193 1853 1265 αὐτὴν
1906 1189 2046 1247 εἶναι

477 1277 729 1353 φήσούσι,
759 1282 852 1336 καί
873 1302 991 1349 πως
1023 1283 1290 1352 ἀνάγκαις
1326 1282 1630 1357 ἀνθρώπων
1661 1282 2041 1349 καθέλκεσθαι,

477 1373 574 1427 καὶ
597 1373 684 1427 διὰ
720 1375 812 1428 τοῦ
845 1376 1043 1447 δοχέως
1073 1377 1234 1449 χρᾷν,
1268 1376 1349 1441 εἴς
1381 1395 1439 1431 τε
1470 1379 1701 1448 αἰσχράς
1726 1376 1821 1430 καὶ
1852 1377 2043 1447 ἐρωτι-

480 1464 584 1531 κάς
628 1466 899 1532 διακονίας
936 1466 1462 1540 παραλαμϐάνεσθαι
1502 1470 1673 1540 αὐτὴν
1716 1468 1865 1541 (15),
1905 1465 2047 1540 ἁρχὴ

426 1596 432 1603 .
468 1552 576 1623 γάρ
612 1548 746 1605 οὖσα
787 1552 896 1607 τῶν
945 1556 1199 1628 πονηρῶν
1234 1556 1539 1627 δυνάμεων,
1583 1557 1702 1627 ἦτοι
1751 1556 2044 1627 δαιμόνων.

466 1642 613 1707 εἰκὸς
650 1642 716 1698 ἂν
760 1644 846 1716 εἴη
892 1645 990 1717 τὴν
1051 1645 1285 1718 Ἑκάτην
1330 1649 1505 1705 ταῦτα
1553 1650 1833 1720 πράττειν’
1885 1648 1914 1701 ὃ
1951 1650 2047 1702 καὶ

466 1733 629 1798 αὐτὸς
676 1734 926 1807 ὁμολογεῖ
974 1740 1344 1809 συγγραφεὺς,
1385 1740 1462 1803 ὡς
1513 1739 1654 1793 κατὰ
1695 1740 1885 1809 καιρὸν
1933 1736 2043 1809 (16)

466 1827 849 1899 ἐπελέγξομεν.
886 1827 1013 1892 Πῶς
1041 1829 1099 1883 δὲ
1147 1831 1176 1885 ὁ
1212 1830 1466 1886 Πλούτων
1497 1834 1593 1885 καὶ
1630 1834 1659 1886 ὁ
1694 1831 1939 1902 Σάραπις
1967 1832 2046 1893 εἰς

2161 648 2346 713 credo,
2377 648 2593 703 caelitus
2618 648 3018 717 descendebat,
3049 665 3112 705 ac
3142 651 3398 721 deinceps
3428 668 3522 723 per
3559 670 3683 709 eum
3708 694 3727 724 ,

2148 740 2243 809 qui
2271 754 2472 793 numen
2498 741 2828 810 excepisset,
2870 738 3183 797 Phoebazum
3246 745 3525 799 oraculum
3557 745 3733 801 eﬂ'un-

2148 831 2313 886 debat
2337 849 2351 884 :
2382 846 2507 886 cum
2536 846 2712 902 neque
2736 832 2852 886 ﬁeri
2873 843 3075 902 posset,
3090 850 3266 904 neque
3292 851 3421 890 vero
3449 836 3534 892 fas
3562 847 3729 906 esset,

2150 929 2211 974 ut
2238 928 2452 974 tantum
2489 920 2643 976 sidus
2690 921 2946 977 humana:
2977 923 3060 978 vis
3092 926 3406 980 necessitati
3443 926 3636 982 cedere
3664 943 3730 982 ac

2149 1029 2339 1085 parere
2364 1023 2648 1085 cogeretur
2673 1032 2687 1067 :
2717 1015 2771 1069 id
2797 1016 2944 1085 quod
2969 1031 3039 1070 ne
3068 1016 3135 1071 de
3161 1017 3250 1071 illa
3282 1018 3523 1088 quidem,
3554 1034 3719 1089 quam

2149 1106 2255 1176 ipsi
2286 1106 2568 1172 tribuunt,
2599 1105 2781 1160 divina
2825 1107 3161 1177 spirita’lique
3206 1108 3405 1163 virtute
3444 1109 3726 1174 dixerint,

2150 1214 2274 1253 cum
2315 1213 2434 1253 eam
2464 1198 2638 1253 nihilo
2667 1199 2843 1269 magis
2878 1199 3153 1255 humanus
3185 1201 3403 1256 animus
3432 1216 3629 1270 capere
3659 1217 3726 1257 ac

2150 1288 2425 1343 sustinere
2454 1287 2649 1356 possit.
2678 1287 2857 1357 Atque
2883 1290 3072 1343 eodem
3109 1305 3335 1360 prorsus
3378 1291 3540 1345 modo
3569 1292 3729 1348 liceat

2148 1378 2216 1433 de
2247 1377 2403 1432 Luna
2453 1385 2710 1433 statuere.
2758 1376 2916 1444 Quod
2944 1378 2991 1433 si
3030 1377 3265 1435 Hecaten
3302 1381 3450 1434 illam
3495 1397 3617 1437 esse
3642 1382 3728 1436 di-

2148 1477 2295 1532 cent,
2323 1486 2445 1541 quae
2483 1486 2608 1526 cum
2636 1471 2893 1524 humana:
2922 1469 3193 1524 cantionis
3245 1479 3339 1525 aut
3385 1472 3579 1529 similis
3609 1472 3728 1528 ille-

2146 1561 2323 1615 cebrae
2367 1560 2693 1615 necessitate
2723 1561 3048 1626 deducatur,
3082 1571 3199 1616 tum
3227 1576 3358 1619 vero
3385 1571 3439 1617 et
3472 1549 3725 1632 per'eum

2147 1667 2179 1706 a
2232 1668 2340 1721 quo
2383 1651 2547 1707 fuerit
2597 1662 2890 1722 suscepta,
2940 1655 3306 1723 respondeat,
3366 1664 3421 1709 et
3472 1654 3725 1713 obscenis

2148 1741 2436 1795 amoribus
2480 1756 2544 1796 ac
2572 1740 2859 1796 lenociniis
2916 1755 3135 1810 operam
3167 1756 3322 1796 suam
3348 1752 3554 1810 navet;
3605 1752 3725 1799 esto

2148 1846 2298 1885 sane.
2331 1831 2466 1886 Cum
2498 1832 2641 1885 enim
2678 1831 3051 1901 improbarum
3076 1833 3362 1900 virtutum,
3394 1843 3489 1889 aut
3518 1835 3724 1891 daemo-

466 1917 557 1972 τὸν
580 1922 765 1976 Ἥλιον
793 1920 1009 1976 δυνατοὶ
1050 1922 1117 1977 ἂν
1164 1917 1274 1977 εἷεν
1320 1924 1788 1993 φυσιολογείσθαι;
1822 1926 1910 1977 ὅτε
1954 1923 2033 1976 τὸι

2148 1931 2277 1970 num
2295 1917 2488 1986 potius
2513 1918 2765 1988 princeps
2790 1917 2988 1974 Hecate
3014 1920 3107 1975 illa
3132 1921 3222 1987 sit,
3243 1923 3360 1978 haec
3386 1938 3509 1978 cum
3538 1924 3726 1981 fecerit

465 2010 701 2081 ἄρχοντα
733 2011 843 2066 τῶν
874 2013 1127 2085 πονηρῶν
1155 2015 1424 2087 δαιμόνων
1452 2017 1480 2068 ὁ
1522 2016 1683 2078 αὐτὸς
1724 2014 1884 2068 πάλιν
1910 2015 2046 2068 ἀπο-

467 2099 714 2165 φαίνεται
764 2101 855 2157 τὸν
900 2103 1149 2177 Σάραπιν
1203 2102 1379 2169 εἶναι,
1427 2105 1520 2159 τὸν
1576 2105 1736 2159 αὑτὸν
1788 2103 1917 2157 ὄντα
1965 2103 2043 2175 τῷ

465 2189 757 2246 Πλούτωνι.
796 2195 904 2249 Καὶ
937 2196 1222 2268 χρησμοὺς
1262 2196 1321 2250 δὲ
1357 2194 1451 2249 τοῦ
1490 2196 1797 2267 Σαράπιδος
1843 2194 2045 2266 ἐγγράε-

465 2300 602 2352 φων,
644 2283 760 2348 πῶς
806 2284 872 2340 ἂν
905 2286 1121 2341 δύναιτο
1161 2286 1253 2343 τοῦ
1304 2288 1486 2342 Ἠλίου
1528 2287 1724 2351 αὐτοὺς
1757 2285 1936 2353 λέγειν
1971 2280 2041 2337 εἶ-

465 2391 591 2440 ναι;
648 2375 806 2429 Ἀλλὰ
851 2376 959 2450 γὰρ
994 2379 1105 2450 (17)
1153 2377 1212 2446 ἐξ
1249 2380 1506 2434 ἁπάντων
1550 2377 1753 2431 τούτων
1792 2376 2037 2431 λείπεται

467 2469 632 2539 μηδὲν
658 2469 755 2540 μὲν
786 2468 983 2539 ἀληθὲς
1026 2468 1212 2541 φέρειν
1249 2470 1530 2540 ὁμολογεῖν
1565 2468 1665 2533 τὰς
1700 2466 2037 2540 δηλωθείσας

463 2558 829 2628 φυσιολογίας,
875 2558 1182 2630 σοφίσματα
1229 2559 1274 2612 δ’
1320 2556 1460 2614 εἶναι
1508 2559 1775 2629 σοφιστῶν
1821 2557 2033 2627 ἀνδρῶν

463 2649 559 2702 καὶ
592 2648 979 2720 εὑρεσιλογίας.

2146 2009 2370 2075 omnia,
2420 2008 2554 2064 nihil
2605 2010 2675 2065 ab
2723 2025 2842 2065 sese
2888 2011 3126 2067 alienum
3175 2011 3382 2068 fecerit.
3429 2012 3618 2085 Neque
3666 2015 3725 2072 id

2120 2098 2309 2165 etiam
2358 2097 2613 2155 laudatus
2658 2099 2895 2168 scriptor
2943 2116 3053 2157 non
3082 2099 3324 2158 fatetur.
3359 2110 3420 2157 ut
3471 2119 3572 2159 suo
3601 2104 3724 2160 loco

2143 2187 2663 2243 demonstrabimus.
2700 2186 2861 2244 Pluto
2895 2199 3076 2245 autem
3110 2202 3165 2246 et
3189 2191 3428 2262 Serapis,
3460 2210 3566 2264 qua
3597 2204 3722 2250 tan-

2144 2278 2267 2333 dem
2313 2279 2653 2350 physiologia
2695 2281 2763 2335 ad
2798 2281 2967 2337 solem
3009 2284 3254 2339 revocari
3283 2287 3533 2356 queant?
3576 2285 3723 2342 Prae-

2143 2371 2329 2425 sertim
2364 2386 2489 2426 cum
2530 2371 2634 2426 iste
2665 2370 2979 2443 Serapidem
3030 2376 3284 2431 eumdem
3333 2392 3458 2432 cum
3492 2377 3722 2434 Plutone

2141 2462 2373 2525 faciens.
2426 2462 2697 2519 malorum
2726 2465 2889 2520 etiam
2923 2466 3229 2524 daemonum
3264 2470 3560 2540 principem
3599 2487 3723 2528 esse

2140 2551 2314 2606 velit?
2354 2550 2491 2607 Dum
2538 2567 2668 2609 vero
2724 2551 3017 2624 Serapidos
3059 2556 3277 2611 oracula
3330 2559 3548 2628 scriptis
3604 2563 3721 2619 suis

2136 2642 2357 2711 inserit,
2380 2659 2491 2714 quo
2510 2659 2673 2700 sensu
2700 2646 2889 2700 eadem
2916 2643 3059 2701 Solis
3083 2660 3204 2702 esse
3230 2647 3516 2705 defendat?
3541 2652 3719 2707 Enim-

458 2754 588 2796 vero
614 2781 629 2803 ,
663 2741 745 2797 his
771 2742 1026 2797 omnibus
1053 2741 1212 2811 plane
1254 2740 1540 2797 conﬁcitur
1561 2781 1578 2807 ,
1608 2741 1687 2795 uti
1715 2755 1811 2796 eos
1863 2737 2021 2794 fateri
2055 2742 2304 2806 oporteat
2328 2735 2445 2789 veri
2490 2734 2629 2790 nihil
2673 2743 2786 2790 tota
2852 2735 2959 2792 ista
3024 2737 3364 2810 physiologia
3397 2741 3663 2797 contineri
3691 2781 3708 2810 ,

431 2837 827 2907 .sOphistarum
875 2838 977 2893 has
1004 2852 1126 2893 esse
1157 2838 1399 2907 argutias
1422 2878 1439 2904 ,
1469 2845 1524 2892 et
1557 2844 1866 2893 commenta
1900 2834 2190 2889 verborum
2219 2830 2427 2885 inania.

974 2932 1371 2985 ΚΕΦΑΛΑΙΟΝ
1409 2933 1505 2986 IZ'.

495 3044 625 3097 Ὀτι
674 3043 1024 3113 δαιμονικῆς
1073 3044 1373 3131 ἐνερρρξως
1426 3042 1625 3099 πάντα
1676 3043 1750 3098 τὰ
1796 3041 1995 3097 τοιάδε

1086 3130 1390 3183 τυγχανει.

2532 2986 2545 2998 .
2587 2924 2745 2995 127
2776 2923 3007 2981 CAPUT
3056 2924 3222 2982 xvn.

2139 3035 2270 3093 Haec
2303 3038 2483 3092 omnia
2505 3037 2804 3093 daemonum
2829 3040 2938 3093 arti
2968 3056 3031 3093 ac
3060 3042 3349 3112 praestigiis
3389 3044 3714 3115 assignanda

2868 3125 2980 3163 €888

526 3207 665 3269 Τοὺς
695 3204 760 3275 γέ
787 3222 869 3258 τοι
897 3204 1004 3258 τῶν
1037 3205 1300 3276 χρησμῶν
1331 3204 1628 3276 ὑπηρέτας,
1657 3203 1849 3276 ἀληθεῖ
1884 3203 2027 3277 λόγῳ

2201 3198 2273 3252 At
2315 3198 2660 3254 oraculorum
2708 3199 3078 3267 administros,
3109 3201 3157 3257 si
3185 3217 3311 3258 vere
3342 3203 3493 3275 loqui
3522 3206 3710 3263 volue-

458 3297 720 3366 φάσκειν,
775 3295 1032 3367 δαίμονας
1079 3289 1217 3348 εἶναι
1267 3294 1503 3364 φαύλους
1526 3335 1541 3359 ,
1597 3296 1684 3348 ἐπ’
1730 3293 2031 3366 ἀνθρώπων

2133 3288 2283 3356 rint,
2320 3289 2598 3359 improbos
2631 3304 2750 3345 esse
2781 3291 3078 3357 daemones,
3113 3293 3207 3362 qui
3237 3294 3303 3348 ad
3334 3295 3613 3352 hominem
3651 3300 3707 3354 in

459 3390 642 3463 ἀπάτῃ
667 3388 738 3442 τὰ
785 3388 1071 3459 ἀμφότερα
1114 3387 1434 3452 παίζοντας,
1470 3387 1562 3440 καὶ
1598 3386 1718 3440 τοτὲ
1765 3386 1864 3457 μὲν
1907 3402 2032 3438 συνι-

456 3480 767 3551 τιθεμένους
814 3483 932 3543 ταῖς
977 3477 1377 3549 μυθικωτέραις
1432 3477 1562 3548 περὶ
1601 3476 1780 3531 αὑτῶν
1827 3474 2028 3545 ὑπολή-

456 3573 612 3643 ψεσιν
641 3572 733 3625 ἐπὶ
764 3574 830 3643 τῇ
862 3571 1129 3642 πανδήμῳ
1158 3570 1364 3643 πλάνῃ,
1397 3568 1520 3621 τοτὲ
1552 3567 1609 3621 δὲ
1640 3565 1710 3620 τὰ
1740 3566 1838 3636 τῆς
1877 3564 2027 3634 φιλος-

457 3665 621 3734 σόφου
662 3663 915 3734 γοητείας
958 3658 1355 3733 ἐπικυροῦντας
1417 3658 1510 3712 ἐπὶ
1567 3660 1635 3729 τῇ
1683 3657 1779 3711 καὶ
1822 3656 2027 3710 τούτων

455 3754 707 3826 ὲπιτριὸῇ
741 3754 833 3807 καὶ
888 3751 1182 3822 φυσιώσει,
1234 3751 1373 3804 ὥστε
1415 3749 1509 3803 καὶ
1542 3747 1875 3818 πανταχόθεν
1912 3747 2027 3802 ἁλί-

455 3846 681 3901 σκεσθαι
733 3845 894 3916 μηδὲν
943 3845 1139 3907 αὐτοὺς
1200 3841 1515 3913 ἀληθεύειν·
1575 3838 1844 3894 τοσούτων
1893 3840 2023 3909 ἡμῖν

454 3934 754 4007 εἰρημένων
775 3972 790 3997 ,
821 3933 1010 4005 καιρὸς
1056 3932 1160 4003 ήδη
1196 3930 1531 4001 μεταϐάντας
1562 3929 1623 3982 τὸ
1663 3927 1844 3999 τρίτον
1884 3924 2023 3992 εἶδος

453 4025 700 4080 ἐπελθεῖν
727 4024 825 4095 τῆς
865 4022 1129 4095 Ἑλλήνων
1162 4021 1434 4089 θεολογίας
1454 4060 1469 4085 ,
1502 4020 1531 4073 ὃ
1573 4020 1638 4089 δή
1674 4035 1836 4088 φασιν
1883 4014 2023 4072 εἶναι

453 4115 725 4171 πολιτικόν
752 4131 813 4167 τε
845 4114 940 4168 καὶ
967 4113 1214 4184 νόμιμον.
1238 4112 1489 4167 Μάλιστα
1507 4110 1616 4182 γὰρ
1646 4110 1830 4163 ἱκανὸν
1865 4109 2022 4163 τοῦτο

452 4207 588 4279 πρὸς
622 4205 879 4277 ἔκπληξιν
911 4203 1015 4258 τῶν
1048 4203 1254 4257 πολλῶν
1294 4200 1435 4257 εἶναι
1473 4202 1815 4274 νενόμισται,
1846 4201 1934 4254 διά
1959 4218 2021 4254 τε

448 4297 518 4350 τὰ
546 4294 915 4367 θρυλλούμενα
952 4294 1175 4365 μαντεῖα
1206 4292 1300 4346 καὶ
1331 4291 1429 4356 τὰς
1465 4290 1555 4345 διὰ
1597 4289 1859 4363 χρησμῶν
1890 4287 2019 4342 ἀκέ-

450 4405 563 4452 cet;
606 4404 666 4440 τε
709 4388 801 4441 καὶ
851 4383 1148 4456 θεραπείας
1189 4383 1296 4438 τῶν
1333 4382 1675 4436 πεπονθότων
1726 4382 2016 4452 σωμάτων,

444 4480 544 4543 τάς
572 4497 630 4532 τε
664 4479 804 4534 κατά
852 4496 1011 4533 τινων
1042 4477 1364 4549 ἐπισκήψεις
1404 4474 1536 4545 (18).
1575 4468 1676 4529 Ὧν
1721 4473 1785 4545 δὴ
1817 4473 1879 4526 τὸ
1923 4472 2019 4526 καὶ

2129 3379 2375 3434 fraudem
2407 3379 2746 3435 inducendos
2786 3380 2842 3435 in
2887 3390 3120 3451 utroque
3151 3384 3431 3452 luderent;
3458 3402 3521 3442 ac
3547 3390 3710 3444 modo

2128 3482 2187 3523 se
2211 3468 2277 3521 ad
2307 3466 2585 3522 fabulosas
2613 3466 2681 3521 de
2707 3482 2766 3523 se
2814 3468 2948 3538 ipsis
2978 3470 3264 3539 Opiniones
3304 3454 3660 3544 aggregarth
3683 3517 3700 3542 ,

2128 3565 2189 3611 ut
2217 3557 2523 3611 communis
2557 3571 2621 3612 ac
2664 3556 2917 3627 publicus
2961 3573 3119 3612 error
3169 3559 3446 3616 foveretur
3472 3599 3491 3628 ,
3539 3565 3704 3621 modo

2125 3647 2579 3719 phiIOSOphorum
2611 3648 2774 3703 etiam
2808 3649 3113 3720 praestigias
3149 3653 3573 3722 comprobarent
3595 3697 3609 3723 ,
3644 3665 3704 3712 ut

2125 3737 2273 3793 factu
2299 3747 2354 3793 et
2378 3737 2687 3809 arrogantia
2720 3738 2916 3796 inﬂatis
2943 3740 3169 3796 exitium
3199 3743 3489 3811 aﬂ‘errent;
3519 3747 3706 3816 sicque

2124 3830 2263 3885 nihil
2307 3846 2554 3901 unquam
2584 3831 2789 3887 dixisse
2818 3832 2931 3888 veri
2960 3834 3140 3890 modis
3189 3836 3446 3892 omnibus
3473 3840 3702 3896 convin-

2123 3930 2342 3978 cuntur.
2373 3920 2496 3977 Jam
2522 3938 2655 3977 vero
2680 3923 2767 3978 his
2809 3939 2839 3978 a
2869 3924 3029 3980 nobis
3056 3925 3324 3985 hactenus
3367 3919 3656 4000 disputatis
3678 3974 3696 3999 ,

2122 4021 2337 4084 tempus
2371 4022 2474 4079 est,
2497 4022 2559 4069 ut
2584 4014 2651 4069 ad
2680 4015 2895 4071 tertiam
2924 4015 3236 4073 Graecorum
3266 4020 3549 4093 theologia:
3577 4039 3699 4094 spe-

2121 4107 2257 4161 ciem
2285 4148 2302 4173 ,
2329 4123 2492 4177 quam
2523 4107 2737 4163 civilem
2784 4107 2887 4179 ipsi
2927 4124 2992 4165 ac
3037 4110 3333 4182 legitimam
3367 4116 3656 4171 nominaut
3678 4108 3723 4181 ,’

2120 4198 2350 4267 gradum
2385 4197 2676 4254 faciamus.
2709 4196 2845 4253 Nam
2899 4200 2951 4254 id
2987 4199 3209 4256 demum
3242 4203 3309 4257 ad
3342 4204 3522 4260 stultae
3547 4208 3693 4263 mul-

2119 4287 2368 4341 titudinis
2395 4287 2809 4341 admirationem
2840 4302 2905 4342 ac
2931 4297 3210 4358 stuporem
3248 4290 3407 4362 longe
3435 4305 3694 4363 opportu-

2119 4378 2411 4432 nissimum
2437 4392 2560 4433 esse
2588 4385 2935 4445 statuerunt;
2980 4379 3027 4435 si
3061 4381 3259 4450 partim
3297 4380 3516 4451 iactatis
3559 4388 3692 4442 vati-

2118 4470 2276 4525 ciniis
2311 4509 2328 4535 ,
2379 4470 2580 4540 partim
2636 4470 3012 4525 morbidorum
3061 4487 3356 4542 corporum
3409 4479 3691 4535 curatione

443 4569 533 4624 διά
565 4570 759 4642 πείρας
800 4569 972 4623 ἐλθεῖν
1014 4570 1345 4639 φάσκοντες,
1380 4562 1439 4621 εὖ
1488 4564 1632 4637 μάλα
1687 4564 2014 4618 πεπείκασιν

2132 4560 2348 4616 ieorum
2405 4561 2636 4631 quaesita
2677 4562 2999 4632 responsis,
3037 4565 3235 4634 partim
3284 4567 3584 4636 repentinis
3635 4582 3689 4626 ct

445 4663 670 4724 ἑαυτοὺς
692 4662 789 4732 μὲν
810 4660 1166 4725 εὐσεϐοῦντας
1192 4662 1271 4724 είς
1290 4660 1416 4722 τοὺς
1444 4657 1599 4720 θεοὺς
1626 4656 1809 4709 δίκαια
1841 4656 2015 4726 πράτ-

443 4769 589 4805 τειν·
637 4753 783 4823 ἡμᾶς
815 4752 871 4806 δὲ
907 4751 979 4805 τὰ
1020 4751 1251 4824 μέγιστα
1291 4749 1540 4815 ἀσεϐεῖν,
1576 4748 1674 4812 τὰς
1711 4747 1883 4811 οὕτως
1915 4750 2014 4819 ὲμ-

444 4845 629 4911 φανεῖς
661 4843 754 4897 καὶ
784 4842 1130 4914 εύεργετικὰς
1148 4842 1404 4912 δυνάμεις
1438 4840 1511 4912 μὴ
1550 4841 1670 4902 ταῖς
1701 4838 2011 4910 προσηκού-

444 4951 565 4997 σαις
614 4933 930 5006 θεραπείαις
974 4932 1268 5005 τιμῶντας.
1315 4932 1425 4986 Καὶ
1485 4932 1622 5003 πρὸς
1683 4930 1834 4985 ταῦτ’
1881 4926 2007 4995 οὖν,

441 5025 635 5098 ἑτέραν
665 5026 820 5095 λόγου
841 5026 1016 5097 ἀρχὴν
1039 5023 1418 5087 ἀναλαϐόντες,
1437 5022 1860 5094 ὐπαντήσωμεν.

512 5220 621 5291 (12)
660 5221 868 5292 Δοχέα.
907 5220 1047 5286 Vox,
1077 5221 1133 5292 ni
1182 5219 1360 5287 fallor,
1386 5234 1600 5292 parum
1642 5218 1842 5274 usitata
1873 5236 1888 5284 ;
1918 5217 2006 5292 bis

438 5289 619 5346 tamen
650 5289 933 5362 nui‘ninum
982 5291 1267 5362 ὑποδοχαῖς
1289 5289 1570 5362 aptissima
1601 5305 1814 5362 :qtiam
1843 5289 2005 5358 paulo

436 5371 561 5431 post
581 5375 634 5416 c.
665 5360 698 5413 7
730 5362 945 5430 repetit,
976 5359 1216 5431 itemque
1242 5359 1371 5431 pag},
1400 5360 1505 5415 194
1535 5366 1590 5414 et
1615 5359 1738 5415 195.

510 5431 620 5501 (15)
672 5428 1104 5498 Ἀπέφοίϐαζεν.
1125 5428 1260 5485 Non
1305 5428 1486 5501 miritis
1516 5444 1635 5501 rara
1661 5445 1808 5501 χοι,
1833 5443 1998 5501 quam

436 5495 619 5555 tamen
649 5515 798 5581 omn.
814 5495 1100 5556 'manuscr.
1126 5500 1378 5557 retinent.
1402 5499 1476 5552 Τὸ
1499 5495 1814 5568 φοιϐάζειν,
1842 5495 2001 5569 longe

435 5584 803 5625 commumus.
1544 5600 1545 5603 ‘

509 5639 617 5710 (14)
658 5642 742 5710 ρύ
774 5637 871 5703 δή.
911 5639 1008 5706 Γρ.
1033 5638 1140 5692 οὐδ’
1179 5641 1249 5704 εἰ,
1280 5654 1387 5693 non
1420 5641 1580 5695 male.

509 5705 616 5791 (i5)
658 5707 788 5762 Post
835 5705 1002 5791 αὐτῄν
1046 5711 1199 5791 deest
1240 5710 1479 5791 aliquid;
1519 5717 1670 5791 puta,
1697 5707 1799 5791 οὐκ
1831 5705 1993 5791 διν-δὴ

2116 4653 2376 4724 gravibus
2405 4653 2791 4709 nonnullorum
2835 4657 3015 4725 poenis
3061 4666 3349 4714 teneretur.
3380 4658 3510 4726 Quae
3555 4661 3684 4717 dum

2115 4758 2174 4798 se
2203 4744 2350 4813 ipsos
2377 4743 2541 4799 etiam
2569 4751 2823 4813 expertes
2846 4761 2970 4802 esse
2998 4748 3219 4815 dicunt,
3254 4757 3370 4805 tum
3402 4766 3530 4806 vero
3559 4751 3686 4822 jure

2112 4836 2371 4890 nimirum
2419 4838 2788 4907 persuadent,
2839 4853 2898 4894 se
2955 4839 3173 4907 quidem
3227 4840 3316 4909 pie
3358 4841 3506 4910 justo
3550 4859 3679 4915 erga

2115 4927 2247 4982 deos
2279 4927 2544 4998 obsequio
2582 4929 2840 4997 cultuque
2874 4928 3119 5000 defungi,
3154 4945 3256 4985 nos
3285 4947 3414 4987 vero
3452 4948 3678 4992 summae

2109 5016 2406 5087 impietatis
2434 5033 2561 5075 reos
2591 5033 2732 5086 esse,
2772 5019 2865 5090 qui
2895 5019 3203 5076 manifestis
3228 5020 3367 5077 adeo
3395 5021 3677 5080 beneﬁcis-

2104 5211 2288 5297 οὖσαν,
2316 5215 2441 5297 licet
2465 5215 2634 5297 ἀρχῇ,
2670 5232 2777 5272 non
2791 5213 2977 5297 ﬁpxjy
2988 5216 3169 5297 ’ἰοεεηί

2165 5286 2285 5367 ,(ᾌὸ)
2340 5287 2432 5352 Ὡς
2458 5284 2611 5340 κὰξίἱ
2633 5284 2860 5354 καιρόν.
2908 5284 3039 5340 Vide
3066 5284 3222 5340 infra
3262 5299 3318 5355 p.
3349 5284 3454 5342 175
3483 5294 3536 5342 et
3566 5286 3672 5343 174

2101 5355 2283 5495 ἰωὸῼὴ
2336 5422 2521 5479 Ἀλλὰ
2544 5422 2676 5492 γάρ.
2714 5421 2920 5491 Malim,
2948 5424 2994 5478 si
3017 5423 3124 5479 ulla
3150 5423 3501 5481 distinctione
3527 5442 3666 5551 opus

2101 5503 2206 5551 est.
2235 5497 2303 5549 ab
2330 5492 2416 5548 his
2445 5493 2671 5547 vocibus
2695 5508 2893 5547 novum
2923 5495 3089 5549 ordiri
3117 5505 3280 5551 caput
3313 5511 3326 5547 :
3358 5497 3503 5551 quod
3528 5513 3559 5551 a
3583 5499 3666 5551 io-

2101 5492 2206 5559 est,
2235 5492 2303 5549 ab
2330 5492 2416 5565 his
2445 5493 2671 5565 vocibus
2695 5508 2893 5547 novum
2923 5495 3091 5565 ordiri
3117 5505 3326 5565 caput:
3358 5497 3503 5565 quod
3528 5492 3666 5554 alio-

2099 5566 2191 5632 qui
2223 5564 2462 5634 pendens
2491 5562 2756 5634 hiansque
2784 5565 3052 5634 sententia
3081 5562 3380 5634 inchoabit.

2114 5629 2134 5632 “
2168 5629 2277 5756 (ιθ)
2330 5629 2732 5698 Ἐπισκήψεὶς.
2771 5629 2968 5694 Credo,
2993 5633 3283 5719 θεηλάτους
3321 5634 3391 5685 πλ
3433 5634 3533 5701 γάς
3583 5635 3666 5688 in-

2099 5703 2167 5757 tel
2195 5704 2319 5773 igit,
2353 5700 2827 5773 quemadmodum
2849 5710 2912 5773 et
2944 5718 2997 5772 p.
3031 5703 3156 5773 tots,
3186 5651 3661 5773 επισκήᾶιειςκατ³

431 5753 1495 5849 ἀμξτῖέοὶεὗῖέυἶᾞῇἕιιιῖίῑὶῖἱηῇἕῗῐῖιίι
1523 5753 1809 5848 ἴέξὲιῖἀῖῐῶ
1832 5753 1993 5849 fvqu

2132 5753 2327 5849 eam;
2362 5753 2631 5849 τειέαιείιιμν
2649 5847 2655 5849 _
2676 5763 2750 5822 ὧν
2782 5770 2845 5842 δὴ
2859 5753 2931 5849 ἐξ
2945 5753 3089 5849 ταῖς
3100 5753 3416 5849 peremta;
3450 5753 3661 5849 vagi...

434 5843 540 5913 tur,
554 5843 740 5920 ’ἀρχὴν
766 5848 872 5920 γὰρ
905 5843 1089 5914 οὖσαν,
1135 5862 1261 5902 nam
1298 5850 1433 5904 alter
1459 5865 1488 5905 e
1519 5843 1796 5904 manuscr.
1831 5846 1989 5901 habet

2098 5842 2229 5897 illud
2260 5841 2341 5904 τό,
2377 5855 2477 5897 nec
2503 5839 2752 5908 habetur,
2783 5839 2987 5911 p.15",
3022 5843 3112 5897 ubi
3146 5841 3335 5896 eadem
3376 5844 3587 5909 repetit.

3821 4001 3881 4093 ν
