4156 6422
437 381 543 438 229

965 527 1361 585 ΚΕΦΑἉΑΙΟΝ
1387 532 1447 584 A'
1459 571 1472 585 .

433 635 574 717 Περὶ
592 634 1126 717 €§W_xaﬂ‘t1tt5:185¢
1155 646 1557 714 χρηστηρίων,
1594 647 1691 701 καί
1720 640 1808 702 ὧν
1833 648 2011 717 μάλι-

503 710 689 786 4ισί-ιξ
709 708 1206 786 augmenta?
1248 708 1319 770 τὰ
1349 708 1599 785 ιῖαντεῗα
1638 718 1708 770 ἐν
1748 708 2010 786 παραδό-

504 776 643 869 ἔοις
655 776 952 869 δαιμόνων
996 776 1368 869 ἐπιφανείαιξ
1388 802 1402 817 ·
1442 787 1561 842 τίνι
1596 804 1663 841 τε
1704 776 1864 859 λότῷ
1909 789 2009 843 καί

502 863 732 904 τουτων
761 863 1311 925 κατεφρονήσαμεν.

1007 969 1439 1024 ΠΡΟΟΙΜΙΟΝ.

500 1067 574 1122 Τὸ
602 1070 784 1143 τρίτον
811 1069 950 1141 εἶδος
980 1077 1079 1150 τῆς
1101 1078 1361 1133 πολυθέου
1383 1078 1611 1153 πλάνης,
1637 1082 1730 1153 ἀφ’
1760 1077 1830 1156 ἧς
1848 1081 2009 1137 δυνά-

429 1176 521 1230 μει
543 1159 638 1216 καὶ
661 1163 953 1239 εὐεργεσίᾳ
978 1167 1070 1222 τοῦ
1094 1167 1385 1242 Λυτρωτοῦ
1429 1173 1525 1227 καὶ
1562 1174 1814 1247 Σωτῆρος
1847 1178 1879 1248 ἡ
1890 1175 2007 1248 μῶν

439 1252 612 1324 Ἰησοῦ
637 1256 873 1327 Χριστοῦ
902 1261 1373 1335 ἠλευθερώθημεν,
1390 1266 1448 1318 ὲν
1463 1264 1542 1335 τῷ
1566 1268 1812 1339 τετάρτῳ
1831 1269 2006 1341 τούτῳ

427 1346 921 1422 συγγράμματιτῆς
949 1354 1367 1425 Εὐαγγελικῆς
1380 1360 1888 1430 προπαωσκωῆς
1899 1380 2012 1417 και-

426 1437 518 1509 ρὸς
549 1440 842 1511 ἀπελέγξαι
872 1445 1048 1499 καλεῖ.
1096 1446 1312 1519 Ἐπειδὴ
1338 1447 1448 1520 γάρ
1471 1448 1533 1503 τὸ
1556 1451 1666 1503 πᾶν
1694 1451 1799 1523 τῆς
1826 1451 2004 1508 θεολο-

420 1529 546 1597 γίας
578 1532 758 1588 αὐτῶν
803 1531 944 1601 εἶδος
978 1539 1060 1602 είς
1100 1539 1229 1612 τρία
1272 1541 1633 1614 γενικώτερον
1668 1543 1998 1616 διαιροῦσιν·

419 1617 501 1683 εἷς
538 1638 597 1674 τε
626 1622 685 1676 τὸ
717 1623 965 1695 μυθικὸν,
1015 1628 1121 1682 ὑπὸ
1149 1629 1260 1683 τῶν
1303 1630 1544 1702 ποιητῶν
1578 1633 2001 1706 τετραγῳδημέ-

418 1727 529 1780 νον,
568 1712 661 1767 καὶ
700 1716 781 1778 είς
815 1714 875 1769 τὸ
908 1718 1166 1787 φυσικὸν,
1196 1719 1257 1773 τὸ
1284 1721 1349 1793 δὴ
1380 1721 1519 1790 πρὸς
1548 1720 1661 1775 τῶν
1696 1724 2003 1793 φιλοσόφων

418 1799 791 1875 ἐφευρημένω
812 1846 827 1870 ,
869 1805 950 1870 εἴς
999 1826 1059 1862 τε
1086 1809 1146 1862 τὸ
1190 1810 1326 1882 πρὸς
1353 1812 1460 1864 τῶν
1488 1811 1669 1882 νόμων
1705 1813 2002 1869 διεκδικού-

420 1910 598 1963 μενον,
649 1896 707 1948 ἐν
756 1897 963 1972 ἑκάστῃ
1012 1901 1165 1955 πόλει
1201 1904 1296 1956 καὶ
1340 1901 1494 1975 χώρᾳ
1546 1905 1963 1978 πεφυλαγμένον
1985 1926 1998 1939 ·

413 1984 620 2039 τούτων
640 1985 697 2038 δὲ
729 1987 870 2059 μέρη
892 1988 985 2043 δύο
1012 1989 1113 2062 ήδη
1145 1992 1409 2063 πρότερον
1434 1991 1524 2045 διὰ
1546 1993 1656 2047 τῶν
1678 1995 1783 2065 πρὸ
1808 1995 1996 2050 τούτου

417 2080 867 2150 συγγραμμάτων
916 2084 1051 2153 ἡμῖν
1094 2082 1425 2155 ὲξήπλωται,
1458 2084 1519 2137 τό
1550 2101 1611 2138 τε
1639 2086 1929 2159 ἱστορικὸν,
1968 2089 1997 2143 ὃ

411 2168 477 2238 δὴ
512 2169 738 2240 μυθικὸν
782 2172 893 2245 (l9)
943 2175 1310 2243 ἀποκαλοῦσι,
1345 2180 1440 2234 καὶ
1483 2182 1546 2235 τὸ
1587 2180 1998 2253 ἐπαναϐεϐηκὸς

411 2261 538 2323 τοὺς
582 2261 782 2332 μύθους
803 2303 818 2329 ,
852 2263 881 2316 δ
911 2266 975 2337 δὴ
1009 2268 1268 2336 φυσικὸν,
1310 2271 1342 2341 ἢ
1396 2271 1728 2345 θεωρητικὸν
1749 2314 1765 2339 ,
1819 2274 1852 2344 ἢ
1887 2275 1994 2345 ὅπη

411 2349 546 2424 ἄλλῃ
594 2353 870 2425 χαίρουσιν
907 2360 1439 2432 προσαγορεύοντες
1494 2364 1686 2436 καιρὸς
1724 2365 1792 2421 ἀν
1818 2365 1902 2437 εἴη
1932 2366 1994 2418 τὸ

410 2444 591 2515 τρίτον
622 2448 714 2501 ἐπὶ
743 2449 836 2502 τοῦ
868 2451 1136 2522 παρόντος
1176 2453 1437 2521 διελθεῖν,
1477 2456 1634 2511 τοῦτο
1679 2458 1737 2512 δέ
1777 2462 1892 2513 ἐστι
1930 2459 1992 2512 τὸ

409 2537 550 2591 κατά
590 2538 772 2603 πόλεις
818 2542 912 2594 καὶ
958 2541 1143 2614 χώρας
1188 2540 1481 2611 συνεστὸςξ
1504 2548 1779 2603 πολιτικὸν
1808 2550 1991 2614 αὐτοῖς

410 2631 951 2704 προσαγορευόμενον
973 2649 989 2665 ⁸
1037 2634 1067 2687 ὃ
1093 2636 1188 2689 καὶ
1224 2636 1455 2707 μάλιστα
1497 2640 1633 2711 πρὸς
1671 2639 1778 2693 τῶν
1808 2641 1991 2712 νόμων

405 2718 772 2784 διεκδικεῖται,
811 2721 887 2785 ὡς
928 2721 996 2776 ἂν
1037 2723 1265 2778 παλαιὸν
1312 2726 1448 2797 ὁμοῦ
1482 2729 1576 2782 καὶ
1614 2729 1861 2799 πάτριον,
1893 2731 1989 2785 καὶ

408 2809 507 2881 τῆς
536 2810 644 2865 τῶν
674 2812 1111 2885 θεολογουμένων
1135 2817 1417 2888 δυνάμεως
1454 2820 1681 2873 αὐτόθεν
1722 2821 1822 2893 τὴν
1862 2824 1991 2894 ἀρε-

404 2901 503 2974 τὴν
534 2903 849 2973 ὑποφαῖνον.
879 2906 1336 2981 Διατεθρύλληται
1365 2909 1495 2979 γοῦν
1525 2911 1711 2975 αὐτοῖς
1756 2916 1989 2981 μαντεῖα

404 2993 496 3046 καὶ
518 2996 775 3066 χρησμοὶ,
813 2994 1175 3070 θεραπεῖαίτε
1208 3002 1301 3052 καὶ
1327 2998 1543 3065 ἀκέο-εις
1585 3001 1851 3056 παντοίων
1884 3021 1990 3057 πα-

313 3083 353 3177 τί
405 3085 534 3151 θῶν,
570 3088 896 3160 ἐπισκήψεις
919 3107 977 3142 τε
1003 3092 1143 3144 κατά
1169 3093 1381 3147 ἀσεϐῶν
1402 3110 1416 3124 ’
1445 3087 1519 3148 ὧν
1540 3094 1603 3167 δὴ
1634 3096 1727 3148 xal.
1749 3095 1836 3149 διά
1863 3096 1987 3149 πεί-

1608 396 1935 455 ΡΒᾹΞΡΑΒ.
1978 398 2234 458 EVANG.
2277 402 2404 458 LIB.
2435 403 2525 460 IV.

2035 520 2085 576 Δ

3583 410 3688 467 230

2736 520 2967 578 CAPUT
3003 522 3044 579 Ι.

2113 628 2192 685 De
2218 632 2550 688 diversarum
2572 635 2785 711 urbium
2809 637 3061 700 oraculis,
3083 637 3260 711 iisque
3282 638 3534 711 maxime,
3552 657 3685 711 quo-

2181 718 2433 776 rumpra:
2460 707 2663 759 casteria
2713 723 2961 776 responsa
3015 707 3381 773 celebrantur,
3425 707 3686 765 damoni-

2181 772 2659 853 businexspectatu
2681 772 2804 831 sese
2828 778 3002 847 forma
3021 772 3412 853 ostendentibus
3436 794 3455 833 :
3478 796 3685 851 quoque

2181 847 2387 898 ratione
2416 847 2663 915 permoti,
2688 864 2750 901 ea
2774 863 2977 918 quoque
3002 850 3367 917 spreverimus.

2671 959 3129 1017 PROCEMIUM.

2181 1067 2461 1142 Suscepta:
2479 1073 2864 1143 disputationis
2885 1077 3023 1132 ordo
3042 1078 3302 1147 postulat,
3346 1085 3409 1134 ut
3459 1080 3682 1136 tertiam

2108 1157 2257 1216 illius
2288 1163 2492 1218 erroris
2513 1173 2722 1234 partem
2753 1167 2848 1236 qui
2886 1167 3113 1222 deorum
3145 1169 3549 1225 multitudinem
3589 1172 3680 1226 in-

2107 1253 2275 1317 vexit,
2301 1253 2459 1323 130
2473 1270 2691 1325 quoque
2709 1255 2923 1310 liberati
2950 1256 3323 1327 Redemptoris
3350 1257 3684 1317 Servatoris—

2106 1358 2215 1413 que
2245 1344 2418 1400 nostri
2447 1343 2578 1411 Jesu
2616 1345 2820 1401 Christi
2844 1347 3044 1403 virtute
3066 1349 3438 1421 beneﬁcioque
3469 1367 3682 1421 sumus,

2106 1446 2305 1509 quarto
2329 1438 2437 1495 hoc
2461 1434 2883 1510 Prwparationis
2907 1441 3237 1514 Evangelia:
3260 1445 3401 1500 libro
3429 1446 3684 1503 confute-

2105 1544 2250 1585 mus.
2280 1528 2419 1584 Cum
2448 1531 2594 1586 enim
2621 1533 2935 1589 universam
2962 1534 3242 1607 theologia:
3271 1552 3385 1592 suae
3410 1539 3680 1595 rationem

2105 1619 2161 1674 in
2185 1620 2292 1675 tria
2315 1621 2484 1676 veluti
2516 1624 2898 1680 communiora
2921 1640 3122 1696 genera
3152 1628 3478 1697 partiantur,
3528 1629 3681 1684 fabu-

2104 1708 2308 1775 losum,
2337 1713 2483 1782 quod
2528 1722 2812 1783 poetarum
2842 1717 3093 1773 versibus
3126 1734 3298 1789 usque
3332 1720 3469 1775 adeo
3499 1721 3679 1791 jacta-

2106 1812 2220 1858 tum
2244 1812 2328 1861 est
2352 1822 2367 1871 ;
2403 1807 2672 1875 naturale,
2696 1810 2842 1879 quod
2880 1826 2911 1865 a
2939 1812 3281 1881 philosophis
3303 1813 3677 1883 excogitatum

2102 1894 2244 1962 fuit;
2277 1906 2332 1952 et
2366 1898 2521 1964 illud,
2550 1900 2694 1969 quod
2734 1902 2915 1972 legum
2952 1904 3276 1958 auctoritate
3314 1918 3563 1959 sanctum
3593 1914 3678 1959 at-

2100 2002 2207 2057 que
2227 1992 2524 2056 munitum,
2548 1990 2603 2044 in
2620 1990 2851 2060 singulis
2872 1993 3100 2049 urbibus
3131 2010 3195 2050 ac
3223 1995 3535 2064 regionibus
3556 2011 3679 2050 ser-

2096 2080 2212 2133 vari
2240 2082 2559 2137 consuevit:
2590 2097 2659 2137 ex
2690 2084 2758 2139 iis
2784 2093 2965 2139 autem
2996 2086 3108 2140 duo
3140 2086 3254 2155 jam
3297 2088 3676 2156 superioribus

2096 2171 2252 2225 libris
2286 2172 2339 2226 in
2367 2174 2613 2228 omnium
2658 2175 2834 2231 oculis
2866 2176 3239 2247 posuerimus.
3274 2192 3399 2232 cum
3453 2177 3676 2233 histori-

2096 2278 2242 2329 cum,
2259 2264 2403 2333 quod
2434 2264 2740 2321 fabulosum
2764 2268 3070 2333 nominant,
3098 2277 3212 2323 tum
3234 2269 3396 2323 etiam
3419 2270 3673 2334 alterum,

2095 2355 2240 2423 quod
2273 2355 2485 2411 fabulas
2523 2372 2716 2413 omnes
2742 2368 3059 2429 exsuperat,
3115 2361 3232 2416 sive
3291 2361 3346 2416 id
3401 2363 3670 2427 naturale,

2093 2447 2209 2501 sive
2233 2449 2675 2517 contemplationi
2719 2450 3018 2518 addictum,
3054 2454 3168 2507 sive
3200 2467 3527 2523 quocunque
3560 2454 3672 2508 alio
3765 2447 3771 2454 ’

2092 2538 2317 2593 nomine
2338 2541 2609 2610 appellare
2633 2542 2827 2596 malint
2860 2562 2873 2598 :
2912 2544 3161 2613 sequitur
3193 2545 3443 2611 omnino,
3475 2554 3536 2599 ut
3559 2557 3673 2600 ter~

2092 2628 2229 2684 tium
2287 2629 2391 2686 hoc
2424 2631 2684 2702 deinceps
2753 2634 3032 2688 volumine
3064 2650 3480 2704 persequamur.
3534 2635 3674 2691 Illud

2093 2730 2276 2776 autem
2315 2730 2420 2790 est,
2457 2724 2605 2793 quod
2658 2724 2785 2793 quia
2813 2740 2910 2794 per
2934 2725 3179 2796 singulas
3211 2726 3464 2783 civitates
3493 2743 3558 2782 ac
3591 2744 3677 2783 rc-

2092 2811 2281 2880 giones
2310 2812 2674 2868 conStitutum
2703 2812 2827 2881 fuit,
2859 2815 3017 2869 civile
3042 2816 3113 2869 ab
3156 2816 3224 2871 iis
3273 2826 3622 2887 nuncupatur
3652 2835 3669 2885 ;

2091 2917 2269 2973 eoque
2298 2906 2601 2973 praesertim
2625 2905 2805 2975 legum
2833 2912 2887 2960 vi
2932 2908 3301 2977 praesidioque
3321 2908 3629 2965 defenditur
3650 2950 3669 2977 ,

2091 2994 2237 3064 quod
2273 3010 2384 3049 non
2432 2996 2718 3067 antiquum
2768 2998 2931 3051 modo
2959 2998 3306 3069 patriumque
3355 3000 3448 3067 sit,
3477 3016 3670 3056 verum

2090 3087 2253 3141 etiam
2278 3102 2496 3155 eorum,
2523 3101 2661 3159 quos
2684 3087 2788 3159 ipsi
2835 3088 3065 3144 deorum
3092 3090 3147 3143 in
3181 3090 3303 3146 loco
3330 3108 3671 3163 numeroque

407 3193 508 3248 ρας
538 3178 711 3233 ἐλθεῖν
736 3181 1057 3248 φάσκοντες,
1090 3177 1148 3236 εὖ
1181 3183 1327 3253 μάλα
1360 3185 1689 3239 πεπείκασιν
1734 3188 1981 3253 ἑαυτοὺς,

2093 3186 2322 3248 ponunt,
2344 3178 2523 3235 virtus
2553 3187 2717 3250 atque
2736 3181 2999 3250 potentia,
3036 3180 3140 3237 hoc
3170 3191 3429 3253 tanquam
3464 3184 3541 3238 rei
3572 3199 3670 3253 per

400 3269 471 3322 τά
496 3269 615 3324 θεῖα
636 3271 933 3343 τιμῶντας,
964 3274 1035 3328 τὰ
1068 3275 1253 3329 δίκαια
1296 3277 1592 3351 πράττειν’
1633 3281 1783 3351 ἡμᾶς
1818 3280 1876 3334 δὲ
1916 3281 1984 3336 τά

405 3360 639 3433 μέγιστα
662 3362 901 3429 ἀσεϐεῖν,
920 3364 1020 3428 τὰς
1044 3364 1214 3429 οὕτως
1233 3368 1496 3437 ἐμφανεῖς
1515 3368 1609 3421 καὶ
1629 3369 1986 3441 εύεργετικάς

400 3451 664 3524 δυνάμεις
695 3455 752 3507 ὲν
772 3455 946 3509 οὐδενὶ
976 3455 1120 3528 λόγῳ
1146 3458 1483 3530 τιθεμένους,
1506 3458 1765 3531 ἄντικρυς
1787 3460 1844 3514 δὲ
1873 3476 1983 3515 πα-

407 3545 774 3615 ρανομοῦντας
793 3563 807 3577 ·
831 3546 949 3601 δέον
986 3548 1163 3603 σέϐειν
1191 3549 1421 3604 ἕκαστον
1451 3549 1522 3604 τά
1553 3551 1760 3623 πάτρια
1778 3592 1793 3618 ,
1847 3553 1983 3624 μηδὲ

402 3637 573 3689 κινεῖν
600 3634 669 3690 τὰ
690 3635 943 3709 ἀκίνητα,
983 3643 1214 3710 στοιχεῖν
1242 3638 1299 3692 δὲ
1318 3640 1415 3693 καὶ
1441 3639 1741 3709 ἐφέπεσθαι
1775 3643 1842 3713 τῇ
1871 3642 1983 3696 τῶν

402 3729 768 3802 προπατόρων
822 3730 1107 3804 εὐσεϐείᾳ,
1165 3730 1302 3785 ἀλλά
1366 3731 1441 3804 μὴ
1502 3731 1978 3805 πολυπραγμονεῖν

402 3823 566 3895 ἔρωτι
599 3824 965 3896 καινοτομίας.
1001 3822 1189 3896 Ταύτῃ
1224 3822 1354 3892 γοῦν
1399 3840 1561 3893 φασιν
1598 3824 1839 3892 ἐπαξίως
1884 3825 1981 3879 καὶ

402 3918 631 3973 θάνατον
662 3918 766 3971 ὑπὸ
809 3916 917 3971 τῶν
945 3916 1126 3988 νόμων
1155 3915 1388 3988 ὡρίσθαι
1433 3919 1547 3981 τοῖς
1595 3915 1980 3989 πλημμελοῦσι

399 4008 502 4078 τὴν
530 4006 753 4079 ζημίαν.
788 4008 862 4061 Τὸ
894 4008 991 4079 μὲν
1014 4002 1109 4062 οὖν
1132 4006 1348 4078 πρῶτον
1383 4008 1655 4080 ἱστορικόν
1686 4025 1748 4062 τε
1792 4007 1851 4063 ὂν
1884 4008 1980 4062 καὶ

397 4093 624 4166 μυθικὸν
658 4094 759 4165 τῆς
790 4094 1069 4164 θεολογίας
1092 4092 1230 4160 εἶδος
1248 4138 1263 4163 ,
1290 4099 1399 4167 ὅπη
1427 4114 1511 4161 τις
1541 4097 1785 4168 βούλεται
1810 4115 1978 4183 ποιηι⁵

396 4181 504 4235 τῶν
530 4182 789 4237 τιθέσθω·
818 4182 1008 4256 ῶσπερ
1035 4179 1128 4238 οῦν
1158 4186 1252 4239 καὶ
1280 4187 1580 4257 φιλοσόφων
1602 4189 1662 4242 τὸ
1694 4188 1966 4260 δεύτερον,

2086 3285 2147 3327 se
2172 3271 2346 3340 ipsam
2362 3271 2638 3341 loquentis
2663 3271 2981 3327 testimonio
2998 3272 3324 3329 declaretur.
3354 3273 3667 3340 Enimvero,

2085 3364 2297 3434 pridem
2329 3364 2472 3435 apud
2491 3364 2626 3420 istos
2658 3364 2876 3419 oracula
2903 3364 3152 3434 quaedam
3183 3374 3347 3435 atque
3378 3381 3664 3436 responsa,

2085 3456 2401 3511 morborum
2437 3457 2618 3512 omnis
2649 3458 2864 3528 generis
2895 3458 3232 3525 curationes,
3259 3458 3530 3529 illataequc
3553 3474 3668 3514 cce-

2084 3548 2215 3604 litus
2244 3547 2298 3603 in
2322 3547 2521 3619 impios
2555 3548 2893 3619 gravissimae
2911 3550 3251 3606 calamitates
3288 3551 3665 3620 celebrantur;

2085 3658 2208 3713 qua:
2228 3642 2359 3697 dum
2384 3657 2443 3696 se
2469 3641 2620 3712 ipsos
2644 3643 2810 3697 etiam
2850 3642 3186 3713 experientia
3210 3658 3374 3699 nosse
3405 3644 3669 3714 proﬁten-

2084 3740 2195 3799 tur,
2221 3742 2335 3787 tum
2366 3746 2495 3786 vero
2518 3731 2643 3801 jure
2670 3732 2775 3787 sibi
2805 3733 3063 3787 nimirum
3083 3732 3433 3801 persuadent,
3457 3748 3516 3789 se
3536 3733 3661 3803 qui-

2084 3824 2231 3888 dem,
2260 3822 2408 3894 quod
2438 3826 2571 3879 deos
2597 3823 2802 3891 colant,
2850 3823 3001 3894 juste
3037 3823 3264 3878 omnino
3289 3822 3509 3880 facere:
3559 3840 3663 3883 nos

2084 3923 2265 3968 autem
2288 3913 2581 3969 admodum
2615 3913 2800 3983 impie,
2831 3914 2925 3984 qui
2957 3923 3067 3967 tam
3099 3923 3414 3983 perspectas
3459 3914 3663 3970 beneﬁ-

2082 4018 2286 4074 casque
2311 4003 2542 4058 virtutes
2568 4002 2726 4057 nihili
2766 4000 3072 4068 faciamus;
3104 4003 3348 4072 adeoque
3378 4003 3523 4074 leges
3558 4019 3659 4074 pa-

2079 4094 2190 4149 lam
2215 4109 2247 4149 a
2277 4094 2438 4149 nobis
2463 4102 2757 4164 aperteque
2784 4093 3015 4158 violari,
3048 4109 3172 4149 cum
3206 4094 3416 4164 patrios
3459 4111 3659 4165 quem-

2080 4201 2188 4257 que
2213 4186 2354 4240 ritus
2377 4184 2631 4255 religiose
2658 4185 2841 4240 colere
2876 4192 3102 4255 oportea
3135 4215 3151 4241 9
3210 4193 3385 4247 neque
3453 4183 3658 4255 intacta

2079 4278 2287 4334 dudum
2322 4276 2567 4332 instituta
2593 4275 2918 4342 convellere,
2944 4275 3038 4330 sed
3068 4275 3274 4347 pressis
3304 4277 3463 4346 quasi
3488 4279 3658 4334 vesti-

2079 4370 2183 4442 giis
2216 4369 2488 4440 majorum
2520 4367 2775 4438 pietatem
2815 4368 2890 4422 ita
2915 4367 3243 4431 consectari,
3273 4368 3410 4423 nihil
3437 4377 3499 4423 ut
3522 4384 3660 4439 prte-

396 4273 485 4327 διά
511 4273 612 4344 τῆς
636 4274 745 4329 τῶν
790 4275 976 4347 μύθων
1017 4279 1397 4350 φυσικωτέρας
1428 4280 1749 4353 ἀλληγορίας
1787 4281 1970 4351 ἀπηγ-

398 4367 679 4440 γελμένον·
705 4369 767 4423 τὸ
792 4369 848 4423 δὲ
879 4368 1091 4441 τρίτον,
1121 4370 1149 4423 ὃ
1173 4371 1268 4424 καὶ
1300 4372 1433 4443 πρὸς
1458 4371 1565 4425 τῶν
1598 4373 1872 4444 ἀρχόντων
1893 4372 1971 4436 ὡς

403 4460 470 4516 ἂν
496 4463 725 4517 παλαιὸν
746 4463 881 4533 ὁμοῦ
900 4464 995 4518 καὶ
1014 4463 1307 4526 πολιτικὸν,
1329 4465 1587 4535 τιμητέον
1606 4482 1665 4517 τε
1687 4464 1783 4518 καὶ
1810 4465 1975 4532 φυλα-

2093 4476 2228 4518 Lerea
2279 4475 2463 4516 rerum
2497 4474 2764 4516 novarum
2820 4460 3004 4515 studio
3054 4459 3327 4515 curiosius
3371 4460 3655 4517 moliatur.

395 4554 551 4610 κτέον
589 4550 729 4611 εἶναι
775 4554 1209 4627 νενομοθέτηται,
1240 4555 1379 4627 μήτε
1401 4571 1488 4618 τις
1510 4554 1772 4627 ποιητῶν,
1817 4556 1970 4625 φασὶ,

2093 4554 2259 4623 Quare
2285 4567 2505 4625 poenam
2534 4552 2700 4608 etiam
2731 4552 2925 4623 capitis
2952 4553 3007 4608 in
3042 4553 3208 4625 hujus
3242 4554 3498 4610 maleﬁcii
3524 4570 3654 4611 reos

397 4650 534 4720 μήτε
565 4647 869 4718 φιλοσόφων
899 4647 1118 4701 κινείτω
1140 4663 1155 4677 ·
1189 4648 1302 4710 τοῖς
1327 4646 1375 4700 δ’
1405 4647 1470 4700 ἐκ
1499 4646 1732 4702 παλαιοῦ
1763 4650 1973 4721 κρατή-

2093 4650 2224 4712 iuste
2267 4646 2480 4718 legibus
2536 4645 2893 4701 constitutam
2936 4661 3058 4702 esse
3106 4647 3481 4717 pronuntiant.
3514 4643 3652 4701 Nam

392 4757 518 4795 σασι
565 4740 787 4813 θεσμοῖς
826 4740 884 4795 ἐν
920 4757 982 4794 τε
1022 4740 1212 4812 ἀγροῖς
1249 4740 1345 4794 καὶ
1376 4740 1562 4794 πόλεσι
1609 4742 1815 4813 μενέτω
1861 4744 1973 4808 πᾶς

2093 4739 2316 4810 primum
2345 4753 2478 4795 sane
2509 4737 2797 4806 theologia:
2823 4738 3143 4794 historicum
3165 4736 3545 4794 fabulosumve
3570 4753 3656 4808 ge-

391 4831 640 4904 στοιχῶν,
676 4832 863 4905 νόμοις
906 4832 1158 4903 πατρίοις
1186 4832 1526 4904 πειθόμενος.
1577 4834 1723 4913 Πρὸς
1770 4833 1835 4906 δὴ
1875 4832 1972 4889 οὖν

2093 4844 2204 4895 ius,
2235 4846 2338 4887 suo
2389 4839 2549 4901 poeta
2599 4830 2832 4902 quilibet
2887 4831 3057 4901 ﬁngat
3101 4831 3372 4886 arbitrio:
3418 4831 3652 4885 alterum

389 4925 560 4979 ταῦτα
591 4926 781 4998 καιρὸς
812 4924 1102 4980 ἀποδοῦναι
1124 4924 1216 4978 τὸν
1242 4927 1372 4997 παρ’
1399 4927 1533 4998 ἡμῖν
1559 4925 1737 4995 λόγον,
1768 4927 1968 4981 ἀπολο-

2101 4934 2206 4980 tem
2231 4925 2385 4990 illud,
2419 4924 2646 4996 propius
2686 4924 2755 4980 ad
2805 4932 3058 4979 naturam
3120 4924 3409 4995 allegorica
3437 4922 3651 4977 fabula-

387 5017 584 5089 γισμόν
612 5035 672 5072 τε
694 5019 950 5089 ὑποσχεῖν
980 5018 1081 5089 τῆς
1104 5015 1198 5071 τοῦ
1248 5017 1499 5089 Σωτῆρος
1540 5020 1572 5089 ή
1583 5017 1701 5089 μῶν
1730 5020 1967 5089 εὐαγγε-

2093 5030 2197 5070 -ιιηι
2229 5015 2589 5086 explicatione
2620 5015 2955 5082 traductum,
2989 5014 3441 5084 philosophorum
3468 5012 3652 5068 disce-

387 5111 545 5181 λικῆς
569 5110 952 5183 πραγματείας
974 5109 1472 5183 ἀντικηρυττούσης
1494 5113 1608 5174 τοῖς
1628 5110 1961 5184 εἰρημένοις,

2093 5108 2409 5165 nationibus
2435 5108 2803 5178 permittatur.
2834 5106 2906 5160 At
2935 5120 3064 5162 vero
3101 5105 3321 5160 tertium
3352 5103 3476 5169 hoc,
3502 5103 3650 5173 quod

386 5203 480 5257 καὶ
521 5206 632 5268 τοῖς
667 5203 774 5259 τῶν
809 5203 979 5259 ἐθνῶν
1007 5203 1262 5257 ἁπάντων
1299 5201 1486 5274 νόμοις
1520 5202 1962 5274 ἀντινομοθετού-

2093 5209 2260 5271 Itpote
2294 5199 2741 5269 antiquissimum
2766 5212 2831 5253 ac
2849 5197 3009 5253 civile
3036 5196 3280 5266 ipsorum
3307 5195 3472 5249 etiam
3500 5194 3650 5263 prin-

385 5312 505 5367 σης.
2069 5297 2251 5365 cipum
2276 5292 2488 5362 legibus
2521 5290 2759 5345 retinere
2794 5296 2850 5345 et
2879 5289 3171 5345 observare
3214 5288 3472 5356 iubemur
3494 5329 3512 5355 ,
3546 5302 3648 5342 nec

384 5399 688 5461 poetarum,
722 5390 996 5461 inquiunt,
1033 5405 1135 5446 nec
1182 5390 1636 5461 philosophorum
1697 5387 1842 5444 ullus
1897 5390 2170 5462 attingat:
2206 5386 2301 5479 sed
2346 5384 2441 5479 qui
2470 5382 2584 5453 jam
2615 5382 2745 5479 olim
2776 5392 2887 5437 tam
2922 5381 2978 5435 in
3009 5381 3177 5479 agris,
3214 5368 3475 5479 quam
3498 5378 3651 5479 urbi-

380 5485 486 5540 bus
506 5484 645 5538 ritus
673 5483 930 5546 obtinuit,
954 5482 1022 5538 ad
1042 5497 1169 5539 eum
1197 5489 1510 5536 constanter
1532 5492 1747 5545 omnes,
1800 5479 1997 5548 patriis
2036 5477 2237 5533 addicti
2276 5476 2507 5548 legibus,
2577 5474 2973 5530 adhaerescant.
3008 5470 3135 5527 Haec
3169 5476 3331 5536 sunt,
3363 5470 3563 5540 quibus
3591 5470 3646 5522 in

381 5576 669 5647 praesentia
711 5576 792 5632 sic
844 5574 996 5645 131
1029 5574 1189 5631 nobis
1232 5571 1674 5645 respondendum
1735 5580 1842 5639 est,
1900 5579 1963 5627 ut
1999 5570 2298 5644 evangelici
2362 5567 2622 5636 instituti,
2661 5566 2811 5638 quod
2851 5582 2882 5622 a
2913 5565 3204 5622 Servatore
3253 5573 3445 5619 nostro
3504 5561 3644 5616 alla-

452 5732 565 5804 (19)
611 5732 673 5784 Ὃ
724 5730 802 5800 δὴ
848 5732 1128 5804 μιοθιρςᾴν.
1173 5741 1279 5787 etc.
1319 5728 1558 5787 Paucula
1612 5727 1810 5794 verba,
1860 5725 1957 5784 sed
1992 5729 2150 5786 valde
2197 5728 2527 5794 necessaria,
2576 5726 2947 5797 supplevimus
2997 5739 3063 5781 ex
3115 5728 3285 5781 altero
3337 5734 3643 5785 manuscr.,

381 5800 504 5871 qua:
534 5800 696 5860 etiam
729 5801 973 5873 agnoscit
1006 5800 1176 5857 Mont.
