4156 6416
476 370 578 428 93!

1154 373 1423 431 EUSEBII
1456 368 1936 429 CAESARIENSIS
1975 365 2126 422 OPP.
2167 360 2343 420 PARS
2389 360 2451 417 ll.
2478 394 2548 405 --
2572 364 3074 422 APOLOGETICA.

3623 363 3733 417 23’:

468 495 582 539 tum
608 491 715 554 est,
746 485 1011 542 rationem
1031 502 1155 542 cum
1180 487 1361 557 aliqua
1377 486 1693 541 defensrone
1736 483 2048 542 reddamus,
2088 477 2147 532 in
2183 492 2294 547 quo
2322 477 2468 549 leges
2496 479 2619 535 Istis
2643 480 2900 535 omnibus
2950 494 3019 535 ac
3076 476 3318 549 gentium
3349 474 3730 529 universarum

464 573 682 646 legibus
701 577 990 631 contrariae
1026 576 1276 631 feruntur
1306 584 1470 646 atque
1494 574 1930 645 promulgantur.

535 665 780 721 Primum
848 668 1031 737 itaque
1057 707 1073 731 ,
1115 668 1409 723 simulacra
1480 669 1722 723 inanima
1756 666 1889 721 deos
1920 677 2029 718 non

2213 658 2334 713 Ὅτι
2365 657 2464 728 μὲν
2492 652 2585 710 οῦν
2626 657 2688 710 οὐ
2723 656 2839 710 θεοὶ
2875 654 2945 710 τά
2982 655 3168 726 ἀψυχα
3207 655 3406 723 ξόανα,
3452 655 3728 727 προφανὲς

467 774 611 825 esse,
644 761 747 831 ipsi
768 777 988 833 quoque
1020 762 1179 818 facile
1219 764 1573 835 agnoverint:
1625 764 1839 828 deinde,
1900 761 2037 816 nihil

467 869 716 923 prorsus,
746 855 889 923 quod
914 857 1145 924 speciem
1179 856 1415 926 aliquam
1443 856 1553 911 Deo
1574 856 1794 925 dignam
1821 855 2035 917 habeat,

467 943 715 1001 fabulosa
748 961 934 1000 eorum
993 946 1265 1016 theologia
1322 948 1611 1013 contineri,
1669 948 1849 1017 primo
1897 946 2038 1000 libro

469 1035 604 1089 satis
639 1036 1011 1102 ostendimus;
1082 1047 1401 1106 postremo,
1458 1053 1527 1093 ne
1588 1039 1763 1107 ipsam
1817 1036 2036 1105 quidem

468 1133 679 1181 natura:
705 1127 1011 1196 propiorem
1053 1143 1117 1183 ac
1147 1130 1580 1200 philosophieam
1615 1130 1920 1184 fabularum
1949 1131 2036 1183 in-

469 1216 934 1285 terpretationem,
987 1233 1099 1272 non
1127 1230 1345 1274 coactas
1374 1221 1574 1276 habere
1597 1220 1899 1290 explicandi
1951 1234 2039 1273 ra-

469 1308 664 1371 tiones,
694 1308 748 1361 in
783 1309 1024 1365 secundo
1058 1312 1330 1383 tertioque
1362 1314 1732 1383 probavimus.
1766 1311 2039 1382 Nuncigi-

467 1407 581 1463 tur,
611 1399 689 1465 id,
720 1401 867 1469 quod
892 1403 1115 1457 tertium
1144 1412 1248 1469 est,
1273 1404 1576 1471 videamus,
1599 1404 1731 1474 quid
1762 1404 1830 1458 de
1860 1404 2036 1457 virtu-

467 1491 614 1547 tibus
636 1492 691 1545 in
716 1493 1027 1549 simulacris
1050 1494 1495 1553 delitescentibus
1514 1496 1828 1552 existimare
1874 1510 2038 1564 Opor-

467 1591 612 1649 teat;
656 1599 822 1639 easne
876 1587 1120 1642 moribus
1177 1587 1430 1643 liberales
1461 1626 1478 1653 ,
1546 1588 1766 1657 probas,
1799 1602 2037 1657 vereque

468 1680 680 1734 divinas
712 1694 853 1744 esse,
884 1693 952 1734 an
983 1681 1210 1736 omnino
1254 1692 1463 1736 contra.
1513 1680 1835 1750 Quanquam
1892 1681 2035 1735 alius

468 1769 628 1834 forte,
643 1771 738 1840 qui
756 1771 896 1825 banc
913 1771 1334 1841 disputationem
1360 1774 1653 1836 insisteret,
1665 1771 1927 1843 quidquid
1944 1771 2034 1827 isti

468 1870 715 1926 narrant,
745 1861 992 1917 fraudem
1029 1870 1083 1917 et
1115 1878 1355 1919 errorem
1396 1878 1541 1931 esse,
1567 1878 1633 1918 ac
1664 1862 2034 1919 veneﬁcarum

469 1963 636 2015 artes,
666 1953 1079 2024 praestigiasque
1111 1955 1490 2022 contenderet,
1539 1956 1726 2025 itaque
1753 1955 2033 2025 vulgarem

2139 750 2235 803 xcii
2272 750 2456 813 αὑτοῖς
2478 766 2492 779 ο
2527 749 2610 802 ὅτι
2650 748 2696 802 δ’
2732 748 2855 802 οὐδὲ
2886 748 2957 801 τά
3000 748 3099 818 τῆς
3134 746 3373 818 μυθικῆς
3401 746 3583 801 αὑτῶν
3611 748 3728 802 θεο-

2138 843 2327 910 λογίας
2357 842 2513 911 φέροι
2545 840 2666 894 τινά
2696 839 2893 910 σεμνὸν
2926 838 3022 892 καὶ
3046 838 3323 910 θεοπρεπῆ
3356 838 3533 908 λόγον,
3563 841 3622 893 ἐν
3647 839 3728 910 τῷ

2137 935 2339 1004 πρώτῳ
2370 932 2634 986 δέδεικται
2657 932 3053 1002 συγγράμματι
3070 948 3084 961 ·
3109 930 3300 1002 ὥσπερ
3322 924 3414 985 οὖν
3438 933 3532 985 καὶ
3564 932 3622 985 ἐν
3645 932 3727 1003 τῷ

2135 1025 2409 1095 δευτέρῳ,
2445 1025 2541 1077 καὶ
2581 1024 2785 1094 τρίτῳ,
2812 1024 2894 1075 ὅτι
2928 1023 3064 1094 μηδὲ
3095 1024 3164 1077 τὰ
3201 1025 3302 1094 τῆς
3342 1022 3727 1094 φυσικωτέρας

2137 1117 2231 1170 καὶ
2263 1115 2551 1184 φιλοσόφου
2579 1114 2686 1166 τῶν
2718 1111 2903 1184 μύθων
2932 1113 3227 1184 ἑρμηνείας
3255 1113 3514 1167 ἀϐίαστον
3539 1113 3727 1179 αὐτοῖς

2137 1208 2382 1277 περιέχει
2407 1206 2504 1277 τὴν
2523 1206 2802 1277 ἐξήγησιν.
2822 1205 2894 1257 Τὸ
2915 1205 2979 1275 δὴ
3003 1205 3186 1279 τρίτον
3206 1206 3342 1277 φέρε
3367 1203 3723 1276 σκεψώμεθα,

2135 1299 2187 1352 τί
2218 1317 2348 1353 ποτε
2378 1300 2488 1371 χρὴ
2531 1297 2770 1370 νομίζειν
2798 1297 2898 1362 τὰς
2928 1300 2985 1351 ἐν
3011 1301 3125 1361 τοῖς
3156 1296 3363 1362 ξοάνοις
3387 1297 3729 1368 ἐμφωλευοὺ-

2136 1406 2236 1454 σας
2265 1391 2558 1462 δυνάμεις·
2592 1390 2799 1462 πότερα
2836 1388 2930 1441 τὸν
2959 1388 3159 1459 τρόπον
3189 1388 3411 1452 ἀστείας
3452 1390 3548 1442 καὶ
3579 1391 3723 1458 ἀγα·-

2135 1481 2263 1545 θάς,
2316 1483 2412 1535 καὶ
2442 1481 2517 1544 ὡς
2559 1480 2781 1551 ἀληθῶς
2825 1478 2975 1544 θείας
2997 1518 3013 1544 ,
3061 1480 3094 1549 ἢ
3130 1479 3333 1533 τούτων
3366 1480 3621 1534 ἁπάντων
3654 1479 3725 1533 τά

2135 1576 2371 1629 ἐναντία.
2433 1575 2625 1638 ’Δλλος
2676 1575 2775 1645 μὲν
2807 1571 2900 1629 οὖν
2945 1576 3085 1646 τάχα
3130 1575 3199 1629 ἂν
3249 1576 3418 1639 ἴσως,
3465 1575 3558 1628 τὸν
3592 1574 3724 1644 περὶ

2131 1668 2339 1727 τούτων
2379 1666 2650 1735 ἐφοδεύων
2693 1665 2885 1733 λόγον,
2917 1666 3125 1737 πλάνην
3159 1660 3298 1719 εἶναι
3339 1664 3400 1718 τὸ
3434 1666 3573 1727 πᾶν,
3626 1665 3725 1716 καὶ

2133 1762 2341 1832 γοήτων
2371 1759 2580 1829 ἀνδρῶν
2609 1758 2960 1828 τεχνάσματά
2992 1773 3050 1809 τε
3094 1758 3187 1810 καὶ
3231 1756 3582 1827 ῥᾳδιουργίας
3621 1755 3725 1808 ὑπ-

2132 1857 2431 1924 εστήσατο,
2479 1852 2712 1906 καθόλου
2741 1850 3101 1921 περιγράφων
3146 1849 3246 1920 τὴν
3298 1849 3486 1915 δόξαν,
3534 1848 3609 1911 ὡς
3647 1848 3724 1918 μὴ

2133 1947 2215 2000 ὅτι
2235 1945 2369 1999 Θεοῦ
2391 1987 2406 2011 ,
2433 1945 2568 1999 ἀλλά
2602 1945 2736 2015 μηδέ
2763 1942 3004 2015 πονηροῦ
3031 1942 3285 2013 δαίμονος
3316 1938 3455 1995 εἶναι
3480 1941 3727 2011 νομίζειν

470 2021 717 2097 funditus
738 2021 1047 2112 opinionem
1067 2044 1342 2109 evelleret,
1374 2053 1435 2098 ut
1457 2059 1568 2099 non
1593 2021 1769 2100 solum
1793 2021 1921 2110 Deo,
1937 2044 2032 2099 sed

2139 2037 2205 2090 τὰ
2236 2038 2363 2108 περὶ
2396 2035 2561 2089 αὑτοῦ
2594 2035 2987 2106 θρυλλούμενα.
3022 2034 3104 2087 Τά
3152 2033 3253 2103 μὲν
3294 2034 3404 2103 γάρ
3438 2034 3727 2103 ποιήματα

470 2150 540 2190 ne
566 2135 712 2189 malo
740 2135 959 2204 quidem
1019 2135 1255 2191 daemoni
1283 2176 1301 2201 ,
1336 2151 1461 2205 quae
1497 2136 1699 2205 passim
1728 2136 1796 2190 de
1832 2135 1925 2190 illo
1950 2136 2036 2204 ja-

470 2235 707 2291 ctantur,
730 2226 1058 2296 assignanda
1081 2241 1202 2282 esse
1227 2235 1509 2282 statueret.
1535 2225 1743 2296 Quippe
1774 2242 2036 2297 responsa

469 2318 615 2371 enim
645 2317 874 2371 deorum
897 2317 1208 2373 artiﬁciosis
1233 2317 1484 2373 versibus
1504 2317 1727 2387 illigata,
1752 2318 2034 2374 hominum

470 2407 659 2477 utique
684 2423 793 2462 non
814 2407 1110 2463 bardorum
1141 2418 1303 2480 atque
1328 2410 1641 2474 stultorum,
1675 2410 1771 2465 sed
1819 2411 1886 2466 ad
1938 2410 2039 2465 fal-

467 2499 638 2554 lacias
665 2498 928 2569 dolusque
956 2500 1259 2557 moliendos
1308 2502 1555 2571 apprime
1580 2500 1849 2556 factorum
1879 2517 2036 2557 com-

470 2599 652 2646 menta
677 2607 801 2646 esse
825 2609 841 2658 ;
873 2607 997 2662 quas
1021 2594 1242 2662 ancipiti
1273 2603 1329 2648 et
1352 2593 1609 2664 ambiguo
1635 2608 1884 2649 sermone
1912 2608 2039 2649 con-

468 2689 637 2747 texta,
671 2681 728 2736 in
781 2691 1066 2751 utramque
1101 2684 1397 2753 exspectati
1429 2698 1610 2737 rerum
1657 2691 1882 2738 eventus
1914 2699 2039 2752 par-

468 2778 579 2827 tem
604 2786 711 2826 non
734 2772 912 2840 inepte
939 2774 1132 2826 cadere
1160 2779 1214 2826 et
1237 2771 1507 2841 quadrare
1530 2772 1762 2841 possint.
1783 2769 1857 2824 Ea
1885 2784 2034 2835 vero,

469 2862 669 2931 quibus
690 2863 812 2919 rudi
838 2862 1130 2932 plebeculae
1161 2862 1478 2933 imponitur,
1509 2863 2037 2930 circulatorumpro-

469 2956 635 3025 digia,
664 2969 789 3009 cum
822 2955 1167 3009 naturalibus
1195 2954 1382 3010 causis
1408 2970 1530 3010 esse
1564 2954 1879 3024 conjuncta.
1907 2953 2039 3009 Plu-

469 3044 610 3098 rima
629 3043 777 3098 enim
808 3043 1062 3098 universa
1086 3044 1141 3098 in
1170 3052 1363 3098 natura
1396 3045 1659 3099 exsistere
1686 3083 1702 3111 ,
1745 3044 1989 3098 radicum
2015 3080 2037 3106 .

471 3132 784 3199 herbarum,
816 3134 1148 3202 plantarum,
1172 3131 1470 3200 fructuum,
1499 3133 1764 3203 lapidum,
1792 3134 2036 3204 itemque

470 3222 702 3275 aliarum
742 3236 807 3274 ex
836 3222 983 3275 omni
1039 3222 1287 3284 materia,
1313 3224 1427 3276 sive
1453 3224 1746 3290 siccarum,
1777 3224 1894 3280 sive
1926 3226 2033 3281 hu-

473 3311 743 3365 tnidarum
768 3311 1029 3364 virtutum
1059 3326 1278 3381 genera,
1304 3329 1538 3381 quarum
1560 3314 1679 3369 aliae
1702 3316 2034 3386 propellendi

471 3410 528 3454 et
553 3400 804 3468 ejiciendi
837 3400 945 3454 vim
971 3400 1229 3468 habeant,
1253 3400 1375 3457 alia:
1401 3405 1718 3459 secernendi
1760 3422 1825 3461 ac
1872 3407 2037 3463 dissi-

471 3493 658 3564 pandi,
707 3492 830 3546 alia:
882 3501 1072 3547 contra
1115 3492 1201 3547 vel
1258 3494 1605 3565 constipaudi
1659 3498 1742 3552 vel
1772 3498 2035 3566 sistendi,

472 3582 711 3651 itemque
739 3581 978 3649 laxandi,
1019 3581 1367 3638 bumectandi
1395 3623 1413 3650 ,
1469 3584 1827 3641 rarefaciendi
1859 3607 1871 3640 :
1908 3604 2036 3643 rur-

473 3689 702 3743 sumque
725 3674 978 3729 servandi
1014 3673 1156 3738 aliaa,
1213 3673 1333 3729 alia:
1364 3675 1686 3745 perimendi,
1719 3692 1783 3732 ac
1809 3693 2041 3749 prazseu-

473 3777 581 3823 tem
622 3767 867 3837 corporis
898 3775 1099 3822 statum
1135 3767 1299 3821 modo
1329 3766 1385 3821 in
1418 3766 1587 3832 hunc,
1622 3770 1785 3823 modo
1816 3782 2036 3825 contra-

473 3863 616 3915 rium
648 3861 862 3930 penitus
891 3859 1216 3915 immutandi
1242 3879 1254 3914 :
1299 3870 1464 3930 atque
1488 3862 1718 3918 aliarum
1746 3863 2037 3919 ellicacita-

472 3962 582 4007 tem
601 3951 855 4023 longiori,
875 3951 1106 4006 altarum
1125 3952 1360 4007 breviori
1373 3963 1613 4025 tempore
1628 3954 2034 4026 circumscribi;

473 4041 830 4111 similiterque
861 4041 1090 4095 aliarum
1123 4042 1191 4097 ad
1224 4042 1430 4111 plures,
1479 4044 1547 4099 ad
1589 4047 1878 4114 pauciores
1903 4049 2039 4104 alia—

472 4140 593 4190 rum
626 4147 745 4188 sese
773 4132 1106 4201 ditl'undere;
1138 4144 1401 4203 praeterea
1432 4135 1567 4191 alias
1616 4138 1808 4205 praeire
1828 4180 1843 4204 ,
1881 4143 2038 4211 sequi

470 4226 628 4293 alias,
659 4226 795 4280 alias
814 4224 1049 4296 denique
1069 4241 1396 4282 concurrere
1422 4243 1547 4283 cum
1569 4230 1714 4296 aliis,
1748 4240 1945 4288 etcum
1972 4235 2039 4289 iis

471 4321 655 4392 augeri
676 4321 898 4390 pariter,
916 4320 1226 4391 pariterque
1248 4324 1545 4392 corrumpi.
1571 4322 1638 4378 Et
1652 4326 1867 4395 quidem
1889 4328 2040 4398 quod

471 4411 701 4468 sanandi
732 4412 815 4465 vis
848 4412 1126 4468 nonnullis
1150 4413 1303 4481 insit,
1335 4414 1457 4469 aliis
1487 4425 1668 4471 autem
1702 4417 1860 4489 132
1892 4435 2040 4474 mor-

473 4499 575 4555 bos
604 4508 763 4567 atque
786 4499 1013 4553 exitium
1037 4502 1279 4569 creandi,
1314 4504 1452 4558 nihil
1483 4506 1685 4561 habere
1716 4523 1746 4561 a
1788 4509 2038 4565 medendi

472 4601 588 4645 arte
613 4589 874 4643 alienum.
907 4587 1030 4644 Jam
1074 4606 1206 4645 vero
1238 4592 1498 4665 pleraque
1528 4598 1766 4651 naturali
1800 4599 2037 4669 quadam

2137 2130 2232 2183 καὶ
2262 2132 2363 2193 τὰς
2392 2128 2501 2182 τῶν
2522 2128 2788 2200 χρησμῶν
2821 2127 3121 2190 συνθέσεις,
3146 2126 3246 2178 οὑκ
3268 2124 3457 2194 ἀφυῶν
3488 2125 3723 2197 ἀνδρῶν,

2137 2220 2197 2278 εῦ
2233 2224 2378 2295 μάλα
2419 2212 2477 2276 δὲ
2513 2222 2650 2294 πρὸς
2683 2222 2898 2293 ἀπάτην
2929 2220 3396 2291 ἐσκευωρημένων
3428 2220 3727 2289 πλάσματα

2135 2313 2424 2383 τυγχάνειν
2445 2351 2459 2374 ,
2506 2313 2655 2382 μέσῳ
2688 2313 2784 2365 καὶ
2812 2312 3097 2382 ἀμφιϐόλῳ
3131 2312 3469 2381 συγκείμενα
3497 2312 3685 2384 τρόπῳ
3705 2351 3723 2377 ,

2138 2395 2274 2476 πρὸς
2319 2405 2555 2475 ἑκάτερά
2581 2422 2640 2457 τε
2672 2404 2779 2457 τῶν
2808 2405 2918 2457 ἀπὸ
2957 2404 3059 2473 τῆς
3099 2403 3378 2468 ἐκϐάσεως
3411 2404 3726 2473 προσδοκω-

2140 2499 2318 2569 μένων
2347 2497 2447 2548 οὑκ
2475 2496 2661 2565 ἀφυῶς
2692 2494 3026 2569 ἐφαρμόζειν
3044 2514 3057 2526 ’
3088 2495 3156 2548 τά
3183 2495 3239 2548 δὲ
3268 2496 3359 2548 τὸν
3391 2495 3559 2549 πολὺν
3580 2499 3725 2550 άπα-

2135 2591 2312 2643 τῶντα
2335 2590 2422 2643 διά
2446 2607 2605 2644 τινων
2626 2589 2918 2660 τερατειῶν
2943 2588 3199 2658 θαύματα
3233 2593 3489 2657 φυσικαῖς
3519 2590 3725 2653 αἰτίαις

2136 2681 2394 2752 ἀνῆφθαι.
2424 2680 2600 2734 Πολλά
2625 2681 2733 2753 γὰρ
2763 2676 2899 2733 εἶναι
2933 2680 3049 2749 εῖδη
3082 2679 3251 2751 ῥιζῶν
3271 2721 3287 2746 ,
3328 2682 3423 2735 καὶ
3458 2681 3723 2751 βοτανῶν,

2137 2771 2234 2824 καὶ
2260 2771 2475 2839 φυτῶν,
2505 2771 2599 2824 καὶ
2621 2771 2871 2839 καρπῶν,
2902 2770 2997 2823 καὶ
3027 2769 3212 2838 λίθων,
3242 2771 3423 2844 ξηρῶν
3460 2789 3521 2825 τε
3547 2772 3727 2826 ἄλλων

2137 2861 2234 2916 καὶ
2274 2861 2458 2933 ὑγρῶν
2495 2862 2757 2924 παντοίας
2790 2860 2924 2931 ὑλης
2953 2860 3236 2931 δυνάμεων
3265 2863 3324 2914 ἐν
3350 2864 3416 2933 τῇ
3446 2861 3555 2914 τῶν
3587 2862 3728 2916 ὅλων

2139 2952 2332 3021 φύσει·
2361 2954 2429 3006 τὰ
2463 2951 2561 3022 μὲν
2593 2952 3025 3022 ἀποκρουστικά,
3048 2952 3141 3005 καί
3169 2970 3330 3007 τινων
3360 2954 3725 3017 ἀπελαστικά,

2137 3047 2205 3101 τά
2235 3046 2294 3100 δὲ
2317 3046 2569 3114 συνάγειν
2595 3047 2877 3115 πεφυκότα
2902 3046 2995 3099 καὶ
3026 3045 3373 3115 ἐφέλκεσθαι,
3419 3046 3490 3099 τά
3521 3046 3578 3100 δὲ
3606 3047 3727 3100 δια-

2138 3138 2344 3209 κρίνειν
2392 3138 2486 3191 καὶ
2539 3137 2922 3201 σκεδαννύναι,
2954 3137 3194 3192 πυκνοῦν
3239 3154 3299 3192 τε
3351 3138 3445 3191 καὶ
3485 3137 3728 3191 στέλλειν

2137 3229 2409 3299 δυνάμενα
2428 3245 2443 3259 ·
2473 3230 2636 3300 ἕτερα
2661 3229 2718 3283 δὲ
2738 3230 2908 3301 χαλᾷν
2932 3231 3027 3284 καὶ
3054 3229 3335 3302 ὑγραίνειν
3361 3231 3453 3283 xci.
3475 3230 3724 3301 ἀραιοῦν,

2142 3319 2335 3384 σώζειν
2368 3338 2426 3373 τε
2458 3316 2524 3375 αῦ
2560 3320 2722 3375 πάλιν
2765 3320 2900 3375 ἄλλα
2922 3362 2938 3385 ,
2982 3321 3078 3376 καὶ
3112 3321 3273 3393 ἔτερα
3299 3321 3532 3375 κτείνειν
3552 3362 3566 3385 ,
3601 3322 3725 3394 τρέ-

2138 3428 2263 3466 πειν
2291 3425 2351 3465 τε
2391 3411 2563 3465 διόλου
2586 3452 2600 3476 ,
2644 3412 2740 3464 καὶ
2767 3412 2828 3465 τὸ
2857 3413 3031 3484 παρὸν
3070 3411 3413 3467 ἐναλλάττειν
3431 3453 3446 3477 ,
3481 3412 3575 3466 καὶ
3602 3413 3725 3467 τοτὲ

2142 3505 2239 3576 μὲν
2265 3504 2391 3574 τῇδε
2421 3506 2735 3574 μεταποιεῖν
2755 3544 2770 3568 ,
2814 3503 2937 3557 τοτὲ
2967 3503 3023 3557 δὲ
3055 3504 3210 3574 τῇδε’
3238 3504 3331 3558 καὶ
3358 3505 3428 3560 τά
3457 3505 3553 3576 μὲν
3587 3505 3727 3576 πρὸς

2140 3597 2311 3650 πλείω
2336 3597 2525 3668 χρόνον
2545 3637 2560 3661 ,
2598 3595 2668 3649 τά
2692 3596 2749 3649 δὲ
2782 3596 2919 3667 πρὸς
2952 3596 3157 3668 βραχὺν
3185 3596 3343 3650 τοῦτο
3382 3601 3585 3651 ποιεῖν·
3626 3598 3723 3650 καὶ

2140 3688 2300 3742 πάλιν
2326 3687 2394 3740 τὰ
2416 3688 2512 3758 μὲν
2542 3689 2622 3751 είς
2658 3686 2879 3757 πλῆθος,
2909 3686 2975 3740 τά
3007 3688 3063 3740 δὲ
3096 3687 3289 3759 μέχρις
3310 3688 3489 3757 ὀλίγον
3508 3700 3535 3730 ι
3561 3689 3723 3759 μόνον

2143 3779 2378 3850 ἰσχύειν·
2423 3778 2517 3832 καὶ
2550 3777 2660 3831 τῶν
2698 3777 2796 3847 μὲν
2829 3778 2955 3831 τάδε
3002 3780 3282 3848 ἡγεῖσθαι,
3325 3780 3437 3834 τισὶ
3477 3780 3533 3834 δὲ
3563 3780 3727 3852 ἕτερα

2139 3869 2541 3933 ἐπακολουθεῖν,
2571 3868 2884 3939 συντρέχειν
2918 3886 2976 3921 τε
3004 3868 3138 3923 ὄίλλα
3164 3869 3373 3934 ἀλλοις,
3401 3872 3494 3924 καὶ
3531 3871 3728 3925 συναὺ-

2141 3960 2251 4029 ξειν
2283 3962 2375 4016 κα)⁸
2408 3960 2857 4031 συμφθείρεσθαι.
2906 3961 3015 4015 Ναὶ
3071 3960 3176 4032 μὴν
3213 3962 3307 4015 καὶ
3348 3964 3556 4031 ὑγιείας
3589 3960 3731 4018 εἷναί

2139 4071 2262 4107 τινα
2287 4051 2578 4123 ποιητικὰ,
2608 4051 2856 4121 ἰατρικῆς
2886 4052 2987 4105 οὑκ
3032 4052 3252 4106 ἄπωθεν
3281 4055 3618 4125 ἐπιστήμηςο
3655 4054 3729 4107 τὰ

2140 4145 2197 4197 δὲ
2242 4144 2497 4199 νοσοποιά
2528 4143 2814 4213 τυγχάνειν
2859 4144 2953 4196 καὶ
3000 4143 3320 4216 δηλητηρια.
3356 4146 3498 4215 Ἤδη
3531 4146 3585 4199 δὲ
3629 4146 3725 4200 καὶ

2141 4238 2399 4305 φυσικαῖς
2444 4234 2711 4302 ἀνάγκαις
2741 4234 3055 4304 συμϐαίνειν
3083 4236 3207 4289 τινὰ
3230 4276 3244 4299 ,
3289 4236 3382 4289 καὶ
3422 4240 3490 4307 τῇ
3528 4235 3723 4307 σελήνη

2144 4326 2426 4393 συναύξειν
2451 4327 2544 4379 καὶ
2568 4324 2887 4396 συμφθίνειν
2905 4343 2919 4355 ·
2955 4325 3108 4389 ζώων
3133 4343 3191 4378 τε
3217 4323 3377 4388 εἶναι,
3397 4329 3491 4379 καὶ
3520 4326 3720 4394 φυτῶν,

2143 4422 2237 4474 καὶ
2266 4419 2429 4492 ῥιζῶν
2460 4417 2810 4481 ἀντιπαθείας
2843 4418 3043 4488 μυρίας
3064 4459 3077 4483 ,
3111 4418 3209 4470 καὶ
3247 4416 3415 4471 πολλὰ
3446 4418 3724 4488 θυμιαμά-

2142 4528 2248 4564 των
2274 4508 2594 4580 καρωτικῶν
2622 4525 2680 4561 τε
2716 4510 2808 4563 καὶ
2837 4506 3180 4570 ὑπνωτικῶν,
3205 4506 3408 4579 ἐτέρων
3433 4508 3486 4561 δὲ
3522 4526 3727 4577 φαντα-

2147 4604 2267 4666 σίας
2308 4601 2625 4673 ποιητικῶν.
2664 4600 3019 4671 Συναίρεσθαι
3067 4599 3124 4651 δὲ
3167 4600 3268 4671 οὑχ
3296 4600 3495 4670 ἥκιστα
3529 4600 3622 4653 καὶ
3654 4600 3726 4655 τὰ

430 4674 433 4681 ’
472 4682 794 4739 necessitate
821 4684 1156 4753 contingere,
1186 4699 1422 4757 cumque
1458 4688 1577 4759 ipsa
1621 4690 1752 4746 luna
1795 4707 2037 4748 crescere

2147 4696 2354 4769 χωρία,
2387 4694 2480 4749 καὶ
2508 4694 2634 4756 τοὺς
2678 4693 2877 4755 τόπους
2920 4694 2976 4744 ἐν
3004 4686 3084 4755 οἷς
3119 4692 3425 4746 τελίσκεται
3469 4692 3537 4746 τά
3575 4694 3725 4761 γινό-

471 4774 637 4831 simul
659 4772 932 4844 simulque
960 4774 1273 4832 decrescere
1304 4796 1317 4833 :
1354 4783 1632 4850 Oppositas
1655 4784 2035 4848 animantium,

470 4866 800 4937 plantarum,
824 4875 990 4937 atque
1022 4868 1265 4925 radicum
1287 4871 1601 4930 affectiones
1620 4876 1861 4933 inﬁnitas
1883 4894 2036 4935 esse:

470 4973 729 5027 vaporum
760 4958 929 5013 multa
980 4972 1098 5012 esse
1126 4974 1357 5028 genera,
1388 4976 1513 5017 cum
1553 4978 1743 5018 eorum
1772 5005 1787 5032 ,
1838 4969 2037 5036 quibus

472 5048 727 5119 gravedo,
768 5063 834 5103 ac
886 5062 1052 5119 sopor
1100 5046 1399 5118 inducitur,
1436 5062 1549 5107 tum
1602 5055 1767 5110 etiam
1799 5073 1989 5113 eorum
2020 5099 2036 5124 ,

471 5138 671 5207 quibus
690 5138 944 5211 cogitatio
982 5141 1370 5209 perturbatur:
1423 5143 1543 5200 loca
1580 5146 1706 5201 item
1737 5159 1901 5220 atque
1947 5165 2038 5205 re-

472 5236 682 5302 giones,
702 5234 758 5289 in
786 5236 988 5305 quibus
1015 5235 1229 5306 singula
1248 5236 1622 5307 perﬁciantur,
1648 5240 1897 5299 conferre
1921 5244 2041 5315 plu-

472 5323 674 5380 rimum
706 5343 723 5380 :
761 5326 1011 5382 homines
1052 5328 1187 5383 istos
1242 5336 1501 5401 praeterea
1554 5330 2042 5393 instrumentorum

473 5429 628 5470 suam
664 5415 731 5470 ad
750 5427 923 5472 artem
954 5417 1155 5475 aﬂabre
1172 5418 1580 5476 elaboratorum
1604 5424 1814 5493 copiam
1843 5427 2045 5484 habere

474 5504 635 5576 longe
668 5516 792 5563 ante
818 5510 1130 5580 provisam;
1161 5511 1366 5568 multos
1398 5514 1562 5569 etiam
1581 5515 1810 5574 diversis
1830 5535 1897 5575 ex
1918 5535 2044 5589 par-

475 5597 622 5653 tibus
650 5600 751 5655 sibi
789 5616 1108 5672 comparare
1135 5607 1539 5679 praestigiarum
1578 5623 1801 5667 suarum
1829 5613 2047 5685 adjuto-

548 5762 574 5793 ⁸
613 5770 703 5825 π).
730 5753 945 5827 ὀλίγων.

2142 4807 2310 4862 μενα*
2347 4787 2555 4859 ὄργανά
2600 4804 2659 4840 τε
2699 4782 2838 4839 εἶναι
2871 4787 2965 4839 καὶ
2998 4786 3195 4857 σκεύη,
3229 4786 3509 4858 πόρρωθεν
3541 4787 3725 4850 αὑτοῖς

2142 4881 2462 4952 ἐπιτηδείως
2490 4879 2752 4950 τῇτέχνῃ
2799 4879 3340 4950 προηυτρεπισμένα.
3386 4879 3623 4941 Πολλοὺς
3667 4878 3725 4931 δὲ

2146 4974 2239 5026 καὶ
2258 4972 2547 5044 συνεργοὺς
2564 4974 2660 5042 τῆς
2688 4971 3023 5041 μαγγανείας
3049 4970 3569 5043 παραλαμϐάνεσθαι
3592 4970 3724 5035 ἔξω·

2147 5066 2260 5128 θεν,
2283 5062 2866 5135 πολυπραγμονοῦντας
2890 5063 3015 5126 τοὺς
3041 5061 3488 5134 ἀφικνουμένους,
3507 5063 3601 5116 καὶ
3624 5060 3726 5126 τάς

2148 5157 2377 5210 ἑκάστου
2405 5155 2612 5227 χρείας,
2637 5146 2710 5205 ὧν
2740 5148 2841 5225 ἦκέ
2869 5169 2952 5215 τις
2977 5151 3303 5222 δεησόμενος
3323 5169 3334 5180 ·
3358 5150 3527 5206 πολλὰ
3554 5151 3610 5204 δὲ
3631 5148 3726 5203 καὶ

2146 5245 2216 5299 τὰ
2248 5246 2435 5310 ἄδυτα,
2469 5246 2563 5298 καὶ
2584 5246 2709 5307 τοὺς
2740 5247 2853 5307 τοῖς
2879 5243 3093 5306 πολλοῖς
3120 5242 3355 5305 ἀϐάτους
3380 5243 3581 5314 μυχοὺς
3612 5240 3723 5293 τῶν

2143 5337 2303 5411 ἱερῶν
2327 5336 2478 5400 ἐντὸς
2511 5336 2904 5406 ἀποκρύπτειν.
2930 5335 3040 5388 Καὶ
3067 5334 3127 5387 τὸ
3156 5334 3346 5397 σκότος
3377 5334 3433 5389 δὲ
3461 5334 3521 5387 οὑ
3553 5329 3728 5403 μικρὰ

2144 5431 2424 5501 συνεργεῖν
2455 5430 2522 5499 τῇ
2564 5427 2686 5481 καθ’
2731 5427 2958 5489 ἑαυτοὺς
3003 5426 3278 5479 ὑποθέσει.
3317 5426 3427 5479 Καὶ
3459 5422 3626 5495 αὐτὴν
3663 5421 3726 5476 δὲ

2141 5523 2240 5594 οὐχ
2269 5521 2465 5591 ἥκιστα
2499 5518 2597 5589 τὴν
2625 5517 3001 5590 προλαϐοῦσαν
3035 5517 3302 5586 ὑπόληψιν
3320 5556 3335 5580 ,
3368 5518 3460 5570 καὶ
3484 5515 3583 5586 τὴν
3614 5510 3727 5566 τῶν

2143 5615 2219 5679 ὡς
2251 5614 2393 5677 θεοῖς
2417 5610 2957 5685 προσιόντωναὺτοῖς
2982 5610 3425 5681 δεισιδαιμονίαν,
3447 5610 3548 5681 τήν
3572 5624 3632 5660 τε
3658 5605 3729 5661 ἐκ
