4156 6424
374 372 485 428 επ,

1539 373 1858 430 ΡΒᾸΞΡΑΒ.
1903 376 2155 434 EVANG.
2187 375 2313 432 LIB.
2357 376 2446 434 IV.

3530 387 3641 442 εει

376 494 657 568 προγόνων
690 494 1174 566 πφκατασχοῦσαν
1196 498 1253 549 ὲν
1280 496 1462 561 αὐτοῖς
1491 497 1667 562 δόξαν.
1692 499 1948 568 Προσκεί-

2060 514 2151 555 res
2176 515 2242 555 ac
2276 501 2481 565 socios,
2519 501 2612 571 qui
2649 515 2768 558 sese
2798 502 3218 560 advenientibus
3255 503 3638 570 obtrudentes,

376 589 490 644 σθω
518 590 611 642 καὶ
635 588 695 642 τὸ
717 589 825 642 τῶν
856 589 1065 643 πολλῶν
1089 590 1296 659 ἠλίθιον
1335 591 1433 661 τῆς
1472 590 1714 655 διανοίας
1735 632 1749 653 ,
1792 592 1855 645 τό
1899 609 1957 645 τε

372 680 602 752 ἀδρανὲς
633 679 727 733 τοῦ
759 679 1020 751 λογισμοῦ
1048 682 1142 734 καὶ
1173 680 1538 734 ἀϐασάνιστον
1568 681 1661 735 τοῦ
1695 682 1954 753 πλήθους

373 775 469 826 καὶ
497 772 733 844 ἔμπαλιν
763 772 825 826 τὸ
849 773 1022 826 δεινὸν
1052 773 1147 827 καὶ
1180 775 1548 846 κακεντρεχὲς
1570 775 1679 829 τῶν
1710 774 1958 848 περὶ

373 862 698 932 κακότεχνον
720 861 925 934 ταύτην
954 862 1239 935 διατριϐὴν
1258 864 1626 929 τευταζόντων
1644 884 1658 894 ·
1686 864 1750 917 τό
1773 881 1830 917 τε
1850 864 1959 917 τῶν

373 955 586 1025 γοήτων
618 955 898 1025 ἀπατηλὸν
941 954 1033 1007 καὶ
1079 955 1390 1026 πανοῦργον
1431 955 1524 1009 τοῦ
1561 956 1793 1030 τρόπον’
1835 957 1958 1009 τοτὲ

375 1047 475 1117 μὲν
505 1046 574 1100 τὰ
607 1046 746 1119 πρὸς
786 1047 979 1117 ἡδονὴν
1009 1046 1225 1117 ἑκάστῳ
1257 1047 1833 1119 προῦπισχνουμένων,
1862 1049 1958 1101 καὶ

369 1138 431 1192 τὸ
453 1141 626 1211 παρὸν
653 1142 748 1194 ἐπὶ
784 1142 1049 1211 χρησταῖς
1071 1139 1250 1192 ἐλπίσι
1287 1139 1697 1213 θεραπευόντων
1713 1180 1727 1204 ,
1751 1141 1873 1193 τοτὲ
1897 1141 1957 1194 δὲ

367 1229 463 1283 τοῦ
516 1230 800 1302 μέλλοντος
849 1231 1441 1301 καταστοχαζομένων,
1490 1233 1585 1286 καὶ
1632 1234 1713 1296 εἰς
1762 1231 1957 1302 ἄδηλον

368 1323 967 1394 καταμαντευομένων,
1009 1324 1107 1394 τήν
1147 1340 1207 1376 τε
1249 1323 1488 1377 διάνοιαν
1533 1323 1642 1377 τῶν
1690 1324 1956 1395 χρησμῶν

366 1413 724 1485 ἀμφιϐολίαις
753 1416 1015 1487 ῥημάτων
1042 1418 1137 1471 καὶ
1177 1417 1469 1487 ἀσαφείαις
1503 1414 1953 1479 ὲπισκοτούντων,

363 1506 441 1570 ὼς
468 1509 540 1579 μή
563 1525 685 1562 τινα
712 1509 952 1563 συνιέναι
972 1509 1034 1562 τὸ
1064 1511 1302 1582 χρησθὲν
1322 1550 1338 1576 ,
1366 1512 1431 1581 τῇ
1466 1508 1524 1562 δὲ
1554 1509 1649 1562 τοῦ
1673 1507 1957 1579 λεχθέντος

364 1598 560 1670 ἀδηλίᾳ
599 1598 691 1654 τὸν
726 1598 945 1670 ἔλεγχον
985 1601 1292 1669 ἐκφεύγειν.
1345 1598 1523 1653 Πολλά
1550 1599 1608 1653 δὲ
1636 1598 1956 1670 συμϐαίνειν

364 1691 459 1745 καί
485 1690 671 1755 ἄλλαις
701 1692 843 1745 τισὶν
872 1692 1112 1756 ἀπάταις
1146 1692 1239 1746 καὶ
1277 1691 1585 1763 τερατείαις
1606 1732 1622 1755 ,
1658 1707 1951 1762 συμπαρα-

364 1782 790 1855 λαμϐανομένων
836 1788 948 1848 τοίς
998 1786 1306 1857 γινομένοις
1355 1783 1582 1855 ἐπῳδῶν
1630 1784 1696 1854 δή
1751 1800 1947 1847 τινων,

2061 608 2170 662 quo
2194 594 2429 664 quisque
2459 595 2717 666 indigeat,
2747 595 2966 651 curiose
3011 611 3077 652 ac
3116 596 3408 668 diligenter
3455 597 3641 667 inqui-

2060 695 2205 781 rant.
2254 686 2562 781 Quinetiam
2620 688 2879 758 pleraque
2921 690 3148 745 secretis
3199 690 3255 744 in
3310 685 3682 781 templorum,

2060 778 2258 849 adytis,
2289 787 2343 833 et
2372 780 2466 847 iis,
2502 794 2741 849 quorum
2762 781 2833 834 ab
2851 796 3076 837 accessu
3106 781 3427 851 prohibetur
3449 778 3667 836 multi-"

2059 870 2213 935 tudo,
2271 872 2644 940 penetralibus
2692 873 2991 939 occultari;
3043 888 3345 944 eorumque
3403 873 3635 929 consilia

2056 962 2255 1029 partim
2290 962 2395 1017 loci
2420 963 2687 1029 tenebris,
2722 965 2920 1033 partim
2945 964 3257 1031 hominum,
3279 964 3371 1035 qui
3410 979 3471 1020 se
3500 964 3636 1019 deos

2058 1051 2209 1120 ipsos
2231 1050 2385 1106 adire
2411 1050 2658 1116 credant,
2702 1055 3115 1122 superstitione,
3149 1056 3346 1124 partim
3395 1052 3637 1123 denique

2056 1144 2299 1199 derivata
2318 1145 2525 1215 pridem
2555 1161 2585 1201 a
2611 1146 2916 1215 majoribus
2943 1147 3225 1216 Opinione,
3244 1162 3367 1217 qua
3383 1146 3635 1202 omnium

2054 1236 2273 1291 animos
2310 1237 2610 1306 occuparit,
2640 1252 2750 1291 non
2782 1237 3128 1292 mediocriter
3165 1237 3496 1307 permoveri.
3536 1237 3642 1294 Ac-

2054 1326 2216 1383 cedat
2239 1342 2406 1397 porro
2438 1343 2565 1383 cum
2586 1328 2925 1398 plebeiorum
2975 1328 3320 1399 ingeniorum
3362 1328 3593 1385 stultitia
3616 1369 3635 1396 ,

2055 1421 2321 1492 rudisque
2364 1420 2736 1477 multitudinis
2766 1421 3121 1490 imbecillum,
3146 1438 3213 1478 ac
3228 1413 3390 1479 nulla
3438 1422 3640 1491 proba-

2057 1523 2172 1569 tum
2193 1515 2528 1584 experientia
2564 1515 2871 1585 judicium;
2909 1523 3026 1571 tum
3053 1531 3185 1571 vero
3213 1516 3409 1571 callida
3441 1532 3638 1573 versu-

2057 1615 2222 1675 taque
2241 1620 2456 1671 eorum,
2486 1606 2582 1676 qui
2615 1606 2919 1663 maleﬁcam
2947 1617 3118 1663 artem
3145 1607 3370 1665 assidue
3396 1616 3636 1664 tractant

2056 1706 2388 1767 versantque
2440 1697 2665 1752 solertia
2695 1737 2712 1763 ,
2776 1697 3251 1768 impostorumque
3307 1714 3493 1754 mores
3562 1698 3634 1754 ad

2056 1802 2278 1843 omnem
2298 1787 2571 1844 fallaciam
2598 1789 2971 1860 astutiamque
2993 1790 3280 1860 compositi
3307 1808 3323 1856 ;
3352 1791 3446 1861 qui
3469 1791 3636 1846 modo

369 1851 510 1944 μετά
530 1851 674 1938 τινος
700 1876 914 1946 ἀσήμου
950 1851 1042 1929 καὶ
1073 1851 1416 1948 βαρϐαρικῆς
1446 1851 1827 1947 έπιρρήσεως,
1863 1875 1948 1927 ἵνα

2054 1880 2180 1935 laeta
2213 1880 2413 1950 cuique
2439 1888 2567 1936 ante
2608 1896 2676 1935 ac
2718 1851 2960 1951 jucunda
3015 1851 3637 1953 pollicentur,'praesen-

365 1966 432 2038 δὴ
470 1968 573 2021 ὑπὸ
611 1968 817 2022 τούτων
865 1968 1263 2032 σπουδάζεσθαι
1289 1969 1468 2022 δοκεῖν
1508 1968 1577 2021 τά
1623 1968 1743 2039 μηδ’
1771 1966 1948 2021 ὁτιοῦν

367 2059 506 2131 πρὸς
525 2061 707 2115 αὐτῶν
729 2062 987 2132 γινόμενα
1010 2079 1024 2093 ο
1063 2062 1299 2133 μάλιστα
1328 2061 1385 2115 δὲ
1417 2061 1543 2124 τοὺς
1573 2058 1820 2125 πολλοὺς,
1852 2060 1945 2114 καὶ

363 2152 474 2206 τῶν
524 2153 635 2207 ἀπὸ
680 2154 927 2218 παιδείας
962 2154 1235 2226 ὁρμᾶσθαι
1291 2154 1665 2226 νομιζομένων
1708 2153 1945 2226 ἐκπλήτ-

363 2261 479 2298 τειν
510 2246 620 2317 (20)
651 2246 833 2301 αὐτῶν
881 2244 947 2315 δὴ
977 2248 1086 2301 τῶν
1131 2246 1398 2319 χρησμῶν
1439 2246 1506 2299 τά
1539 2248 1820 2317 ποιήματα
1840 2287 1856 2309 ,
1885 2242 1945 2300 εὗ

366 2336 467 2405 μὲν
493 2339 559 2408 τῇ
596 2336 840 2391 συνθέσει
870 2337 981 2391 τῶν
1011 2337 1272 2408 ῥημάτων
1322 2335 1843 2405 κεκαλλωπισμένα,
1884 2329 1945 2388 εὖ

363 2428 421 2481 δὲ
457 2428 535 2500 τῷ
559 2429 660 2500 τῆς
705 2429 1120 2500 μεγαλοφωνίας
1164 2427 1312 2499 ὄγκῳ
1341 2427 1699 2497 τετυφωμένα
1720 2466 1735 2490 ,
1769 2425 1948 2497 πολλῷ

362 2518 419 2570 δὲ
443 2520 535 2572 καὶ
566 2518 645 2589 τῷ
666 2520 767 2589 τῆς
800 2520 1113 2583 ἀνατάσεως
1143 2518 1363 2588 κόμπῳ,
1384 2517 1463 2589 τῷ
1491 2535 1551 2570 τε
1579 2516 1948 2588 πεπλασμένῳ

363 2608 518 2679 τύπῳ
552 2611 652 2681 τῆς
700 2611 990 2683 θεοφορίας
1036 2610 1529 2682 ἐσχηματισμένα,
1576 2608 1672 2662 καὶ
1718 2607 1808 2662 διὰ
1846 2609 1948 2681 τῆς

361 2701 665 2772 ἀμφιϐόλου
691 2704 878 2774 φωνῆς
901 2704 995 2758 τὸν
1024 2703 1206 2757 πάντα
1243 2700 1431 2773 σχεδὸν
1464 2699 1762 2755 ἀπατῶντα
1786 2700 1943 2755 λεών.

2060 1978 2283 2041 temque
2315 1969 2594 2026 fortunam
2643 1972 2857 2026 meliori
2914 1987 3011 2042 spe
3064 1973 3440 2040 consolantur,
3469 1974 3636 2028 modo

2051 2065 2222 2119 etiam
2238 2063 2306 2118 de
2327 2062 2512 2118 futuro
2538 2063 2918 2135 conjicientes,
2942 2065 3152 2120 incerto
3165 2066 3442 2137 dubioque
3466 2080 3635 2122 sensu

2051 2155 2316 2210 vaticinia
2354 2152 2611 2221 fundunt,
2672 2157 3034 2228 responsique
3062 2166 3303 2213 mentem
3334 2158 3634 2213 verborum

2052 2245 2407 2314 amphiboliis
2436 2260 2504 2301 ac
2530 2245 2774 2301 tenebris
2804 2247 3109 2313 involvunt,
3140 2249 3313 2304 utine
3350 2249 3475 2318 quis
3509 2263 3637 2303 ora-

2049 2337 2235 2391 wlutn
2261 2336 2546 2407 intelligat,
2573 2336 2678 2406 ipsi
2704 2350 2832 2390 vero
2862 2336 3218 2409 ambiguitate
3239 2337 3511 2392 dictorum
3533 2353 3634 2392 ati-

2050 2442 2170 2484 sam
2197 2428 2646 2500 reprehensionis
2671 2427 2954 2499 eﬁ'ugiant.
2994 2429 3280 2484 Addiderit
3302 2429 3468 2484 etiam
3513 2429 3632 2499 ple—

2048 2534 2222 2590 raque
2252 2520 2377 2575 aliis
2402 2518 2691 2575 fraudibus
2722 2520 3126 2592 prmstigiisque
3146 2521 3468 2591 contingere
3493 2560 3509 2583 ,
3574 2530 3637 2575 ut

2048 2612 2199 2681 quod
2231 2613 2322 2678 iis,
2355 2624 2478 2683 qua:
2520 2621 2639 2667 tum
2687 2611 2849 2677 ﬁunt,
2883 2612 3186 2678 cautiones,
3231 2613 3418 2668 nescio
3444 2627 3586 2683 quas
3613 2654 3633 2680 ,

2049 2704 2368 2769 adhibeant,
2389 2719 2518 2759 cum
2541 2703 2727 2775 ignota
2760 2704 2996 2774 quadam
3044 2713 3101 2759 et
3138 2705 3375 2760 barbara
3413 2704 3639 2760 invoca-

363 2798 509 2854 tione
533 2800 882 2869 conjunctas,
911 2807 974 2873 nt
995 2800 1269 2869 praecipuo
1299 2797 1485 2853 studio
1514 2795 1570 2851 in
1611 2811 1696 2862 ea,
1727 2810 1851 2867 quae
1905 2796 2045 2851 nihil
2075 2808 2305 2868 prorsus
2369 2799 2439 2854 ad
2487 2799 2611 2854 illos
2648 2797 2974 2868 pertineant,
3034 2799 3350 2855 incumbere
3412 2802 3638 2858 videan-

361 2904 453 2949 tur
480 2910 494 2947 :
524 2892 661 2947 nihil
688 2902 871 2947 tamen
894 2906 1050 2961 aeque
1080 2890 1451 2947 multitudinis
1500 2889 1719 2945 animos
1752 2889 2073 2959 percellere,
2107 2899 2272 2960 atque
2334 2891 2662 2946 concinnata
2712 2891 3094 2956 oraculorum,
3146 2907 3270 2961 qua:
3325 2907 3451 2947 cum
3504 2892 3638 2949 libe-

364 2986 537 3041 berali
560 2986 871 3041 eruditione
900 2983 1056 3040 fundi
1106 2992 1372 3055 putantur
1419 2984 1713 3049 carmina;
1769 2989 1961 3051 utpote
1994 2997 2121 3053 qua
2167 2999 2294 3039 cum
2360 2993 2637 3041 structura
2680 2984 2971 3039 verbumm
2992 2992 3206 3049 ornata,
3243 2994 3358 3039 tum
3393 2999 3523 3039 vero
3547 2994 3636 3040 tu-

361 3094 517 3135 more
546 3089 601 3133 et
622 3078 928 3149 granditate
956 3074 1224 3131 orationis
1254 3074 1439 3130 inﬂata
1474 3075 1622 3139 sint,
1649 3075 1936 3144 multoque
1974 3072 2127 3130 vocis
2156 3089 2222 3130 ac
2254 3075 2480 3146 reliquae
2516 3075 2902 3131 ostentationis
2958 3073 3108 3140 fuco,
3168 3076 3399 3147 ipsaque
3451 3079 3636 3148 specie

363 3172 648 3244 praesentis
706 3170 946 3227 amatum
1009 3170 1253 3226 numinis
1315 3171 1668 3237 mentiantur,
1724 3179 1890 3241 atque
1925 3169 2244 3226 universum
2294 3170 2408 3227 fere
2437 3172 2701 3244 populum
2768 3170 2935 3227 dubia
2992 3186 3190 3227 vocum
3236 3172 3636 3244 signiﬁcatione

361 3267 655 3338 decipiant.

891 3361 1293 3414 ΚΕΦΛΛΑΙΟΝ
1332 3361 1409 3415 B'.

368 3476 486 3543 ’Ὁτι
538 3473 685 3543 τοῖςί
708 3473 998 3528 θέλουσιν
1046 3474 1294 3543 εὐχερὲς
1345 3472 1655 3542 ἀποφῆναι
1700 3473 1945 3542 πλάνην

431 3541 585 3600 εἶναι
632 3542 748 3615 τὴν
798 3545 928 3615 περὶ
989 3541 1538 3615 τῶν⁷⁷γρηστηρίων
1578 3541 1944 3615 ἐπαγγελίαν

431 3616 529 3669 καὶ
563 3613 794 3684 γοήτων
819 3612 1056 3682 ἀνδρῶν
1076 3612 1481 3683 ῥᾳδιοιιογίαν.

437 3730 577 3783 Ὀσα
600 3726 731 3797 γοῦν
760 3727 943 3792 αὐτοῖς
990 3727 1086 3799 τὴν
1130 3727 1462 3800 ἀμφιϐολίαν
1495 3727 1805 3798 ἐκπέφευγε
1834 3727 1940 3781 τῶν

359 3822 648 3897 χρησμῶν,
679 3821 739 3875 οὐ
784 3821 925 3876 κατά
970 3821 1278 3893 πρόγνωσιν
1322 3821 1416 3875 τοῦ
1463 3819 1767 3894 μέλλοντος,
1798 3820 1940 3875 κατά

357 3916 417 3970 δέ
448 3933 568 3969 τινα
607 3914 912 3985 στοχασμὸν
940 3912 1305 3986 ἐξηνεγμένα·
1336 3914 1542 3967 τούτων
1575 3915 1764 3987 μυρία,
1802 3914 1941 3984 μᾶλ-

359 4011 451 4065 λον
482 4012 537 4065 δὲ
568 4011 638 4064 τὰ
684 4011 858 4065 πάντα
900 4010 1082 4081 σχεδὸν
1111 4009 1227 4080 ἥλω
1270 4009 1527 4074 πολλάκις
1566 4011 1665 4081 τῆς
1698 4010 1941 4082 προρρή-

363 4121 499 4168 σεως
541 4103 1003 4162 ἀποπεπτωκότα,
1048 4101 1304 4165 ἐναντίως
1345 4101 1378 4174 ἢ
1422 4100 1561 4155 κατά
1615 4114 1677 4154 το
1707 4100 1944 4174 χρησθὲν

359 4193 453 4248 τοῦ
475 4194 583 4247 τῶν
614 4193 954 4267 πραγμάτων
980 4192 1167 4255 τέλους
1196 4193 1294 4263 τὴν
1316 4191 1539 4247 ἔκϐασιν
1563 4191 1943 4262 ἀπειληφότος,

362 4289 410 4340 εί
461 4289 536 4360 μή
570 4289 688 4341 ποτ’
706 4287 815 4359 ἄρα
865 4285 1107 4349 σπανίως
1134 4284 1193 4337 ἓν
1233 4302 1364 4338 ποτε
1407 4286 1470 4338 ὲκ
1494 4286 1702 4358 μυρίων
1734 4284 1947 4355 συμϐὰν

360 4381 504 4436 κατά
529 4398 648 4434 τινα
675 4378 847 4450 φοράν
883 4377 1229 4449 συντυχικὴν,
1265 4378 1298 4448 ἢ
1334 4377 1475 4431 κατά
1497 4378 1597 4448 τὴν
1632 4377 1945 4448 στοχασθεϊ-

361 4490 461 4527 σαν
494 4472 587 4526 τοῦ
637 4472 920 4544 μέλλοντος
964 4468 1310 4542 προσδοκίαν,
1337 4468 1428 4521 τὸν
1465 4469 1712 4539 χρησμὸν
1745 4468 1948 4539 ἐπαλη-

360 4563 539 4617 θεύειν
584 4560 842 4634 ἐνομίσθη
896 4562 1088 4614 ποιεῖν.
1130 4561 1196 4611 Ὃ
1239 4557 1303 4628 δὴ
1358 4559 1454 4612 καὶ
1502 4559 1736 4630 μάλιστα
1786 4558 1948 4631 θρυλ-

2580 3353 2741 3426 133
2770 3352 3003 3409 CAPUT
3030 3353 3098 3408 ιι.

2052 3472 2367 3540 Promptum
2418 3485 2529 3523 esse
2569 3470 2732 3523 cm'vt's
2764 3469 3073 3536 ostendere,
3107 3468 3362 3538 quidquid
3414 3476 3635 3526 oracula

2119 3542 2440 3611 pollicentur
2465 3580 2481 3606 ,
2534 3550 2582 3594 et
2615 3540 2964 3609 veneﬁcarum
3004 3540 3278 3593 hominum
3333 3542 3632 3612 praestigias

2124 3628 2327 3667 meram
2355 3613 2707 3680 imposturam
2726 3626 2859 3665 esse.

2124 3724 2419 3780 Enimvero
2450 3737 2796 3795 quaecunque
2840 3721 2912 3777 ab
2938 3719 3063 3777 istis
3094 3720 3214 3777 sine
3237 3721 3347 3777 ulla
3379 3724 3631 3794 responsi

2053 3818 2412 3890 ambiguitate
2448 3817 2709 3886 pradicta
2764 3814 2918 3879 sint,
2964 3826 3076 3867 non
3137 3829 3208 3870 es
3261 3816 3634 3884 praesensione

2053 3912 2291 3983 quadam
2319 3924 2385 3965 ac
2406 3908 2634 3965 scientia
2667 3906 3017 3971 futurorum,
3046 3905 3140 3961 sed
3174 3919 3243 3960 ex
3286 3906 3468 3976 aliqua
3510 3916 3633 3963 tan-

2054 4011 2171 4056 tum
2217 3998 2547 4071 conjiciendi
2604 3997 2659 4052 vi
2713 3996 3117 4068 pronuntiata;
3165 4010 3234 4050 ex
3304 3998 3374 4053 iis
3418 3998 3633 4054 inﬁnita

2052 4092 2213 4163 plane
2246 4091 2653 4160 deprehensum
2673 4104 2817 4154 esse,
2844 4088 2957 4142 imo
2972 4103 3144 4158 prope
3169 4089 3403 4146 dixerim
3423 4094 3632 4160 omnia,

2049 4183 2421 4253 pradictionis
2454 4183 2655 4251 saepius
2682 4184 2914 4236 veritate
2938 4181 3206 4246 caruisse,
3236 4197 3364 4236 cum
3388 4198 3476 4239 res
3498 4199 3635 4240 con-

2049 4276 2278 4331 trarinm
2308 4276 2541 4331 oraculo
2567 4274 2736 4329 ﬁnem
2770 4282 2828 4327 et
2872 4274 3085 4328 exitum
3132 4273 3493 4331 habuissent:
3522 4278 3634 4339 nisi

2050 4386 2200 4435 vero,
2234 4371 2383 4442 quod
2402 4384 2531 4424 raro
2563 4367 2884 4433 admodum,
2914 4375 3079 4438 atque
3110 4384 3280 4423 unum
3302 4384 3370 4425 ex
3401 4369 3632 4427 inﬁnitis

2048 4462 2277 4532 aliquid,
2308 4470 2406 4516 aut
2438 4476 2569 4517 casu
2593 4461 2841 4528 fortuito,
2887 4469 2984 4514 aut
3014 4474 3111 4529 spe
3166 4460 3351 4530 aliqua
3385 4459 3631 4515 futurum

2050 4564 2317 4625 augurata
2338 4554 2650 4625 contigerit,
2692 4552 2746 4607 id
2788 4552 3038 4608 veritatis
3062 4552 3383 4623 opinionem
3407 4555 3634 4610 oraculo

359 4656 585 4720 λοῦντας
633 4655 699 4710 ἂν
745 4655 904 4717 ἴδοις,
944 4654 1037 4706 καὶ
1077 4652 1301 4722 στήλαις
1347 4651 1816 4721 ὲγχαράττοντας,
1851 4653 1948 4705 καὶ

2053 4649 2327 4704 conciliet.
2361 4646 2499 4702 Nam
2530 4647 2664 4702 illud
2708 4648 2931 4703 demum
2960 4661 3103 4712 esse,
3144 4648 3293 4718 quod
3317 4647 3387 4704 ab
3414 4646 3537 4703 istis
3554 4646 3637 4720 ja-

362 4747 668 4821 πανταχόσε
699 4746 803 4816 γῆς
850 4743 1106 4815 βοῶντας
1143 4744 1224 4795 ὅτι
1275 4742 1395 4813 μὲν,
1444 4743 1507 4794 ei‘
1542 4741 1714 4811 τύχοι,
1740 4740 1946 4794 τοσοίδε

2053 4742 2190 4797 ctari
2224 4741 2484 4803 maxime,
2512 4750 2787 4795 terrarum
2818 4740 3023 4811 ubique
3047 4755 3247 4812 magna
3268 4755 3404 4796 voce
3430 4740 3632 4809 praedi-

360 4843 451 4894 τὸν
482 4840 714 4912 ἀριθμὸν
744 4837 1160 4909 ἀπεσφάλησαν,
1212 4836 1434 4908 μηδαμῆ
1481 4834 1709 4907 μηδενὸς
1739 4833 1946 4887 ἐθέλον-

361 4948 452 4994 τες
486 4930 596 5000 (21)
629 4928 1009 5000 μνημονεύειν·
1038 4928 1122 4979 ὅτι
1163 4926 1220 4978 δὲ
1252 4925 1389 4996 τῷδε
1418 4925 1527 4979 ἀπὸ
1557 4925 1768 4996 μυρίων
1805 4940 1943 4976 συν-

364 5020 522 5091 έτυχέ
550 5038 603 5074 τι
649 5018 757 5073 τῶν
797 5018 1175 5092 χρησθέντων,
1225 5018 1336 5072 ἀνω
1380 5017 1474 5070 καὶ
1522 5017 1673 5070 κάτω
1718 5016 1945 5085 περιφέ-

363 5130 576 5185 ροντας*
605 5112 681 5176 ὡς
720 5113 774 5166 εῐ
812 5129 895 5175 τις
933 5111 1028 5164 καὶ
1068 5110 1161 5164 ἐπὶ
1189 5109 1283 5163 δύο
1326 5108 1683 5180 λαγχάνουσιν
1709 5109 1816 5161 ἀπὸ
1845 5125 1943 5178 μυ-

364 5208 516 5279 ρίων,
546 5208 595 5259 εἰ
637 5204 745 5277 ἄρα
792 5204 923 5257 ποτὲ
953 5204 1187 5267 εἰσάπαξ
1229 5203 1425 5266 αὐτοὺς
1463 5201 1605 5255 κατά
1629 5200 1738 5254 τῶν
1765 5200 1945 5254 αὐτῶν

362 5301 663 5370 συμπεσεῖν
707 5297 884 5368 ἔτυχε,
934 5295 1235 5368 θαυμάζοι,
1267 5295 1342 5357 ὡς
1385 5293 1525 5346 κατά
1561 5293 1818 5364 μαντείαν
1848 5292 1948 5346 καὶ

362 5394 671 5465 πρόγνωσιν
722 5390 820 5443 ἕνα
869 5389 962 5443 καὶ
1009 5389 1100 5441 τδν
1157 5388 1319 5442 αὐτὸν
1373 5387 1703 5458 ἀμφοτέροις
1748 5385 1943 5457 συνέϐη

433 5548 545 5621 (2ο)
592 5544 1003 5621 λῈξιπ-λήττᾷιν.
1046 5540 1591 5621 Illustrior_fortassis
1606 5540 1788 5621 oratio
1803 5540 1948 5621 vide-

366 5611 538 5685 retur,
559 5619 603 5674 si
631 5617 693 5673 τὸ
712 5611 1097 5686 ἐκπλήττειν,
1125 5615 1462 5686 prmedente
1480 5627 1648 5686 versu
1673 5618 1797 5686 post
1815 5611 1944 5686 τοὺς

367 5680 593 5754 πολλοὺς
620 5680 973 5743 scriberetur.
1011 5680 1169 5740 Levis
1202 5697 1384 5739 tamen
1415 5684 1519 5738 ista
1549 5681 1797 5752 trajectio
1827 5680 1945 5735 fue—

368 5764 456 5819 rit.
486 5763 531 5815 si
566 5774 690 5815 cum
726 5758 922 5813 Atticis
950 5755 1283 5811 conferatur.

439 5831 549 5902 (2|)
592 5825 844 5898 Μηδαμῆ
891 5827 1154 5896 μηδενὸς
1210 5825 1545 5891 ἐθέλοντες.
1585 5823 1662 5878 Ita
1726 5837 1940 5878 omnes.

606 5928 883 5986 Parnm“
929 5926 1048 5984 (in.
1097 5924 1272 5987 XXI.
1322 5968 1325 5973 ς

2054 4834 2193 4899 cari,
2220 4833 2278 4888 in
2308 4834 2498 4911 cippos
2527 4842 2583 4887 et
2609 4832 2897 4889 columnas
2923 4832 3093 4888 incidi
3111 4834 3300 4889 videas
3323 4853 3338 4899 ;
3363 4832 3629 4903 quicum,

2057 4927 2107 4981 si
2128 4926 2349 4996 quando
2368 4913 2559 4981 re’sv’ita
2596 4925 2802 4987 tulerit,
2839 4926 2987 4996 quod
3022 4935 3132 4980 tam
3165 4926 3322 4980 multi
3345 4933 3635 4996 exspecta-

2053 5021 2204 5078 tione
2220 5034 2322 5076 sua
2351 5019 2564 5089 decepti
2591 5017 2811 5084 fuerint,
2839 5019 3064 5074 verbum
3090 5019 3251 5089 plane
3272 5019 3482 5074 nullum
3515 5018 3635 5076 ﬁeri

2051 5111 2260 5177 velint;
2297 5120 2415 5165 tum
2439 5123 2590 5175 vero,
2624 5110 2769 5180 quod
2795 5111 2891 5164 uni
2915 5109 3247 5165 ex‘inflnitis
3274 5110 3439 5165 alicui
3471 5126 3637 5181 prout

2053 5207 2122 5260 ab
2159 5205 2385 5261 oraculo
2436 5218 2760 5274 responsum
2810 5204 3024 5268 fuerat,
3078 5203 3361 5267 acciderit,
3397 5204 3450 5258 id
3480 5204 3635 5259 nullo

2054 5315 2163 5353 non
2197 5299 2319 5353 loco
2344 5296 2753 5354 circumferant.
2788 5295 2907 5364 Qua
2923 5296 2977 5350 in
3010 5309 3070 5350 re
3093 5295 3398 5366 perindese
3420 5308 3635 5365 gerant.

2054 5406 2119 5447 ac
2149 5391 2194 5446 si
2235 5390 2381 5460 quis,
2415 5405 2540 5444 cum
2568 5403 2638 5445 ex
2685 5387 2899 5443 inﬁnita
2926 5388 3215 5442 hominum
3265 5387 3590 5446 micantium
3617 5429 3635 5455 ,

2055 5546 2161 5603 Sed
2194 5544 2461 5616 profecto,
2495 5549 2689 5602 saltem
2736 5544 3023 5607 ἐθέλοντας
3070 5544 3447 5615 reponendum
3480 5543 3636 5597 vide-

2051 5628 2385 5697 tur,.utcum
2414 5617 2846 5697 praecedentibus
2872 5623 3118 5697 accusat.
3146 5625 3202 5671 et
3226 5624 3509 5697 sequepte,
3539 5629 3639 5694 1:5—

2054 5683 2737 5773 PttpépOWdC,—anvelti3l.
2779 5685 2978 5771 Vinum
3030 5701 3204 5808 marg.
3236 5686 3323 5740 ισ.
3355 5683 3638 5754 Μηδαμῶς

2052 5758 2357 5823 εθέλοντας.
2389 5760 2519 5825 Alit,
2555 5756 2794 5827 Μηδενὸς
2824 5757 3122 5818 εθελοντος.
3200 5772 3315 5810 nt'r.

3186 5916 3227 5975 8
