4156 6410
532 344 640 400 235

1212 344 1481 402 EUSEBII
1521 342 2005 402 C/ESARIENSIS
2043 341 2193 397 OPP.
2234 340 2413 396 PARS
2448 339 2511 394 ΙΙ.
2540 371 2607 380 --
2640 337 3150 396 APOLOGETICA.

3698 342 3805 395 256

534 470 711 524 aliove
743 469 905 524 sortis
930 485 1127 541 genere
1171 472 1439 525 utentium
1481 471 1847 536 multitudine,
1874 470 1983 524 duo
2009 468 2100 522 ali-

2220 467 2522 538 περιελθεῖν
2552 465 2801 537 ἀριθμόν.
2838 465 2995 518 υῦτω
3024 464 3134 535 γὰρ
3166 464 3310 535 ἔχειν
3352 465 3409 517 τὸ
3451 464 3560 517 ἀπὸ
3587 464 3805 534 μυρίων

534 561 627 629 qui
654 561 735 615 vel
783 562 951 616 semel
991 570 1200 617 tantum
1255 563 1309 616 in
1338 564 1526 618 eadem
1556 578 1686 619 casu
1721 563 2063 617 incurrerent
2094 599 2111 623 ,

534 648 737 705 factum
768 648 1081 717 miraretur,
1110 652 1270 720 quasi
1289 667 1351 705 ex
1379 650 1712 707 divinatione
1736 652 1973 723 quadam
1999 665 2115 707 sor-

534 742 713 811 tisque
765 740 961 797 futura
994 742 1246 804 scientia,
1300 759 1446 799 unus
1484 752 1649 814 atque
1694 744 1837 798 idem
1893 743 2113 814 utrique

531 848 796 889 numerus
827 833 1131 905 obtigisset.
1157 833 1418 890 Eamdem
1450 836 1597 891 enim
1637 835 1760 906 ejus
1789 851 1913 892 esse
1944 836 2115 890 ratio-

529 937 677 990 nem,
713 926 860 993 quod
893 940 1063 979 unum
1096 940 1162 980 ex
1200 925 1431 982 infinitis
1458 935 1645 982 vatum
1674 927 1994 997 responsis,
2047 941 2114 982 ac

528 1015 675 1070 circa
703 1031 791 1071 res
829 1032 1059 1073 numero
1100 1018 1346 1075 infinitas
1377 1000 1564 1087 editis,
1600 1019 1744 1077 forte
1776 1021 1991 1077 fortuna
2025 1034 2113 1076 se-

527 1107 635 1163 mel
654 1108 894 1164 evenerit
924 1126 939 1165 :
971 1108 1026 1164 id
1058 1110 1208 1180 quod
1242 1111 1335 1165 ubi
1368 1112 1495 1181 quis
1527 1112 1858 1168 intellexerit
1881 1154 1897 1178 ,
1952 1113 2113 1183 cujus

525 1199 745 1255 animus
767 1200 903 1255 nihil
922 1201 1073 1256 intus
1102 1201 1287 1268 solidi,
1348 1205 1487 1260 nihil
1516 1208 1822 1264 constantis
1871 1208 2068 1263 habeat
2093 1249 2109 1275 ,

524 1301 639 1347 tum
671 1308 802 1348 vero
833 1295 1114 1350 hominem
1144 1296 1354 1352 oraculi
1405 1298 1790 1355 certitudinem
1846 1301 2108 1373 obstupe-

524 1399 715 1451 scere;
743 1400 907 1455 quem
935 1401 1069 1442 sane
1102 1388 1264 1460 longe
1294 1398 1600 1460 praastaret,
1624 1393 1878 1448 vecordia
1904 1395 2107 1465 posita,

524 1488 709 1529 secum
736 1474 1056 1547 diligentius
1089 1487 1378 1548 reputare,
1430 1494 1598 1550 quam
1635 1483 1824 1539 multis
1852 1484 1978 1541 aliis
2021 1487 2107 1542 vel

522 1566 825 1633 interitum,
851 1569 935 1624 vel
963 1569 1339 1627 dissensiones
1365 1581 1420 1627 et
1458 1573 1598 1628 bella
1640 1588 1814 1644 genus
1843 1575 1897 1629 id
1930 1576 2112 1631 homi-

522 1673 653 1713 num
673 1658 1023 1728 consciverit,
1047 1676 1112 1718 ac
1142 1670 1387 1718 veterum
1405 1663 1763 1720 historiarum
1782 1667 2106 1722 memoriam

519 1749 852 1821 cogitatione
876 1753 1191 1823 repetendo,
1225 1756 1692 1822 animadvertere,
1741 1772 1810 1813 ne
1838 1766 1953 1814 tum
1980 1761 2105 1830 qui-

520 1843 641 1897 dem
673 1844 846 1900 ullum
873 1820 1031 1901 ab—iis
1055 1820 1256 1903 divina:
1276 1847 1496 1906 virtutis
1511 1865 1651 1921 opus
1673 1820 1881 1907 editum
1904 1820 2101 1920 fuisse,
2133 1820 2177 1877 Β

518 1950 645 1990 cum
679 1946 735 1991 et
784 1952 873 1993 res
904 1936 1127 1995 Graeciae
1175 1940 1414 1998 maxime
1466 1941 1745 2008 ﬂorerent,
1794 1951 1850 2000 et
1898 1945 2102 2017 iactata

518 2026 797 2097 quondam
827 2030 1072 2091 oracula.
1127 2048 1251 2102 quae
1305 2033 1411 2089 hoc
1449 2043 1696 2105 tempore
1727 2036 1878 2093 nulla
1926 2047 2100 2106 sunt,

520 2121 747 2191 integra:
803 2124 1150 2179 auctoritatis
1177 2134 1362 2181 essent
1386 2166 1405 2192 ,
1449 2138 1504 2182 et
1543 2127 1614 2182 ab
1645 2126 1919 2200 indigenis
1950 2133 2101 2187 omni

518 2212 703 2267 studio
727 2228 971 2285 curaque
997 2214 1206 2281 hab'ita,
1230 2217 1426 2289 patriis
1477 2218 1675 2276 ritibus
1699 2230 1864 2290 atque
1893 2233 2102 2296 myste-

522 2305 622 2360 riis
656 2306 911 2377 religiose
943 2307 1236 2364 admodum
1260 2310 1592 2368 colerentur.
1619 2311 1684 2368 Et
1709 2329 1845 2371 sane
1866 2316 1974 2371 vim
2004 2333 2102 2373 eo-

516 2411 640 2451 rum
672 2398 878 2453 nullam
920 2413 1044 2456 esse
1075 2408 1190 2456 tum
1226 2403 1505 2481 principue.
1553 2405 1801 2462 constitit
1838 2422 1906 2463 ex
1933 2408 2103 2465 bello‘

516 2504 641 2544 rum
693 2489 1139 2547 calamitatibus:
1185 2492 1346 2566 135
1401 2494 1457 2549 in
1510 2496 1733 2566 quibus,
1780 2499 1929 2569 quod
1963 2501 2102 2555 nihil

521 2578 644 2648 opis
671 2589 726 2634 et
745 2579 935 2634 auxilii
964 2579 1215 2636 conferre
1241 2590 1466 2651 possent
1501 2584 1704 2656 egregii
1752 2584 1992 2640 fatorum
2016 2586 2104 2641 in-

516 2680 800 2741 terpretes,
848 2685 1241 2742 responsorum
1284 2673 1643 2746 ambiguitate
1697 2675 1923 2734 clientes
1969 2692 2102 2734 suos

514 2761 772 2821 fefellisse
791 2764 1026 2821 convicti
1051 2774 1200 2831 sunt,
1230 2767 1696 2837 quemadmodum
1728 2784 1831 2826 suo
1858 2770 1983 2826 loco
2012 2771 2103 2828 de-

513 2856 944 2912 monstrabimus
967 2895 983 2919 ,
1025 2871 1152 2912 cum
1213 2857 1850 2931 omnium-subjiciemus
1878 2862 2054 2919 oculis
2081 2903 2097 2930 ,

511 2963 624 3019 quo
651 2956 813 3019 pacto
840 2963 960 3015 em,
997 2949 1091 3021 qui
1123 2949 1411 3005 oraculum
1436 2951 1818 3019 consulebant,
1843 2963 2097 3009 mutuum

513 3039 568 3093 in
597 3040 801 3096 bellum
826 3042 1112 3108 acuerint;
1141 3056 1242 3097 nec
1268 3042 1338 3098 de
1363 3042 1525 3099 seriis
1546 3058 1769 3115 quoque
1797 3045 1966 3102 rebus
2010 3062 2100 3104 ne-

2216 560 2308 611 ὲπὶ
2359 557 2572 630 μυρίοις
2614 557 2979 628 χρησθέντων,
3028 557 3176 621 ἀπας
3219 557 3348 609 ποτὲ
3404 556 3620 626 συμϐὰν
3661 556 3805 609 κατά

2214 649 2401 720 τῦχην-
2443 649 2474 702 δ
2505 649 2601 703 καὶ
2636 648 2912 702 συνιδόντα
2947 648 3035 702 τὸν
3072 648 3238 720 μηδὲν
3286 648 3513 719 στερρὸν
3558 648 3618 699 ἐν
3647 646 3803 717 βάθει

2214 737 2392 809 ψυχῆς
2414 739 2751 809 κεκτημένον
2782 738 3321 811 ῦπερεκπλήττεσθαι
3355 739 3418 791 τὸ
3450 740 3802 810 χρηστήριον,

2214 824 2260 898 ᾧ
2292 830 2427 885 πολὺ
2453 834 2704 902 κρεῖττον
2730 827 2800 902 ἦν
2821 832 2883 886 τὸ
2917 833 2993 904 μὴ
3012 833 3324 904 ἀφραίνειν,
3360 830 3804 903 συλλογισαμένῳ

2213 923 2358 990 ὅσοις
2392 924 2571 989 ἀλλοις
2614 925 2849 978 Θανάτου
2892 924 3180 993 γεγόνασιν
3222 925 3405 987 αῖτιοι,
3459 921 3704 986 στάσεώς
3740 939 3803 977 τε

2213 1017 2309 1071 καὶ
2343 1017 2593 1088 πολέμων
2635 1019 2685 1072 oi
2714 1017 3090 1089 δεδηλωμένον
3123 1015 3428 1087 σκέψασθαι
3456 1033 3517 1070 τε
3554 1016 3663 1070 τῶν
3696 1034 3803 1070 πα-

2213 1110 2383 1165 λαιῶν
2413 1110 2513 1174 τὰς
2547 1110 2808 1181 ἱστορίας,
2857 1111 2952 1165 καὶ
3003 1110 3235 1164 συνιδεῖν
3275 1108 3519 1173 dicebat
3559 1109 3624 1163 τὸ
3650 1126 3804 1182 τηνι-

2213 1201 2345 1256 κάδε
2394 1200 2600 1273 ἀρετῆς
2641 1217 2695 1254 τι
2742 1200 2896 1265 θείας
2940 1200 3099 1273 ἔργον
3143 1200 3515 1267 ἀπεδείξαντο,
3561 1201 3803 1271 ὁπηνίκα

2210 1292 2363 1363 ῆνθει
2418 1292 2518 1363 μὲν
2566 1292 2636 1346 τά
2691 1292 3012 1364 Ἑλληνικά,
3067 1295 3405 1364 συνειστήκει
3456 1293 3515 1346 δὲ
3553 1291 3623 1345 τά
3668 1294 3801 1364 πρὶν

2213 1382 2492 1455 βοώμενα,
2548 1383 2644 1437 νῦν
2703 1384 2759 1438 δὲ
2813 1385 3006 1456 μηκέτ’
3050 1385 3179 1439 ὄντα
3232 1387 3562 1457 χρηστήρια,
3616 1387 3801 1457 πάσης

2212 1476 2471 1547 προνοίας
2504 1479 2598 1531 καὶ
2651 1478 2888 1549 σπουδῆς
2932 1476 3213 1549 ἠξιωμένα
3260 1478 3396 1550 πρὸς
3438 1479 3545 1531 τῶν
3591 1479 3798 1548 επιχω-

2210 1569 2375 1641 ρίων,
2411 1569 2521 1623 τῶν
2567 1570 2633 1642 δὴ
2667 1575 2943 1642 πατρῴοις
2988 1571 3175 1642 νόμοις
3226 1589 3285 1626 τε
3334 1572 3430 1626 καὶ⁵
3478 1573 3801 1643 μυστηρίοις

2210 1661 2476 1716 σεϐόντων
2518 1680 2579 1716 τε
2621 1664 2761 1717 αῦτά
2797 1664 2892 1718 καὶ
2922 1663 3355 1735 θεραπευόντων,
3388 1664 3484 1718 καὶ
3514 1665 3633 1717 τότε
3664 1664 3800 1733 γοῦν

2212 1754 2446 1835 μάλιστα
2489 1755 2551 1809 τὸ
2601 1755 2768 1828 μηδὲν
2804 1756 3064 1812 δύνασθαι
3110 1756 3537 1829 ἀπηλέγχθησαν
3570 1758 3628 1811 ὲν
3674 1759 3800 1820 ταῖς

2204 1844 2316 1899 τῶν
2342 1845 2592 1916 πολέμων
2616 1850 2941 1918 συμφοραῖς⁸
2963 1848 3022 1900 ἐν
3047 1844 3135 1912 αἷς
3163 1848 3377 1919 βοηθεῖν
3405 1848 3799 1912 ἀδυνατοῦντες

2205 1937 2256 1990 οἱ
2284 1941 2524 2007 γενναῖοι
2557 1937 2874 2009 θεσπιῳδοὶ,
2908 1938 2975 1992 δι’
3002 1939 3335 2010 ἀμφιϐολίας
3382 1939 3490 1993 τῶν
3529 1939 3800 2012 χρησμῶν

2203 2031 2423 2101 ἥλωσαν
2489 2033 2845 2103 σοφισάμενοι
2891 2033 3019 2096 τοὺς
3073 2033 3422 2102 πρόσφυγας·
3466 2030 3654 2102 ὥσπερ
3698 2026 3798 2084 οὖν

2206 2123 2349 2178 κατά
2393 2123 2487 2178 τὸν
2524 2124 2715 2178 δέοντα
2769 2124 2960 2194 καιρὸν
3009 2123 3382 2189 ἐπιδείξομεν,
3421 2122 3797 2195 παριστῶντες

2204 2215 2354 2279 ὅπως
2393 2215 2490 2269 καὶ
2531 2215 2612 2278 είς
2654 2213 2748 2268 τὸν
2793 2213 2913 2267 κατ’
2949 2213 3191 2285 ἀλλήλων
3224 2213 3460 2285 πόλεμον
3486 2214 3614 2277 τοὺς
3645 2230 3793 2285 χρω-

2209 2306 2406 2376 μένους
2453 2303 2806 2376 παρώξυνον,
2860 2305 2955 2359 καὶ
3001 2305 3077 2369 ὡς
3129 2305 3250 2359 οὐδὲ
3299 2306 3432 2377 περὶ
3484 2305 3795 2359 σπουδαίων

2206 2397 2550 2469 πραγμάτων
2576 2397 2674 2460 τάς
2703 2397 3025 2468 ἀποκρίσεις
3065 2396 3368 2457 ἐποιοῦντο,
3398 2397 3493 2450 καὶ
3519 2395 3597 2459 ὡς
3624 2394 3793 2448 ἐπλά-

2206 2504 2315 2541 νων
2362 2486 2451 2540 διά
2492 2486 2606 2540 τῶν
2639 2486 2905 2559 χρησμῶν
2946 2485 3233 2551 παίζοντες
3278 2487 3406 2550 τοὺς
3445 2486 3789 2559 ἐρωτῶντας,

2204 2581 2299 2634 καὶ
2338 2579 2415 2643 ὡς
2458 2579 2537 2651 τῷ
2569 2580 2668 2651 τῆς
2713 2580 2982 2649 ἀσαφείας
3029 2578 3207 2649 σκότῳ
3245 2578 3345 2648 τὴν
3384 2578 3533 2647 σφῶν
3564 2579 3790 2647 ἄγνοιαν

2205 2672 2642 2745 ἀπεκρύπτοντο.
2690 2672 2896 2741 Σκέψαι
2942 2671 2999 2725 δὲ
3039 2671 3132 2725 καὶ
3159 2670 3321 2734 αὐτὸς
3351 2669 3672 2741 πυθόμενος,
3709 2668 3788 2733 ὡς

2201 2765 2298 2819 καὶ
2336 2763 2641 2837 ἀρρώστοις
2669 2763 2928 2828 πολλάκις
2976 2762 3144 2835 ῥῶσιν
3176 2763 3269 2817 καὶ
3297 2762 3442 2835 ζωὴν
3485 2763 3577 2817 καὶ
3610 2779 3787 2833 σωτηο

2204 2854 2328 2926 ρίαν
2358 2854 2743 2926 ὑποσχόμενοι,
2770 2854 3007 2909 κᾶπειτα
3039 2854 3418 2917 πιστευθέντες
3444 2854 3520 2918 ὡς
3551 2854 3618 2926 δὴ
3645 2853 3782 2917 θεοὶ,

2202 2946 2294 3001 καὶ
2325 2949 2424 3020 τῆς
2449 2947 2635 3001 ενθιου
2667 2947 2873 3019 ταύτης
2913 2946 3185 3018 ἐμπορίας
3228 2946 3495 3017 μεγάλως
3526 2948 3652 3012 τοὺς
3697 2964 3788 3018 μι-

2203 3037 2364 3104 σθοὺς
2397 3038 2847 3112 εἰσπραξάμενοι,
2868 3039 2930 3092 οὐ
2963 3038 3103 3110 μετά
3137 3037 3385 3092 πλεῖστον
3423 3039 3620 3103 οἵτινες
3644 3034 3790 3110 ἦσαν

511 3133 784 3205 gotiisque
804 3135 1042 3192 consulti
1080 3135 1482 3206 responderint,
1513 3137 1608 3193 sed
1639 3138 1825 3206 potius
1855 3141 2099 3197 oraculis

2201 3132 2586 3205 ῑφωράθησαν,
2615 3133 2811 3205 γόητες
2848 3132 3060 3205 ἀνδρες,
3086 3131 3199 3185 ἀλλ’
3223 3133 3285 3185 οὐ
3319 3132 3433 3185 θεοὶ
3451 3131 3788 3203 διελεγχθένο

512 3221 629 3276 suis
662 3222 1080 3279 consulentibus
1113 3223 1414 3291 illuserint,
1449 3226 1531 3282 sic
1567 3234 1786 3296 tamen,
1821 3238 1884 3284 ut
1914 3229 2097 3287 dubiae

511 3311 929 3399 significationis
966 3313 1299 3372 obscuritate
1341 3332 1497 3373 suam
1546 3318 1791 3389 ipsorum
1836 3320 2097 3393 ignoran-

509 3403 641 3458 tiam
665 3402 1025 3461 occultarent.
1074 3405 1267 3478 Cogita
1307 3424 1439 3465 vero
1470 3411 1588 3482 ipse
1622 3421 1803 3468 tecum
1844 3416 2095 3487 exempla

509 3504 694 3553 vetera
722 3498 1036 3569 repetendo,
1069 3515 1233 3570 quam
1274 3501 1362 3556 isti
1390 3518 1554 3574 saepe,
1582 3519 1709 3560 cum
1752 3504 1961 3563 affectae
1998 3524 2096 3564 va-

511 3588 767 3643 letudinis
789 3587 1106 3645 hominibus
1134 3592 1322 3655 robur,
1362 3593 1529 3648 vitam
1548 3635 1564 3661 ,
1597 3595 1945 3670 salutemque
1970 3616 2097 3671 pro-

510 3678 813 3747 misissent,
838 3679 1018 3750 iisque
1046 3691 1235 3752 postea
1271 3698 1379 3738 non
1408 3700 1569 3741 secus
1591 3703 1657 3743 ac
1684 3687 1791 3746 dlis
1831 3690 1966 3748 ﬁdes
1996 3695 2096 3749 ha—

511 3771 750 3838 beretur,
803 3773 968 3843 paulo
1034 3782 1158 3843 post
1212 3775 1419 3846 ingenti
1476 3780 1725 3849 pecunia:
1772 3781 1826 3837 vi
1866 3798 1935 3839 ex
1989 3785 2095 3843 hoc

509 3861 703 3917 adlata:
723 3862 991 3921 divinitus
1020 3876 1343 3922 mercatum
1367 3883 1566 3939 genere
1605 3883 1926 3944 eorrogata,
1957 3890 2095 3947 qua-

509 3956 589 4010 les
624 3956 843 4016 tandem
889 3964 1094 4023 essent,
1133 3959 1425 4016 manifeste
1459 3963 1854 4033 reprehensum
1904 3966 2091 4034 fuerit,

508 4047 834 4118 impostores
862 4051 1070 4106 scilicet
1100 4068 1166 4109 ac
1189 4053 1569 4121 circulatores,
1615 4071 1724 4112 non
1765 4068 1949 4116 autem
1990 4062 2091 4129 dii,

508 4143 877 4216 cumdecepti
915 4144 985 4201 ab
1014 4144 1081 4201 iis
1116 4145 1370 4201 homines
1413 4146 1716 4204 infaustum
1755 4152 1960 4209 exitum
1992 4154 2093 4210 ha-

507 4239 773 4295 buissent.
806 4237 948 4305 Quid
978 4254 1143 4310 porro
1172 4240 1366 4296 attinet
1394 4240 1596 4307 dicere,
1635 4258 1704 4298 ne
1732 4245 2091 4316 popularibus

506 4332 727 4400 quidem
760 4332 898 4397 suis,
927 4341 981 4388 et
1012 4331 1260 4402 ejusdem
1304 4348 1493 4388 secum
1532 4335 1772 4392 civitatis
1818 4338 2089 4411 indigenis

507 4432 660 4479 vates
688 4424 937 4494 egregios
974 4425 1274 4497 quidquam
1314 4426 1554 4495 praesidii
1585 4431 1670 4485 vel
1704 4430 1826 4501 opis
1867 4432 2081 4501 afferre,

2197 3242 2313 3291 τες,
2337 3225 2437 3279 οὐκ
2464 3224 2647 3289 αίσίας
2671 3224 3055 3297 καταστροφῆς
3092 3224 3221 3287 τοὺς
3247 3222 3637 3295 ἠπατημένους
3667 3222 3786 3277 δια-

2197 3312 2487 3384 λαϐούσης.
2516 3308 2582 3366 Τί
2625 3312 2691 3385 δὴ
2718 3313 2929 3383 λέγειν,
2960 3314 3038 3377 ὡς
3078 3313 3202 3366 οῦδὲ
3234 3314 3346 3377 τοῖς
3375 3312 3583 3366 ἑαυτῶν
3613 3313 3788 3366 συνοί-

2198 3420 2335 3469 κοις,
2358 3406 2473 3468 τοῖς
2494 3403 2558 3476 δὴ
2604 3405 2744 3458 κατὰ
2774 3405 2874 3476 τὴν
2919 3404 3089 3476 αὐτὴν
3117 3403 3271 3457 πόλιν
3306 3403 3696 3475 διατρίϐουσιν,
3732 3406 3784 3458 oi

2198 3494 2493 3568 θαυμάσιοι
2539 3494 2764 3567 μάντεις
2795 3496 2896 3561 τάς
2934 3495 2994 3561 ἐξ
3033 3495 3215 3551 αὐτῶν
3258 3496 3532 3569 παρέσχον
3559 3496 3781 3550 ιπικου-

2200 3591 2343 3663 ρίας,
2389 3589 2528 3645 ἀλλά
2563 3590 2661 3644 καὶ⁵
2703 3589 2993 3655 νοσοῦντας
3026 3588 3093 3643 ἂν
3134 3589 3265 3653 ἴδοις
3299 3589 3493 3643 αὐτόσε
3526 3588 3620 3642 καὶ
3651 3589 3783 3642 ἀνα-

2198 3681 2429 3751 πήρους,
2472 3680 2567 3734 καὶ
2609 3680 2720 3733 πᾶν
2756 3679 2817 3732 τὸ
2860 3679 3018 3750 σῶμα
3061 3678 3475 3751 λελωϐημένους
3523 3679 3783 3753 μυρίους;

2196 3769 2263 3824 Τί
2295 3769 2358 3841 δή
2394 3786 2525 3824 ποτε
2552 3764 2645 3823 οῦν
2671 3770 2788 3833 τοῖς
2819 3768 2919 3840 μὲν
2950 3768 3056 3836 ἔξω
3098 3769 3193 3823 καὶ
3232 3769 3516 3842 πόρρωθεν
3540 3768 3601 3837 ιε
3631 3769 3786 3824 ἀλλο-

2195 3858 2375 3931 δαπῆς
2412 3861 2831 3931 ἀφικνουμένοις
2871 3858 2972 3924 τὰς
3001 3858 3247 3932 χρηστὰς
3289 3860 3604 3933 ὑπέγραφον
3635 3859 3787 3914 ἐλπί-

2194 3952 2310 4017 δας,
2335 3952 2437 4006 οὑκ
2461 3952 2542 4006 ἔτι
2564 3953 2622 4007 δὲ
2652 3952 2746 4007 καὶ
2773 3955 2884 4016 τοῖς
2914 3952 3054 4007 κατὰ
3097 3953 3158 4007 τὸ
3202 3954 3334 4009 αὐτὸ
3377 3955 3666 4022 συνοίκοις.
3703 3949 3787 4020 οἷς

2194 4043 2260 4116 δὴ
2287 4045 2383 4099 καὶ
2414 4045 2522 4115 πρὸ
2560 4045 2779 4100 πάντων
2817 4046 3005 4118 ἐχρῆν,
3028 4045 3106 4110 ὡς
3135 4046 3202 4100 ἀν
3230 4047 3453 4111 οἰκείοις
3483 4048 3659 4118 φίλοις
3689 4049 3786 4102 καὶ

2197 4136 2579 4209 συμπολίταις,
2605 4138 2668 4191 τὸ
2713 4139 2779 4191 ὲκ
2804 4138 2906 4209 τῆς
2936 4137 3044 4193 τῶν
3077 4138 3215 4193 θεῶν
3249 4140 3552 4212 παρουσίας
3580 4140 3786 4210 ἀγαθὸν

2196 4229 2478 4302 παρέχειν
2507 4227 2621 4282 ἀλλ’
2647 4228 2731 4282 ὅτι
2776 4228 2905 4293 τοὺς
2948 4229 3048 4301 μὲν
3099 4229 3312 4296 ξένους,
3341 4229 3592 4300 ἀγνῶτας
3627 4231 3786 4295 ὄντας

2194 4322 2295 4394 τῆς
2337 4321 2722 4395 ῥᾳδιουργίας,
2766 4322 2895 4393 ῥᾷον
2929 4321 2995 4376 ἀν
3040 4322 3137 4376 καὶ
3184 4323 3545 4394 ἀπατήσαιεν,
3598 4322 3784 4377 οὐκέτι

2197 4412 2257 4467 δὲ
2299 4414 2427 4477 τοὺς
2458 4412 2727 4483 συνήθεις,
2762 4412 2840 4476 ὠς
2876 4412 2944 4466 ἂν
2989 4412 3091 4482 τῆς
3133 4412 3328 4484 τέχνης
3367 4412 3468 4467 οὐκ
3500 4414 3783 4485 ἀπείρους,

506 4530 633 4569 cum
692 4514 937 4570 inﬁnitos
982 4515 1181 4571 ibidem
1227 4517 1415 4573 videas
1476 4521 1687 4577 morbis
1735 4523 2088 4592 laborantes,

2201 4505 2518 4576 συνίστορας
2538 4504 2593 4557 δὲ
2615 4504 2775 4568 ὄντας
2797 4504 2895 4576 τῆς
2915 4504 3339 4577 ἐπιτελουμένης
3364 4504 3600 4571 παιδιᾶςς
3628 4507 3788 4561 Οῦτω

506 4605 756 4670 claudos,
810 4621 986 4662 οπεος
1033 4622 1098 4662 ac
1142 4616 1257 4664 toto
1308 4624 1450 4679 saepe
1495 4625 1729 4682 corpore
1769 4616 2093 4673 mutilatos?

507 4696 650 4763 Quid
681 4712 812 4752 vero
851 4697 905 4752 in
933 4713 1100 4753 causa
1145 4699 1345 4765 fuerit,
1380 4716 1480 4755 cur
1526 4704 1830 4775 peregrinis
1866 4708 2090 4779 quidem

506 4789 857 4855 hominibus,
901 4798 956 4845 et
1000 4805 1065 4845 ex
1115 4789 1413 4861 longinqua
1477 4794 1702 4866 regione
1744 4799 2092 4857 venientibus

506 4896 691 4936 rerum
738 4881 1029 4936 meliorum
1063 4896 1188 4952 spes
1232 4882 1501 4951 quasdam
1543 4887 1865 4945 umbratiles
1898 4905 1964 4946 ac
2003 4891 2091 4947 fu-

507 4985 660 5030 catas
705 4975 1088 5040 ostenderent,
1127 4975 1341 5032 civibus
1387 4986 1569 5033 autem
1624 4982 2092 5055 popularibusque

507 5068 622 5123 suis
649 5083 756 5122 non
806 5069 954 5130 item,
988 5068 1319 5138 quibuscum
1345 5079 1527 5126 tamen
1555 5087 1651 5127 eos
1674 5083 1863 5145 utpote
1901 5076 2090 5133 dome-

507 5157 662 5211 sticis
700 5158 926 5223 amicis,
962 5172 1027 5214 ac
1065 5158 1279 5215 civibus
1332 5161 1641 5216 derivatum
1683 5178 1752 5218 ex
1797 5167 2088 5221 numinum

508 5254 791 5322 praesentia
821 5254 1023 5309 bonum
1044 5254 1456 5310 communicare
1479 5265 1786 5326 oporteret;
1811 5259 1919 5315 nisi
1940 5260 2089 5331 quod

505 5354 793 5401 extraneos
840 5348 1085 5403 homines
1119 5349 1464 5404 veteratorim
1510 5349 1825 5407 calliditatis
1870 5352 2090 5425 ignaros

579 5520 689 5591 (εει
730 5520 1085 5591 Δωδωναῖος.
1128 5522 1203 5578 Ita
1238 5539 1554 5591 omnes,nec
1588 5535 1803 5581 mutare
1829 5542 1952 5583 sum
1985 5542 2087 5582 au-

507 5590 734 5666 su_s._»An
766 5590 1096 5666 Dodonaeum
1117 5593 1305 5666 Jovem
1328 5596 1576 5666 pluribus
1602 5597 1867 5666 Apollinis
1889 5613 2089 5666 cogno-

506 5663 747 5715 minibus
793 5662 1033 5718 inserere
1078 5662 1392 5719 voluit?An
1424 5666 1618 5735 Apollo
1649 5662 1917 5737 quispiam
1959 5662 2086 5733 fuit,

506 5744 868 5792 cognomento
917 5731 1254 5789 Dodonaeus?
1284 5735 1489 5792 Leaere
1537 5752 1624 5791 me
1675 5753 1782 5792 non
1836 5739 2086 5792 memini.

506 5744 868 5803 cognomento
917 5744 1254 5789 Doaonazus?
1284 5744 1489 5805 Legere
1537 5752 1624 5791 me
1675 5753 1782 5792 non
1836 5744 2086 5792 memini.

509 5802 653 5859 Sane
688 5802 955 5872 Διδσομεύς
984 5806 1165 5873 potius
1192 5804 1479 5876 legeretur,
1511 5807 1650 5862 idem
1695 5809 1790 5878 qui
1835 5818 1890 5863 et
1934 5807 2086 5865 Mile-

2196 4596 2254 4651 δὲ
2284 4597 2345 4649 τὸ
2380 4597 2487 4650 πᾶν
2511 4596 2573 4649 οὐ
2607 4594 2771 4662 θεῖον,
2799 4596 2921 4651 οὐδὲ
2950 4594 3299 4667 ἀνθρωπίνης
3333 4597 3577 4661 ἐπινοίας
3611 4600 3787 4668 κρεῖτ-

2195 4704 2287 4742 τον
2317 4683 2420 4759 ἦν’
2466 4685 2606 4741 ὥστε
2645 4688 2752 4742 κάν
2799 4690 2924 4752 ταῖς
2972 4687 3260 4758 μεγίσταις
3303 4692 3629 4763 συμφοραῖς,
3663 4693 3786 4754 ταῖς

2193 4779 2259 4851 δὴ
2313 4778 2520 4833 ἀνωθεν
2577 4779 2643 4833 ὲκ
2687 4778 2782 4832 τοῦ
2848 4778 3237 4851 παμϐασιλέως
3291 4778 3429 4833 Θεοῦ
3484 4779 3625 4834 κατά
3674 4780 3785 4834 τῶν

2192 4869 2407 4925 ἀσεϐῶν
2456 4870 2925 4943 ὲπαιωρουμέναις
2951 4909 2967 4931 ,
3020 4870 3201 4935 αὐτοῖς
3262 4868 3612 4944 ἀφιερώμασι
3690 4873 3785 4925 καὶ

2195 4961 2402 5028 ξοάνοις
2455 4962 2662 5035 φθορὰν
2695 4964 2934 5035 ἐσχάτην
2981 4965 3076 5018 καὶ
3127 4963 3368 5029 πτώσεις
3399 4964 3605 5037 ἀθρόας
3655 4965 3783 5028 τοὺς

2191 5054 2330 5120 νεὼς
2373 5056 2554 5109 αὐτῶν
2586 5057 2899 5127 ὑπομεῖναι.
2926 5055 3043 5110 Ποῦ
3087 5056 3196 5129 γάρ
3238 5073 3322 5110 σοι
3352 5056 3415 5110 τὸ
3458 5058 3516 5110 ὲν
3561 5056 3783 5126 Δελφοῖς

2194 5148 2340 5221 ἱερὸν
2387 5148 2538 5220 παρά
2588 5148 2755 5202 πᾶσιν
2783 5147 3040 5221 Ἕλλησιν
3072 5146 3133 5213 ἐξ
3173 5147 3370 5212 αίῶνος
3413 5147 3779 5220 βεϐοημένον;

2192 5240 2295 5294 ποῦ
2335 5241 2364 5293 ό
2409 5240 2645 5305 Πύθιος;
2698 5242 2728 5294 ὁ
2768 5239 3049 5312 Κλάριοςς
3101 5239 3205 5293 ποῦ
3253 5242 3347 5294 καὶ⁵
3393 5242 3424 5294 ό
3471 5240 3781 5304 Δωδωναῖος

2193 5330 2343 5404 (22);
2382 5331 2443 5386 τὺ
2488 5330 2589 5403 μέν
2628 5348 2692 5400 γε
2736 5331 2998 5402 Δελφικὸν
3045 5333 3413 5405 χρηστήριον,
3454 5333 3637 5405 τρίτον
3676 5332 3783 5385 ὑπὸ

2190 5527 2329 5591 sius,
2369 5537 2421 5584 et
2470 5527 2825 5589 Branchides.
2857 5538 2919 5585 ut
2956 5529 3308 5585 notissimum
3336 5539 3442 5587 est.
3474 5529 3540 5585 Et
3570 5545 3781 5600 cogno-

2192 5609 2374 5671 menta
2409 5601 2511 5656 ista
2539 5603 2702 5670 vulgo
2738 5603 3238 5671 conjungebantur.
3274 5602 3443 5655 Clem.
3480 5604 3775 5656 Alexandr.

2193 5670 2247 5723 in
2282 5668 2572 5738 Protrrpt.,
2598 5668 2653 5740 p.
2683 5671 2712 5721 7
2738 5688 2752 5724 :
2778 5668 3049 5741 Διήγησαι
3074 5674 3207 5742 ἡμῖν
3229 5673 3440 5743 καὶτῆς
3464 5672 3631 5742 ἄλλης
3655 5689 3784 5741 μαν·

2193 5740 2368 5812 τικῆς,
2389 5740 2588 5812 μᾶλλον
2610 5742 2664 5793 δὲ
2695 5742 2947 5812 μανικῆς,
2967 5741 3034 5794 τά
3060 5742 3308 5812 ἀχρηστα
3335 5743 3662 5812 χρηστήρια⁸
3690 5743 3783 5794 τὸν

2191 5740 2368 5810 τικῆς,
2389 5740 2588 5808 μᾶλλον
2610 5742 2664 5793 δὲ
2691 5742 2947 5863 μανικῆς,
2967 5741 3034 5794 τά
3060 5740 3308 5812 ἀχρηστα
3335 5740 3665 5813 χρηστήρια(
3690 5743 3782 5794 τὸν

2194 5810 2452 5881 Κλάριον,
2482 5811 2573 5865 τὸν
2606 5811 2686 5864 [lio
2727 5829 2826 5879 ιον,
2869 5813 2958 5865 τὸν
2984 5812 3243 5880 Διδυμέα.
3271 5814 3442 5879 Quem
3474 5813 3654 5866 locum
3690 5830 3782 5867 su-
