4156 6410
391 352 500 419 ⁸257

1549 365 1871 421 ΡΒΑΕΡΑΒ.
1916 363 2165 422 EVANG.
2199 365 2330 422 LIB.
2373 364 2460 423 Ν.

3534 366 3645 423 238

393 478 625 549 θρακῶν
683 477 1070 549 ἐμπρησθῆναι
1126 477 1348 549 κατέχει
1409 478 1565 547 λόγος
1597 520 1614 540 ,
1672 479 1824 531 οὐδὲν
1874 477 1967 530 τοῦ

2073 477 2289 533 facilius
2334 478 2388 532 in
2431 490 2697 542 errorem,
2729 461 3065 547 quamhalios
3098 477 3204 533 sibi
3251 476 3550 536 familiares
3577 496 3644 536 ac

398 569 650 640 μαντείου
676 571 756 633 είς
786 570 885 641 τὴν
910 569 1005 622 τοῦ
1034 568 1318 640 μέλλοντος
1341 569 1563 637 γνῶσιν,
1593 571 1706 624 ἀλλ’
1730 570 1849 624 οὐδὲ
1877 568 1969 622 τοῦ

395 658 596 712 Πυθίου
631 659 701 713 τά
731 662 905 714 οικεία
936 659 1381 733 προφυλάξασθαι
1414 661 1792 733 δεδυνημένου.
1824 661 1970 715 Ταυ-

391 751 484 803 τὸν
511 750 705 807 παθεῖν
748 753 841 806 καὶ
872 751 933 806 τὸ
974 754 1031 807 ἐν
1075 751 1265 825 Ῥώμῃ
1291 752 1637 807 Καπιτώλιον
1680 756 1970 825 ἱστορεῖται

391 842 531 896 κατὰ
557 843 685 906 τοὺς
708 845 816 897 τῶν
841 844 1194 916 Πτολεμαίων
1218 846 1464 917 χρόνους,
1489 846 1608 900 καθ’
1631 845 1726 909 οὓς
1751 846 1968 915 λέγεται

392 934 486 986 καὶ¹
526 933 589 987 τὸ
629 934 727 1006 τῆς
771 936 988 1000 Ἑστίας
1032 936 1177 1007 ἱερὸν
1225 938 1319 989 ἐπὶ
1369 937 1586 1009 Ῥώμης
1639 938 1969 1010 ἐμπρησμὸν

393 1027 703 1097 ὑπομεναι.
744 1026 911 1099 Ἀμφὶ
953 1028 1010 1082 δὲ
1052 1029 1264 1083 Ἰούλιον
1300 1030 1393 1084 τὸν
1430 1030 1685 1102 Καίσαρα
1723 1031 1784 1084 τὸ
1829 1030 1971 1101 μέγα

394 1119 501 1172 τῶν
535 1118 801 1189 Ἐλλήνων
830 1119 923 1173 καὶ
959 1120 1325 1191 Ὀλυμπιακὸν
1357 1120 1600 1192 ἄγαλμα,
1618 1123 1677 1175 τὸ
1700 1124 1757 1176 ἐν
1779 1123 1970 1187 αὐταῖς

404 1207 753 1279 Ὀλυμπιάσι,
784 1208 1035 1281 κεραυνῷ
1063 1210 1200 1283 πρὸς
1230 1210 1323 1264 τοῦ
1343 1210 1479 1264 Θεοῦ
1510 1210 1703 1282 βληθὲν
1731 1213 1972 1284 ἀναγρά-

391 1314 571 1365 φουσι.
606 1300 716 1353 Καὶ
767 1300 893 1354 ἄλλο
919 1315 945 1342 ιι
974 1302 1035 1355 τέ
1064 1302 1092 1343 ι)
1125 1320 1257 1372 φασι
1286 1303 1377 1357 τὸν
1420 1301 1555 1356 νεὼν
1586 1304 1679 1357 τοῦ
1709 1307 1969 1358 Καπιτω-

389 1387 505 1442 λίου
544 1389 665 1454 Διὸς
694 1390 1081 1463 ἐμπρησθῆναι
1099 1409 1113 1424 ο
1147 1393 1244 1446 καὶ
1270 1394 1330 1447 τό
1357 1410 1421 1462 γε
1455 1394 1694 1447 Πάνθεον
1724 1394 1835 1466 (25)
1864 1395 1970 1449 ὑπὸ

388 1482 655 1553 κεραυνοῦ
689 1481 1077 1555 διαφθαρῆναι·
1108 1483 1171 1537 τό
1202 1501 1262 1538 τε
1290 1486 1349 1537 ὲν
1389 1483 1761 1555 Ἀλεξανδρείᾳ
1789 1486 1969 1556 Σαρα-

389 1574 540 1623 πεῖον
567 1570 766 1641 ὁμοίως
797 1572 1260 1643 καταφλεχθῆναι.
1277 1573 1387 1628 Καὶ
1405 1574 1607 1628 τούτων
1637 1577 1766 1646 παρ’
1787 1576 1968 1640 αὐτοῖς

392 1663 645 1734 Ἕλλησιν
695 1664 1033 1735 ἀνάγραπτοι
1072 1665 1326 1737 φέρονται
1377 1668 1693 1738 μαρτυρίαι.
1743 1667 1967 1740 Μακρὸς

385 1752 432 1805 δ’
465 1753 533 1807 ἂν
557 1753 644 1825 εἴη
676 1754 854 1822 λόγος,
884 1756 934 1808 εί
969 1755 1151 1825 μέλλοι
1180 1773 1264 1820 τις
1286 1757 1355 1811 τά
1395 1757 1516 1811 καθ’
1545 1758 1752 1812 ἕκαστα
1788 1758 1968 1829 ἐξαρι-

2076 578 2236 624 notos
2263 569 2623 639 impellerent,
2657 570 2860 639 quippe
2898 570 2994 639 qui
3040 571 3176 625 artis
3208 570 3372 641 hujus
3405 571 3647 642 imperiti

2074 675 2182 714 non
2210 670 2417 728 essent,
2463 662 2557 717 sed
2597 663 2835 733 usitata
2864 662 3251 719 ludificationis
3280 664 3485 732 optime
3515 679 3616 719 con

2073 748 2422 817 scii?Quare
2448 744 2625 806 totum
2661 751 2804 805 istud
2843 750 3085 821 profecto
3113 767 3211 807 nec
3253 752 3424 806 divini
3480 753 3644 822 quid-

2071 856 2260 910 quam,
2289 857 2390 896 nec
2418 842 2655 897 humana
2689 841 2956 897 industria
2987 843 3164 913 majus
3210 843 3403 900 habuit
3429 863 3442 899 :
3474 846 3644 901 adeo-

2071 947 2179 1002 que
2210 932 2396 988 videas
2434 933 2771 1004 gravissimis
2797 933 2958 988 etiam
3006 935 3429 1001 calamitatibus,
3453 937 3645 1006 quales

2071 1024 2259 1093 utique
2301 1024 2519 1080 calitus
2553 1038 2583 1076 a
2631 1040 2848 1080 summo
2899 1040 3080 1080 rerum
3114 1026 3360 1082 omnium
3395 1028 3644 1098 principe

2071 1114 2182 1170 Deo
2212 1115 2503 1185 impiorum
2525 1116 2832 1171 cervicibus
2859 1116 3166 1182 imminent,
3187 1133 3502 1188 supremum
3530 1120 3644 1175 exi-

2065 1207 2534 1278 tium,ruinasque
2555 1205 2868 1278 frequentes
2892 1223 2957 1263 ac
2982 1209 3311 1279 repentinas,
3327 1211 3489 1266 simul
3515 1227 3641 1267 cum

2069 1298 2204 1368 ipsis
2232 1298 2476 1354 donariis
2502 1308 2665 1370 atque
2698 1298 3025 1364 simulacris,
3061 1315 3250 1356 eorum
3286 1303 3483 1373 templa
3512 1304 3645 1359 sub-

2078 1389 2233 1445 iisse.
2296 1389 2403 1446 Ubi
2439 1393 2584 1446 enim
2646 1391 2961 1462 Delphicum
2998 1391 3131 1447 illud
3178 1394 3440 1464 templum
3509 1405 3592 1450 est
3621 1436 3639 1462 ,

2070 1478 2213 1547 apud
2259 1476 2480 1534 Gracos
2543 1494 2733 1534 omnes
2786 1478 3049 1549 omnique
3100 1484 3360 1536 memoria
3400 1483 3644 1538 τριβὴν-

2070 1568 2236 1624 tum?
2269 1570 2360 1624 ubi
2391 1569 2663 1641 Pythius?
2710 1570 2803 1624 ubi
2837 1568 3096 1625 Clarius?
3156 1572 3248 1627 uli
3300 1561 3642 1625 Dodonaus?

2067 1657 2205 1713 Nam
2261 1658 2579 1730 Delphicum
2633 1675 2763 1715 sane
2820 1660 3104 1716 oraculum
3161 1659 3271 1730 jam
3333 1661 3556 1714 tertium

2075 1751 2387 1808 Thracibus
2443 1753 2726 1808 incensum
2782 1751 2952 1808 fuisse
3034 1761 3291 1808 constans
3340 1750 3486 1805 fama
3516 1759 3621 1817 est,

388 1813 678 1916 θμεῖσθαί,
734 1813 1068 1920 παριστάναι
1113 1813 1485 1921 πειρῶμενος,
1529 1852 1613 1904 ὅτι
1668 1851 1805 1921 μηδὲ
1829 1813 1967 1916 ’τοῖς

2077 1844 2236 1915 135
2260 1860 2384 1899 cum
2420 1860 2598 1915 neque
2628 1844 2979 1900 divinationis
3019 1845 3354 1901 domicilium
3380 1843 3447 1900 ad
3477 1813 3648 1902 futuri

386 1938 604 2001 οἰκείοις
641 1939 805 2008 ἱεροῖς
858 1938 1134 2008 ἐπαμῦναι
1165 1941 1213 1991 οἱ
1256 1940 1558 2011 θαυμαστοὶ
1603 1942 1969 2012 χρησμοδόται

384 2029 598 2083 δυνατοὶ⁸
631 2028 1013 2101 πεφώρανται·
1051 2031 1101 2083 οἱ
1144 2031 1202 2084 δὲ
1249 2031 1384 2102 μηδὲ
1421 2031 1533 2102 (24)
1563 2032 1745 2101 σφίσιν
1787 2033 1971 2097 αὐτοῖς

386 2127 447 2177 ἐν
470 2124 777 2194 συμφοραῖς
819 2122 1104 2193 γενόμενοι
1136 2125 1399 2197 χρήσιμοι
1438 2123 1600 2194 σχολῇ
1642 2125 1693 2193 γ’
1722 2123 1789 2177 ἄν
1836 2140 1968 2177 ποτε

386 2214 489 2268 κᾶν
543 2214 726 2279 ἄλλοις
769 2213 1153 2285 ἐπαρκέσειαν.
1203 2216 1299 2268 Ἓν
1345 2214 1403 2267 δέ
1457 2232 1509 2268 τι
1557 2214 1813 2288 προσθεὶς
1856 2217 1966 2279 τοῖς

385 2305 716 2376 εἰρημένοις,
756 2306 1007 2377 μέγιστον
1037 2304 1103 2358 ἂν
1133 2306 1218 2376 εἴη
1261 2303 1628 2376 καθεωρακὼς
1653 2304 1964 2373 κεφάλαιον,

385 2395 460 2458 ὡς
484 2395 583 2466 ἤδη
619 2396 713 2449 καὶ
754 2384 867 2448 τῶν
899 2394 1037 2464 άγαν
1078 2395 1374 2467 θεοφόρων,
1406 2394 1584 2449 αὐτῶν
1622 2394 1686 2466 δὴ
1722 2394 1829 2447 τῶν
1866 2393 1969 2465 μά-

383 2488 541 2541 λιστα
575 2488 925 2561 ἱεροφαντῶν,
957 2487 1221 2556 θεολόγων
1252 2505 1313 2541 τε
1344 2489 1527 2553 αὐτοῖς
1558 2487 1653 2541 καὶ
1672 2486 1967 2559 προφητῶν

385 2577 602 2641 πλείους
630 2578 691 2630 ού
728 2577 886 2648 μόνον
912 2576 1100 2640 πάλαι,
1126 2575 1263 2631 ἀλλὰ
1292 2576 1387 2630 κα)⁸
1420 2575 1648 2646 ἔναγχος
1669 2574 1792 2629 καθ’
1816 2575 1965 2646 ἡμᾶς

385 2670 615 2733 αὐτοὺς,
646 2669 740 2722 ἐπὶ
783 2671 849 2739 τῇ
885 2667 1144 2739 θεοσοφίᾳ
1174 2666 1348 2738 ταύτῃ
1384 2666 1696 2738 βοηθέντες,
1743 2664 1833 2719 διὰ
1866 2665 1964 2737 βα-

387 2762 560 2815 σάνων
610 2760 793 2825 αἰκίας
824 2760 916 2814 ἐπὶ
961 2760 1067 2814 τῶν
1098 2758 1424 2830 Ῥωμαϊκῶν
1466 2757 1830 2828 δικαστηρίων
1864 2757 1963 2829 τὴν

382 2857 564 2908 πᾶσαν
609 2852 957 2925 ἐξεφώνησαν
982 2864 1005 2892 ο
1044 2851 1254 2923 πλάνην
1299 2850 1504 2921 ἀνδρῶν
1548 2849 1783 2913 ἀπάταις
1823 2850 1967 2918 γίνε-

382 2944 540 3007 σθαι,
586 2944 680 2998 καὶ
703 2942 731 2982 ά
786 2942 1040 3012 γοητείαν
1091 2941 1521 3012 τετεχνασμένην
1565 2939 1626 2993 τὸ
1668 2941 1777 2993 πᾶν
1826 2935 1964 2994 εἶναι

377 3034 815 3105 ὁμολογήσαντες
833 3050 847 3063 ·
878 3032 931 3085 οἴ
945 3055 1007 3104 γε
1027 3032 1122 3086 καὶ
1146 3032 1238 3085 τὸν
1272 3031 1452 3085 πάντα
1491 3030 1692 3102 τρόπον
1718 3030 1817 3102 τῆς
1865 3047 1965 3085 κα-

2070 1937 2492 2006 praesensionem
2515 1974 2530 2000 ,
2579 1952 2754 2007 neque
2783 1934 3012 2007 Pythius
3042 1936 3157 2006 ipse
3200 1935 3269 1991 ad
3310 1952 3492 1993 rerum
3517 1952 3645 1993 sua-

2070 2042 2191 2081 rum
2223 2028 2695 2082 conservationem
2740 2028 3038 2098 quidquam
3071 2028 3296 2083 omnino
3324 2037 3529 2098 posset.
3588 2028 3648 2084 Id

2070 2117 2247 2186 ipsum
2292 2115 2540 2172 Romano
2574 2119 2701 2172 item
2748 2118 3017 2188 Capitolio
3051 2119 3197 2174 circa
3230 2118 3644 2176 Ptolemaorum

2072 2218 2315 2277 tempora
2350 2208 2649 2280 contigisse
2684 2210 2868 2279 prodit
2917 2209 3140 2264 historia
3166 2251 3180 2276 ,
3231 2211 3433 2281 quibus
3478 2211 3647 2268 etiam

2068 2296 2406 2366 temporibus
2446 2295 2626 2353 Vesta
2697 2297 2985 2353 delubrum
3032 2299 3231 2355 ibidem
3281 2300 3649 2372 conflagrasse

2068 2385 2271 2444 ferunt.
2311 2386 2578 2446 Praterea
2624 2388 2754 2445 Julii
2796 2391 3030 2445 CaSaris
3077 2402 3236 2448 atate
3276 2393 3481 2463 grande
3513 2394 3647 2449 illud

2066 2488 2121 2535 et
2144 2478 2520 2552 Olympiacum
2546 2480 2770 2537 Gracia
2798 2483 3178 2552 simulacrum,
3211 2487 3359 2557 quod
3388 2484 3648 2559 Olympia

2068 2572 2349 2629 visebatur
2372 2613 2390 2638 ,
2437 2573 2669 2631 fulmine
2711 2576 2975 2635 divinitus
3013 2578 3179 2635 ictum
3210 2595 3332 2635 esse
3353 2619 3369 2645 ,
3395 2578 3648 2650 aliudque

2068 2667 2233 2721 simul
2257 2665 2413 2723 Jovis
2438 2668 2730 2739 Capitolini
2751 2672 3012 2742 templum
3040 2671 3314 2737 incendio,
3346 2670 3648 2728 Pantheum

2067 2757 2191 2828 igne
2222 2757 2491 2823 fulminis,
2529 2759 2814 2831 Serapium
2862 2761 3206 2818 Alexandria
3254 2774 3363 2818 non
3409 2763 3646 2820 absimili

2066 2850 2491 2922 conﬂagratione
2535 2853 2791 2909 haustum
2843 2854 3072 2925 periisse
3121 2854 3361 2910 tradunt.
3401 2854 3647 2922 Quorum

2066 2943 2288 3013 quidem
2334 2944 2579 2998 omnium
2628 2945 2929 3015 perscripta
2974 2954 3193 3002 exstant
3241 2944 3383 3016 apud
3429 2946 3646 3003 Gracos

2070 3035 2219 3106 ipsos
2264 3035 2598 3092 testimonia.
2657 3037 2737 3091 Ac
2786 3037 3008 3107 longum
3062 3035 3306 3106 profecto
3336 3051 3645 3093 sermonem

376 3126 675 3195 τασκευῆς,
712 3125 806 3178 καὶ
843 3124 943 3187 τὰς
979 3122 1232 3193 μεθόδους
1267 3124 1369 3192 τῆς
1416 3121 1804 3192 κακοτεχνίας,
1845 3124 1965 3187 ταῖς

2069 3127 2344 3182 ordiretur
2365 3167 2382 3194 ,
2416 3127 2512 3198 qui
2544 3127 2757 3197 singula
2784 3141 3068 3186 recensere
3090 3129 3433 3184 numerando
3461 3129 3644 3197 vellet,

377 3219 518 3289 πρὸς
550 3217 730 3272 αὐτῶν
766 3219 825 3271 ἐν
856 3216 1241 3288 ὑπομνήμασιν
1275 3214 1589 3285 ἀφεθείσαις
1615 3216 1817 3284 φωναῖς
1847 3216 1960 3267 ἐνε-

374 3308 677 3381 γράψαντο.
712 3309 803 3362 Διὸ
822 3308 889 3379 δὴ
921 3307 1015 3361 καὶ
1041 3306 1142 3377 τὴν
1164 3305 1321 3372 ἀξίαν
1348 3306 1446 3376 τῆς
1476 3303 1718 3376 ὀλεθρίου
1753 3304 1959 3376 πλάνης

374 3402 534 3472 δίκην
565 3400 876 3464 ἐκτίσαντες
896 3438 911 3463 ,
952 3398 1130 3453 πάντα
1168 3398 1326 3466 λόγον
1363 3395 1707 3466 άνεκάλυψαν
1723 3436 1741 3461 ,
1774 3397 1960 3461 αὐτοῖς

374 3494 562 3565 ἔργοις
583 3492 685 3563 τὴν
708 3490 815 3545 τῶν
851 3490 1194 3562 δηλουμένων
1224 3487 1499 3553 ἀπόδειξιν
1536 3488 1956 3558 πιστωσάμενοι.

387 3586 594 3639 Ὀποῖοι
626 3583 684 3636 δὲ
720 3578 862 3655 ἦσαν
888 3574 1073 3647 obeat;
1119 3580 1196 3653 μὴ
1240 3580 1305 3652 δὴ
1338 3579 1525 3652 νόμιζε
1552 3583 1660 3633 τῶν
1691 3582 1962 3653 ἀπερριμ-

377 3677 559 3748 μένων
596 3676 691 3728 καὶ
723 3673 945 3744 ἀφανῶν
972 3690 1144 3736 τινας.
1176 3673 1240 3726 Οἱ
1275 3671 1373 3743 μέν
1404 3688 1469 3739 γε
1499 3672 1684 3735 αὐτοῖς
1714 3672 1823 3725 ἀπὸ
1859 3672 1960 3743 τῆς

372 3767 700 3839 θαυμαστῆς
720 3765 924 3836 ταύτης
953 3764 1048 3818 καὶ
1068 3762 1322 3834 γενναίας
1345 3763 1659 3832 φιλοσοφίας
1676 3762 1963 3838 ὡρμῶντο,

372 3858 489 3914 τῶν
511 3858 656 3930 ἀμφὶ
684 3857 774 3911 τὸν
796 3856 1055 3929 τρίϐωνα,
1086 3855 1180 3909 καὶ
1199 3854 1298 3926 τὴν
1330 3853 1496 3925 άλλην
1531 3852 1702 3925 ὀφρῦν
1719 3855 1959 3917 ἀνεσπα-

372 3951 552 4006 κότων
572 3967 585 3981 ’
621 3951 669 4004 οί
699 3949 758 4003 δὲ
800 3949 911 4003 ἀπὸ
943 3948 1052 4002 τῶν
1084 3949 1144 4001 ἐν
1172 3947 1317 4002 τέλει
1355 3947 1455 4017 τῆς
1493 3944 1808 4016 Ἀντιοχέων
1840 3945 1959 4018 ὴλί-

2063 3228 2124 3275 ut
2147 3220 2397 3275 omnium
2433 3219 2731 3291 subiiceret
2757 3221 2955 3284 oculis,
2987 3221 3109 3276 luce
3130 3220 3306 3292 palam
3338 3220 3642 3291 deprehen.

2061 3326 2181 3367 sum
2225 3327 2387 3375 esse,
2433 3327 2502 3367 ne
2543 3327 2574 3366 a
2622 3312 2857 3382 propriis
2910 3312 3132 3383 quidem
3190 3312 3405 3382 templis
3438 3321 3643 3383 pestem

2062 3412 2308 3457 avertere
2352 3403 2650 3473 fatiloquos
2678 3402 2925 3474 egregios
2954 3416 3195 3471 unquam
3229 3401 3474 3470 potuisse
3502 3419 3518 3456 :
3550 3403 3643 3472 qui

2061 3495 2107 3550 si
2160 3509 2230 3548 ne.
2280 3494 2381 3551 sibi
2416 3495 2637 3565 quidem
2684 3495 2851 3551 tantis
2885 3496 2939 3549 in
2996 3494 3242 3551 cladibus
3301 3493 3423 3549 usui
3471 3493 3641 3558 fuere,

2060 3585 2199 3641 alios
2224 3586 2421 3655 opinor
2447 3602 2589 3657 agre
2615 3586 2909 3641 admodum
2937 3586 3130 3655 jnvare
3162 3585 3456 3656 potuerint.
3499 3582 3641 3641 Idem

2062 3686 2241 3733 tamen
2270 3679 2436 3734 totius
2466 3680 2542 3734 rei
2574 3694 2845 3734 summam
2871 3688 3141 3749 caputque
3171 3676 3331 3733 facile
3354 3692 3628 3748 perspexe-

2059 3773 2152 3834 rit,
2190 3771 2235 3826 si
2263 3770 2330 3826 ad
2359 3772 2643 3841 superiora
2679 3771 2785 3826 hoc
2810 3786 2978 3825 unum
3013 3769 3302 3832 addiderit,
3325 3769 3442 3839 jam
3468 3769 3650 3823 homi—

2062 3877 2162 3918 nes
2193 3860 2246 3917 id
2274 3878 2447 3933 genus
2476 3862 2935 3933 quamplurimas,
2969 3862 3063 3932 qui
3093 3861 3424 3932 singularem
3460 3861 3637 3916 numi-

2061 3951 2148 4007 nis
2180 3950 2420 4008 afiiatum
2464 3967 2576 4023 pra
2604 3967 2663 4008 se
2694 3950 2919 4014 ferrent,
2966 3966 3106 4021 quos
3131 3951 3220 4006 isti
3255 3951 3561 4023 pracipuos
3587 3960 3638 4005 et

373 4058 572 4096 σκοντο
601 4041 837 4106 πόλεως,
882 4042 930 4093 οἱ
962 4040 1028 4111 δὴ
1073 4038 1310 4110 μάλιστα
1359 4038 1452 4091 καὶ
1483 4039 1603 4100 ταῖς
1645 4035 1766 4090 καθ’
1803 4036 1960 4108 ἡμῶν

2066 4058 2345 4098 sacrorum
2375 4043 2720 4113 interpretes,
2744 4051 2800 4097 et
2827 4042 3109 4114 theologos
3141 4052 3196 4096 et
3225 4040 3518 4113 prophetas
3543 4041 3639 4098 ha

370 4135 599 4208 ὕϐρεσιν
650 4136 708 4188 ἐν
754 4131 834 4204 τῷ
865 4131 988 4186 καθ’
1028 4132 1179 4202 ἡμᾶς
1220 4129 1447 4201 διωγμῷ
1492 4128 1958 4203 λαμπρυνόμενοι.

2066 4134 2271 4198 herent,
2300 4148 2406 4189 non
2438 4135 2616 4189 solum
2649 4133 3013 4197 antehac,sed
3043 4147 3217 4203 nuper
3240 4133 3403 4189 etiam
3427 4141 3629 4190 nostra-

373 4230 568 4297 ’Ἱσμεν
598 4226 656 4279 δὲ
684 4224 780 4280 καὶ
814 4225 906 4277 τὸν
939 4224 1228 4294 φιλόσοφον
1268 4219 1403 4293 ὁμοῦ
1438 4223 1532 4276 καὶ¹
1571 4223 1856 4294 προφήτην
1891 4221 1960 4276 τά

2066 4240 2171 4301 que
2217 4224 2481 4278 memoria
2529 4224 2726 4279 divina
2768 4223 2935 4291 hujus
2964 4221 3246 4293 sapientia
3275 4220 3498 4277 nomine
3524 4223 3637 4279 cla-

367 4323 537 4392 ὃμοια
556 4321 668 4382 τοῖς
694 4317 1005 4389 εἰρημένοις
1032 4316 1173 4370 κατὰ
1194 4314 1291 4385 τὴν
1313 4313 1549 4384 Μίλητον
1571 4313 1956 4386 ὑπομείναντα.

2066 4315 2310 4370 rissimos
2334 4356 2349 4379 ,
2398 4328 2523 4369 cum
2561 4315 2627 4369 ad
2656 4313 2903 4369 Romana
2937 4313 3227 4368 tribunalia
3258 4313 3400 4383 rapti
3433 4324 3636 4381 essent,

368 4410 560 4466 Ταῦτα
595 4411 660 4481 δή
688 4427 774 4473 τις
802 4410 898 4462 καὶ
929 4407 1099 4462 πλείω
1135 4408 1340 4459 τούτων
1368 4404 1449 4458 ἔτι
1500 4405 1747 4473 συνάγων
1766 4446 1782 4471 ,
1815 4405 1958 4458 εἴποι

2066 4406 2423 4476 quastionum
2454 4409 2505 4459 vi
2533 4407 2755 4461 adactos
2781 4445 2797 4469 ,
2826 4405 3144 4460 universum
3172 4405 3275 4461 hoc
3298 4404 3508 4461 fraudis
3541 4420 3636 4477 ge-

369 4506 443 4560 ἃν
472 4505 548 4576 μὴ
590 4503 746 4569 θεοὺς
796 4497 958 4567 εἶναι,
996 4501 1131 4573 μηδὲ
1187 4498 1293 4570 μὴν
1337 4498 1600 4569 δαίμονας
1617 4538 1632 4562 ,
1682 4499 1808 4561 τοὺς
1849 4498 1957 4550 τῶν

2066 4513 2167 4552 nus
2216 4497 2282 4551 ad
2334 4497 2582 4553 homines
2623 4497 2974 4567 decipiendos
3022 4505 3397 4567 comparatum
3451 4497 3635 4553 decla~

366 4596 519 4652 κατὰ
562 4595 745 4659 πόλεις
799 4590 1151 4666 χρηστηρίων
1203 4588 1442 4652 αἰτίους·
1497 4587 1705 4658 πλάνην
1751 4587 1808 4641 δέ
1862 4586 1956 4640 καὶ

2066 4604 2252 4654 rasse,
2317 4598 2598 4659 totumque
2667 4591 2943 4661 negotium
3000 4589 3303 4660 prastigias
3355 4604 3477 4645 esse
3509 4585 3636 4643 ’πω

368 4688 592 4760 ἀπάτην
623 4686 836 4759 ἀνδρῶν
877 4685 1111 4757 γοήτων.
1155 4683 1265 4736 Καὶ
1306 4677 1447 4753 ἦσάν
1489 4696 1553 4748 γε
1597 4681 1727 4752 παρ’
1773 4679 1955 4742 αὐτοῖς

2066 4681 2393 4751 compositas
2425 4678 2603 4736 fassos
2630 4679 2818 4736 fuisse.
2860 4681 3035 4750 Atque
3065 4678 3121 4734 hi
3146 4694 3364 4736 omnem
3400 4682 3627 4739 molitio-

370 4780 632 4853 ’Ἓλλησιν
675 4779 795 4833 ὅλαι
839 4779 929 4832 διὰ
962 4774 1281 4847 φιλοσοφίας
1327 4773 1647 4843 διαπρεπεῖς
1687 4769 1950 4841 αἱρέσεις,

2066 4773 2145 4827 nis
2167 4773 2395 4827 occulta:
2443 4772 2733 4835 rationem,
2778 4780 3057 4843 totamque
3085 4772 3345 4829 malefica
3387 4774 3523 4829 artis
3550 4774 3635 4829 lu-

364 4874 574 4944 ταύτης
626 4872 1026 4945 προῖστάμεναι
1079 4869 1177 4939 τῆς
1231 4865 1421 4938 δόξηςο
1473 4864 1548 4927 ὡς
1605 4864 1653 4916 of.
1696 4861 1805 4915 ἀπὸ
1859 4859 1951 4914 τοῦ

2066 4865 2421 4921 diticationem
2452 4866 2633 4921 verbis
2664 4864 2957 4935 ipsissimis
2976 4905 2992 4929 ,
3024 4863 3225 4934 quibus
3249 4879 3364 4919 rem
3387 4873 3513 4919 ante
3535 4881 3635 4936 pa-

378 4967 786 5040 Ἀριστοτέλους
815 4964 909 5018 καὶ
935 4963 1138 5025 πάντες
1162 4962 1212 5014 οἱ
1237 4958 1472 5027 καθεξῆς
1502 4955 1595 5010 τοῦ
1621 4955 1951 5028 Περιπάτου,

2066 4955 2371 5022 Lefecerant,
2407 4957 2461 5009 in
2483 4962 2602 5011 acta
2628 4955 2842 5025 publica
2866 4953 3172 5009 retulerunt
3202 4972 3216 5008 :
3242 4955 3433 5025 sicque
3454 4954 3634 5023 justas

361 5061 599 5115 Κυνικοί
622 5078 682 5114 τε
713 5061 808 5114 καὶ
847 5056 1232 5128 Ἐπικούρειοι,
1263 5052 1356 5117 οὓς
1385 5053 1479 5107 καὶ
1508 5051 1739 5122 μάλιστα
1778 5049 1952 5119 ἔγωγε

2066 5047 2292 5101 exitialis
2320 5046 2529 5101 fraudis
2562 5060 2752 5116 poenas
2779 5045 3025 5109 luentes,
3086 5042 3350 5113 quidquid
3405 5043 3632 5111 latebat,

439 5237 467 5267 ι
507 5226 594 5281 ἵσ.
625 5225 803 5281 ἄλλον.
876 5223 907 5263 b
947 5223 1033 5276 ῑσ.
1072 5219 1149 5274 δέ.
1226 5229 1249 5259 ε
1291 5235 1380 5287 γρ.
1423 5214 1708 5285 ἐξέφηναν.
1784 5213 1811 5253 ά
1852 5213 1957 5270 del.
1990 5214 2102 5266 καί.

356 5384 463 5439 pra
512 5329 758 5424 laudavit
803 5364 1030 5427 Euseb.,
1057 5378 1112 5432 p.
1148 5357 1494 5441 61;A’rnob.
1528 5354 1626 5438 lib.
1661 5370 1678 5407 I
1712 5372 1728 5408 :
1765 5352 1948 5436 Delius
2126 5350 2240 5473 (ἓξ)
2280 5287 2573 5405 adrosor.
2612 5344 2972 5428 Communior
3016 5355 3083 5397 ac
3136 5339 3333 5396 melior
3359 5340 3630 5412 scriptura

369 5437 557 5473 Ακηηη
606 5439 683 5473 ..ιι
716 5437 929 5473 plna...
992 5433 1292 5473 mdnmmns
1350 5427 1650 5473 ΡΙηΙεςιιιε.
1698 5424 1947 5473 Ρυιίιιιιε-
2051 5431 2155 5473 est.
2234 5420 2466 5473 άνθειον.
2502 5419 2707 5473 penult.
2737 5415 3063 5473 dmhthong.

357 5415 1292 5502 Ἆρρίίδξῦλδίαῖἶιῖίίῦίᾶυιὴανᾷω
1344 5426 1650 5502 Pltifesius,
1679 5424 1948 5502 Pythius,
2051 5415 2466 5502 est:,hl_l‘dw_0_etov_.
2502 5419 2707 5502 penult.
2737 5415 3063 5502 dipli'thong.

2127 5481 2237 5562 (9.4)
2280 5493 2344 5562 οι
2385 5488 2464 5562 δέ
2496 5481 2673 5557 λιηδέ,
2717 5481 2835 5562 etc.
2866 5481 3194 5562 [feve'satis
3218 5488 3630 5562 argumentum,

2050 5551 2177 5617 cum
2211 5551 2266 5614 et
2296 5551 2606 5614 Judaorum
2636 5566 2692 5611 et
2708 5554 3145 5609 Christianorum
3179 5551 3379 5622 templa
3407 5560 3517 5622 non
3542 5565 3630 5605 se.-

2052 5630 2161 5686 mel
2186 5631 2352 5703 etiam
2368 5627 2757 5703 conflagrarint
2780 5643 2795 5703 :_
2823 5623 2929 5678 nisi
2962 5622 3262 5703 addideris,
3277 5620 3424 5703 quod
3441 5620 3547 5703 .lib.
3572 5635 3626 5675 vt

2056 5693 2642 5771 pluribus,rdamon_e_s
2702 5695 2799 5750 fati
2856 5693 3184 5771 necessitate
3215 5693 3409 5757 victos,
3440 5693 3626 5744 incen-

2058 5763 2209 5827 dium
2243 5771 2313 5825 ab
2341 5770 2408 5825 iis
2436 5768 2705 5836 depellere
2736 5781 2844 5821 non
2874 5763 3140 5837 pomisse.

358 5493 474 5562 etc.
502 5493 618 5563 lmo
664 5514 720 5562 et
767 5493 1076 5571 Didymaus
1094 5493 1712 5571 ’Jupiterpotjusudici
1749 5493 1948 5571 pot_ui_t,

360 5595 534 5647 quam
564 5578 758 5649 Apollo
781 5565 1113 5649 podonaus.
1146 5564 1221 5627 Ita
1240 5564 1398 5649 enim
1424 5564 1754 5649 E‘allimach.
1784 5564 1948 5649 ξιφρῖ-

360 5632 425 5701 εξέ
464 5632 544 5709 τε,
580 5632 675 5703 xii
707 5646 809 5700 Ζεῦ
855 5643 1103 5715 Διδύμων
1129 5640 1397 5715 γενάρχα,
1420 5635 1488 5715 ξι
1518 5644 1749 5715 uterque
1783 5632 1948 5715 Didy:

363 5720 489 5772 mai
532 5703 733 5788 prases
774 5703 1003 5788 oraculi:
1034 5703 1816 5788 Stephan.'E-Af60;ta,..:6§og
1855 5703 1950 5755 καὶ

366 5773 626 5862 μαντεῖον
656 5788 916 5860 Μιλήτου,
946 5773 1319 5853 ὰφιερῶμένον
1343 5776 1427 5830 Διῒ
1456 5773 1550 5830 καὶ
1596 5773 1910 5828 Ἀπόλλωνι.
