4156 6442
528 360 633 442 239

1181 381 1454 440 EUSEBll
1492 378 1975 438 CASSARIENSIS
2016 377 2167 435 OPP.
2207 374 2388 432 PARS
2426 374 2490 429 ιι.
2533 407 2603 417 -—
2632 373 3137 431 APOLOGETICA.

3700 382 3813 435 suo

526 506 848 573 cvulgarunt
874 545 886 568 ,
920 519 1151 575 quaeque
1174 513 1360 559 nostra
1392 503 1642 557 oratione
1669 502 1974 572 produntur
1995 538 2014 565 ,
2047 515 2081 553 ος

2216 497 2525 568 ἐθαύμασα,
2556 497 2704 559 ὅπως
2737 496 2795 547 ὲν
2824 497 2937 558 τοῖς
2987 493 3254 565 Ἐλλήνων
3303 492 3458 564 ἤθεσι
3507 497 3810 565 τραφέντες

527 598 691 651 rebus
741 597 876 666 ipsis
921 598 974 649 in
1023 596 1268 651 omnium
1320 595 1440 649 luce
1485 594 1935 664 comprobarunt.
1979 590 2109 657 Sed,

524 686 715 756 quales
744 686 892 740 enim
930 687 1018 741 isti
1070 686 1261 741 erant?
1297 685 1441 740 Cave
1483 693 1540 739 tu
1575 685 1708 738 mihi
1743 683 1988 753 abjectos
2018 697 2114 735 ne-

524 778 641 831 scio
667 793 812 847 quos
835 786 890 833 et
912 780 1181 834 obscuros
1212 778 1443 849 cogites.
1501 776 1607 830 Alii
1641 775 1843 847 quippe
1872 790 1937 828 ex
1974 789 2113 843 pra:-

524 870 670 924 clara
704 870 794 924 illa
826 871 1106 941 nobilique
1151 868 1497 940 philosophia
1540 868 1891 939 prodierant,
1936 866 2112 920 homi-

521 979 650 1017 num
681 979 871 1019 eorum
921 979 987 1019 ex
1026 978 1218 1034 grege,
1260 964 1355 1033 qui
1384 962 1610 1033 pallium
1639 960 1859 1016 assidue
1902 965 2107 1021 terunt,

518 1070 582 1111 ac
609 1056 823 1111 sublato
847 1057 1141 1127 supercilio
1185 1065 1494 1127 caateroque
1520 1069 1644 1110 cum
1680 1053 1824 1113 fastu
1856 1049 2110 1105 inambu-

517 1148 632 1201 lant
663 1166 676 1202 :
708 1149 800 1203 alii
824 1163 890 1204 ex
916 1148 1050 1219 ipsis
1076 1148 1433 1204 Antiochenaa
1481 1146 1719 1203 civitatis
1769 1142 2101 1214 magistrati-

516 1245 620 1297 bus
654 1257 719 1296 ac
746 1240 1083 1311 primoribus
1111 1248 1290 1303 erant,
1325 1238 1419 1308 qui
1449 1237 1724 1292 sazvientis
1760 1235 1813 1289 in
1849 1249 1947 1289 nos
1977 1248 2104 1304 per-

517 1334 816 1390 secutionis
862 1343 1107 1403 tempore
1148 1330 1357 1387 nostris
1400 1344 1466 1385 ex
1509 1328 1727 1399 injuriis
1763 1325 2107 1381 auctoritatis

512 1429 807 1501 plurimum
840 1443 904 1483 ac
935 1426 1242 1498 splendoris
1268 1423 1619 1495 quaesieram.
1651 1420 1813 1492 136
1844 1418 2104 1474 Philoso-

511 1523 679 1593 phum
749 1529 1012 1590 praeterea
1092 1517 1387 1588 quemdam
1457 1514 1758 1580 novimus,
1830 1512 2105 1583 simulque

511 1612 857 1681 prophetam,
884 1611 971 1676 iis,
997 1624 1121 1679 quae
1142 1608 1404 1671 diximus,
1429 1605 1629 1661 similia
1655 1601 1822 1657 Mileti
1843 1602 2100 1657 subiisse.

509 1701 605 1758 llis
639 1703 803 1775 igitur
827 1701 1072 1757 collectis
1101 1700 1338 1770 aliisque
1365 1697 1619 1768 pluribus
1641 1737 1657 1763 ,
1699 1694 1894 1747 merito
1943 1704 2103 1762 neget

508 1795 785 1865 quispiam
834 1803 945 1848 tam
989 1792 1262 1847 daemones
1299 1804 1463 1860 quam
1494 1787 1628 1842 deos
1654 1797 1973 1855 sparsorum
2004 1797 2101 1851 per

2217 588 2357 653 ἐξέτι
2389 588 2497 641 τῶν
2531 587 2884 659 σπαργάνων,
2918 589 3048 651 παῖς
3074 586 3227 658 παρὰ
3258 586 3463 657 πατρὸς
3491 585 3647 651 θεοὺς
3671 584 3804 643 εἶναι

2212 683 2338 745 τοὺς
2390 681 2749 753 δηλουμένους
2797 680 3228 751 παρειληφότες,
3295 680 3411 733 οὔθ’
3452 680 3618 752 ἕτερα
3666 684 3802 754 (25)

2214 772 2409 844 ληπτοὶ
2437 774 2724 841 γεγόνασιν
2743 789 2756 803 '
2787 772 2924 825 ἀλλὰ
2946 772 3088 827 κατὰ
3118 773 3319 844 κράτος
3344 772 3531 826 καὶτὰ
3557 772 3805 844 βώμενα

2212 866 2543 938 χρηστήρια,
2579 866 2675 919 καὶ
2708 865 2777 920 τὰ
2807 865 2959 937 παρὰ
2996 867 3129 918 πᾶσι
3177 865 3625 937 μεταδιωκόμενα
3674 884 3807 937 μαν-

2216 958 2329 1010 τεῖα
2366 956 2519 1009 οὐδὲν
2565 957 2753 1028 ςέρειν
2807 956 3006 1029 ἀληθὲς
3050 956 3404 1027 ἀπήλεγξαν,
3449 957 3700 1028 ἀνωφελῆ
3747 975 3806 1012 τι

2210 1044 2351 1101 εἶναι
2384 1049 2771 1119 ἀπεφήναντο,
2806 1049 2900 1102 καὶ
2938 1046 3140 1120 μᾶλλον
3185 1048 3454 1119 ἐπιϐλαϐἧ
3489 1052 3801 1121 τυγχάνειν.

2208 1139 2435 1211 Μυρίων
2458 1140 2515 1193 δὲ
2542 1139 2733 1205 ὄντων,
2755 1142 2850 1195 καὶ
2882 1140 2970 1194 διὰ
2994 1140 3255 1194 πλειόνων
3280 1142 3383 1214 τὴν
3405 1142 3514 1196 τῶν
3537 1144 3805 1213 μαντείων

2209 1228 2521 1302 ἀνατροπὴν
2556 1230 2960 1302 πεποιημένων,
2993 1229 3248 1302 ἐξαρκεῖν
3275 1231 3464 1302 ἔμοιγε
3499 1233 3804 1304 μαρτυρίας

2208 1319 2369 1392 χάριν
2398 1319 2515 1373 τῶν
2532 1320 2843 1392 είρημένων
2874 1322 2967 1375 ἐπὶ
2997 1321 3091 1375 τοῦ
3124 1322 3395 1393 παρόντος
3435 1322 3678 1394 ἠγοῦμαι
3711 1323 3803 1377 καὶ

2210 1409 2343 1478 μίαν
2383 1409 2503 1476 ἑνὸς
2559 1410 2767 1465 τούτων
2816 1411 3121 1484 παράθεσιν
3169 1412 3503 1467 ἀπαντῶσαν
3554 1415 3692 1486 πρὸς
3732 1414 3803 1468 τὰ

2206 1501 2519 1574 Χρυσίππῳ
2569 1503 2697 1574 περὶ
2735 1504 3077 1575 εἱμαρμένης
3109 1504 3217 1558 ἀπὺ
3256 1503 3359 1574 τῆς
3391 1504 3501 1557 τῶν
3534 1505 3804 1575 μαντείων

2204 1594 2570 1666 προρρήσεως
2624 1596 3162 1650 κατασκευασθέντα.
3213 1596 3419 1667 Γράφει
3462 1596 3508 1650 δ’
3538 1592 3632 1651 οὖν
3664 1597 3803 1667 πρὸς

2203 1685 2367 1739 αὑτὸν
2398 1687 2430 1739 ὁ
2456 1689 2830 1758 συγγραφεὺς,
2864 1687 3207 1759 ἀπελέγχων,
3249 1688 3335 1742 ὅτι
3371 1688 3558 1752 κακῶς
3595 1690 3660 1742 ἐκ
3691 1689 3802 1742 τῶν

2205 1777 2477 1848 μαντείων
2506 1778 2830 1849 σημειοῦται
2861 1779 2960 1851 τὴν
2984 1781 3351 1852 εἱμαρμένην,
3377 1780 3474 1836 καὶ
3495 1781 3580 1834 ὅτι
3598 1781 3658 1835 ιν
3687 1784 3801 1846 τοῖς

507 1887 672 1942 urbes
712 1887 1063 1942 oraculorum
1116 1892 1372 1940 auctores
1403 1881 1611 1945 fuisse,
1664 1891 1893 1947 remque
1924 1885 2081 1931 totam

2202 1869 2475 1935 πλείστοις
2502 1872 2572 1925 τὰ
2600 1871 2711 1926 τῶν
2742 1872 3010 1944 Ἑλλήνων
3034 1877 3263 1946 μαντεῖα
3284 1874 3680 1945 διαψεύδονται,
3703 1877 3802 1929 καὶ

506 1979 561 2034 in
585 1993 829 2034 errorem
857 1977 1003 2048 vulgi
1040 1992 1105 2032 ac
1128 1975 1520 2031 circulatorum
1566 1970 1842 2027 fallaciam
1873 1966 2087 2039 paesti-

506 2069 730 2140 giasque
751 2066 1018 2124 conferat.
1060 2065 1124 2121 Et
1163 2081 1295 2121 vero
1317 2065 1540 2133 integrae
1571 2076 1822 2133 quoque,
1854 2075 1920 2115 ac
1945 2072 2089 2130 prae-

505 2161 652 2229 cipui
681 2160 920 2216 nominis
946 2157 1401 2228 philosophorum
1441 2164 1603 2211 sectae
1626 2153 1793 2223 hujus
1814 2150 2093 2222 opinionis

2194 1962 2276 2015 ὅτι
2300 1964 2542 2028 σπανίως
2562 1965 2746 2029 αὐτοῖς
2772 1967 2837 2019 ἐκ
2861 1968 3152 2038 συντυχίας
3176 1968 3306 2021 ποτέ
3334 1985 3457 2023 τινα
3486 1968 3799 2040 συμϐαίνει,

2192 2055 2276 2109 ὅτι
2304 2073 2364 2109 τε
2395 2057 2665 2129 ἄχρηστος
2701 2058 2884 2113 αὐτῶν
2915 2061 3012 2113 καὶ
3053 2061 3355 2133 ὲπιόλαθὴς
3397 2064 3432 2133 ἡ
3462 2063 3796 2134 πρόρρησις.

2202 2151 2406 2204 Ἀκουε
2439 2150 2484 2204 δ’
2520 2146 2636 2217 οὖν,
2663 2151 2699 2206 ἃ
2724 2169 2859 2223 φησι
2890 2153 3033 2207 κατὰ
3063 2153 3230 2220 λέξιν.

502 2254 673 2309 duces
700 2269 766 2309 ac
794 2253 1040 2309 vindices
1087 2252 1370 2316 exstitere,
1403 2260 1533 2321 puta
1578 2248 1671 2320 qui
1704 2265 1770 2305 ex
1825 2246 2138 2302 Aristotelis
2188 2246 2474 2317 disciplina
2504 2248 2858 2317 prodierant,
2892 2258 2948 2305 et
2977 2258 3252 2321 quotquot
3277 2251 3535 2323 deinceps
3575 2248 3790 2319 Peripao

502 2346 650 2402 tetici
694 2345 961 2402 nominati
1004 2354 1171 2410 sunt,
1234 2358 1335 2398 nec
1375 2357 1484 2398 non
1525 2340 1717 2413 Cynici
1742 2349 1797 2396 et
1832 2338 2109 2411 Epicurei,
2164 2354 2306 2410 quos
2348 2339 2601 2409 equidem
2635 2341 2824 2396 mirari
2887 2357 2956 2397 eo
2993 2345 3216 2399 nomine
3258 2345 3557 2416 plurimum
3615 2345 3794 2406 soleo.

501 2439 645 2513 quod
675 2454 801 2495 cum
826 2437 1155 2494 Graecorum
1187 2438 1241 2492 in
1276 2437 1524 2493 moribus
1548 2438 1616 2492 ab
1668 2436 1801 2507 ipsis
1845 2436 2193 2492 incunabulis
2262 2438 2476 2493 educati
2539 2437 2810 2504 fuissent,
2844 2453 2908 2493 ac
2934 2439 3066 2495 deos
3093 2454 3253 2504 esse,
3297 2455 3438 2510 quos
3489 2449 3618 2496 ante
3650 2439 3793 2494 dixi-

503 2545 649 2595 mus,
684 2531 837 2600 pueri
883 2545 915 2585 a
958 2530 1076 2585 suis
1107 2529 1312 2601 quique
1376 2526 1695 2599 parentibus
1742 2526 2099 2596 accepissent,
2157 2542 2438 2597 nunquam
2486 2537 2665 2581 tamen
2706 2528 2990 2583 erroribus
3029 2528 3148 2584 istis
3206 2529 3408 2584 irretiri
3448 2530 3562 2585 ullo
3624 2532 3792 2590 modo

499 2623 802 2692 potuerint,
837 2624 931 2679 sed
961 2622 1165 2693 potius,
1196 2637 1319 2693 quae
1338 2618 1935 2692 passimjactabantur,
1980 2620 2223 2686 oracula,
2286 2637 2519 2691 quaeque
2571 2621 2819 2676 omnium
2862 2636 3137 2677 concursu
3199 2624 3527 2693 populorum
3591 2627 3791 2681 vatici-

501 2719 590 2774 nia
627 2716 1063 2785 celebrabantur,
1115 2732 1175 2771 ea
1229 2730 1339 2771 non
1368 2714 1531 2771 modo
1556 2713 1814 2769 vanitatis
1841 2727 1906 2767 ac
1932 2712 2201 2768 mendacii
2228 2714 2597 2785 coarguerint,
2641 2714 2736 2769 sed
2768 2713 2934 2769 etiam
2989 2715 3143 2770 exitii
3195 2717 3380 2787 potius
3451 2733 3617 2787 quam
3672 2721 3791 2775 uti-

499 2809 666 2865 litatis
694 2810 861 2865 ullius
896 2823 1114 2864 causas
1159 2823 1283 2865 esse
1311 2807 1761 2863 demonstrarint.
1802 2808 2073 2863 Caeterum
2106 2822 2231 2861 cum
2281 2807 2527 2864 sexcenti
2568 2808 2954 2863 vaticiniorum
3006 2808 3238 2865 istorum
3308 2812 3607 2869 vanitatem
3666 2814 3788 2883 plu-

496 2902 649 2958 ribus
692 2900 1050 2968 confutarinl,
1097 2899 1233 2955 mihi
1260 2909 1444 2955 tamen
1496 2899 1565 2955 ad
1610 2899 1833 2969 aliquod
1863 2914 2207 2971 eorum,quae
2260 2899 2411 2966 dixi,
2484 2900 2859 2955 testimonium
2926 2903 3065 2958 satis
3106 2901 3224 2958 fore
3289 2904 3786 2974 impraesentiarum

494 2992 718 3065 putavi,
753 2992 801 3048 si
844 2992 1012 3047 unius
1046 3002 1259 3048 tantum
1292 3008 1358 3048 ex
1388 2992 1456 3048 iis
1482 2991 1914 3064 disputationem
1937 3033 1951 3058 ,
1984 2992 2249 3048 adversus
2267 3008 2356 3057 ea,
2416 3008 2541 3063 qua:
2584 3007 2685 3064 pro
2746 2991 2858 3048 fato
2912 2993 3253 3066 Chrysippus
3316 3011 3382 3051 ex
3436 2999 3786 3053 oraculorum

494 3086 845 3159 praedictione
888 3084 1225 3152 confecerat,
1255 3094 1575 3158 argumenta
1622 3093 1959 3156 susceptam,
2002 3083 2111 3140 hoc
2155 3085 2279 3141 loco
2305 3084 2658 3155 subjicerem.
2723 3083 2815 3141 Sic
2861 3086 3008 3140 enim
3071 3087 3336 3144 adversus
3375 3089 3528 3143 illum
3596 3099 3783 3147 auctor

496 3178 599 3234 iste
634 3177 865 3245 scribit,
913 3186 975 3233 ut
1019 3192 1147 3233 eum
1197 3193 1264 3233 ex
1310 3179 1550 3235 oraculis
1589 3193 1876 3251 perperam
1907 3177 2081 3234 l‘atum
2142 3178 2435 3234 observare
2457 3193 2522 3241 ac
2545 3178 2780 3249 probare
2818 3191 3107 3251 coarguat,
3178 3181 3425 3252 adeoque
3466 3182 3783 3240 Graecorum

490 3273 719 3331 oracula
753 3273 808 3327 in
840 3271 1119 3343 plerisque
1146 3272 1402 3329 omnibus
1422 3273 1560 3329 falsa
1591 3274 1962 3343 respondisse,
1995 3289 2231 3344 raroque
2267 3272 2587 3342 admodum,
2625 3273 2791 3344 idque
2835 3290 2945 3329 non
3002 3275 3109 3329 nisi
3174 3290 3305 3331 casu
3331 3318 3346 3342 ,
3406 3289 3659 3334 eventum
3717 3282 3791 3335 iis

491 3366 862 3437 respondisse,
889 3375 1168 3436 postremo
1191 3381 1299 3421 non
1322 3368 1499 3423 solum
1525 3367 1769 3436 inutiles,
1808 3368 1905 3423 sed
1969 3368 2133 3424 etiam
2201 3368 2546 3439 perniciosas
2589 3382 2783 3424 eorum
2850 3368 3233 3439 praedictiones
3278 3384 3401 3425 esse
3468 3372 3782 3434 contendat.

490 3460 632 3516 Audi
680 3471 853 3528 ergo,
903 3457 1366 3527 quemadmodum
1415 3460 1535 3531 ipse
1582 3458 1653 3514 ad
1706 3459 1932 3515 verbum
1988 3458 2269 3531 loquatur.

1096 3596 1326 3655 CAPUT
1377 3597 1472 3653 Ill.

2718 3600 3119 3654 ΚΕΦᾹΛΑΙΟΝ
3168 3601 3222 3654 1"
3228 3640 3245 3656 .

492 3693 576 3747 lia:
615 3693 927 3765 Diogeniani
959 3694 1198 3765 scriptis,
1222 3693 1495 3746 divinandi
1529 3700 1696 3765 artem
1736 3693 1952 3748 minime
1972 3691 2074 3747 sibi

2190 3693 2289 3747 Ἐκ
2319 3691 2439 3746 τῶν
2470 3692 2853 3765 meq-erraret“)
2888 3692 3032 3763 (26),
3068 3693 3157 3747 ὅτι
3189 3694 3536 3763 ἁσύστατος
3573 3698 3770 3754 αὐτῶν

564 3762 803 3818 constare
823 3805 837 3828 ,
872 3767 928 3818 in
959 3763 1220 3834 plerisque
1250 3765 1496 3829 mentiri;
1525 3763 1868 3835 inutilemque
1894 3774 2074 3819 vatum

2246 3765 2286 3835 ἡ
2310 3762 2587 3832 μαντικὴ
2618 3766 2715 3818 καί
2742 3762 2829 3835 ,τὰ
2873 3762 3075 3835 πολλὰ
3118 3766 3461 3835 ψευδομένη
3481 3762 3626 3832 ,καὶ
3680 3771 3768 3827 ὅτι

562 3852 625 3888 ac
653 3836 1005 3905 perniciosam
1035 3850 1147 3888 esse
1177 3835 1595 3903 prcdietionem.
1784 3834 1787 3835 ⁷

2245 3834 2548 3910 ᾅχρηστος
2590 3835 2688 3888 καί
2725 3834 3056 3903 ἐπιϐλαϐὴς
3102 3835 3142 3904 ἡ
3180 3837 3306 3889 κατ’
3330 3834 3563 3904 ,αὐτοὺς
3595 3844 3744 3910 «pas

2239 3906 2446 3972 ρησις.

566 4009 586 4041 ι
618 3989 814 4056 Aliud,
862 3989 1075 4059 inquit,
1119 3998 1380 4061 praeterea
1420 3990 1589 4044 citato
1629 3990 1770 4044 libro
1798 3989 2069 4061 ejusmodi

489 4092 866 4155 argumentum
915 4082 1253 4154 Chrysippus
1296 4080 1472 4137 aﬂert.
1532 4080 1701 4153 Negat
1730 4083 1875 4136 enim
1912 4098 2069 4138 veras

486 4176 795 4231 divinorum
846 4174 1003 4246 137
1048 4185 1235 4229 vatum
1290 4175 1669 4244 praedictiones
1720 4173 1954 4241 futuras,
1991 4175 2069 4229 ni-

486 4270 534 4323 si
561 4268 744 4323 omnia
785 4266 878 4321 l'ati
936 4267 1259 4322 necessitate
1314 4262 1650 4321 tenerentur.
1694 4264 1749 4321 ld
1774 4267 1921 4336 quod
1956 4282 2065 4322 non

485 4360 714 4415 minoris
752 4358 996 4429 profecto
1037 4359 1281 4414 stultitia:
1327 4368 1451 4426 est,
1499 4374 1662 4428 quam
1700 4369 1915 4413 caatera.
1950 4357 2066 4413 Hoc

482 4450 627 4504 enim
667 4449 893 4518 perinde
917 4450 1107 4517 sumit,
1145 4465 1211 4504 ac
1238 4451 1284 4504 si
1321 4450 1405 4504 vel
1449 4451 1702 4515 istorum,
1746 4466 1888 4520 quos
1912 4459 2062 4506 vates

482 4540 794 4605 nominant,
840 4541 1095 4610 praedicta
1144 4541 1332 4596 omnia
1377 4541 1597 4596 evenire
1639 4551 1935 4608 constaret,
1972 4542 2058 4596 vel

478 4633 666 4704 potius
696 4630 812 4687 fato
847 4641 1044 4686 cuncta
1078 4632 1195 4687 lieri
1222 4647 1545 4688 concessum
1583 4648 1612 4687 a
1636 4633 1896 4703 quopiam
1923 4632 2063 4689 fuis-

474 4733 560 4779 set
595 4741 609 4778 :
645 4738 713 4779 ac
742 4736 854 4778 non
886 4723 937 4777 id
971 4724 1223 4778 similiter
1247 4723 1383 4778 falso
1409 4724 1700 4791 diceretur,
1724 4739 1849 4778 cum
1876 4736 2059 4780 tamen

470 4814 816 4871 contrarium
840 4856 855 4881 ,
887 4815 993 4870 hoc
1025 4825 1109 4871 est
1137 4832 1246 4870 non
1289 4817 1473 4870 omnia
1495 4858 1508 4883 ,
1542 4832 1663 4886 qua:
1699 4818 1768 4871 ab
1811 4817 1881 4872 iis
1917 4831 2061 4886 prte-

552 4992 661 5064 (23)
707 4992 841 5046 οὐθ’
870 4991 1061 5068 ἕτεραΓ
1104 4991 1417 5062 Legendum
1450 4994 1745 5061 videretur,
1774 4994 2052 5068 οὐδετέρᾳ.

478 5045 612 5135 Quin
642 5045 805 5127 lvox,
844 5045 1083 5128 tametsi,
1110 5045 1543 5124 *n‘a’u‘usg‘aia
1579 5045 1796 5133 Maus;
1816 5045 2054 5135 male;
2089 5045 2133 5101 Ι)

480 5133 629 5187 nulla
667 5151 679 5187 :
692 5148 809 5205 per
834 5148 955 5205 sese
985 5145 1162 5187 tamen
1188 5136 1339 5189 reddi
1365 5138 1652 5205 commode
1679 5133 1882 5205 potest,
1907 5134 2056 5192 nullo

480 5205 664 5277 modo_.
691 5204 957 5277 Themist.
990 5213 1131 5277 orat.
1164 5205 1252 5277 ill,
1288 5220 1341 5274 p.
1368 5204 1497 5277 256,
1536 5204 1781 5275 καίτοιγε
1819 5208 2058 5277 προήγο-

481 5289 574 5341 ρον
605 5270 748 5344 εἶχον
775 5270 1744 5347 οὐδετέραληπτόνξηυοείοιηηᾲίίεἰ
1779 5270 2057 5347 ροιίιθ’ἰε-

479 5352 628 5396 ctum
680 5344 975 5413 patronum
1010 5344 1176 5400 illum
1224 5344 1397 5400 fuisse
1422 5344 1588 5399 dicat.
1621 5345 1820 5399 Verum
1854 5346 1948 5402 alt.
1988 5363 2057 5401 ex

481 5412 754 5469 manuscr.
772 5415 898 5484 legit
924 5417 984 5467 οὺ
1008 5414 1531 5484 θάτερα.ριιοηιοᾱο
1548 5425 1734 5469 noster
1748 5414 2051 5471 Demonstr.

481 5432 754 5469 manuscr.
772 5432 898 5484 legll
924 5432 984 5467 Ου
1008 5432 1136 5468 υατε
1218 5432 1531 5483 ,υιιοηιοαο
1548 5432 1734 5469 ηοςιει·
1748 5432 2051 5471 υειηοηειτ.

479 5484 574 5565 lib.
608 5499 687 5565 tv,
715 5499 835 5565 cap.
867 5485 927 5565 _9_,
952 5432 1225 5565 pag._ll§ll,
1258 5490 1325 5541 de
1355 5487 1603 5565 daemone
1628 5486 1879 5565 loquens,
1906 5486 2056 5565 ξεινὰ

481 5501 574 5537 un.
608 5501 683 5542 Iv.
715 5501 835 5565 cap.
871 5501 927 5549 θ,
952 5501 1074 5554 pag.
1101 5501 1225 5553 1m,
1258 5501 1325 5541 de
1355 5501 1603 5540 (Immone
1628 5501 1879 5608 loquens,
1906 5501 2055 5541 οεινα

475 5552 835 5628 δὲᾳκατὰᾷτων
864 5554 1031 5628 ἐθνῶν
1052 5555 1316 5628 ἁπάντων
1344 5555 1664 5628 ᾁπειλήσας,
1722 5556 1905 5628 άτεραν
1924 5556 2055 5611 λεπι

475 5625 611 5697 τοὺς
642 5626 753 5687 τοῖς
785 5624 1505 5697 *προδουλίοιςὰνθρώπους
1530 5624 1769 5697 εὕρατο,
1820 5624 1911 5681 ubi
1968 5630 2046 5683 le-

2247 4015 2265 4048 ι
2296 3997 2454 4069 Φέρει
2481 3995 2539 4049 δὲ
2568 3995 2662 4048 καὶ
2686 3993 2854 4066 ἄλλην
2885 3995 3163 4064 ἀπόδειξιν
3191 3999 3249 4051 ὲν
3282 3998 3360 4069 τῷ
3385 4005 3767 4076 προειρημένῳ

2173 4087 2365 4160 βιὸλίῳ
2402 4087 2661 4158 τοιαύτην
2685 4088 2829 4142 τινα.
2866 4089 2957 4160 Μὴ
2990 4090 3096 4163 γὰρ
3140 4090 3207 4145 ἂν
3240 4093 3341 4157 τὰς
3372 4094 3483 4147 τῶν
3521 4098 3766 4166 μάντεων

2171 4181 2503 4252 προρρήσεις
2526 4178 2746 4249 ἀληθεῖς
2789 4174 2928 4233 εἷναί
2980 4198 3167 4252 φησιν,
3214 4182 3263 4235 εί
3324 4184 3399 4255 μὴ
3432 4185 3611 4239 πάντα
3661 4188 3765 4241 ὑπὸ

2170 4270 2267 4343 τῆς
2292 4270 2637 4342 εἱμαρμένης
2666 4272 3024 4343 περιείχοντο·
3062 4273 3092 4325 ὃ
3119 4273 3213 4327 καὶ
3248 4274 3379 4328 αὐτὸ
3413 4276 3618 4346 πολλῆς
3642 4279 3763 4350 εὑη-

2171 4362 2323 4427 θείας
2355 4364 2552 4434 μεστόν
2579 4363 2748 4417 ἐστιν.
2801 4364 2891 4427 Ὦς
2919 4363 3030 4436 γὰρ
3056 4366 3322 4437 ἐναργοῦς
3349 4367 3500 4431 ὄντος
3527 4370 3622 4423 τοῦ
3653 4375 3759 4427 πά-

2171 4473 2273 4520 σας
2301 4455 2619 4509 ἀποὸαίνειν
2650 4454 2750 4519 τὰς
2782 4456 2892 4509 τῶν
2924 4457 3274 4527 καλουμένων
3312 4460 3557 4530 μάντεων
3591 4468 3760 4538 προρ-

2170 4548 2380 4620 ρήσεις,
2415 4546 2448 4617 ἢ
2478 4546 2554 4611 ὡς
2586 4546 2788 4618 μᾶλλον
2816 4546 2882 4601 ἂν
2915 4548 3022 4601 ὑπό
3049 4565 3194 4613 τινος
3224 4550 3416 4605 τούτου
3470 4571 3756 4630 συγχωρη-

2164 4636 2369 4704 θέντος,
2414 4638 2508 4692 τοῦ
2556 4639 2735 4693 πάντα
2775 4639 3023 4709 γίνεσθαι
3076 4641 3198 4695 καθ’
3251 4646 3615 4720 εἱμαρμένην,
3664 4651 3758 4705 καὶ

2162 4731 2283 4802 οὐχὶ
2317 4732 2519 4802 ὁμοίως
2564 4731 2631 4787 ἂν
2658 4726 2889 4802 ψευδοῦς
2935 4732 3191 4805 ῥηθέντος
3223 4737 3318 4791 καὶ
3347 4738 3534 4804 αὐτοῦ,
3568 4742 3754 4814 ἐπειδὴ

2163 4824 2258 4880 καὶ
2278 4822 2340 4877 τὸ
2370 4824 2636 4893 ἐναντίον,
2671 4824 2816 4893 λέγω
2847 4826 2904 4879 δὲ
2929 4827 2989 4880 τὸ
3022 4825 3097 4899 μὴ
3132 4828 3311 4882 πάντα
3340 4830 3657 4887 ἀποϐαίνειν
3686 4834 3754 4888 τὰ

2163 5012 2346 5080 autem
2377 5004 2674 5080 voluptatis
2704 5006 3047 5080 illecebram.
3087 5009 3157 5064 de
3186 5024 3294 5080 qua
3324 5012 3457 5066 ibid.

2236 5072 2352 5155 Q6)
2389 5072 2792 5155 Διογενιανοῦ.
2852 5072 3488 5155 Διι--Ινίοεςξιιίἀηυεᾼὶιίο
3514 5124 3530 5148 ,
3581 5098 3748 5155 quem

2166 5143 2366 5220 _Sui_das
2400 5143 2507 5214 per
2530 5162 2580 5198 ει
2606 5147 2817 5214 scribit,
2847 5159 2900 5220 et
2942 5143 3317 5220 Heracleotem
3363 5143 3533 5208 fuisse
3561 5143 3748 5220 tradit,

2165 5214 2560 5290 insignemque
2592 5219 3049 5290 grammaticum?
3098 5217 3271 5290 Hujus
3304 5232 3522 5279 exstant
3548 5214 3749 5280 Graece

2166 5281 2475 5364 Parmmiaa;
2513 5281 2787 5364 Medicum
2812 5287 3058 5364 ejusdem
3091 5281 3331 5364 nominis
3378 5294 3743 5349 clarissimum

2165 5354 2307 5408 idem
2341 5355 2539 5412 Suidas
2560 5357 2741 5425 habet,
2775 5354 2959 5414 itidem
2987 5358 3384 5421 Heracleotem.
3421 5365 3513 5419 sed
3542 5382 3607 5418 ex
3636 5365 3743 5419 lle-

2164 5425 2343 5501 raclea
2373 5426 2568 5501 (larisa,
2594 5442 2719 5482 cum
2744 5430 2990 5501 plerique
3013 5435 3429 5500 grammaticum
3462 5435 3613 5488 illum
3638 5436 3741 5488 lle—

2163 5495 2358 5574 raclgte
2384 5494 2540 5574 Ponti
2580 5494 2767 5574 natum
2803 5494 3524 5574 credertfntflutarchusin
3549 5521 3738 5574 opusc.

2164 5562 2243 5639 Pe
2268 5563 2479 5635 Pythia:
2506 5568 2712 5621 oracul.
2765 5580 2820 5624 et
2862 5570 2956 5624 lib.
2996 5570 3069 5624 De
3102 5575 3301 5626 conviv.
3339 5562 3601 5639 alterum:
3646 5577 3739 5629 sed

2162 5631 2583 5709 Pergamenum.
2631 5639 2685 5691 in
2722 5640 3056 5709 colloquium
3090 5643 3329 5697 adhibet.
3362 5631 3739 5699 Theodorctns

474 5695 710 5784 gelidum
749 5694 959 5776 videtur
991 5694 1319 5784 προδολίοις.
1348 5695 1402 5749 Id
1432 5705 1517 5784 est
1541 5694 1654 5784 :lfft
1675 5697 1912 5784 gentibus
1936 5714 2047 5781 oni-

2186 5705 2248 5758 ib.
2352 5706 2429 5784 De
2455 5694 2758 5763 Grecorum
2779 5694 2982 5779 a/fe'ctn
3352 5694 3739 5784 ιῐόὲῐέἷ

475 5765 626 5818 nibus
657 5766 841 5834 gravia
888 5765 1119 5818 minatus
1168 5783 1288 5819 cum
1330 5775 1485 5831 esset,
1529 5768 1639 5819 alia
1688 5768 1892 5821 ratione
1932 5769 2043 5822 suis
2155 5778 2421 5833 meminit,

472 5837 581 5903 ipse
601 5834 870 5889 venabulis
895 5846 1052 5907 captu
1074 5836 1259 5905 facile;
1286 5837 1518 5891 homines
1551 5839 1760 5906 reperit.
1790 5836 2046 5908 luteiligit
