4156 6440
400 464 500 520 2H

1535 454 1859 515 PREPAR.
1901 455 2152 513 EVANG.
2196 456 2323 511 LIB.
2362 455 2450 511 ιν.

3543 450 3649 504 242

399 574 895 649 προαγορευθέντα,
919 573 1115 645 μᾶλλον
1137 573 1193 626 δέ
1215 571 1285 626 τά
1313 572 1538 627 πλεῖστα
1564 572 1742 627 αὐτῶν
1771 573 1805 644 ἡ
1830 573 1952 645 ἐνέρ

2084 573 2332 638 nuntiata
2378 579 2530 640 sunt,
2583 570 2820 637 evenire,
2867 569 2978 625 imo
3024 584 3182 625 secus
3208 567 3425 623 evenire
3455 582 3650 638 quam-

399 687 519 738 γεια
547 667 659 739 (27)
678 666 966 720 δείκνυσιν.
986 663 1142 719 Οὕτω
1155 665 1255 736 τὴν
1278 662 1550 729 ἀπόδειξιν
1581 666 1712 736 ήμῖν
1729 662 1974 735 Χρύσιπ-

393 778 493 824 πος
538 758 821 829 κεκόμικε,
864 758 934 810 ’δι’
966 756 1207 828 ἀλλήλων
1240 755 1664 820 κατασκευάζων
1712 754 1969 826 ἑκάτερα.

392 853 467 905 Τὸ
500 852 599 922 μὲν
624 850 735 921 γὰρ
759 850 936 903 πάντα
967 848 1213 917 γίνεσθαι
1257 847 1383 901 καθ’
1413 846 1754 918 εἱμαρμένην
1783 847 1847 900 ἐκ
1877 846 1972 900 τοῦ

394 942 662 1014 μαντικὴν
690 939 827 996 εἶναι
851 940 1121 994 δεικνύναι
1154 940 1399 1011 βούλεται
1423 957 1437 969 ·
1467 940 1528 993 τὸ
1557 939 1614 992 δὲ
1659 933 1797 993 εἶναι
1833 955 1969 1008 μαν-

390 1032 546 1104 τικὴν
576 1033 678 1087 οὐκ
706 1032 772 1086 ἂν
805 1032 980 1096 ἄλλως
1004 1031 1283 1099 ἀποδεῖξαι
1308 1031 1544 1097 δύναιτο,
1575 1032 1621 1083 εί
1663 1029 1738 1102 μὴ
1768 1029 1972 1100 προλά-

393 1126 475 1178 ϐοι
516 1124 577 1178 τὸ
625 1124 801 1179 πάντα
835 1124 1151 1196 συμϐαίνειν
1183 1123 1305 1176 καθ’
1349 1123 1711 1194 εἱμαρμένην.
1742 1124 1898 1186 Ποῖος
1924 1123 1968 1176 δ’

393 1215 459 1269 ἂν
491 1213 892 1286 μοχθηρότερος
928 1213 1128 1286 τρόπος
1150 1210 1478 1276 ἀποδείξεως
1504 1210 1694 1264 τούτου
1721 1211 1966 1280 γένοιτος

391 1308 463 1360 Τὸ
493 1307 602 1379 γὰρ
625 1305 939 1361 ἀποϐαίνειν
968 1305 1089 1359 τινὰ
1119 1303 1263 1360 κατὰ
1289 1305 1387 1376 τὴν
1419 1304 1698 1376 ἐνέργειαν
1734 1297 1809 1360 ὧν
1835 1321 1970 1375 προ-

388 1396 633 1465 λέγουσιν
656 1398 706 1450 οἱ
732 1396 972 1468 μάντεις,
993 1396 1054 1448 οὑ
1076 1393 1169 1450 τοῦ
1201 1393 1468 1466 μαντικὴν
1494 1394 1804 1465 ἐπιστήμην
1827 1388 1967 1446 εἶναι

389 1492 612 1561 σημεῖον
659 1487 724 1542 ἂν
770 1488 880 1560 εἴη,
913 1486 1051 1542 ἀλλὰ
1093 1486 1187 1542 τοῦ
1218 1487 1455 1557 τυχικῶς
1484 1486 1816 1558 συμπίπτειν
1845 1488 1966 1549 ταῖς

386 1578 821 1651 προαγορεύσεσι
855 1577 1179 1650 συμφώνους
1205 1577 1305 1642 τὰς
1336 1576 1589 1641 ἐκϐάσεις
1607 1592 1622 1608 ο
1657 1576 1794 1649 ὅπερ
1823 1576 1966 1630 οὐδεο

389 1672 517 1742 μίαν
549 1673 680 1744 ἡμῖν
720 1673 1035 1743 ἐπιστήμην
1064 1670 1461 1726 ὑποδείκνυσιν.
1497 1669 1633 1723 Οὐδὲ
1677 1669 1786 1740 γὰρ
1815 1668 1965 1734 τοξό-

382 1780 483 1835 την
511 1764 577 1818 άν
605 1765 855 1836 εἴποιμεν
882 1764 1223 1834 ἐπιστήμονα
1252 1763 1343 1817 τὸν
1382 1761 1530 1827 ἅπαξ
1561 1762 1693 1815 ποτέ
1732 1763 1964 1832 τυχόντα

383 1853 479 1910 τοῦ
514 1854 743 1922 σκοποῦ,
789 1854 1052 1918 πολλάκις
1099 1854 1159 1908 δὲ
1202 1854 1650 1925 ἀποτυγχάνοντα
1673 1868 1687 1883 ³
1720 1852 1840 1906 οὐδὲ
1874 1853 1958 1905 ία-

2077 666 2312 736 plurima
2354 665 2529 721 oculis
2568 663 2701 734 ipsis
2745 661 2986 732 quotidie
3030 661 3328 716 videamus.
3388 657 3477 715 Sic
3516 675 3648 730 ergo

2076 758 2235 813 nobis
2261 772 2421 814 suum
2450 755 2582 811 illud
2608 753 2943 825 Chrysippus
2981 759 3357 822 argumentum
3381 750 3646 815 obtrudit,

2076 858 2135 904 ut
2160 848 2393 903 alterum
2435 844 2675 901 vicissim
2707 860 2770 899 ex
2799 842 2971 898 altero
3003 842 3240 912 colligat.
3296 839 3431 895 Nam
3457 849 3511 894 et
3536 842 3647 895 fato

2075 951 2269 998 cuncta
2300 939 2417 996 ﬁeri
2442 954 2509 994 ex
2535 952 2623 1003 eo,
2665 936 2811 1006 quod
2845 933 3107 990 divinatio
3146 933 3238 996 sit,
3288 932 3522 1003 probare
3552 948 3645 987 c0-

2074 1043 2255 1098 natur,
2287 1048 2388 1088 nec
2414 1040 2594 1085 tamen
2622 1026 3010 1084 divinationem
3055 1039 3179 1080 esse
3217 1024 3372 1079 aliter
3400 1036 3642 1093 unquam

2072 1127 2304 1195 probare
2332 1122 2527 1195 possit,
2558 1119 2665 1176 nisi
2691 1120 2843 1190 prius
2866 1117 3021 1183 illud,
3057 1116 3235 1171 omnia
3265 1115 3375 1170 fato
3402 1114 3642 1181 evenire,

2070 1225 2272 1274 sumat.
2302 1215 2435 1283 Quae
2462 1222 2641 1270 autem
2687 1210 3102 1282 argumentandi
3131 1209 3271 1263 ratio
3293 1207 3377 1262 vel
3402 1206 3647 1277 iniquior

2069 1308 2153 1363 vel
2176 1307 2406 1379 ineptior
2452 1319 2575 1360 esse
2603 1302 2806 1373 queat?
2837 1299 2975 1354 Nam
3008 1299 3155 1370 quod
3190 1298 3374 1366 exiis,
3417 1313 3539 1368 qua:
3561 1297 3646 1353 di-

2068 1400 2178 1455 vini
2215 1399 2601 1472 przenuntiant,
2633 1394 2894 1452 nonnulla
2921 1392 3251 1463 quandoque
3278 1404 3339 1446 re
3368 1390 3485 1459 ipsa
3512 1404 3646 1445 con-

2069 1494 2300 1564 tingant,
2318 1493 2372 1548 id
2392 1506 2503 1547 non
2527 1490 2640 1561 jam
2672 1485 3023 1543 divinationis
3057 1493 3231 1539 artem
3260 1482 3498 1554 aliquam
3522 1498 3645 1540 esse

2068 1595 2390 1658 argumento
2417 1593 2538 1651 est,
2588 1584 2679 1641 sed
2706 1581 2890 1652 potius
2927 1594 3056 1635 casu
3087 1577 3201 1632 ﬁeri
3223 1616 3238 1643 ,
3274 1576 3322 1633 si
3353 1576 3476 1647 quis
3504 1592 3644 1632 non-

2068 1694 2348 1749 nunquam
2381 1685 2610 1734 eventus
2644 1691 2768 1732 cum
2791 1688 2981 1729 eorum
3020 1668 3372 1742 praedictione
3406 1682 3642 1723 consen-

2068 1769 2186 1825 tiat.
2226 1768 2284 1824 Id
2313 1768 2456 1839 quod
2484 1767 2689 1822 nullam
2735 1780 2869 1822 sane
2916 1761 3198 1819 scientiam
3227 1774 3350 1815 esse
3379 1758 3637 1827 declarat.

2064 1860 2175 1918 Nec
2192 1861 2338 1917 enim
2362 1900 2378 1926 ,
2431 1862 2624 1930 opinor
2645 1899 2660 1924 ,
2704 1858 2963 1915 scientem
2994 1855 3145 1911 illum
3176 1849 3518 1924 peritumque
3547 1866 3639 1907 sa-

378 1946 509 2018 τρδν
540 1946 631 2000 τὸν
676 1943 1004 2017 ἀναιροῦντα
1045 1946 1170 2009 τοὺς
1202 1945 1422 2009 πλείους
1448 1944 1557 1999 τῶν
1591 1943 1952 2016 θεραπευομέ-

2063 1952 2341 2024 gittarium
2375 1951 2698 2015 dixerimus,
2734 1949 2827 2017 qui
2857 1962 2981 2003 cum
3010 1945 3177 2002 semel
3201 1941 3495 2015 aliquando
3520 1942 3639 1997 col-

381 2053 487 2091 νων
511 2036 601 2090 ὑπ’
628 2034 816 2094 αὐτοῦ.
838 2036 936 2090 ἕνα
959 2037 1014 2090 δέ
1046 2054 1177 2091 ποτε
1198 2037 1461 2091 διασῶσαι
1487 2035 1783 2108 δυνηθέντα
1798 2051 1813 2067 ⁸
1840 2035 1961 2089 οὐδὲ

377 2127 514 2191 ὅλως
566 2129 875 2199 ἐπιστήμην
922 2128 1154 2200 λέγομεν
1195 2127 1296 2200 τὴν
1347 2129 1422 2200 μὴ
1468 2126 1728 2199 πάντα,ῆ
1782 2127 1850 2182 τά
1893 2143 1958 2196 γε

374 2218 607 2273 πλεῖστα
652 2219 762 2273 τῶν
804 2220 1021 2274 οἰκείων
1068 2219 1244 2291 ἔργων
1288 2218 1679 2291 κατορθοῦσαν.
1732 2218 1854 2271 Ὅτι
1900 2217 1958 2270 δέ

364 2309 813 2380 ἀποτυγχάνεται
845 2310 915 2365 τά
942 2310 1111 2365 πολλὰ
1142 2314 1256 2374 τοῖς
1287 2310 1644 2382 καλουμένοις
1677 2308 1954 2382 μάντεσιν,

361 2404 405 2459 6
435 2404 543 2467 πᾶς
569 2403 679 2457 τῶν
706 2402 1006 2475 ἀνθρώπων
1039 2402 1152 2473 βίος
1189 2402 1399 2474 μάρτυς
1450 2400 1520 2455 ἅν
1545 2400 1653 2473 εἴη,
1690 2402 1784 2456 καὶ
1812 2394 1957 2455 οὗτοί

365 2512 434 2549 τε
481 2497 655 2561 αὐτοὶ,
686 2496 738 2548 οί
783 2496 881 2566 τὴν
934 2492 1199 2565 μαντικήν
1250 2492 1706 2565 ἐπαγγελλόμενοι
1738 2492 1954 2564 τέχνην,

370 2585 492 2655 οὐχὶ
518 2585 607 2639 διὰ
628 2585 829 2655 ταύτης
858 2586 1073 2648 ἑαυτοῖς
1109 2582 1427 2654 βοηθοῦντες
1456 2586 1516 2638 ἐν
1543 2587 1664 2648 ταῖς
1694 2583 1837 2638 κατὰ
1863 2581 1954 2637 τὸν

371 2677 484 2747 βίον
517 2676 750 2747 χρείαις,
776 2676 912 2730 ἀλλὰ
933 2674 1127 2746 γνώμῃ
1159 2691 1220 2729 τε
1251 2674 1359 2747 ἰδίᾳ
1383 2676 1515 2729 ποτέ
1546 2673 1838 2746 χρώμενοι,
1862 2675 1956 2728 καὶ

369 2765 647 2838 συμϐουλῇ
672 2766 766 2819 καὶ
805 2766 1091 2838 συνεργείᾳ
1116 2766 1224 2821 τῶν
1257 2770 1317 2822 ἐν
1345 2766 1595 2831 ἑκάστοις
1647 2765 1758 2819 τῶν
1811 2784 1929 2838 πρα

366 2858 595 2929 γμάτων
634 2859 933 2930 ἐμπειρίαν
978 2858 1280 2929 κεκτῆσθαι
1308 2858 1732 2930 νενομισμένων.
1795 2856 1954 2911 Ἀλλά

365 2947 494 3020 περὶ
525 2947 624 3018 μὲν
659 2947 754 3001 τοῦ
804 2949 878 3019 μὴ
912 2948 1232 3003 συνεστάναι
1259 2947 1438 3013 τοῦτο,
1471 2947 1500 3001 ὃ
1542 2945 1953 3018 προειλήφαμεν

367 3038 635 3110 μαντικὴν
663 3038 866 3103 καλεῖν,
892 3038 950 3091 ἐν
971 3038 1153 3103 ἄλλοις
1176 3036 1529 3109 ἀποδώσομεν
1559 3035 1951 3110 πληρέστερον,

362 3131 793 3204 παρατιθέμενοι
842 3131 910 3186 τὰ
967 3129 1276 3202 Ἐπικούρῳ
1320 3130 1417 3184 καὶ
1455 3127 1588 3201 περὶ
1629 3127 1821 3181 τούτου
1867 3126 1953 3181 δο-

361 3226 594 3280 κοῦντα·
632 3225 754 3279 νυνὶ
779 3224 837 3279 δέ
867 3221 1122 3277 τοσοῦτον
1161 3225 1271 3285 τοῖς
1304 3221 1615 3293 εἰρημένοις
1649 3217 1951 3291 προσθήσο-

2061 2042 2282 2099 linearit
2325 2042 2379 2097 in
2424 2055 2688 2111 scopum,
2730 2037 2802 2094 ab
2838 2036 3030 2092 eodem
3082 2033 3282 2103 saepius
3335 2031 3639 2095 aberrarit;

2061 2146 2157 2193 aut
2181 2136 2451 2192 medicum
2486 2149 2633 2199 eum,
2661 2133 2754 2203 qui
2780 2146 2920 2201 quos
2950 2130 3065 2199 ipse
3093 2134 3268 2191 curet,
3290 2133 3499 2196 partem
3520 2139 3638 2179 ma-

2059 2230 2261 2287 ximam
2302 2242 2426 2283 cum
2474 2225 2781 2287 interimat,
2831 2237 3001 2276 unum
3059 2218 3293 2276 fortasse
3322 2215 3635 2287 quempiam

2059 2335 2278 2377 servare
2321 2317 2560 2390 potuerit
2609 2336 2622 2372 :
2676 2331 2776 2371 nec
2816 2314 3042 2371 omnino
3074 2311 3356 2368 scientiam
3384 2308 3639 2363 nomina-

2058 2427 2183 2468 mus
2206 2411 2370 2466 ullam
2390 2451 2406 2477 ,
2440 2408 2546 2464 nisi
2574 2423 2696 2479 quae
2716 2447 2731 2473 ,
2757 2406 2804 2463 si
2834 2420 2945 2460 non
2980 2403 3164 2459 omnia
3186 2442 3202 2469 ,
3250 2416 3374 2472 quae
3393 2400 3477 2456 sui
3506 2407 3637 2455 sunt

2057 2501 2341 2567 muneris,
2398 2507 2455 2555 at
2500 2499 2757 2570 pleraque
2797 2496 2933 2553 scite
2973 2493 3313 2565 feliciterque
3364 2490 3630 2563 perficiat.

2054 2593 2175 2651 Jam
2218 2608 2349 2650 vero
2381 2607 2481 2649 sua
2524 2600 2674 2646 vates
2713 2590 2848 2646 istos
2890 2589 2946 2643 in
2995 2586 3248 2657 plurimis
3296 2583 3635 2641 divinatione

2055 2685 2209 2752 falli,
2245 2699 2358 2739 non
2389 2682 2553 2739 modo
2593 2682 2704 2736 vita
2747 2679 3058 2734 mortalium
3088 2676 3377 2742 universa,
3418 2674 3514 2730 sed
3554 2672 3630 2727 illi

2053 2776 2217 2833 etiam
2245 2774 2388 2844 ipsi,
2424 2771 2520 2843 qui
2551 2769 2830 2827 divinandi
2860 2775 3031 2822 artem
3061 2764 3416 2836 profitentur,
3465 2771 3631 2818 testes

2055 2881 2179 2922 esse
2202 2864 2452 2935 possint,
2485 2861 2688 2933 quippe
2732 2858 2827 2929 qui
2858 2855 2926 2912 ab
2952 2870 3016 2910 ea
3058 2854 3195 2909 nihil
3237 2853 3356 2922 opis
3388 2851 3454 2905 ad
3496 2865 3631 2906 usus

2053 2956 2179 3011 vitae
2204 2954 2558 3026 quotidianos
2596 2949 2898 3018 accipiant,
2930 2947 3023 3002 sed
3055 2953 3279 3000 utantur
3311 2942 3509 3014 partim
3539 2943 3629 3013 ju-

2052 3046 2199 3107 dicio
2240 3059 2379 3110 suo,
2414 3043 2615 3116 partim
2659 3040 2892 3096 aliorum
2939 3037 3170 3094 consilio
3205 3031 3419 3107 pariter
3464 3044 3630 3105 atque

2051 3136 2297 3204 auxilio,
2332 3136 2426 3206 qui
2468 3148 2651 3189 rerum
2706 3132 3043 3201 singularum
3086 3128 3427 3198 experientes
3471 3142 3629 3184 com-

2052 3228 2204 3283 muni
2231 3226 2488 3296 opinione
2510 3225 2836 3279 habeantur.
2876 3220 3078 3276 Verum
3113 3219 3248 3274 nihil
3274 3218 3434 3290 plane
3457 3218 3628 3272 firmi-

363 3335 487 3389 μεν,
518 3318 602 3371 ὅτι
652 3316 888 3389 μάλιστα
933 3314 1048 3388 (28)
1099 3315 1198 3386 μὲν
1224 3314 1287 3368 τὸ
1333 3311 1617 3384 ἀληθεύειν
1649 3310 1781 3364 ποτέ
1821 3310 1945 3374 τοὺς

2054 3318 2177 3377 tatis
2217 3318 2457 3383 habere,
2501 3329 2666 3386 quam
2713 3312 2874 3382 vulgo
2923 3310 3311 3366 divinationem
3354 3309 3627 3379 appellare

358 3409 735 3480 καλουμένους
788 3407 1008 3478 μάντεις
1029 3408 1088 3460 ἐν
1130 3409 1252 3469 ταῖς
1300 3401 1787 3476 προαγορεύσεσιν,
1843 3400 1944 3453 οὐκ

357 3504 695 3574 ἐπιστήμης,
741 3499 877 3554 ἀλλὰ
912 3499 1141 3571 τυχικῆς
1184 3498 1363 3561 αίτίας
1412 3495 1571 3567 ἔργον
1600 3493 1668 3549 ἂν
1714 3492 1823 3564 εἴη.
1867 3491 1941 3545 Οὐ

355 3590 467 3663 γάρ
507 3590 566 3643 τὸ
626 3589 762 3661 μηδέ
815 3587 1036 3642 πώποτε
1079 3587 1177 3643 τοῦ
1217 3586 1583 3658 προκειμένου
1630 3582 1940 3655 τυγχάνειν,

354 3682 495 3737 ἀλλὰ
538 3681 601 3735 τὸ
652 3681 727 3753 μὴ
783 3681 1018 3735 πάντοτε
1086 3678 1207 3751 μηδ’
1261 3679 1338 3744 ὡς
1388 3678 1485 3733 ἐπὶ
1535 3676 1596 3731 τὸ
1649 3673 1900 3729 πλεῖστον
1923 3710 1939 3736 ,

357 3774 483 3845 μηδ⁴
541 3773 601 3838 ἐξ
653 3774 992 3845 ἐπιστήμης,
1048 3773 1177 3827 ὅταν
1206 3788 1291 3836 τις
1334 3770 1428 3825 καί
1485 3784 1615 3823 ποτε
1668 3765 1935 3837 τυγχάνῃ,

352 3863 528 3935 τύχης
563 3863 722 3934 ἔργον
742 3862 924 3917 καλεῖν
958 3861 1387 3935 προειλήφαμεν,
1410 3860 1459 3913 οἱ
1489 3854 1823 3927 διειληφότες
1843 3853 1941 3917 τὰς

355 3957 448 4025 ὑφ’
475 3954 707 4008 ἕκαστον
735 3953 907 4025 ὄνομα
931 3953 1272 4024 τεταγμένας
1305 3953 1555 4024 ἐναργεῖς
1584 3948 1791 4012 ἐννοίας
1824 3947 1943 4001 ἐαυι

350 4047 484 4101 τῶν.
535 4049 767 4101 Ἔπειτα
795 4048 844 4100 εί
878 4048 973 4100 καὶ
1000 4046 1120 4100 καθ’
1148 4045 1404 4100 ὑπόθεσιν
1442 4041 1510 4117 ἦν
1543 4042 1760 4115 ἀληθὲς,
1786 4039 1847 4093 τὸ
1876 4039 1940 4110 δὴ

350 4143 451 4213 τὴν
488 4142 758 4213 μαντικὴν
790 4141 896 4195 τῶν
942 4139 1244 4211 μελλόντων
1272 4138 1525 4196 ἁπάντων
1558 4134 1698 4190 εἶναι
1733 4134 1942 4204 θεωρη-

349 4234 512 4304 τικήν
554 4249 614 4285 τε
641 4233 738 4286 καὶ
775 4232 1275 4305 προοιγορευτικήν⁸
1327 4229 1387 4283 τὸ
1449 4227 1548 4300 μὲν
1588 4227 1766 4281 πάντα
1816 4222 1939 4276 καθ’

2044 3409 2429 3469 consuevimus
2452 3448 2468 3472 ,
2519 3405 2648 3461 alibi
2695 3401 2871 3459 fusius
2916 3403 3265 3458 ostendemus
3288 3441 3303 3466 ,
3336 3400 3426 3455 ubi
3460 3401 3628 3455 etiam

2042 3498 2265 3570 Epicuri
2304 3500 2410 3554 hac
2457 3497 2525 3553 de
2562 3511 2622 3552 re
2656 3492 3001 3551 sententiam
3046 3491 3402 3564 proferemus.
3468 3489 3624 3546 Nunc

2041 3601 2225 3647 autem
2259 3606 2428 3646 unum
2458 3591 2635 3648 solum
2667 3596 2763 3644 aut
2794 3587 3025 3643 alterum
3072 3585 3141 3640 ad
3171 3600 3235 3640 ea
3257 3625 3274 3649 ,
3325 3599 3448 3655 quae
3478 3584 3626 3639 dicta

2043 3692 2204 3749 Sunt,
2253 3683 2652 3754 adjungemus;
2695 3693 2859 3753 atque
2904 3680 3008 3735 hoc
3050 3678 3103 3732 in
3149 3677 3376 3750 primis,
3404 3676 3550 3747 quod
3581 3675 3619 3729 il

2043 3789 2437 3845 nonnunquam
2460 3789 2589 3830 vera
2613 3772 2978 3845 prmnuntient
2994 3813 3009 3839 ,
3037 3770 3131 3842 qui
3158 3778 3309 3826 vates
3338 3767 3618 3824 nominau-

2043 3878 2133 3929 tur
2158 3907 2173 3934 ,
2205 3869 2259 3925 id
2290 3884 2399 3925 non
2432 3868 2674 3924 scientiae
2696 3907 2712 3932 ,
2747 3867 2842 3922 sed
2871 3865 3024 3923 casui
3062 3863 3450 3935 assignandum
3476 3877 3616 3917 esse.

2039 3958 2153 4017 Nec
2173 3960 2320 4017 enim
2347 3959 2470 4031 ejus
2492 3959 2593 4024 rei,
2619 3973 2780 4029 quam
2807 3956 3139 4026 propositam
3164 3954 3438 4019 habueris,
3469 3968 3622 4007 com-

2041 4059 2221 4121 potem
2256 4049 2372 4105 ﬁeri
2397 4064 2703 4122 nunquam,
2741 4047 2901 4119 138
2921 4045 3016 4102 sed
3051 4060 3226 4115 neque
3260 4059 3495 4116 semper,
3523 4059 3621 4098 ne»

2040 4157 2150 4212 que
2183 4151 2241 4197 ut
2270 4140 2568 4211 plurimum
2592 4181 2609 4206 ,
2636 4154 2813 4210 neque
2837 4179 2853 4206 ,
2889 4139 2937 4194 si
2978 4138 3199 4208 quando
3236 4150 3461 4205 compos
3495 4137 3616 4199 tias,

2040 4232 2267 4289 scientia
2297 4232 2449 4298 fieri;
2485 4231 2590 4288 hoc
2617 4232 2834 4287 demum
2863 4242 2946 4288 est
2966 4272 2981 4296 ,
3017 4231 3163 4302 quod
3186 4228 3417 4291 fortunae
3442 4230 3616 4285 tribu~

350 4323 697 4396 εἱμαρμένην
747 4318 887 4376 εἶναι
949 4323 1212 4394 συνήγετο
1264 4319 1331 4375 ἂν
1377 4318 1582 4383 οὕτως·
1632 4317 1692 4371 τὸ
1755 4313 1940 4387 μέντοι

2054 4326 2240 4382 andum
2266 4326 2461 4382 merito
2489 4334 2753 4392 censent,
2800 4324 2896 4395 qui
2940 4335 3155 4395 apertas
3191 4323 3617 4394 significationes

348 4415 608 4488 χρειῶδες
628 4413 801 4483 αὐτῆς
833 4415 928 4469 καὶ
961 4413 1222 4485 βιωφελές
1252 4414 1352 4468 οὐκ
1372 4411 1440 4467 άν
1474 4428 1605 4465 ποτε
1635 4409 1931 4473 ἐδείκνυτο,

2054 4416 2157 4473 suis
2185 4432 2432 4488 quasque
2457 4417 2684 4474 vocibus
2715 4418 3007 4474 attributas
3037 4416 3371 4487 distinguere
3395 4416 3496 4471 rite
3525 4430 3618 4469 no-

346 4507 431 4560 διὸ
474 4506 574 4560 καὶ
603 4506 839 4577 μάλιστα
876 4506 1201 4579 Χρύσιππος
1232 4506 1381 4561 δοκεῖ
1402 4507 1590 4577 ὑμνεῖν
1618 4502 1716 4575 τὴν
1750 4514 1939 4573 μαντι-

2054 4518 2187 4561 runt.
2246 4505 2450 4562 Deinde
2476 4507 2639 4562 etiam
2676 4507 2807 4561 illud
2833 4548 2848 4573 ,
2886 4505 3101 4562 tametsi
3128 4505 3381 4561 daremus
3423 4521 3612 4560 verum

348 4600 470 4669 κήν.
496 4598 561 4651 Τί
581 4598 690 4668 γὰρ
711 4597 903 4667 ὄφελος
934 4599 1068 4669 ἡμῖν
1097 4593 1166 4669 ἦν
1190 4596 1591 4670 προμανθάνειν
1619 4595 1689 4649 τὰ
1720 4593 1936 4651 πάντως

2054 4613 2182 4666 asse,
2209 4598 2354 4669 quod
2387 4613 2417 4653 a
2438 4598 2742 4670 Chrysippo
2764 4598 3001 4652 sumitur
3020 4639 3035 4664 ,
3071 4596 3405 4653 divinationi
3432 4597 3613 4651 futura

345 4691 583 4760 ἐσόμενα
611 4690 866 4761 δυσχερῆ,
896 4690 932 4744 ἃ
967 4690 1088 4743 ούδέ
1130 4689 1577 4763 προφυλάξασθαι
1608 4688 1832 4743 δυνατὸν
1865 4687 1932 4742 ἂν

2054 4694 2224 4749 omnia
2260 4694 2641 4763 praesentiendi
2689 4709 2753 4748 ac
2800 4693 3123 4764 praedicendi
3159 4692 3271 4746 vim
3301 4692 3513 4759 inesse;
3547 4706 3611 4746 ex

345 4782 467 4855 εἴης
497 4782 566 4836 τά
596 4781 705 4853 γάρ
733 4782 856 4836 καθ’
882 4781 1219 4853 εἱμαρμένην
1255 4792 1281 4822 α
1311 4782 1582 4852 γενέσθαι,
1617 4780 1735 4845 πῶς
1760 4780 1824 4836 ἄν
1848 4796 1932 4842 τις

2054 4801 2100 4841 ιο
2129 4784 2349 4855 quidem
2391 4785 2516 4856 jure
2562 4785 2812 4841 concludi
2859 4799 3054 4856 posse,
3100 4784 3213 4839 fato
3238 4790 3431 4839 cuncta
3459 4783 3611 4845 ﬁeri;

346 4873 691 4943 φυλάξασθαι
733 4873 986 4939 δύναιτο;
1037 4874 1186 4928 Ὤστ’
1226 4873 1378 4928 οὐδὲν
1416 4873 1607 4943 ὄφελος
1654 4873 1785 4944 ἡμῖν
1829 4870 1933 4941 τῆς

2054 4891 2146 4931 non
2179 4884 2359 4932 tamen
2400 4877 2564 4949 hujus
2597 4877 2730 4933 artis
2772 4877 3211 4932 commoditatem
3234 4876 3300 4931 ad
3325 4876 3448 4929 vitae
3480 4889 3613 4929 usus

348 4965 638 5037 μαντικῆς,
686 4965 885 5036 μᾶλλον
927 4964 986 5019 δὲ
1019 4966 1115 5019 καὶ
1146 4965 1283 5037 πρὸς
1331 4966 1500 5021 κακοῦ
1541 4982 1685 5029 τινος
1727 4962 1933 5032 ἐγίνετο

2054 4968 2273 5039 tliquam
2294 4969 2404 5024 ullo
2429 4970 2592 5024 modo
2611 4969 2999 5035 demonstrari,
3017 4968 3175 5038 cujus
3195 4967 3429 5022 maxime
3446 4982 3610 5021 causa

342 5056 410 5111 ἂν
460 5056 622 5130 αὕτη,
667 5056 730 5111 τὸ
789 5056 1185 5130 προλυπεῖσθαι
1233 5058 1411 5131 μάτην
1464 5057 1782 5129 παρέχουσα
1812 5059 1929 5120 τοῖς

2054 5060 2424 5118 liviuationem
2473 5062 2770 5132 praedicare
2818 5060 3157 5133 Chrysippus
3190 5059 3422 5114 videtur.
3474 5057 3611 5113 Nam

341 5147 654 5221 ἀνθρώποις
698 5150 792 5204 ἐπὶ
830 5152 951 5214 ταῖς
988 5149 1392 5221 προλαϐούσαις
1437 5150 1778 5221 δυσχερείαις
1810 5151 1929 5204 κατ’

342 5241 592 5311 ἀνάγκην
620 5240 926 5311 ἐσομέναις.
968 5241 1043 5295 Οὐ
1068 5239 1178 5313 γὰρ
1207 5241 1307 5313 τὴν
1335 5240 1457 5312 ἴσην
1491 5240 1654 5296 πάλιν
1674 5240 1931 5313 εὐφροσύ-

343 5347 443 5401 νην
493 5332 753 5402 παρέχειν
783 5350 868 5397 τις
913 5335 1075 5406 φήσει
1114 5335 1211 5408 τὴν
1253 5333 1359 5388 τῶν
1393 5334 1670 5405 ἐσομένων
1709 5332 1930 5402 ἀγαθῶν

334 5422 741 5495 προαγόρευσιν
757 5439 771 5454 ’
798 5424 1096 5498 ἐπειδήπερ
1121 5429 1223 5498 οὐχ
1251 5426 1423 5490 οὕτως
1458 5425 1704 5496 πέφυκεν
1728 5424 1933 5497 ἄνθρω-

412 5563 440 5591 ι
484 5550 610 5605 add.
651 5551 930 5622 μέλλοντα.

415 5683 553 5775 ςεη
885 5687 1172 5775 ἐνέργεια,
1212 5688 1417 5775 Pendet
1446 5692 1733 5775 sententia:
1750 5691 1929 5775 Quare

337 5765 472 5819 post
523 5759 702 5832 αὐτῶν
748 5759 869 5832 addi
906 5762 1080 5828 possit
1108 5759 1183 5832 μὴ
1227 5761 1517 5832 ἀποϐῆναι,
1569 5765 1652 5818 vel
1698 5763 1927 5817 ἀποϐαί-

332 5840 472 5898 νεινζ
490 5855 575 5898 :-
599 5825 737 5898 Lege
765 5825 1033 5898 ἐνάργεια.

418 5891 532 5964 (28)
577 5891 702 5951 "Oti
738 5891 1004 5967 μάλιστα
1049 5902 1182 5971 μέν.
1230 5902 1389 5960 Forte
1442 5905 1657 5971 melius,
1698 5903 1928 5974 μάλιστα

2033 5152 2165 5221 quid
2214 5153 2373 5207 nobis
2423 5153 2636 5209 tandem
2689 5169 2757 5209 ex
2799 5169 2866 5209 eo
2915 5150 3263 5222 compendii,
3316 5151 3464 5221 quod
3517 5168 3612 5207 eas

2033 5243 2258 5298 omnino
2290 5244 2630 5300 calamitates
2658 5242 2867 5299 futuras
2896 5243 3354 5315 praesentiremus,
3377 5259 3517 5315 quas
3543 5261 3612 5300 ne

2029 5351 2231 5409 cavere
2266 5337 2487 5408 quidem
2522 5337 2631 5391 ulla
2679 5338 2888 5392 ratione
2939 5337 3268 5409 possemus?
3314 5352 3436 5407 quae
3464 5335 3607 5393 enim

2030 5427 2145 5485 fato
2166 5428 2438 5495 eveniant,
2472 5429 2598 5499 quis
2628 5429 2938 5484 mortalium
2971 5443 3163 5485 cavere
3184 5429 3404 5501 possit?
3429 5428 3612 5497 Quare

2034 5700 2134 5771 μὲν
2167 5700 2268 5756 ὅτι.
2304 5698 2507 5771 Estque
2555 5698 2683 5754 illud
2715 5698 2969 5771 μάλιστα,
2994 5698 3161 5771 _quod
3220 5698 3398 5757 Latini
3444 5701 3606 5771 vulgo

2032 5769 2242 5838 dicunt,
2309 5770 2590 5838 principio,
2637 5781 2694 5824 ιιι
2718 5769 2934 5835 pridem
2992 5769 3223 5824 Budaeus
3274 5769 3602 5826 observavit.

2035 5837 2289 5910 Sequitur
2312 5837 2464 5895 enim
2497 5842 2601 5895 sub
2632 5855 2752 5911 pag.
2788 5851 3034 5911 sequent.
3067 5840 3566 5909 initium,"E7:ei10.
