4156 6456
527 459 639 514 263

1171 452 1442 512 EUSEBII
1479 451 1965 511 CESARIENSIS
2004 450 2153 507 OPP.
2194 450 2371 507 PARS
2405 451 2468 506 ll.
2512 483 2583 494 --
2615 450 3120 508 APOLOGETICA.

3660 457 3771 515 ΞΗ

512 583 725 630 tantum
767 572 920 627 abest
971 580 1030 627 ut
1075 571 1231 627 nobis
1270 571 1533 626 divinatio
1565 570 1814 626 utilitatis
1865 568 2076 623 afferret

2188 587 2286 632 πος
2316 568 2529 641 χαίρειν
2559 570 2653 623 ἐπὶ¹
2675 571 2787 632 τοῖς
2812 569 3277 641 προσδοκωμένοις
3305 571 3546 641 ἀγαθοῖς,
3580 574 3656 639 ὡς
3677 578 3774 630 ἐπὶ

512 665 750 736 aliquid,
795 673 856 719 ut
895 667 1076 735 potius
1117 664 1221 719 hoc
1243 663 1363 734 ipso
1387 664 1547 719 nobis
1576 664 1793 719 cederet
1820 663 1874 718 in
1897 661 2080 732 perni-

510 757 672 821 ciem,
702 754 848 825 quod
875 755 1042 810 animi
1067 754 1440 825 aegritudinem
1473 769 1539 810 ac
1570 754 1875 809 molestiam
1899 767 1963 806 ex
1998 752 2083 821 ip-

510 857 687 905 samet
700 849 1068 905 calamitatum
1091 848 1404 903 necessario
1424 847 1734 903 futurarum
1758 846 2085 917 praesensio-

508 958 599 1005 ne,
630 943 795 998 etiam
820 952 1113 1011 antequam
1140 940 1473 1004 acciderent,
1499 939 1816 995 hominibus
1846 947 2075 994 crearet.

507 1033 619 1093 Nec
644 1036 789 1092 enim
817 1034 1079 1105 aequalem
1097 1042 1286 1090 contra
1301 1033 1542 1090 laetitiam
1565 1030 1873 1087 futurorum
1890 1031 2087 1102 praedi-

508 1129 689 1185 ctione
700 1128 972 1184 bonorum
992 1127 1287 1183 excitatum
1307 1125 1374 1180 iri
1395 1124 1522 1196 quis
1537 1124 1901 1191 dixerit;cum
1920 1122 2085 1178 homo

506 1236 616 1276 non
638 1229 850 1276 tantum
875 1220 1142 1275 bonorum
1168 1217 1572 1289 exspectatione
1608 1216 1845 1285 gaudere
1862 1257 1876 1283 ,
1904 1231 2086 1286 quan-

507 1322 621 1367 tum
644 1320 788 1367 metu
815 1312 1083 1367 malorum
1111 1310 1293 1367 dolere
1315 1310 1676 1365 consueverit.
1702 1307 1905 1362 Deinde
1924 1322 2086 1363 nemo

506 1402 620 1460 fere
642 1411 747 1470 est,
776 1403 872 1474 qui
902 1403 972 1458 ab
997 1418 1117 1459 sese
1146 1402 1289 1457 mala
1316 1401 1540 1471 propius
1563 1400 1774 1465 abesse,
1794 1407 2083 1469 antequam

505 1494 771 1563 audierit,
802 1495 1093 1550 admodum
1126 1502 1336 1565 speret;
1371 1494 1511 1548 bona
1550 1507 1705 1557 vero,
1744 1491 1889 1561 quod
1923 1490 1978 1543 in
2019 1503 2084 1543 ea

504 1595 698 1656 sponte
728 1601 828 1642 sua
853 1593 1047 1641 natura
1078 1585 1429 1656 propendeat,
1481 1599 1693 1648 omnes,
1723 1592 1783 1637 ut
1809 1582 1978 1636 verbo
2000 1581 2085 1636 di-

503 1693 645 1744 cam,
665 1677 851 1749 potius
882 1686 1288 1747 exspectamus.
1339 1675 1477 1731 Nam
1504 1684 1558 1730 et
1582 1675 1824 1745 plerique
1846 1672 2085 1743 majores

503 1783 645 1837 sese,
680 1785 843 1839 quam
868 1769 985 1825 ﬁeri
1018 1768 1253 1840 possint,
1281 1767 1499 1823 futuros
1524 1781 1743 1839 sperare
1764 1766 1961 1821 solent.
2001 1764 2081 1819 Ex

502 1876 615 1933 quo
662 1861 795 1919 illud
829 1862 1059 1929 accidit,
1113 1871 1173 1917 ut
1218 1862 1490 1917 bonorum
1539 1859 1759 1931 quidem
1802 1857 2081 1929 praedictio

502 1932 746 2008 lietitiam
771 1954 857 2009 vel
879 1953 1174 2009 admodum
1203 1970 1312 2009 non
1338 1961 1554 2024 augeat,
1577 1951 1727 2023 quod
1753 1953 1916 2007 etiam
1944 1951 2081 2004 citra
2116 1932 2158 1987 Β

501 2043 907 2113 praedictionem
930 2044 1158 2115 quilibet
1186 2045 1411 2099 meliora
1431 2057 1664 2114 quaeque
1691 2057 1788 2113 per
1815 2057 1874 2097 se
1901 2041 2081 2111 ipsum

501 2143 815 2206 exspectet;
850 2137 932 2192 vel
958 2152 1084 2192 raro
1120 2138 1310 2193 saltem
1343 2152 1430 2201 ea,
1463 2151 1569 2209 qua
1599 2135 1727 2207 quis
1749 2133 1890 2190 forte
1908 2142 2081 2205 putet,

502 2244 629 2285 cum
682 2227 938 2285 ﬁrmitate
984 2238 1215 2299 augeat;
1252 2232 1363 2284 imo
1407 2243 1551 2299 saepe
1596 2242 1815 2298 quoque
1849 2227 2079 2290 minuat,

502 2321 634 2376 dum
662 2335 758 2391 spe
784 2321 967 2377 minus
1000 2321 1206 2392 aliquid
1241 2320 1598 2390 respondetur
1631 2337 1645 2374 :
1683 2317 1953 2373 malorum
1983 2332 2084 2371 au-

500 2424 609 2468 tem
647 2411 960 2483 praedictio,
1004 2413 1201 2483 partim
1251 2413 1395 2483 quod
1438 2412 1508 2467 ab
1539 2412 1605 2466 iis
1649 2419 1857 2465 naturaa
1886 2423 2082 2464 sensus

501 2502 816 2570 abhorreat,
864 2504 1063 2575 partim
1096 2505 1241 2577 quod
1270 2521 1333 2560 ea
1362 2513 1557 2575 prater
1605 2519 1755 2573 spem
1787 2501 2082 2572 aliquando

502 2591 887 2662 praedicantur,
915 2607 1134 2665 gravem
1172 2594 1341 2649 animi
1373 2593 1836 2664 perturbationem
1869 2591 2077 2646 afferat.

502 2679 849 2752 Quanquam,
881 2683 927 2738 si
954 2683 1224 2754 ejusmodi
1254 2683 1390 2738 nihil
1416 2685 1705 2748 accideret,
1739 2683 1958 2737 inanem
1994 2690 2078 2736 ta-

502 2785 625 2826 men
657 2770 1065 2840 praedietionem
1097 2770 1249 2839 fore,
1298 2773 1503 2838 cuivis,
1555 2773 1783 2841 opinor,
1824 2781 2079 2827 constare

499 2872 650 2921 certo
676 2864 866 2933 possit.
907 2861 1044 2919 Nam
1074 2865 1121 2920 si
1154 2865 1279 2936 quis
1308 2864 1597 2919 utilitatem
1622 2864 1945 2920 divinationi
1972 2864 2078 2918 ali-

498 2970 662 3025 quam
696 2955 801 3011 hoc
828 2958 949 3028 ipso
976 2968 1244 3013 assereret
1274 2969 1439 3028 atque
1468 2956 1803 3023 defenderet,
1822 2957 1967 3027 quod
1998 2971 2078 3011 eae

497 3045 836 3103 calamitates
856 3046 1241 3117 praedicantur,
1267 3063 1388 3118 qua:
1412 3047 1639 3103 omnino
1656 3088 1671 3111 ,
1705 3046 1812 3102 nisi
1841 3048 2076 3114 caveris,

496 3146 769 3195 eventura.-
792 3139 930 3207 sint;
966 3139 1012 3195 is
1049 3137 1294 3210 profecto
1343 3154 1453 3193 non
1497 3137 1682 3194 omnia
1714 3137 1828 3193 fato
1857 3137 2075 3194 evenire

496 3230 922 3298 demonstraret,
944 3246 1068 3286 eum
1094 3230 1149 3285 in
1181 3240 1367 3286 nostra
1393 3238 1659 3300 potestate
1685 3238 1831 3286 esset
1864 3239 1960 3284 aut
1981 3243 2077 3284 ca-

497 3337 644 3387 vere,
678 3321 841 3394 139
860 3333 954 3377 aut
988 3338 1096 3377 non
1129 3338 1338 3379 cavere.
1396 3322 1492 3378 Sin
1523 3334 1705 3378 autem
1739 3321 1844 3377 hoc
1890 3322 2069 3393 ipsum

496 3413 688 3470 eadem
717 3412 1043 3468 necessitate
1061 3413 1329 3468 contineri
1358 3415 1577 3481 dixerit,
1596 3423 1657 3469 ut
1675 3412 1743 3468 ad
1773 3429 1860 3469 res
1881 3428 2074 3469 omnes

496 3504 580 3560 vis
615 3502 712 3558 fati
743 3504 1030 3574 pertineat,
1049 3519 1266 3560 rursum
1288 3504 1641 3561 divinationis
1666 3505 1871 3560 utilitas
1894 3504 2074 3559 omnis

497 3596 726 3662 tollitur;
763 3607 913 3652 certo
947 3597 1115 3662 enim,
1143 3597 1192 3653 si
1233 3595 1405 3652 fatum
1449 3595 1608 3652 nobis
1643 3612 1837 3652 cavere
1865 3598 1958 3660 sit,
1984 3611 2076 3651 ca-

497 3689 782 3757 vebimus;
831 3691 916 3746 sin
948 3697 1129 3744 autem
1158 3687 1332 3743 fatum
1372 3703 1481 3743 non
1524 3686 1689 3743 fuerit
1710 3731 1724 3753 ,
1759 3688 2074 3743 nullomodo

498 3779 834 3844 cavebimus,
885 3778 1101 3834 tametsi
1134 3788 1283 3833 vates
1311 3793 1536 3841 omnes,
1588 3778 1719 3848 quid
1750 3786 2071 3832 eventurum

497 3871 660 3927 nobis
691 3872 782 3939 sit,
817 3871 1250 3942 praenuntiarint.
1310 3870 1639 3936 Enimvero,
1669 3886 1796 3927 cum
1852 3871 2069 3941 (Edipi,

498 3978 614 4020 tum
643 3964 934 4020 Alexandri
952 3962 1153 4018 Priami
1180 3963 1274 4019 lilii
1304 3964 1504 4019 eadem
1532 3962 1683 4018 omni
1709 3972 1825 4017 arte
1851 3962 2072 4017 molitos

497 4058 786 4128 utriusque
818 4064 1072 4129 parentes
1101 4054 1271 4110 fuisse
1290 4095 1306 4121 ,
1349 4064 1409 4109 ut
1433 4055 1580 4125 quod
1610 4053 1926 4124 praedictum
1954 4060 2069 4109 erat

491 4150 565 4203 ab
613 4149 681 4205 iis
721 4148 827 4205 sibi
857 4147 1083 4204 exitium
1117 4146 1436 4211 imminere,
1462 4144 1832 4210 declinarent,
1861 4159 1961 4199 nec
1985 4154 2069 4197 ta-

494 4256 618 4294 men
646 4255 741 4296 eos
770 4240 880 4295 voti
907 4247 1188 4308 compotes
1230 4252 1354 4293 esse
1381 4251 1622 4306 unquam
1654 4235 1898 4306 potuisse
1921 4276 1938 4302 ,
1986 4235 2070 4290 vel

491 4331 830 4404 Chrysippus
868 4332 983 4403 ipse
1014 4330 1304 4387 conﬁtetur
1333 4348 1346 4384 :
1382 4329 1626 4399 adeoque
1652 4329 1900 4397 agnoscit
1934 4327 2071 4382 nihil

492 4423 657 4479 etiam
686 4423 819 4494 ipsis
849 4424 1117 4478 malorum
1145 4438 1372 4478 suorum
1414 4422 1820 4492 praedictionem
1849 4426 2069 4492 propter

376 4550 377 4553 η
494 4515 592 4569 fati
620 4515 727 4570 vim
758 4531 823 4572 ac
854 4516 1228 4571 necessitatem
1257 4515 1549 4586 profuisse.
1576 4514 1753 4583 Atque
1781 4514 1895 4569 haec
1916 4528 1947 4567 a
1972 4528 2069 4566 no-

2185 664 2296 724 τοῖς
2342 665 2532 725 κακοῖς
2568 661 2841 715 ἀνιᾶσθαι.
2882 661 3089 725 ’Ἄλλως
3130 678 3188 714 τε
3233 664 3326 715 καὶ
3358 663 3531 718 ταῦτα
3564 666 3662 736 μὲν
3705 668 3769 721 οὐ

2185 754 2326 808 πάνυ
2372 771 2423 806 τι
2471 755 2601 825 περὶ
2635 755 2862 817 ἑαυτοὺς
2891 754 3110 808 ἔσεσθαι
3143 757 3275 827 πρὶν
3309 756 3541 810 ἀκοῦσαι
3572 761 3770 812 κατελ-

2186 845 2445 916 πίζομεν’
2496 846 2562 900 τὰ
2606 846 2651 899 δ’
2689 845 2873 915 ἀγαθά
2913 846 3113 916 μᾶλλον
3156 847 3415 911 ἅπαντες,
3452 848 3528 913 ὡς
3572 852 3768 915 εἰπεῖν,

2184 936 2573 1009 προσδοκῶμεν
2604 937 2692 990 διά
2722 939 2821 1009 τὴν
2846 939 3081 1009 φυσικὴν
3114 940 3387 992 οίκείωσιν
3420 941 3556 1012 πρὸς
3591 943 3733 996 αὐτὰ.
3752 959 3766 973 ·

2182 1032 2230 1083 οἱ
2262 1032 2360 1100 μὲν
2388 1030 2497 1100 γάρ
2520 1029 2703 1083 πολλοὶ
2729 1031 2824 1085 καὶ
2856 1031 3073 1101 μείζους
3100 1031 3219 1085 τῶν·
3238 1032 3479 1086 δυνατῶν
3515 1034 3765 1102 γενέσθω

2185 1123 2587 1193 κατηλπίκασιν
2605 1141 2618 1153 ·
2658 1124 2719 1189 ἐξ
2741 1116 2803 1177 οὗ
2831 1125 3118 1195 συμϐαίνει
3150 1126 3212 1178 τὸ
3246 1126 3346 1197 μὲν
3377 1125 3475 1196 τὴν
3498 1127 3604 1179 τῶν
3631 1128 3771 1193 ἀγασ-

2185 1214 2294 1267 θῶν
2328 1216 2728 1287 προαγόρευσιν
2755 1217 2828 1287 μὴ
2863 1217 3157 1271 ἐπιτείνειν
3190 1218 3331 1272 πάνυ
3365 1235 3417 1270 τι
3440 1218 3537 1289 τὴν
3566 1218 3770 1289 χαρὰν,

2182 1306 2272 1360 διὰ
2301 1307 2363 1359 τὸ
2400 1309 2494 1361 καὶ⁵
2521 1310 2689 1379 χωρὶς
2719 1308 2819 1378 τῆς
2845 1309 3295 1380 προαγορεύσεως
3318 1309 3545 1364 ἕκαστον
3567 1308 3629 1374 ἐξ
3651 1312 3771 1363 ἐαυ.

2183 1398 2277 1451 τοῦ
2302 1399 2372 1452 τά
2413 1400 2649 1471 κρείττω
2682 1401 3008 1474 προσδοκᾷν,
3040 1405 3073 1473 ἢ
3127 1405 3214 1456 ἐπ’
3246 1404 3425 1474 ὀλίγον
3470 1406 3765 1460 ἐπιτείνειν

2184 1493 2249 1562 τῇ
2273 1490 2504 1563 δοκούσῃ
2537 1491 2877 1564 βεϐαιότητι·
2920 1494 3178 1559 πολλάκις
3208 1496 3266 1550 δέ
3308 1497 3403 1551 καὶ
3436 1497 3623 1568 μειοῦν
3663 1498 3773 1569 τὴν

2183 1586 2379 1657 χαρὰν,
2417 1588 2543 1640 ὅταν
2577 1587 2784 1640 ἐλάττω
2823 1587 2933 1640 τῶν
2963 1587 3325 1642 ἐλπισθέντων
3349 1589 3592 1660 ἀκουσθῂ
3615 1606 3629 1619 ο
3663 1590 3775 1662 τὴν

2182 1678 2238 1732 δέ
2264 1677 2373 1731 τῶν
2400 1679 2587 1732 κακῶν
2615 1680 3036 1752 προαγόρευσιν,
3071 1680 3165 1733 καὶ
3191 1680 3278 1735 διὰ
3291 1681 3352 1733 τὸ
3381 1680 3763 1751 ἀπόστρεπτον

2183 1770 2361 1826 αὐτῶν
2397 1771 2576 1841 φύσει,
2611 1773 2705 1826 καὶ
2737 1772 2826 1826 διὰ
2851 1772 2913 1825 τὸ
2941 1772 3070 1842 παρ’
3098 1772 3322 1836 ἐλπίδας
3354 1772 3525 1826 ἐνίοτε
3564 1772 3763 1844 προλέ-

2184 1863 2377 1932 γεσθαι
2422 1862 2671 1935 μεγάλως
2712 1864 3017 1934 ταράττειν.
3068 1863 3205 1916 Ἀλλ’
3248 1864 3417 1934 ὅμως,
3449 1865 3498 1916 εί
3541 1864 3635 1918 καὶ
3686 1865 3766 1935 μὴ

2182 1954 2340 2008 τοῦτο
2372 1955 2673 2018 συνέϐαινε,
2701 1955 2761 2008 τό
2788 1972 2852 2023 γε
2881 1956 3102 2026 ἀχρεῖον
3129 1953 3349 2008 ἔσεσθαι
3393 1955 3494 2027 τὴν
3525 1956 3768 2025 προαγό-

2185 2066 2366 2120 ρευσιν
2400 2048 2562 2102 παντί
2607 2064 2710 2100 που
2756 2047 2915 2118 δῆλον
2954 2047 3021 2101 ἂν
3063 2046 3168 2118 εῐη.
3206 2047 3269 2100 Et
3316 2047 3424 2118 γάρ
3469 2049 3629 2118 φήσει
3678 2064 3766 2111 τις

2186 2138 2525 2211 σωθήσεσθαι
2556 2138 2619 2192 τὸ
2654 2139 2923 2211 χρήσιμον
2955 2139 3054 2209 τῆς
3100 2139 3385 2210 μαντικῆς,
3415 2138 3502 2192 διὰ
3526 2139 3588 2192 τὸ
3629 2155 3770 2211 προ-

2183 2229 2437 2297 λέγεσθαι
2497 2228 2560 2282 τὸ
2615 2228 2835 2291 πάντως
2892 2227 3151 2298 ἐσόμενον
3209 2227 3468 2300 δυσχερὲς
3495 2268 3510 2293 ,
3564 2230 3615 2282 εί
3685 2228 3772 2300 μὴ

2183 2319 2579 2391 φυλαξαίμεθα,
2636 2320 2737 2374 οὐκ
2801 2320 2881 2373 ἔτι
2944 2320 3123 2374 πάντα
3153 2320 3316 2385 δείξει
3372 2320 3766 2392 συμϐησόμενα

2183 2410 2305 2464 καθ’
2357 2412 2723 2482 εἱμαρμένην,
2773 2411 2860 2480 ἐφ’
2908 2412 3040 2483 ἡμῖν
3090 2412 3241 2475 δντος
3286 2411 3381 2465 τοῦ
3424 2411 3765 2481 φυλάξασθαί

2180 2520 2240 2556 τε
2266 2504 2358 2556 καὶ⁵
2393 2504 2467 2575 μὴ
2492 2503 2849 2572 φυλάξασθαι.
2878 2505 2940 2557 Ei
2967 2504 3076 2575 γάρ
3108 2504 3204 2558 καὶ
3231 2503 3388 2558 τοῦτο
3412 2506 3765 2576 κατηναγκά-

2184 2594 2305 2648 σθαι
2345 2597 2508 2667 φήσει
2539 2613 2643 2659 τις,
2675 2596 2751 2659 ὡς
2779 2599 2859 2659 είς
2885 2596 3061 2650 πάντα
3087 2596 3157 2650 τὰ
3186 2594 3315 2649 ὅντα
3340 2596 3625 2650 διατείνειν
3660 2598 3761 2667 τὴν

2182 2685 2544 2756 εἱμαρμένην,
2574 2685 2738 2739 πάλιν
2767 2684 2828 2738 τὸ
2867 2685 2966 2755 τῆς
3002 2683 3267 2755 μαντικῆς
3297 2685 3566 2755 χρήσιμον
3601 2684 3755 2736 ἀναιο

2183 2780 2352 2849 ρετται
2376 2792 2392 2807 ⁶
2432 2777 2779 2848 φυλαξόμεθα
2813 2776 2923 2848 γὰρ
2951 2778 3001 2829 εί
3035 2774 3418 2847 καθείμαρται,
3448 2775 3543 2829 καὶ
3567 2776 3626 2828 οὐ
3658 2792 3762 2844 φυ-

2177 2867 2451 2938 λαξόμεθα
2481 2868 2641 2939 δῆλον
2670 2869 2766 2933 ὡς,
2802 2870 2853 2921 εί
2884 2867 2959 2939 μὴ
3005 2865 3371 2937 καθείμαρται
3400 2864 3758 2934 φυλάξασθαι,

2177 2958 2282 3012 κᾶν
2315 2959 2517 3023 πάντες
2550 2963 2598 3013 oi
2645 2961 2869 3031 μάντεις
2906 2958 2973 3012 τὸ
3013 2959 3269 3030 ἐσόμενον
3314 2957 3757 3031 προαγορεύωσιν

2178 3053 2326 3123 ἡμῖν.
2377 3052 2481 3105 Τὸν
2516 3051 2646 3120 γοῦν
2687 3049 2966 3115 υἰδίποδα,
3016 3050 3108 3103 καὶ
3146 3050 3237 3103 τὸν
3280 3048 3625 3119 Ἀλέξανδρον
3662 3047 3757 3101 τὸν

2175 3144 2270 3198 τοῦ
2297 3145 2568 3217 Πριάμου,
2594 3144 2689 3199 καὶ
2716 3143 2877 3207 αὐτὸς
2905 3145 2934 3196 ὁ
2953 3142 3275 3215 Χρύσιππός
3299 3160 3430 3214 φησι
3464 3141 3631 3196 πολλά
3658 3159 3758 3213 μη-

2176 3238 2571 3309 χανησαμένων
2596 3237 2705 3292 τῶν
2746 3238 2968 3307 γονέων,
3011 3237 3153 3291 ὥστε
3192 3237 3529 3299 ἀποκτεῖναι,
3571 3235 3657 3288 ἴνα
3693 3235 3756 3287 τὸ

2173 3329 2270 3383 ἀπ’
2303 3328 2484 3382 αὐτῶν
2518 3329 2827 3402 προρρηθὲν
2857 3329 3038 3393 αὐτοῖς
3084 3328 3252 3381 κακὸν
3279 3326 3642 3396 φυλάξωνται,
3676 3326 3752 3396 μὴ

2174 3421 2489 3493 δυνηθῆναι.
2531 3420 2717 3483 Οὕτως
2749 3420 2902 3473 οὐδὲν
2928 3419 3119 3490 ὄφελος
3155 3418 3276 3472 ούδέ
3310 3419 3492 3483 αὐτοῖς
3519 3417 3616 3488 τῆς
3644 3416 3753 3470 τῶν

2175 3509 2360 3565 κακῶν
2389 3508 2839 3583 προαγορεύσεώς
2865 3526 3030 3581 φησιν
3058 3504 3198 3562 εἶναι
3219 3508 3307 3562 διὰ
3332 3509 3431 3579 τὴν
3458 3511 3523 3563 ἐκ
3552 3508 3651 3577 τῆς
3676 3509 3757 3560 εί-

2178 3605 2465 3676 μαρμένης
2508 3603 2708 3657 αἰτίαν.
2745 3603 2916 3656 Τοῦτο
2948 3603 3046 3675 μὲν
3085 3598 3179 3655 οὖν
3222 3603 3290 3655 ἐκ
3324 3600 3636 3673 περιουσίας
3668 3603 3752 3654 εξ-

2176 3695 2359 3768 ρήσθω
2430 3697 2565 3768 πρὸς
2606 3696 2669 3749 τδ
2711 3695 2787 3767 μὴ
2834 3696 2993 3767 μόνον
3041 3695 3431 3756 ἀνυπόστατον,
3482 3692 3614 3747 ἀλλὰ
3659 3691 3752 3746 καὶ

2176 3786 2393 3857 ἀχρεῖον
2418 3786 2519 3857 τῆς
2557 3788 2847 3857 μαντικῆς.
2880 3806 2897 3837 ι
2936 3784 3121 3840 Ταῦτα
3151 3785 3250 3856 μὲν
3277 3788 3306 3838 ό
3333 3785 3650 3854 φιλόσοφος·
3684 3784 3750 3839 σύ

2173 3894 2236 3946 γε
2273 3878 2382 3950 μὴν
2422 3877 2574 3949 παρά
2614 3876 2796 3948 σαυτῷ
2840 3877 3057 3947 σκέψαι,
3094 3876 3235 3942 πῶς,
3272 3876 3530 3946 Ἕλληνες
3578 3877 3750 3940 ὄντες,

2172 3969 2267 4023 καὶ
2290 3969 2390 4040 τὴν
2435 3968 2700 4040 Ἐλλήνων
2726 3968 3025 4038 σύντροφον
3054 3971 3118 4022 ἐκ
3144 3969 3270 4032 νέας
3299 3968 3513 4040 ἡλικίας
3549 3968 3754 4039 κτησά-

2176 4078 2325 4131 μενοι
2352 4060 2618 4125 παιδείαν,
2646 4061 2717 4114 τά
2738 4078 2799 4114 τε
2830 4061 3031 4132 πάτρια
3055 4060 3184 4132 περὶ
3209 4059 3344 4114 θεῶν
3374 4059 3589 4113 πάντων
3613 4058 3751 4129 μᾶλ-

2171 4155 2261 4207 λον
2289 4153 2662 4222 διεγνωκότες,
2705 4153 3122 4225 ’Δριστοτελικοὶ
3158 4152 3377 4215 πάντες,
3410 4150 3633 4203 Κυνικοί
3689 4165 3749 4205 τι

2172 4245 2265 4297 καὶ
2302 4243 2685 4315 Ἐπικούρειοι,
2715 4244 2809 4298 καὶ
2839 4245 2952 4298 ὅσοι
2974 4243 3180 4306 τούτοις
3213 4242 3517 4313 ἐφρόνησαν
3548 4239 3617 4292 τὰ
3644 4256 3750 4291 πα-

2174 4335 2471 4407 ραπλήσια,
2512 4334 2618 4389 τῶν
2650 4337 2780 4407 παρ’
2809 4336 2993 4400 αὐτοῖς
3023 4334 3247 4405 Ἕλλησι
3278 4332 3564 4403 βοωμένων
3608 4348 3732 4402 μαν⁹

2170 4426 2332 4481 τείων
2378 4427 2772 4496 κατεγέλασαν.
2826 4427 2935 4479 Καὶ
2987 4425 3093 4497 μὴν
3140 4426 3296 4496 εἰπερ
3334 4418 3403 4495 ἦν
3450 4420 3625 4492 ἀληθῆ
3679 4421 3748 4475 τὰ

2173 4519 2543 4593 θρυλλούμενα
2590 4521 2720 4593 περὶ
2766 4520 2863 4590 τῆς
2894 4518 3004 4571 τῶν
3052 4517 3399 4589 χρηστηρίων
3444 4513 3746 4585 παραδοξο-

492 4607 579 4662 bis
606 4615 795 4662 contra
822 4605 1169 4662 divinationis
1192 4607 1390 4677 partim
1422 4605 1863 4661 incertitudinem
1884 4646 1898 4670 ,
1934 4619 2064 4673 par-

2177 4611 2371 4676 ποιίας,
2405 4613 2550 4675 είκὸς
2577 4606 2644 4683 ἦν
2678 4612 2770 4665 καὶ
2810 4609 3001 4664 τούσδε
3030 4607 3448 4678 καταπλαγῆναι
3478 4606 3744 4678 Ἕλληνας

493 4702 590 4755 tim
620 4700 1000 4767 inutilitatem,
1048 4699 1325 4755 liberalius
1366 4698 1624 4769 quidem,
1654 4715 1819 4769 quam
1852 4715 1938 4755 res
1968 4715 2066 4769 po-

493 4791 734 4846 stulabat
756 4832 772 4856 ,
805 4790 949 4846 dicta
985 4798 1167 4846 sunto.
1201 4808 1220 4842 ι
1265 4787 1540 4844 Hactenus
1568 4791 1656 4845 ille
1686 4791 2064 4861 philosophus.

493 4882 574 4937 Tu
600 4898 730 4937 vero
765 4890 943 4938 tecum
974 4883 1089 4954 ipse
1138 4882 1316 4953 cogita
1341 4922 1357 4949 ,
1403 4884 1866 4951 quemadmodum
1896 4883 2066 4939 Graeci

493 4978 762 5042 homines,
812 4978 906 5048 qui
952 4992 1059 5033 non
1099 4979 1261 5033 modo
1294 4977 1608 5034 Graecorum
1641 4978 1985 5048 disciplinam
2014 4985 2064 5033 et

490 5071 735 5126 instituta
765 5071 836 5127 ab
858 5072 1079 5126 ineunte
1108 5081 1267 5127 aetate
1294 5086 1421 5126 cum
1453 5071 1573 5141 ipso
1602 5086 1769 5141 prope
1798 5071 1935 5125 lacte
1960 5087 2065 5124 nu-

491 5164 641 5219 tricis
677 5164 1037 5230 imbiberant,
1083 5165 1178 5220 sed
1226 5165 1390 5219 etiam
1438 5165 1643 5234 patrias
1674 5164 1903 5219 deorum
1936 5162 2064 5217 reli-

490 5254 680 5326 giones
706 5259 950 5311 omnium
982 5257 1396 5312 accuratissime
1429 5256 1809 5326 perviderant,
1847 5255 2061 5309 Aristo-

489 5345 631 5399 telici
664 5360 889 5411 omnes,
940 5360 1133 5401 omnes
1156 5362 1281 5399 cum
1306 5343 1532 5416 Cynici,
1566 5353 1678 5398 tum
1705 5341 1977 5414 Epicurei,
2010 5347 2059 5397 et

485 5445 753 5507 quotquot
778 5437 844 5492 ad
865 5453 1055 5494 eorum
1083 5453 1205 5494 sese
1231 5436 1543 5507 opinionem
1572 5444 1954 5507 aggregarant,
1978 5433 2054 5503 ja«

486 5536 629 5582 ctata
654 5529 797 5598 apud
823 5528 1041 5586 Grmcos
1070 5531 1220 5599 ipsos
1248 5538 1433 5584 vatum
1464 5544 1723 5599 responsa
1749 5528 2056 5584 deriserint.

486 5622 639 5687 Quos
669 5631 874 5689 tamen,
912 5625 958 5677 si
980 5639 1104 5693 quae
1132 5625 1199 5678 de
1223 5623 1573 5679 oraculorum
1605 5624 1836 5678 istorum
1873 5624 2058 5693 prodi-

2167 4702 2345 4768 ὄντας,
2372 4705 2466 4757 καὶ
2484 4704 2554 4757 τὰ
2580 4704 2783 4777 πάτρια
2811 4702 3053 4775 ἀκριϐῶς
3079 4699 3553 4773 ἐξεπισταμένους,
3580 4699 3745 4771 μηδέν

2165 4813 2224 4850 τε
2272 4796 2380 4849 τῶν
2423 4794 2731 4867 γνωσθῆναι
2786 4795 2952 4860 ἀξίων
3000 4796 3059 4847 ἐν
3104 4794 3345 4863 δευτέρῳ
3378 4791 3742 4862 τεθειμένους.

2167 4889 2351 4944 Ταῦτα
2390 4891 2489 4961 μὲν
2534 4885 2627 4943 οὖν
2672 4889 2769 4943 καὶ
2817 4890 2917 4943 ὅσα
2952 4889 3180 4943 τοιαῦτα
3220 4887 3474 4957 συνάγειν
3498 4887 3579 4950 είς
3616 4886 3746 4940 ἀνα-

2167 4984 2367 5052 σκευὴν
2389 4983 2486 5053 τῆς
2521 4982 2649 5054 περὶ
2676 4982 2783 5036 τῶν
2808 4981 3155 5054 χρηστηρίων
3180 4980 3488 5044 ὑποθέσεως
3516 4977 3743 5050 πλείστη

2161 5093 2247 5139 τις
2290 5071 2357 5147 ἦν
2388 5077 2706 5147 περιουσία·
2743 5075 2856 5129 ἀλλ’
2893 5074 2956 5128 ού
2994 5073 3166 5147 ταύτῃ
3211 5091 3299 5144 μοι
3337 5073 3483 5127 δοκεῖ
3513 5073 3607 5127 τὸν
3640 5089 3746 5125 πα-

2172 5163 2334 5235 ρόντα
2365 5163 2681 5236 μεθοδεύσαι
2702 5164 2879 5233 λόγον,
2908 5163 3022 5217 ἀλλ’
3055 5158 3200 5235 ᾗπερ
3220 5162 3559 5235 ὡρμήθημεν
3581 5161 3748 5233 ἀρξά-

2174 5271 2344 5326 μενοι,
2371 5254 2546 5326 ἀληθῆ
2573 5255 2749 5326 λέγειν
2774 5256 2955 5319 δόντες
2981 5256 3107 5319 τοὺς
3133 5255 3271 5327 ὑπὲρ
3293 5254 3473 5308 αὐτῶν
3498 5257 3751 5325 προῖστατ

2174 5348 2387 5419 μένους,
2435 5349 2509 5412 ὡς
2538 5347 2603 5402 ἂν
2646 5349 2711 5401 ἐκ
2755 5348 2864 5401 τῶν
2894 5348 3025 5419 παρ’
3057 5347 3240 5410 αὺτοῖς
3278 5344 3744 5417 ὁμολογουμένων,

2172 5440 2402 5511 μαντεῖα
2432 5457 2490 5494 τε
2523 5436 2661 5495 εἶναι
2691 5439 2868 5512 άληθῆ
2910 5441 3006 5493 καὶ
3050 5437 3400 5510 πυθόχρηστα
3444 5436 3746 5507 θεοπρόπια

2169 5532 2238 5587 τά
2279 5531 2583 5603 δηλούμενα
2612 5532 2948 5602 φασκόντων,
2977 5531 3074 5602 τὴν
3102 5530 3304 5602 ἀκριϐῆ
3331 5529 3439 5584 τῶν
3477 5526 3741 5599 δηλουμέα

2164 5642 2271 5679 νων
2309 5625 2569 5695 ἔκφανσιν
2599 5624 3032 5695 καταμάθωμεν.

486 5714 590 5782 giis
636 5716 879 5770 omnium
934 5731 1027 5772 ore
1072 5716 1452 5779 celebrantur,
1516 5731 1640 5770 vera
1694 5716 2053 5786 putavissent,
2093 5719 2379 5787 oportebat
2404 5733 2535 5774 sane
2561 5734 2670 5773 non
2701 5719 2883 5773 minus
2902 5734 3069 5788 quam
3127 5725 3353 5771 cancros
3397 5728 3588 5767 eorum
3633 5711 3741 5763 vim

486 5807 892 5876 obstupescere,
927 5810 1124 5877 quippe
1157 5808 1249 5878 qui
1281 5816 1335 5863 et
1363 5808 1535 5864 Graeci
1560 5818 1779 5872 essent,
1812 5810 2058 5879 ritusque
2098 5811 2303 5879 patrios
2328 5811 2553 5866 omnino
2581 5810 2862 5875 callerem,
2886 5825 2952 5864 ac
2976 5808 3112 5863 nihil
3156 5821 3369 5871 eorum,
3424 5819 3545 5873 qua:
3602 5802 3744 5856 scitu

486 5900 646 5971 digna
677 5898 873 5966 forent,
908 5899 1016 5955 ullo
1046 5916 1283 5972 unquam
1323 5901 1484 5957 modo
1510 5901 1896 5972 neglexissent.
1956 5902 2058 5956 Ista
2099 5902 2318 5973 quidem
2351 5902 2567 5975 aliaque
2621 5901 2842 5969 similia,
2894 5901 2984 5973 qui
3031 5901 3133 5958 hoc
3189 5901 3245 5956 in
3299 5905 3607 5971 argumenti
3651 5910 3742 5966 ge-
