4156 6438
410 414 513 473 245
1579 404 1905 462 PlUEPAR.
1946 402 2197 460 EVANG.
2238 401 2366 458 LIB.
2414 400 2503 457 IV.
3567 396 3678 451 246

410 542 536 582 nere
585 525 651 581 ad
695 522 1045 580 refellendam
1092 522 1439 578 oraculorum
1488 520 1688 577 famam
1729 518 1988 590 colligere
2021 516 2200 582 vellet,
2244 530 2328 570 na:
2361 527 2613 584 magnam
2658 510 2705 566 is
2769 508 2982 579 copiam
3031 507 3316 563 habiturus
3372 516 3535 564 esset.
3573 506 3681 562 Ve-

410 636 528 675 rum
568 629 876 690 susceptam
912 636 943 675 a
973 618 1130 674 nobis
1164 616 1587 688 disputationem
1627 615 1729 669 hac
1757 614 1843 668 via
1896 611 2075 667 moliri
2138 624 2246 664 non
2275 609 2484 678 placet,
2527 607 2621 663 sed
2650 620 2713 661 ea
2736 604 2953 674 potius,
2998 617 3106 673 qua
3169 602 3224 656 in
3254 616 3376 658 eam
3433 603 3502 658 ab
3558 600 3679 671 ipso

408 712 600 767 statim
650 712 806 766 initio
847 711 1080 783 ingressi
1110 726 1323 766 sumus.
1366 709 1625 764 Dabimus
1655 707 1825 773 enim,
1870 718 1984 769 eos,
2018 702 2113 773 qui
2140 701 2521 757 vaticiniorum
2549 700 2710 756 ﬁdem
2749 708 3023 763 asserunt,
3053 714 3180 753 vera
3233 697 3446 763 dicere,
3506 705 3567 749 ut
3609 708 3679 750 cx

405 805 631 858 illorum
680 805 926 874 ipsorum
977 802 1356 869 confessione,
1404 800 1499 872 qui
1524 810 1579 855 et
1604 811 1995 868 responsorum
2036 795 2266 850 istorum
2294 794 2578 849 veritatem
2610 792 2941 859 defendunt,
3006 805 3238 863 quaeque
3304 797 3678 846 memorantur

403 898 632 953 oracula
674 899 961 953 numinum
1020 913 1246 954 suorum
1293 897 1520 952 vocibus
1589 895 1732 950 edita
1774 907 1896 948 esse
1917 890 2272 958 contendunt,
2323 891 2588 962 integram
2634 897 2689 945 et
2727 897 3043 946 accuratam
3095 902 3308 952 eorum,
3371 901 3494 958 qua:
3550 897 3680 954 pro-

405 990 700 1059 feruntur,
764 992 1181 1062 explicationem
1243 999 1408 1061 atque
1460 989 1708 1046 notitiam
1766 985 2106 1055 hauriemus.

963 1084 1362 1138 ΚΕΦΑΛΑΙΟΝ
1393 1085 1467 1138 Δ’.

407 1181 469 1233 ’⁸0
479 1194 545 1247 τι
562 1177 865 1247 μεγίστων
900 1175 1060 1247 ἡμᾶς
1092 1174 1293 1230 κακῶν
1332 1176 1560 1247 τούτων
1585 1173 1786 1228 αὐτῶν
1807 1172 1991 1247 75.183)-

481 1241 821 1375 gfgﬂatéaii
864 1241 972 1302 τοῦ
1011 1241 1289 1317 Σωτῆρος
1318 1244 1488 1316 ἡμῶν
1514 1242 1874 1315 εὐαγγελικὴ
1904 1241 1993 1295 διο-

307 1470 313 1479 ,
481 1406 649 1481 Οἶμαι
685 1409 742 1463 δὲ
782 1410 943 1464 παντί
973 1428 1053 1481 τῳ
1083 1406 1221 1464 εἶναι
1251 1410 1443 1479 σαφὲς,
1473 1408 1549 1473 ὡς
1578 1409 1607 1462 ό
1632 1406 1743 1462 τῶν
1776 1422 1997 1479 προκει-

413 1501 589 1574 μένων
622 1501 843 1575 ἔλεγχος
883 1504 946 1556 οὐ
995 1502 1210 1574 μικρὸν,
1254 1501 1391 1556 ἀλλά
1439 1502 1531 1555 καὶ
1575 1501 1828 1572 μέγιστον
1858 1498 1994 1571 ὁμοῦ

408 1594 502 1647 καὶ
540 1595 973 1661 ἀναγκαιότατον
1006 1594 1246 1666 περιέξει
1280 1595 1445 1666 μέρος
1487 1593 1588 1662 τῆς
1633 1592 1996 1662 εὐαγγελικῆς

408 1686 737 1753 ὑποθέσεως.
771 1690 836 1743 Εἰ
874 1688 983 1760 γὰρ
1020 1690 1071 1741 οἱ
1110 1688 1217 1758 πρὸ
1258 1688 1359 1759 τῆς
1402 1685 1498 1741 τοῦ
1541 1686 1797 1757 Σωτῆρος
1836 1682 1996 1756 ἡμῶν

421 1779 595 1850 Ἰησοῦ
627 1780 866 1852 Χριστοῦ
897 1780 1202 1851 παρουσίας
1226 1780 1477 1850 πανταχῆ
1508 1778 1713 1842 πάντες
1736 1777 1996 1847 ’Έλληνες

407 1872 503 1925 καὶ
546 1872 813 1945 βάρόαροι
851 1873 1111 1945 δειχθεῖεν
1148 1872 1223 1944 μὴ
1254 1873 1347 1927 τὸν
1377 1872 1550 1944 ἀληθῆ
1587 1871 1719 1926 Θεὸν
1753 1873 1996 1939 ἐπεγνω-

408 1962 586 2029 κότες,
624 1963 738 2018 ἀλλ’
779 1965 899 2035 ἤτοι
942 1964 1012 2018 τά
1057 1964 1132 2035 μὴ
1161 1964 1290 2018 ὄντα
1321 1965 1396 2029 ὡς
1426 1964 1555 2018 ὅντα
1595 1961 1994 2032 δοξάζοντες,ἢ

408 2054 514 2108 ὐπό
540 2072 704 2110 τινων
734 2055 1022 2128 μοχθηρῶν
1054 2058 1148 2111 καὶ
1173 2057 1454 2128 θεομάχων
1496 2055 1843 2127 πνευμάτων,
1882 2054 1998 2107 δαι-

411 2146 589 2218 μόνων
608 2164 669 2200 τε
697 2147 949 2219 πονηρῶν
980 2149 1073 2202 καὶ
1099 2148 1446 2220 ἀκαθάρτων,
1475 2146 1690 2218 τυφλῶν
1718 2145 1875 2217 δίκην
1892 2138 1994 2199 ὧδε

410 2237 634 2291 κάκεῖσε
666 2238 1049 2310 περιηγμένοι,
1090 2240 1185 2293 καὶ
1231 2238 1378 2311 βυθῷ
1425 2238 1622 2301 κακίας
1656 2238 1794 2310 πρὸς
1819 2235 1997 2290 αὐτῶν

408 2328 860 2400 καθειλκυσμένοι
885 2347 898 2360 ·
944 2330 1059 2399 (καὶ
1104 2332 1159 2384 τί
1192 2331 1302 2401 γὰρ
1344 2329 1457 2384 ἀλλ’
1497 2329 1530 2400 ἢ
1571 2328 1933 2399 δαιμονῶντες
1955 2326 1993 2398 ;)

2633 1074 2797 1148 ιω
2843 1073 3073 1131 CAPUT
3129 1072 3220 1127 1v.

2100 1168 2214 1225 Nos
2242 1170 2493 1226 maximis
2536 1169 2679 1224 hisce
2717 1169 2874 1224 malis
2918 1166 3229 1237 evangelicae
3265 1162 3557 1220 Servaloris
3588 1175 3663 1216 no

2335 1241 2436 1295 stri
2461 1240 2721 1296 doctrina:
2752 1239 3001 1309 beneﬁcio
3026 1237 3275 1292 liberatos
3302 1251 3432 1290 esse.

2171 1418 2437 1489 Equidem
2463 1419 2543 1474 sic
2564 1418 2823 1474 existimo
2847 1417 3122 1474 neminem
3150 1431 3293 1482 esse,
3326 1415 3420 1484 qui
3454 1423 3561 1469 nou
3597 1412 3680 1467 in-

2096 1513 2323 1583 telligat,
2347 1522 2558 1583 partem
2580 1513 2881 1584 evangelici
2912 1510 3079 1581 hujus
3103 1508 3409 1580 argumenti
3429 1521 3541 1562 non
3563 1506 3681 1561 exi-

2096 1620 2282 1676 guam,
2318 1605 2412 1659 sed
2435 1620 2564 1660 vero
2596 1603 2892 1658 maximam
2941 1601 3287 1671 maximeque
3316 1597 3677 1655 necessariam
3728 1604 3746 1629 ⁸

2096 1712 2289 1752 eorum
2308 1737 2324 1762 ,
2361 1711 2484 1765 quae
2509 1694 2789 1766 proposita
2816 1694 2950 1748 mihi
2983 1701 3151 1761 sunt,
3196 1691 3520 1763 probatione
3551 1706 3681 1746 con-

2100 1786 2283 1844 tineri.
2345 1778 2482 1841 Nam
2513 1786 2560 1841 si
2591 1784 2881 1840 ostendere
2929 1785 3098 1840 semel
3126 1783 3432 1855 poterimus
3454 1824 3470 1849 ,
3520 1789 3682 1852 quot—

2097 1886 2239 1949 quot
2259 1894 2353 1933 seu
2383 1876 2556 1933 Graeci
2603 1891 2698 1932 seu
2733 1876 2954 1931 barbari
3002 1883 3132 1931 ante
3159 1873 3466 1930 Servatoris
3508 1874 3681 1928 nostri

2096 1968 2227 2026 Jesu
2256 1969 2461 2027 Christi
2491 1970 2785 2025 adventum
2832 1977 2946 2024 toto
2978 1966 3186 2039 passim
3228 1966 3361 2021 orbe
3403 1965 3680 2029 vixerunt,

2098 2079 2287 2119 verum
2316 2077 2510 2132 omnes
2538 2061 2709 2116 Deum
2745 2061 3049 2132 ignorasse,
3068 2059 3314 2127 adeoque
3341 2056 3423 2111 vel
3453 2056 3542 2120 iis,
3561 2071 3684 2125 qua:

2099 2154 2246 2209 nulla
2276 2160 2463 2217 erant,
2512 2149 2734 2221 perinde
2774 2165 2840 2204 ac
2885 2148 2935 2204 si
2972 2154 3178 2210 essent,
3212 2145 3475 2199 honorem
3510 2143 3684 2198 tribu-

2098 2246 2228 2311 isse,
2262 2246 2346 2300 vel
2379 2260 2411 2300 a
2439 2242 2727 2315 pessimis,
2761 2240 2966 2311 quique
3004 2253 3128 2293 cum
3165 2235 3275 2291 Deo
3298 2236 3417 2307 ipso
3441 2241 3684 2306 pugnant

2099 2338 2384 2410 spiritibus
2410 2378 2426 2401 .
2477 2351 2544 2392 ac
2606 2333 2887 2391 sceleratis
2946 2330 3287 2402 impurisque
3346 2326 3685 2383 daemonibus

410 2417 527 2483 πῶς
548 2420 608 2472 οὐ
643 2419 904 2494 μειζόνως
928 2421 995 2475 ἂν
1022 2421 1214 2493 ὀφθείη
1238 2422 1299 2475 τὸ
1334 2421 1476 2492 μέγα
1499 2421 1601 2491 τῆς
1631 2419 1995 2491 εὐαγγελικῆς

2098 2445 2372 2486 σωροί-ωτι
2398 2429 2573 2484 instar
2599 2427 2705 2483 huc
2734 2425 2973 2494 illucque
3001 2430 3269 2495 raptatos,
3293 2429 3458 2492 atque
3486 2419 3543 2474 in
3571 2418 3680 2473 im-

405 2511 719 2582 οἰκονομίας
766 2514 1086 2584 μυστήριον,
1134 2513 1344 2578 πάντας
1393 2512 1731 2583 πανταχόθεν
1783 2514 1849 2565 ὲκ
1892 2512 1996 2582 τῆς

406 2603 889 2674 πατροπαραδότου
929 2604 1138 2675 πλάνης
1176 2605 1279 2673 τῆς
1312 2605 1420 2659 τῶν
1446 2604 1719 2676 δαιμόνων
1762 2603 1993 2659 καταδυ-

406 2687 659 2758 ναστείας
698 2694 787 2749 διὰ
819 2696 920 2767 τῆς
959 2696 1053 2751 τοῦ
1092 2698 1345 2769 Σωτῆρος
1376 2696 1536 2768 ἡμῶν
1575 2696 1761 2767 φωνῆς
1796 2695 1995 2750 ἀνακε-

405 2783 730 2856 κλημένους,
768 2788 865 2841 καὶ⁵
899 2789 1027 2853 τοὺς
1058 2790 1250 2862 μέχρις
1284 2788 1552 2861 ὲσχατιῶν
1578 2790 1682 2861 γῆς
1707 2788 1992 2853 οἰκοῦντας

402 2875 725 2947 ἀνθρώπους
766 2880 867 2951 τῆς
911 2880 971 2948 se
1012 2881 1206 2945 αἰῶνος
1254 2880 1634 2953 κατασχούσης
1677 2881 1771 2936 τὸν
1816 2881 1995 2935 πάντα

404 2965 518 3037 βίον
551 2969 770 3041 ἀπάτης
795 2970 1268 3043 λελυτρωμένουςς
1296 2972 1437 3026 ὥστε
1464 2971 1525 3040 ἐξ
1550 2973 1763 3027 ἐκείνου
1789 2972 1884 3025 καὶ
1914 2973 1994 3035 είς

401 3059 562 3132 δεῦρο
589 3060 845 3115 λελύσθαι
878 3063 976 3134 μὲν
998 3064 1094 3117 καὶ
1128 3063 1476 3137 καθῃρῆσθαι
1507 3064 1693 3128 αὐτοῖς
1717 3066 1868 3129 ναοῖς
1896 3064 1993 3119 καὶ

403 3152 613 3219 ξοάνοις
642 3153 712 3208 τὰ
750 3154 1179 3225 πεπαλαιωμένα
1227 3155 1328 3225 τῆς
1367 3153 1475 3208 τῶν
1524 3154 1695 3210 ἐθνῶν
1738 3156 1994 3211 ἀπάντων

403 3246 614 3317 πλάνης
644 3245 936 3317 ἱδρύματα,
964 3245 1083 3318 ἱερά
1108 3246 1167 3299 δὲ
1187 3246 1357 3311 ὄντως
1386 3245 1564 3317 σεμνά
1585 3246 1680 3300 καὶ
1711 3247 1994 3310 εὐσεϐείας

403 3336 751 3392 διδασκαλεῖα
776 3337 855 3410 τῷ
882 3339 1219 3411 παμϐασιλεὶ
1245 3340 1338 3394 καὶ
1381 3339 1699 3413 δημιουργῷ
1724 3340 1830 3394 τῶν
1856 3341 1994 3395 ὅλων

404 3431 463 3483 ἐν
499 3431 693 3502 μέσαις
730 3431 917 3486 πόλεσι
952 3449 1012 3486 τε
1043 3434 1138 3488 καὶ
1175 3432 1392 3504 κώμαις
1422 3432 1652 3504 δυνάμει
1685 3433 1781 3488 xui.
1822 3436 1991 3507 ἀρετῇ

403 3525 497 3578 τοῦ
520 3525 772 3600 Σωτῆρος
802 3525 960 3597 ἡμῶν
988 3528 1092 3582 ἀνά
1117 3528 1209 3583 τὸν
1235 3527 1527 3599 σύμπαντα
1561 3528 1765 3600 κόσμον
1794 3529 1994 3601 ἀνεγη-

405 3615 621 3689 γέρθαι,
653 3616 845 3682 θυσίας
870 3635 930 3671 τε
960 3617 1058 3683 τὰς
1088 3618 1414 3691 θεοπρεπεῖς
1452 3620 1638 3690 εὐχαῖς
1680 3620 1843 3674 όσίων
1884 3620 1995 3674 δια-

405 3707 745 3780 κεκαθάρθαι
773 3709 971 3774 κακίας
998 3710 1238 3781 ἀπάσης,
1264 3710 1321 3764 ἕν
1346 3728 1405 3764 τε
1434 3708 1673 3782 ἀπαθείᾳ
1696 3709 1878 3782 ψυχῆς
1897 3713 1991 3766 ml.

2096 2521 2387 2593 probitatis
2435 2518 2759 2576 barathrum
2804 2515 3110 2588 praecipites
3142 2521 3296 2569 actos
3337 2511 3491 2583 (quid
3535 2510 3681 2567 enim

2095 2612 2245 2668 aliud
2270 2626 2368 2667 eos
2386 2649 2402 2676 ,
2431 2623 2598 2680 quam
2630 2607 2968 2664 daemoniaco
2998 2606 3184 2663 furore
3206 2613 3487 2673 correptos
3513 2601 3685 2659 fuisse

2093 2701 2372 2774 dixeris?)
2406 2718 2421 2756 :
2455 2701 2547 2757 cui
2577 2697 2796 2755 tandem
2837 2712 3097 2770 magnum
3127 2696 3232 2752 hoc
3258 2690 3683 2765 dispensationis

2094 2794 2422 2866 evangelica:
2466 2790 2793 2864 mysterium
2824 2804 2936 2845 non
2982 2786 3187 2844 clarius
3213 2795 3266 2841 et
3294 2783 3563 2840 illustrius
3589 2796 3686 2852 ap-

2096 2895 2316 2958 pareat,
2362 2884 2512 2957 quod
2549 2898 2745 2941 omnes
2771 2881 3018 2951 undique
3054 2880 3125 2936 ab
3152 2878 3300 2935 avito
3327 2891 3542 2946 errore,
3574 2875 3685 2932 da:—

2052 3018 2057 3025 -
2096 2992 2434 3048 mortumque
2476 2974 2765 3049 tyrannide
2800 2972 3108 3029 Servatoris
3156 2968 3330 3025 nostri
3359 2983 3492 3025 voce
3528 2983 3685 3023 revo-

2096 3072 2254 3136 carit,
2279 3070 2487 3141 quique
2509 3068 2567 3123 in
2595 3065 2857 3122 extremis
2891 3072 3164 3120 terrarum
3195 3060 3398 3117 ﬁnibus
3424 3061 3685 3132 degerent
3762 3128 3767 3139 ί

2096 3162 2371 3225 homines,
2407 3160 2477 3216 ab
2497 3173 2561 3215 ea
2580 3200 2598 3227 ,
2621 3173 2746 3229 qua:
2775 3156 2928 3213 omni
2956 3171 3024 3212 ex
3050 3152 3316 3209 memoria
3343 3152 3507 3207 vitam
3537 3166 3686 3205 mor-

2095 3254 2286 3311 talium
2316 3253 2628 3309 universam
2658 3258 2943 3314 tenuerat,
2980 3245 3171 3302 l‘raude
3196 3243 3475 3301 liberarit?
3518 3251 3684 3313 atque

2095 3346 2169 3400 ita
2194 3343 2461 3409 liberarit,
2494 3352 2555 3399 ut
2586 3347 2740 3397 tanto
2771 3337 3057 3395 intervallo
3082 3345 3138 3393 et
3158 3335 3525 3392 vetustissima
3552 3350 3685 3405 gen:

2095 3437 2231 3492 tium
2262 3434 2510 3491 omnium
2563 3432 2769 3488 erroris
2818 3429 3096 3486 domicilia
3125 3442 3250 3484 cum
3281 3426 3496 3496 templis
3521 3433 3685 3496 atque

2095 3527 2407 3586 simulacris
2434 3527 2700 3597 dissipata
2726 3523 3083 3593 funditusque
3123 3521 3338 3576 sublata
3371 3518 3599 3581 fuerint,
3629 3526 3686 3571 et

2095 3619 2323 3677 delubra
2373 3634 2502 3675 vere
2549 3625 2820 3689 augusta,
2851 3628 3087 3685 vereque
3128 3612 3345 3683 pietatis
3381 3609 3598 3666 scholas
3627 3608 3684 3661 iu

2098 3712 2300 3769 summi
2330 3711 2476 3783 regis
2505 3724 2571 3766 ac
2592 3722 2776 3764 rerum
2806 3707 3189 3763 universarum
3214 3702 3484 3758 molitoris
3507 3701 3685 3756 hono~

406 3799 585 3868 πάσης
616 3800 817 3871 ἀρετῆς
844 3800 1130 3873 ἀναλήψει,
1159 3801 1303 3856 κατὰ
1321 3800 1391 3855 τά
1417 3800 1535 3855 θεῖα
1561 3800 1655 3853 καὶ
1677 3800 1993 3874 σωτηριάκῖη

2098 3819 2213 3859 rem
2235 3845 2250 3864 ,
2299 3800 2495 3857 mediis
2524 3799 2579 3857 in
2609 3798 2840 3854 urbibus
2868 3805 3032 3867 atque
3060 3793 3214 3865 pagis
3234 3836 3249 3856 .
3281 3791 3525 3860 ejusdem
3556 3787 3685 3845 Scr-

406 3890 774 3960 παιδεύματα,
798 3886 803 3893 ’
830 3892 891 3958 ἐξ
935 3893 1192 3949 ἀπάντων
1243 3893 1518 3965 ὁσημέραι
1570 3891 1835 3967 διηνεκῶς
1884 3892 1993 3946 τῶν

406 3982 576 4037 ἐθνῶν
607 3983 972 4038 ἐπιτελεῖσθαι
995 4002 1010 4016 ·
1048 3987 1145 4051 τὰς
1180 3987 1245 4059 δὴ
1289 3987 1386 4042 καὶ
1414 3988 1583 4059 μόνας
1612 3989 1815 4059 ἀρετὰς
1848 4004 1869 4027 ι
1900 3987 1993 4042 οὐ·

409 4090 532 4151 σας,
582 4075 675 4128 καὶ
727 4078 1021 4148 προσηνεῖς
1069 4075 1261 4142 θυσίας
1306 4078 1386 4150 τῷ
1440 4080 1536 4134 ἐπὶ
1591 4080 1809 4134 πάντων
1851 4078 1993 4150 Θεῷ.

406 4165 627 4224 Τούτων
671 4166 728 4221 δὲ
773 4167 947 4233 οὕτως
990 4168 1246 4241 ἐχόντων,
1295 4169 1413 4237 πῶς
1460 4173 1561 4226 οὐκ
1592 4172 1661 4227 ἂν
1710 4172 1902 4244 εἴημεν
1935 4174 1995 4226 ἐν

405 4260 588 4332 ταύτῷ
627 4260 1060 4332 δεδειχότες,καὶ
1096 4264 1180 4317 ὃτι
1213 4262 1354 4333 μετά
1394 4262 1670 4336 σώφρονος
1705 4264 1990 4336 λογισμοῦ,

404 4355 527 4427 οὐχί
558 4354 615 4409 δὲ
666 4354 859 4428 ἀλογίᾳ
914 4355 1140 4420 ἑαυτοὺς
1184 4356 1482 4423 ἐπιδόντες,
1532 4357 1841 4413 ἀποστάται
1890 4358 1991 4429 τῆς

406 4448 896 4521 πατροπαραδότου
952 4449 1256 4521 γεγόναμεν
1307 4449 1758 4521 δεισιδαιμονίας⁸
1816 4450 1996 4522 κρίσει

407 4539 464 4594 δὲ
492 4540 697 4611 δικαίᾳ,
734 4543 829 4594 καὶ
867 4540 1061 4612 ἀληθεῖ
1087 4541 1148 4595 τὸ
1180 4544 1428 4614 κρεῖττον
1457 4543 1870 4614 ἀγαπήσαντες,
1899 4544 1995 4597 καὶ

406 4632 508 4703 τῆς
534 4632 718 4709 ἐνθέου
758 4633 851 4688 καὶ
879 4632 1113 4705 ἀληθοῦς
1137 4634 1421 4700 εὐσεϐείας
1449 4636 1679 4706 ἐρασταὶ
1703 4637 1995 4708 γεγενημέ-

409 4740 488 4777 νοι
515 4740 529 4788 ;
567 4722 729 4778 Ἀλλά
757 4723 963 4778 τούτων
991 4723 1092 4795 μὲν
1138 4725 1279 4791 ἅλις,
1315 4725 1517 4780 ἁπτέον
1543 4726 1602 4781 δὲ
1647 4726 1833 4781 λοιπὸν
1860 4745 1995 4800 προ-

408 4818 698 4888 κειμένων.

2095 3896 2304 3951 vatoris
2321 3893 2496 3950 nostri
2519 3892 2717 3948 virtute
2747 3900 2918 3946 totum
2946 3905 3043 3959 per
3067 3888 3256 3943 orbem
3279 3886 3510 3942 excitata
3540 3887 3680 3950 sint;

2096 3999 2152 4046 et
2192 3987 2463 4045 sacriﬁcia
2515 3984 2625 4041 Deo
2663 3983 2986 4056 dignissima
3034 3980 3322 4035 hominum
3367 3986 3683 4033 sanctorum

2098 4083 2353 4154 precibus
2378 4123 2393 4149 ,
2426 4095 2593 4136 sensu
2630 4078 2700 4134 ab
2730 4076 2881 4133 omni
2910 4074 3261 4146 improbitate
3288 4086 3424 4142 puro
3447 4113 3464 4138 ,
3501 4077 3685 4125 mente

2097 4178 2166 4233 ab
2191 4176 2341 4233 omni
2367 4172 2776 4246 perturbatione
2810 4184 2984 4225 vacua
3007 4208 3023 4236 ,
3054 4177 3112 4224 et
3140 4168 3387 4223 omnium
3418 4165 3682 4218 virtutum

2099 4268 2400 4331 exercitio,
2462 4264 2738 4336 quomodo
2793 4262 2991 4319 divina:
3047 4260 3424 4328 salutaresque
3489 4258 3684 4311 littera:

2099 4358 2442 4431 praecipiunt,
2462 4357 2531 4412 ab
2547 4354 2804 4412 omnibus
2828 4351 3070 4425 quotidie
3089 4352 3342 4423 gentibus
3359 4350 3685 4420 assidueque

2097 4452 2234 4507 liant
2267 4470 2281 4506 :
2310 4448 2622 4521 cuiusmodi
2669 4446 2856 4516 utique
2901 4444 3169 4502 sacriﬁcia
3215 4450 3365 4509 sunt,
3401 4458 3523 4521 quae
3566 4442 3683 4496 sola

2102 4517 2422 4612 praepotenti
2459 4536 2570 4593 Deo
2590 4537 2825 4608 placere,
2851 4544 3015 4606 atque
3050 4542 3269 4605 accepta
3293 4547 3414 4589 esse
3449 4517 3679 4602 possint.

2101 4634 2227 4690 Haec
2241 4646 2405 4704 porro
2425 4646 2550 4687 cum
2573 4633 2647 4685 ita
2669 4644 2793 4685 sese
2815 4628 3070 4694 habeant,
3093 4642 3275 4683 nonne
3290 4625 3455 4682 simul
3471 4623 3685 4679 eadem-

2099 4743 2205 4799 que
2231 4724 2317 4780 via
2347 4721 2776 4790 ostenderimus,
2794 4735 2896 4778 nos
2916 4719 3168 4791 prudenti
3200 4727 3526 4788 matureque
3547 4732 3680 4771 con-

2096 4820 2222 4876 sllio
2247 4817 2548 4884 adductos,
2585 4831 2695 4872 non
2740 4815 3051 4871 inconsulta
3093 4813 3312 4869 levitate
3342 4812 3617 4882 abreptos,
3651 4824 3683 4863 a

409 4912 583 4982 patria
600 4915 991 4984 superstitione
1007 4913 1327 4978 descivisse,
1348 4929 1415 4970 ac
1436 4921 1585 4970 recto
1618 4928 1859 4984 veroque
1905 4912 2116 4983 judicio
2153 4910 2308 4985 ιιι
2345 4910 2570 4966 meliora
2614 4909 2935 4980 complexos
2962 4921 3109 4974 esse,
3133 4905 3488 4967 divinamque
3516 4901 3683 4959 simul

408 5020 471 5060 ac
495 5021 679 5062 veram
710 5008 964 5079 pietatem
996 5008 1304 5063 adamasse.
1346 5005 1453 5063 Sed
1488 5008 1555 5064 de
1583 5007 1670 5063 his
1697 5008 2003 5073 hactenus;
2035 5006 2182 5078 quod
2211 5014 2482 5077 superest,
2514 5004 2580 5060 ad
2606 5020 2722 5060 rem
2752 5003 2931 5075 ipsam
2963 5001 3270 5061 veniamus.

940 5123 1451 5177 KEIDAAAIUNE'.

443 5212 540 5279 Τίς
574 5212 614 5281 ἡ
644 5209 938 5280 διαίρεσις
977 5211 1087 5280 τῆς
1113 5211 1242 5267 καθ’
1275 5212 1579 5281 Ἕλληνας
1607 5213 1942 5284 θεολογίας.

472 5325 534 5377 Oi
575 5322 675 5394 μὲν
693 5322 758 5395 δὴ
780 5322 877 5394 τὴν
921 5323 1237 5395 Ἑλληνικὴν
1264 5323 1539 5393 θεολογίαν
1562 5324 1994 5399 ὲξηκριόωκότες

402 5413 520 5465 καθ’
551 5413 741 5485 ἕτερον
765 5414 916 5485 παρά
942 5414 1067 5478 τοὺς
1096 5415 1526 5487 προειρημένους
1570 5418 1702 5488 ἡμῖν
1736 5419 1991 5489 τρόπους,

401 5505 481 5566 είς
516 5505 649 5575 γένη
676 5505 913 5578 τέτταρα
933 5507 1111 5561 πάντα
1149 5507 1240 5562 τὸν
1266 5508 1424 5577 λόγον
1451 5508 1805 5581 διαιροῦντες,
1841 5510 1992 5582 πρώ-

409 5612 567 5651 τιστα
597 5597 816 5651 πάντων
851 5597 942 5651 τὸν
970 5596 1190 5670 πρῶτον
1210 5599 1571 5670 ἀφορίσαντες
1603 5600 1755 5664 Θεὸν,
1793 5600 1991 5654 εἰδέναι
2014 5653 2026 5669 ,

412 5690 546 5757 φασὶ
573 5688 764 5744 τοῦτον
791 5685 931 5744 εἶναι
962 5690 1053 5744 τὸν
1085 5692 1178 5744 ἐπὶ
1212 5693 1347 5745 πᾶσι
1382 5691 1597 5761 πρῶτόν
1633 5710 1691 5746 τε
1723 5692 1851 5747 ὄντα
1896 5695 1991 5747 καὶ

413 5783 628 5837 πάντων
652 5782 806 5847 Θεὸν,
838 5784 1048 5856 πατέρα
1088 5800 1144 5837 τε
1178 5785 1268 5837 καὶ
1301 5784 1544 5854 βασιλέοιν
1582 5785 1699 5858 μεθ’
1741 5786 1799 5839 ὃν
1834 5786 1990 5856 γένος

485 5893 506 5917 θ
545 5882 632 5933 ἵσ.
665 5878 919 5950 ἀρεστάς.

2727 5115 2958 5173 CAPUT
2988 5114 3065 5174 V.

2351 5211 2539 5279 Quah‘s
2564 5209 2869 5266 Grarcorum
2888 5206 3162 5278 theologia
3181 5207 3422 5278 partitio.

2173 5327 2315 5398 Ergo
2347 5326 2441 5396 qui
2468 5324 2781 5381 Graecorum
2817 5322 3145 5393 theologiam
3191 5322 3525 5378 adamussim
3554 5336 3680 5380 exe-

2098 5428 2317 5492 gerunt,
2342 5417 2507 5472 aliam
2540 5415 2835 5486 quamdam
2866 5414 2934 5468 ab
2964 5413 3053 5480 iis,
3081 5429 3221 5483 quas
3252 5422 3379 5469 ante
3402 5417 3679 5473 recensui-

2098 5526 2245 5571 mus.
2276 5508 2547 5564 rationem
2578 5506 2860 5573 ineuntes,
2891 5520 3008 5561 rem
3045 5513 3215 5561 totam
3244 5506 3296 5561 in
3335 5516 3567 5577 quatuor
3596 5524 3680 5579 ge-

2101 5616 2233 5658 nera
2259 5599 2442 5671 partiti
2475 5606 2623 5656 sunt.
2649 5596 2877 5668 Quippe,
2909 5598 2963 5651 in
2992 5587 3185 5668 primis
3206 5598 3353 5653 enim
3377 5599 3679 5668 principem

2102 5692 2270 5747 Deum
2329 5706 2361 5746 a
2414 5689 2577 5761 vulgo
2638 5698 3005 5759 segregantes,
3055 5687 3312 5743 omnibus
3360 5704 3487 5742 eum
3519 5692 3682 5742 rebus

2100 5782 2413 5855 prmsidcrc,
2472 5790 2598 5838 ante
2655 5795 2846 5838 omnes
2903 5794 3048 5850 esse,
3101 5779 3457 5850 omniumque
3486 5778 3678 5848 Deum,
