4156 6412
485 375 595 431 247

1161 376 1432 433 EUSEBII
1461 375 1942 434 CESARIENSIS
1979 375 2062 432 ΟΡ

2167 375 2346 430 PARS
2373 373 2437 428 ιι.
2475 405 2547 415 -
2574 372 3075 430 ΔΡυιοςΕτιοΑ.

3616 371 3732 427 9.43

486 498 793 565 parentem,
844 508 910 548 ac
963 506 1145 563 regem
1187 507 1310 548 sese
1353 506 1650 563 agnoscere
1680 493 2009 562 protitentur
2043 510 2056 546 :

2165 490 2225 543 τὸ
2252 490 2390 543 θεῶν
2434 490 2700 559 ὑπάρχειν
2742 488 3017 558 δεύτερον,
3057 488 3321 559 ἑπόμενον
3359 485 3418 540 δὲ
3460 484 3523 541 τὸ
3559 487 3749 556 δαιμό-

487 584 791 641 secundum
837 599 1024 655 quem,
1071 583 1298 639 alterum
1341 582 1570 638 deorum
1619 600 1811 654 genus,
1840 586 2059 640 tertium

485 678 835 740 daemonum,
887 684 1142 746 quartum
1190 676 1428 745 denique
1477 676 1705 731 heroum
1756 678 2060 748 assignant.

485 765 692 823 Deinde
716 781 869 828 vero,
898 783 1237 838 quaecunque
1265 767 1319 822 itt
1349 777 1556 837 partem
1583 768 1726 838 ejus,
1757 770 1901 839 quod
1924 770 2065 839 opti-

484 872 635 911 mum
679 865 785 923 est,
819 858 952 912 idese
1000 857 1271 923 venerint,
1312 874 1377 913 ea
1406 858 1604 928 partim
1638 874 1822 928 agere,
1864 861 2063 929 partim

483 949 594 1018 agi,
627 956 682 1004 et
708 947 967 1019 quicquid
990 948 1259 1019 ejusmodi
1287 958 1391 1016 est,
1422 950 1566 1020 quod
1591 950 1815 1006 luminis
1843 951 1914 1007 sit
1941 967 2065 1021 par-

484 1040 679 1109 ticeps,
716 1040 898 1094 lumen
948 1039 1210 1111 appellari
1237 1049 1489 1096 statuunt
1530 1060 1544 1096 :
1576 1041 1835 1097 deteriori
1872 1052 2064 1098 contra

483 1136 694 1184 natura:
726 1130 929 1183 malum
968 1131 1149 1201 ipsum
1196 1132 1489 1203 imperare,
1522 1134 1669 1203 quod
1698 1133 1917 1204 quidem
1955 1149 2065 1189 non

482 1219 630 1274 aliud
656 1234 820 1289 quam
853 1220 1229 1291 improborum
1270 1222 1582 1278 daemonum
1610 1239 1784 1293 genus
1821 1239 1944 1279 esse
1968 1239 2067 1279 vo—

484 1311 623 1378 lunt,
653 1311 803 1381 quod
839 1328 966 1368 cum
1006 1328 1094 1380 eo,
1135 1316 1283 1384 quod
1321 1315 1526 1370 bonum
1556 1324 1659 1379 est,
1694 1316 1874 1371 amico
1920 1333 2066 1371 nun-

481 1417 646 1472 quam
674 1411 882 1470 utatur,
913 1413 1028 1458 tum
1052 1405 1162 1459 vim
1190 1406 1244 1459 in
1270 1406 1528 1462 universa
1550 1422 1765 1473 eorum,
1784 1422 1907 1478 quae
1924 1408 2068 1463 bono

480 1493 759 1549 contraria
799 1502 929 1550 sunt
961 1504 1180 1561 natura,
1215 1498 1439 1567 perinde
1469 1514 1535 1553 ac
1561 1497 1706 1555 Deus
1737 1499 1791 1553 in
1820 1509 1935 1554 toto
1964 1503 2067 1555 bo—

484 1599 681 1639 norum
711 1598 929 1657 genere,
968 1588 1271 1658 principem
1310 1590 1587 1656 obtineat;
1629 1590 1893 1662 quidquid
1936 1607 2068 1648 vero

482 1677 590 1732 tale
635 1687 741 1743 est,
786 1679 840 1733 id
887 1695 1049 1734 omne
1080 1681 1332 1736 tenebras
1373 1682 1557 1737 vocari
1588 1684 1827 1738 tradunt.
1856 1683 2067 1750 Quibus

482 1768 555 1822 ita
585 1769 898 1825 constitutis
928 1780 1096 1840 atque
1121 1770 1416 1834 distinctis,
1446 1773 1645 1826 caelum
1684 1772 1904 1843 quidem
1937 1788 2063 1828 cum

482 1874 549 1914 eo
585 1860 680 1930 qui
705 1860 772 1916 ad
799 1860 984 1916 lunam
1012 1863 1186 1932 ipsam
1233 1863 1488 1933 pertinet,
1537 1863 1738 1918 aethere
1781 1863 1910 1927 diis,
1941 1879 2064 1933 qua:
2099 1846 2138 1901 Β

482 1951 626 2006 circa
670 1952 854 2007 lunam
881 1968 1173 2023 acremque
1201 1965 1515 2022 versantur,
1542 1955 1902 2021 daemonibus,
1943 1972 2065 2026 qua:

484 2042 631 2095 circa
673 2058 905 2113 quaeque
954 2044 1060 2100 sub
1107 2054 1346 2109 terram,
1399 2045 1690 2101 animabus
1739 2046 2063 2101 attribuunt.

484 2134 599 2191 llac
643 2138 932 2206 partitione
964 2140 1271 2209 assignata,
1301 2141 1554 2195 caelestes
1588 2142 1721 2197 deos
1764 2144 1816 2197 in
1852 2143 2063 2213 primis,

482 2226 677 2282 deinde
718 2228 894 2284 bonos
925 2228 1225 2294 daemones,
1262 2230 1422 2285 tertio
1467 2230 1693 2286 heroum
1727 2232 1941 2287 animas
1972 2247 2066 2287 co-

479 2318 614 2386 lere,
657 2329 940 2390 postremo
972 2321 1148 2376 malos
1173 2322 1339 2376 etiam
1368 2323 1763 2393 improbosque
1789 2324 2066 2378 daemones

480 2415 697 2486 placare
718 2431 784 2471 ac
810 2416 1040 2473 delinire
1064 2427 1315 2487 Oportere
1334 2419 1551 2475 docent.
1575 2417 1776 2474 Verum
1802 2418 1918 2473 haec
1938 2434 2062 2473 cum

480 2501 557 2561 it'a
580 2506 747 2562 verbo
771 2515 930 2562 tenus
945 2509 1127 2563 omnia
1156 2509 1513 2581 distinguant,
1554 2517 1668 2563 tum
1700 2524 1757 2562 re
1786 2508 1902 2578 ipsa
1937 2524 2067 2562 cun-

480 2603 568 2649 cta
609 2595 975 2664 confundunt,
1011 2596 1290 2667 improbas
1324 2606 1538 2652 tantum
1570 2600 1798 2653 virtutes
1828 2597 2060 2652 aliorum

478 2687 724 2743 omnium
770 2689 892 2744 loco
917 2689 1247 2757 venerando,
1278 2705 1510 2760 seseque
1561 2698 1706 2745 totos
1740 2689 1809 2744 iis
1858 2689 2065 2743 manci-

478 2779 679 2847 pando,
709 2780 1173 2849 quemadmodum
1205 2782 1372 2852 hujus
1414 2781 1468 2835 in
1493 2796 1786 2852 progressu
1821 2782 2062 2851 disputa-

477 2869 643 2925 tionis
674 2870 1047 2928 ostendemus.
1087 2871 1265 2927 Tuum
1298 2885 1480 2929 autem
1508 2874 1632 2937 erit,
1664 2873 1843 2937 exiis,
1879 2889 2003 2943 qua:
2029 2889 2059 2926 a

477 2959 637 3015 nobis
664 2959 720 3015 in
744 2960 983 3017 medium
1008 2961 1325 3030 aﬂerentur,
1352 2964 1555 3031 videre,
1579 2964 1769 3034 quales
1797 2978 1913 3027 eas,
1938 2977 2061 3032 quae

475 3066 632 3106 suam
668 3067 766 3122 per
808 3053 1104 3109 simulacra
1137 3054 1246 3109 vim
1294 3064 1544 3123 exerunt,
1587 3055 1817 3111 virtutes
1859 3055 2060 3110 habere

477 3151 747 3216 oporteat,
799 3144 1022 3213 deosne,
1075 3161 1144 3201 an
1194 3147 1504 3216 daemones;
1553 3156 1611 3203 et
1659 3147 1706 3203 si
1757 3147 2055 3215 daemones,

479 3238 748 3305 tnalosne,
779 3255 846 3293 an
880 3255 1011 3296 vero
1041 3240 1232 3296 bonos.
1258 3238 1396 3293 Nam
1436 3240 1636 3295 divina:
1661 3238 1880 3309 quidem
1915 3237 2060 3307 apud

474 3345 580 3387 nos
604 3328 823 3386 Litterae
852 3346 1123 3402 nusquam
1146 3332 1373 3386 omnino
1397 3330 1700 3386 daemonem
1734 3330 1935 3386 bonum
1963 3344 2062 3385 vo-

476 3437 604 3478 care
640 3422 840 3488 solent,
877 3423 1080 3493 quippe
1107 3438 1230 3493 qua:
1262 3422 1469 3491 optime
1493 3423 1699 3487 norint,
1728 3421 2058 3491 quibuscum

479 3512 533 3567 id
559 3513 812 3569 vocabuli
848 3515 1195 3584 nominisque
1224 3512 1382 3585 142
1413 3527 1706 3568 commune
1736 3512 1827 3577 sit,
1857 3512 2062 3581 impro-

476 3602 580 3657 bos
614 3618 739 3659 csse
784 3618 1013 3668 omnes;
1059 3603 1518 3673 quemadmodum
1566 3617 1674 3656 non
1725 3602 1892 3655 alium
1930 3600 2063 3669 ipsa:

479 3692 653 3749 Deum
690 3710 816 3749 vere
858 3694 1189 3766 proprieque
1237 3693 1545 3758 nominant,
1583 3702 1778 3763 praeter
1804 3706 1975 3745 unum
2003 3689 2063 3744 il-

476 3790 613 3854 lum,
637 3790 729 3861 qni
752 3806 931 3845 rerum
960 3790 1206 3845 omnium
1223 3799 1414 3847 auctor
1441 3799 1545 3845 est.
1578 3788 1855 3845 Liberales
1874 3797 2059 3844 autem

480 3882 604 3938 illas
627 3883 912 3956 bonasque
938 3882 1190 3951 virtutes,
1213 3885 1359 3955 quod
1389 3893 1585 3937 natura
1609 3899 1708 3938 sua
1725 3881 2059 3953 principium

478 3984 636 4029 ortus
660 3975 918 4043 habeant,
949 3983 1113 4045 atque
1140 3985 1198 4030 ut
1221 3976 1382 4044 longo
1421 3974 1591 4030 Deum
1632 3976 1783 4030 illum
1823 3983 1876 4029 et
1904 3984 2060 4030 ortus

473 4073 747 4135 espertexn
798 4075 853 4122 et
911 4068 996 4124 sui
1040 4068 1380 4123 conditorem
1425 4073 1732 4136 sequuntur
1751 4065 2057 4132 intervallo,

474 4157 557 4213 sic
580 4167 633 4211 et
663 4158 735 4213 ab
767 4158 1017 4229 improbo
1045 4159 1353 4216 daemonum
1377 4173 1575 4230 genere
1606 4167 1904 4229 segregata!
1925 4157 2057 4224 sint,

474 4265 653 4319 neque
680 4249 813 4307 deos
868 4267 1046 4323 neque
1098 4252 1375 4307 daemones
1418 4251 1691 4321 appellare
1736 4251 2055 4316 voluerunt;

472 4340 590 4407 sed,
621 4343 765 4411 quod
793 4344 1034 4399 medium
1081 4345 1374 4415 quemdam
1425 4344 1532 4398 illa:
1563 4343 1673 4398 sint
1714 4340 1882 4397 Deum
1918 4344 2059 4397 inter

472 4446 539 4505 ac
581 4431 858 4488 daemones
895 4436 1104 4491 sortitae
1149 4435 1417 4506 gradum,
1473 4435 1649 4490 media
1683 4435 1920 4505 quadam
1963 4449 2059 4490 eas

2167 599 2293 646 νων,
2325 582 2387 635 τὸ
2406 582 2463 635 δὲ
2497 580 2693 652 ἡρώων
2723 582 2999 653 τέταρτον
3052 580 3287 641 ἅπαντα,
3322 579 3418 649 τῆς
3439 578 3532 631 τοῦ
3565 580 3746 649 κρείτ-

2163 691 2315 737 τονος
2349 672 2498 737 ιδίας
2545 673 2903 744 μετασχόντα,
2943 672 3020 742 πὴ
3065 673 3164 742 μὲν
3198 670 3375 739 ἄγειν,
3417 670 3493 739 πὴ
3520 669 3578 722 δὲ
3622 670 3749 737 ἄγε-

2167 764 2311 828 σθαι,
2339 765 2435 818 καὶ
2458 763 2573 834 φῶς
2595 763 2740 817 ἀπαν
2777 761 3278 834 προσαγορεύεσθαι
3308 761 3369 813 τὸ
3400 761 3609 814 τοιόνδε
3631 777 3745 827 φωο

2160 856 2254 919 τὸς
2282 858 2501 927 μετοχῇ.
2539 854 2699 908 Ἀλλά
2717 854 2919 923 καὶτῆς
2937 852 3027 908 τοῦ
3040 855 3281 925 χείρονος
3303 852 3488 916 οὐσίας
3502 851 3563 904 τὸ
3583 852 3748 905 κακὸν

2162 947 2413 1019 ἡγεῖσθαί
2461 964 2616 1017 φασι.
2653 946 2825 1001 Τοῦτο
2860 947 2918 1001 δὲ
2956 942 3098 1001 εἶναι
3149 944 3435 1017 μοχθηρῶν
3480 943 3747 1012 δαιμόνων

2162 1040 2337 1109 γένος,
2367 1038 2508 1110 ψιλῷ
2552 1040 2652 1110 μὲν
2691 1038 2941 1109 οὐδαμῶς
2974 1036 3254 1110 χρώμενον
3296 1033 3540 1104 τάγαθῷ,
3584 1033 3746 1087 δύνα-

2168 1131 2258 1202 μίν
2285 1148 2350 1199 γε
2386 1130 2494 1202 μὴν
2543 1133 2602 1184 ἑν
2643 1133 2710 1201 τῇ
2731 1130 2840 1184 τῶν
2906 1129 3163 1183 ἐναντίων
3209 1127 3367 1197 φύσει
3413 1123 3749 1194 κεκτημένον

2166 1224 2413 1298 πρώτην,
2444 1223 2696 1295 καθάπερ
2732 1225 2791 1276 ὲν
2822 1224 2938 1286 τοῖς
2972 1222 3278 1294 κρείττοσιν
3306 1221 3336 1272 ό
3366 1217 3520 1279 Θεός·
3562 1219 3669 1270 πᾶν
3690 1217 3749 1270 δὲ

2164 1317 2226 1371 τὸ
2266 1316 2466 1371 τοιόνδε
2506 1316 2697 1381 σκότος
2728 1313 3255 1388 προσαγορεύεσθαι.
3314 1310 3501 1366 Ταῦτα
3559 1311 3749 1365 τοῦτον

2165 1408 2597 1479 διαστειλάμενοι
2637 1407 2730 1462 τὸν
2773 1407 2996 1480 τρόπον,
3047 1405 3188 1469 θεοῖς
3244 1405 3342 1476 μὲν
3383 1405 3610 1478 οὐρανὸν
3654 1403 3751 1457 καὶ

2164 1502 2257 1555 τὸν
2307 1500 2435 1571 ἄχρι
2480 1500 2708 1572 σελήνης
2751 1499 2946 1574 αἰθέρα
2991 1498 3154 1568 φασὶν
3195 1497 3580 1568 ὑποτετάχθαι·
3635 1496 3753 1550 δαί-

2169 1610 2294 1664 μοσι
2316 1592 2372 1645 δὲ
2393 1592 2461 1645 τὰ
2483 1592 2610 1667 περὶ
2640 1591 2867 1662 σελήνην
2895 1590 2989 1644 καὶ
3014 1590 3169 1660 ἀέρα⁹
3205 1589 3405 1660 ψυχαῖς
3430 1589 3491 1642 δὲ
3522 1588 3589 1642 τά
3619 1586 3747 1658 περὶ

2166 1684 2385 1754 γῆνκαὶ
2414 1685 2660 1753 ὑπόγεια.
2699 1682 3008 1754 Tomi-rter
3055 1680 3345 1753 ἀφορισμῷ
3396 1681 3747 1753 κεχρημένοι,

2165 1780 2381 1847 πρῶτον
2408 1777 2663 1830 ἁπάντων
2696 1776 2828 1845 φασὶ
2852 1776 2978 1838 τοὺς
3001 1774 3284 1846 οὐρανίους
3322 1774 3432 1827 δεῖν
3475 1775 3570 1827 καὶ
3603 1773 3753 1827 αἰθε-

2166 1869 2316 1941 ρίους
2343 1868 2499 1931 θεοὺς
2533 1864 2876 1937 θεραπεύειν,
2912 1866 3183 1936 δεύτερον,
3215 1867 3339 1929 τοὺς
3362 1866 3600 1934 ἀγαθοὺς
3635 1868 3754 1922 δαί-

2169 1977 2357 2031 μονας,
2380 1960 2584 2031 τρίτον,
2616 1957 2716 2022 τὰς
2751 1957 2859 2012 τῶν
2884 1956 3080 2028 ἡρώων
3105 1958 3301 2028 ψυχὰς,
3336 1959 3594 2031 τέταρτον
3624 1962 3753 2025 τοὺς

2166 2052 2399 2122 φαύλους
2456 2051 2550 2104 καὶ
2601 2052 2871 2121 πονηροὺς
2942 2048 3423 2118 ἀπομειλίσσεσθαι
3470 2051 3749 2121 δαίμονας.

2166 2142 2352 2197 Ταῦτα
2397 2141 2455 2195 δὲ
2503 2141 2652 2211 λόγῳ
2699 2139 3069 2210 διαιροῦντες,
3125 2140 3271 2211 ἔργῳ
3338 2142 3626 2212 συγχέουσι
3679 2143 3754 2197 τά

2165 2234 2363 2294 πάντα,
2399 2233 2568 2303 μόνας
2601 2232 2725 2285 ἀντὶ
2761 2230 2872 2283 τῶν
2910 2230 3215 2302 εἰρημένων
3255 2232 3473 2285 πάντων
3509 2232 3607 2295 τὰς
3654 2249 3752 2287 πο-

2163 2324 2335 2396 νηρὰς
2355 2324 2612 2395 δυνάμεις
2643 2322 3056 2393 θεραπεύοντες,
3081 2324 3173 2377 καὶ
3199 2323 3308 2376 ὅλοι
3332 2323 3554 2387 ταύταις
3584 2342 3754 2379 κατα-

2162 2414 2531 2486 δουλούμενοι,
2556 2414 2633 2478 ὼς
2665 2417 2693 2468 ὁ
2726 2415 2882 2483 λόγος
2915 2413 3119 2486 προῖὼν
3158 2414 3463 2483 ἀπελέγξει.
3510 2415 3752 2485 Πάρεστι

2163 2505 2294 2574 γοῦν
2329 2524 2410 2560 σοι
2436 2506 2536 2570 τὰς
2572 2505 2661 2560 διὰ
2688 2506 2798 2561 τῶν
2844 2506 3047 2572 ξοάνων
3090 2506 3415 2578 ἐνεργούσας
3466 2506 3747 2577 δυνάμεις,

2161 2600 2353 2664 ὁποίας
2381 2600 2518 2672 χρῆν
2547 2600 2964 2670 ἀποφαίνεσθαι,
3006 2603 3251 2663 σκοπεῖν,
3291 2601 3494 2672 πότερα
3529 2599 3686 2665 θεοὺς
3711 2602 3747 2672 ἢ

2162 2692 2441 2762 δαίμονας,
2498 2693 2592 2745 καὶ
2636 2696 2746 2745 εἴτε
2785 2692 3042 2761 φαύλους,
3096 2692 3205 2745 εἴτε
3256 2691 3514 2760 ἀγαθοὺς,
3544 2692 3609 2746 ἐκ
3638 2691 3750 2745 τῶν

2164 2783 2714 2855 παρατεθησομένων.
2749 2784 2829 2837 Τά
2862 2784 2960 2854 μὲν
3003 2783 3112 2855 γὰρ
3158 2785 3286 2854 παρ’
3324 2785 3460 2854 ἡμῖν
3487 2782 3608 2837 θεῖα
3646 2783 3751 2837 Λό-

2161 2892 2255 2944 για
2281 2874 2390 2927 ούδ⁹
2421 2874 2557 2938 ὅλως
2580 2875 2780 2943 ἀγαθὸν
2801 2871 2939 2929 οἶδεν
2965 2873 3253 2943 ὀνομάζειν
3271 2873 3519 2944 δαίμονα,
3540 2875 3750 2939 πάντας

2160 2965 2216 3020 δὲ
2252 2967 2521 3039 πονηρους
2553 2962 2689 3018 εἶναι
2728 2967 2854 3031 τοῦς
2890 2966 2992 3036 τῆς
3026 2965 3224 3029 λέξεως
3255 2965 3479 3037 ταύτης,
3527 2967 3623 3019 καὶ
3679 2966 3745 3036 δὴ

2161 3059 2255 3112 καὶ
2285 3058 2384 3129 τῆς
2418 3057 2790 3130 προσηγορίας
2840 3057 3251 3129 μετειληχότας,
3283 3057 3359 3122 ὡς
3402 3057 3512 3111 οὐδ’
3558 3057 3747 3130 ἕτερον

2162 3149 2294 3204 Θεὸν
2320 3148 2537 3220 ἀληθῶς
2570 3151 2663 3203 καὶ
2702 3149 2927 3221 κυρίως,
2971 3148 3111 3220 πλὴν
3144 3149 3244 3203 ένα
3276 3148 3385 3203 τῶν
3416 3151 3629 3203 πάντων
3659 3147 3746 3201 αί-

2161 3256 2296 3294 τιον⁸
2335 3241 2436 3306 τὰς
2467 3241 2524 3295 δὲ
2556 3241 2781 3305 ἀστείας
2827 3242 2923 3294 καὶ
2957 3240 3170 3310 ἀγαθάς
3207 3240 3485 3312 δυνάμεις,
3555 3256 3612 3291 τε
3645 3238 3745 3310 τὴν

2163 3331 2323 3402 φύσιν
2351 3334 2588 3405 γενητὰς
2618 3332 2805 3398 οὑσας,
2857 3334 2952 3386 καὶ
2986 3331 3167 3403 πολλῷ
3215 3332 3307 3385 τὸν
3328 3331 3624 3401 ἀγέννητον
3649 3330 3743 3384 καὶ

2163 3423 2316 3494 σφῶν
2352 3424 2533 3479 αὑτῶν
2579 3425 2812 3496 ποιητὴν
2853 3424 2985 3478 Θεδν
3028 3423 3462 3494 ἀφυστερούσας,
3512 3422 3573 3474 οὑ
3635 3419 3745 3491 μὴν

2162 3516 2299 3570 ἀλλά
2334 3518 2431 3571 καὶ
2466 3515 2560 3570 τοῦ
2595 3512 2707 3570 τῶν
2745 3515 3016 3589 δαιμόνων
3051 3514 3325 3588 μοχθηροῦ
3362 3515 3553 3585 γένους
3597 3513 3743 3583 ἀφω-

2166 3606 2451 3680 ρισμένας,
2484 3605 2609 3660 οὔτε
2627 3604 2910 3672 θεοὺς,οὑτ
2966 3606 3226 3678 δαίμονας
3256 3607 3550 3661 ἀποκαλεῖν
3578 3604 3739 3670 ἀξιοῖ·

2166 3702 2336 3772 μέσας
2374 3700 2435 3755 δὲ
2472 3699 2640 3764 οὔσας
2667 3699 2802 3753 Θεοῦ
2854 3701 2949 3755 καὶ
2988 3699 3279 3770 δαιμόνων,
3332 3700 3605 3771 εὑθυὸόλῳ
3648 3700 3743 3754 καὶ

2166 3793 2307 3868 μέσῃ
2352 3793 2694 3866 προσηγορίᾳ
2719 3835 2734 3860 ,
2783 3793 3049 3862 ἀγγέλους
3101 3792 3238 3847 Θεοῦ
3298 3792 3394 3847 καὶ
3459 3792 3743 3863 πνεύματα

2161 3885 2528 3957 λειτουργικὰ,
2560 3885 2819 3956 δυνάμεις
2842 3902 2901 3938 τε
2928 3885 3081 3950 θείας
3108 3885 3202 3938 καὶ
3225 3885 3613 3958 ἀρχαγγέλους,
3648 3884 3743 3937 καί

2162 3993 2302 4030 τισιν
2340 3975 2532 4040 ἄλλαις
2568 3976 2909 4048 ὶπωνυμίαις
2951 3976 3288 4047 φερωνύμως
3324 3979 3437 4039 τοῖς
3462 3973 3731 4041 ἐπιτηδεύ-

2164 4086 2324 4140 μασιν
2349 4068 2529 4123 αὑτῶν
2551 4069 2837 4141 ὀνομάζειν
2859 4069 3039 4123 εἴωθε·
3073 4071 3199 4131 τοὺς
3227 4068 3284 4122 δὲ
3311 4068 3568 4139 δαίμονας
3585 4068 3655 4137 (εί
3676 4065 3743 4135 δὴ

2159 4163 2255 4216 καὶ
2283 4163 2491 4215 τούτων
2506 4162 2652 4232 ἡμᾶς
2671 4163 2935 4233 προσήκει
2960 4161 3060 4231 τὴν
3089 4160 3443 4231 ὲτυμολογίαν
3462 4158 3740 4226 ἐξειπεῖν’)

2159 4258 2257 4329 οὑχ
2288 4253 2431 4331 ᾗπερ
2464 4257 2690 4329 Ἕλλησι
2716 4259 2884 4321 δοκεῖ,
2913 4257 3065 4330 παρά
3095 4257 3157 4311 τὸ
3176 4257 3451 4328 δαήμονας
3479 4252 3617 4308 εἶναι
3646 4256 3740 4308 καί⁵

2160 4349 2554 4419 ἐπιστήμονας,
2590 4348 2705 4403 ἀλλ’
2747 4349 2781 4420 ἢ
2819 4349 2970 4421 παρά
3007 4349 3070 4402 τὸ
3109 4348 3429 4420 δειμαίνειν,
3465 4348 3603 4418 ὅπερ
3624 4347 3741 4400 ἐστὶ

2163 4440 2446 4511 φοϐεῖσθαι
2477 4441 2574 4494 καὶ
2617 4441 2889 4512 ἐκφοϐεῖν,
2935 4440 3196 4512 δαίμονάς
3247 4456 3403 4503 τινας
3447 4437 3741 4510 προσφυῶς

472 4524 869 4595 aptissimaque
891 4528 1268 4598 appellatione,
1292 4529 1456 4583 modo
1485 4529 1707 4599 angelos
1734 4527 1828 4584 Dei
1855 4545 1919 4584 ac
1946 4531 2059 4600 spi-

2163 4532 2541 4604 όνομάζεσθαν
2572 4534 2671 4597 τάς
2689 4532 2755 4602 γέ
2795 4550 2877 4586 τοι
2908 4532 3061 4595 θείας
3092 4532 3185 4586 καὶ
3214 4531 3424 4600 ἀγαθάς
3461 4530 3738 4601 δυνάμεις,

469 4619 611 4672 ritus
642 4618 1020 4682 administros,
1071 4621 1236 4676 modo
1279 4630 1509 4677 virtutes
1541 4622 1754 4677 divinas
1779 4636 1941 4692 atque
1968 4636 2057 4677 ar-

467 4710 782 4779 changelos,
815 4713 978 4767 modo
1004 4712 1128 4767 aliis
1154 4713 1423 4783 ejusmodi
1464 4714 1776 4769 nominibus
1805 4728 1930 4768 cum
1958 4729 2051 4767 va-

467 4800 567 4856 riis
585 4816 778 4856 earum
797 4801 992 4860 olliciis
1012 4794 1146 4860 voce
1170 4806 1287 4875 ipsa
1310 4806 1708 4861 cohaerentibus
1738 4821 2055 4874 nuncupare

473 4905 898 4951 consueverunt.
932 4895 1216 4953 Daemones
1270 4914 1400 4953 vero
1431 4898 1577 4969 quod
1613 4898 1828 4961 attinet,
1859 4898 1925 4967 (si
1966 4910 2052 4952 ta-

466 4999 592 5039 men
619 4986 817 5043 borum
850 4988 1014 5043 etiam
1050 4989 1287 5045 nominis
1312 4999 1561 5059 Oporteat
1600 4989 1932 5045 notationem
1955 5004 2053 5043 ex-

2158 4624 2349 4698 ὥσπερ
2377 4623 2471 4680 οὗν
2504 4624 2597 4679 τοῦ
2628 4625 2854 4699 τρόπου,
2884 4626 3083 4678 οὑτωσὶ
3119 4623 3175 4678 δὲ
3211 4624 3302 4677 καὶ
3325 4624 3427 4693 τῆς
3465 4638 3739 4693 προσηγο-

2159 4718 2283 4791 ρίας
2317 4719 2418 4791 τῆς
2456 4718 2778 4790 ὼιμονικῆς
2823 4717 3107 4790 ἀλλοτρίας
3148 4717 3456 4787 τυγχάνειν*
3491 4714 3615 4769 ἐπεὶ
3645 4714 3740 4767 καὶ

2159 4811 2376 4865 πάντων
2402 4810 2467 4866 ἂν
2492 4812 2578 4881 εἴη
2607 4809 3087 4883 παραλογώτατον,
3128 4810 3226 4873 τὰς
3256 4811 3392 4879 μήτε
3414 4807 3512 4879 τὴν
3544 4807 3740 4878 προαί-

2158 4917 2328 4971 ρεσιν,
2366 4903 2501 4973 μήτε
2532 4902 2632 4973 τὴν
2680 4905 2747 4956 ὲκ
2787 4901 2879 4955 τοῦ
2910 4902 3113 4974 τρόπου
3149 4900 3310 4971 φύσιν
3355 4899 3569 4972 ὁμοίας,
3611 4899 3741 4970 μιᾶς

2159 4993 2253 5046 καὶ
2281 4993 2383 5063 τῆς
2414 4994 2585 5065 αὑτῆς
2623 4995 2940 5066 ἐπωνυμίας
2966 4993 3173 5062 ἀξιοῦν.

465 5075 709 5147 plicare,)
724 5095 833 5134 non
854 5080 992 5149 jam,
1024 5088 1085 5136 ut
1110 5079 1314 5139 Graecis
1343 5083 1540 5153 placet,
1573 5081 1724 5152 παρὰ
1752 5081 1813 5134 τὸ
1832 5081 2062 5152 δαήμονε

2164 5079 2297 5151 ίναι,
2330 5087 2475 5156 quod
2502 5088 2829 5143 scicntesilli
2855 5088 2985 5153 sint,
3007 5087 3102 5144 sed
3128 5086 3282 5157 παρὰ
3321 5083 3383 5138 τὸ
3418 5078 3741 5155 δειμαίνειν.

464 5167 570 5224 hoc
603 5180 708 5232 est,
738 5173 882 5242 quod
911 5173 1140 5229 timeant
1168 5174 1333 5229 simul
1360 5190 1425 5230 ac
1452 5184 1713 5242 terreant,
1744 5175 2055 5230 daemonum
2083 5175 2184 5246 ipsi
2226 5191 2448 5245 nomen,
2470 5181 2618 5249 quod
2653 5197 2810 5237 suam
2843 5182 2897 5236 in
2949 5190 3200 5237 naturam
3243 5180 3380 5235 belle
3400 5176 3749 5239 conveniret,

462 5260 793 5319 habuerunt.
827 5263 962 5320 Nam
996 5268 1212 5323 divinas
1245 5268 1433 5338 utique
1465 5269 1746 5337 bonasque
1791 5267 2040 5331 virtutes,
2083 5277 2145 5324 ut
2165 5271 2434 5339 moribus,
2474 5273 2556 5328 sic
2599 5274 2762 5329 etiam
2793 5275 3015 5329 nomine
3062 5275 3341 5344 sejunctas
3392 5286 3423 5326 a
3475 5268 3742 5326 daemoni-

458 5353 566 5410 bus
610 5370 731 5413 esse
769 5359 979 5426 decuit;
1028 5360 1327 5417 absurdum
1360 5362 1507 5417 enim
1542 5376 1708 5430 supra
1747 5358 1968 5414 modum
1999 5360 2051 5416 id
2092 5359 2315 5429 fuisset,
2347 5378 2471 5436 quae
2508 5363 2657 5419 nulla
2708 5379 2832 5419 cum
2885 5364 2952 5419 iis
3013 5379 3189 5432 neque
3233 5361 3493 5428 instituti,
3557 5374 3737 5427 neque

462 5462 679 5503 tuorum
720 5450 1076 5508 similitudine
1118 5453 1425 5524 conjuncta:
1455 5461 1659 5521 essent,
1697 5452 1820 5508 illas
1861 5459 2043 5508 tamen
2086 5452 2249 5510 unius
2281 5455 2640 5525 ejusdemque
2670 5469 2797 5509 cum
2825 5453 2961 5524 ipsis
2994 5452 3232 5511 nominis
3283 5451 3545 5510 societate
3602 5462 3736 5505 con-

459 5538 636 5610 jungL
