4156 6420
419 412 525 468 289

946 520 1342 575 ΚΕΦΑΔΔΙΟΝ
1367 518 1459 583 εἶ’.

419 637 541 689 Ὅτι
566 634 652 703 μὴ
676 635 776 704 ἀφ’
797 632 1027 704 ἑαυτῶν
1042 635 1180 689 ἀλλ’
1198 635 1268 688 ἐκ
1293 632 1409 688 τῶν·
1434 631 1801 701 Ἑλληνικῶν
1816 648 1999 701 παρα-

486 705 713 846 ﬁgam
757 708 864 771 τὰς
904 703 1023 759 τῶν
1064 704 1330 775 menter
1373 705 1703 774 μαρτυρίας
1749 704 1998 756 πιστού-

599 791 656 829 α.

484 886 623 958 Φέρε
653 882 767 952 οὖν,
802 885 1249 957 ἐπισκεψώμεθα,
1279 885 1364 949 τίς
1414 887 1444 938 ὁ
1495 886 1614 939 κατ’
1654 886 1850 949 αὐτοὺς
1888 885 1998 941 τῶν

414 977 764 1050 χρηστηρίων
792 977 1013 1048 τρόπος,
1041 977 1118 1040 ὠς
1153 977 1218 1031 ἂν
1253 976 1517 1047 μάθοιμεν
1560 977 1718 1041 ποίας
1767 977 1872 1048 χρὴ
1904 979 1997 1029 δυ-

415 1070 632 1139 νάμεως
671 1070 869 1133 αὐτοὺς
905 1069 1309 1141 ἀποφήνασθαι,
1350 1070 1445 1123 καὶ
1470 1070 1583 1122 εἴτε
1617 1069 1790 1141 ὀρθῶς
1817 1069 1997 1123 αὐτῶν

416 1166 867 1236 ἀνεχωρήσαμεν,
917 1164 1029 1217 εἴτε
1060 1164 1153 1217 καὶ⁵
1206 1166 1305 1236 μή.
1361 1165 1425 1217 Εί
1476 1163 1533 1217 δὲ
1572 1164 1820 1234 μέλλοιμι
1867 1162 1997 1233 παρ’

335 1245 343 1251 ’
413 1254 654 1327 ἐμαυτοῦ
692 1257 820 1318 τοὺς
856 1256 1109 1326 ἐλέγχους
1153 1254 1262 1308 τῶν
1301 1254 1650 1326 δηλουμένων
1678 1253 1994 1325 προφέρειν,

411 1345 474 1401 εὖ
503 1344 596 1401 οἷδ’
628 1349 710 1401 ὃτι
743 1348 865 1419 μηδ’
896 1347 1258 1417 ἀνεπίληπτον
1294 1346 1518 1418 παρέξω
1545 1348 1657 1409 τοῖς
1706 1344 1999 1415 φιλεγκλή-

416 1456 542 1511 μοσι
565 1440 657 1494 τὸν
688 1440 866 1507 λόγον.
911 1439 1113 1510 Διόπερ
1158 1438 1320 1502 αὐτὸς
1358 1437 1510 1491 οὐδὲν
1540 1436 1752 1491 οἴκοθεν
1801 1435 1994 1500 είπὼν,

408 1529 569 1597 αὖθις
594 1530 714 1596 ταῖς
739 1531 846 1585 τῶν
872 1532 1071 1599 ἔξωθεν
1096 1532 1481 1603 ἀποχρήσομαι
1505 1527 1852 1600 μαρτυρίαις.
1885 1529 1999 1581 Μυ-

414 1622 544 1694 ρίων
566 1622 624 1675 δέ
650 1622 819 1675 ὄντων
853 1624 980 1694 παρ’
1011 1622 1238 1691 Ἕλλησι
1265 1619 1620 1690 λογογράφων
1642 1636 1703 1671 τε
1730 1620 1821 1672 καὶ
1844 1619 1996 1687 φιλο-

411 1714 611 1783 σόφων,
644 1713 752 1786 πρὸ
779 1714 997 1769 πάντων
1016 1713 1320 1785 ἐπιτήδειον
1338 1714 1419 1775 εἰς
1445 1711 1515 1765 τὰ
1538 1710 1872 1781 προκείμενα
1906 1713 1998 1779 ἐγ-

410 1805 580 1878 κρίνω
590 1807 678 1859 τὸν
689 1806 958 1877 δαιμόνων
974 1807 1125 1875 φίλον
1136 1805 1297 1858 αὑτὸν
1316 1806 1544 1866 ἐκεῖνον,
1558 1803 1617 1868 ὃς
1632 1803 1695 1874 δὴ
1713 1801 1832 1856 καθ’
1847 1805 1880 1873 ή
1891 1804 1998 1875 μᾶς

1559 408 1880 464 ΡΒᾹΞΡΑΒ.
1924 408 2179 465 EVANG.
2220 405 2350 463 LIB.
2382 405 2472 461 Ν.

2026 531 2077 585 Δ

3573 395 3682 450 250

2611 485 2622 494 ’
2710 510 2939 567 CAPUT
2983 509 3067 564 Vl.

2102 632 2539 701 Argumentorum
2564 626 3084 701 confutatiouumquc
3108 630 3408 701 nostrarum
3441 618 3681 701 (catinio-

2170 690 2262 754 ἦίιι
2295 717 2397 753 non
2454 690 2673 763 nostris,
2729 696 2820 749 sed
2872 690 3176 748 Grecorum
3210 693 3421 758 scriptis
3483 690 3683 756 con/ir»

2168 787 2327 824 mari.

2171 879 2287 948 Age
2317 878 2524 947 itaque,
2575 876 2857 930 videamus
2879 871 3194 943 aliquando,
3230 884 3480 940 quaenam
3534 866 3678 936 apud

2098 972 2234 1026 istos
2262 971 2610 1026 oraculorum
2644 968 2781 1022 ratio
2808 966 2992 1030 fuerit,
3025 974 3083 1019 ut
3111 964 3275 1019 simul
3308 961 3678 1030 intelligamus

2097 1062 2408 1134 cuiusmodi
2457 1063 2566 1115 vim
2599 1061 2668 1116 iis
2713 1057 3010 1113 attribuere
3043 1071 3145 1110 nos
3180 1062 3449 1123 oporteat,
3483 1067 3677 1122 quam—

2097 1172 2205 1226 que
2241 1155 2368 1223 jure
2398 1153 2480 1209 vel
2511 1168 2672 1208 secus
2702 1152 2770 1206 ab
2799 1151 2993 1206 iisdem
3025 1148 3434 1203 recesserimus.
3463 1144 3530 1198 Et
3554 1144 3679 1213 qui-

2096 1247 2220 1303 dem
2251 1247 2298 1301 si
2338 1244 2677 1315 argumentis
2713 1245 2828 1313 ipse
2860 1242 2997 1296 meis
3021 1240 3096 1306 id,
3127 1240 3275 1310 quod
3304 1253 3449 1293 nunc
3475 1237 3675 1307 agitur,

2097 1341 2363 1395 conficere
2387 1339 2601 1403 vellem,
2632 1353 2738 1391 non
2770 1335 2903 1391 satis
2932 1334 3231 1389 immunem
3263 1340 3565 1398 tutamque,
3591 1341 3679 1381 sat

2096 1429 2240 1492 scio,
2293 1428 2717 1498 disputationem
2770 1440 2948 1480 meam
2987 1423 3056 1478 ab
3107 1422 3259 1477 omni
3313 1420 3677 1487 litigiosorum

2097 1520 2383 1575 hominum
2430 1518 2856 1589 reprehensione
2899 1515 3286 1583 calumniaque
3340 1519 3675 1582 praestarem.

2096 1611 2276 1678 Quare
2313 1612 2446 1666 nihil
2475 1612 2641 1666 domo
2685 1616 2993 1679 proruptura
3024 1606 3267 1671 alleram,
3296 1603 3390 1659 sed
3430 1602 3678 1659 testimo-

2096 1703 2226 1767 niis,
2279 1702 2427 1773 quod
2479 1702 2661 1757 adhuc
2710 1701 2846 1765 feci,
2880 1700 3074 1753 alienis
3128 1708 3269 1752 utar.
3306 1695 3382 1748 Ex
3423 1694 3680 1749 omnibus

2098 1805 2277 1849 tamen
2319 1792 2526 1848 Graecis
2558 1807 2683 1847 cum
2732 1790 3030 1853 historicis,
3062 1796 3177 1842 tum
3224 1785 3390 1840 etiam
3438 1783 3680 1855 philoso—

409 1874 667 1966 γεγονὼς,
701 1874 821 1961 ταῖς
851 1874 995 1952 uti”
1026 1896 1184 1968 ήμῶν
1251 1895 1685 1966 ἐλλαμπρύνεται
1727 1893 1993 1965 ψευδηγο-

2095 1883 2236 1953 phis,
2266 1882 2361 1952 qui
2404 1897 2536 1938 sane
2581 1879 2777 1935 infiniti
2803 1886 2952 1942 sunt,
2995 1893 3162 1931 unum
3191 1892 3301 1946 prae
3330 1874 3540 1930 caeteris
3570 1874 3682 1928 ide-

402 1988 577 2057 ’ρίαις.
613 1987 867 2041 Μάλιστα
898 1986 1007 2059 γάρ
1044 1986 1349 2056 φιλοσόφων
1377 1978 1530 2048 οὗτος
1563 1984 1670 2037 τῶν
1699 1984 1821 2037 καθ’
1848 1985 1995 2055 ἡμᾶς

410 2078 556 2131 δοκεῖ
586 2080 682 2132 καὶ
713 2077 954 2148 δαίμοσι,
989 2079 1085 2131 καὶ
1115 2072 1197 2140 οἷς
1256 2094 1390 2148 φησι
1438 2077 1581 2140 θεοῖς
1634 2076 1993 2147 ὡμιληκέναι,

412 2166 556 2237 ἐπέρ
588 2183 645 2220 τε
676 2166 883 2221 τούτων
934 2166 1295 2234 πρεσϐεῦσαι,
1334 2167 1428 2219 καὶ
1486 2165 1665 2236 πολλῷ
1703 2165 1900 2236 μᾶλλον
1929 2165 1996 2220 τὰ

410 2258 540 2329 παρ’
574 2257 783 2311 ἐαυτῶν
817 2271 843 2297 ³
890 2258 1282 2330 ἀκριϐέστερον
1327 2257 1762 2329 διηρευνηκέναι.
1828 2250 1995 2320 Οὗτος

411 2347 695 2421 τοιγαροῦν
719 2351 777 2403 ἐν
809 2344 891 2412 οἷς
916 2348 1197 2420 ἐπέγραψε
1231 2351 1362 2421 περὶ
1389 2348 1487 2419 τῆς
1520 2350 1584 2401 ἐκ
1621 2346 1814 2416 λογίων
1848 2347 1997 2416 φιλο-

412 2439 637 2507 σοφίας,
695 2440 1017 2508 συναγωγὴν
1092 2439 1385 2509 ἐποιήσατο
1457 2444 1720 2509 χρησμῶν
1778 2437 1871 2491 τοῦ
1934 2455 1994 2491 τε

421 2530 752 2593 ’Λπόλλωνος
804 2531 898 2583 καὶ
942 2530 1048 2583 τῶν
1082 2529 1285 2583 λοιπῶν
1328 2528 1469 2582 θεῶν
1508 2545 1570 2581 τε
1625 2532 1721 2583 καὶ
1773 2528 1993 2598 ἀγαθῶν

408 2621 694 2693 δαιμόνων·
724 2623 818 2687 οὒς
854 2623 949 2675 καὶ
1007 2621 1240 2693 μάλιστα
1268 2621 1628 2693 ἐκλεξάμενος
1657 2620 1806 2691 αὑτῴ
1859 2622 1996 2692 ἡγή-

408 2730 537 2766 σατο
570 2715 787 2777 ἱκανοὺς
812 2710 949 2767 εἶναι
979 2712 1061 2777 είς
1105 2730 1164 2766 τε
1213 2713 1491 2779 ἀπόδειξιν
1539 2714 1638 2784 τῆς
1678 2712 1785 2766 τῶν
1818 2713 1995 2767 θεολο-

414 2804 684 2874 γουμένων
707 2804 929 2877 ἀρετῆς,
965 2803 1046 2868 εἷς
1104 2821 1162 2856 τε
1196 2801 1511 2875 προτροπὴν
1555 2803 1679 2871 τῆς,
1737 2804 1812 2867 ὡς
1846 2802 1995 2875 αὐτῷ

334 2952 342 2959 _
407 2897 557 2966 φίλον
578 2897 886 2965 ὀνομάζειν,
923 2898 1228 2967 θεοσοφίας.
1277 2898 1373 2951 Ἐκ
1417 2896 1482 2969 δὴ
1533 2897 1739 2951 τούτων
1772 2915 1995 2970 τοιγαρ-

363 3060 373 3070 _
406 2986 498 3040 οὖν
525 2984 632 3038 τῶν
666 2986 1030 3057 ἐκκριθέντων
1077 2987 1173 3049 καὶ
1198 2987 1418 3058 μνήμης
1440 2986 1777 3054 ἀξιωθέντων
1797 2987 1994 3056 λογίων

406 3077 680 3148 διακρῖναι
701 3077 864 3130 καλὸν
895 3077 1023 3141 τοὺς
1063 3077 1499 3147 χρησμολόγους,
1547 3078 1643 3131 καὶ
1690 3077 1993 3148 σκέψασθαι

406 3169 565 3234 ποίας
592 3169 724 3223 ποτέ
753 3168 911 3233 ὄντες
944 3169 1264 3239 τυγχάνουσι
1305 3169 1607 3241 δυνάμεως.
1665 3169 1886 3242 Πρῶτον
1935 3170 1992 3224 δὲ

2096 1990 2260 2029 neum
2293 1976 2437 2028 hanc
2471 1974 2531 2028 iu
2577 1988 2691 2027 rem
2728 1970 2974 2026 futurum
3028 1970 3183 2027 illum
3214 1967 3425 2037 putavi,
3485 1965 3579 2036 qui
3626 1973 3681 2018 ct

2095 2070 2405 2125 da‘tnonum
2460 2069 2673 2123 amicus
2710 2068 2833 2132 fuit,
2866 2073 2922 2121 et
2976 2073 3161 2123 nostra
3214 2071 3375 2116 aetate
3430 2060 3582 2123 vixit,
3626 2068 3681 2113 et

2095 2160 2424 2230 praecipuum
2444 2159 2544 2214 sibi
2563 2160 2731 2213 decus
2764 2157 3013 2212 instituto
3049 2164 3234 2210 nostro
3263 2152 3417 2225 143
3452 2150 3676 2205 menda—

2094 2252 2315 2307 cissime
2345 2252 2682 2307 traducendo
2705 2250 2976 2321 qumsivit.
3002 2247 3296 2302 Enimvero
3323 2243 3679 2316 philosophos

2095 2348 2261 2411 inter,
2292 2347 2385 2416 qui
2423 2355 2606 2401 nostra
2651 2343 2913 2399 memoria
2947 2341 3276 2403 floruerunt,
3312 2336 3532 2392 videtur
3579 2335 3681 2390 iste

2098 2440 2392 2493 niaxitnam
2421 2455 2546 2493 cum
2590 2437 2952 2502 daemonibus,
2996 2449 3136 2505 quos
3172 2434 3286 2502 ipse
3314 2431 3446 2485 deos
3498 2429 3679 2483 uomi-

2095 2540 2210 2597 nat,
2255 2530 2709 2585 cousuetudinem
2746 2528 2954 2592 iniisse,
2988 2541 3210 2582 causam
3246 2539 3435 2578 eorum
3468 2521 3680 2576 studio-

2095 2623 2312 2677 sissime
2332 2621 2663 2688 defendisse,
2688 2629 2743 2676 et
2766 2619 3030 2690 quidquid
3051 2618 3118 2672 ad
3146 2618 3389 2687 ipsorum
3423 2624 3676 2670 naturatu

2095 2731 2161 2770 ac
2189 2715 2479 2786 religiones
2505 2713 2827 2785 pertinebat,
2855 2712 3016 2782 longe
3052 2710 3299 2765 omnium
3326 2708 3680 2763 accuratissi—

2098 2823 2183 2860 me
2213 2806 2441 2860 rimatus
2482 2821 2624 2861 esse.
2670 2803 2769 2860 llic
2794 2805 2958 2874 igitur
2985 2804 3038 2857 in
3069 2803 3157 2865 iis,
3188 2817 3309 2871 quae
3341 2800 3407 2855 de
3435 2800 3681 2869 philoso-

2094 2897 2219 2967 phia
2270 2914 2336 2952 ex
2375 2898 2616 2952 oraculis
2645 2896 2842 2950 hausta
2871 2894 3220 2963 conscripsit,
3266 2892 3526 2962 pleraque
3561 2901 3674 2945 tum

2094 2989 2380 3057 Apollinis.
2415 2998 2527 3042 tum
2559 2996 2881 3044 cancrorum
2906 3002 3126 3057 quoque
3153 2985 3379 3040 deorum
3414 3000 3478 3038 ac
3513 2982 3680 3037 bono-

2094 3096 2215 3135 rum
2244 3080 2553 3134 daemouum
2592 3094 2854 3148 responsa
2888 3078 3127 3148 collegit,
3155 3091 3392 3147 quorum
3429 3075 3534 3130 fide
3568 3091 3676 3128 non

2094 3187 2284 3226 eorum
2339 3186 2461 3228 sese
2520 3173 2706 3237 modo,
2749 3171 2949 3241 quibus
2983 3170 3320 3225 divinitatem
3353 3168 3675 3230 attribuunt,

406 3257 749 3330 θεασώμεθα,
785 3260 935 3323 ὅπως
977 3259 1074 3330 τῆς
1098 3260 1317 3331 γραφῆς
1353 3262 1382 3314 ὁ
1432 3259 1692 3333 δηλωθεὶς
1715 3262 1854 3333 ἀνὴρ
1887 3263 1990 3333 ἀρ-

2097 3263 2203 3317 vim
2237 3278 2303 3318 ac
2350 3272 2673 3334 potestatein
2719 3263 3027 3324 ostendere,
3080 3263 3173 3318 sed
3217 3262 3380 3316 etiam
3426 3259 3678 3314 homines

407 3349 633 3420 χόμενος
681 3345 718 3421 ἦ
780 3351 887 3423 μὴν
940 3350 1226 3420 ἀληθεύειν
1289 3352 1614 3424 ἐπόμνυται,
1674 3352 1850 3423 λέγων
1899 3352 1990 3407 οὖ-

406 3457 531 3504 τως.

2094 3355 2163 3409 ad
2202 3354 2418 3418 divinae,
2451 3356 2527 3410 uti
2559 3371 2755 3411 vocare
2780 3365 2948 3418 amat,
2999 3356 3278 3424 sapientiae
3308 3353 3551 3409 studium
3583 3368 3676 3407 ex-

2094 3446 2263 3501 citare
2308 3461 2472 3517 posse
2522 3448 2837 3502 confideret.
2888 3446 3129 3516 Equum
3174 3446 3356 3516 itaque
3398 3443 3582 3509 fuerit,
3610 3459 3674 3498 ex

406 3533 494 3599 iis,
522 3550 644 3604 qua:
678 3544 936 3606 tauquam
963 3538 1226 3593 memoria
1258 3536 1579 3608 dignissima
1622 3538 1833 3608 selegit,
1892 3539 2130 3594 oraculis
2196 3540 2263 3594 de
2305 3555 2495 3595 eorum
2549 3541 2865 3596 auctoribus
2918 3541 3213 3611 prudenter
3273 3537 3552 3608 judicare,
3601 3546 3676 3602 et,

406 3629 714 3699 cujusmodi
762 3639 1027 3701 potestate
1055 3635 1166 3689 sint
1210 3634 1440 3703 praediti,
1495 3633 1812 3705 diligentius
1880 3634 2176 3705 inquirere.
2232 3634 2338 3691 Sed
2391 3637 2888 3693 animadvertamus
2936 3638 2990 3691 in
3037 3636 3250 3707 primis,
3309 3633 3686 3706 [quemadmo-

406 3720 533 3774 dum
586 3721 702 3790 ipso
730 3722 911 3777 statim
941 3723 1121 3793 operis
1148 3723 1306 3778 initio
1337 3738 1465 3779 vera
1508 3739 1567 3779 se
1601 3724 1874 3779 dicturum
1926 3724 2179 3782 laudatus
2223 3728 2460 3799 scriptor
2500 3729 2858 3801 jurejurando
2901 3730 3205 3797 confirmet,
3269 3727 3354 3784 his
3417 3736 3676 3799 concepto

406 3816 605 3873 terbis.

938 3916 1338 3971 ΚΕΦΑΛΑΙΟΝ
1371 3917 1445 3970 Z'.

408 4026 547 4096 Περὶ
582 4026 702 4097 τῶν
728 4028 880 4083 κατά
904 4026 1218 4097 χρησμοὺς
1246 4025 1603 4097 ἀπορῤήτων
1629 4026 1697 4080 ἐκ
1724 4024 1833 4093 τῆς
1866 4027 1991 4082 Ἐλ-

474 4096 733 4166 ληνικῆς
789 4096 1205 4166 παραθέσεως,
1264 4098 1361 4150 καὶ
1419 4096 1600 4165 ὅρκος
1673 4097 1807 4165 περὶ
1869 4097 1988 4152 τῶν

477 4167 787 4237 χρησμῶν,
811 4168 879 4221 ἐκ
910 4167 1029 4221 τῶν
1057 4168 1420 4236 Πορφυρίου.

484 4296 504 4329 ι
528 4278 755 4342 Βέϐαιος
790 4277 904 4349 (29)
936 4279 993 4332 δὲ
1024 4279 1122 4332 καὶ
1156 4278 1382 4350 μόνιμος
1432 4278 1462 4331 ὁ
1521 4277 1791 4343 ἐντεῦθεν,
1816 4279 1892 4344 ὡς
1922 4278 1989 4334 ἂν

406 4368 472 4420 ἐκ
500 4368 662 4439 μόνον
698 4368 917 4439 βεϐαίου
952 4368 1052 4433 τὰς
1088 4369 1307 4433 ἐλπίδας
1363 4368 1457 4422 τοῦ
1521 4368 1758 4441 σωθῆναι
1796 4371 1990 4441 ἀρυτό-

410 4476 591 4527 μενος,
622 4454 702 4524 ο’ς
756 4460 819 4531 δὴ
859 4461 957 4515 καὶ
1009 4459 1333 4531 μεταδώσεις
1369 4460 1533 4531 μηδὲν
1569 4460 1991 4532 ὑφαιρούμενος,

2699 3916 2931 3974 CAPUT
2963 3916 3075 3974 Vll.

2096 4026 2173 4081 De
2209 4026 2405 4082 abditis
2461 4026 2800 4094 oraculorum
2844 4029 3056 4094 arcanis
3102 4040 3168 4078 ex
3198 4024 3326 4094 ipsis
3372 4021 3676 4078 Graecorum

2168 4097 2530 4161 monimentis,
2581 4113 2700 4150 cum
2754 4090 3108 4160 jurejurando
3188 4090 3245 4148 iit
3290 4109 3466 4147 eorum
3516 4093 3675 4162 ﬁdem

2169 4176 2477 4236 nuncupata
2505 4183 2523 4220 :
2551 4182 2616 4221 ex
2644 4165 2930 4235 Porphyrii
2951 4166 3181 4234 scriptis.

2174 4297 2193 4330 ι
2236 4277 2551 4333 Constantis
2564 4277 2750 4345 utique
2775 4285 2858 4331 est
2880 4274 3174 4344 solidaeque
3200 4273 3492 4335 ﬁrmitatis,
3516 4270 3672 4343 quis-

2096 4373 2221 4442 quis
2280 4372 2406 4427 intle
2455 4380 2713 4441 tanquam
2758 4384 2823 4423 ex
2861 4383 2949 4435 eo,
3006 4367 3151 4438 quod
3218 4366 3451 4421 solidum
3504 4382 3673 4420 unum

2096 4473 2201 4529 est,
2251 4479 2400 4533 spem
2433 4480 2547 4519 sua:
2591 4461 2783 4517 salutis
2816 4461 2999 4514 haurit
3038 4478 3051 4513 :
3080 4459 3385 4529 cujusmodi
3415 4473 3540 4513 cum
3576 4458 3675 4511 bo.-

421 4553 572 4607 Ἐπεὶ
598 4552 754 4622 κάγὼ
775 4569 828 4606 τι
851 4553 1007 4616 θεοὺς
1025 4551 1394 4624 μαρτύρομαι,
1411 4552 1486 4616 ὡς
1511 4553 1660 4605 οὐδὲν
1674 4552 1799 4606 οὔτε
1825 4570 1991 4624 προσ-

2098 4555 2338 4609 minihus
2358 4555 2706 4609 oraculorum
2732 4550 2960 4607 istorum
2984 4551 3306 4620 sapientiam
3325 4548 3673 4604 communica

409 4645 648 4711 τέθεικα,
708 4643 833 4698 οὔτε
886 4645 1104 4714 ἀφεῖλον
1162 4643 1272 4697 τῶν
1314 4643 1657 4716 χρησθέντων
1682 4645 1991 4714 νοημάτων·

411 4738 457 4791 εί
496 4737 567 4809 μή
600 4754 702 4790 που
724 4736 869 4802 λέξιν
890 4736 1287 4808 ήμαρτημένην
1328 4734 1634 4806 διώρθωσα,
1668 4735 1703 4806 ἢ
1737 4736 1873 4805 πρὸς
1933 4734 1995 4789 τὸ

412 4829 744 4899 σαφέστερον
771 4827 1175 4899 μεταϐέϐληκα,
1202 4825 1237 4896 ἢ
1267 4826 1327 4879 τὸ
1363 4825 1559 4895 μέτρον
1599 4823 1843 4878 ἐλλεῖπον
1872 4826 1995 4877 ἀνε-

410 4918 695 4991 πλήρωσα,
724 4919 758 4990 ή
783 4936 837 4972 τι
858 4918 969 4973 τῶν
1003 4917 1076 4989 μὴ
1110 4918 1248 4990 πρὸς
1277 4917 1376 4988 τὴν
1407 4916 1664 4989 πρόθεσιν
1698 4918 1996 4971 συντεινόν-

411 5028 518 5064 των
550 5010 835 5083 διέγραψα.
880 5011 968 5073 Ὡς
996 5010 1088 5065 τόν
1114 5027 1174 5064 τε
1204 5009 1330 5065 νοῦν
1360 5010 1634 5083 ἀκραιφνῆ
1664 5009 1773 5064 τῶν
1800 5008 1993 5082 ρηθέν-

484 5154 510 5182 ι
552 5140 636 5196 Ia.
669 5141 871 5197 αὐτῶν.

634 5275 1248 5357 ΒέβαιοςτΛΜοημςιοιιι..
1277 5276 1668 5357 ᾼιςεποργιυηι
1700 5280 1990 5357 quemdam

405 5347 615 5419 laudat,
640 5347 734 5415 qui
764 5347 980 5419 capitis
1022 5347 1187 5419 hujus
1234 5347 1449 5419 initium
1489 5347 1729 5419 legerat,
1752 5349 1993 5419 βεϐαίοις

403 5416 506 5492 ar,‘
523 5416 620 5470 καὶ
653 5415 922 5492 μονίμοις,
952 5416 1028 5492 ῶς
1056 5417 1124 5471 ἂν
1147 5418 1213 5470 ἐκ
1236 5418 1338 5492 τῇς
1363 5418 1473 5492 τῶν
1501 5415 1637 5492 θεῶν
1658 5415 1992 5492 ἀγαθότητος

406 5435 483 5483 οε,
523 5435 620 5470 και
653 5435 922 5487 μονιμοις,
952 5435 1028 5480 ως
1056 5435 1124 5471 αν
1147 5435 1213 5470 εκ
1236 5435 1350 5542 eg
1363 5435 1473 5471 των
1501 5435 1637 5473 υεων
1658 5435 1992 5492 αγαυοτητος

406 5503 458 5539 τ.
490 5486 631 5571 huc;
661 5502 712 5571 σ.
758 5486 1157 5571 ἀρυατομένοιςηλ
1176 5488 1290 5571 ,μη“
1399 5488 1818 5571 ὑφαιρούμενρς,
1846 5492 1992 5571 ,μήτε

408 5555 746 5625 μεταδιδοὺς,
779 5555 951 5608 ταῦτα
974 5555 1369 5629 παραθήσομαι
1393 5600 1406 5613 .
1448 5555 1578 5625 0υά
1632 5555 1686 5614 in
1735 5555 1988 5625 lectione,

407 5626 626 5700 saltem,
663 5624 974 5695 μεταδιδούς
1020 5628 1360 5700 mutandum
1389 5629 1619 5700 videtur
1661 5631 1713 5683 in
1768 5647 1991 5700 προστι-

410 5693 543 5776 θείς,
588 5693 993 5776 ut‘opponarur
1044 5698 1364 5776 praecedenti
1392 5693 1990 5776 ὑφαιροιῐμενοςξΑῙὶυ-

410 5765 503 5831 qui
559 5764 887 5837 pugnabunt
894 5833 906 5837 _
925 5764 1057 5830 ista,
1090 5765 1315 5836 μηδενὸς
1367 5764 1704 5837 μεταδιδόναι
1731 5779 1783 5823 et
1812 5769 1983 5821 ταῦτα

413 5833 831 5906 παρατίθεσθαι.
866 5833 1162 5907 γυιεειιοιιι
1184 5833 1471 5895 lectionem
1506 5840 1738 5897 retinere
1770 5838 1979 5906 malim,

2097 4649 2245 4703 nulla
2274 4648 2356 4703 sui
2389 4655 2541 4718 parte
2563 4645 2921 4699 decurtatam.
2953 4640 3165 4696 Etenim
3191 4642 3321 4696 deos
3343 4643 3458 4711 ipse
3479 4650 3671 4705 testor,

2096 4741 2232 4796 nihil
2268 4741 2366 4795 abs
2407 4754 2494 4794 me
2537 4738 2621 4793 vel
2655 4750 3042 4806 responsorum
3075 4735 3143 4788 ad
3184 4745 3516 4807 mentemac
3546 4750 3674 4788 sen-

2096 4833 2318 4888 tentiam
2355 4831 2622 4894 additum,
2662 4830 2745 4883 vel
2788 4843 2856 4883 ex
2894 4843 2959 4881 ea
2974 4818 3288 4881 detractum
3322 4825 3523 4891 fuisse;
3566 4826 3671 4881 nisi

2095 4925 2237 4980 forte
2257 4926 2430 4980 sicubi
2471 4933 2565 4979 aut
2591 4923 2836 4977 voculam
2868 4934 3057 4975 errore
3086 4918 3329 4972 vitiatam
3360 4917 3669 4980 emendavi,

2095 5026 2188 5072 aut
2215 5016 2437 5087 majoris
2456 5012 2854 5087 perspicuitatis
2874 5012 3075 5082 gratria
3101 5010 3396 5066 illustriore
3425 5025 3672 5065 commu-

2094 5288 2255 5357 cujus
2290 5289 2554 5342 sententia
2585 5287 2665 5342 sic
2693 5302 2721 5340 a
2749 5285 3145 5357 superioribus,
3169 5283 3278 5339 hoc
3300 5283 3421 5337 loco
3449 5291 3674 5353 praeter-

2096 5355 2302 5423 missis,
2356 5358 2571 5427 peudet,
2607 5366 2665 5411 ut
2716 5367 2897 5411 tamen
2944 5355 3176 5427 alterum
3229 5370 3446 5427 quoque
3501 5370 3672 5427 metu:

2092 5429 2250 5484 brum
2285 5424 2369 5483 ex'
2389 5428 2490 5482 hoc
2522 5442 2631 5483 uno
2657 5426 2880 5495 intelligi
2912 5424 3167 5495 perfacile
3199 5425 3403 5492 possit;
3454 5424 3669 5495 tametsi

2094 5497 2442 5558 reddiderint,
2492 5496 2716 5567 perinde
2751 5507 2806 5550 ut
2835 5493 2887 5567 si,
2917 5493 3133 5567 βέϐαιρς
3164 5494 3257 5567 δή,
3308 5510 3433 5567 non
3455 5493 3671 5567 βέϐαιος

2091 5568 2169 5631 δέ,
2207 5560 2508 5637 legeretur:
2527 5566 2683 5631 Quod
2737 5560 3005 5637 sequitur,
3036 5560 3118 5629 οἷς
3156 5560 3244 5637 δή,
3305 5560 3670 5637 ιιίίιίιόὺειιιι

2091 5638 2386 5707 quominus
2415 5636 2627 5706 βέϐαιος
2655 5634 2881 5706 legatur.
2927 5634 3218 5707 Eleganter
3233 5635 3379 5690 enim
3406 5643 3461 5707 et
3490 5634 3669 5707 gravi-

2092 5703 2171 5761 ter
2217 5708 2305 5761 hic
2351 5703 2666 5775 singularis,
2698 5703 3056 5776 quoscunque
3097 5706 3150 5760 id
3195 5720 3365 5776 genus
3417 5703 3665 5758 homines

2090 5777 2485 5847 complectitur.
