4156 6410
465 377 567 432 251
1108 375 1381 436 EUSEBII
1418 377 1899 435 CJESARIENSIS
1938 378 2088 434 OPP.
2121 376 2305 433 PARS
2344 375 2409 433 II.
2445 405 2515 417 —
2544 373 3053 433 APOLOGIITICA.

3637 373 3757 428 $2

469 494 601 559 tavi,
649 501 765 556 aut,
801 510 1056 550 versuum
1094 495 1239 565 quod
1269 496 1458 550 deerat
1489 511 1762 550 mensura:
1792 511 2051 550 numero-

2173 513 2264 550 :wv
2284 496 2602 567 διετήρησα,
2620 495 3019 565 εὐλαεούμενος
3040 494 3137 565 τὴν
3162 495 3226 547 ὲκ
3257 493 3463 547 τούτων
3493 494 3749 551 ἀσέϐειαν

464 601 595 655 que,
625 587 893 655 supplevi,
924 597 1040 649 aut,
1064 588 1212 656 quod
1242 588 1377 641 nihil
1404 589 1471 642 ad
1496 605 1611 643 rem
1644 589 1874 642 omnium
1902 587 2050 643 taceo

2173 586 2383 648 ιᾶλλον,
2406 587 2441 657 ἦ
2472 587 2571 658 τὴν
2622 589 2687 640 ἐκ
2715 587 2813 657 τῆς
2847 585 3151 657 ἱεροσυλίας
3183 584 3424 656 τιμωρὸν
3474 585 3748 657 ἑπομένην

466 686 573 741 ret,
610 680 872 747 expunxi.
914 681 973 732 In
1002 694 1115 749 quo
1142 686 1324 733 tamen
1354 697 1578 736 salsum
1625 696 1730 751 ego
1760 681 2053 735 verborum

2173 680 2332 750 iixqv.
2368 679 2549 746 Ἥξει·
2578 680 2636 733 δὲ
2669 682 2702 752 ἡ
2756 680 3007 752 παροῦσα
3048 678 3346 750 συναγωγὴ
3392 677 3604 732 πολλῶν
3648 679 3751 749 μὲν

470 770 741 839 integrum
793 770 997 840 ubique
1036 770 1425 840 sincerumque
1473 772 1708 837 servavi,
1736 779 1792 825 et
1835 768 2055 840 quidem

2173 770 2268 824 τῶν
2297 771 2438 825 κατὰ
2472 770 2790 841 φιλοσοφίαν
2849 770 3136 843 δογμάτων
3195 770 3543 842 ἀναγραφὴν,
3588 769 3667 835 ὡς
3697 770 3751 824 οῖ

471 862 769 932 impietatis
794 863 996 933 alioqui
1023 862 1219 918 futura:
1259 874 1405 918 metu
1446 863 1649 932 potius,
1676 878 1845 933 quam
1887 876 2062 931 [K202

471 956 800 1026 sacrilegum
832 955 1047 1015 facinus
1071 965 1402 1025 exceptum.
1429 955 1713 1026 Ejusmodi
1743 964 1926 1009 autem
1956 953 2063 1007 erit

469 1045 589 1101 haec
625 1058 812 1102 nostra
853 1048 1128 1112 collectio,
1160 1065 1285 1118 qua:
1324 1065 1448 1102 cum
1482 1049 1720 1118 amplam
1758 1046 2059 1102 continebit

469 1137 784 1207 dogmatum
840 1140 1199 1211 philosophia:
1261 1142 1501 1211 copiam,
1550 1150 1712 1211 prout
1761 1141 1877 1210 ipsa
1930 1154 2056 1192 cum

468 1234 696 1288 veritate
711 1234 1005 1304 conjuncta
1031 1252 1154 1291 esse
1168 1237 1242 1290 dii
1266 1237 1673 1305 pronuntiarint
1691 1253 1705 1301 ;
1721 1245 1834 1290 tum
1854 1232 2059 1302 aliquid

469 1324 633 1378 etiam
664 1326 944 1381 divinandi
973 1328 1110 1383 artis
1149 1329 1397 1397 attinget,
1435 1339 1708 1398 quatenus
1744 1326 1949 1395 partim
1992 1324 2058 1377 ad

469 1418 1009 1486 contemplationem,
1057 1420 1252 1488 partim
1286 1421 1353 1474 ad
1399 1420 1664 1488 integram
1705 1418 1827 1472 vine
1859 1431 2058 1484 procu-

471 1509 737 1564 rationem
775 1511 936 1583 l“
973 1514 1281 1568 conducere
1312 1514 1600 1568 videbitur.
1627 1511 1902 1578 Quantum
1930 1521 2060 1561 vero

472 1602 724 1657 utilitatis
754 1603 971 1668 habeat,
1002 1606 1305 1676 intelligent
1338 1607 1374 1659 ii
1409 1606 1668 1668 maxime,
1695 1603 1789 1672 qui
1820 1616 1946 1656 cum
1973 1615 2060 1654 ve-

472 1692 688 1749 ritatem
723 1711 867 1766 :rgre
894 1698 1251 1766 parturirent,
1286 1709 1408 1752 vota
1443 1696 1694 1752 fecerunt
1737 1692 2054 1763 aliquando,

2160 863 2274 917 θεοί⁵
2307 864 2538 934 τάληθὲς
2568 864 2715 934 ἔχειν
2737 864 3053 919 ὲθέσπισαψ
3080 865 3169 917 ἐπ’
3198 863 3378 933 ὀλίγον
3413 864 3472 917 δὲ
3528 862 3621 916 καὶ
3649 864 3751 934 τῆς

2164 955 2471 1025 χρηπικῆς
2509 954 2762 1026 ἁψόμεϐα
2791 955 3198 1027 πραγματείας,
3243 955 3366 1026 ἥτις
3386 955 3524 1026 πρός
3561 971 3621 1008 τε
3652 954 3755 1025 τὴν

2164 1045 2399 1118 θεωρίαν
2430 1047 2634 1118 ὀνήσει,
2659 1048 2755 1100 καὶ
2775 1046 2873 1118 τὴν
2902 1046 3033 1118 ὃλην
3064 1046 3333 1117 κάθαρσιν
3361 1044 3456 1100 τοῦ
3487 1046 3624 1116 βίου.
3648 1047 3755 1098 Ἦν

2162 1139 2207 1193 δ’
2237 1139 2349 1210 ἔχει
2369 1138 2690 1210 ὠφέλειανή
2726 1139 3038 1208 συναγωγὴ,
3078 1139 3311 1210 μάλιστα
3344 1138 3580 1192 εἴσονται
3612 1136 3759 1189 ὅσοι-

2167 1244 2273 1297 περ
2303 1226 2402 1297 τὴν
2436 1225 2697 1297 ἀλήθειαν
2735 1228 3044 1292 ὼὸίναντες,
3093 1226 3323 1299 ηὔξαντό
3375 1242 3527 1289 ποτε,
3561 1225 3660 1296 τῆς
3692 1225 3759 1277 ἐκ

2166 1319 2305 1373 θεῶν
2371 1321 2691 1390 ἐπιφανείας
2740 1322 3016 1393 τυχόντες,
3051 1322 3357 1375 ἀνάπαυσιν
3414 1319 3601 1373 λαϐεῖν
3653 1317 3758 1387 τῆς

2167 1416 2401 1488 ἀπορίας
2433 1417 2522 1470 διὰ
2548 1416 2647 1489 τὴν
2671 1416 2780 1470 τῶν
2835 1417 3113 1485 λεγόντων·
3140 1415 3456 1480 ἀξιόπιστον
3504 1413 3761 1468 διδασκα-

2166 1508 2302 1563 λίαν.
2321 1530 2339 1560 ι
2375 1510 2650 1573 Τοιούτοις
2679 1511 3026 1582 χρησάμενος
3066 1509 3394 1580 προοιμίοις,
3423 1504 3760 1577 μαρτύρεται

2116 1604 2125 1617 ’
2167 1600 2261 1652 καὶ
2295 1600 2786 1669 προκαταγγέλλει,
2827 1599 2901 1672 μὴ
2936 1603 3016 1664 εἰς
3054 1598 3285 1661 πολλοὺς
3310 1597 3545 1666 ἐκφῆναι
3571 1595 3641 1647 τὰ
3667 1592 3759 1645 λε-

2167 1690 2500 1762 χθησόμενα,
2530 1692 2708 1760 λέγων
2731 1692 2926 1757 οὕτως.

472 1796 535 1843 ιιι
568 1790 852 1843 numinum
904 1790 1149 1857 ipsorum
1205 1790 1418 1845 visione
1474 1803 1770 1850 concessa,
1804 1784 1875 1839 ab
1907 1781 2057 1837 omni
2107 1780 2466 1837 dubitationis
2527 1782 2883 1839 ﬂuctuatione
2934 1782 3409 1853 conquiescerem,
3460 1775 3763 1833 dicentium

473 1886 800 1940 auctoritate
832 1886 982 1942 ornni
1012 1887 1118 1941 lide
1159 1885 1484 1957 dignissima
1521 1880 1853 1940 conﬁrmati.
1893 1899 1911 1931 ι
1951 1876 2076 1931 Ilaec
2115 1874 2206 1932 illc
2252 1877 2546 1947 praelatus,
2596 1877 2902 1934 obtestatur
2957 1886 3123 1947 atque
3169 1885 3297 1931 ante
3342 1872 3651 1938 denuntiat,
3682 1875 3766 1928 uti

474 1989 545 2029 ne
576 1975 705 2046 quis
745 1992 834 2044 ea,
870 1993 997 2048 qua:
1044 1979 1294 2035 dicturus
1326 1984 1442 2042 cst,
1476 1977 1533 2031 iu
1564 1976 1760 2045 vulgus
1794 1970 2062 2029 enuntiet.

1065 2070 1297 2128 CAPUT
1338 2070 1476 2128 VIII.

476 2183 609 2249 Quae
637 2184 733 2240 hac
760 2186 825 2241 de
850 2204 905 2243 re
937 2189 1179 2242 dicturus
1210 2198 1310 2254 est,
1354 2188 1495 2258 apud
1529 2203 1706 2242 omnes
1736 2187 2063 2241 enuntianda

1138 2275 1242 2314 non
1275 2276 1405 2314 ωδε.

552 2389 573 2422 σ
618 2369 702 2426 Tu
733 2388 884 2430 vero.
937 2372 1135 2443 inquit,
1179 2388 1332 2438 cave,
1369 2371 1415 2427 si
1446 2371 1745 2442 quidquam
1784 2370 1954 2437 aliud,
1999 2387 2066 2426 ne

477 2477 566 2516 res
583 2461 718 2518 istas
739 2464 916 2533 palam
937 2465 1220 2529 extuleris,
1239 2474 1291 2520 et
1311 2464 1494 2535 gloriae
1512 2464 1716 2519 Iucrive
1746 2463 2064 2535 cupiditate,

479 2554 564 2608 vel
594 2554 981 2626 cujuscunque
1023 2557 1206 2613 minus
1237 2557 1504 2628 religiosae
1533 2558 1924 2613 asscntationis
1949 2566 2066 2613 stu-

477 2646 571 2703 dio
599 2659 727 2705 ante
756 2647 1113 2718 profanorum
1152 2650 1439 2713 hominum
1491 2651 1683 2707 oculos
1716 2650 2016 2721 projeceris
2047 2669 2061 2704 :

478 2754 642 2796 secus
673 2741 843 2810 enim,
876 2759 986 2798 non
1021 2744 1118 2800 tibi
1163 2745 1364 2811 solum,
1396 2746 1512 2801 bzec
1547 2747 1591 2802 si
1633 2755 1901 2817 praecepta
1935 2761 2064 2801 cou-

478 2833 788 2901 tempseris,
826 2851 1014 2891 verum
1045 2837 1208 2893 etiam
1241 2839 1372 2894 mihi
1419 2840 1721 2910 periculum
1757 2839 2062 2903 immineat,

475 2925 572 2995 qui
615 2936 765 2983 tanta
801 2928 1031 2986 deorum
1070 2933 1332 2987 beneficia
1378 2934 1612 2988 retinuere
1659 2931 1804 3001 apud
1839 2945 2063 2987 menon

479 3018 775 3086 potuerim,
819 3020 917 3078 sed
948 3037 1013 3077 ea
1050 3022 1213 3078 nimis
1242 3021 1402 3079 facile
1446 3022 1541 3078 tibi
1573 3021 1921 3078 crediderim.
1954 3018 2065 3075 llo-

478 3123 602 3163 rum
657 3109 823 3182 igitur
872 3111 927 3166 in
981 3114 1430 3168 communionem
1488 3112 1523 3166 ii
1570 3121 1784 3167 tantum
1834 3110 2063 3165 vocandi

477 3211 659 3263 erunt.
688 3203 783 3273 qui
810 3203 880 3258 ad
910 3205 1143 3260 salutem
1169 3206 1337 3260 animi
1369 3206 1493 3260 vitae
1512 3221 1625 3262 sua:
1649 3205 1889 3260 rationes
1915 3204 2067 3260 iusti-

480 3295 705 3351 tucrint.
732 3315 752 3348 ι
773 3296 851 3352 Ac
868 3299 1148 3354 nonnullis
1171 3299 1472 3370 interjectis
1498 3319 1510 3354 :
1552 3319 1570 3351 ι
1605 3297 1729 3355 ﬂare
1756 3309 1836 3364 tu,
1865 3300 2065 3369 inquit.

482 3387 706 3453 videsis,
745 3399 805 3443 ut
858 3408 888 3444 a
925 3392 1110 3447 carnis
1151 3392 1285 3462 ipsis
1314 3408 1515 3447 arcana
1554 3393 1729 3463 magis
1770 3401 1826 3447 et
1851 3380 2067 3448 occulta

485 3479 708 3545 habeas,
730 3490 1013 3552 propterea
1039 3483 1185 3553 quod
1206 3484 1339 3538 nihil
1371 3484 1439 3539 de
1459 3499 1518 3540 se
1546 3484 1619 3539 dii
1646 3483 1867 3554 planum
1906 3493 2072 3554 atque

482 3572 860 3643 perspicuum,
897 3574 990 3630 sed
1020 3575 1253 3631 obscura
1273 3576 1460 3659 onmia
1510 3576 1627 3632 suis
1656 3576 1898 3631 oraculis
1924 3576 2071 3631 elI'ati

483 3676 631 3721 sunt.
663 3685 683 3719 ι
711 3670 823 3737 Age
858 3684 1008 3736 vero,
1034 3670 1476 3741 quandoquidem
1510 3669 1775 3740 speciosis
1796 3669 1931 3725 adeo
1952 3685 2074 3725 ver-

380 3832 383 3835 λ
484 3757 570 3813 bis
605 3759 719 3814 haec
748 3760 910 3817 nobis
940 3771 1133 3816 auctor
1161 3761 1265 3818 iste
1294 3762 1602 3829 denuntiat,
1635 3761 1920 3816 videamus
1953 3777 2075 3830 por-

484 3867 569 3916 ro,
602 3852 734 3922 quid
778 3852 847 3907 de
869 3854 1165 3910 virtutibus
1194 3855 1322 3920 illis,
1356 3870 1479 3926 qua:
1508 3854 1612 3911 sub
1640 3862 1922 3923 aspectum
1964 3869 2073 3909 non

484 3944 711 4008 cadunt,
738 3960 968 4015 quaeque
996 3947 1066 4001 ab
1103 3947 1170 4001 iis
1197 3947 1427 4001 deorum
1456 3964 1510 4000 ιιι
1545 3961 1777 4001 numero
1799 3961 2076 4015 reponun-

484 4046 596 4099 tur,
626 4052 692 4091 ex
724 4039 1004 4107 responsis
1053 4038 1175 4094 istis
1203 4038 1471 4095 divinitus
1512 4039 1674 4095 editis
1703 4053 1929 4095 censere
1971 4054 2074 4093 nos

485 4144 549 4184 ac
595 4128 845 4199 judicare
893 4141 1160 4202 Oporteat.
1210 4130 1300 4188 Sic
1349 4133 1495 4187 enim
1533 4132 1921 4203 intelligemus,
1960 4132 2075 4187 suis

486 4222 662 4292 ipsius
696 4239 820 4279 cum
862 4225 1073 4290 verbis,
1123 4235 1238 4280 tum
1280 4225 1475 4282 studiis
1507 4241 1572 4280 ac
1612 4225 1736 4280 vitae
1768 4224 2075 4279 rationibus

492 4314 767 4373 hominem
793 4316 1066 4385 redargui.
1093 4315 1230 4371 Nam
1253 4318 1350 4387 qui
1382 4317 1539 4373 libris
1566 4317 1655 4382 iis,
1693 4331 1834 4387 quos
1851 4312 1926 4369 De
1947 4315 2074 4385 phi-

489 4407 737 4480 losophia
788 4425 853 4464 ex
890 4410 1131 4465 oraculis
1173 4410 1473 4466 haurienda
1519 4411 1775 4481 scripsit,
1809 4408 2076 4479 Apollinis

488 4515 751 4570 responsa
799 4513 1216 4565 commemorat,
1249 4502 1450 4572 quibus
1479 4503 1747 4560 sacriﬁcia
1776 4505 1935 4558 caesis
1958 4501 2075 4555 ani-

487 4594 769 4649 mantibus
810 4595 923 4650 lieri
955 4595 1133 4666 jubet,
1178 4596 1343 4666 idque
1376 4612 1484 4650 non
1520 4595 1863 4651 daemonibus
1897 4595 2076 4650 solum

489 4697 583 4743 aut
614 4688 971 4744 vicinioribus
1007 4700 1165 4744 terra:
1200 4689 1528 4753 virtutibus,
1584 4688 1679 4744 sed
1713 4688 1878 4743 etiam
1911 4687 2079 4742 aethe-

2704 2059 3104 2115 ΚΕΦΛΔΔΙΟΝ
3138 2059 3220 2114 II'.

2173 2176 2305 2230 Ὅτι
2364 2176 2437 2229 οὐ
2500 2174 2617 2245 χρὴ
2674 2173 2745 2228 τὰ
2796 2176 3219 2259 λεχθησόμενα
3267 2173 3355 2238 είς
3411 2168 3609 2224 πάντα
3663 2168 3765 2223 ἐκ·

2838 2262 3099 2314 patrem.

2252 2389 2356 2443 ιΣῦ
2373 2387 2443 2454 δ’,
2473 2388 2633 2459 εῐπερ
2657 2403 2734 2451 τι,
2759 2381 2854 2436 καὶ
2876 2379 3047 2435 ταῦτα
3082 2380 3257 2452 πειρῶ
3291 2381 3368 2452 μὴ
3392 2378 3769 2451 δημοσιεύειν,

2176 2479 2297 2550 μηδ’
2323 2478 2449 2549 ἄχρι
2483 2479 2579 2531 καὶ
2611 2475 2719 2530 τῶν
2746 2475 2987 2547 βεϐήλων
3015 2475 3228 2547 ῥίπτειν
3257 2472 3396 2527 αὐτὰ
3427 2471 3584 2542 δόξης
3600 2470 3766 2523 ἕνεκα

2173 2570 2486 2642 ἢκέρδους,
2522 2571 2557 2640 ἢ
2608 2585 2749 2632 τινος
2780 2567 2947 2637 ἄλλης
3009 2568 3109 2620 ούκ
3155 2564 3385 2634 εύαγοῦς
3451 2561 3761 2626 κολακείας*

2175 2662 2418 2725 κίνδυνος
2443 2661 2553 2732 γὰρ
2577 2659 2639 2714 ού
2665 2677 2747 2713 σοι
2780 2660 2941 2730 μόνον
2967 2658 3066 2721 τὰς
3108 2657 3327 2720 ἐντολὰς
3365 2654 3765 2727 παραϐαίνοντι

2174 2753 2397 2817 ταύτας,
2433 2751 2569 2806 ἀλλὰ
2595 2752 2764 2822 κάμοὶ
2788 2750 2986 2821 ῥαδίως
3020 2748 3392 2809 πιστεύσαντι,
3441 2745 3520 2817 τῷ
3553 2744 3767 2812 στέγειν

2175 2846 2305 2919 παρ’
2336 2844 2514 2916 ἐαυτῷ
2550 2844 2625 2916 μὴ
2677 2842 2964 2913 δυναμένῳ
3009 2842 3106 2907 τὰς
3154 2840 3419 2903 εὐποιίας.
3478 2837 3668 2891 Δοτέον
3698 2836 3768 2905 δὴ

2173 2941 2287 3002 τοῖς
2316 2937 2409 2992 τὸν
2441 2934 2556 3006 βίον
2587 2933 3014 3004 ὲνστησαμὲνοις
3049 2932 3183 3003 πρὸς
3209 2931 3310 3003 τὴν
3338 2930 3438 3000 τῆς
3464 2928 3642 3000 ψυχῆς
3666 2944 3769 2981 σω-

2175 3030 2391 3103 τηρίαν.
2422 3028 2535 3083 Καὶ
2569 3026 2688 3098 μεθ’
2746 3026 2912 3098 ἔτερα
2957 3025 3227 3093 ὲπιλέγει’
3272 3043 3291 3076 ι
3316 3021 3504 3077 Ταῦτά
3543 3039 3653 3092 μοι,
3687 3019 3768 3086 ὡς

2175 3124 2432 3195 ἀρρήτων
2461 3121 2531 3176 τὰ
2547 3120 2917 3193 ἀρῤητότερα,
2946 3134 3234 3189 κρύπτειν.
3270 3116 3405 3169 Οὐδὲ
3436 3114 3545 3184 γὰρ
3575 3116 3625 3167 oi.
3651 3112 3768 3167 θεοι

2176 3214 2427 3288 φανερῶς
2461 3215 2592 3285 περὶ
2641 3211 2819 3266 αὐτῶν
2854 3210 3167 3275 ὲθέσπισαν,
3227 3208 3364 3262 ἀλλὰ
3413 3208 3480 3261 δι’
3510 3206 3769 3277 αἰνιγμά-

2174 3328 2303 3364 των.
2332 3329 2350 3362 ι
2396 3308 2617 3379 Ἐπειδὴ
2663 3306 2841 3362 τοίνυν
2873 3305 3102 3359 τοιαῦτα
3146 3306 3176 3358 6
3206 3304 3365 3373 λόγος
3427 3302 3765 3366 ἀνετείνατο,

2178 3402 2333 3474 φέρε,
2367 3401 2573 3465 λοιπὸν,
2616 3399 2704 3453 διὰ
2738 3398 2848 3452 τῶν
2878 3397 3078 3451 ἐνθέων
3133 3397 3227 3450 καὶ
3258 3395 3652 3467 πυθοχρήστων
3679 3392 3769 3445 λο-

2175 3497 2310 3566 γίων
2342 3492 2697 3565 σκεψῴμεθα,
2730 3490 2979 3555 ποταπὰς
3010 3486 3150 3546 εῖναι
3181 3489 3282 3552 τὰς
3339 3485 3765 3556 θεολογουμένας

2176 3590 2403 3658 ἀφανεῖς
2437 3586 2695 3656 δυνάμεις
2719 3585 2987 3657 προσήκει
3027 3580 3356 3651 λογίζεσθαι.
3389 3580 3603 3634 Γένοιτο
3656 3575 3766 3647 γὰρ

2178 3682 2272 3735 καὶ
2300 3678 2492 3751 ἀνδρὸς
2524 3677 2743 3747 ἐλεγχος
2776 3678 2841 3729 ἐκ
2864 3676 2975 3730 τῶν
3000 3675 3213 3729 οἰκείων
3240 3673 3414 3739 λόγων
3444 3688 3505 3726 τε
3534 3672 3627 3725 καὶ
3655 3673 3766 3725 ἐπι-

2177 3773 2554 3843 τηδευμάτων.
2604 3770 2663 3824 ’0
2696 3769 2761 3841 δὴ
2792 3764 2885 3823 οὖν
2912 3765 3278 3840 προδηλωθεὶς
3308 3766 3448 3837 ἀνὴρ
3496 3765 3554 3819 ὲν
3584 3764 3766 3826 αὐτοῖς

2176 3861 2258 3931 οἷς
2288 3865 2567 3937 ἐπέγραψε
2601 3862 2653 3914 Π
2674 3855 2744 3926 pl
2764 3860 2871 3927 τῆς
2889 3862 2959 3915 ἐκ
2979 3860 3200 3927 .le'lwr
3221 3861 3604 3928 φιλοσιφὶας,
3633 3874 3770 3929 χρη-

2178 3960 2351 4030 σμοῖις
2384 3958 2565 4029 τίθησι
2589 3954 2684 4009 τοῦ
2748 3952 3101 4017 Ἀπόλλωνος,
3126 3952 3226 4016 τὰς
3263 3950 3352 4005 διὰ
3395 3949 3549 4015 ζώων
3578 3949 3768 4010 θυσίας

2176 4049 2505 4121 ἐργάζεσθαι
2529 4045 3060 4119 παρακελευομένου,
3092 4045 3187 4098 καὶ
3212 4043 3287 4116 μὴ
3315 4043 3496 4114 μόνοις
3522 4042 3607 4095 δαί
3616 4058 3765 4111 μοσι,

2181 4139 2316 4211 μηδὲ
2353 4139 2541 4209 μόναις
2597 4139 2717 4200 ταῖς
2751 4135 3050 4207 περιγείοις
3102 4135 3417 4205 δυνάμεσιν,
3477 4131 3615 4185 ἀλλὰ
3676 4132 3771 4184 καὶ

2176 4232 2295 4294 ταῖς
2324 4228 2584 4301 αἰθερίοις
2637 4228 2730 4283 καὶ
2771 4228 3045 4299 οὐρανίοις
3076 4226 3383 4291 ξιικιθυτεῖν.
3431 4225 3517 4276 Ἐν
3562 4223 3770 4293 ἑτέροις

2176 4322 2233 4375 δὲ
2262 4323 2291 4375 6
2320 4321 2481 4386 αὐτὸς
2512 4321 2792 4393 δαίμονας,
2832 4320 2950 4375 ἀλλ’
3003 4320 3065 4373 ού
3117 4318 3273 4383 θεοὺς
3320 4311 3456 4369 εἶναι
3489 4312 3770 4386 ὁμολογῶν

2178 4414 2447 4479 ἅπαντας,
2480 4408 2563 4479 οἷς
2597 4414 2858 4484 ’Έλληνες
2919 4412 3018 4477 τὰς
3070 4412 3138 4466 δι’
3174 4411 3423 4481 αἱμάτων
3487 4407 3578 4461 καὶ
3615 4406 3772 4471 ζώων

2178 4507 2387 4576 ἀλόγων
2428 4506 2644 4577 σφαγῆς
2694 4506 2983 4560 ἐπετέλουν
3034 4504 3247 4567 θυσίας,
3280 4502 3355 4573 μὴ
3388 4500 3608 4571 χρῆναι,
3648 4499 3769 4569 μηδ’

2178 4599 2323 4653 ὂσιον
2345 4594 2483 4653 εἶναι
2509 4598 2650 4663 θεοῖς
2672 4598 2963 4664 ζωοθυτεῖν
2994 4614 3179 4667 φησιν.
3221 4597 3419 4648 ’Ἄκουε
3478 4592 3772 4663 τοιγαροῦν

2179 4691 2287 4745 τῶν
2311 4692 2540 4765 πρώτων
2561 4692 2728 4747 αὑτοῦ
2755 4692 2968 4762 φωνῶν,
3001 4691 3070 4745 δι’
3103 4682 3178 4744 ὧν
3211 4689 3278 4743 τὰ
3300 4688 3555 4758 περὶτῆς
3589 4687 3653 4739 ὲκ
3691 4685 3773 4738 lo-

489 4782 589 4837 IIIS
618 4782 1044 4852 caelestibusque
1072 4781 1213 4845 diis;
1252 4782 1394 4836 idem
1419 4782 1526 4837 alio
1560 4780 1798 4852 quodam
1834 4782 1887 4835 in
1912 4796 2067 4851 opere

2180 4783 2315 4851 γίων
2347 4783 2664 4854 φιλοσοφίας
2703 4784 2973 4852 συνάγων,
3007 4781 3124 4845 πῶς
3173 4783 3203 4835 6
3259 4780 3532 4834 Ἀπόλλων
3576 4778 3773 4849 χρῆναι

491 4890 598 4928 non
625 4874 780 4936 deos,
815 4874 911 4929 scd
942 4874 1220 4929 dzemones
1249 4889 1346 4931 eos
1378 4888 1570 4929 omnes
1601 4888 1927 4942 agnoscens,
1952 4872 2078 4942 qni-

492 4963 594 5022 bus
631 4965 806 5021 Graeci
835 4966 997 5022 caesis
1024 4966 1326 5037 pecudibus
1358 4964 1649 5029 faciebant,
1693 4980 1793 5020 nec
1822 4975 2076 5033 oportere

2184 4873 2510 4946 θεραπεύειν
2534 4876 2661 4940 τοὺς
2695 4873 2852 4941 Θεοίις
2882 4875 3143 4931 διδάσκει⁶
3180 4873 3210 4927 ὃ
3274 4873 3369 4927 καὶ⁵
3415 4869 3775 4941 παρατίθεται

2183 4973 2410 5042 γράφων
2435 4963 2558 5026 ὧδε.

490 5074 593 5115 uec
620 5074 750 5113 vero
780 5056 864 5114 fas
906 5073 1030 5113 esse
1058 5058 1163 5114 diis
1208 5058 1516 5113 animantes
1581 5056 1867 5111 immolare
1917 5059 2258 5126 pronuntiat.
2317 5061 2520 5131 Accipe
2577 5061 2760 5132 igitur,
2810 5063 3015 5131 quibus
3085 5060 3325 5131 primum
3384 5057 3501 5127 ipse
3568 5054 3774 5117 verbis.

492 5164 803 5226 promptam
865 5171 929 5209 ex
965 5155 1203 5210 oraculis
1264 5153 1665 5225 philosophiam
1715 5154 2046 5219 cdisserens,
2099 5155 2318 5223 referat,
2352 5172 2463 5227 quo
2497 5157 2606 5212 ritu
2644 5157 2838 5228 Δρουο
2864 5162 2996 5213 deos
3037 5154 3300 5212 colendos
3332 5168 3455 5209 esse
3504 5148 3773 5208 docuerit.

495 5248 628 5304 Item
668 5256 838 5304 totam
866 5247 942 5303 ita
973 5247 1344 5319 persequitur.

1008 5339 1167 5412 145
1196 5338 1427 5394 CAPUT
1469 5338 1556 5395 Ix.

496 5432 955 5498 Quemadmodum
980 5435 1170 5503 Apollo
1200 5435 1484 5504 sacriﬁciis
1519 5436 1642 5489 deos
1676 5433 1844 5488 colere
1868 5433 2058 5503 jubeat

574 5615 591 5647 ι
637 5594 758 5649 Iam
803 5612 933 5651 vero
987 5605 1197 5666 postea,
1239 5612 1362 5667 qua:
1394 5596 1461 5651 de
1501 5595 1701 5665 pietate
1734 5596 1879 5650 dicta
1931 5603 2080 5659 sunt,

498 5690 687 5745 ordine
718 5690 964 5744 {acturus
993 5691 1124 5744 mihi
1164 5690 1370 5754 videor,
1394 5692 1439 5745 si
1469 5706 1591 5759 qua:
1614 5690 1681 5744 de
1712 5690 1798 5744 sui
1830 5691 2072 5758 ipsorum

498 5785 644 5839 cultu
667 5785 907 5841 oraculis
929 5784 1074 5838 eﬂ‘ati
1097 5785 1171 5837 dii
1196 5795 1345 5845 sunt,
1374 5799 1628 5853 ueinccps
1663 5784 2066 5852 pricscripsero,

500 5880 711 5938 tatnetsi
755 5880 868 5952 jam
903 5894 969 5934 cx
1000 5878 1066 5932 II)
1097 5876 1298 5949 aliquid
1326 5876 1603 5947 superiore
1636 5876 1701 5932 de
1733 5875 1929 5945 pietate
1962 5875 2074 5934 dis-

2727 5339 2952 5392 ΚΕΦΔΔ
2960 5337 3124 5391 AION
3153 5334 3231 5390 9'.

2192 5431 2390 5498 Ὅπως
2417 5430 2515 5485 διὰ
2542 5427 2770 5485 θυσιῶν
2800 5429 3150 5498 θεραπεύειν
3169 5428 3213 5498 ό.
3247 5422 3550 5478 Ἁπόλλων
3586 5429 3773 5486 προσ-

2678 5496 2874 5554 τάττει
2906 5499 3051 5564 τοὺς
3082 5496 3277 5561 θεοὺς.

2267 5615 2287 5649 ι
2333 5595 2665 5659 Ἀκολούθως
2709 5592 2847 5664 μετὰ
2867 5592 2935 5646 τὰ
2971 5590 3205 5663 ρηθέντα
3239 5587 3369 5658 περὶ
3401 5582 3703 5644 εὐσεϐείας,
3740 5577 3779 5633 ἃ.

2192 5689 2437 5760 περὶτῆς
2465 5685 2759 5758 θεραπείας
2785 5683 2965 5738 αὐτῶν
2990 5684 3228 5754 ἔχρησαν
3253 5681 3664 5752 ἀναγράφοιμεν
3685 5673 3773 5736 ἂν,

2182 5773 2258 5831 ὧν
2294 5781 2356 5831 ἐκ
2402 5778 2600 5848 μέρους
2658 5780 2760 5830 κάν
2808 5778 2917 5838 τοῖς
2966 5778 3095 5846 περὶ
3138 5773 3419 5833 εὐσεϐείας
3466 5769 3776 5839 φθάσαντες

2185 5870 2677 5943 παραπθείκαμεν.
2720 5869 2873 5923 Ἐστι
2907 5867 2963 5922 δὲ
2998 5870 3025 5921 ὁ
3058 5864 3303 5939 χρησμὸς
3350 5863 3442 5916 τιῦ
3507 5857 3789 5914 ’Λπόλλω-
