4156 6430
466 371 576 427 255

1110 367 1382 427 IIUSEBII
1410 368 1897 426 CASSARIENSlS
1943 368 2093 425 OPP.
2132 367 2314 422 PARS
2351 366 2413 421 ll.
2446 399 2514 407 —
2554 366 3060 425 APOLOGETICA.

3626 365 3747 419 956

467 489 647 545 Acriis
677 495 858 542 autem
889 487 1206 544 numinibus
1242 488 1607 544 immolandas
1641 491 1909 554 volucres,
1962 498 2048 543 to-

2154 488 2279 551 Τοῖς
2306 487 2362 540 δὲ
2394 488 2601 561 ἀερίοις
2636 488 2812 559 πηνα
2856 486 3004 541 θύειν
3051 484 3481 558 παρακελεύεται
3515 482 3740 539 ὁλοκαυ-

467 592 663 651 tasque
696 580 933 634 ilaunnis
980 581 1429 646 coneremandas,
1481 597 1782 652 earumque
1832 581 2054 651 sangui-

466 689 590 729 nem
623 673 829 727 circum
874 672 1047 724 altare
1082 671 1416 725 fundendum
1450 689 1571 727 esse
1609 684 1826 739 Inonet;
1856 683 1912 727 at
1941 690 2056 727 ma-

465 765 621 825 riuis,
656 764 910 817 volucres
931 764 1173 832 quidem,
1203 764 1297 818 sed
1325 781 1447 835 qua:
1477 776 1598 821 atro
1631 767 1813 821 colore
1839 767 1968 825 sint.
1993 782 2057 821 ac

464 858 673 912 medios
691 857 744 910 in
769 857 1113 912 lluetusviva:
1141 858 1322 912 adhuc
1344 858 1725 929 spirantesque
1749 859 2056 929 ponit-ian-

464 961 582 1016 tur;
621 951 701 1005 sic
727 952 871 1003 enim
909 950 1022 1004 ait:

465 1042 724 1097 Omnibus
757 1044 897 1096 hisce
927 1042 1039 1097 deis
1076 1043 1326 1108 uolucris,
1354 1044 1445 1097 sed
1477 1044 1630 1115 nigra
1664 1045 1909 1100 marinis.

454 1188 571 1245 Diis
597 1186 820 1256 quidem
857 1197 1137 1264 omnibus,
1189 1198 1234 1253 si
1265 1208 1551 1254 terrestres
1596 1199 1860 1269 excipias,
1900 1198 2055 1254 volu-

461 1304 584 1344 cres
612 1290 923 1359 assignans,
970 1290 1213 1361 solisque
1247 1293 1473 1347 marinis
1510 1289 1667 1363 147
1717 1301 1896 1360 atras;
1949 1307 2056 1348 ca!-

462 1380 593 1434 teris
645 1380 813 1450 igitur
862 1382 1144 1438 candidas.
1198 1380 1318 1436 .lam
1365 1398 1495 1437 vero
1540 1382 1860 1437 coelestibus
1888 1382 2056 1437 aethe—

462 1473 673 1542 riisque
726 1474 1049 1529 numinibus
1095 1488 1342 1529 summas
1385 1475 1656 1529 duntaxat
1694 1473 2052 1528 candidatum

457 1565 810 1620 victimarum
864 1575 1050 1637 partes
1088 1566 1498 1620 eonsecrandas
1522 1609 1536 1633 ,
1598 1565 1746 1634 quod
1783 1576 2052 1634 superest,

461 1659 856 1737 coniedendum
887 1674 1009 1714 esse
1031 1658 1226 1713 docet:
1260 1658 1364 1713 hoc
1381 1658 1525 1712 enim
1550 1674 1618 1712 ex
1652 1657 1772 1713 solo
1808 1659 2056 1713 victima-

460 1767 582 1807 rum
632 1766 830 1824 genere
880 1751 1027 1806 vesci
1067 1750 1151 1806 fas
1197 1751 1292 1806 tibi
1338 1766 1483 1814 esse,
1519 1765 1626 1804 non
1661 1765 1727 1805 ex
1754 1750 1880 1804 alio.
1930 1752 2054 1805 Cae-

2154 579 2402 643 τοῦντας,
2453 580 2546 635 καὶ
2578 581 2636 634 τὸ
2664 575 2801 651 αἷμα
2832 582 2927 633 ἐπὶ
2957 577 3068 633 τῶν
3106 577 3307 649 βωμῶν
3342 579 3701 649 περιάγοντας
3723 595 3736 608 ·

2144 674 2264 735 τοῖς
2295 671 2351 725 δὲ
2384 671 2712 735 θαλασσίοις,
2749 672 2928 744 πτηνά
2958 672 3078 743 μὲν,
3114 669 3292 735 ζῶντα
3323 669 3381 721 δὲ
3411 669 3628 737 ἀφιέναι
3657 672 3739 734 εἰς

2152 763 2220 817 τά
2250 764 2491 835 κύματα,
2540 765 2746 835 μέλανα
2776 766 2876 836 τὴν
2914 765 3081 837 χρόαν
3112 762 3262 817 ὄντα.
3312 762 3450 834 Φησὶ
3487 759 3624 833 γάρ·

2159 1032 2287 1099 Τοῖς
2330 1030 2400 1085 δὲ
2443 1031 2552 1103 (54)
2593 1030 2750 1096 θεοῖς
2796 1029 2868 1083 τὰ
2906 1027 3168 1093 πετεινὰ,
3220 1028 3621 1167 θῗλαῖἶαξὶιις
3668 1026 3738 1079 δὲ

3300 1115 3368 1152 κε
3452 1115 3510 1151 ιν
3554 1137 3569 1150 .

3300 1115 3569 1152 κελαινα.

2158 1188 2299 1243 nam
2342 1194 2441 1265 μὲν
2490 1193 2665 1262 λέγων
2714 1196 2827 1258 τοῖς
2881 1192 3024 1257 θεοῖς
3063 1193 3203 1264 πλὴν
3246 1191 3356 1245 τῶν
3400 1190 3630 1262 χθονίων
3669 1188 3738 1243 τὰ

2153 1289 2397 1353 πετεινὰ,
2459 1288 2640 1360 μόνοις
2700 1286 2759 1340 δὲ
2808 1288 2922 1350 τοῖς
2974 1285 3287 1349 θαλασσίοις
3339 1285 3412 1338 τά
3469 1283 3732 1338 κελαινὰ·

2153 1377 2349 1432 οὐκοῦν
2399 1382 2510 1444 τοῖς
2562 1378 2744 1443 ἄλλοις
2797 1377 2987 1432 λευκά.
3043 1379 3170 1440 Τοῖς
3220 1377 3490 1449 οὐρανίοις
3547 1375 3603 1429 δὲ
3644 1375 3739 1429 καὶ

2154 1472 2414 1544 αἰθερίοις
2490 1472 2559 1527 τὰ
2620 1473 2766 1544 ἄκρα
2823 1470 2931 1526 τῶν
3006 1470 3217 1544 ἱερείων
3292 1468 3502 1522 λευκῶν
3566 1468 3739 1522 ὄντων

2154 1564 2434 1637 ἀφιεροῦν,
2471 1564 2541 1618 τὰ
2572 1564 2629 1617 δὲ
2661 1564 2825 1618 λοιπά
2866 1564 3009 1636 μέρη
3053 1563 3277 1618 ἐσθίειν·
3316 1563 3383 1615 ὲκ
3415 1561 3593 1633 μόνων
3629 1559 3739 1631 γάρ

2153 1656 2359 1711 τούτων
2406 1656 2643 1729 βρωτέον
2689 1674 2793 1721 σοι,
2843 1656 3003 1726 ἐκδὲ
3051 1657 3158 1711 τῶν
3191 1654 3367 1709 ἀλλων
3412 1654 3513 1725 μή.
3545 1652 3738 1716 Οὓςδὲ

2155 1750 2375 1821 εἴρηκεν
2407 1750 2465 1802 ὲν
2499 1752 2566 1822 τῇ
2596 1750 2865 1821 διαιρέσει
2897 1747 3204 1821 οὐρανίους,
3238 1745 3460 1809 τούτους
3498 1744 3738 1800 ενταῦθα

459 1848 661 1905 terum,
693 1856 834 1910 quos
887 1842 942 1895 in
979 1841 1098 1910 ipsa
1130 1840 1402 1897 divisione
1459 1840 1669 1895 ccelites
1718 1840 2050 1903 nominarat,

2154 1841 2466 1912 ἀστραίους.
2506 1837 2632 1913 Ἆρ’
2657 1839 2751 1895 οὖν
2779 1842 2961 1913 δεήσει
2988 1838 3361 1912 ἐξηγήσασθαι
3395 1837 3503 1893 τῶν
3540 1836 3741 1891 θυσιῶν

461 1934 687 1989 eosdem
724 1935 813 1988 hic
857 1943 1085 1989 astrzeos
1128 1941 1307 1988 vocat.
1360 1932 1567 2003 Ecquid
1620 1948 1783 1993 porro
1826 1947 2051 1988 necesse

458 2021 629 2078 fuerit
693 2022 1093 2078 sacriﬁciorum
1153 2023 1386 2077 istorum
1451 2022 1700 2095 symbols
1756 2024 2047 2093 explicare,

459 2114 714 2185 prudenti
772 2115 979 2169 homini
1029 2115 1163 2169 satis
1203 2131 1299 2184 per
1353 2130 1474 2171 sese
1520 2115 1696 2173 nota?
1758 2113 2049 2169 Enimvero

458 2208 845 2280 quadrupedes
870 2209 1092 2279 quidem
1143 2223 1331 2278 easque
1377 2216 1667 2263 terrestres
1714 2207 1825 2261 diis
1881 2215 2051 2261 terre-

458 2301 668 2358 stribus
703 2301 1097 2369 immolantur;
1131 2301 1297 2355 simili
1334 2300 1481 2355 enim
1509 2301 1688 2356 simile
1713 2301 2045 2357 delectatur:

456 2405 627 2462 {ecus
666 2401 853 2446 autem
886 2406 1023 2446 sane
1073 2398 1331 2446 terrestre
1373 2400 1481 2458 est,
1509 2406 1684 2462 eoque
1704 2392 1890 2449 Cereri
1934 2394 2050 2463 pla-

455 2492 567 2546 cet,
600 2490 768 2553 atque
811 2483 865 2537 in
890 2483 1032 2538 coelo
1062 2476 1283 2553 frugum
1320 2483 1565 2553 ipsarum
1601 2498 1668 2538 ex
1692 2491 1850 2539 terra:
1875 2484 2050 2539 visce-

458 2574 613 2629 ribus
647 2575 993 2629 eductionem
1028 2589 1134 2628 una
1189 2589 1313 2629 cum
1355 2574 1470 2630 sole
1534 2575 1785 2644 parturit.
1832 2574 2047 2630 Eaedem

457 2665 598 2736 nigri
629 2666 833 2721 coloris
871 2681 995 2721 esse
1052 2666 1277 2730 debent,
1311 2666 1459 2735 quod
1507 2674 1652 2721 terra
1703 2675 1896 2721 natura
1946 2682 2047 2721 sua

455 2759 691 2815 obscura
733 2759 836 2825 sit;
891 2774 1121 2813 numero
1157 2767 1287 2824 tres,
1325 2761 1472 2829 quod
1523 2761 1799 2814 ternarius
1843 2775 2044 2827 corpo-

453 2864 602 2905 ream
636 2861 1020 2921 terrenamque
1048 2858 1304 2904 naturam
1351 2858 1720 2919 repraesentet.
1760 2848 1881 2904 Jam
1936 2861 2048 2905 ter-

455 2942 726 2998 restribus
760 2941 981 3012 quidem
1008 2958 1253 3007 sursum,
1298 2944 1405 2999 hoc
1433 2952 1540 3009 est,
1575 2943 1843 2998 altaribus
1872 2942 2047 3013 impo-

2150 1932 2219 1986 τὲ
2247 1932 2491 2003 σύμϐολα
2514 1934 2592 2005 τῷ
2625 1932 2901 2004 εὐσυνέτῳ
2930 1932 3099 2003 δῆλας
3140 1931 3462 2003 Τετράποδα
3494 1929 3595 2000 μὲν
3625 1927 3739 1999 γὰρ

2150 2027 2262 2088 τοῖς
2291 2022 2521 2096 χθονίοις
2564 2025 2658 2078 καὶ
2698 2027 2959 2096 χερσαῖα·
3003 2022 3083 2095 τῷ
3114 2024 3224 2094 γὰρ
3260 2023 3432 2094 ὁμοίῳ
3472 2019 3652 2093 χαίρει
3681 2019 3744 2075 τὸ

2150 2119 2335 2190 ὅμοιον
2355 2135 2370 2149 ·
2401 2118 2613 2189 χθόνιον
2634 2117 2691 2170 δὲ
2724 2117 2786 2171 τὸ
2812 2116 3102 2188 πρὸδατον,
3132 2116 3227 2170 καὶ
3250 2116 3339 2170 διὰ
3362 2114 3520 2170 τοῦτο
3552 2115 3743 2185 Δήμη-

2150 2228 2239 2282 τρι
2277 2210 2451 2281 φίλον,
2494 2212 2590 2265 καὶ
2622 2212 2681 2263 ὲν
2711 2210 2929 2282 οὐρανῷ
2962 2211 3062 2282 τὴν
3089 2210 3353 2279 ἓκφανσιν
3394 2210 3459 2261 ὲκ
3489 2206 3591 2277 τῆς
3635 2205 3742 2277 γῆς

2151 2303 2262 2357 τῶν
2309 2302 2539 2375 καρπῶν
2588 2303 2706 2373 μεθ’
2739 2303 2894 2374 ⁴ἡλίου
2934 2300 3179 2373 λοχεύει·
3243 2299 3452 2368 μέλανα
3493 2298 3604 2371 (55)
3644 2298 3739 2353 δέ·

2149 2393 2373 2464 τοιαύτη
2406 2394 2515 2467 γὰρ
2543 2398 2576 2464 ὴ
2611 2394 2681 2465 γῆ
2716 2393 2879 2465 φύσει
2921 2396 3171 2466 σκοτεινή
3194 2411 3209 2425 ·
3234 2394 3360 2465 τρία
3382 2393 3470 2451 δέ·
3503 2390 3599 2445 τοῦ
3629 2390 3742 2463 γὰρ

2153 2485 2467 2557 σωματικοῦ
2507 2486 2603 2540 καὶ
2637 2485 2874 2555 γεώδους
2897 2485 2967 2539 τά
3003 2487 3131 2558 τρία
3160 2486 3405 2557 σύμϐολα
3439 2484 3572 2555 (56).
3611 2485 3740 2546 Τοῖς

2154 2579 2253 2648 μὲν
2281 2574 2375 2633 οῦν
2427 2577 2754 2649 ἐπιχθονίοις
2796 2577 2909 2632 ἀνω
2943 2579 3035 2630 ἐπὶ
3072 2578 3253 2648 βωμὸν
3285 2578 3368 2631 δεῖ
3399 2576 3593 2631 θῦσαι·
3642 2575 3738 2628 ἐπὶ

2148 2669 2259 2741 γὰρ
2282 2669 2381 2740 τῆς
2411 2669 2515 2741 γῆς
2563 2668 2992 2740 ἀναστρέφονται
3037 2662 3224 2723 οὗτοι·
3265 2670 3377 2732 τοῖς
3415 2667 3459 2721 δ’
3505 2665 3738 2737 ὑποχθο-

2149 2761 2283 2824 νίοις
2309 2762 2367 2813 ἐν
2416 2760 2596 2832 βόθρῳ
2628 2762 2722 2814 καί⁵
2762 2762 2820 2813 ὲν
2864 2762 3034 2831 ταιεῇ,
3074 2759 3204 2813 ἔνθα
3246 2757 3621 2829 διατρίϐουσι·
3670 2755 3740 2808 τὰ

2148 2853 2326 2923 πτηνὰ
2371 2852 2430 2907 δὲ
2475 2857 2589 2917 τοῖς
2621 2853 2824 2917 ἀλλοις,
2875 2853 2958 2906 ὅτι
3004 2853 3183 2907 πάντα
3230 2852 3349 2906 θεῖ·
3383 2852 3478 2906 καὶ
3520 2849 3632 2924 γάρ
3677 2857 3742 2902 το

2148 2944 2292 3017 ὕδωρ
2320 2947 2630 3018 ἀεικίνητον
2662 2948 2761 3018 τῆς
2786 2946 3083 3017 θαλάσσης,
3118 2946 3285 3017 μέλαν
3313 2944 3372 2999 δέ
3391 2961 3404 2976 ·
3430 2944 3511 2999 διὸ
3542 2942 3635 2998 καὶ
3667 2939 3741 2994 τὰ

454 3036 573 3091 sita:
605 3034 800 3090 hostia:
855 3044 1186 3099 mactantur,
1239 3036 1387 3106 quod
1438 3035 1473 3089 ii
1505 3050 1673 3104 supra
1705 3043 1911 3089 terram
1946 3038 2044 3090 de-

2151 3036 2374 3092 τοιαῦτα
2435 3041 2609 3111 ἱερεῖα
2661 3039 2969 3111 πρόσφορα·
3015 3041 3133 3103 τοῖς
3179 3038 3237 3091 δὲ
3282 3037 3492 3109 ἀερίοις
3543 3033 3735 3089 λευκά·

458 3142 580 3198 gere
606 3128 1440 3193 consueverlnt;subterraneis
1489 3137 1697 3191 autem,
1756 3127 1811 3181 in
1863 3126 2041 3184 foveis

2151 3128 2484 3199 πεφώτισται
2525 3131 2636 3203 γὰρ
2677 3132 2772 3183 καὶ
2814 3130 2844 3183 ὁ
2886 3131 2998 3202 ἀὴρ
3040 3129 3255 3199 φύσεως
3282 3126 3359 3182 ὢν
3405 3125 3696 3197 διαφανοῦς
3721 3141 3735 3154 ·

454 3233 519 3272 ac
548 3218 836 3287 sepulcris,
891 3217 985 3272 ubi
1049 3217 1387 3273 volutantur.
1436 3219 1509 3273 At
1560 3234 1691 3273 vero
1717 3218 2039 3276 numinibus

2151 3222 2421 3294 οὐρανίοις
2449 3223 2507 3276 δὲ
2546 3223 2643 3278 καὶ
2676 3223 2939 3296 αἰθερίοις
2970 3222 3040 3276 τὰ
3071 3223 3165 3276 ἐπὶ
3201 3222 3308 3277 τῶν
3350 3220 3503 3286 ζώων
3538 3219 3738 3289 κουφό-

455 3309 685 3379 reliquis
710 3349 726 3375 ,
747 3308 893 3379 quod
920 3308 1105 3364 omnia
1154 3319 1418 3379 perpetuo
1459 3309 1707 3366 ferantur
1726 3328 1916 3377 cursu,
1950 3327 2046 3364 vo-

2151 3333 2304 3387 τερα,
2360 3317 2501 3387 ἀπερ
2559 3298 2707 3370 ἐστὶν
2758 3317 2924 3387 ἄκρα,
2968 3311 3051 3379 οἷς
3098 3317 3375 3369 κοινωνεῖν
3418 3313 3517 3385 τῆς
3547 3312 3738 3376 θυσίας

456 3401 636 3457 lu'cres
667 3392 1025 3456 immolantur
1056 3418 1071 3454 :
1102 3417 1231 3456 nam
1255 3402 1469 3457 marina
1498 3403 1722 3473 quidem
1749 3420 1893 3475 aqua
1946 3420 2048 3460 nec

2151 3409 2262 3462 δεῖ·
2298 3410 2523 3482 δοτῆρες
2557 3411 2665 3485 γὰρ
2695 3407 2841 3466 οῦτοι
2868 3410 3121 3479 ἀγαθῶν·
3156 3414 3205 3465 οἱ
3233 3411 3291 3465 δὲ
3320 3409 3471 3465 ἄλλοι
3492 3410 3603 3463 τῶν
3632 3425 3736 3463 κα-

452 3502 665 3548 motum
696 3507 936 3562 unquam
970 3492 1302 3561 intermittit,
1344 3503 1400 3550 et
1434 3494 1653 3565 nigrum
1700 3497 1767 3551 ad
1806 3496 2046 3552 colorem

2152 3498 2265 3553 κῶν
2302 3500 2636 3575 κωλυτῆρες.
2679 3523 2697 3555 ι
2735 3502 2974 3557 Τοιαῦτα
3008 3503 3109 3575 μὲν
3138 3503 3207 3557 τὰ
3245 3503 3355 3558 ἀπὸ
3395 3503 3497 3575 τῆς
3530 3498 3601 3553 ἐκ
3623 3500 3731 3551 ,ιο-

456 3584 688 3649 aecedit,
728 3599 841 3654 quo
877 3583 968 3651 fit,
1026 3592 1086 3640 ut
1131 3584 1251 3654 ejus
1279 3587 1504 3640 numina
1557 3587 1767 3643 similes
1812 3589 2050 3645 victima:

2151 3588 2208 3656 τί
2210 3607 2293 3644 ων
2309 3592 2674 3661 Φιλοσοφίας
2686 3593 2781 3647 τοῦ
2791 3593 3107 3667 θαυμαστοῦ
3138 3592 3418 3665 θεοσὸφου.

453 3678 683 3734 deceant
716 3678 902 3732 :aeria
938 3693 1091 3745 vero,
1149 3680 1415 3743 eandidaa.
1447 3682 1595 3752 quod
1647 3698 1741 3737 aer
1780 3685 2065 3754 pellucidae
2103 3696 2315 3743 natura:
2378 3703 2505 3743 cum
2541 3688 2634 3755 sit,
2692 3688 2902 3746 lumine
2949 3691 3109 3748 facile
3163 3690 3539 3766 perfundatur.
3590 3689 3735 3745 Prm-

457 3784 598 3832 terea
627 3775 941 3832 caelestibus
985 3777 1340 3849 aztheriisque
1381 3779 1489 3834 diis
1539 3794 1771 3835 summa:
1816 3782 2181 3838 animantium
2236 3793 2443 3855 partes,
2501 3793 2688 3855 utpote
2730 3787 2977 3843 omnium
3029 3789 3319 3844 levissimae
3387 3787 3723 3849 otl‘eruntur;

454 3880 512 3926 et
541 3886 667 3925 cum
703 3870 771 3926 iis
801 3870 856 3925 in
912 3871 1169 3926 sacrificii
1205 3873 1525 3929 societatem
1590 3875 1845 3933 homines
1910 3890 2198 3945 vocantur,
2247 3880 2393 3950 quod
2430 3881 2533 3951 ipsi
2569 3881 2838 3935 bonorum
2897 3892 3152 3940 auctores
3217 3886 3347 3947 sint.
3399 3885 3592 3953 reliqui
3640 3884 3730 3936 «le-

456 3967 709 4037 pulsores
784 3967 1080 4024 malorum.
1119 3987 1139 4021 ι
1188 3968 1467 4026 llaetenus
1524 3972 1774 4042 egregius
1825 3973 2024 4029 divina:
2080 3976 2362 4047 sapientiae
2400 3988 2605 4051 mystes
2641 3979 2695 4033 in
2738 3979 2805 4034 iis
2849 3995 2973 4050 qua:
3010 3979 3084 4035 De
3134 3971 3470 4027 oraculorum
3496 3972 3729 4043 ρΙιίιοευ·

462 4066 586 4131 phia
625 4062 869 4135 scripsit.

1077 4156 1310 4215 CAPUT
1356 4156 1425 4213 Χ.

459 4270 596 4325 Deos
622 4287 726 4326 non
757 4287 890 4340 esse,
933 4280 1190 4345 quotquot
1246 4273 1565 4326 animalium
1616 4276 1900 4345 sacriﬁciis
1959 4279 2050 4332 de-

1109 4343 1395 4398 Iactantur.

526 4454 684 4512 Nune
715 4466 922 4521 autem,
961 4473 1084 4528 qua:
1116 4459 1259 4514 idem
1297 4459 1462 4515 habet
1531 4460 1585 4513 in
1616 4476 1720 4516 suo
1777 4460 1854 4515 De
1877 4461 2045 4515 absti-

460 4548 640 4602 nentia
672 4565 704 4600 a
734 4548 885 4602 rebus
935 4550 1189 4604 animatis
1215 4565 1401 4620 opere,
1433 4567 1559 4605 cum
1605 4553 1877 4622 superiori
1916 4568 2045 4606 ora-

460 4640 608 4693 tione
641 4639 940 4693 committe.
962 4638 1038 4693 lbi
1071 4641 1219 4695 enim
1269 4650 1420 4697 recto
1469 4643 1632 4713 plane
1664 4659 1911 4714 sanoque
1951 4644 2048 4699 ad-

460 4730 659 4785 ductus
687 4730 940 4795 consilio,
988 4747 1091 4787 nec
1138 4730 1310 4786 Deum
1346 4743 1760 4803 prchotentem,
1810 4751 1910 4791 nec
1959 4751 2047 4791 se-

460 4821 670 4876 cundas
718 4822 788 4877 ab
842 4838 909 4877 eo
957 4824 1210 4879 caelestes
1249 4825 1573 4895 divinasque
1632 4827 1879 4891 virtutes,
1937 4828 2048 4883 ullo

461 4930 687 4984 prorsus
717 4923 812 4969 aut
852 4914 1064 4971 sullitus
1121 4924 1216 4970 aut
1268 4918 1521 4972 sacrificii
1557 4934 1755 4985 genere
1792 4919 2049 4975 colendas

461 5022 605 5071 esse,
639 5008 895 5063 universe
947 5018 1073 5064 ante
1100 5010 1283 5065 omnia
1338 5013 1642 5083 prolitetur.
1684 5011 1889 5068 Deinde
1924 5029 2051 5083 pro-

463 5114 688 5167 gressus
734 5100 985 5165 ulterius,
1034 5102 1179 5172 vulgi
1211 5104 1499 5173 opiniones
1556 5104 1630 5160 ita
1672 5102 1870 5159 refellit
1896 5119 2052 5161 ever-

465 5190 658 5258 titque,
692 5198 749 5246 ut
785 5206 882 5245 eos
912 5205 1015 5260 pro
1041 5192 1150 5248 diis
1177 5193 1458 5249 habendos
1512 5209 1633 5249 esse
1676 5204 1857 5263 neget,
1884 5203 2048 5266 quot-

464 5290 600 5351 quot
625 5282 944 5338 animalium
999 5285 1290 5341 sacrilieiis
1318 5285 1697 5341 delectentur:
1742 5302 1869 5341 cum
1904 5287 2048 5342 enim

467 5378 708 5423 mactare
751 5370 911 5442 148
947 5373 1273 5439 animantia,
1326 5391 1412 5431 res
1444 5375 1515 5431 sit
1537 5378 1782 5432 omnium
1814 5376 2050 5448 iniquis-

708 5591 835 5658 Τοῖς
863 5592 950 5666 δέ.
993 5593 1171 5666 Malim
1201 5596 1515 5666 conjuncte,
1550 5598 1745 5652 τοῖσδε.

546 5661 660 5726 (55)
702 5663 975 5731 Λοχεύει·
1018 5665 1264 5741 Μέι-ιιςιςα
1307 5661 1408 5741 es.
1448 5666 1521 5741 Ita
1575 5679 1720 5741 recte
1766 5669 2050 5741 distinguit

474 5730 610 5781 alter
635 5746 666 5783 ο
704 5730 1004 5812 manuscr._;
1042 5737 1133 5787 sed
1168 5736 1304 5789 idem
1332 5737 1539 5812 χολεύει
1576 5755 1673 5806 pro
1698 5739 1907 5810 λοχεύει
1929 5730 2050 5812 per-

476 5815 660 5868 peram
708 5803 854 5873 legit.
896 5802 1131 5859 Arietcm
1179 5802 1376 5873 porro,
1422 5802 1704 5879 signo-rum
1740 5802 1793 5866 iii
1827 5802 2049 5868 zodiaco

2686 4158 3085 4214 ΚΕΦΑΛΑῘΟΝ
3144 4162 3201 4214 ι’.

2153 4254 2286 4307 Ὅτι
2326 4252 2439 4307 οὐκ
2485 4248 2563 4305 ἂν
2601 4244 2727 4305 εἷεν
2781 4251 2924 4314 θεοὶ,
2977 4253 3110 4320 ταῖς
3158 4251 3255 4308 διὰ
3293 4251 3450 4314 ζὶἱιων
3490 4251 3731 4319 θυσίαις

2763 4322 3098 4391 χαίροντες.

2213 4435 2351 4507 Φέρε
2378 4433 2458 4497 δὲ,
2483 4433 2649 4489 αὑτοῦ
2681 4436 2783 4500 τὰς
2804 4438 3055 4502 ἐναντίας
3076 4438 3268 4491 τούτου
3291 4438 3481 4507 φωνὰς
3509 4438 3728 4511 σύγκρι-

2150 4543 2260 4590 νον,
2294 4525 2361 4590 ἃς
2385 4525 2623 4580 τέθειται
2651 4526 2708 4581 ἐν
2735 4523 2816 4592 οἷς
2850 4528 3131 4601 ἐπέγραψε
3174 4530 3314 4599 Περὶ
3353 4529 3463 4599 τῆς
3487 4530 3606 4584 τῶν
3636 4530 3733 4601 ἐμ-

2152 4619 2368 4689 ψύχων
2389 4616 2644 4687 ἀποχῆς.
2676 4619 2848 4674 Ἔνθα
2869 4619 2933 4692 δὴ
2962 4620 3110 4694 ὀρθῷ
3130 4620 3375 4694 λογισμῷ
3396 4622 3543 4676 κινού
3554 4640 3732 4693 μενος,

2151 4711 2367 4783 πρῶτον
2394 4712 2650 4767 ἁπάντων
2681 4713 2933 4785 ὁμολογεῖ
2964 4715 3038 4785 μὴ
3071 4715 3184 4768 δεῖν
3216 4713 3276 4767 τὸ
3306 4714 3535 4769 καθόλου
3567 4715 3735 4786 μηδὲν

2155 4805 2289 4875 μήτε
2330 4804 2553 4876 θυμιᾷν,
2607 4807 2745 4877 μήτε
2802 4807 2949 4859 θύειν
2991 4806 3069 4877 τῷ
3101 4808 3194 4860 ἐπὶ
3242 4809 3375 4861 πᾶσι
3420 4807 3559 4879 Θεῷ·
3601 4806 3735 4861 ἀλλά

2154 4897 2288 4967 μηδὲ
2311 4900 2431 4962 ταῖς
2463 4897 2581 4977 μετ’
2609 4898 2773 4952 αὐτὸν
2801 4899 2973 4964 θείαις
2996 4901 3090 4954 καὶ
3116 4900 3394 4972 οὐρανίαις
3420 4900 3733 4972 δυνάμεσιν,

2151 4982 2283 5041 Εἶτα
2325 4988 2382 5042 δὲ
2434 4988 2666 5056 ἐπεξιὼν
2710 4990 2809 5055 τὰς
2850 4990 2959 5044 τῶν
3006 4991 3218 5045 πολλῶν
3262 4990 3581 5063 ὑπολήψεις,
3608 4992 3734 5045 ἀνα-

2151 5081 2426 5146 σκευάζει,
2475 5081 2549 5155 μὴ
2600 5082 2797 5154 χρῆναι
2849 5083 3075 5151 φάσκων
3122 5084 3278 5149 θεοὺς
3330 5083 3737 5155 ὑπολαμϐάνειν

2150 5173 2275 5237 τοὺς
2306 5175 2425 5238 ταῖς
2468 5173 2555 5229 διά
2598 5173 2753 5238 ζώων
2800 5176 3012 5240 θυσίαις
3068 5174 3390 5247 χαίροντας·
3445 5172 3583 5229 εἶναι
3629 5174 3737 5246 γάρ

2152 5282 2285 5336 φησι
2317 5266 2535 5320 πάντων
2584 5265 2919 5321 ἀδικώτατον
2946 5267 3007 5321 τὸ
3049 5265 3356 5332 ζωοθυτεῖν,
3394 5269 3483 5321 καὶ
3524 5266 3737 5321 ἀνόσιον

2152 5359 2243 5411 καὶ
2294 5359 2559 5432 μυσαρὸν,
2609 5358 2702 5412 καὶ
2754 5358 3037 5431 βλαὸερὸν,
3088 5361 3182 5413 καὶ
3233 5358 3324 5412 διά
3388 5358 3547 5413 τοῦτο
3601 5355 3737 5428 μηδὲ

2152 5602 2475 5674 principem,
2504 5600 2701 5674 innuit.

2222 5672 2343 5741 (36f
2380 5672 2463 5756 Τιξ
2489 5672 2619 5756 ςρία
2651 5672 2947 5756 stupeam.
2988 5672 3068 5726 An
3120 5674 3266 5755 quod
3319 5674 3590 5756 ternarius
3631 5688 3733 5725 nu-

2362 5743 2599 5850 so’lidum
2627 5739 2856 5813 aliquid,
2876 5739 3267 5815 communique
3289 5745 3507 5801 vinculo
3531 5758 3731 5800 nexum

2154 5828 2203 5866 γι
2247 5829 2307 5869 ea
2339 5830 2401 5869 ur
2422 5854 2434 5867 .
