4156 6416
430 367 536 421 257
1226 436 1241 451 ο
1558 364 1882 421 ΡιιΑεΡΑιι.
1926 367 2071 421 EVA?

2091 366 2176 421 te.
2215 365 2343 421 LIB.
2381 366 2471 421 tv.
3569 372 3675 428 εδει
3730 340 3732 343 ’

429 487 571 547 θεοῖς
618 484 929 556 προσφιλές.
975 484 1158 539 Ταῦτα
1197 485 1392 554 λέγων,
1443 484 1599 556 δῆλος
1650 484 1716 538 ἂν
1767 483 1852 555 εἴη
1911 484 2004 537 τὸν
2032 489 2070 545 Α

2037 489 2074 545 Α
2107 484 2268 549 sima,
2293 500 2567 555 quamque
2603 494 2662 539 ut
2711 486 3004 556 impietatis
3050 500 3104 544 et
3151 490 3301 545 exitii
3332 490 3545 560 plenam
3581 491 3678 544 de-

428 578 624 631 ἑαυτοῦ
665 578 798 631 Θεὸν
837 576 1184 648 ἀπελέγχωνο
1232 576 1588 647 προστάττειν
1631 574 1739 646 γὰρ
1797 574 2003 646 ἀρτίως

2103 576 2288 629 testari
2339 592 2531 631 omnes
2590 579 2972 648 exsecrarique
3018 580 3285 648 debeant;
3342 583 3501 651 longe
3550 597 3678 651 pro-

427 672 597 741 ἔφησε
649 670 743 723 τὸν
807 671 1053 741 χρησμὸν
1113 671 1187 741 μὴ
1248 669 1407 740 μόνον
1482 672 1594 733 τοῖς
1668 668 2003 739 ὑποχθονίοις

2101 666 2242 722 fecto
2285 668 2496 731 abesse,
2537 669 2642 723 diis
2676 677 2735 722 ut
2765 670 2979 738 placere
3031 684 3214 741 queat.
3264 672 3396 740 Quae
3426 674 3555 727 dum
3588 675 3677 727 ille

430 762 593 825 θεοῖς,
620 760 758 815 ἀλλὰ
796 763 890 815 καὶ
925 765 1039 824 τοῖς
1080 761 1303 832 ἀερίοις,
1334 760 1605 832 οὐρανίοις
1636 778 1694 813 τε
1721 761 1814 813 καὶ
1853 759 2002 813 αἰθε-

2099 760 2437 829 pronuntiat,
2468 778 2628 815 suum
2685 763 2753 815 ab
2778 764 2894 831 ipso
2928 762 3095 817 Deum
3134 764 3455 833 reprehendi
3488 781 3553 819 ac
3589 781 3677 819 re-

433 852 566 922 ρίοις
595 850 709 916 ζῶα
735 850 902 905 θύειν.
937 852 1046 905 Καὶ
1067 852 1095 904 ό
1125 851 1222 923 μὲν
1272 839 1543 904 Ἂπόλλων
1580 848 1805 903 τοιαῦτα
1825 865 1840 879 ⁸
1877 849 1905 900 ὁ
1943 848 1999 901 δὲ

2098 849 2286 921 dargui
2311 867 2470 905 nemo
2494 868 2602 906 non
2638 854 2817 919 videt;
2855 870 2978 908 cum
3042 857 3264 910 oraculo
3304 856 3481 925 juberi
3510 858 3674 927 paulo

435 942 522 996 τὸν
563 940 907 1013 Θεόφραστον
958 941 1388 1012 μαρτυρόμενος,
1433 940 1574 1003 θεοῖς
1608 941 1705 1012 μὲν
1733 939 1794 992 οὐ
1834 955 1998 1009 φησιν

2099 951 2222 993 ante
2245 940 2466 1005 dixerit,
2523 943 2596 995 uti
2629 959 2734 996 non
2781 944 3155 1000 subterraneis
3203 947 3363 1001 modo
3402 947 3675 1002 terrestri-

429 1032 687 1104 ἁρμόζειν
726 1031 823 1103 τὴν
850 1031 938 1086 διὰ
985 1030 1140 1096 ζώων
1172 1031 1384 1094 θυσίαν,
1431 1031 1651 1100 δαίμοσι
1689 1030 1747 1082 δὲ
1791 1032 1991 1100 μόνοις*

2098 1028 2308 1100 busque
2360 1032 2486 1094 diis,
2519 1034 2612 1087 sed
2665 1036 2828 1088 etiam
2883 1036 3066 1103 aeriis,
3112 1038 3445 1101 caelestibus,
3504 1040 3672 1094 aethe-

429 1121 567 1174 ὥστε
597 1120 740 1175 κατά
769 1121 858 1174 τὸν
888 1119 1054 1175 αὐτοῦ
1089 1120 1183 1174 καὶ
1213 1121 1559 1192 Θεοφράστου
1588 1120 1744 1189 λόγον
1769 1119 1996 1190 δαίμονα

2096 1116 2305 1187 riisque
2334 1120 2650 1175 numinibus
2677 1123 3361 1182 animantesimmolentur.
3397 1126 3463 1181 Et
3482 1127 3672 1197 Apollo

427 1209 585 1279 εἶναι,
617 1213 731 1266 ἀλλ’
758 1214 819 1268 οὐ
858 1212 979 1267 θεὸν
1010 1214 1103 1266 τὸν
1142 1213 1450 1267 Ἀπόλλωνα
1472 1230 1486 1243 ο
1515 1214 1576 1266 οὐ
1604 1214 1709 1285 μὴν
1737 1212 1874 1266 ἀλλὰ
1904 1213 1997 1267 καὶ

2095 1209 2317 1279 quidem
2342 1210 2446 1265 ista
2471 1214 2714 1282 pnecipit
2748 1231 2761 1266 :
2789 1224 2976 1269 contra
3017 1231 3146 1270 vero
3168 1217 3525 1288 philosophus
3548 1220 3672 1272 lau-

427 1305 634 1369 πάντας
678 1306 821 1369 τοὺς,
847 1304 999 1376 παρά
1031 1307 1163 1359 πᾶσι
1199 1307 1312 1368 τοῖς
1355 1304 1533 1358 ἔθνεσι
1576 1306 1996 1375 νενομισμένους

2094 1301 2223 1357 dato
2289 1303 2453 1358 etiam
2495 1302 2857 1375 Theophrasti
2915 1309 3245 1368 testimonio.
3297 1312 3403 1367 diis
3461 1317 3672 1365 anima-

426 1396 599 1462 θεοὺς,
623 1395 705 1461 οἷς
728 1398 826 1461 τὰς
847 1398 934 1451 διὰ
967 1396 1120 1462 ζώων
1153 1396 1345 1461 θυσίας
1373 1398 1642 1469 πανδημεὶ
1673 1399 1874 1461 πάντες
1896 1397 1995 1469 ἀρ-

2095 1389 2227 1444 lium
2256 1393 2526 1448 sacriﬁcia
2557 1395 2846 1451 convenire
2888 1407 3067 1469 negat,
3097 1397 3190 1452 sed
3226 1407 3434 1454 tantum
3465 1400 3669 1456 daemo-

424 1487 608 1558 χοντές
638 1505 699 1541 τε
732 1489 827 1541 καὶ
861 1487 1152 1559 ἀρχόμενοι
1183 1488 1325 1541 κατά
1357 1504 1417 1539 τε
1451 1487 1633 1551 πόλεις
1673 1487 1766 1540 καὶ
1809 1486 1994 1559 χώρας

2093 1483 2285 1551 nibus;
2319 1500 2385 1539 ex
2431 1501 2540 1555 quo
2566 1487 2754 1557 utique
2780 1488 3026 1557 sequitur
3053 1488 3355 1558 Apollinem
3388 1491 3670 1562 utriusque

422 1579 697 1633 ἐκτελοῦσι
717 1596 732 1609 ο
768 1580 989 1643 τούτους
1011 1581 1118 1651 γὰρ
1149 1578 1255 1632 οὐδ’
1280 1578 1408 1633 ἄλλο
1433 1596 1484 1632 τι
1523 1579 1810 1650 τυγχάνειν
1839 1580 1993 1650 ἠγεῖ-

2093 1577 2362 1630 sententia
2421 1592 2528 1632 non
2596 1578 2758 1633 deum
2802 1594 2961 1644 esse,
3015 1580 3110 1634 sed
3172 1579 3514 1649 daemonem;
3568 1598 3669 1638 nec

423 1666 545 1720 σθαι
585 1668 690 1739 χρὴ
723 1668 864 1722 κατά
905 1668 1031 1732 τοὺς
1062 1669 1384 1739 εἰρημένους
1424 1668 1458 1739 ἢ
1508 1667 1783 1739 δαίμονας.
1830 1669 1893 1721 Et
1935 1669 1993 1722 δὲ

2091 1663 2397 1737 Apollinem
2452 1669 2636 1736 modo,
2662 1670 2755 1724 sed
2780 1671 2944 1724 etiam
2975 1678 3244 1740 quotquot
3291 1673 3433 1741 apud
3479 1681 3668 1742 gentes

421 1758 656 1825 ἀγαθοὺς
685 1753 820 1811 εἷναί
848 1775 1011 1827 φασιν
1040 1759 1259 1821 αὐτοὺς,
1293 1757 1387 1811 καὶ
1415 1758 1552 1822 πῶς,
1588 1758 1745 1829 εῖπερ
1780 1758 1992 1821 ἀνόσιος
2023 1819 2062 1832 ἢ

2024 1819 2063 1832 __
2093 1759 2380 1814 universas
2430 1767 2692 1829 putantur
2720 1761 2816 1826 dii,
2848 1761 3049 1832 quibus
3091 1762 3296 1831 passim
3337 1779 3529 1818 omnes
3555 1773 3665 1817 tam

516 1849 608 1902 καὶ
637 1819 873 1921 ήμυσαρά
915 1850 1010 1903 καὶ
1038 1819 1336 1921 ὲπιδλάόὴς
1374 1851 1408 1920 ἡ
1442 1819 1776 1919 δι’-αἱμάτων
1806 1819 1986 1913 θυσία,
2023 1819 2059 1877 Β

2025 1819 2065 1877 Β
2093 1850 2370 1922 principes
2391 1819 2555 1922 quam
2598 1819 2813 1923 pepuli.
2846 1819 2943 1922 per
2968 1819 3132 1909 urbes
3162 1870 3368 1924 perque
3399 1870 3567 1926 pagos
3599 1869 3666 1908 ex

420 1939 614 2009 ἁγαθοὶ
644 1940 710 1994 ἂν
740 1936 847 1994 εἶεν
878 1942 927 1993 οἱ
958 1944 1069 2004 τοῖς
1101 1940 1326 1993 τοιοῖσδε
1358 1940 1677 2012 χαίροντες;
1714 1940 1776 1993 Εἰ
1811 1940 1869 1993 δὲ
1898 1942 1992 1994 καὶ

2091 1941 2426 1997 animalibus
2483 1942 2754 1998 sacriﬁcia
2780 1941 3011 1998 faciunt.
3068 1942 3204 1998 Nam
3251 1944 3386 1999 istos
3421 1958 3662 2014 quoque,

424 2032 498 2103 μὴ
543 2032 733 2103 μόναις
765 2035 886 2096 ταῖς
917 2031 1192 2095 τοιαύταις
1218 2030 1283 2104 δὴ
1313 2030 1547 2097 θυσίαις,
1592 2031 1713 2085 καθ’
1758 2031 1993 2104 ὑπερϐο-

2091 2033 2136 2087 si
2176 2040 2469 2099 utrumque
2531 2034 2916 2104 philosophum
2979 2036 3292 2099 audiamus,
3347 2036 3494 2091 aliud
3545 2053 3667 2092 esse

418 2122 515 2194 λὴν
552 2122 610 2177 δὲ
634 2122 915 2194 ὠμότητος
944 2123 1039 2178 καὶ
1064 2122 1457 2195 ἀπανθρωπίας
1488 2125 1674 2193 φανεῖν
1694 2122 1991 2194 ἀνδροκτα-

2090 2124 2224 2177 nihil
2257 2124 2572 2179 existimare
2594 2140 2694 2180 nos
2718 2133 2952 2194 oportet,
2982 2140 3146 2194 quam
3168 2125 3464 2181 daemones.
3480 2126 3667 2181 Enim-

422 2211 563 2276 σίαις
593 2211 690 2266 καὶ
730 2212 1202 2285 ἀνθρωποθυσίαις
1237 2212 1510 2283 ἡδόμενοι,
1558 2211 1676 2277 πῶς
1709 2213 1808 2265 οὐκ
1845 2212 1991 2266 ἄντι-

2089 2229 2222 2269 vero
2253 2215 2300 2271 si
2328 2215 2501 2271 bonos
2530 2216 2751 2272 eosdem
2781 2231 2903 2272 esse
2940 2217 3199 2283 dixerint,
3223 2216 3661 2287 quandoquidem

417 2318 553 2370 κρυς
603 2296 714 2356 εἷεν
755 2301 821 2357 ἂν
873 2302 1166 2373 μιαιφόνοι,
1214 2301 1308 2354 καὶ
1354 2301 1534 2372 πάσης
1571 2300 1851 2372 ὠμότητος
1894 2298 1990 2353 καὶ

2088 2304 2290 2361 infecta
2312 2308 2577 2377 sanguine
2604 2307 2899 2373 sacriﬁcia,
2946 2302 3266 2380 impietatis,
3305 2309 3572 2375 horroris,
3603 2321 3658 2362 et

416 2394 806 2468 ἀπανθρωπίας
831 2397 1042 2458 οἰκεῖοι,
1070 2395 1164 2449 καὶ
1195 2393 1345 2448 οὐδὲν
1378 2393 1508 2448 ἄλλο
1534 2394 1567 2465 ἢ
1608 2395 1837 2465 πονηροὶ
1869 2394 1988 2448 δαί-

2087 2398 2243 2453 exitii
2309 2399 2468 2468 plena
2499 2408 2647 2466 sunt,
2678 2400 2878 2469 quibus
2929 2401 3031 2456 ista
3082 2402 3352 2472 placeant,
3388 2400 3516 2456 boni
3543 2416 3665 2458 esse

420 2504 615 2556 μονες;
664 2487 881 2542 Τούτων
930 2487 989 2540 δὲ
1032 2489 1163 2559 ἡμῖν
1208 2485 1307 2558 τὴν
1353 2484 1631 2553 ἀπόδειξιν
1669 2485 1985 2557 εἰληχότων,

2088 2489 2183 2558 qui
2216 2490 2466 2559 possint?
2505 2490 2664 2556 Quod
2696 2491 2743 2546 si
2778 2507 2887 2546 non
2917 2493 3194 2563 ejusmodi
3225 2504 3437 2549 tantum
3492 2496 3666 2552 sacri-

417 2574 567 2648 οἷμαι
587 2580 683 2651 τῆς
708 2579 981 2651 ἡμετέρας
1004 2581 1069 2633 ὲκ
1090 2576 1197 2631 τῶν
1219 2577 1563 2649 δηλουμένων
1587 2579 1990 2651 ἀναχωρήσεως

2088 2581 2252 2647 liciis,
2278 2597 2465 2638 verum
2499 2586 2664 2639 etiam
2692 2584 2760 2640 ad
2792 2585 3134 2642 crudelitatis
3176 2587 3358 2642 omnis
3386 2596 3441 2642 et
3472 2587 3666 2643 imma-

415 2670 476 2723 τὸ
522 2669 745 2741 εὔλογον
780 2670 1152 2727 ἀποδεδόσθαι.
1186 2672 1279 2745 Μὴ
1320 2673 1429 2744 γὰρ
1478 2667 1620 2724 εἶναι
1651 2671 1819 2735 ὅσιον,
1863 2669 1988 2741 μηδ’

2088 2676 2288 2735 nitatis
2342 2681 2647 2744 cumulum,
2700 2679 2943 2734 virorum
2997 2679 3203 2749 pariter
3263 2694 3329 2735 ac
3374 2679 3663 2734 mulierum

415 2763 657 2828 εὐσεϐὲς,
677 2761 751 2835 μὴ
770 2764 853 2817 ὅτι
876 2764 975 2835 τὴν
999 2764 1095 2818 τοῦ
1117 2764 1249 2818 Θεοῦ
1276 2764 1569 2834 σεϐάσμιον
1589 2760 1984 2834 προσηγορίαν,

2082 2766 2330 2821 caedibus
2353 2766 2653 2823 delectatos
2696 2782 2794 2823 eos
2821 2782 2945 2823 esse
2993 2768 3384 2833 ostendemus;
3413 2767 3546 2837 quid
3571 2783 3665 2823 su-

418 2853 513 2906 καὶ
549 2854 650 2926 τὴν
692 2853 952 2908 ἀνωτάτω
993 2852 1160 2924 τιμὴν
1200 2855 1294 2908 ἐπὶ
1328 2852 1401 2907 τὰ
1440 2853 1656 2924 πονηρὰ
1697 2851 1987 2922 πνεύματα

2092 2863 2291 2923 perest,
2322 2855 2424 2909 nisi
2458 2864 2518 2909 ut
2542 2856 2705 2911 iidem
2734 2865 2789 2911 et
2811 2856 3122 2924 parricidiis
3152 2855 3406 2919 infames,
3428 2866 3481 2910 et
3511 2860 3658 2912 omni

417 2942 794 3008 καταϐάλλειν,
842 2943 978 2997 ἀλλὰ
1025 2944 1161 3016 μηδὲ
1213 2943 1307 2997 τοῦ
1351 2943 1481 3014 παρ’
1533 2941 1841 3015 ἀνθρώποις
1886 2942 1986 3014 τὴν

2089 2945 2306 3001 diritate
2335 2945 2621 3011 teterrimi,
2655 2945 2887 3015 denique
2916 2946 3052 2999 nihil
3095 2946 3245 3001 aliud
3293 2945 3401 3000 nisi
3431 2946 3656 3015 pessimi

418 3034 687 3106 βασίλειον
714 3036 1024 3106 ἐπιειμένον
1050 3036 1206 3100 ἀξίαν
1228 3035 1454 3110 λῃσταῖς
1488 3034 1581 3088 καὶ
1603 3032 1986 3105 τυμϐωρύχοις

2089 3038 2366 3093 daemones
2393 3038 2515 3092 luce
2532 3038 2711 3106 palam
2757 3037 3102 3093 habeantur?
3126 3036 3246 3091 Jam
3270 3052 3401 3092 vero
3427 3051 3553 3092 cum
3585 3038 3665 3093 ita

417 3124 774 3197 περιτιθέναι.
825 3123 986 3179 Ὅθεν
1022 3126 1183 3195 ἡμεῖς
1215 3123 1374 3195 μόνον
1396 3121 1488 3175 τὸν
1520 3119 1613 3172 ἐπὶ
1648 3120 1867 3217 πάντων
1894 3119 1985 3172 σέσ-
2013 3159 2057 3217 C

2024 3159 2057 3217 Β
2090 3143 2150 3182 se
2187 3142 2303 3183 rem
2340 3127 2539 3182 habere
2570 3126 2856 3196 probatum
2885 3141 2917 3180 a
2945 3127 3105 3183 nobis
3145 3143 3210 3182 ac
3231 3128 3665 3183 demonstratum

417 3218 533 3271 ϐειν
560 3216 931 3287 δεδιδαγμένοι
964 3216 1119 3281 Θεὸν,
1156 3217 1321 3287 τιμᾷν
1360 3231 1419 3268 τε
1454 3214 1596 3268 κατὰ
1620 3210 1680 3267 τὸ
1712 3213 1988 3285 προσῆκον
2022 3210 2056 3217 ⁷

2022 3210 2056 3217 *
2090 3219 2276 3285 fuerit,
2308 3218 2473 3273 simul
2508 3221 2672 3274 etiam
2719 3222 2974 3276 omnibus
3004 3228 3261 3276 constare
3291 3219 3486 3274 debere
3513 3220 3657 3275 arbi-

417 3311 510 3364 καὶ
540 3310 639 3374 τὰς
665 3310 802 3382 ἀμφ’
824 3309 987 3363 αὐτὸν
1024 3307 1291 3377 θεοφιλεῖς
1315 3322 1373 3360 τε
1406 3303 1507 3360 καῖ
1529 3305 1805 3376 μακαρίας
1830 3305 1990 3360 δυνάμ-

2087 3322 2206 3366 tror
2231 3320 2433 3368 nostra:
2461 3312 2531 3366 ab
2564 3312 2672 3367 isto
2728 3311 2876 3366 cultu
2927 3311 3282 3367 discessionis
3325 3310 3654 3379 (equitatem.

421 3419 561 3472 μεις,
589 3402 740 3455 οὐδὲν
770 3401 870 3472 μὲν
901 3399 1104 3470 γεῶδες
1127 3399 1221 3452 καὶ
1244 3398 1457 3469 νεκρὸν,
1488 3397 1611 3450 οὐδὲ
1635 3395 1866 3467 λύθρους
1893 3399 1983 3450 καὶ

2087 3401 2253 3460 Nefas
2293 3404 2439 3458 enim
2477 3405 2814 3474 impiumque
2867 3402 3003 3458 foret
3032 3418 3141 3457 non
3181 3402 3359 3457 dicam
3394 3416 3661 3457 veneran-

413 3495 638 3565 αἵματα,
674 3493 795 3548 οὐδέ
815 3510 868 3547 τι
890 3493 992 3564 τῆς
1016 3492 1262 3565 φθαρτῆς
1293 3492 1389 3545 καὶ⁸
1414 3489 1609 3560 ὑλικῆς
1631 3490 1821 3554 οὐσίας
1852 3494 1988 3544 ἐπα-

2086 3493 2215 3548 dum
2234 3494 2365 3549 illud
2392 3493 2485 3549 Dei
2502 3509 2723 3558 nomen,
2761 3495 3135 3564 honoremque
3150 3509 3426 3550 summum
3459 3496 3527 3550 ad
3555 3495 3662 3549 im-

413 3585 638 3657 γόμεθα·
669 3586 747 3656 νῷ
780 3586 838 3639 δὲ
868 3586 1048 3657 πάσης
1083 3582 1480 3654 κεκαθαρμένῳ
1517 3579 1719 3647 κακίας
1754 3583 1853 3635 καὶ
1876 3580 1984 3634 σώ-

2084 3587 2288 3659 probos
2343 3588 2567 3656 spiritus
2610 3587 2877 3656 abjicere:
2905 3588 3000 3643 sed
3043 3590 3127 3643 vel
3172 3604 3297 3644 eum
3336 3588 3538 3658 ipsum,
3565 3587 3658 3658 qui

416 3696 548 3749 ματι
575 3678 667 3731 τὸν
692 3678 750 3745 εξ
773 3679 995 3746 ἁγνείας
1025 3677 1118 3733 καὶ
1156 3674 1511 3747 σωφροσύνης
1540 3674 1768 3747 κόσμον,
1803 3675 1984 3744 πάσης

2085 3680 2296 3735 homini
2344 3679 2493 3752 regia
2535 3679 2801 3749 dignitate
2851 3680 3130 3748 praestanti
3178 3679 3462 3743 debeatur,
3488 3678 3659 3733 latro-

412 3770 790 3843 λαμπρότερον
832 3770 960 3823 ὄντα
1003 3769 1194 3839 στολῆς
1237 3766 1709 3839 περιϐεϐλημένῳ,
1751 3764 1984 3837 δόγμασί

2083 3771 2247 3827 nibus
2305 3786 2369 3826 ac
2416 3770 2793 3842 sepulcrorum
2838 3769 3196 3825 etfossoribus
3230 3769 3496 3831 tribuere.
3548 3766 3659 3823 Nos

412 3881 471 3917 τε
500 3862 678 3935 ὀρθοῖς
708 3863 803 3916 καὶ
829 3862 1153 3934 θεοπρεπέσι
1189 3861 1286 3915 καὶ¹
1324 3860 1418 3915 ἐπὶ
1454 3864 1591 3915 πᾶσι
1619 3859 1831 3924 τούτοις
1871 3859 1986 3913 δια-

2086 3863 2270 3934 igitur,
2300 3863 2392 3933 qui
2426 3880 2594 3918 unum
2628 3863 2780 3917 illum
2807 3861 2971 3930 hujus
2989 3861 3234 3916 universi
3260 3859 3545 3929 praesidem
3595 3873 3661 3912 ac

411 3954 559 4007 θέσει
595 3954 796 4025 γνησία
832 3952 932 4024 τὴν
975 3952 1080 4006 ὑπὸ
1116 3951 1210 4005 τοῦ
1245 3951 1501 4025 Σωτῆρος
1543 3950 1702 4023 ἡμῶν
1743 3949 1983 4023 παραδο-

2084 3954 2482 4007 moderatorem
2541 3951 2712 4008 Deum
2768 3952 2984 4020 colere,
3041 3962 3096 4007 et
3144 3949 3491 4007 convenienti
3528 3949 3658 4014 ritu,

410 4046 596 4100 θεῖσαν
620 4045 897 4099 εὐσέϐειαν
932 4044 1094 4117 μέχρι
1133 4046 1228 4098 καὶ
1256 4045 1489 4099 θανάτου
1519 4042 1809 4113 φυλάττειν
1832 4040 1985 4111 εὐχό-

2083 4042 2331 4112 adeoque
2357 4042 2459 4112 ipsi
2483 4042 2938 4098 charissimarum
2975 4042 3370 4112 beatarumque
3393 4042 3658 4098 virtutum

414 4137 571 4210 μεθα.
644 4136 804 4190 Ἀλλά
847 4137 957 4209 γάρ
1005 4136 1211 4191 τούτων
1254 4137 1385 4207 ἡμῖν
1431 4132 1982 4206 προδιηρθρωμένων,

2082 4132 2335 4202 exemplo
2355 4134 2605 4187 venerari
2631 4134 2945 4199 didicimus,
2978 4148 3079 4189 nec
3109 4134 3310 4189 terreni
3355 4133 3657 4204 quidquam

408 4230 529 4302 ὥρα
568 4229 707 4302 πρὸς
744 4228 846 4294 τὰς
900 4227 1200 4291 ἀποδείξεις
1246 4226 1355 4280 τῶν
1400 4226 1707 4298 εἰρημένων
1762 4228 1979 4296 χωρεῖν.

2081 4233 2177 4277 aut
2206 4223 2432 4290 mortui,
2465 4238 2568 4278 nec
2591 4223 2801 4279 saniem
2831 4232 2926 4278 aut
2947 4239 3221 4286 cruorem,
3279 4239 3381 4278 nec
3408 4224 3462 4278 id
3488 4239 3659 4294 genus

412 4322 609 4393 Πρῶτα
644 4323 701 4377 δὲ
729 4323 949 4376 πάντων
986 4320 1215 4375 διελθεῖν
1237 4317 1477 4387 εὔλογον,
1515 4318 1583 4371 δι’
1624 4310 1700 4370 ὧν
1728 4319 1759 4371 ό
1796 4333 1985 4387 προει-

2082 4311 2188 4366 alia
2227 4311 2568 4380 corruptioni
2596 4310 2859 4374 obnoxia,
2896 4311 3031 4365 etin
3080 4308 3362 4364 materiam
3395 4310 3658 4364 immersa

390 4402 393 4407 I
415 4417 645 4489 ρημένος
682 4416 1054 4486 συγγραφεῖς,
1083 4415 1141 4468 ὲν
1166 4407 1247 4477 οἷς
1276 4409 1556 4484 ἐπέγραψε
1580 4408 1713 4478 Περὶ
1735 4406 1846 4476 τῆς
1863 4405 1985 4460 τῶν

2082 4401 2467 4470 obtrudimus;
2527 4404 2621 4458 sed
2675 4402 2859 4472 potius
2919 4404 3025 4458 hoc
3078 4403 3132 4456 in
3194 4402 3335 4457 votis
3395 4401 3660 4456 habemus

408 4507 697 4578 ἐμψύχων
707 4503 963 4576 ἀποχῆς,
982 4503 1276 4576 μήνχρῆναι
1288 4515 1422 4572 φησι
1444 4501 1583 4572 μήτε
1622 4498 1701 4569 τῷ
1724 4499 1815 4551 ἐπὶ
1839 4498 1980 4551 πάνι-
2016 4496 2049 4550 Ι]

2019 4496 2058 4550 D
2087 4511 2278 4561 unum,
2308 4505 2368 4550 ut
2390 4504 2571 4550 mente
2592 4496 2661 4551 ab
2687 4496 2839 4551 omni
2876 4495 3223 4566 improbitate
3271 4494 3508 4560 sincera,
3537 4509 3660 4548 cor-

408 4617 517 4653 των
570 4598 711 4669 Θεῷ,
763 4601 900 4670 μήτε
946 4593 1066 4660 ταῖς
1116 4595 1234 4666 μετ’
1285 4593 1445 4648 αὐτὸν
1496 4590 1670 4653 θείαις
1719 4587 1982 4659 δυνάμεσι

2086 4603 2218 4658 pore
2262 4588 2531 4644 castitatis
2589 4604 2652 4643 ac
2705 4589 3079 4659 temperantiae
3136 4588 3311 4649 cultu,
3349 4587 3445 4658 qui
3502 4586 3660 4656 longe

408 4690 609 4760 γεῶδες
648 4690 832 4762 μηδὲν,
886 4690 1024 4761 μήτε
1070 4686 1292 4757 θυμιᾷν,
1328 4685 1465 4756 μήτε
1498 4681 1672 4735 θύεινο
1726 4679 1982 4752 ἀλλότρια

2087 4693 2307 4734 omnem
2336 4679 2569 4734 vestium
2609 4691 2863 4735 ornatum
2921 4689 3162 4755 superat,
3193 4680 3481 4740 decorato,
3526 4691 3658 4732 sana

388 4784 523 4857 γὰρ
542 4782 613 4837 τὰ
641 4782 867 4837 τοιαῦτα
894 4782 928 4854 ἢ
958 4779 1103 4835 κατά
1130 4779 1233 4832 τὴν
1298 4775 1616 4848 πρέπουσαν
1674 4771 1976 4826 εὐσέϐειαν.

2088 4769 2308 4840 Deoque
2355 4771 2517 4842 digna
2557 4771 2825 4838 doctrina,
2887 4772 3143 4843 quodque
3188 4772 3433 4826 omnium
3471 4767 3663 4839 praeci-

408 4898 575 4952 puum
598 4890 704 4944 est,
730 4894 868 4950 puro
901 4879 1222 4947 integreque
1275 4873 1445 4928 animi
1493 4884 1681 4933 sensu,
1715 4867 1973 4924 traditam
2014 4881 2044 4920 a
2077 4863 2366 4920 Servatore
2390 4874 2580 4922 nostro
2607 4866 2860 4938 pietatem
2925 4865 3087 4938 149
3135 4866 3204 4921 ad
3232 4878 3463 4921 mortem
3487 4880 3661 4935 usque

410 4982 682 5027 tueamur.
716 4970 821 5025 Sed
849 4968 997 5022 enim
1030 4966 1118 5020 bis
1162 4964 1236 5017 ita
1268 4961 1505 5016 breviter
1540 4957 1818 5024 indicatis,
1882 4963 2100 5024 tempus
2136 4963 2241 5021 est,
2298 4962 2361 5009 ut
2412 4957 2478 5010 ad
2521 4973 2714 5012 eorum
2772 4957 3244 5013 confirmationem
3312 4959 3659 5013 accedamus.

409 5066 488 5120 Ac
519 5064 754 5136 primum
807 5060 1025 5130 quidem
1077 5071 1143 5113 ea
1205 5051 1459 5124 persequi
1511 5064 1692 5121 operae
1744 5045 1978 5119 pretium
2018 5044 2203 5112 fuerit,
2262 5048 2465 5118 quibus
2497 5047 2640 5103 idem
2689 5047 3044 5119 Porphyrius,
3095 5047 3152 5101 in
3186 5048 3253 5102 iis
3286 5063 3411 5116 qua:
3453 5048 3521 5102 de
3570 5063 3664 5104 re»

410 5174 533 5213 rum
561 5157 927 5213 animatarum
949 5150 1275 5209 abstinentia
1298 5147 1537 5218 scripsit,
1566 5160 1743 5216 neque
1766 5156 1984 5200 summo
2018 5139 2263 5207 Numini,
2295 5158 2473 5214 neque
2494 5141 2752 5199 secundis
2784 5142 2854 5196 ab
2906 5156 2974 5195 eo
2999 5139 3308 5210 divinisque
3368 5140 3661 5196 virtutibus

413 5255 687 5310 terrestris
719 5251 1016 5322 quidquam
1065 5256 1159 5304 aut
1224 5246 1575 5313 adolendum,
1638 5251 1737 5300 aut
1784 5240 2179 5297 immolandum
2226 5255 2350 5298 esse
2379 5239 2640 5306 defendit,
2674 5239 2823 5310 quod
2870 5230 3143 5308 ejusmodi
3197 5237 3377 5293 cultus
3435 5253 3662 5295 omnino

414 5353 479 5405 sit
509 5367 538 5405 a
564 5349 854 5405 sanctitate
887 5346 1164 5417 religionis
1194 5345 1428 5399 alienus.
