4156 6418
441 344 543 402 εει

1618 345 1945 401 ΡΒᾸΞΡΑΚ.
1984 344 2237 400 EVANG.
2282 346 2410 401 LIB.
2457 346 2542 401 IV.

3606 353 3714 408 269.

445 476 569 517 sunt
608 479 729 534 qua:
761 463 827 519 de
853 462 1095 535 principe
1127 477 1452 532 summoque
1480 462 1589 516 Deo
1628 463 1975 534 Apollonium
2004 463 2156 516 illum
2182 462 2484 534 Tyaneum,
2518 460 2832 520 multoriini'
2871 482 2967 522 ore
2994 465 3366 531 decantatum,
3401 468 3455 523 in
3496 484 3599 523 suo
3642 472 3717 525 De

442 557 725 623 sacriﬁciis
759 571 923 625 opere
948 555 1235 624 scripsisse
1269 553 1472 618 ferunt,
1499 557 1642 611 hunc
1682 557 1734 610 in
1770 557 2012 610 modum.

981 647 1373 701 ΚΕΦΑΛΑΙΟΝ
1408 648 1507 701 II".

447 769 575 822 Ἔτι
601 762 736 834 περὶ
762 759 871 816 τοῦ
894 759 987 885 μθέ
1011 758 1229 829 χρῆναι
1256 759 1337 825 τῷ
1358 761 1455 814 ἐπὶ
1493 760 1735 814 πάντων
1762 760 1884 828 Θεῷ
1913 761 2033 814 τῶν

867 833 953 885 ἀπ
1020 831 1133 885 γῆς
1158 849 1211 884 τι
1246 830 1629 885 προσφέρειν.

867 830 987 886 ἀπὸ
1020 831 1133 900 γῆς
1158 849 1211 884 τι
1246 830 1629 900 προσφέρειν.

521 970 540 1002 ι
568 949 752 1011 Οὕτως
796 946 905 1017 (47)
943 944 1121 998 τοίνυν
1175 943 1409 1015 μάλιστα
1451 944 1518 997 ἄν
1554 962 1658 1009 τις,
1708 939 1882 1016 οἶμαι,
1936 945 2034 1017 τὴν

450 1042 826 1113 προσήκουσαν
858 1034 1173 1106 ἐπιμέλειαν
1209 1035 1413 1086 ποιοῖτο
1444 1033 1536 1087 τοῦ
1559 1034 1740 1099 Θείου,
1776 1035 2035 1105 τυγχάνοι

447 1149 506 1184 τε
541 1130 762 1184 αὐτόθεν
806 1125 934 1180 ἵλεώ
957 1142 1015 1178 τε
1055 1124 1149 1179 καὶ
1189 1124 1448 1196 εὐμενοῦς
1493 1125 1658 1180 αὑτοῦ
1698 1128 1828 1196 παρ’
1856 1127 2036 1179 ὅντινα

447 1220 539 1277 οὖν
565 1222 721 1293 μόνος
750 1217 1069 1291 ἀνθρώπων·
1105 1219 1152 1271 εί
1184 1217 1303 1288 Θεῷ
1334 1218 1453 1288 μὲν,
1473 1217 1531 1271 ὃν
1556 1218 1620 1289 δὴ
1655 1217 1868 1289 πρῶτον
1907 1217 2039 1287 ἔφα-

449 1333 567 1386 μεν,
602 1313 680 1366 ἐνί
713 1330 774 1366 τε
803 1311 916 1365 ὄντι
950 1310 1341 1383 κεχωρισμένῳ
1370 1311 1607 1373 πάντων,
1653 1308 1773 1380 μεθ’
1801 1309 1859 1362 ὃν
1899 1327 2040 1378 γνω-

450 1404 688 1476 ρίζεσθαι
729 1404 856 1466 τοὺς
913 1401 1133 1465 λοιποὺς
1188 1402 1505 1470 ἀναγκαῖον,
1556 1402 1629 1472 μὴ
1674 1400 1790 1454 θύοι
1834 1418 1885 1453 τι
1939 1402 2038 1472 τὴν

447 1496 639 1567 ἀρχὴν,
691 1495 830 1565 μήτε
874 1494 1105 1547 ἁνάπτοι
1150 1492 1282 1565 πῦρ,
1346 1495 1484 1565 μήτε
1545 1493 1777 1547 καθόλου
1823 1511 1876 1546 τι
1929 1494 2040 1547 τῶν

446 1586 718 1657 αἰσθητῶν
751 1586 1096 1656 ὲπονομάζοι·
1124 1584 1315 1657 [δεῖται
1340 1586 1449 1657 γὰρ
1473 1585 1708 1650 οὐδενὸς,
1739 1586 1858 1639 οὐδὲ
1885 1587 2039 1658 παρὰ

447 1679 555 1731 τῶν
599 1678 921 1750 κρειττόνων
967 1678 1112 1749 ἥπερ
1149 1677 1261 1748 (48)
1305 1679 1494 1748 ἡμεῖς·
1534 1676 1641 1728 οὐδ’
1674 1675 1821 1729 ἔστιν
1870 1676 1898 1729 ὃ
1940 1675 2039 1748 τὴν

446 1772 621 1843 ἀρχὴν
665 1772 848 1842 ἀνίησι
890 1772 961 1842 γῆ
992 1770 1180 1840 φυτὸν,
1211 1771 1245 1842 ἢ
1278 1770 1467 1842 τρέφει
1496 1768 1655 1833 ζῶον,
1687 1769 1721 1841 ἢ
1748 1770 1877 1841 ἀὴρ,
1906 1768 1933 1821 ὃ
1964 1768 2040 1839 μὴ

450 1865 560 1935 (49)
597 1864 734 1937 πρὸς
763 1862 924 1917 αὐτόν
959 1863 1022 1932 γέ
1049 1880 1103 1915 τι
1138 1860 1399 1934 μίασμαο]
1444 1864 1589 1932 μόνῳ
1614 1862 1671 1915 δὲ
1700 1861 1877 1933 χρῷτο
1906 1863 2040 1933 πρὸς

447 1958 610 2010 αὐτὸν
651 1958 759 2010 αἰεὶ
795 1955 875 2027 τῷ
912 1956 1182 2029 κρείττονι
1222 1954 1384 2026 λόγῳ·
1423 1953 1591 2026 [λέγω
1627 1953 1683 2006 δὲ
1715 1954 1794 2024 τῷ
1834 1952 1910 2025 μὴ
1949 1952 2037 2006 διὰ

449 2048 713 2119 στόματος
760 2047 889 2100 ἰόντι
932 2027 1091 2118 (50)']
1140 2046 1233 2100 καὶ
1268 2044 1419 2117 παρὰ
1457 2042 1552 2098 τοῦ
1601 2044 1885 2098 καλλίστου
1925 2044 2037 2115 (5I)
2073 2027 2117 2082 Β

446 2133 554 2186 τῶν
577 2132 765 2197 ὄντων,
795 2133 882 2187 διὰ
909 2134 1004 2187 τοῦ
1029 2133 1312 2188 καλλίστου
1339 2133 1447 2187 τῶν
1473 2136 1530 2187 ὲν
1565 2134 1696 2205 ἡμῖν
1728 2133 1904 2204 αἰτοίη
1941 2136 2038 2188 τά-

448 2228 610 2296 γαθά·
654 2227 778 2292 νοῦς
811 2227 868 2280 δέ
908 2230 1055 2281 ἐστιν
1103 2222 1278 2290 οὗτος,
1308 2226 1539 2298 ὀργάνου
1592 2225 1666 2297 μὴ
1704 2225 1975 2297 δεόμενος.
2011 2245 2030 2277 ι

449 2319 657 2372 Οὐκοῦν
700 2319 840 2373 κατὰ
887 2318 1059 2374 ταῦτα
1112 2319 1363 2390 οὐδαμῶς
1401 2318 1481 2389 τῷ
1547 2319 1766 2390 μεγάλῳ
1808 2320 1903 2373 καὶ
1941 2320 2036 2373 ἐπὶ

450 2408 667 2462 πάντων
700 2407 818 2480 Θεῴ
854 2407 1057 2462 θυτέον.
1114 2408 1329 2463 Τούτων
1377 2401 1479 2462 ὧδε
1525 2409 1776 2479 ἐχόντων,
1828 2409 1928 2464 θέα
1973 2408 2039 2480 δὴ

449 2501 632 2554 λοιπὸν
663 2506 820 2557 ὁποῖα
867 2503 995 2576 περὶ
1023 2502 1116 2556 τοῦ
1156 2501 1447 2567 ζωοθυτεῖν
1474 2501 1502 2553 ό
1530 2502 1794 2576 πρότερος
1834 2504 2041 2573 ἱστορεῖ

448 2596 818 2667 συγγραφεὺς,
875 2595 1129 2669 μάρτυρα
1184 2595 1279 2650 τοῦ
1325 2595 1485 2665 λόγου
1542 2594 1634 2648 τὸν
1694 2595 2038 2668 Θεόφραστον

447 2685 716 2740 ἀνακαλού
725 2704 905 2758 μενος.

2059 651 2108 707 Α

2720 640 2953 696 CAPUT
2983 639 3119 695 XIII.

2143 754 2363 818 Iterum,
2392 754 2525 809 nillil
2550 770 2752 818 eorum,
2808 771 2925 824 qua:
2967 767 3108 810 terra
3139 757 3326 826 gignit,
3352 774 3560 812 summa
3603 756 3718 813 Νει-

2597 826 2729 878 mini
2760 827 3085 895 offerendum
3117 843 3247 881 esse.

2217 958 2234 990 ι
2263 938 2552 1009 Equidem,
2586 939 2783 1009 inquit,
2819 940 2900 995 sic
2930 941 3207 1005 existimo,
3244 942 3407 1011 juslis
3453 959 3579 998 cum
3623 959 3719 999 ve-

2139 1031 2324 1100 risque
2375 1030 2656 1107 religionis
2686 1031 2878 1086 omciis
2907 1031 3114 1087 Numen
3150 1034 3351 1099 colere,
3384 1035 3598 1104 sibique
3621 1052 3719 1106 per

2139 1138 2259 1177 sese
2284 1122 2581 1192 prepitium
2614 1122 2745 1177 illud
2800 1138 2865 1177 ac
2911 1127 3209 1178 secundum
3245 1140 3355 1194 pra:
3387 1128 3598 1181 caeteris
3621 1128 3713 1182 ho—

2140 1204 2391 1268 minibus
2421 1213 2621 1267 habere
2676 1228 2857 1284 posse,
2914 1215 2959 1268 si
2994 1213 3104 1269 Deo
3155 1216 3375 1285 quidem
3412 1216 3509 1281 illi,
3555 1214 3757 1287 quem'

2139 1306 2437 1376 principem
2475 1306 2736 1373 diximus,
2768 1307 2973 1377 quique
2996 1320 3050 1361 et
3089 1324 3232 1363 unus
3257 1318 3360 1374 est,
3393 1320 3446 1364 et
3474 1311 3635 1381 longo
3687 1326 3721 1366 a

2142 1398 2371 1468 reliquis
2404 1398 2691 1453 intervallo
2727 1399 3032 1467 scjunctus,
3080 1401 3379 1454 secundum
3408 1418 3569 1472 quem
3608 1405 3718 1457 uti-

2139 1504 2245 1559 que
2275 1499 2501 1545 caeteros
2531 1491 2787 1562 cognosci
2813 1506 3037 1545 necesse
3065 1500 3169 1554 est,
3199 1492 3335 1547 nihil
3357 1510 3597 1564 unquam
3632 1511 3721 1550 sa-

2139 1583 2420 1650 criﬁearit,
2452 1584 2631 1655 ignem
2691 1599 2799 1638 non
2842 1585 3173 1651 accenderit,
3222 1602 3322 1641 nec
3351 1602 3565 1653 eorum,
3597 1604 3721 1658 qua:

2140 1675 2397 1730 sensibus
2431 1685 2787 1746 usurpantur,
2842 1675 3140 1746 quidquam
3194 1678 3352 1747 plane
3382 1679 3724 1735 consecrarit

2141 1767 2351 1838 (utpote
2381 1767 2475 1837 qui
2515 1768 2595 1821 rei
2628 1766 2832 1822 nullius
2866 1768 3127 1838 indigeat,
3169 1785 3277 1824 non
3303 1770 3467 1825 modo
3497 1780 3719 1835 nostra',

2140 1860 2234 1914 sed
2266 1875 2366 1915 nec
2392 1875 2582 1915 eorum
2637 1860 2824 1923 etiam,
2866 1875 2896 1913 a
2923 1859 3124 1929 quibus
3156 1861 3454 1930 plurimum
3512 1874 3723 1917 naturae

2141 1950 2405 2021 dignitate
2433 1967 2758 2023 superamur
2791 1968 2805 2005 :
2838 1968 3073 2022 cumque
3099 1954 3234 2009 adeo
3268 1955 3402 2009 nihil
3432 1956 3501 2011 sit
3528 1972 3722 2011 eorum

2143 2053 2489 2114 quaeaterra
2533 2045 2616 2103 vel
2673 2060 2799 2101 aere
2846 2063 3068 2116 quoquo
3128 2047 3293 2101 modo
3340 2058 3721 2115 procreentur,

2142 2134 2457 2205 animalque
2509 2134 2744 2197 nullum,
2797 2137 2866 2190 ab
2896 2145 3129 2206 utroque
3153 2134 3439 2196 nutritum,
3470 2134 3638 2205 quod,
3673 2135 3723 2189 si

2143 2228 2280 2282 tanti
2305 2236 2558 2283 naturam
2591 2226 2845 2283 Numinis
2897 2229 3265 2292 attendamus,
3309 2243 3420 2283 non
3458 2226 3596 2282 labis
3624 2241 3720 2295 ge-

2141 2334 2247 2375 nus
2280 2318 2501 2390 aliquod
2525 2319 2815 2390 videatur),
2875 2320 2969 2374 sed
3025 2327 3237 2373 tantum
3262 2318 3617 2373 excellentem
3658 2316 3725 2369 il-

2139 2412 2248 2467 lam
2273 2426 2337 2467 ac
2364 2421 2710 2482 praestantem
2745 2414 3051 2469 orationem
3106 2415 3156 2466 ei
3209 2425 3425 2481 semper
3464 2409 3726 2465 obtulerit

2142 2507 2286 2575 (eam
2321 2516 2503 2559 autem
2541 2505 2801 2576 intelligo,
2841 2521 2962 2575 qua:
2991 2520 3339 2575 nequaquam
3386 2519 3481 2558 ore
3512 2500 3725 2572 profer—

2139 2597 2274 2669 tur),
2310 2608 2473 2669 atque
2502 2598 2571 2652 ab
2594 2613 2680 2665 eo,
2715 2598 2811 2668 qui
2837 2614 3020 2653 rerum
3062 2598 3308 2654 omnium
3336 2607 3420 2652 est
3457 2595 3723 2666 Optimus,

2140 2703 2207 2743 eo
2227 2689 2372 2758 quod
2403 2689 2655 2744 similiter
2686 2689 2741 2742 in
2793 2689 2953 2745 nobis
2997 2688 3264 2758 optimum
3293 2696 3377 2741 est
3406 2687 3725 2754 interprete,

445 2779 590 2837 bona
627 2780 932 2849 postularit.
967 2778 1100 2834 Illud
1137 2790 1316 2834 autem
1351 2796 1506 2835 mens
1531 2791 1634 2843 est,
1690 2797 1812 2851 qua:
1865 2781 2069 2836 nullius
2107 2797 2328 2851 operam
2372 2780 2722 2835 instrumenti
2766 2781 3056 2836 desiderat.
3088 2792 3106 2823 ι
3139 2777 3266 2833 Haec
3314 2778 3477 2848 igitur
3499 2778 3543 2832 si
3567 2775 3724 2831 audi-

449 2888 595 2937 mus,
632 2873 767 2927 nihil
799 2873 959 2943 plane
1015 2887 1230 2927 summo
1280 2872 1357 2927 illi
1404 2888 1469 2928 ac
1502 2889 1682 2928 rerum
1735 2874 1981 2929 omnium
2026 2875 2358 2931 moderatori
2414 2874 2525 2928 Deo
2612 2872 3034 2929 sacrilicandum
3082 2879 3186 2927 est.

3304 2869 3438 2936 Quae
3469 2886 3593 2924 cum
3648 2869 3723 2923 ita

449 2968 582 3028 sint,
609 2965 730 3019 vide
783 2980 969 3035 porro,
1009 2964 1318 3033 cujusmodi
1376 2965 1507 3025 sint,
1538 2981 1660 3034 qua:
1718 2965 1785 3018 de
1863 2967 2226 3022 animantium
2276 2964 2561 3021 sacriﬁciis
2616 2963 2768 3035 prior
2822 2963 2912 3016 ille
2966 2960 3204 3031 scriptor
3232 2969 3644 3027 commemorat,
3666 2969 3723 3014 et

454 3058 817 3128 Theophrasti
883 3055 1197 3112 testimonio
1253 3065 1417 3126 atque
1465 3056 1789 3111 auctoritate
1818 3062 2127 3114 continuat.

984 3147 1379 3203 ΚΕΦΑΛΑῘΟΝ
1413 3148 1490 3200 ῐΔ’

456 3267 579 3319 ’Ότι
613 3238 964 3332 παρᾶνομόν
986 3261 1141 3325 ἐστι,
1166 3258 1262 3332 καί
1283 3258 1612 3332 ⁸βλαϐερόν,
1640 3260 1737 3313 καὶ
1762 3260 2035 3315 ἀνόσιον,

520 3336 587 3388 τὸ
618 3329 786 3389 θύειν
816 3329 929 3394 ζῶα
955 3331 1133 3392 θεοῖο,
1156 3330 1253 3384 καὶ
1284 3329 1373 3384 ὅτι
1403 3329 1687 3398 κατάραις
1714 3332 2042 3398 ὐποϐεϐλη·

515 3405 723 3475 μένον.

525 3520 751 3595 «uappa
770 3521 880 3594 (53)
899 3521 955 3575 δὲ
976 3539 1084 3577 των
1102 3520 1230 3595 περὶ
1260 3521 1357 3583 τὰς
1400 3514 1593 3579 θυσίας
1626 3514 1892 3587 ἀπαρχῶν
1926 3516 2038 3580 τοῖς

451 3610 757 3682 ἀνθρώποις
773 3609 1075 3684 προϊουσῶν
1092 3608 1204 3682 (55)
1238 3609 1578 3682 παρανομίας
1607 3609 1766 3680 ἡτῶν
1798 3609 2038 3664 δεινοτά-

451 3717 559 3752 των
579 3700 835 3771 θυμάτων
856 3699 1167 3772 παράληψις
1182 3698 1481 3770 ὲπεισήχθη
1496 3698 1780 3770 ὠμότητος
1791 3698 2005 3771 πλήρης
2018 3716 2033 3730 ⁸

452 3792 529 3853 ὡς
552 3791 726 3844 δοκεῖν
745 3789 844 3854 τὰς
869 3789 1102 3861 πρόσθεν
1126 3791 1258 3861 ἡμῖν
1273 3789 1620 3860 ἑλεγχθείσας
1638 3788 1752 3860 (54)
1789 3789 1930 3862 ἀράς
1942 3791 2036 3843 νύν

449 3881 604 3945 τέλος
630 3881 930 3952 εἰληφέναι,
952 3880 1271 3950 σφαξάντων
1300 3879 1411 3933 τῶν
1432 3879 1754 3951 ἀνθρώπων,
1789 3882 1881 3934 καὶ
1909 3882 2038 3945 τοὺς

454 3974 672 4044 βωμοὺς
717 3972 1083 4044 αξμαξάντων,
1130 3973 1223 4042 ἀφ’
1257 3968 1319 4026 οὗ
1345 3971 1521 4043 λιμῶν
1559 3989 1620 4025 τε
1654 3972 1750 4026 καὶ
1783 3972 2036 4044 πολέμων

453 4064 829 4137 πειραθέντες,
877 4066 1123 4136 αἱμάτων
1168 4064 1395 4136 ἥψαντο.
1435 4064 1734 4137 Τοιγαροῦν
1758 4065 1822 4119 τὸ
1855 4064 2038 4137 δαιμόέ

450 4174 563 4210 νιον
596 4156 729 4227 (55).
753 4155 830 4220 ὥς
853 4172 1017 4226 φησιν
1066 4156 1096 4207 ὁ
1131 4154 1493 4227 Θεόφραστος,
1522 4154 1727 4209 τούτων
1757 4153 2035 4225 ἑκατέρων

449 4250 793 4321 νεμεσῆσαν,
833 4248 1100 4302 ἐπιθεῖναι
1150 4246 1247 4319 τὴν
1290 4245 1607 4319 πρέπουσαν
1660 4248 1804 4301 ἔοικε
1858 4264 2035 4318 τιμω-

455 4343 574 4414 ρίαν
594 4358 607 4371 ·
644 4341 781 4395 καθὸ
799 4342 847 4394 οἱ
873 4340 971 4411 μὲν
1003 4339 1153 4394 ἄθεοι
1182 4340 1439 4408 γεγόνασι
1465 4341 1575 4393 τῶν
1611 4337 1913 4411 ἀνθρώπων
1932 4354 1947 4368 ο
1985 4340 2035 4391 οί

450 4436 505 4489 δὲ
557 4434 891 4507 κακόφρονες
938 4432 1156 4505 μᾶλλον,
1182 4433 1217 4503 ἦ
1251 4431 1504 4485 κακόθεοι
1550 4430 1834 4503 λεχθέντες
1873 4429 1940 4484 ἂν
1975 4430 2034 4483 ἐν

2723 3143 2956 3202 CAPUT
2990 3143 3132 3199 XIV.

2142 3261 2426 3334 Iniquum,
2460 3261 2761 3325 exitiosum,
2806 3272 2853 3315 et
2886 3260 3110 3334 impium
3141 3259 3540 3334 esse,_adeoque
3585 3259 3723 3313 diris

2377 3333 2679 3399 obnoxium,
2707 3332 3004 3385 animantia
3033 3330 3138 3385 diis
3161 3331 3483 3400 sacriﬁcare.

2212 3512 2366 3584 151
2402 3533 2419 3564 ι
2448 3511 2718 3569 Gliscente
2732 3509 3019 3582 paulatim,
3034 3511 3230 3582 inquit,
3256 3509 3309 3565 in
3324 3509 3721 3567 sacriﬁciorum

2137 3622 2363 3661 suorum
2398 3603 2655 3675 primitiis
2686 3604 2968 3658 hominum
2996 3604 3221 3670 scelere,
3253 3603 3464 3657 invecta
3499 3603 3720 3658 tandem

2135 3707 2219 3754 est
2239 3698 2744 3769 indignissimarum
2795 3697 3144 3752 victimarum
3192 3695 3351 3766 plena
3380 3694 3722 3751 crudelitatis

2135 3791 2443 3861 usurpatio,
2498 3789 2579 3844 sic
2617 3797 2679 3843 ut
2734 3788 3070 3843 denuntiatae
3113 3788 3274 3843 nobis
3324 3795 3485 3842 antea
3559 3786 3719 3850 diraa,

2136 3899 2284 3940 nunc
2311 3884 2533 3939 demum
2551 3884 2757 3938 exitum
2783 3882 2993 3939 sortita:
3015 3880 3324 3944 videantur,
3359 3890 3718 3950 posteaquam

2138 3975 2385 4030 homines
2408 3984 2461 4030 et
2480 3974 2735 4045 jugulare
2758 3986 2813 4027 et
2831 3988 2958 4027 aras
2989 3980 3278 4027 cruentare
3301 3980 3608 4041 coeperunt,
3648 3986 3719 4026 ex

2136 4081 2245 4136 quo
2270 4065 2437 4121 semel
2474 4063 2637 4119 famis
2664 4080 2729 4119 ac
2764 4063 3033 4118 bellorum
3067 4062 3395 4117 necessitate
3420 4063 3716 4132 compulsi,

2136 4144 2377 4213 caedibus
2438 4171 2503 4211 ac
2553 4155 2819 4223 sanguine
2879 4169 3076 4209 manus
3124 4151 3460 4208 iniecissent.
3525 4154 3719 4224 Itaque

2131 4247 2369 4313 Numen,
2398 4258 2458 4301 ut
2486 4246 2562 4301 ait
2591 4245 3022 4315 Theophrastus,
3049 4244 3336 4313 utriusque
3354 4243 3430 4298 rei
3468 4244 3713 4315 indigni-

2135 4349 2244 4394 tate
2292 4346 2651 4407 commotum,
2679 4337 2861 4406 justas
2894 4336 2963 4390 ab
2991 4335 3303 4389 hominibus
3337 4350 3529 4405 plenas
3550 4351 3715 4406 expe-

2135 4431 2262 4493 tiit;
2303 4429 2450 4501 quod
2482 4429 2575 4483 alii
2622 4428 2843 4499 quidem
2894 4426 3040 4481 athei
3080 4426 3415 4492 exstiterint,
3444 4427 3537 4482 alii
3572 4427 3715 4483 male

450 4526 594 4597 δίκῃ,
629 4524 717 4578 διὰ
754 4523 815 4577 τὸ
852 4522 1089 4593 φαύλους
1112 4522 1208 4575 καὶ
1235 4522 1401 4593 μηδὲν
1432 4519 1589 4592 ἡμῶν
1613 4519 1853 4590 βελτίους
1892 4521 2034 4591 ἡγεῖ-

2136 4520 2435 4577 sentientes
2462 4519 2646 4575 verius
2683 4531 2848 4588 quam
2886 4517 2942 4571 in
2995 4517 3130 4572 deos
3176 4516 3350 4586 impii,
3381 4517 3581 4588 quippe
3617 4520 3713 4589 qui

452 4618 576 4671 σθαι
605 4617 703 4688 τὴν
738 4614 900 4687 φύσιν
940 4608 1079 4669 εἶναι
1112 4615 1241 4678 τοὺς
1266 4613 1440 4679 θεούς.
1479 4611 1666 4677 Οὕτως
1694 4612 1745 4665 οἱ
1779 4612 1879 4683 μὲν
1906 4611 2032 4667 ἄθυ-

450 4726 534 4762 τοι
580 4708 857 4779 φαίνονται
889 4707 1145 4776 γενέσθαι
1196 4706 1363 4770 τινὲς,
1422 4704 1556 4760 οἶδὲ
1591 4703 1901 4767 κακόθυτοι,
1936 4705 2032 4758 καὶ

450 4801 784 4873 παρανόμων
816 4799 1088 4871 ἁψάμενοι
1127 4798 1387 4871 θυμάτων
1400 4794 1754 4867 (56).)Πάλιν
1783 4797 1839 4851 δὲ
1869 4800 1898 4851 ὁ
1941 4798 2034 4851 αύ-

524 4958 635 5030 (l'i)
678 4958 895 5025 Οὕτως.
936 4956 1095 5013 Hunc
1124 4956 1309 5012 locum
1360 4955 1556 5025 repetit
1599 4954 1694 5010 lib.
1727 4968 1787 5008 ιη
1830 4953 1907 5009 De
1935 4955 2029 5010 de-

452 5040 699 5091 monstra,
730 5046 780 5084 c.
815 5030 872 5083 5.

521 5100 636 5165 l48)
681 5101 882 5166 Ἠπερ.
925 5097 1117 5152 Melius
1144 5110 1308 5167 quam
1341 5095 1411 5167 in
1436 5093 1969 5167 οεζηοηᾼεινηοῖπερ.

502 5159 634 5255 ’(49)
680 5171 741 5221 Ὅ
762 5159 870 5238 μῆ.
912 5168 971 5222 In
1010 5159 1334 5233 Demonstr.,
1371 5166 1451 5221 sic
1500 5159 1547 5235 ᾦ
1589 5165 1650 5219 οὐ
1685 5159 1945 5235 πρόσεστί
1975 5183 2028 5220 τι

451 5257 685 5311 μιασμα.

524 5310 637 5375 (50)
690 5306 889 5363 Ἰόντι.
918 5306 1228 5363 Demonstr.
1260 5305 1410 5363 ίέντι.

525 5311 615 5375 (50
690 5311 876 5363 Ἰόντι.
918 5311 1410 5363 1)ειηοηειι·.ῑέντι.

525 5311 637 5450 (Si;
674 5380 783 5432 Kal
818 5378 979 5450 παρὰ
1004 5377 1110 5450 τοῦ
1135 5376 1316 5450 rem.
1360 5377 1497 5431 Hinc
1530 5374 2028 5450 emendandumin

454 5446 780 5511 Βρὶηοιιεινη
814 5452 904 5502 ubi
932 5449 1127 5519 vitiose
1150 5449 1372 5519 legitur,
1401 5448 1554 5519 παρὰ
1590 5448 1662 5519 Δδὲ
1703 5446 1799 5501 τοῦ
1843 5446 2029 5519 καλλί-

457 5532 583 5601 στου
613 5520 720 5601 τῶν
749 5519 939 5581 ὄντων,
965 5516 1054 5570 διά
1080 5517 1175 5571 τοῦ
1206 5516 1497 5572 καλλίστου
1518 5517 1615 5587 τοῦ
1644 5520 1702 5571 ὲν
1729 5520 1859 5589 ἡμῖν
1885 5517 2027 5570 δόντι

455 5586 905 5729 τὰέἔῗθῆξςρῤω.
948 5656 1126 5713 Verba
1171 5668 1301 5712 sunt
1342 5657 1744 5729 Porphyrii,e_x
1770 5656 1960 5711 eodem
1988 5671 2024 5710 ll

458 5727 595 5793 Περὶ
627 5727 832 5795 ἀποχ.,
860 5742 913 5795 p.
951 5729 1054 5783 150
1080 5743 1234 5781 nova!
1262 5729 1418 5791 edit.,
1448 5727 1621 5797 antiq,
1656 5727 1747 5780 22.

528 5797 640 5867 (55)
682 5797 1042 5865 Προιουσῶν.
1084 5797 1477 5865 Melius,quam
1501 5807 1560 5852 ut
1595 5796 1860 5867 Porphyr.
1904 5812 2030 5865 προ-

2133 4612 2439 4683 vulgarem,
2483 4610 2768 4682 nihiloque
2796 4621 2985 4664 nostra
3029 4607 3311 4663 meliorem
3339 4609 3565 4664 deorum
3590 4625 3713 4666 esse

2132 4711 2385 4757 naturam
2417 4701 2665 4757 arbitrati
2691 4699 2839 4763 sint;
2867 4712 2979 4767 quo
3006 4695 3208 4751 factum
3238 4696 3401 4751 etiam
3446 4695 3626 4764 fuerit,
3653 4708 3715 4753 ut

2133 4796 2210 4851 illi
2241 4796 2451 4851 nullum
2478 4795 2707 4851 omnino
2765 4791 3098 4849 sacriﬁcium
3159 4789 3410 4855 fecerint,
3478 4792 3535 4845 hi
3580 4806 3711 4847 vero

2131 4967 2257 5004 εγου
2265 4967 2391 5003 σων.

2160 4969 2632 5090 χῗὲἶῗνίιρόσθεν
2693 5016 2839 5090 ἡμῖν
2886 5014 3314 5090 κέλργκθείσας·
3394 5011 3710 5089 “mhi?”

2131 5086 2335 5163 πρόσθε
2389 5086 2672 5171 λεχθείσας
2717 5086 2842 5171 καθ’
2872 5086 3061 5171 ᾐμῶνλ
3110 5088 3259 5171 Alter
3291 5100 3348 5171 de
3404 5086 3702 5171 monster"

2130 5156 2587 5235 προσενεχθείσας
2639 5159 2764 5212 καθ’
2794 5156 2971 5229 ἡμῶν.
3017 5156 3151 5223 Quae
3205 5156 3467 5212 lectiones
3509 5168 3709 5213 nosti-at

2130 5232 2358 5286 omnino
2394 5241 2672 5300 prazstant.

2203 5302 2317 5372 (55)
2364 5296 2688 5370 Τοιγαροῦν
2713 5297 2782 5351 τὸ
2809 5298 3156 5372 δαιμόνιον.Δ
3183 5296 3321 5372 Quid
3376 5306 3601 5372 secutus
3637 5298 3706 5372 sit

2128 5368 2397 5443 Porpliyr:
2459 5368 2746 5443 interpres,
2778 5385 2904 5443 _n_on
2958 5369 3093 5443 satis
3144 5369 3407 5443 intelligo,
3436 5368 3590 5443 _dum
3634 5368 3707 5422 ita

2130 5437 2331 5496 vertit?
2362 5440 2616 5496 Proinde.
2662 5439 2739 5491 ait
2777 5438 3211 5507 Theophrastus,
3250 5439 3378 5507 quia
3426 5437 3613 5491 horum
3660 5449 3707 5491 et

2129 5513 2348 5566 illorum
2395 5509 2599 5563 numini
2627 5507 2844 5575 quidam
2872 5518 3302 5573 succensaerunt,
3338 5508 3549 5562 videtur
3582 5523 3708 5561 con-

2129 5584 2334 5636 veniens
2357 5577 2639 5650 paenaillis
2666 5580 2933 5650 imposita,
2957 5587 3063 5631 etc.

2204 5642 2693 5721 (56)"Aﬂrdysrot
2739 5642 3034 5721 θιξμάζων.
3078 5642 3173 5698 His
3219 5646 3408 5721 subdit
3459 5643 3705 5721 Porphy-

2130 5715 2270 5787 rius,
2298 5715 2499 5776 Thoas,
2528 5719 2757 5786 populos
2784 5718 2842 5769 ὲν
2877 5717 3098 5787 Θράκης
3125 5785 3134 5787 _
3145 5715 3417 5784 μεθορίοις
3448 5715 3704 5785 οἰκήσαν-

2131 5785 2422 5861 m;,quod
2454 5785 2620 5841 nullis
2653 5789 2878 5842 omnino
2906 5785 3188 5839 sacriﬁciis
3211 5792 3509 5848 uterentur,
3533 5787 3702 5849 ἀναρ-
