4156 6406
515 304 628 361 265

1192 302 1463 359 EUSEBII
1494 302 1974 359 CASSARIENSIS
2000 304 2151 359 OPP.
2186 303 2366 359 PARS
2396 302 2459 358 ll.
2486 335 2543 348 -
2569 303 3078 362 APOLOGETICA.

3681 310 3790 365 2M

509 419 753 491 improba
815 420 1063 485 fecerint,
1110 420 1346 476 victimis
1397 421 1481 475 usi
1520 420 1765 475 nefariis.
1810 439 1828 472 ι
1881 419 2076 486 Quibus

2191 421 2284 485 τὸς
2311 420 2637 492 προστίθησι
2673 423 2769 476 καὶ
2792 420 2964 476 ταῦτα
2984 439 2997 450 υ
3018 442 3036 473 ι
3056 418 3161 480 ’Ὧν
3182 422 3245 493 δὴ
3267 425 3383 497 (57)
3406 424 3594 478 τοῦτον
3626 426 3783 496 ἐχόν-

507 513 610 566 ista
659 512 938 583 subjungit
971 526 1021 563 ιι
1078 510 1209 577 Qum
1253 528 1375 565 cum
1404 512 1474 565 ita
1538 528 1597 566 se
1644 512 1900 570 habeant.
1959 512 2084 581 jure

505 602 914 673 Theophrastus
950 604 1242 665 interdicit,
1292 618 1362 657 ne
1419 620 1449 657 a
1505 618 1808 673 quoquam,
1850 606 1895 658 si
1926 605 2087 658 modo

504 710 684 751 veram
722 695 975 764 pietatem
999 711 1061 749 ac
1095 696 1408 766 religionem
1448 701 1629 750 colere
1657 696 1805 761 velit,
1847 712 1935 750 res
1965 697 2085 749 ani-

504 798 662 841 mata:
704 787 813 842 diis
859 788 1248 852 immolentur;
1277 788 1328 840 id
1366 788 1512 858 quod
1537 788 1660 843 aliis
1702 788 1976 858 plerisque
2000 805 2087 842 ra-

504 879 746 934 tionibus
777 879 893 949 ipse
923 880 1231 933 conﬁrmat.
1261 899 1279 930 ι
1314 878 1556 951 Itemque
1581 880 1743 950 paulo
1776 890 1897 950 post
1925 899 1939 935 :
1968 899 1987 931 ‹
2018 879 2083 934 Et

501 986 655 1035 sane,
690 971 886 1041 inquit,
916 986 976 1025 ea
1001 981 1210 1025 tantum
1244 972 1557 1026 sacriﬁcare
1589 989 1688 1044 par
1712 982 1816 1035 est,
1849 988 2085 1043 quorum

504 1063 834 1117 sacriﬁcium
868 1063 1003 1118 nulli
1033 1065 1332 1133 perniciem
1367 1064 1558 1118 aﬁ‘erat
1595 1083 1611 1119 :
1644 1064 1781 1118 nihil
1809 1065 1954 1118 enim
1980 1074 2083 1132 est,

450 1186 463 1201 .
498 1154 641 1223 quod
677 1169 831 1224 aeque
858 1169 922 1209 ac
958 1155 1290 1209 sacriﬁcium
1345 1157 1415 1210 ah
1451 1156 1601 1209 omni
1638 1157 1871 1210 aliorum
1919 1157 2087 1212 detri-

505 1255 689 1300 mento
713 1262 907 1301 vacare
938 1247 1153 1302 debeat.
1183 1246 1318 1301 Nam
1349 1249 1393 1302 si
1423 1248 1548 1317 quis
1583 1248 1944 1303 nihilominus
1967 1248 2087 1302 aui-

497 1349 709 1393 mantcs
735 1355 899 1408 quam
927 1338 1138 1396 fructus
1187 1341 1337 1411 ipsos
1368 1341 1527 1396 nobis
1557 1357 1585 1395 a
1620 1340 1730 1396 Deo
1760 1351 1981 1397 nostros
2027 1341 2084 1396 in

497 1446 631 1486 usus
684 1446 982 1487 concessas
1045 1447 1110 1488 ac
1155 1433 1388 1487 donatas
1436 1448 1559 1487 esse
1620 1433 1843 1500 dixerit,
1879 1433 2085 1503 cogitet

494 1524 777 1580 enimvero
843 1525 1069 1579 exitium
1106 1526 1214 1580 illis
1241 1526 1309 1580 ab
1356 1542 1476 1580 sese
1512 1524 1713 1589 aﬁ'erri,
1743 1526 1941 1596 quippe
1970 1525 2088 1596 qui-

496 1611 599 1665 bus
632 1612 876 1665 animum
908 1614 1121 1683 eripiat.
1154 1615 1554 1669 Abstinendum
1582 1614 1750 1686 igitur
1784 1615 1854 1669 ab
1891 1631 2081 1670 carum

495 1702 768 1756 sacriﬁcio
800 1712 902 1763 est.
937 1705 1240 1774 praesertim
1277 1721 1400 1758 cum
1442 1705 1625 1767 θυσία,
1665 1707 1767 1759 hoc
1796 1715 1881 1760 est
1906 1708 2075 1761 sacri-

2188 530 2298 566 των
2349 513 2442 565 τὸν
2476 513 2696 584 τρόπον,
2733 514 2957 578 εἰκότως
2997 518 3026 568 6
3056 514 3399 586 Θεόφραστος
3445 517 3779 588 ἀπαγορεύει

2194 603 2268 674 μὴ
2284 601 2433 657 θύειν
2458 605 2527 657 τὰ
2554 605 2778 677 ἔμψυχα
2798 607 2921 670 τούς
2954 605 3032 676 τῷ
3062 607 3175 659 ὄντι
3192 607 3435 660 εὐσεϐεῖν
3467 608 3777 673 ἐθέλοντας.

2189 695 2469 767 χρώμενος
2491 699 2584 752 καὶ
2618 699 2894 762 τοιαύταις
2921 700 3107 763 ἄλλαις
3130 700 3353 764 αἰτίαις.
3392 720 3410 751 ι
3451 702 3560 754 Καὶ
3593 702 3779 755 ἐπιλέ-

2189 807 2312 858 γει⁸
2351 810 2368 841 ι
2410 793 2517 846 Καὶ
2547 792 2652 863 μὴν
2688 792 2798 863 (58)
2836 793 2984 846 θύειν
3018 793 3099 846 δεῖ
3129 796 3333 859 ἐκεῖνα,
3373 793 3408 848 ἀ
3435 794 3653 860 θύοντες
3687 798 3780 849 οὐ-

2189 882 2315 937 δένα
2384 884 2773 955 πημανούμεν·
2822 884 2979 938 οὐδὲν
3014 885 3123 957 γάρ
3166 885 3240 950 ὡς
3274 886 3334 939 τὸ
3364 885 3511 957 θῦμα
3545 886 3780 951 ἀϐλαϐὲς

2189 972 2329 1030 εἶναι
2370 976 2473 1049 χρὴ
2519 978 2675 1031 πᾶσι.
2725 978 2788 1031 Εἰ
2830 978 2887 1031 δὲ
2921 976 3067 1047 λέγοι
3091 995 3208 1041 τις,
3240 978 3321 1031 ὅτι
3353 978 3453 1048 οὐχ
3473 972 3635 1049 ἧττον
3668 979 3779 1031 τῶν

2188 1069 2417 1139 καρπῶν
2451 1070 2545 1122 καὶ
2568 1069 2634 1122 τὰ
2660 1068 2775 1133 ζῶα
2802 1070 2932 1140 ἡμῖν
2960 1071 3041 1132 εἰς
3064 1070 3257 1140 χρῆσιν
3288 1070 3317 1122 6
3348 1069 3480 1134 Θεὸς
3508 1069 3740 1123 δέδωκεν
3759 1086 3774 1100 ·

2188 1158 2301 1210 ἀλλ’
2360 1154 2452 1211 οὖν
2482 1175 2546 1227 γε
2583 1157 2692 1229 (39)
2732 1158 3104 1229 ὲπιθυομένων
3146 1159 3251 1210 τῶν
3283 1158 3437 1223 ζώων
3467 1159 3621 1230 φέρει
3648 1158 3772 1212 τινά

2189 1248 2396 1321 βλάϐην
2456 1251 2660 1311 αὐτοῖς.
2703 1248 2797 1303 az:
2857 1249 2956 1320 τῆς
2998 1248 3177 1319 ψυχῆς
3228 1250 3651 1320 νεωτεριζομένων.
3700 1251 3776 1303 Οὐ

2187 1342 2375 1395 θυτέον
2414 1338 2506 1396 οὖν
2560 1341 2731 1395 ταῦτα
2774 1340 2985 1413 (66)’ή
3028 1341 3135 1412 γάρ
3187 1339 3348 1394 θυσία
3375 1340 3498 1394 ὁσία.
3532 1341 3615 1406 τίς
3659 1342 3777 1394 ἐστι

2186 1434 2282 1486 καὶ
2312 1432 2452 1487 κατὰ
2482 1432 2719 1503 τοῦνομα
2760 1450 2775 1463 ·
2812 1433 2955 1494 ὅσιος
2976 1432 3032 1485 δὲ
3075 1431 3268 1494 οὐδεὶς,
3303 1431 3362 1494 ὃς
3391 1433 3456 1485 ἐκ
3478 1429 3587 1483 τῶν
3617 1431 3775 1485 ἀλλο-

2184 1526 2352 1597 τρίων
2400 1525 2687 1580 ἀποδίδωσι
2735 1526 2983 1597 χάριτας,
3026 1524 3127 1578 κᾶν
3167 1526 3413 1595 καρποὺς
3459 1523 3622 1597 λάϐῃ,
3667 1526 3776 1577 κᾶν

2187 1617 2351 1686 φυτά,
2402 1617 2475 1689 μὴ
2523 1617 2799 1681 ἐθέλοντος
2826 1616 2958 1685 (61).
2992 1615 3116 1678 Πῶς
3139 1615 3250 1687 γὰρ
3283 1616 3449 1677 ὅσιον,
3480 1615 3774 1686 ἀδικουμέ-

2186 1729 2294 1763 νων
2325 1709 2434 1762 τῶν
2486 1708 2894 1781 ἀφαιρεθέντων
2916 1718 2949 1772 ;⁷
2973 1708 3109 1761 Εἰδὲ
3143 1707 3264 1760 οὐδὲ
3318 1707 3547 1780 καρπῶν
3576 1709 3603 1761 6
3635 1708 3780 1778 ἀψά-

496 1791 680 1847 ﬁcium
711 1794 795 1849 vel
820 1771 1205 1865 ipso-nomine,
1262 1796 1407 1857 ὁσία.
1460 1796 1513 1852 id
1561 1807 1644 1851 est
1676 1798 1850 1852 sancti
1873 1799 2076 1869 aliquid

2193 1819 2354 1875 μενος
2375 1771 2671 1872 ἀλλοτρίων
2733 1800 2843 1870 (σε)
2894 1799 3056 1862 ὁσίως
3100 1799 3161 1852 οὐ
3190 1798 3329 1862 θύει,
3373 1771 3442 1854 τά
3476 1816 3540 1867 γε
3573 1771 3778 1852 τούτων

493 1886 724 1954 purique
750 1895 899 1941 sonet
927 1905 941 1952 ;
973 1899 1197 1942 sanctus
1237 1898 1416 1943 autem
1434 1905 1594 1943 nemo
1618 1890 1710 1957 sit,
1764 1891 1858 1960 qui
1890 1891 2082 1947 alienis

491 1993 556 2030 ex
583 1978 746 2032 rebus
766 2019 780 2044 ,
834 1995 929 2033 seu
989 1979 1199 2035 fructus
1228 1981 1354 2044 illar,
1394 1997 1487 2037 seu
1523 1982 1721 2051 planta:
1750 1984 1879 2045 sint,
1911 1984 2082 2039 invito

492 2069 715 2125 domino
734 2074 1031 2141 usurpatis,
1059 2074 1266 2142 gratias
1306 2073 1526 2129 habeat.
1545 2073 1680 2130 Nam
1717 2086 1971 2132 sanctum
2027 2078 2080 2133 id

490 2177 615 2216 ess:
628 2162 720 2232 qui
739 2166 938 2232 possit,
952 2164 1096 2235 quod
1115 2180 1239 2218 cum
1259 2180 1471 2229 eorum,
1490 2166 1585 2236 qui
1610 2168 1774 2223 rebus
1797 2169 1913 2223 suis
1948 2186 2080 2239 spo-

492 2254 719 2320 liantur,
740 2256 940 2326 injuria
957 2257 1071 2312 ﬁat?
1094 2258 1251 2325 Quod
1266 2260 1310 2313 si
1328 2274 1395 2312 ne
1409 2256 1678 2315 fructibus
1694 2261 1911 2330 quidem
1949 2262 2082 2317 alie—

492 2346 578 2400 nis
595 2347 922 2403 sacriﬁcium
942 2364 972 2402 a
990 2365 1268 2420 quoquam
1287 2349 1403 2404 ﬁeri
1418 2360 1605 2405 sancte
1620 2363 1798 2422 potest
1817 2372 1829 2406 :
1847 2354 1938 2424 qui
1964 2370 2080 2409 rem

489 2438 652 2494 alicui
680 2440 839 2511 lcnge
866 2443 1296 2511 praestantiorem
1324 2443 1602 2514 eripuerit,
1627 2444 1672 2500 is
1701 2444 1942 2515 profecto
1972 2462 2080 2500 non

494 2532 601 2585 nisi
624 2533 787 2603 impie
804 2535 1112 2589 sacrilicare
1133 2536 1350 2605 poterit,
1385 2553 1510 2592 cum
1536 2535 1830 2608 indignitas
1854 2546 1907 2592 et
1938 2537 2083 2607 inju-

489 2624 571 2676 ria
605 2624 711 2680 hoc
732 2624 850 2694 ipso
879 2626 1101 2693 gravior
1128 2626 1419 2684 sitfutura.
1449 2628 1633 2685 Terne
1658 2642 1846 2684 autem
1888 2626 2082 2685 fructi-

489 2709 594 2765 bus
611 2714 791 2768 anima
811 2725 955 2769 certe
967 2716 1189 2785 quidem
1212 2718 1510 2789 plurimum
1529 2720 1936 2790 antecellit,qua
1956 2737 2084 2790 pro-

486 2802 1007 2861 indeanimantesab
1023 2810 1557 2879 eo,quisacribcium
1578 2810 1757 2866 facere
1786 2813 1933 2878 velit,
1949 2827 2080 2881 spo-

488 2895 632 2959 liari,
657 2896 812 2954 nefas
839 2899 1027 2970 utique
1050 2899 1352 2957 fueritJAc
1376 2919 1569 2957 rursus
1594 2920 1606 2954 :
1641 2922 1660 2955 ι
1691 2906 2080 2960 Animantibus

487 2988 716 3056 igiturin
732 2991 1019 3047 sacriﬁciis
1036 2994 1366 3061 parcendum
1382 3006 1484 3049 est.
1502 2993 1860 3065 alterumque:
1889 3015 1907 3047 ι
1921 2995 2079 3062 Quod

486 3093 617 3149 ergo
646 3096 823 3150 neque
851 3091 1128 3151 sanctum,
1150 3100 1326 3156 neque
1344 3085 1501 3141 facile
1515 3086 1754 3156 parabile
1775 3085 1958 3153 fuerit,
1988 3103 2080 3143 sa-

484 3172 842 3227 criﬁcandum
886 3174 940 3229 id
975 3191 1086 3230 non
1130 3176 1252 3231 erit.
1296 3195 1315 3231 ›
1342 3177 1419 3232 Ae
1439 3176 1724 3248 deinceps:
1762 3198 1781 3231 ‹
1819 3181 2008 3251 Itaque
2032 3182 2079 3237 si

487 3263 852 3319 animantium
889 3279 1108 3336 quoque
1144 3268 1414 3337 primitias
1437 3283 1757 3325 consecrare
1780 3271 1886 3327 diis
1913 3286 2081 3343 opor-

485 3353 638 3416 tebit,
666 3363 888 3424 propter
906 3356 1144 3427 aliquam
1162 3359 1422 3414 extribus
1443 3360 1592 3415 hisce
1608 3362 1791 3417 causis
1807 3363 2077 3433 ejusmodi

484 3447 813 3503 sacriﬁcium
857 3448 972 3503 ﬁeri
998 3451 1305 3520 oportebit,
1333 3466 1459 3507 cum
1485 3454 1693 3508 nullum
1716 3455 1943 3511 omnino
1970 3458 2078 3513 nisi

486 3538 681 3593 harum
714 3556 780 3595 ex
829 3541 1010 3613 aliqua
1036 3542 1153 3598 ﬁeri
1203 3546 1396 3598 soleat.
1426 3543 1510 3599 An
1528 3561 1657 3601 vero
1695 3562 1818 3602 sese
1873 3549 2083 3604 honore

489 3629 647 3701 152
675 3629 910 3698 Numen,
945 3650 1009 3689 ac
1045 3650 1153 3689 non
1180 3636 1366 3704 potius
1396 3636 1663 3693 dedecore
1690 3638 1830 3694 allici
1865 3656 1896 3694 a
1920 3641 2081 3697 nobis

484 3722 895 3793 interpretetur,
926 3728 972 3782 si
1006 3728 1091 3782 vel
1127 3730 1249 3797 ipso
1287 3728 1657 3797 primitiarum
1696 3747 1894 3801 genere
1935 3734 2080 3804 inju-

484 3815 623 3870 riam
643 3817 767 3872 aliis
793 3817 1137 3875 inferamus?
1187 3821 1349 3888 Atqui
1394 3837 1490 3875 eas
1522 3838 1658 3877 sane
1687 3825 2015 3892 animantes,
2042 3843 2073 3882 a

483 3906 687 3976 quibus
712 3908 825 3964 laesi
854 3925 1134 3979 nunquam
1172 3911 1370 3977 simus,
1403 3910 1676 3965 immolari
1706 3929 1736 3967 a
1766 3914 1922 3969 nobis
1947 3916 2071 3970 sine

483 4000 727 4068 ipsarum
766 4000 967 4069 injuria
1026 4017 1135 4057 non
1190 4018 1354 4072 posse
1414 4005 1814 4073 agnoscimus:
1859 4008 2064 4062 nullam

482 4090 650 4162 igitur
667 4108 734 4147 ex
756 4092 845 4158 iis,
884 4108 1005 4163 qua:
1033 4101 1353 4163 supersunt,
1370 4110 1468 4165 per
1497 4095 1723 4151 honoris
1750 4097 1917 4152 divini
1950 4114 2071 4168 spe-

483 4182 621 4235 ciem
650 4182 922 4236 immolari
945 4182 1204 4251 deinceps
1229 4183 1524 4252 oportebit.
1560 4180 1665 4238 Sed
1690 4199 1759 4238 ne
1802 4184 2068 4240 habendae

482 4273 703 4342 quidem
767 4272 992 4327 Numini
1039 4274 1226 4346 gratia:
1273 4288 1459 4329 causa.
1493 4271 1630 4329 Nam
1689 4275 1782 4345 qui
1830 4275 2070 4345 acceptis

2187 1892 2494 1966 τιμιώτατα
2523 1893 2633 1963 (65)
2688 1890 2966 1953 παντελῶς
3004 1890 3103 1960 οὐχ
3135 1892 3280 1944 ὅσιον
3336 1890 3778 1962 ἀφαιρουμένους

2187 1989 2350 2042 τινῶν
2383 1987 2531 2042 θύειν
2550 2003 2563 2017 ο
2597 1987 2657 2039 τὸ
2679 1986 2789 2057 γὰρ
2816 1985 2989 2038 δεινὸν
3016 1984 3149 2039 αὐτὸ
3176 1983 3386 2052 γίνεται
3414 1982 3526 2052 (6ι)
3565 1986 3775 2054 μεῖζον.

2199 2082 2266 2134 'll
2286 2079 2430 2151 ψυχὴ
2463 2080 2520 2132 δὲ
2560 2076 2739 2148 mne
2758 2078 3081 2149 τιμιὼτερον
3111 2075 3219 2129 τῶν
3243 2077 3308 2128 ὲκ
3339 2078 3443 2147 γῆς
3468 2075 3776 2146 φυομένων,

2189 2174 2255 2244 ῆν
2288 2171 2639 2244 ἀφαιρεῖσθαι
2672 2170 2868 2223 θύοντα
2908 2168 3024 2234 ζῶα
3054 2167 3114 2221 οὐ
3152 2171 3447 2241 προσῆκε.»
3471 2167 3580 2221 Καὶ
3605 2165 3781 2218 ἐπιλέ-

2187 2281 2307 2334 γει·
2333 2283 2352 2315 ι
2375 2262 2662 2332 ’Δφεκτέον
2693 2262 2802 2331 (65)
2833 2260 2941 2333 ἀρα
2962 2263 3070 2313 τῶν
3086 2259 3239 2325 ζώων
3273 2260 3329 2314 ὲν
3359 2261 3479 2323 ταῖς
3503 2257 3772 2321 θυςὲτιιςί

2191 2357 2287 2410 καὶ
2311 2355 2475 2409 πάλιν
2509 2354 2660 2425 φησί’
2694 2354 2802 2407 στδ
2829 2353 3007 2406 τοίνυν
3040 2352 3167 2423 μήθ’
3191 2334 3356 2412 ὅσιον,
3384 2351 3508 2423 μήτ’
3541 2350 3781 2402 εὐδάπα-

2188 2465 2278 2501 νον
2299 2449 2361 2501 οὐ
2385 2446 2626 2500 θυτέον.»
2654 2445 2765 2500 Καὶ
2780 2445 2924 2516 ἑξῆς·
2954 2443 3160 2513 «fama
3177 2443 3271 2498 καὶ
3290 2444 3396 2496 τῶν
3409 2442 3560 2507 ζώων
3588 2442 3699 2511 (66)
3729 2442 3778 2494 εί

2189 2538 2502 2610 ἀπαρκτέον
2552 2538 2691 2590 αὐτά
2725 2537 2885 2600 θεοῖς,
2920 2536 3065 2601 τινὸς
3104 2536 3272 2589 ἕνεκα
3298 2535 3517 2588 θυτέον·
3550 2535 3644 2587 καὶ
3663 2533 3776 2603 γάρ

2188 2631 2224 2685 ἃ
2247 2631 2469 2700 θύομεν,
2518 2628 2722 2681 τούτων
2753 2627 2898 2690 τινὸς
2925 2628 3087 2680 ἓνεκα
3117 2626 3229 2696 (6⁸7)
3271 2624 3491 2695 θύομεν.
3525 2619 3651 2695 Ἆρ’
3678 2618 3775 2676 οὖν

2188 2723 2355 2794 τιμῆς
2392 2721 2642 2793 ἡγήσαιτ’
2678 2720 2743 2773 ἀν
2771 2738 2853 2784 τις
2881 2719 3168 2790 τυγχάνειν
3195 2718 3373 2788 ἡμῶν,
3410 2716 3443 2787 ἦ
3471 2715 3604 2779 Θεὸς
3638 2713 3772 2783 (68),

2186 2815 2316 2867 ὃταν
2348 2811 2658 2872 ἀδικοῦντες
2688 2808 2847 2871 εὐθὺς
2868 2809 2957 2861 διά
2982 2809 3081 2879 τῆς
3107 2803 3708 2879 ἀπαρχῆςμφαινόμεθα,
3737 2802 3771 2873 ἢ

2192 2905 2393 2977 μᾶλλον
2424 2906 2649 2977 ἀτιμίαν
2698 2904 2927 2975 οἱήσαιτ⁹
2955 2900 3021 2955 ἂν
3050 2900 3111 2953 τὸ
3152 2898 3362 2952 τοιούτο
3392 2897 3523 2968 δρᾷν
3546 2895 3666 2959 ;Ἐν
3693 2893 3776 2964 τῷ

2187 3001 2245 3054 δέ
2304 3018 2367 3070 γε
2412 3000 2561 3054 θύειν
2607 2997 2957 3071 ἀναιροῦντες
3002 2996 3069 3049 τὰ
3120 2994 3283 3066 μηδὲν
3325 2991 3611 3046 ἀδικοῦντα
3661 2988 3773 3041 τῶν

2188 3091 2342 3157 ζώων
2376 3091 2581 3145 ἀδικεῖν
2625 3088 3013 3161 ὁμολογοῦμεν.
3064 3088 3225 3139 Ὥστε
3266 3084 3431 3155 τιμῆς
3471 3083 3570 3153 μὲν
3610 3082 3774 3134 ἕνεκα

2187 3183 2247 3234 οὐ
2278 3180 2465 3233 θυτέον
2492 3180 2601 3232 τῶν
2622 3178 2825 3232 λοιπῶν
2859 3176 3014 3243 ζώων
3049 3176 3199 3230 οὐδέν
3224 3191 3239 3205 ο
3272 3175 3333 3227 οὐ
3368 3174 3474 3244 μὴν
3519 3171 3637 3224 οὐδὲ
3662 3169 3774 3223 τῶν

2188 3272 2516 3344 εὐεργεσιῶν
2558 3274 2743 3335 αὐτοῖς
2792 3270 2954 3342 χάριν
2998 3268 3367 3330 ἀποδιδόντας.
3425 3264 3484 3318 ὐ
3523 3264 3631 3335 γάρ
3669 3264 3773 3334 τὴν

2184 3365 2399 3419 δικαίαν
2428 3363 2662 3435 ἀμοιθὴν
2697 3364 2795 3434 τῆς
2837 3362 3158 3433 εὐεργεσίας
3188 3361 3281 3414 καὶ
3307 3359 3406 3429 τῆς
3434 3357 3681 3419 εὐποιίας
3710 3355 3773 3408 τὸ

2186 3455 2434 3521 ἀντάξιον
2492 3455 2776 3517 ἀποδιδοὺς
2820 3455 2922 3508 οὐκ
2978 3456 3042 3507 ὲκ
3101 3453 3194 3507 τοῦ
3242 3453 3427 3517 κακῶς
3474 3468 3596 3504 τινα
3636 3450 3770 3520 δρᾷν

2184 3544 2389 3613 ὀφείλει
2404 3544 2577 3598 ταῦτα
2602 3543 2865 3614 παρέχειν
2887 3559 2900 3572 ·
2924 3543 3077 3596 οὐδὲν
3096 3543 3205 3615 γάρ
3230 3543 3427 3613 μᾶλλον
3445 3539 3770 3610 ἀμείϐεσθαι

2181 3636 2399 3708 δόξει,ἥ
2431 3634 2534 3688 κᾶν
2565 3637 2612 3687 εἱ
2642 3635 2711 3687 τὰ
2747 3633 2841 3687 τοῦ
2874 3632 3042 3696 πέλας
3080 3635 3335 3706 ἀρπάσας
3360 3650 3441 3696 τις
3476 3631 3767 3702 στεφανοίη

2179 3727 2335 3790 τινὰς
2356 3727 2432 3790 ὡς
2447 3727 2608 3797 χάριν
2638 3724 2923 3787 ἀποδιδοὺς
2955 3725 3049 3777 καὶ
3071 3726 3257 3795 τιμήν.
3305 3723 3441 3775 Ἀλλ’
3469 3721 3588 3775 οὐδὲ
3610 3721 3769 3792 χάριν

2178 3819 2323 3882 τινος
2343 3818 2509 3871 ἕνεκα
2539 3817 2647 3871 τῶν
2673 3816 2893 3886 ἀγαθῶν
2916 3835 2928 3846 ·
2954 3820 2983 3871 6
3008 3817 3117 3888 γὰρ
3149 3817 3320 3886 ἀδίκῳ
3351 3816 3545 3889 πράξει
3568 3815 3675 3883 (69)
3705 3815 3769 3867 τὸ

2180 3911 2375 3964 παθεῖν
2399 3908 2457 3965 εὖ
2496 3909 2747 3983 θηρεύων
2778 3908 3021 3972 ὕποπτός
3059 3911 3174 3963 ἐστι
3206 3909 3338 3980 μηδὲ
3371 3905 3427 3962 εὖ
3460 3907 3645 3962 παθὼν
3665 3908 3767 3978 χά-

2179 4020 2267 4075 ριν
2298 4003 2461 4070 ἒξειν.
2488 4003 2650 4054 Ὥστε
2678 4001 2798 4055 οὐδὲ
2832 4003 3193 4072 ἐλπιζομένης
3228 3999 3544 4071 εὐεργεσίας
3576 3998 3764 4052 θυτέον

2179 4093 2297 4146 ἐστὶ
2325 4096 2439 4157 τοῖς
2469 4092 2610 4155 θεοῖς
2639 4092 2708 4146 τὰ
2764 4090 2877 4156 ζῶα
2897 4109 2911 4122 ⁸
2939 4093 3032 4146 καὶ
3062 4093 3172 4164 γάρ
3206 4093 3270 4164 δὴ
3294 4092 3404 4145 τῶν
3430 4091 3528 4161 μὲν
3554 4088 3765 4159 ἀνθρώ-

2180 4203 2297 4240 πων
2329 4185 2480 4240 λάθοι
2533 4202 2619 4249 τις
2652 4186 2718 4239 ἂν
2752 4186 2881 4251 ίσως
2906 4185 3029 4239 τινὰ
3057 4185 3217 4240 τοῦτο
3259 4185 3544 4257 πράττων·
3582 4183 3674 4235 τὸν
3707 4181 3764 4235 δὲ

2180 4277 2313 4331 Θεὸν
2369 4277 2653 4348 ἀμήχανον
2708 4280 2803 4332 καὶ¹
2848 4278 3049 4332 λαθεῖν.
3098 4278 3161 4330 Εἰ
3205 4276 3383 4331 τοίνυν
3435 4275 3622 4329 θυτεον
3661 4273 3762 4344 μὲν

481 4415 722 4495 πάστους
753 4415 1151 4498 ὲξάνθρώπων.
1168 4415 1469 4485 γεγονέναι,
1499 4432 1735 4498 quorum
1776 4415 2073 4498 neutcnlisf

2183 4427 2424 4498 utroque
2443 4432 2693 4495 manu“:
2720 4418 3018 4498 legebatur.

482 4488 931 4558 simumquidem
965 4488 1252 4558 vestigium
1287 4489 1816 4558 superesset.Atque
1839 4488 1920 4558 illi
1944 4497 2074 4541 sunt

479 4571 623 4626 quos
674 4557 866 4620 ἀθέους
914 4555 1165 4612 vocabat.
1203 4555 1430 4621 Contra,
1480 4555 1743 4613 Bassaros
1799 4555 2071 4625 (Bassara

481 4626 666 4698 Lydia:
694 4627 953 4695 oppidum
991 4628 1114 4690 fuit,
1149 4629 1295 4681 unde
1335 4627 1547 4682 Baccho
1574 4628 1826 4682 Bassarei
1862 4642 2070 4696 cogno-

479 4700 794 4768 mentum),
844 4709 979 4751 πτειν
1023 4699 1261 4767 quodam
1309 4713 1374 4752 ac
1423 4698 1608 4752 furore
1660 4698 2068 4767 superstitionis

480 4771 759 4840 abreptos,
805 4778 1093 4840 taurorum
1137 4768 1525 4840 irnmolationi,
1557 4770 1653 4822 καὶ
1674 4769 1774 4840 τὴν
1822 4768 1931 4822 τῶν
1976 4769 2069 4822 ἀν-

484 4838 878 4909 Ορωποθυσιῶν
908 4837 1075 4909 βοράν
1110 4839 1417 4903 addidisse;
1463 4855 1604 4909 quos
1647 4837 1930 4909 propterea
1961 4855 2064 4891 κα-

481 4913 755 4979 κόφρονας
785 4911 1110 4978 appellabat,
1142 4911 1288 4978 quod
1321 4925 1544 4978 pravam
1564 4912 1642 4979 ide
1670 4910 1774 4964 diis
1802 4909 2065 4964 deorum-

481 4978 783 5047 quesensu
814 4980 1131 5048 opinionem
1167 4980 1532 5035 imbibissent.
1562 4978 1672 5035 Hos
1701 4981 1909 5035 mutuis
1940 4980 2066 5034 inde

483 5051 800 5104 vulneribus
827 5050 1058 5104 periisse
1083 5050 1267 5104 tradit.

483 5065 800 5105 VUIHBI‘IDUS
827 5065 1058 5105 DCI'IISSC
1083 5065 1267 5105 ll'aﬂll.

557 5066 800 5105 inermus
827 5066 1058 5119 pernsse
1083 5066 1267 5105 tradit.

552 5120 663 5189 (57)
704 5115 815 5175 ’Ὧν
842 5118 941 5190 δή.
976 5119 1111 5175 Eod.
1150 5120 1271 5176 loco
1296 5118 1477 5190 p.158
1504 5135 1657 5175 nova:
1693 5120 1825 5174 edit.

552 5136 663 5189 tat)
713 5136 815 5175 ’.υν
842 5136 901 5174 οι
927 5158 941 5172 .
976 5136 1111 5175 non.
1150 5136 1271 5176 loco
1296 5137 1348 5190 p.
1374 5136 1513 5174 ιοδι

552 5190 666 5260 (58)
694 5193 805 5245 Καὶ
835 5136 981 5262 mir.
1016 5190 1283 5262 Porphyr.
1318 5191 1513 5259 p.140.

549 5262 664 5330 (59)
699 5260 852 5331 38.1.1"
875 5260 989 5319 οὖν
1018 5260 1367 5331 myope,
1399 5262 1517 5315 ἀλλ’
1538 5262 1623 5331 ὅτι
1654 5279 1740 5330 γε.

550 5327 662 5400 (60)
689 5327 814 5386 Οὖν
839 5327 1048 5403 ταῦτα’.
1114 5327 1315 5403 Porph.
1353 5327 1509 5389 delet
1564 5327 1678 5399 οὖν,
1723 5331 1851 5403 quia
1907 5332 2062 5401 prius

478 5399 569 5453 ὃτι
590 5418 679 5469 γε,
707 5417 816 5472 non
842 5399 935 5457 οὖν
972 5420 1056 5472 γε.

554 5472 666 5543 (61)
728 5471 825 5539 Μὴ
872 5470 1206 5540 ἐθέλοντος.
1255 5470 1487 5543 Porph.,
1539 5472 1613 5544 μὴ
1671 5474 1734 5526 ἐκ
1791 5471 2058 5536 θέλοντος,

481 5544 627 5613 quod
654 5544 859 5597 rectius
886 5545 1118 5597 videtur.
1139 5545 1295 5609 Quod
1322 5543 1737 5613 scquitur,’r:6);
1762 5544 1873 5613 γάρ
1889 5544 2054 5605 ὅσιον,

482 5612 1133 5685 ἀδικουμ..ειηθηάιιιυιη
1177 5636 1206 5673 a
1245 5614 1403 5685 nobis
1444 5623 1547 5679 est,
1587 5630 1711 5668 cum
1756 5613 1808 5685 in
1844 5612 2056 5668 excuso

482 5682 689 5738 Euseb.
735 5684 1023 5754 legeretur,
1042 5687 1171 5755 mli;
1229 5683 1338 5755 γάρ
1378 5683 1544 5755 ὅσιον,
1606 5685 1707 5736 οὐκ
1738 5683 1905 5746 ἀδικ.,
1932 5700 2055 5752 qua:

484 5756 697 5824 negatio
729 5769 952 5810 sensum
981 5754 1221 5823 tollebat,
1255 5754 1355 5809 nec
1397 5754 1451 5808 in
1511 5754 1836 5824 Porphyrio,
1866 5771 1965 5811 nec
1995 5757 2049 5809 in

2252 4478 2363 4557 (θεὲ)
2390 4486 2465 4542 lb.
2489 4489 2735 4555 καρπῶν
2763 4478 2799 4541 ὅ
2818 4487 3131 4557 ἁψάμενος
3160 4478 3758 4551 ἁλλοτρίων.Ροι·ριι.,

2177 4556 2423 4630 καρποὺς
2443 4561 2471 4612 ὁ
2493 4558 2826 4630 ἀφελόμενος
2852 4556 3049 4612 ἄλλων.

2248 4627 2358 4698 (65)
2412 4627 2745 4697 Τιμιώτατα.
2782 4629 3008 4698 Porph..
3049 4627 3369 4698 τιμιώτερα.

2248 4696 2532 4769 (sumta
2563 4700 2809 4767 γίνεται.
2852 4697 3079 4766 Porph.,
3106 4696 3507 4769 οὔτω-γίνεται.

2249 4766 2359 4838 (65)
2412 4766 2760 4837 Ἀφεάιτέοκ
2786 4768 3081 4838 Porphyr.,
3108 4782 3171 4838 p.
3207 4766 3330 4838 Mi.

2248 4832 2359 4911 (66)
2386 4832 2564 4893 Ὦοῖτε
2602 4841 2702 4892 καὶ
2750 4838 2872 4911 τῶν
2898 4832 3079 4911 rainy.
3103 4832 3475 4911 Pogphupag.
3513 4832 3637 4911 162.

2246 4905 2360 4981 (67)
2396 4912 2566 4981 Τίνος
2596 4910 2792 4963 ἕνεκα.
2821 4908 3076 4981 l.egend.,
3099 4922 3163 4981 ex
3189 4905 3645 4981 Ρο-Γμιιλυῖτούτων
3672 4921 3757 4957 τι-

2170 4976 2263 5045 νὸς
2289 4976 2471 5034 ἕνεκα.
2507 4979 2640 5034 Illud
2687 4995 2817 5034 vero
2860 4976 3067 5031 τούτων
3098 4979 3165 5032 ad
3210 4978 3311 5030 tria
3366 4977 3455 5031 illa
3500 4978 3755 5035 refertur,

2168 5068 2293 5119 qua:
2318 5061 2579 5121 tanquam
2605 5049 2750 5105 solas
2782 5046 3755 5121 lmmolandorum‘_animalium_cau-

2170 5117 2284 5187 sas,
2314 5117 2477 5193 paulo
2503 5131 2628 5175 ante
2650 5121 2969 5190 protulerat,
2991 5133 3132 5188 quas
3162 5118 3354 5172 ordine
3379 5133 3444 5172 ac
3478 5117 3754 5188 sigillatini

2170 5193 2259 5247 hic
2285 5193 2504 5246 refellit.

2244 5262 2356 5333 (68)
2382 5264 2494 5317 "Ar
2510 5279 2600 5327 τις
2633 5259 2958 5331 τυγχάνειν
3005 5256 3233 5328 ήμώνῆ
3284 5259 3450 5326 Θεός.
3482 5256 3753 5326 Porphyr.

2167 5332 2310 5390 delet
2337 5350 2421 5396 τις
2454 5333 2586 5403 εικῆ,
2619 5344 2783 5403 recte.
2910 5400 2953 5403 μ
3152 5334 3165 5347 ”

2242 5404 2351 5476 (69)
2382 5402 2435 5455 Ὀ
2464 5397 2576 5473 γὰρ
2596 5402 2785 5476 ἀδίκῳ
2805 5400 3040 5471 πράξει,
3058 5409 3165 5476 etc.
3184 5400 3416 5472 Interpr.
3459 5397 3725 5476 Porphyr.

2164 5469 2296 5530 sic':
2333 5469 2608 5538 Quicnim
2656 5469 2855 5543 injuste
2905 5472 3132 5543 agendo,
3194 5469 3348 5525 cavet
3392 5469 3746 5539 supplicium.

2161 5546 2542 5614 formidolosus
2591 5554 2691 5607 est,
2745 5559 2909 5613 neque
2941 5548 3067 5597 bene
3124 5544 3346 5614 meritus
3399 5558 3453 5614 αῖ
3486 5551 3747 5610 quoquam

2162 5613 2390 5685 gratiam
2415 5615 2694 5669 [cubiturus
2723 5626 2823 5678 est,
2886 5629 3074 5678 sensu,
3111 5614 3163 5667 ni
3195 5613 3374 5676 fallor,
3404 5613 3562 5678 plane
3608 5621 3744 5660 con-

2161 5689 2347 5741 trario.
