4156 6436
428 373 538 431 265
1585 369 1911 426 PREPAR.
1948 369 2010 424 E‘

2112 369 2204 425 ιο.
2248 368 2374 423 LIB.
2410 368 2498 425 ιν.
3585 369 3694 425 266

429 485 634 541 τούτων
692 485 839 548 τινὸς
884 482 999 557 (70)
1049 483 1232 548 ἕνεκα,
1284 482 1498 546 οὐδενὸς
1528 483 1584 536 δὲ
1615 483 1822 537 τούτων
1853 482 2010 555 χάριν

2117 482 2397 538 beneﬁciis
2421 480 2702 537 referenda
2727 482 2901 553 gratia
2922 498 3022 554 par
3047 497 3173 539 esse
3196 482 3347 551 velit,
3370 481 3417 538 is
3447 481 3697 553 profecto

431 577 562 631 αὐτὸ
594 577 886 649 πρακτέον,
924 575 1084 646 δῆλον
1137 575 1213 638 ὡς
1247 575 1307 628 ού
1339 574 1525 629 θυτέον
1559 576 1678 629 ἐστὶ
1716 574 1786 628 τά
1813 574 1927 638 ζῶα
1951 573 2010 627 τὸ

2122 591 2216 645 per
2241 576 2474 630 alienam
2494 574 2751 645 injuriam
2781 575 2884 631 hoc
2910 575 3089 631 facere
3121 591 3234 631 non
3260 574 3494 630 debeat:
3533 589 3695 629 secus

433 669 691 739 παράπαν
718 669 829 731 τοῖς
861 667 1022 731 θεοῖς.
1058 667 1169 719 Καὶ
1200 667 1364 720 πάλιν
1394 667 1653 735 ὲπιλέγει’
1693 685 1711 718 ι
1753 667 1878 729 Τοῖς
1915 666 2010 736 μὲν

2119 667 2317 733 enim,.
2346 666 2567 735 perinde
2621 667 2849 737 gratiam
2902 682 3166 737 reponere
3211 666 3482 732 videatur,
3544 673 3605 719 ut
3651 666 3699 720 si

428 759 538 830 γὰρ
565 759 676 830 (Η)
731 761 765 831 ἡ
812 760 974 830 φύσις
1015 760 1114 813 καὶ
1167 760 1317 812 πᾶσα
1366 758 1475 812 τῶν
1511 758 1817 830 ἀνθρώπων
1844 760 1879 829 ἡ
1911 757 2010 829 τῆς

2122 760 2247 829 quis
2265 758 2426 813 rebus
2452 758 2540 824 iis,
2567 759 2770 828 quibus
2792 774 2823 813 e
2847 759 3041 815 vicinis
3058 759 3297 829 aliquem
3313 773 3411 828 per
3436 757 3544 812 vim
3566 771 3698 826 spo-

428 852 606 923 ψυχῆς
637 853 888 924 αἴσθησις
917 852 1215 923 δρωμένοις
1250 851 1649 923 συνηρέσκοντο
1671 851 1806 922 (72).

2120 848 2329 912 liasset,
2382 847 2611 902 alterum
2664 847 2860 903 deinde
2925 848 3009 903 vel
3052 848 3302 903 beneﬁcii
3334 848 3421 904 vel
3471 846 3698 903 honoris

429 958 593 999 causa
658 944 905 1002 donaret.
937 943 1242 1011 Postremo,
1277 958 1379 998 nec
1418 943 1604 999 animo
1648 958 1869 1014 quoque
1914 939 2045 997 boni
2084 940 2154 995 ab
2206 940 2327 1010 ipso
2357 939 2654 1009 quidquam
2690 939 3036 1009 impetrandi.
3086 938 3347 1009 Quisquis
3394 938 3542 994 enim
3586 951 3699 992 ma-

430 1036 604 1092 leﬁcio
624 1036 950 1093 beneﬁcium
1001 1047 1327 1108 aucupatur,
1358 1052 1487 1094 eum
1537 1053 1605 1094 ne
1655 1047 1877 1108 accepto
1940 1036 2162 1107 quidem
2227 1035 2490 1091 beneﬁcio
2525 1035 2757 1105 gratiam
2791 1035 3106 1091 habiturum
3170 1035 3365 1090 merito
3392 1033 3697 1104 suspicere.

429 1127 720 1193 Quarenec
747 1141 844 1196 spe
869 1128 1116 1183 beneﬁcii
1157 1128 1459 1182 animantia
1512 1128 1618 1184 diis
1650 1127 2008 1184 sacriﬁcanda
2045 1134 2226 1182 erunt.
2257 1125 2395 1181 Nam
2459 1136 2518 1182 ut
2577 1126 2865 1181 hominum
2892 1123 3033 1181 forte
3060 1126 3374 1197 quempiam
3405 1124 3697 1181 mactanda

428 1221 705 1275 animante
742 1220 913 1276 latere
944 1222 1145 1292 possis,
1215 1221 1388 1277 Deum
1427 1231 1575 1278 certe
1623 1223 1850 1294 quidem
1915 1223 2086 1278 latere
2125 1238 2406 1293 nunquam
2431 1221 2653 1294 poteris.
2685 1220 2743 1276 Si
2782 1236 2912 1292 ergo
2948 1221 3280 1277 sacriﬁcium
3311 1236 3474 1276 omne
3502 1235 3698 1276 causa-

427 1327 550 1367 rum
573 1311 804 1367 istarum
828 1327 892 1368 ex
916 1312 1097 1383 aliqua
1134 1312 1247 1368 ﬁeri
1272 1313 1452 1381 debet,
1513 1329 1615 1369 nec
1661 1323 1845 1370 tamen
1875 1329 1943 1369 ex
1983 1314 2052 1370 iis
2090 1313 2200 1369 ulla
2232 1313 2368 1369 caedi
2429 1313 2750 1369 animalium
2780 1312 3132 1383 suffragatur,
3159 1311 3409 1383 sequitur
3453 1310 3698 1382 profecto

427 1406 635 1460 nullum
666 1422 907 1478 unquam
937 1408 1138 1463 animal
1182 1408 1287 1464 diis
1338 1408 1628 1463 immolare
1683 1407 1770 1464 las
1794 1423 1936 1464 esse.
1972 1407 2052 1464 Ac
2085 1423 2281 1464 rursus
2340 1407 2551 1478 aliquot
2595 1406 2934 1476 interjectis:
2971 1423 2990 1457 ι
3012 1404 3121 1461 lsto
3176 1406 3345 1473 enim,
3378 1404 3577 1475 inquit,
3607 1418 3698 1459 sa-

426 1499 759 1556 criﬁciorum
788 1517 985 1573 genere
1012 1518 1139 1559 cum
1183 1511 1379 1559 natura
1450 1505 1728 1573 universa,
1785 1513 1901 1560 tum
1952 1506 2266 1561 communis
2315 1505 2434 1575 ipse
2494 1505 2777 1560 hominum
2808 1502 3055 1558 omnium
3087 1501 3255 1556 animi
3302 1516 3500 1557 sensus
3547 1498 3697 1555 dele—

428 1596 700 1652 ctabatur.

438 1692 675 1768 Ταύρων
692 1692 800 1768 (75)
823 1693 874 1747 δ’
888 1694 1198 1768 ἀ-κρὰτοισι
1210 1698 1420 1767 φόνοις
1445 1700 1518 1768 οὐ
1533 1698 1738 1753 δεύετο
1770 1697 2000 1768 βωμὸς,

445 1760 623 1839 ᾏλλὰ
631 1760 833 1839 μύσος
844 1760 999 1839 τοῦτ’
1016 1760 1291 1839 ἐσκεκ⁷ὲν
1307 1760 1673 1839 ἀνθρώποισι
1688 1760 2001 1839 minimi,

436 1823 650 1900 Θυμὸιῖ
677 1823 1141 1903 ἀπορῤήσαντας
1176 1838 1287 1909 (74)
1325 1823 1599 1908 ἐέὸμεναι
1638 1823 1743 1907 ﬂia.
1775 1823 1941 1909 εγυῖα.
1984 1823 2004 1890 ἱ
2042 1823 2083 1879 Β

428 1946 540 1999 Καὶ
576 1946 695 2017 μεθ’
745 1946 933 2020 ἕτεραο
964 1968 982 2002 ι
1016 1950 1181 2005 Ὅταν
1213 1952 1269 2005 δὲ
1316 1953 1437 2018 νέος
1469 1953 1579 2025 (75)
1613 1952 1770 2019 θεοὺς
1801 1954 2013 2027 χαίρειν

430 2034 802 2103 πολυτελείαις
856 2037 990 2109 γνῷ,
1024 2041 1139 2103 καὶ,
1171 2041 1246 2106 ῶς
1275 2059 1428 2112 φασι,
1462 2046 1583 2106 ταῖς
1607 2041 1717 2096 τῶν
1757 2041 1895 2113 βοῶν
1920 2044 2014 2097 καὶ

434 2128 611 2183 ἄλλων
641 2124 794 2193 ζώων
819 2129 1042 2197 θοίναις,
1068 2133 1183 2187 πότ’
1208 2133 1273 2189 ἂν
1300 2133 1442 2188 ἑκὼν
1471 2133 1580 2206 (76)
1606 2137 2010 2206 σωφρονήσειε;

430 2219 548 2284 πῶς
592 2220 671 2287 δὲ,
726 2223 1100 2294 κεχαρισμένα
1164 2223 1311 2277 θύειν
1355 2224 1659 2296 ἡγούμενος
1697 2228 1812 2290 τοῖς
1870 2226 2013 2291 θεοῖς

428 2312 619 2380 ταῦτα,
654 2314 755 2368 οὐκ
783 2315 982 2380 ἐξεῖναι
1003 2315 1207 2369 ἀδικεῖν
1244 2318 1485 2389 οἰήσεται
1518 2318 1696 2372 αὐτῶν
1722 2317 1854 2391 (77),
1888 2318 2015 2391 μέλ-

429 2406 571 2460 λοντι
595 2406 683 2460 διὰ
709 2406 817 2461 τῶν
837 2407 1037 2461 θυσιῶν
1064 2406 1375 2474 ἐξωνεῖσθαι
1402 2408 1500 2481 τὴν
1529 2410 1806 2482 ἁμαρτίαν
1831 2427 1846 2477 ;
1888 2411 2015 2464 Πει-

432 2499 578 2563 σθεὶς
605 2499 661 2553 δὲ
679 2501 761 2553 ὅτι
790 2500 996 2555 τούτων
1020 2501 1208 2572 χρείαν
1238 2501 1339 2554 οὐκ
1366 2500 1581 2573 ἔχουσιν
1603 2503 1652 2555 οἱ
1675 2501 1807 2567 θεοὶ,
1841 2504 1922 2567 εἰς
1953 2503 2011 2556 δὲ

426 2592 488 2644 τὸ
509 2588 637 2663 ἦθος
660 2592 1146 2647 ἀποϐλέπουσιτῶν
1168 2594 1519 2666 προσιόντων,
1537 2596 1799 2668 μεγίστην
1820 2594 2010 2650 θυσίαν

426 2684 792 2756 λαμὸἀνοντες
817 2686 915 2759 τὴν
942 2686 1108 2759 ὀρθὴν
1151 2688 1282 2759 περ)⁴
1313 2687 1490 2741 αὐτῶν
1517 2705 1577 2741 τε
1612 2688 1707 2743 καὶ
1734 2689 1843 2743 τῶν
1871 2706 2006 2761 πρα-

425 2778 650 2848 γμάτων
668 2777 938 2850 διάληψιν,
952 2778 1070 2843 πῶς
1083 2779 1144 2831 οὐ
1160 2777 1391 2852 σώφρων
1402 2781 1497 2834 καὶ
1507 2780 1736 2847 δίκαιος,
1748 2782 1844 2835 καὶ
1859 2783 2004 2847 ὅσιος

426 2867 628 2935 East-at;
649 2869 789 2933 θεοῖς
816 2869 874 2924 δὲ
890 2871 1085 2942 ἀρίστη
1109 2869 1206 2942 μὲν
1223 2871 1466 2943 ἀπαρχὴ,
1499 2871 1622 2936 νοῦς
1643 2872 2008 2941 καθαρὸς,καὶ

425 2960 574 3032 ψυχὴ
602 2961 850 3034 ἀπαθής⁹
885 2964 1081 3018 οἰκεῖον
1104 2965 1163 3018 δὲ
1191 2963 1360 3017 καὶτὸ
1379 2963 1611 3036 μετρίων
1636 2965 1736 3035 μὲν
1764 2966 2011 3038 ἀπάρχε-

430 3051 556 3107 σθαι
576 3052 683 3107 τῶν
704 3053 900 3118 ἄλλων,
920 3056 994 3126 μὴ
1013 3056 1306 3128 παρέργως
1329 3056 1408 3120 δὲ,
1432 3056 1567 3109 ἀλλά
1584 3058 1682 3110 σὺν
1704 3058 1853 3131 πάσῃ
1882 3074 2015 3130 προ-

2112 1694 2514 1761 Taurorumque
2544 1705 2704 1743 cruor
2718 1704 2824 1743 non
2850 1687 3022 1761 ιιιιιιηι
3045 1686 3218 1761 altare
3239 1686 3473 1761 rigabat,

2110 1756 2438 1835 lnfandiqae'
2465 1777 2640 1835 omnes
2667 1771 2780 1835 tu_m_
2805 1759 3043 1835 criminis
3072 1759 3249 1835 instar
3266 1756 3551 1819 habebant,

2112 1829 2250 1891 Aate
2273 1829 2457 1888 avulsa
2485 1831 2666 1884 anima
2694 1830 2817 1883 dein
2843 1829 3063 1899 pinguia
3094 1829 3329 1881 membra
3351 1842 3556 1880 vorare.
3592 1842 3614 1878 ι

2117 1951 2428 2021 lterumque
2479 1955 2603 2018 post
2657 1944 2763 2001 alia
2811 1944 3102 2014 quaedam:
3136 1960 3154 1993 ι
3190 1940 3292 1997 Ubi
3321 1951 3503 1996 autem
3531 1940 3693 1996 intel-

2116 2040 2309 2098 lexerit
2362 2038 2719 2102 adolescens,
2777 2034 2990 2105 magnis
3044 2032 3384 2103 sumptibus,
3446 2030 3695 2103 adeoque

2113 2134 2302 2201 boum,
2335 2140 2397 2187 ut
2420 2131 2717 2201 loquuntur
2741 2127 2853 2195 isti,
2890 2142 2955 2182 ac
2979 2135 3301 2182 caeterorum
3330 2126 3694 2182 animantium

2114 2224 2290 2295 epulis
2322 2223 2456 2278 deos
2479 2222 2628 2292 ipsos
2660 2218 2941 2283 delectari,
2968 2223 3068 2290 qui
3110 2217 3227 2273 ﬁeri
3255 2227 3439 2288 queat,
3467 2227 3526 2272 ut
3547 2216 3692 2288 frugi

2114 2332 2181 2372 ac
2202 2325 2516 2384 temperans
2548 2326 2672 2367 esse
2711 2310 2884 2366 velit?
2926 2309 3180 2380 Idemque
3216 2309 3264 2365 si
3290 2317 3542 2378 acceptas
3569 2323 3693 2364 esse

2114 2411 2222 2467 diis
2274 2407 2592 2483 hujusmodi
2648 2406 2905 2462 victimas
2953 2404 3248 2476 putaverit,
3304 2404 3581 2476 quomodo
3632 2403 3690 2456 in

2114 2503 2359 2558 animum
2386 2499 2630 2565 inducat,
2681 2497 2944 2553 scelerate
2991 2494 3172 2551 facere
3200 2495 3304 2551 sibi
3338 2510 3448 2550 non
3505 2493 3693 2556 licere,

2115 2594 2210 2666 qui
2242 2592 2530 2650 sacriﬁciis
2577 2591 2847 2646 maleﬁcia
2903 2590 3174 2645 redimere
3200 2604 3260 2645 se
3293 2602 3454 2658 posse
3477 2584 3696 2642 videat?

2115 2686 2321 2742 Contra
2345 2698 2497 2751 vero,
2546 2681 2590 2738 si
2633 2681 2765 2737 deos
2813 2680 2951 2735 nihil
3008 2681 3131 2736 istis
3160 2679 3417 2735 omnibus
3448 2677 3694 2748 indigere

2114 2777 2224 2835 sibi
2254 2774 2620 2848 persuaserit,
2676 2773 2771 2829 sed
2811 2774 2868 2826 in
2919 2787 3110 2828 eorum
3154 2772 3358 2842 potius,
3411 2786 3443 2825 a
3492 2769 3698 2840 quibus

2115 2871 2408 2937 adeuntur,
2434 2881 2617 2923 mores
2646 2864 2871 2930 intueri,
2944 2864 3240 2935 magnique
3291 2861 3547 2918 sacriﬁcii
3594 2861 3697 2917 ba-

2114 2963 2244 3019 bere
2272 2962 2394 3017 loco
2421 2968 2629 3016 rectam
2665 2957 2734 3013 de
2785 2972 2846 3014 se
2875 2958 3009 3027 ipsis
3046 2957 3223 3026 deque
3254 2970 3439 3010 rerum
3464 2954 3693 3010 veritate

2114 3054 2440 3114 sententiam
2472 3093 2495 3125 ,
2516 3050 2708 3106 ﬁerine
2745 3051 2965 3120 poterit,
2995 3048 3129 3118 quin
3182 3054 3236 3102 et
3283 3055 3615 3116 temperans,
3637 3055 3693 3103 et

370 3160 383 3171 ·
427 3143 599 3216 θυμία
616 3163 628 3175 ·
659 3147 894 3200 ἐοικέναι
909 3147 1015 3216 γάρ
1033 3147 1098 3220 δὴ
1113 3147 1213 3212 τὰς
1227 3148 1393 3219 τιμὰς
1406 3150 1525 3211 ταῖς
1541 3149 1633 3201 ἐπὶ
1653 3148 1763 3203 τῶν
1789 3149 2010 3220 ἀγαθῶν

2112 3146 2317 3220 justus,
2363 3153 2419 3201 et
2451 3153 2676 3200 sanctus
2719 3142 2959 3199 evadat?
3012 3139 3305 3195 Enimvero
3326 3154 3451 3194 cum
3477 3138 3695 3195 sincera.

425 3236 758 3308 προεδρίαις,
793 3238 1198 3293 ὑπαναστάσεσί
1234 3239 1348 3311 (78)
1383 3257 1443 3293 τε
1475 3240 1570 3294 καὶ
1600 3240 2009 3308 κατακλίσεσιν,

424 3330 486 3383 οὐ
531 3330 837 3396 συντάξεων
877 3332 1075 3386 δόσεσι.
1117 3351 1136 3383 ι
1174 3331 1371 3402 Σαφῶς
1411 3332 1476 3404 δὴ
1502 3332 1591 3387 διά
1628 3332 1832 3387 τούτων
1869 3332 2013 3388 κατά

423 3421 552 3485 τοὺς
595 3421 858 3494 Ἕλληνας
904 3424 999 3477 καὶ
1038 3425 1165 3489 τοὺς
1203 3423 1409 3479 τούτων
1449 3423 1774 3495 φιλοσόφους
1803 3424 2012 3495 ὡμολο-

426 3512 589 3583 γήθη,
633 3514 715 3566 ὅτι
756 3513 906 3568 οὐδὲν
957 3513 1200 3587 ἔμψυχον
1253 3514 1441 3588 τυθείη
1494 3515 1562 3570 ἂν
1609 3517 1848 3586 εὐλόγως
1900 3518 2012 3582 τοῖς

426 3599 588 3666 θεοῖς’
617 3604 830 3659 ἀνόσιον
858 3605 967 3677 γὰρ
999 3607 1092 3659 καὶ
1120 3605 1306 3661 ἄδικον
1337 3608 1435 3660 καὶ
1461 3606 1751 3671 metues;
1777 3603 1917 3661 εἶναι
1949 3606 2012 3661 τὸ

426 3694 679 3764 πρᾶγμα,
706 3696 806 3749 οὐκ
834 3695 1112 3769 ἀλλότριόν
1137 3716 1197 3751 τε
1229 3700 1452 3769 μύσους.
1480 3700 1595 3753 Οὐκ
1620 3695 1691 3771 ἦν
1720 3698 1828 3771 ἄρα
1870 3700 2008 3768 θεὸς,

423 3783 547 3837 οὐδέ
580 3803 663 3850 τις
691 3787 931 3860 ἀψευδὴς
960 3790 1056 3843 καὶ
1090 3789 1295 3859 ἀγαθὸς
1333 3791 1543 3862 δαίμων
1568 3793 1597 3845 ό
1626 3792 1726 3855 τάς
1752 3791 1818 3844 δι’
1846 3792 2011 3863 αἱμά-

424 3892 532 3929 των
566 3876 748 3942 λοι6άς
771 3897 831 3932 τε
860 3881 955 3934 καὶ
983 3880 1209 3946 κνίσσας
1253 3882 1436 3955 μικρῷ
1475 3882 1711 3956 πρόσθεν
1750 3884 2013 3956 εἰσπρατ-

423 3967 648 4036 τόμενος
689 3973 1028 4043 χρησμῳδός·
1077 3975 1186 4028 οὐδ’
1210 3976 1409 4028 ἐκεῖνοι
1441 3976 1665 4040 πάντες,
1701 3970 1783 4040 οἷς
1809 3978 1838 4030 ὁ
1875 3994 2012 4049 χρη-

427 4057 566 4127 σμὸς
596 4057 741 4115 θύειν
771 4062 887 4127 ζῶα
914 4066 1372 4138 παρεκελεύσατο*
1400 4067 1600 4122 πλάνον
1624 4068 1731 4140 ἄρα
1754 4069 1848 4123 καὶ
1869 4070 2011 4123 ἀπα-

423 4150 621 4218 τεῶνα,
652 4153 745 4205 καὶ
774 4158 1007 4228 πονηρὸν
1046 4159 1305 4231 ἄντικρυς
1340 4158 1571 4230 δαίμονα
1594 4161 1700 4232 χρὴ
1726 4160 1891 4230 φάναι
1918 4162 2011 4218 τὸν

423 4244 924 4318 καταψευσάμενον,
951 4251 1045 4301 καὶ
1067 4250 1222 4314 θεοὺς
1249 4252 1377 4315 τοὺς
1410 4251 1484 4323 μὴ
1508 4252 1668 4317 ὄντας
1694 4254 2006 4323 ἀνειπόντα,

422 4337 517 4390 καὶ
551 4338 931 4410 προστάξαντα
977 4340 1051 4412 μὴ
1094 4342 1252 4412 μόνον
1291 4346 1404 4407 τοῖς
1443 4344 1696 4415 χθονίοις,
1735 4346 1872 4400 ἀλλὰ
1913 4348 2009 4402 καὶ

419 4433 536 4496 τοῖς
558 4433 828 4504 οὐρανίοις
854 4433 958 4487 κά).
981 4434 1264 4506 ἀστραίοις
1293 4434 1605 4499 ζωοθυτεῖν.
1629 4438 1794 4502 Τίνας
1831 4434 1926 4494 οὖν
1957 4441 2007 4494 εί

2114 3256 2292 3307 mens,
2320 3247 2375 3294 et
2396 3237 2612 3292 animus
2638 3237 2707 3291 ab
2734 3233 3204 3304 omnicupiditate
3237 3246 3447 3287 vacuus
3476 3231 3700 3302 optimae

2112 3331 2339 3386 deorum
2364 3326 2619 3399 primitia:
2641 3325 2770 3393 sint,
2804 3340 2914 3380 non
2937 3323 3178 3378 alienum
3206 3330 3390 3376 tamen
3417 3320 3486 3376 ab
3502 3319 3696 3376 iisdem

2111 3423 2297 3487 fuerit,
2326 3420 2432 3475 alia
2467 3418 2715 3489 quaedam
2742 3419 2876 3490 ipsis
2897 3415 3124 3471 modicae
3143 3429 3208 3471 ac
3235 3413 3411 3470 facilis
3436 3412 3700 3485 impensa:

2112 3517 2309 3581 libare,
2334 3515 2379 3570 si
2411 3522 2594 3567 tamen
2624 3512 2680 3567 id
2715 3527 2825 3567 non
2853 3510 2993 3567 dicis
3022 3523 3211 3575 causa,
3259 3506 3361 3564 sed
3403 3507 3555 3563 omni
3583 3514 3702 3561 stu-

2111 3610 2203 3666 dio
2225 3617 2280 3664 et
2308 3606 2516 3678 prolixa
2539 3605 2821 3660 voluntate
2843 3603 2939 3658 ﬁat
2971 3622 2984 3657 :
3020 3602 3291 3673 siquidem
3332 3601 3423 3657 isti
3469 3601 3697 3657 deorum

2113 3702 2375 3767 honores,
2408 3698 2747 3757 solemnibus
2777 3695 2925 3766 apud
2955 3695 3107 3751 viros
3148 3693 3307 3765 153
3350 3693 3530 3749 bonos
3554 3707 3699 3763 pra:—

2113 3792 2350 3860 sidendi,
2380 3789 2729 3862 assurgendi,
2766 3803 2831 3844 ac
2854 3784 3236 3843 discumbendi
3264 3783 3575 3841 rationibus
3622 3783 3701 3838 si-

2111 3885 2270 3941 miles
2302 3884 2529 3956 putandi
2554 3892 2703 3949 sunt,
2729 3896 2839 3936 non
2862 3877 3212 3950 vectigalium
3252 3875 3633 3947 pensionibus.
3671 3894 3692 3929 ι

2111 3974 2191 4031 Ex
2222 3975 2310 4033 his
2332 3974 2577 4047 profecto
2631 3971 2918 4029 manifeste
2955 3970 3146 4041 liquet,
3197 3967 3281 4024 vel
3329 3968 3451 4040 ipso
3479 3966 3700 4024 Graeco-

2111 4083 2235 4123 rum
2273 4067 2582 4130 hominum,
2613 4063 2820 4135 quique
2850 4062 2996 4133 apud
3039 4061 3193 4131 ipsos
3227 4059 3491 4142 exstitere
3516 4057 3699 4129 philo-

2112 4159 2413 4229 sophorum
2448 4170 2634 4221 sensu,
2660 4155 2800 4210 nihil
2820 4151 3051 4207 animati
3082 4150 3190 4206 diis
3228 4147 3531 4205 sacriﬁcari
3575 4146 3701 4218 jure

2110 4267 2313 4324 posse:
2343 4264 2459 4305 rem
2487 4248 2690 4319 quippe
2752 4243 3045 4308 nefariam,
3093 4242 3343 4311 inquam,
3391 4254 3457 4295 ac
3514 4238 3702 4309 perni-

2112 4344 2319 4400 ciosam
2366 4355 2509 4407 esse,
2561 4348 2727 4408 atque
2747 4333 3115 4392 exsecrationi
3164 4332 3496 4404 proximam.
3552 4329 3700 4386 Deus

2110 4437 2277 4508 igitur
2314 4433 2572 4489 fatidicus
2607 4431 2709 4486 iste
2756 4443 2869 4485 non
2911 4434 3051 4494 erat,
3102 4425 3216 4481 imo
3245 4438 3348 4481 nec
3400 4437 3571 4480 verax
3599 4422 3699 4478 bo-'

346 4516 349 4517 ν
426 4524 500 4594 μὴ
534 4522 690 4589 θεοὺς
710 4525 836 4589 τοὺς
856 4524 1179 4597 εἰρημένους
1207 4526 1456 4591 ἅπαντας
1480 4529 1749 4600 προσήκει
1773 4527 1841 4583 ἂν
1867 4530 2004 4582 ὑπο-

2112 4544 2325 4600 nusque
2344 4526 2578 4583 daemon.
2602 4523 2699 4594 qui
2732 4528 2991 4579 cruentas
3018 4518 3186 4591 paulo
3243 4525 3371 4576 ante
3407 4514 3697 4573 libationes

497 4678 607 4750 (70)
651 4682 882 4737 Τούτων
930 4683 1113 4749 τινός.
1158 4683 1362 4755 Porph.
1410 4684 1628 4755 τούτων
1671 4699 1782 4739 non
1819 4685 2000 4740 habet.

423 4748 554 4824 Quae
575 4748 757 4806 tamen
785 4768 889 4807 vox
930 4748 1239 4810 neceSSaria
1268 4748 1387 4819 'est,
1419 4757 1549 4823 quia
1586 4753 2004 4824 Theophrastus

426 4819 605 4887 aliqua
644 4824 909 4879 duntaxat
930 4839 996 4879 ex
1022 4824 1128 4881 illis
1156 4828 1330 4881 tribus
1360 4819 1544 4881 causis
1580 4819 2001 4881 sacriﬁcandum

427 4903 547 4944 esse
584 4889 863 4948 docuerat.

424 5009 431 5022 .
498 4958 610 5030 (71)
647 4959 773 5025 Τοῖς
789 4962 904 5028 μὲν·
925 4963 1054 5034 γάρ.
1084 4966 1353 5037 Porphyr.
1378 4981 1430 5034 p.
1466 4964 1591 5030 172,
1624 4964 1722 5019 lin.
1757 4965 1807 5019 Ι.
1857 4964 1991 5020 Fru—

427 5040 612 5108 _c_t_uum
648 5040 841 5108 autem
873 5037 1141 5108 sacriﬁcia
1183 5037 1461 5108 intelligit,
1502 5051 1626 5108 quae
1662 5038 1778 5092 sola
1812 5037 2005 5107 primis

427 5101 535 5155 illis
595 5101 933 5170 temporibus
958 5100 1013 5155 in
1044 5119 1146 5159 usu
1175 5100 1409 5162 fuerant.

503 5170 612 5245 (Ῑὲ)
650 5169 1362 5245 Ρὸΐριιγιοη-συνηρέσκετο.

502 5240 616 5314 (75)
662 5240 920 5322 Ταύρώτ.
948 5240 1293 5367 Ειιιὲἑόοοιίε
1315 5257 1509 5298 versus
1528 5246 1619 5300 isti
1647 5255 1797 5312 sunt,
1828 5254 1890 5301 ut
1922 5246 2004 5302 di-

502 5321 572 5367 rte
624 5311 979 5367 Pornhvrtus.
1024 5354 1036 5366 .
1083 5313 1148 5367 ed
1200 5327 1301 5367 oro
1357 5314 1618 5367 ἀκράτοις
1676 5317 1804 5367 lenit
1847 5316 2004 5367 ἀκοί-

427 5311 979 5388 serte;Porphyrius.
1024 5311 1148 5368 .Sed
1180 5327 1310 5388 _pro_
1357 5314 1618 5388 ἀκράτοις
1676 5311 1804 5388 legit
1847 5316 2005 5388 ἀκρίέ

425 5399 561 5457 τοις,
593 5383 702 5438 hoc
727 5392 832 5457 est,
872 5383 958 5437 vel
1014 5383 1368 5457 promiscuis,
1393 5383 1479 5439 vel
1512 5383 1796 5457 Ainjustié:
1844 5383 2005 5457 quasi

428 5454 643 5509 miserm
665 5453 996 5526 animantes.
1041 5454 1245 5510 indicta
1294 5469 1462 5509 causa
1495 5453 2006 5526 daiiinatwjugula-

427 5535 635 5596 rentur.
673 5524 928 5596 ’Δκριτος
952 5539 1170 5596 quoque
1198 5526 1427 5596 rigidam
1452 5527 1610 5596 nimis
1633 5524 2005 5596 austeruinque

427 5592 1291 5666 signiﬁcat.Plutarch.,PompI,
1351 5595 1477 5661 674,
1520 5594 1582 5661 Β,
1621 5595 1763 5666 ἥ-τε
1805 5592 2003 5666 σεμνό-

427 5665 684 5737 1711996);
714 5664 962 5737 ἄκριτον,
994 5665 1111 5718 ἀλλ’
1134 5664 1369 5737 «εὔχαριν
1409 5665 1608 5736 ἔχουσα
1635 5664 1733 5737 τὴν
1761 5664 1999 5737 ὁμιλίαν.

500 5733 619 5806 (74)
659 5733 1167 5802 Ἀπορῤήσαντας,
1206 5733 1312 5790 etc.
1343 5733 1632 5806 Porphyr.,
1665 5733 2006 5806 ἀπορρέσαν-

428 5818 528 5867 τας
553 5805 825 5877 ὲέλμεναι,
863 5806 1048 5874 utique
1100 5807 1375 5861 vitiosius.
1427 5805 2005 5877 Conjiciebamampo

688 5963 699 5975 ,
747 5903 943 5964 Pam.
976 5901 1094 5964 Gn.
1136 5900 1312 5963 XXI.

2149 4682 2446 4743 αισαντας,
2499 4675 2646 4749 quod
2695 4684 2883 4749 postea
2941 4689 2997 4729 ιιι
3038 4672 3292 4749 alterae
3341 4684 3595 4749 manusc.
3638 4678 3694 4749 et

2149 4684 2446 4743 αισαντας,
2499 4684 2646 4749 quod
2695 4684 2883 4746 postea
2941 4689 2997 4729 ιιι
3054 4684 3227 4728 altero
3260 4687 3292 4728 e
3341 4684 3595 4726 manusc.
3638 4684 3694 4724 et

2112 4684 2282 4807 glont.
2340 4750 2541 4825 reperi.
2570 4745 2968 4825 Possctetiam
3027 4739 3699 4825 ἀπορρήξαντες-δειιυί-

2115 4833 2202 4878 tur
2226 4824 2320 4894 ἤϊα
2374 4810 2526 4889 γυῖα,
2589 4816 2866 4888 quomOdo
2906 4815 3011 4886 leg.
3070 4810 3283 4869 omnes.
3354 4810 3453 4867 Vix
3488 4821 3692 4873 tamen,

2112 4894 2299 4957 credo,
2329 4891 2573 4961 reperias
2620 4889 2740 4960 ἧῖα,
2763 4886 2911 4961 quod
2975 4884 3227 4961 adjectivi
3252 4884 3690 4961 loco_sun1atu_r;

2112 4971 2244 5019 sunt
2267 4949 2413 5017 enim
2441 4960 2510 5015 τὰ
2546 4949 2911 5032 ἧῖῷρτόῥςὶε,
2967 4949 3057 5008 τά’
3085 4954 3294 5032 ἐφόδια,
3324 4953 3395 5032 τᾲ
3428 4949 3551 5032 καθ’
3575 4949 3694 5032 etst

2114 5032 2400 5106 βρώματα.
2428 5019 2786 5086 Crediderim'
2808 5019 2914 5106 legi
2953 5019 3140 5106 posse
3169 5023 3294 5094 ὴέα,
3329 5023 3407 5106 ab
3434 5021 3558 5092 ἠΰς,
3588 5019 3695 5075 hoc

2107 5092 2196 5160 est
2234 5092 2394 5170 bona,
2420 5117 2545 5171 quae
2571 5108 2754 5171 tamen
2781 5092 3214 5171 pugnaeue?
3239 5092 3428 5171 malui.

2187 5116 2196 5158 ι
2234 5113 2394 5170 bona,
2420 5117 2545 5171 quas
2571 5113 2754 5155 tamen
2781 5113 3002 5219 ptngma
3032 5113 3214 5150 ulcere
3240 5113 3428 5147 malui.

2187 5173 2300 5247 (75)
2324 5173 2403 5247 lb.
2438 5171 2503 5247 (Ζἒ
2555 5170 2642 5225 10.
2666 5170 2835 5221 Ὅταν
2909 5166 2936 5220 ὲ
2963 5165 3102 5229 νέος.
3160 5162 3428 5234 Porphyr.
3472 5175 3529 5232 ι).
3560 5159 3691 5229 252,

2112 5243 2217 5301 sub
2237 5243 2357 5299 libri
2392 5259 2431 5298 ιι
2475 5243 2660 5297 tinem.

2186 5299 2300 5386 (76)
2321 5314 2457 5386 11(ξέ
2479 5310 2556 5386 ἂν
2578 5309 2753 5386 ὲκῴν.
2781 5305 2996 5386 Melius,
3020 5318 3189 5386 quam
3207 5299 3503 5386 Porphyp,
3532 5300 3691 5386 πάντ’

2112 5371 2361 5441 ἀνέκῶν.
2382 5380 2744 5454 ‘Legipossit,
2790 5376 2909 5439 πῶς
2940 5371 3054 5429 ἀνί
3074 5371 3279 5454 λζθιοθοῐ
3316 5371 3378 5454 ιιι
3398 5371 3696 5454 ’ίιιιει-ρικιι

2113 5458 2249 5511 satis
2280 5455 2348 5510 ad
2375 5442 2664 5522 Porphyrii
2717 5442 3145 5522 mentem,‘gais
3205 5442 3397 5522 modus
3448 5442 3690 5499 animum

2111 5525 2303 5580 volenti
2329 5525 2398 5578 ad
2450 5513 2628 5576 omnia
2657 5513 3192 5588 sapientergadhibere
3213 5515 3241 5571 7

2185 5595 2300 5674 (ῃ)
2334 5594 2477 5674 ιτςιε
2690 5586 2763 5674 ,ιιι
2782 5586 3050 5674 Poma;-

2185 5606 2277 5674 (Π
2334 5606 2477 5663 Lege
2503 5606 2673 5659 αυτῳ,
2700 5606 2763 5642 ιιι
2782 5606 3050 5656 rorpnyr.
3375 5654 3388 5668 .

2185 5606 2300 5737 (78)
2357 5657 2870 5737 ’Υιταναστᾴσεσμ
2927 5666 3035 5737 etc.
3100 5653 3268 5737 Male.
3301 5668 3448 5712 enim
3492 5667 3688 5737 escas.

2110 5724 2400 5806 Porphyr.,
2434 5728 2858 5806 ἐπαναστάσεσι,
2890 5726 2987 5780 καὶ
3031 5724 3511 5806 κατακλῄσεσιλει
3535 5741 3591 5806 v.
3633 5724 3680 5791 9,

2108 5794 2314 5860 δείσὶτί
2339 5794 2441 5876 pro
2471 5801 2670 5857 δόσεσι.
2712 5797 2847 5867 Quae
2886 5804 3192 5866 sequuntur
3219 5794 3444 5852 Eusebii
3469 5803 3615 5853 sum.

3298 5890 3341 5956 θ
