4156 6424
417 392 524 450 269

1575 387 1894 444 PREPAR.
1928 388 2181 445 EVANG.
2222 387 2351 445 LIB.
2386 387 2474 442 ιν.

3584 385 3692 443 270

419 501 817 573 δεισιδαίμονας
839 501 982 572 πέρα
998 498 1096 553 καὶ
1120 498 1228 552 τῶν
1249 498 1349 568 τῆς
1380 497 1596 568 φύσεως
1615 499 1756 570 ὅρων
1779 502 1995 570 χωρεῖν,

2107 511 2259 555 retur
2283 499 2603 556 idololatriae
2630 495 2819 567 pestis.
2842 494 2954 552 Nec
2984 498 3129 553 enim
3154 507 3280 554 ante
3304 499 3533 556 Adriani
3560 513 3694 558 tem-

419 589 525 644 ὑπὸ
567 589 675 641 τῶν
714 588 973 660 ὀλεθρίων
1022 589 1349 658 πνευμάτων
1392 586 1869 659 ὲξοιστρουμένους
1908 591 2001 642 καὶ

419 682 786 754 δαιμονῶντας
812 682 1092 751 ἄντικρυς·
1123 679 1200 742 ὡς
1236 679 1329 732 καὶ
1357 680 1468 742 τοῖς
1494 678 1603 731 τῶν
1626 678 1896 748 φιλτάτων
1918 680 2003 734 αῖ-

421 791 574 846 μασι,
601 772 695 826 καὶ
726 772 918 835 ἄλλαις
962 771 1184 843 μυρίαις
1221 769 1691 842 ἀνθρωποθυσίαις
1728 771 2001 824 ίλεοῦσθαι

421 866 653 938 νομίζειν
675 865 774 929 τὰς
805 865 1125 936 μιαιφόνους
1151 864 1430 933 δυνάμεις.
1456 862 1563 915 Καί
1594 880 1678 926 τις
1705 862 1885 933 πατὴρ
1910 863 2002 916 τὸν

420 957 680 1029 μονογενῆ
712 957 898 1021 παῖδα,
931 956 1025 1010 καὶ
1052 956 1234 1027 μήτηρ
1266 954 1364 1025 τὴν
1392 952 1682 1024 ἀγαπητὴν
1723 953 1997 1024 θυγατέρα

418 1050 716 1121 προσὲθυον
745 1049 824 1120 τῷ
854 1048 1092 1119 δαίμονι·
1125 1048 1220 1101 καὶ
1252 1046 1624 1116 κατέσφαττον
1656 1048 1706 1099 οἱ
1733 1045 2000 1114 φίλτατοι,

416 1142 490 1207 ὥς
525 1159 579 1195 τι
608 1141 719 1194 τῶν
757 1140 968 1209 ἀλόγων
1010 1123 1105 1192 καὶ
1151 1136 1446 1208 ἀλλοτρίων
1490 1135 1842 1207 θρεμμάτων,
1875 1134 2003 1198 τοὺς

416 1233 815 1304 προσήκοντας,
848 1230 1002 1284 ἔθυόν
1030 1247 1089 1282 τε
1118 1233 1233 1294 τοῖς
1260 1230 1325 1301 δὴ
1354 1230 1494 1291 θεοῖς
1529 1225 1671 1281 κατά
1700 1225 1884 1287 πόλεις
1910 1226 2003 1278 καὶ

416 1323 598 1397 χώρας
621 1326 749 1387 τοὺς
781 1322 1060 1386 συνοίκους
1093 1322 1187 1376 καὶ
1211 1322 1458 1384 πολίτας,
1486 1318 1586 1390 τὴν
1619 1317 2002 1391 φιλάνθρωπον

416 1416 508 1470 καὶ
539 1414 798 1485 συμπαθῆ
829 1413 990 1483 φύσιν
1026 1414 1119 1467 ἐπὶ
1151 1414 1213 1466 τὸ
1249 1411 1472 1483 ἀνηλεὲς
1503 1413 1599 1464 καὶ
1633 1408 2002 1479 ἀπάνθρωπον

416 1509 799 1579 ἀκονήσαντες,
845 1508 940 1562 καὶ
978 1507 1069 1561 τὸν
1113 1506 1358 1578 μανιώδη
1406 1506 1499 1559 καί¹
1539 1501 1886 1574 δαιμονιακδν
1926 1501 2001 1565 ὡς

415 1601 634 1673 άληθῶς
673 1600 1107 1671 ἐπιδεικνύμενοι
1142 1599 1363 1672 τρόπον.
1398 1598 1595 1669 Εὖροις
1622 1596 1666 1649 δ’
1700 1591 1792 1648 οὖν
1822 1596 2003 1648 πᾶσαν

415 1692 684 1760 ἐξετάζων
718 1692 1035 1764 Ἑλληνικήν
1055 1710 1115 1745 τε
1139 1694 1232 1746 καὶ
1264 1690 1537 1763 βάρϐαρον
1568 1687 1831 1760 ἱστορίαν,
1856 1688 2004 1749 ὅπως

415 1788 463 1839 οἱ
488 1786 585 1857 μὲν
607 1786 763 1850 υἱεῖς,
793 1788 842 1838 οἱ
865 1785 922 1838 δὲ
946 1784 1274 1856 θυγατέρας,
1301 1784 1351 1836 οί
1383 1783 1478 1835 καὶ⁹
1503 1781 1644 1849 σφᾶς
1668 1780 1866 1843 αὐτοὺς
1892 1776 2002 1832 τῶν

2103 609 2236 663 pora
2285 591 2543 661 dissipari
2594 590 2927 660 purgarique
2974 592 3173 659 potuit,
3201 606 3325 646 cum
3370 592 3482 662 jam
3549 594 3690 650 lucis

2105 685 2278 738 instar
2316 683 2453 738 locis
2502 683 2555 736 in
2606 680 2863 736 omnibus
2905 681 3113 736 Christi
3147 683 3393 738 doctrina
3441 685 3690 753 splende-

2104 782 2300 828 sceret.
2334 775 2511 842 Atque
2542 773 2619 837 id,
2651 773 3114 841 quemadmodqu
3151 783 3205 828 et
3236 773 3543 844 superiora,
3580 794 3687 832 nou

2103 864 2329 927 nostris,
2384 864 2477 918 sed
2530 863 2750 917 illorum
2793 863 3063 932 ipsorum,
3113 865 3206 934 qui
3242 880 3272 918 a
3306 865 3465 921 nobis
3511 875 3690 923 tanto-

2103 973 2230 1026 pere
2254 956 2609 1023 dissentiunt,
2662 956 2996 1012 testimoniis
3026 958 3407 1022 ostendemus,
3436 975 3558 1029 quae
3594 977 3689 1029 pa-

2103 1048 2209 1102 lam
2260 1063 2326 1103 ae
2350 1048 2552 1102 diserte
2584 1062 2650 1102 eo
2683 1063 3027 1117 progressam
3062 1063 3184 1103 esse
3208 1060 3509 1119 coarguunt
3545 1053 3690 1121 prio-

2102 1155 2224 1194 rum
2283 1147 2588 1208 temporum
2641 1139 3001 1209 impietatem,
3054 1148 3113 1194 ut
3154 1141 3268 1211 jam
3326 1145 3690 1212 superstitiosi

2104 1231 2356 1286 homines
2375 1230 2678 1285 exitialium
2715 1232 3008 1300 spirituum
3047 1242 3218 1287 oestro
3254 1235 3466 1303 perciti,
3501 1237 3692 1306 plane-

2102 1335 2212 1388 que
2239 1318 2567 1374 diabolicam
2611 1321 2661 1373 in
2693 1321 2901 1376 rabiem
2937 1322 3067 1383 acti,
3094 1323 3242 1392 ipsos
3273 1326 3434 1378 etiam
3481 1337 3691 1383 natura

2105 1410 2242 1465 lines
2264 1426 2330 1466 ac
2358 1411 2562 1467 limites
2593 1412 2951 1478 transilirent,
3004 1414 3327 1485 cruorisque
3380 1418 3571 1473 avidas
3593 1435 3692 1489 po-

2105 1512 2327 1558 testates
2372 1504 2807 1559 necessariorum
2866 1521 3091 1560 suorum
3139 1512 3424 1577 sanguine,
3459 1511 3692 1582 aliisque

2104 1591 2389 1647 hominum
2445 1590 2686 1648 caedibus
2748 1591 2976 1648 inﬁnitis
3036 1596 3315 1650 conciliari
3368 1597 3685 1668 placarique

2104 1692 2409 1739 censerent.
2443 1682 2630 1754 Itaque
2652 1694 2804 1753 pater
2836 1686 3128 1755 uuigenam
3162 1686 3356 1754 ﬁlium,
3401 1699 3685 1761 materque

2104 1774 2329 1831 ﬁliolam
2383 1776 2766 1830 charissimam
2822 1776 3163 1833 dtemonibus
3206 1779 3598 1849 immolabant;
3633 1792 3689 1838 et

417 1879 689 1952 δαιμόνων
721 1878 1008 1949 καθιέρουν
1040 1877 1273 1941 θυσίαις.
1322 1873 1464 1943 Ἐγὼ
1494 1874 1552 1926 δὲ
1574 1872 1892 1926 καὶτούτων
1913 1869 1995 1924 τὸν

2106 1866 2408 1923 familiares
2434 1868 2884 1939 propinquosque
2918 1885 3070 1937 suos,
3103 1872 3327 1940 perinde
3383 1889 3448 1928 ac
3495 1875 3687 1930 brutas

415 1973 510 2026 καὶ
537 1971 803 2045 πρότερον
838 1969 1147 2040 παρίστημι
1180 1968 1433 2040 μάρτυρα
1468 1967 1527 2018 ὲν
1557 1966 1671 2028 τοῖς
1706 1964 1912 2028 αὐτοῖς,
1941 1964 1995 2016 ἐν

2108 1960 2429 2030 alienasque
2481 1961 2740 2029 pecudes,
2795 1961 3047 2017 homines
3102 1963 3416 2019 amicissimi
3466 1967 3687 2036 jugula-

413 2060 492 2129 οἷς
522 2064 621 2136 τὴν
651 2064 759 2117 τῶν
800 2062 1008 2131 ἀλόγων
1049 2060 1383 2132 θρεμμάτων
1418 2057 1631 2121 θυσίαν,
1673 2056 1749 2120 ὡς
1780 2055 1995 2109 ἀνοσίαν

2106 2052 2277 2107 bant:
2311 2052 2558 2121 adeoque
2597 2067 2694 2121 per
2728 2051 2891 2107 urbes
2924 2054 3130 2123 passim
3170 2062 3332 2123 atque
3362 2071 3552 2127 pagos,
3579 2058 3686 2113 diis

415 2158 509 2211 καὶ
538 2154 899 2227 ἀδικωτάτην,
940 2154 1307 2224 ἀπηγόρευσε,
1346 2148 1522 2205 ταῦτα
1547 2148 1829 2219 φάσκοντα
1860 2145 1995 2217 πρὸς

2105 2142 2357 2197 videlicet
2391 2142 2626 2212 egregiis
2671 2142 3001 2199 domesticos
3040 2145 3245 2214 quique
3285 2161 3415 2202 suos
3457 2149 3686 2218 popula-

417 2249 586 2321 ῥῆμα.
2103 2247 2303 2302 resque
2347 2232 2679 2298 mactabant,
2714 2232 3010 2288 humanam
3066 2250 3342 2307 sensuque
3398 2250 3685 2310 cognatam

415 2351 668 2397 naturam
700 2383 717 2409 ,
774 2341 842 2396 ad
898 2350 1104 2396 trucem
1159 2339 1567 2406 immanemque
1613 2334 1992 2391 crudelitatem
2034 2335 2320 2395 acuentes,
2357 2343 2422 2383 ac
2488 2326 2697 2383 furioso
2751 2343 2986 2399 vereque
3015 2345 3044 2385 a
3072 2330 3413 2390 daemonibus
3472 2335 3686 2393 invecto

415 2449 570 2490 more
594 2436 898 2490 saevientes.
933 2435 1245 2499 Enimvero,
1310 2447 1406 2488 seu
1455 2430 1725 2497 Graecam,
1800 2444 1895 2486 seu
1932 2426 2233 2482 Barbaram
2298 2423 2584 2479 historiam
2643 2424 2913 2492 excutias,
2965 2437 3218 2483 occurret
3263 2428 3361 2483 tibi
3397 2434 3683 2501 continuo,

413 2527 874 2599 quemadmodum
939 2527 1032 2582 alii
1083 2528 1251 2591 ﬁlios,
1310 2525 1451 2581 ﬁlias
1491 2524 1606 2589 alii,
1641 2524 1732 2579 alii
1783 2522 2021 2592 denique
2057 2517 2383 2587 semetipsos
2421 2518 2732 2572 daemonum
2787 2518 3075 2575 sacriﬁciis
3124 2518 3475 2577 devoverent.
3523 2522 3676 2589 Quo-

414 2633 534 2675 rum
568 2635 667 2693 ego
698 2630 891 2675 testem
944 2618 999 2673 in
1056 2619 1214 2689 155
1268 2618 1461 2689 primis
1505 2617 1756 2672 eumdem
1807 2618 1988 2686 ipsum
2067 2611 2317 2684 produco
2349 2608 2738 2682 Porphyrium,
2795 2612 2889 2680 qui
2919 2612 3111 2667 eodem
3151 2627 3335 2684 opere,
3362 2629 3474 2685 quo
3493 2632 3683 2685 exper-

412 2711 548 2768 tium
572 2713 799 2769 rationis
828 2712 1148 2768 animalium
1179 2711 1448 2768 sacriﬁcia
1492 2719 1751 2783 tanquam
1780 2708 1989 2765 nefaria
2027 2713 2082 2763 et
2104 2703 2451 2775 iniquissima
2474 2704 2747 2774 prohibet,
2767 2705 2847 2759 sic
2877 2704 2945 2759 ad
2979 2705 3203 2761 verbum
3236 2707 3501 2779 loquitur.

928 2807 1327 2861 ΚΕΦΑΛΑΙΟΝ
1364 2810 1489 2875 1q-.

413 2898 551 2967 Περὶ
581 2896 689 2967 τῆς
722 2897 983 2964 παλαιᾶς
1022 2898 1538 2967 ἀνθρωποθυσίας,
1584 2897 1654 2951 ἐκ
1697 2896 1803 2951 τοῦ
1848 2899 2000 2965 Πορ-

838 2970 1055 3036 φυριου
1085 2968 1181 3021 καὶ
1206 2967 1326 3021 τῶν
1344 2966 1572 3022 ἄλλων.

492 3081 512 3113 ς
545 3063 657 3117 Καὶ
704 3062 786 3115 ὅτι
826 3060 1001 3114 ταῦτα
1044 3060 1154 3130 (84)
1187 3061 1285 3131 οὐχ
1332 3060 1539 3125 ἁπλῶς,
1580 3059 1716 3114 ἀλλά
1758 3061 2001 3131 πλήρους

2680 2796 2913 2854 CAPUT
2951 2799 3094 2856 XVI.

2098 2890 2179 2946 De
2216 2891 2437 2962 antiqua
2484 2890 2753 2964 hominum
2790 2891 3238 2964 immolandorum
3282 2896 3683 2964 consuetudine,

2554 2975 2620 3014 ex
2650 2959 2946 3030 Porphyrio
2983 2972 3032 3016 et
3063 2963 3208 3018 aliis.

2176 3091 2196 3127 ι
2225 3072 2404 3144 Atque
2452 3073 2506 3127 id
2559 3088 2592 3129 a
2641 3075 2822 3139 nobis,
2884 3075 3082 3145 inquit,
3133 3090 3242 3132 non
3298 3086 3522 3145 temere,
3585 3084 3681 3137 sed

398 3154 577 3225 ὀὔσης
629 3155 730 3226 τῆς
781 3154 1020 3226 ἱστορίας
1071 3152 1330 3223 λέγομεν,
1380 3150 1627 3224 αὐτάρκη
1685 3152 1779 3206 καὶ
1827 3153 1995 3207 ταῦτα

420 3246 756 3270 _.._..__:-_-
827 3246 1042 3270 νυοί---
1089 3243 1196 3270 ..Δ-ι.
1236 3244 1324 3270 ...Α
1363 3245 1420 3270 ι..
1458 3242 1618 3270 ουχὶ...
1653 3243 1776 3270 ..καὶ
1817 3244 1969 3270 ιι--.-

2106 3170 2264 3242 plena
2309 3170 2686 3239 exemplorum
2733 3169 3065 3243 suﬁ‘ragaute
3107 3172 3332 3228 historia
3363 3178 3681 3243 memorari,

414 3246 784 3320 παραστῆσαι.
827 3246 1045 3299 Ἐθύετο
1089 3243 1197 3314 γὰρ
1236 3244 1329 3297 καὶ
1363 3245 1420 3296 ὲν
1458 3242 1620 3314 Ῥόδῳ
1652 3243 1782 3313 μηνὶ
1817 3244 2001 3297 Μετα-

410 3337 683 3407 γειτνιῶνι
736 3337 871 3410 ἕκτῃ
932 3336 1222 3406 ἱσταμένου
1264 3334 1549 3404 ἄνθρωπος
1591 3332 1671 3405 τῷ
1712 3334 1938 3406 Κρόνῳ’
1971 3335 2001 3388 ὃ

412 3430 477 3501 δὴ
518 3430 747 3484 ἐπιπολὺ
784 3430 1063 3501 κρατῆσαν
1102 3428 1221 3491 ἔθος
1262 3426 1562 3499 μετεϐλήθη
1584 3444 1597 3457 ·
1629 3426 1726 3481 ἕνα
1754 3428 1864 3499 γάρ
1890 3425 2000 3482 τῶν

411 3519 507 3574 ἐπὶ
542 3520 756 3592 θανάτῳ
787 3521 1023 3592 δημοσίᾳ
1049 3519 1512 3592 κατακριθέντων,
1537 3519 1697 3591 μέχρι
1720 3519 1829 3574 τῶν
1851 3521 1998 3591 Κρο-

412 3610 541 3666 νίων
567 3616 841 3685 συνεῖχονσ
874 3613 1139 3683 ἐνστάσης
1176 3613 1234 3666 δὲ
1267 3614 1365 3683 τῆς
1410 3615 1627 3685 ὲορτῆς,
1655 3612 1999 3686 προαγαγόν-

411 3715 505 3762 τες
534 3701 623 3755 τὸν
648 3701 931 3774 ἄνθρωπον
977 3701 1081 3766 ἔξω
1118 3701 1332 3770 πυλῶν,
1371 3703 1599 3774 ἀντικρὺ
1628 3703 1721 3756 τοῦ
1757 3704 2001 3774 Ἀριστο-

412 3789 612 3863 6ούλης
638 3793 808 3858 ἕδους,
846 3793 990 3848 οῐνου
1036 3794 1353 3857 ποτίσαντες
1389 3793 1668 3864 ἔσφαττον.
1707 3795 1796 3847 Ἑν
1832 3794 1890 3848 δὲ
1928 3797 1996 3866 τῇ

409 3881 507 3934 νῦν
552 3884 843 3957 Σαλαμῖνι,
882 3886 1145 3958 πρότερον
1187 3886 1242 3939 δὲ
1280 3886 1563 3958 Κορωνείᾳ
1592 3885 1704 3958 (85)
1731 3883 1996 3957 ὀνομαζο-

414 3972 570 4047 μένῃ,
629 3977 759 4048 μηνὶ
793 3979 936 4031 κατά
975 3978 1254 4050 Κυπρίους
1303 3979 1626 4051 Ἀφροδισίῳ
1675 3977 1865 4032 ὲθύετο
1904 3978 1998 4033 άν-

411 4067 628 4140 θρωπος
676 4072 745 4142 τῇ
806 4070 1088 4142 Ἀγραύλῳ
1147 4073 1215 4143 τῇ
1276 4073 1564 4143 Κέκροπος
1626 4072 1723 4124 καὶ
1779 4062 1997 4142 νύμφης

423 4159 785 4232 ’Δγραυλίδος.
820 4164 929 4216 Καὶ
947 4162 1161 4235 διέμενε
1189 4164 1250 4217 τὸ
1274 4163 1394 4227 ἔθος
1416 4162 1543 4236 ἄχρι
1571 4162 1678 4217 τῶν
1702 4163 1997 4234 Διομήδους

411 4251 650 4322 χρόνων·
692 4246 813 4306 εἶτα
847 4253 1161 4323 μετέϐαλεν,
1195 4252 1337 4306 ὥστε
1378 4252 1458 4324 τῷ
1483 4252 1733 4325 Διομήδει
1769 4252 1861 4306 τὸν
1901 4252 1996 4307 άν-

411 4341 627 4413 θρωπον
674 4342 919 4397 θύεσθαι.
964 4345 1082 4415 Ὑφ’
1134 4345 1231 4399 ἕνα
1277 4344 1336 4398 δὲ
1385 4342 1670 4415 περίϐολον
1719 4343 1749 4395 ὅ
1794 4359 1853 4395 τε
1895 4342 1996 4413 τῆς

422 4431 651 4504 Ἀθηνᾶς
677 4434 840 4499 νεὼς,
879 4435 973 4489 καί⁸
1008 4436 1037 4487 ὁ
1070 4435 1169 4507 τῆς
1217 4432 1517 4505 Ἀγραύλου
1556 4433 1652 4487 καὶ
1674 4433 1992 4502 Διομήδους.

422 4524 481 4577 '0
531 4525 586 4580 δὲ
635 4526 1084 4596 σφαγιαζόμενος,
1132 4525 1238 4579 ὑπὸ
1283 4525 1390 4578 τῶν
1439 4522 1657 4596 ἐφήϐων
1704 4523 1991 4595 ἀγόμενος,

407 4617 527 4687 τρὶς
572 4618 813 4691 περιέθει
872 4619 963 4673 τὸν
1013 4618 1222 4689 βωμόν·
1274 4617 1468 4671 ἔπειτα
1526 4617 1555 4668 ὁ
1602 4616 1781 4687 ἱερεὺς
1827 4614 1989 4669 αὑτὸν

408 4704 573 4779 λόγχῃ
608 4707 766 4762 ἔπαιε
816 4709 957 4763 κατά
997 4707 1094 4762 τοῦ
1132 4708 1430 4780 στομάχου,
1465 4707 1560 4760 καὶ
1609 4705 1782 4769 οὕτως
1821 4705 1984 4759 αὑτὸν

406 4797 500 4850 ἐπὶ
526 4799 623 4870 τὴν
653 4800 904 4871 νηθεῖσαν
942 4800 1123 4872 πυράν
1159 4799 1537 4865 ὡλοκαύτιζον.
1587 4797 1787 4851 Τοῦτον
1816 4797 1873 4849 δὲ
1898 4799 1989 4850 τὸν

407 4891 607 4963 θεσμὸν
636 4895 871 4962 Διίφιλος
903 4895 1012 4968 (8ο)
1039 4897 1068 4948 ὁ
1101 4895 1202 4964 τῆς
1248 4893 1478 4965 Κύπρου
1524 4891 1775 4963 βασιλεὺς
1822 4891 1988 4944 κατέ-

405 4982 557 5048 λοσε,
586 4984 729 5039 κατὰ
754 4986 881 5048 τοὺς
902 4987 1164 5041 Σελεύκου
1200 4986 1427 5058 χρόνους
1467 4984 1562 5039 τοῦ
1596 4984 1847 5051 θεολόγου
1876 4984 1987 5053 (87)

481 5163 588 5234 (84)
623 5163 735 5218 Καὶ
763 5163 851 5217 ὅτι
876 5163 1081 5234 ταῦτα.
1132 5161 1208 5234 Ex
1239 5164 1360 5217 eod.
1419 5163 1455 5216 I.
1492 5179 1554 5234 ιι,
1588 5162 1728 5234 ῌερὶ
1764 5161 1982 5234 daal"

406 5250 463 5304 ι).
492 5232 594 5289 921
626 5250 780 5289 novae
813 5235 942 5304 edit.
975 5232 1238 5289 Eumdem
1276 5233 1460 5304 laudat
1487 5233 1722 5303 Cyrillus
1741 5232 1984 5304 Alexan-

408 5300 550 5361 drin.
590 5317 741 5360 temo
787 5303 874 5366 Ill,
930 5305 1023 5359 lib.
1083 5320 1121 5358 ιι
1173 5312 1314 5357 cont.
1361 5300 1570 5356 Julian.
1624 5318 1677 5369 p.
1741 5300 1811 5355 75
1858 5302 1980 5356 cod.

408 5373 619 5444 Graeci;
646 5374 848 5438 Latini,
876 5389 927 5427 a.
954 5375 990 5427 l.
1028 5375 1081 5429 4.
1113 5389 1170 5445 p.
1220 5372 1348 5438 598,
1384 5372 1585 5428 colum.
1616 5371 1672 5437 2,
1701 5371 1794 5426 sed
1835 5386 1984 5441 qua:-

407 5445 532 5499 dam
561 5446 790 5503 subinde
817 5455 1043 5499 resecat.

482 5516 594 5585 (85)
623 5516 937 5583 Κορωγείᾳ.
995 5514 1182 5585 Cyrill.
1232 5522 1308 5585 et~
1328 5510 1630 5585 Porphyr.,
1690 5511 1978 5580 Κορωνίδι.

409 5575 671 5661 Stépb'ani
699 5575 958 5661 Ερξιοήιη
982 5575 1246 5656 Κόρώνην
1277 5575 1841 5661 salamin'isupartem”
1860 5596 1983 5661 esse

407 5650 524 5722 ait;
559 5650 873 5728 Κορωνείας
896 5669 1024 5708 vero
1053 5650 1251 5728 nomen
1278 5652 1427 5728 _aliis
1475 5650 1702 5728 urbibus
1754 5650 1980 5728 tribuit;

407 5720 707 5849 Exlquibus
734 5734 915 5779 tamen
949 5739 1113 5778 unam
1175 5724 1229 5777 in
1269 5723 1447 5794 Cypro
1496 5720 1744 5787 collocat,
1788 5720 1881 5773 ubi
1929 5728 1985 5775 et

452 5813 480 5849 a
506 5812 665 5849 auus.

452 5812 928 5936 “ligarem”.
977 5863 1128 5919 Alter
1167 5876 1232 5917 ex
1287 5861 1647 5932 manuscrip.,
1700 5859 1976 5931 Διάφιλος.

2103 3262 2272 3327 satis,
2333 3276 2457 3331 quae
2509 3261 2774 3331 subjicio,
2830 3264 3283 3335 comprobabunt.
3347 3265 3484 3322 Nam
3538 3270 3683 3339 apud

2102 3361 2359 3418 Rhodios
2378 3363 2558 3433 primo
2595 3364 2812 3434 quidem
2842 3367 2908 3420 ad
2949 3366 3092 3421 diem
3127 3367 3258 3423 Julii
3301 3380 3537 3437 sextum,
3580 3372 3683 3428 ho-

2100 3458 2303 3514 minem
2354 3456 2593 3514 Saturno
2638 3459 3029 3528 immolabant;
3061 3461 3257 3518 deinde
3304 3478 3433 3519 vero
3471 3479 3679 3524 morem

2102 3548 2548 3619 antiquissimum
2583 3548 2655 3603 ita
2708 3558 3012 3617 mutarunt,
3054 3560 3115 3606 ut
3157 3568 3223 3607 ex
3257 3553 3323 3608 iis
3358 3570 3551 3621 unum,
3583 3557 3681 3627 qui

2100 3649 2274 3696 morte
2319 3641 2563 3696 damnati
2599 3642 2812 3709 publice
2860 3642 3064 3712 forent,
3116 3645 3361 3700 vinctum
3407 3662 3583 3718 usque
3610 3649 3681 3705 ad

2102 3744 2413 3801 Saturnalia
2460 3747 2820 3814 custodirent,
2864 3764 3101 3820 eumque
3132 3750 3199 3805 ad
3243 3751 3506 3807 solemnis
3554 3751 3681 3809 festi

2098 3840 2241 3895 diem
2285 3848 2438 3895 extra
2479 3851 2669 3911 portas
2715 3842 2996 3910 eductum,
3030 3844 3266 3915 vinoque
3316 3844 3616 3911 madidum,
3648 3860 3682 3901 e

2098 3933 2320 4004 regione
2344 3934 2475 3990 tedis
2500 3934 2702 4005 Optimi
2737 3934 2967 3992 Consilii
2998 3938 3329 4010 jugularent.
3377 3938 3678 4004 Salamine,

2098 4042 2159 4088 ut
2196 4034 2414 4104 quidem
2455 4033 2612 4090 hodie
2640 4047 2858 4102 vocant,
2909 4053 3032 4109 quae
3064 4040 3216 4110 prius
3245 4040 3485 4097 Coronea
3530 4042 3681 4099 dices

2095 4124 2279 4191 batur,
2333 4142 2522 4182 mense
2573 4126 2794 4194 Martio,
2841 4144 3005 4199 quem
3054 4130 3441 4201 Aphrodisium
3491 4132 3678 4205 Cyprii

2096 4219 2404 4283 nominant,
2445 4217 2685 4289 Agraqu
2728 4220 2991 4290 Cecropis
3016 4225 3379 4293 nymphaeque
3424 4223 3679 4295 Agrauli-

2096 4308 2182 4364 dis
2241 4309 2366 4363 ﬁliae
2418 4310 2697 4364 hominem
2746 4325 2966 4381 quoque
3017 4314 3351 4369 mactabam.
3401 4313 3507 4382 Qui
3556 4332 3677 4372 mos

2096 4431 2221 4472 cum
2261 4416 2327 4470 ad
2358 4414 2636 4472 Diomedis
2666 4433 2844 4487 usque
2871 4410 3119 4486 tempora
3145 4429 3477 4491 propagatus
3501 4434 3677 4485 esset,

2096 4506 2171 4561 ita
2213 4507 2470 4576 deinceps
2515 4515 2757 4563 mutatus
2785 4518 2888 4573 est,
2923 4517 2983 4563 ut
3013 4507 3260 4565 Diomedi
3293 4511 3571 4566 hominem
3627 4515 3685 4566 il-

2024 4579 2068 4634 D
2100 4596 2212 4650 lum
2250 4598 2619 4663 immolarent,
2650 4614 2775 4654 cum
2803 4597 3059 4665 Palladis,
3090 4600 3337 4672 Agrauli,
3370 4617 3435 4658 ac
3459 4600 3683 4659 Diomer

2094 4701 2184 4756 dis
2232 4702 2492 4771 templum
2524 4718 2635 4758 uno
2665 4705 2970 4776 eodemque
3007 4707 3215 4764 ambitu
3245 4718 3550 4765 teneretur.
3581 4710 3681 4763 At-

2091 4809 2199 4863 que
2245 4795 2316 4859 is,
2348 4808 2510 4864 quem
2550 4795 2617 4849 ad
2661 4796 2994 4853 sacriﬁcium
3028 4798 3388 4865 destinarant,
3427 4798 3669 4868 primum

2092 4886 2310 4955 quidem
2363 4887 2790 4943 adolescentium
2838 4889 3093 4945 manibus
3128 4899 3208 4943 ter
3245 4890 3452 4945 circum
3495 4890 3670 4944 altare

2091 4981 2294 5035 cursim
2328 4981 2596 5050 agebant;
2630 4981 2826 5036 deinde
2850 4997 2881 5035 a
2912 4981 3198 5036 sacerdote
3222 4981 3288 5036 ad
3319 4981 3664 5037 stomachum

2089 5138 2381 5210 Porphyr.,
2411 5137 2646 5208 Δίφιλος.
2688 5135 2952 5210 Cyrillus
2975 5137 3079 5190 ista
3127 5136 3385 5210 praeterit.
3417 5133 3538 5210 Non
3562 5135 3671 5192 du-

2090 5205 2222 5271 bito,
2252 5205 2383 5278 quin
2409 5205 2692 5278 legendum
2719 5205 2791 5263 sit
2814 5205 3222 5278 Δίφιλπμιιιοᾱ
3246 5206 3665 5278 usitatissimum

2090 5275 2285 5334 nomen
2311 5289 2394 5332 est
2427 5275 2709 5345 ιλιίφιλος
2736 5291 2943 5339 rarum,
2975 5275 3230 5345 Διάφιλος
3258 5276 3349 5329 vix
3387 5276 3663 5334 auditum.

2164 5348 2275 5421 (87)
2325 5343 2631 5421 Σελεύκου
2653 5345 2765 5421 τοῦ
2813 5343 3121 5421 θεολόγοι).
3163 5343 3258 5398 llle
3304 5345 3441 5421 ipse,
3474 5347 3661 5410 credo,

2088 5415 2352 5488 est'qu'em
2384 5416 2582 5488 Suidas
2608 5415 3035 5488 Alexandrinum
3085 5417 3512 5488 grammaticum
3554 5432 3661 5488 vo-

2088 5484 2308 5552 catfad
2342 5487 2748 5542 distinctionem
2800 5484 3027 5538 alterius
3078 5484 3341 5539 Emiseni.
3395 5484 3660 5541 Eumdem

2088 5558 2357 5613 Homerici
2386 5565 2809 5626 cognomentum
2867 5554 3125 5609 habuisse
3179 5555 3363 5626 tradit,
3412 5564 3576 5625 atque
3607 5557 3662 5611 in

2085 5642 2278 5683 omnes
2314 5626 2427 5680 fere
2459 5624 2648 5694 poetas
2678 5626 3104 5678 commentarios
3131 5624 3391 5694 edidisse,
3432 5624 3497 5682 ac
3522 5640 3663 5694 pne-

2089 5707 2171 5751 ter
2197 5698 2336 5751 alios
2363 5689 2670 5763 plerosque,
2686 5702 2903 5749 centum
2936 5694 3003 5763 de
3024 5694 3130 5748 diis
3151 5689 3439 5763 scripsisse
3466 5689 3657 5749 libros.

2089 5765 2247 5821 Unde
2285 5762 2584 5820 verisimile
2629 5772 2736 5833 est,
2802 5778 2927 5818 eum
2981 5762 3512 5835 Theologi’nomen
3564 5779 3659 5820 ac-

2082 5837 2313 5907 cepisse.
