4156 6414
374 374 486 433 275
1518 362 1840 421 PREPAR.
1880 362 1948 419 El

2051 363 2138 421 ιο.
2174 359 2306 419 LIB.
2341 357 2428 416 IV.
3544 350 3651 407 974

376 509 465 566 ρικ
507 491 748 563 μνήμης,
784 486 1046 559 ἐμφύλιον
1087 486 1175 541 ἀει
1213 481 1351 559 αἷμα
1397 487 1640 559 ῥαίνουσι
1675 487 1812 558 πρὸς
1844 488 1948 541 τοὺ‹

2076 488 2318 541 humano
2349 480 2614 548 sanguine
2637 477 2901 545 litavisse,
2937 475 3228 532 Philarcho
3259 472 3527 531 referente
3554 489 3651 528 ειε-

375 579 613 653 βωμούς.
642 599 659 632 ι
687 578 871 634 Ταῦτα
907 578 1005 648 μὲν
1035 573 1127 631 οὖν
1160 579 1224 632 ἐκ
1250 578 1352 648 τῆς
1381 576 1820 650 προδηλωθείσης
1847 575 1948 629 κεί-

2069 576 2338 646 cepimus.
2395 570 2671 637 Thracas,
2728 568 3068 641 Scythasque
3125 576 3410 639 praetereo,
3451 581 3647 636 quem-

373 672 488 727 σθω
514 671 731 744 γραφῆς
752 687 765 700 ·
792 671 856 723 ὲκ
887 670 944 722 δὲ
985 668 1078 723 τοῦ
1121 668 1339 741 πρώτου
1387 670 1816 741 συγγράμματος
1860 668 1948 739 τῆς

2069 666 2363 722 admodum
2395 661 2752 719 Athenienses
2796 659 3104 725 Erechthei,
3140 658 3550 728 Praxitheaaque
3589 656 3648 712 ﬁ-

370 763 603 827 Φίλωνος
645 762 958 833 Φοινικικῆς
1016 762 1258 834 ἱστορίας
1317 761 1709 833 παραθήσομαι
1767 757 1948 814 ταῦτα.

2071 758 2200 813 liam
2227 757 2542 829 ceciderint,
2576 758 2711 815 nihil
2744 753 2888 809 dico.
2914 752 3050 808 illud
3088 764 3269 808 autem
3299 751 3424 821 quis
3447 749 3643 813 nescit,

372 857 562 930 Magna
599 859 656 912 in
702 856 872 923 Urbe,
954 856 1235 912 hominem
1304 857 1451 912 circa
1496 855 1648 911 Jovis
1693 854 1928 910 Latiaris
2002 851 2168 909 ferias
2219 854 2490 925 hodieque
2542 852 2809 909 mactari?
2842 871 2860 904 ι
2914 853 2979 905 Et
3022 862 3227 907 rursus;
3264 866 3279 902 :
3313 865 3331 899 ι
3381 845 3458 900 Ex
3507 860 3639 915 quo,

371 955 570 1025 inquit,
603 954 671 1009 ad
713 962 926 1009 aetatem
961 968 1136 1024 usque
1169 961 1436 1020 nostram,
1470 968 1579 1008 non
1612 962 1822 1007 tantum
1857 949 1942 1005 vel
1982 949 2036 1003 in
2071 950 2306 1006 Arcadia
2371 950 2605 1007 solemni
2636 948 3017 1020 Lupercalium
3086 946 3246 1011 festo,
3277 944 3361 999 vel
3395 943 3627 999 Cartha.

370 1050 495 1121 gine
534 1048 774 1104 Saturno
838 1048 1075 1118 populus
1109 1047 1403 1104 universus
1437 1046 1687 1102 homines
1758 1043 2027 1107 immolat,
2070 1044 2164 1099 sed
2200 1045 2365 1100 etiam
2418 1053 2569 1100 certo
2619 1052 2872 1113 statuque
2921 1041 3198 1096 redeuntis
3235 1037 3363 1093 anni
3415 1036 3640 1101 circulo,

369 1141 439 1196 ad
472 1139 881 1211 usurpationem
921 1140 1118 1196 veteris
1147 1139 1378 1210 ﬁxaeque
1438 1139 1648 1210 legibus
1715 1138 2010 1202 memoriae,
2049 1152 2174 1193 aras
2236 1138 2384 1193 civili
2441 1124 2661 1208 semper
2706 1152 2772 1192 ac
2824 1133 3126 1190 domestico
3178 1145 3375 1187 cruore
3413 1128 3643 1201 perfun—

368 1233 527 1290 dunt.
566 1251 585 1285 ι
652 1231 929 1289 Hactenus
968 1248 1037 1289 ex
1080 1232 1403 1306 Porphyrio.
1439 1232 1559 1288 Jam
1615 1248 1684 1287 ex
1735 1231 1913 1302 primo
1963 1228 2213 1287 Philonis
2257 1232 2325 1288 de
2360 1229 2682 1287 Phoenicum
2728 1226 2958 1283 historia
2998 1225 3274 1281 volumine
3308 1227 3426 1278 haec
3468 1236 3643 1291 pauca

368 1327 686 1395 subjiciam.

439 1436 461 1473 ι
499 1417 662 1483 Ἐθος
707 1413 776 1489 ἦν
801 1419 915 1483 τοῖς
943 1418 1188 1483 παλαιοῖς
1218 1419 1278 1473 ἐν
1314 1420 1434 1482 ταῖς
1466 1417 1731 1488 μεγάλαις
1757 1434 1948 1488 συμφο

2147 1432 2167 1464 ι
2197 1411 2354 1482 Apud
2387 1418 2616 1475 veteres,
2645 1406 2842 1477 inquit,
2869 1406 2923 1460 in
2961 1419 3112 1460 more
3137 1402 3372 1474 positum
3410 1411 3548 1469 erat,
3583 1408 3644 1457 ut

370 1514 491 1584 ραῖς
518 1510 628 1563 τῶν
670 1509 927 1564 κινδύνων
955 1511 1075 1564 ἀντὶ
1108 1511 1208 1583 τῆς
1240 1511 1457 1565 πάντων
1487 1510 1693 1583 φθορᾶς
1736 1510 1796 1563 τὺ
1819 1512 1948 1581 ἠγα-

2072 1523 2127 1560 ιη
2180 1503 2414 1561 summis
2453 1500 2768 1571 reipublicae
2818 1496 3245 1558 calamitatibus,
3296 1509 3461 1566 penes
3504 1511 3644 1564 quos

370 1603 612 1675 πημένον
645 1603 754 1658 τῶν
811 1603 1017 1657 τέκνων
1055 1604 1181 1667 τοὺς
1220 1601 1554 1675 κρατοῦντας
1590 1603 1623 1674 ἢ
1670 1602 1875 1668 πόλεως
1919 1602 1948 1673 ἦ

2063 1610 2159 1653 aut
2190 1595 2433 1654 civitatis
2468 1602 2563 1650 aut
2609 1592 2787 1663 gentis
2819 1589 3106 1661 imperium
3150 1596 3316 1655 esset,
3350 1588 3385 1643 ii
3436 1587 3642 1643 libero-

367 1695 551 1760 ἔθνους
591 1697 671 1759 είς
710 1696 924 1768 σφαγὴν
962 1695 1254 1750 ἐπιδιδόναι
1301 1694 1495 1767 λύτρον
1534 1698 1646 1760 τοῖς
1691 1697 1953 1766 τιμωροίς

363 1784 605 1857 δαίμοσι.
639 1784 1089 1856 Κατεσφάττοντο
1144 1784 1202 1838 δὲ
1247 1785 1296 1837 oi
1340 1784 1603 1855 διδόμενοι
1657 1782 1949 1856 μυστικῶς.

2060 1705 2183 1744 rum
2217 1702 2446 1744 suorum
2482 1683 2818 1750 charissimi,
2862 1680 3134 1737 ultoribus
3180 1680 3522 1736 daemonibus
3554 1679 3644 1748 ju-

2063 1780 2254 1851 gulati,
2297 1777 2564 1849 sanguine
2613 1777 2771 1847 quasi
2825 1774 3035 1845 pretio,
3086 1771 3363 1843 publicum
3412 1770 3638 1826 exitium

367 1877 575 1950 Κρόνος
610 1876 810 1943 τοίνυν,
837 1877 898 1930 ὃν
938 1876 988 1930 οί
1039 1876 1286 1940 Φοίνικες
1320 1875 1537 1948 Ἰσραὴλ
1586 1874 1948 1949 προσαγορεύ-

2061 1873 2453 1942 interitumque
2492 1871 2842 1925 redimerent.
2884 1866 2989 1934 Qui
3017 1880 3150 1921 vero
3176 1876 3291 1920 tum
3333 1863 3400 1919 ad
3428 1863 3640 1919 sacriﬁ-

363 1987 506 2033 ουσι,
530 1967 826 2040 βασιλεύων
844 1968 945 2038 τῆς
970 1967 1173 2039 χώρας,
1197 1970 1291 2022 καὶ
1313 1967 1539 2041 ὕστερον
1566 1968 1704 2040 μετά
1725 1968 1823 2040 τὴν
1858 1968 1952 2023 τοῦ

366 2063 485 2134 βίου
514 2062 768 2133 τελευτὴν
783 2062 862 2125 είς
883 2061 973 2113 τὸν
1005 2060 1099 2114 τοῦ
1132 2062 1337 2134 Κρόνου
1357 2062 1560 2133 ἀστέρα
1576 2061 1951 2134 καθιερωθεὶς,

364 2156 424 2222 ἐξ
457 2152 753 2224 ἐπιχωρίας
796 2151 1014 2223 νύμφης
1044 2152 1312 2225 Ἀνωϐρὲτ
1345 2153 1641 2225 λεγομένης
1670 2155 1784 2207 υἱον
1817 2154 1955 2225 ἔχων

367 2242 652 2314 μονογενῆ,
674 2242 732 2295 ὃν
760 2242 849 2295 διὰ
872 2242 1029 2295 τοῦτο
1057 2243 1223 2296 Ἰεοὺδ
1242 2243 1491 2307 ἐκάλουν,
1513 2243 1608 2297 τοῦ
1634 2244 1953 2315 μονογενοῦς

362 2331 537 2396 οὕτως
558 2331 639 2385 ἔτι
664 2332 757 2385 καὶ
786 2330 881 2385 νῦν
909 2330 1244 2402 καλουμένου
1275 2332 1427 2403 παρὰ
1454 2334 1568 2396 τοῖς
1595 2331 1815 2399 Φοίνιξι,
1839 2348 1953 2385 κιν-

361 2425 535 2481 δύνων
566 2428 629 2480 ἐκ
648 2426 884 2498 πολέμου
910 2425 1182 2497 μεγίστων
1204 2425 1607 2496 κατειληφότων
1632 2425 1729 2497 τὴν
1748 2425 1950 2498 χώραν,

366 2517 632 2589 βασιλικῷ
658 2519 942 2589 κοσμήσας
971 2517 1211 2588 σχήματι
1235 2516 1327 2569 τὸν
1361 2515 1474 2569 υἱὸν
1494 2555 1509 2580 ,
1552 2514 1738 2587 βωμόν
1768 2533 1827 2569 τε
1852 2532 1955 2569 κα-

362 2605 843 2678 τασκευασάμενος
887 2606 1175 2660 κατέθυσε.
1230 2625 1249 2658 ι
1289 2605 1476 2661 Ταῦτα
1510 2607 1609 2676 μὲν
1644 2602 1738 2660 οὖν
1766 2606 1953 2661 τοῦτον

363 2693 478 2769 εἶχε
499 2698 591 2751 τὸν
610 2699 833 2770 τρόπον.
860 2697 1101 2762 Εἰκότως
1122 2696 1231 2770 ἄρα
1258 2700 1287 2752 ὁ
1313 2697 1613 2768 θαυμάσιος
1642 2698 1870 2771 Κλήμης
1892 2702 1951 2753 ἐν

360 2792 441 2863 τῷ
470 2793 607 2865 πρὸς
631 2791 898 2863 Ἕλληνας
928 2790 1364 2859 Προτρεπτικῷ,
1382 2791 1520 2845 αύτὰ
1547 2790 1611 2863 δὴ
1639 2792 1811 2846 ταῦτα
1837 2794 1954 2846 ὲπι-

366 2883 736 2956 μεμφόμενος,
773 2882 952 2936 τοιάδε
980 2883 1074 2936 καὶ
1105 2882 1269 2948 αὐτὸς
1303 2882 1402 2956 τὴν
1449 2882 1658 2954 πλάνην
1704 2883 1811 2937 τῶν
1860 2885 1951 2939 ἀν·

362 2975 596 3049 θρώπων
652 2974 1055 3047 άπολοφύρεται
1100 2974 1306 3043 λέγων’
1363 2994 1383 3027 ι
1436 2976 1561 3047 Φὲρ’
1595 2971 1686 3032 οὖν
1714 2977 1808 3048 δὴ,
1857 2977 1953 3032 καὶ

361 3066 519 3121 τοῦτο
554 3066 907 3140 προσθῶμεν,
941 3068 1017 3131 ὡς
1051 3066 1411 3139 ἀπάνθρωποι
1437 3068 1532 3121 καὶ
1579 3066 1953 3141 μισάνθρωποι

359 3158 615 3229 δαίμονες
637 3154 746 3212 εἷεν
782 3159 911 3229 ὑμῖν
943 3160 991 3211 οἱ
1016 3157 1151 3222 θεοὶ,
1187 3158 1284 3211 καὶ
1307 3159 1430 3229 οὐχ).
1457 3159 1617 3230 μόνον
1645 3160 1953 3231 ἐπιχαίρον-

2058 1966 2203 2022 cium
2249 1964 2676 2028 devovehantur,
2729 1976 2825 2017 eos
2850 1959 3098 2031 mysticis
3128 1956 3456 2029 quibusdam
3497 1959 3639 2012 ceri—

2058 2056 2259 2112 moniis
2284 2054 2632 2126 jugulahant.
2664 2052 2958 2106 Enimvero
2984 2048 3276 2116 Saturnus,
3300 2064 3461 2119 quem
3484 2047 3642 2103 Plite-

2058 2148 2206 2202 nices
2235 2145 2491 2202 lsraelem
2527 2144 2839 2205 nominant,
2876 2157 3151 2214 quemque
3184 2149 3308 2212 post
3335 2140 3545 2196 obitum
3584 2139 3638 2193 in

2056 2246 2267 2293 astrum
2323 2236 2569 2309 ejusdem
2623 2233 2867 2290 nominis
2911 2241 3335 2298 consecrarunt,
3395 2246 3520 2287 cum
3572 2231 3640 2284 iis

2056 2332 2111 2386 in
2172 2331 2306 2387 locis
2369 2337 2652 2402 regnaret,
2712 2344 2777 2384 ac
2835 2328 3005 2383 ﬁlium
3067 2326 3290 2380 unicum
3351 2339 3420 2380 ex
3477 2339 3638 2395 nym—

2054 2424 2162 2493 pha
2213 2422 2451 2495 quadam
2510 2421 2805 2491 indigena,
2863 2435 3028 2490 quam
3087 2419 3423 2474 Anobretten
3480 2431 3640 2470 voca-

2053 2512 2206 2579 bant,
2249 2511 2617 2582 suscepisset,
2659 2524 2897 2580 eumque
2939 2517 3226 2579 propterea
3266 2503 3485 2563 leudem
3535 2522 3636 2576 ap-

2053 2605 2342 2674 pellatum,
2383 2602 2532 2674 quod
2557 2616 2620 2656 ea
2665 2615 2774 2655 vox
2820 2600 2964 2671 apud
3012 2598 3301 2656 Phoenices
3340 2598 3635 2668 unigenam

2060 2695 2217 2766 157
2252 2695 2554 2750 etiamnum
2582 2690 2892 2763 signiﬁcet;
2921 2706 3158 2761 cumque
3200 2689 3475 2745 teterrima
3511 2688 3636 2743 belli

2054 2787 2237 2843 clades
2264 2787 2581 2841 universam
2632 2785 2686 2838 in
2720 2783 2998 2854 regionem
3051 2781 3413 2848 incubuisset,
3478 2779 3632 2833 illum

2054 2880 2237 2952 ipsum
2274 2877 2427 2949 regio
2450 2877 2599 2932 cultu
2630 2883 2883 2932 ornatum
2914 2875 2984 2930 ad
3013 2890 3164 2929 aram
3213 2874 3311 2928 abs
3336 2887 3458 2928 sese
3480 2873 3636 2943 prius

2053 2979 2294 3027 erectam
2330 2981 2385 3026 et
2416 2970 2744 3026 instructam
2780 2966 3103 3025 immolavit.
3158 2984 3179 3018 ι
3230 2964 3362 3031 Quae
3386 2979 3510 3020 cum
3560 2963 3632 3018 ita

2054 3080 2115 3122 se
2131 3064 2418 3127 haberent,
2443 3063 2567 3133 jure
2597 3076 2730 3118 sane
2752 3075 2816 3116 ac
2844 3059 3041 3114 merito
3065 3057 3336 3123 Clemens,
3368 3056 3449 3127 vir
3476 3054 3636 3126 plane

2056 3155 2374 3228 singularis,
2408 3156 2462 3210 in
2481 3170 2566 3223 ea,
2586 3168 2753 3226 quam
2783 3151 3078 3225 gentilibus
3106 3149 3407 3221 inscripsit,
3431 3146 3635 3205 Cohor-

360 3217 550 3322 reg‘rcﬁ
586 3217 975 3323 φρενοϐλαϐείᾳ
1006 3250 1114 3306 τῶν
1137 3217 1469 3321 άνθρὼπῶνξ
1501 3252 1638 3329 πρὸς
1665 3253 1722 3306 δὲ
1741 3217 1846 3307 καὶ.
1867 3254 1948 3308 ἀν-

2059 3250 2280 3315 tatione,
2316 3248 2507 3303 eadem
2541 3247 2645 3302 ista
2677 3254 2932 3316 carpens,
2976 3243 3262 3300 hominum
3290 3241 3506 3297 illorum
3532 3256 3637 3297 caeo

364 3337 772 3410 θρώποκτονίας
799 3340 1169 3405 ἀπολαύοντες
1186 3359 1200 3372 ·
1228 3342 1347 3396 νυνὶ
1376 3343 1473 3412 μὲν
1496 3343 1594 3407 τὰς
1627 3345 1685 3397 ἐν
1716 3345 1952 3409 σταδίοις

363 3429 618 3495 ἐνόπλους
654 3431 1006 3501 φιλονεικίας,
1030 3434 1147 3487 νυνὶ
1179 3433 1236 3486 δὲ
1273 3434 1373 3497 τὰς
1394 3436 1451 3487 ὲν
1476 3435 1736 3507 πολέμοις
1755 3437 1950 3509 ἀναρί-

365 3521 535 3593 θμους
564 3523 901 3594 φιλοτιμίας,
930 3524 1185 3597 ἀφορμὰς
1232 3525 1414 3594 σφίσιν
1438 3525 1632 3596 ἡδονῆς
1655 3524 1948 3600 ποριζόμε-

362 3629 466 3677 νοι,
513 3614 663 3678 ὅπως
719 3616 800 3669 ὅτι
844 3615 1079 3688 μάλιστα
1119 3616 1292 3689 ἔχοιεν
1329 3615 1685 3690 ἀνθρωπείων
1727 3619 1949 3688 ἁναίδην

364 3704 719 3777 ἐμφορεῖσθαι
764 3707 960 3777 φόνων.
1000 3707 1139 3780 Ἤδη
1185 3709 1242 3763 δὲ
1291 3709 1431 3763 κατὰ
1483 3710 1667 3773 πόλεις
1694 3709 1788 3763 καὶ
1820 3710 1947 3782 ἔθνη

362 3799 524 3851 οἱονεὶ
540 3798 719 3871 λοιμοὶ
745 3799 1172 3871 ἐπισκήψαντες,
1204 3802 1437 3866 σπονδὰς
1485 3802 1774 3874 ἀπῄτησαν
1816 3803 1949 3875 ἀνη-

366 3889 586 3961 μέρους.
649 3891 1042 3963 Ἀριστομένης
1086 3893 1219 3962 γοῦν
1259 3896 1287 3947 ό
1330 3895 1638 3966 Μεσσήνιος
1678 3895 1758 3966 τῷ
1800 3894 1949 3950 ἰθων⁸

368 3980 499 4053 μίτῃ
540 3976 647 4051 (96)
678 3981 763 4034 Διὶ
785 3982 1129 4054 τριακοσίους
1155 3982 1466 4053 ἀπέσφαξεο
1506 3985 1775 4050 τοσαύτας
1812 3985 1946 4058 ὁμοῦ

365 4072 459 4126 καὶ
491 4071 748 4137 τοιαύτας
773 4072 1076 4144 καλλιερεῖν
1108 4075 1353 4145 οἰόμενος
1387 4076 1695 4148 ὲκατόμὸας
1715 4095 1728 4108 °
1776 4079 1833 4133 ὲν
1866 4072 1948 4143 οἷς

366 4164 458 4217 καὶ
484 4163 807 4235 Θεόπομπος
825 4159 894 4236 ἦν
922 4166 951 4218 ὁ
973 4165 1415 4237 Λακεδαιμονίων
1445 4166 1715 4238 βασιλεὺς,
1754 4171 1948 4239 ἱερεῖον

369 4254 609 4323 εὐγενές,
635 4254 838 4327 Ταῦροι
881 4256 937 4309 δὲ
976 4255 1037 4309 τὸ
1060 4256 1240 4322 ἔθνος,
1266 4259 1317 4311 οἱ
1354 4260 1485 4330 περὶ
1535 4260 1631 4331 τὴν
1669 4260 1947 4334 Ταυρικὴν

369 4345 713 4419 Χερρόνησον
735 4347 1139 4414 κατοικοῦντες,
1174 4348 1269 4415 οὒς
1293 4349 1358 4404 ἂν
1386 4350 1494 4405 τῶν
1514 4349 1680 4418 ξένων
1699 4354 1828 4424 παρ’
1852 4353 1949 4406 αὐ-

366 4441 478 4504 τοῖς
511 4439 693 4504 ἕλωσι,
724 4439 930 4494 τούτων
970 4440 1034 4513 δὴ
1061 4441 1170 4495 τῶν
1201 4443 1342 4496 κατὰ
1382 4441 1650 4502 θάλατταν
1693 4443 1949 4499 ἐπταικό-

2055 3339 2275 3396 citatem
2311 3338 2398 3393 his
2430 3337 2616 3393 verbis
2675 3336 3076 3391 lamentaturzc
3115 3331 3272 3389 Nunc
3317 3340 3522 3399 autem,
3549 3330 3636 3386 in—

2053 3432 2197 3501 quit,
2236 3429 2620 3501 superioribus
2652 3427 2786 3484 illud
2837 3428 2999 3483 etiam
3053 3427 3440 3498 adjungamus,
3466 3439 3634 3496 quam

2052 3522 2323 3578 immanes
2352 3521 2429 3576 dii
2458 3520 2626 3576 vestri
2654 3520 2936 3577 daemones
2977 3518 3201 3587 fuerint,
3233 3533 3511 3590 quamque
3540 3534 3634 3573 ca-

2049 3614 2201 3686 pitali
2241 3613 2527 3670 hominum
2575 3612 2702 3669 odio
2730 3612 3102 3685 ﬂagraverint,
3154 3612 3251 3683 qui
3292 3625 3484 3668 eorum
3520 3625 3629 3665 non

2049 3706 2307 3763 vecordia
2340 3706 2506 3762 modo
2531 3705 2859 3778 insaniaque
2883 3706 3311 3772 delectarentur,
3346 3703 3439 3761 sed
3464 3703 3628 3759 etiam

2050 3799 2369 3856 carnilicina
2424 3797 2778 3870 aedibusque
2832 3795 3165 3854 fruerentur.
3209 3794 3421 3867 Quippe
3465 3796 3630 3850 modo

2048 3895 2195 3949 enim
2232 3901 2476 3949 armatas
2504 3893 2560 3947 in
2591 3892 2770 3948 stadio
2817 3899 2873 3947 et
2917 3890 3236 3948 ambitiosas
3291 3889 3633 3946 commissio-

2050 4000 2172 4051 nes,
2202 3984 2368 4041 modo
2398 3982 2642 4039 inﬁnitas
2668 3982 2796 4039 belli
2813 3984 3192 4039 contentiones
3214 3983 3443 4040 honoris
3462 3998 3629 4039 causa

2049 4076 2346 4149 gloriaeque
2396 4082 2703 4144 susceptas,
2753 4075 3051 4145 voluptatis
3098 4074 3202 4130 sibi
3248 4076 3533 4131 materiam
3565 4090 3633 4130 ac

2050 4175 2286 4239 segetem
2320 4166 2694 4229 accersebant,
2738 4174 2799 4221 ut
2848 4164 2930 4221 sic
2957 4166 3242 4238 indignum
3290 4167 3346 4221 in
3403 4167 3625 4221 modum

2050 4259 2293 4313 humano
2322 4272 2519 4314 cruore
2548 4257 2734 4312 satiari
2762 4268 3007 4327 possent.
3039 4256 3160 4312 Jam
3186 4272 3314 4312 vero
3338 4272 3433 4327 per
3463 4257 3628 4313 urbes

2049 4346 2253 4418 passim
2282 4360 2346 4401 ac
2366 4344 2598 4415 populos
2621 4353 2882 4414 tanquam
2913 4346 3208 4400 teterrimae
3251 4353 3433 4416 pestes
3476 4361 3630 4415 gras-

2051 4436 2179 4506 sati,
2211 4435 2462 4491 crudeles
2489 4434 2748 4504 dirasque
2778 4434 3071 4491 libationes
3101 4436 3444 4506 expetebant.
3485 4434 3628 4492 Sane

364 4543 494 4593 των,
536 4528 734 4585 αὐτίκα
779 4529 923 4601 μάλα
968 4533 1035 4602 τῇ
1071 4531 1317 4603 Ταυρικῇ
1353 4531 1714 4587 καταθύυυσιν
1764 4534 1948 4607 Ἀρτέ-

2051 4526 2426 4582 Aristomenes
2455 4524 2546 4581 ille
2569 4524 2872 4581 Messenius
2902 4522 3173 4581 Ithomitaa
3203 4522 3322 4580 Jovi
3354 4535 3627 4580 trecentos

369 4620 503 4690 μιδι.
526 4620 740 4685 Ταύτας
768 4639 859 4675 σου
887 4634 913 4662 ει
942 4622 1041 4686 τὰς
1070 4622 1259 4686 θυσίας
1305 4624 1397 4677 ἐπὶ
1439 4626 1644 4696 σκηνῆς
1682 4625 1950 4697 τραγῳδεῖ

364 4714 396 4764 ό
428 4710 747 4783 Εὐριπίδης.
770 4713 1016 4784 Μόνιμος
1042 4713 1152 4785 (97)
1175 4714 1232 4768 δὲ
1259 4716 1460 4787 ἱστορεῖ
1481 4717 1539 4768 ὲν
1567 4719 1634 4787 τῇ
1665 4716 1786 4770 Τῶν
1803 4719 1947 4770 θαυ-

358 4801 599 4870 μασίων
622 4801 945 4872 συναγωγῇ
969 4804 1026 4856 ἐν
1059 4803 1238 4875 Πέλλῃ
1269 4804 1371 4874 τῆς
1389 4804 1685 4869 Θετταλίας
1731 4804 1946 4876 Ἀχαιὸν

365 4892 653 4964 ἄνθρωπον
676 4894 847 4964 Πηλεῖ
869 4896 965 4948 καί
995 4894 1228 4968 Χείρωνι
1263 4895 1650 4951 καταθύεσθαι.
1680 4896 1946 4961 Λυκτίους

366 4983 478 5056 (98)
509 4985 640 5056 γὰρ,
667 4985 901 5057 Κρητῶν
929 4987 986 5040 δὲ
1022 4986 1176 5051 ἔθνος
1206 4989 1341 5043 είσὶν
1367 4981 1533 5052 οὗτοι,
1586 4986 1946 5060 Ἀντικλείδης

365 5077 424 5128 ἐν
451 5076 708 5142 Νόστοις
737 5075 844 5147 (99)
861 5075 1223 5144 ἀποφαίνεται
1238 5076 1555 5149 ἀνθρώπους
1579 5077 1944 5147 ἀποσφάττειν

366 5168 444 5240 τῷ
476 5167 580 5222 Διί.
608 5169 719 5222 Καὶ
745 5169 1006 5235 Λεσϐίους
1040 5169 1277 5242 Διονύσῳ
1309 5169 1406 5242 τὴν
1434 5171 1627 5243 ὁμοίαν
1650 5170 1944 5243 προσάγειν

438 5292 465 5322 ι
509 5282 596 5336 la’.
630 5298 732 5335 σοι.

340 5324 355 5439 ί
430 5387 556 5461 Δ(96)
594 5389 1041 5461 ΔἈέκστοέιένιης
1102 5390 1183 5458 τῷ
1238 5392 1531 5461 Ἰθωμίτῃ.
1586 5389 1800 5457 Melius,
1857 5391 1942 5445 vel

380 5458 1942 5555 ἶξέἃεξα.ἒφήν.εέἓ,,Ἰ91³ἐμἯιΡιξμδιίέἓὶιδέέιςτ-.ἒξέἐίίνηῐθξ

367 5519 556 5605 etiam,
578 5519 640 5583 ut
659 5519 1322 5605 Ῥςιιιεθηίεεξ--Ἶθωμᾴτῃ,
1346 5519 1441 5586 aht
1477 5519 1767 5605 Ἰθωμάτα,
1793 5519 1942 5601 quod

371 5597 652 5670 Doricum,
678 5600 948 5670 planeque
985 5597 1351 5656 Messe'nicti'm
1383 5612 1469 5657 est
1513 5620 1528 5656 :
1592 5597 1662 5659 ab
1709 5597 1942 5667 (thema,

370 5668 655 5750 hlessenite
681 5668 889 5734 monte,
941 5672 1032 5750 ubi
1073 5672 1342 5750 _oppidum
1386 5672 1631 5744 ejusdem
1679 5671 1941 5742 nominis,

369 5740 477 5797 situ
501 5754 785 5809 operteque
813 5740 1264 5802 munitissimum.

442 5807 530 5881 (97
536 5807 565 5881 )“
601 5807 882 5880 ludi-mag.
914 5809 992 5868 De
1017 5811 1122 5868 hoc
1145 5812 1425 5883 scriptore,
1447 5812 1675 5884 ejusque
1697 5813 1943 5881 Ἀνθρω-

2045 4617 2339 4690 jugulavit,
2370 4626 2524 4673 ratus
2556 4617 2772 4690 egregie
2802 4633 2923 4673 sese
2949 4624 3030 4672 tot
3076 4625 3300 4687 tamque
3332 4616 3485 4672 lectis
3527 4618 3626 4671 he-

2049 4712 2319 4767 catombis
2351 4712 2559 4777 litasse,
2590 4726 2825 4781 quorum
2880 4725 2912 4764 e
2962 4724 3192 4765 numero
3239 4706 3627 4780 TheOpompus

2048 4813 2189 4872 erat,
2215 4801 2760 4860 Lacedaemoniorum
2792 4817 2909 4867 rex,
2946 4799 3176 4857 illustris
3224 4799 3414 4869 utique
3467 4799 3627 4853 nobi-

2048 4898 2227 4969 lisque
2253 4897 2495 4952 victima.
2540 4893 2707 4951 Tauri
2738 4909 2867 4950 vero
2915 4894 3126 4963 populi,
3178 4893 3272 4964 qui
3303 4894 3448 4947 circa
3481 4889 3627 4945 Tau-

2047 4990 2217 5046 ricam
2243 4989 2644 5046 Chersonesum
2678 4987 2947 5054 habitant,
2972 4994 3244 5057 quotquot
3280 4986 3423 5055 apud
3451 5000 3509 5039 se
3533 5002 3625 5054 pe-

2046 5081 2299 5151 regrinos
2328 5096 2395 5137 eo
2431 5090 2544 5139 tum
2572 5094 2781 5145 errore,
2816 5087 2933 5133 tum
2962 5078 3015 5131 vi
3051 5077 3391 5148 tempestatis
3426 5077 3623 5146 appul-

2046 5186 2141 5229 sos
2166 5172 2574 5244 interciperent,
2605 5171 2882 5242 evestigio
2917 5167 3169 5225 Taurica:
3196 5167 3383 5223 Dianae
3416 5168 3621 5222 immo-

2044 5389 2311 5458 ποθυσίᾳ
2336 5388 2471 5444 nihil
2492 5388 2618 5459 legi.
2650 5386 2814 5459 Forte
2842 5388 2895 5442 in
2939 5386 3166 5459 Achillis
3188 5388 3483 5459 immaturo
3510 5386 3622 5443 fato

2044 5460 2184 5530 rapti
2216 5457 2567 5524 memoriam,
2581 5458 2742 5530 Peleo
2771 5458 2890 5527 ejus
2913 5457 3145 5530 parenti,
3176 5467 3232 5513 et
3254 5458 3483 5514 Chironi
3518 5474 3623 5513 nu-

2044 5528 2195 5585 tritio
2226 5531 2406 5586 scelus
2429 5529 2533 5583 hoc
2564 5528 2875 5583 institutum
2924 5528 3107 5582 fuerit.

2122 5600 2236 5670 (98)
2264 5600 2584 5670 Λυκτίους.
2616 5597 2814 5670 Recte;
2848 5612 3130 5668 perperam
3159 5596 3305 5652 enim
3332 5596 3473 5669 apud
3499 5596 3622 5653 Cle-

2045 5668 2239 5736 mentJ,
2268 5669 2497 5723 habetur
2551 5668 2805 5731 Λυκίους.

2122 5735 2233 5810 (99)
2268 5738 2675 5810 Ἀντικλείρης
2699 5739 2768 5810 ἐν
2811 5740 3087 5810 Νόστοις.
3146 5735 3368 5810 Suidas,

2049 5803 2283 5883 κλείδης,
2311 5807 2508 5877 inquit,
2543 5803 2695 5873 οὗτος
2723 5807 2928 5881 ἔγραψε
2963 5807 3088 5879 περὶ
3116 5807 3337 5863 νόστων.

3448 5734 3619 5793 ’Δντιο
