4156 6418
490 377 596 435 279
1131 377 1404 437 EUSEBII
1438 379 1927 436 CESARIENSIS
1968 378 2100 435 OPP

2166 377 2345 433 PARS
2382 377 2446 433 Il.
2479 409 2549 419 —-
2581 374 3086 433 APOLOGETICA.
3657 371 3767 428 280

489 506 584 553 tea
628 511 815 555 rerum
846 495 1097 552 omnium
1130 496 1417 552 sterilitate
1466 504 1866 567 premerentur,
1919 494 2063 563 Jovi,

2166 496 2227 548 οὑ
2266 495 2577 564 Πελασγοὺς
2616 494 2774 548 καλεῖ
2817 494 2944 557 τοὺς
2985 489 3324 562 ἀνθρώπους,
3363 487 3500 543 ἀλλὰ
3532 488 3754 560 Τυρρη-

488 587 751 659 Apollini,
790 595 846 643 et
868 585 1084 641 Cabiris
1116 600 1331 652 eorum,
1362 601 1484 656 qua:
1529 586 1631 642 sibi
1682 596 2062 652 nascerentur,

490 681 734 735 omnium
775 680 1018 735 decimas
1054 686 1349 745 voverant;
1392 678 1623 749 ideoque
1680 679 1759 733 rei
1810 687 2063 733 votorum

488 770 688 836 effecti,
715 770 948 826 eximias
978 768 1252 824 fructuum
1281 783 1346 823 ac
1393 783 1652 839 pecorum
1682 768 2065 823 universorum

489 862 734 919 decimas
763 861 870 917 diis
895 869 1308 926 consecrarant,
1342 861 1500 930 quasi
1534 861 1650 916 suis
1691 876 1785 916 eas
1830 869 2063 925 tantum,

494 954 740 1025 nihilque
782 962 1043 1025 praeterea
1100 953 1245 1008 votis
1300 952 1676 1008 inclusissent.
1736 953 1913 1024 Atque
1953 953 2068 1007 haec

491 1043 719 1099 totidem
749 1058 888 1114 pene
909 1042 1092 1099 verbis
1144 1056 1178 1098 a
1234 1040 1456 1115 Myrsilo
1501 1043 1699 1100 Lesbio
1732 1059 2069 1099 commemo-

490 1144 708 1201 rantur,
757 1135 867 1191 nisi
895 1136 1045 1207 qued
1089 1135 1407 1210 Tyrrhenos
1461 1138 1576 1207 ipse
1623 1137 1855 1208 populos
1906 1137 2065 1199 istos,

491 1242 604 1283 non
635 1226 897 1299 Pelasgos
932 1228 1190 1299 appellat,
1218 1228 1379 1298 cujus
1410 1228 1489 1284 rei
1521 1243 1688 1283 causa
1718 1228 2065 1299 postmodum

488 1335 520 1375 a
546 1319 705 1376 nobis
736 1319 1016 1376 afferetur.
1047 1319 1318 1376 Caeterum
1352 1335 1478 1375 cum
1538 1320 1607 1375 de
1664 1319 1819 1375 relati
1860 1319 2067 1375 oraculi

489 1419 672 1465 mente
704 1410 858 1466 nullo
889 1410 1056 1466 modo
1080 1411 1354 1482 conjicere
1402 1420 1648 1481 possent,
1700 1410 1882 1465 dubiis
1948 1411 2069 1464 ani-

490 1500 679 1570 tuique
706 1499 1092 1571 pendentibus,
1143 1515 1174 1555 e
1217 1501 1527 1556 senioribus
1553 1514 1698 1554 unus
1719 1498 1913 1569 aliquis
1945 1514 2065 1552 eam

490 1590 722 1647 solerter
751 1599 1063 1658 assecutus,
1100 1605 1198 1647 eos
1245 1591 1566 1662 gravissime
1616 1588 1730 1646 falli
1778 1591 2069 1645 denuntia-

487 1682 588 1747 vit,
646 1683 713 1738 si
749 1682 1028 1737 immerito
1075 1683 1181 1738 sibi
1233 1698 1558 1739 succensere
1600 1682 1732 1737 deos
1762 1690 2063 1752 putarent:

490 1789 619 1829 nam
650 1789 834 1831 rerum
863 1778 1083 1847 quidem
1109 1790 1176 1832 ac
1200 1774 1541 1833 fortunarum
1560 1774 1831 1845 primitias
1862 1774 1962 1829 rite
1985 1785 2067 1828 at-

2172 586 2297 651 νούς
2318 604 2332 618 ⁸
2363 587 2463 658 τὴν
2489 585 2534 639 δ’
2568 585 2747 640 αἰτίαν
2779 584 2888 655 (15)
2922 583 3100 653 ὀλίγον
3142 581 3369 656 ὕστερον
3403 578 3533 651 ἐρῶ.
3582 581 3669 643 Ὦς
3697 580 3756 634 δέ

2170 678 2538 748 ἀπενεχθέντα
2574 676 2666 730 τὸν
2703 673 2951 747 χρησμὸν
2993 672 3215 745 ἔμαθον,
3249 673 3349 725 οὑκ
3384 666 3529 741 εἶχον
3562 671 3632 725 τά
3669 670 3756 723 λι-

2172 771 2378 841 γὸμενα
2436 770 2752 842 συμϐαλεῖν.
2822 765 3189 839 ’Δμηχανοῦσι
3261 764 3318 818 δέ
3392 764 3576 826 αὑτοῖς
3644 761 3757 814 τῶν

2172 862 2509 934 γεραιτέρων
2539 879 2622 926 τις
2655 861 2824 930 λέγει,
2863 856 3155 929 συμϐαλὼν
3194 856 3255 910 τὸ
3298 857 3500 926 λόγιον,
3543 856 3625 908 ὅτι
3657 852 3755 907 τοῦ

2173 951 2374 1015 παντὸς
2410 953 2815 1023 ἡμαρτήκασιν,
2860 951 2908 1002 εί
2945 948 3152 1002 οἴονται
3193 946 3318 1010 τοὺς
3358 944 3513 1008 θεοὺς
3553 943 3757 1006 ἀδίκως

2173 1045 2356 1107 αὑτοῖς
2383 1044 2651 1112 ἐγκαλεῖν·
2684 1042 2981 1114 χρημάτων
3018 1040 3116 1110 μὲν
3145 1037 3253 1111 γάρ
3287 1035 3637 1092 ἀποδεδόσθαι
3657 1034 3757 1097 τὰς

2172 1135 2427 1207 ἀπαρχάς
2458 1135 2642 1198 αὑτοῖς
2673 1134 2891 1195 ἁπάσας
2923 1130 3098 1201 ὀρθῶς
3124 1146 3182 1182 τε
3217 1128 3312 1182 καὶ
3344 1130 3441 1182 σὺν
3471 1126 3596 1198 δίκῃ
3619 1143 3632 1156 ·
3662 1126 3757 1179 άν-

2174 1228 2407 1301 θρώπων
2446 1228 2503 1281 δὲ
2544 1228 2706 1298 γονῆς
2736 1227 2797 1281 τὸ
2841 1225 3025 1296 λάχος,
3059 1225 3249 1296 χρῆμα
3292 1209 3490 1285 παντὸς
3523 1219 3757 1291 μάλιστα

2174 1320 2316 1385 θεοῖς
2346 1319 2703 1392 τιμιώτατον,
2751 1316 3091 1388 ὀφείλεσθαι·
3140 1317 3189 1368 εί
3229 1314 3285 1366 δέ
3332 1313 3395 1383 δὴ
3430 1312 3523 1365 κα).
3551 1308 3756 1363 τούτων

2172 1413 2388 1467 λάϐοιεν
2424 1412 2525 1483 τὴν
2551 1411 2765 1464 δικαίαν
2795 1412 3010 1481 μοῖραν,
3044 1407 3195 1469 τέλος
3231 1404 3373 1471 ’ἐξειν
3400 1403 3551 1473 σφίσι
3577 1401 3639 1454 τὸ
3667 1401 3756 1454 λό-

2172 1521 2311 1572 γιον.
2350 1504 2475 1567 Τοῖς
2511 1501 2610 1573 μὲν
2635 1501 2700 1572 δὴ
2733 1500 2908 1572 ὀρθῶς
2937 1498 3108 1552 ἐδόκει
3136 1494 3388 1564 λέγεσθαι
3414 1493 3584 1548 ταῦτα
3604 1509 3616 1521 ·
3641 1494 3756 1554 τοῖς

2172 1595 2218 1648 δ’
2252 1594 2309 1662 ἐξ
2357 1592 2646 1663 ἐπιϐουλῆς
2681 1589 2999 1661 συγκεῖσθαι
3032 1591 3061 1642 ὀ
3089 1588 3264 1657 λόγος.
3301 1584 3755 1656 Εἰσηγησαμένου

2172 1687 2226 1740 δέ
2252 1703 2396 1750 τινος
2425 1685 2523 1758 τὴν
2556 1683 2783 1756 γνώμην
2806 1683 2895 1736 τὸν
2921 1682 3039 1735 θεὸν
3090 1679 3403 1751 ἐπέρεσθαι,
3432 1679 3480 1730 εί
3504 1675 3651 1747 αὑτῷ
3678 1674 3760 1744 φί-

2172 1777 2262 1830 λον
2303 1775 2608 1847 άνθρώπων
2644 1776 2875 1838 δεκάτας
2909 1772 3338 1843 ἀπολαμϐάνειν,
3377 1770 3659 1839 πέμπουσι
3695 1766 3759 1819 τὸ

490 1881 601 1936 que
632 1866 712 1922 uti
737 1882 953 1939 aequum
981 1877 1103 1925 erat
1131 1867 1436 1939 persolutas
1465 1882 1658 1922 omnes
1704 1867 1812 1922 diis
1860 1866 2063 1931 fuisse;

2168 1870 2419 1942 δεύτερον
2444 1869 2808 1941 θεοπρόπους·
2837 1868 2932 1922 καὶ
2957 1869 2986 1920 ό
3011 1867 3132 1930 θεὸς
3159 1864 3365 1919 ἀνεῖλεν
3389 1863 3530 1916 οὕτω
3558 1862 3757 1915 ποιεῖν.

490 1965 548 2012 at
588 1967 843 2014 natorum
894 1976 992 2031 per
1031 1960 1087 2016 id
1124 1969 1339 2029 tempus
1374 1959 1656 2014 hominum
1687 1969 1913 2025 sortem,
1944 1974 2068 2029 qua:

491 2050 716 2106 maximi
743 2051 991 2106 omnium
1033 2051 1102 2107 ab
1152 2051 1222 2106 iis
1251 2050 1422 2117 fieret,
1466 2051 1630 2107 etiam
1692 2060 1806 2106 tum
1859 2051 2063 2106 deberi.

490 2139 674 2205 Quare
704 2139 750 2196 si
782 2156 973 2197 eorum
1000 2151 1262 2213 praeterea
1287 2140 1492 2210 justam
1543 2141 1620 2196 dii
1669 2156 1890 2212 quoque
1938 2158 2066 2213 par-

486 2244 598 2289 tem
634 2232 962 2303 acciperent,
1001 2243 1115 2289 tum
1147 2234 1367 2290 demum
1399 2233 1682 2289 oraculum
1711 2235 1924 2290 felicem
1949 2235 2069 2289 exi-

490 2337 606 2380 tum
634 2326 974 2383 habiturum.
1002 2324 1157 2382 Hanc
1185 2325 1335 2381 senis
1366 2325 1667 2380 orationem
1698 2326 1930 2396 probare
1950 2325 2064 2391 alii,

490 2419 585 2473 alii
613 2426 806 2474 contra
834 2428 1148 2489 suspectam
1177 2416 1397 2482 habere,
1425 2419 1583 2487 quasi
1617 2416 1807 2472 fraude
1832 2417 2068 2489 doloque

489 2510 873 2581 compositam.
906 2510 1033 2565 Mox
1079 2519 1260 2566 tamen
1316 2518 1592 2564 auctorem
1625 2524 1657 2565 e
1689 2509 1848 2564 turba
1873 2524 2068 2579 quem-

489 2602 638 2671 piam
668 2603 893 2669 secutis,
930 2603 1139 2673 placuit
1164 2604 1368 2672 denuo,
1421 2604 1781 2659 hominumne
1823 2601 2067 2658 decimas

486 2704 787 2763 expeteret,
818 2710 1022 2753 numen
1050 2696 1341 2751 consulere
1383 2714 1397 2751 :
1431 2695 1577 2767 quod
1616 2695 1711 2750 ubi
1745 2696 1825 2751 sic
1854 2693 2065 2750 facien-

486 2789 618 2842 dum
673 2788 860 2845 missis
895 2790 1307 2847 consultoribus
1357 2789 1750 2861 respondisset,
1798 2790 2065 2848 continuo

485 2879 683 2935 seditio
707 2881 975 2950 exoritur,
1009 2881 1157 2952 quod
1196 2882 1339 2938 inter
1367 2897 1464 2937 eos
1496 2882 1565 2937 de
1617 2882 1925 2937 decimandi
1975 2893 2065 2938 ra-

487 2972 638 3045 tione
666 2973 962 3029 convenire
996 2989 1106 3028 non
1152 2982 1359 3045 posset.
1395 2972 1476 3029 Ac
1503 2974 1683 3043 primo
1713 2974 1936 3044 quidem
1972 2972 2062 3028 in-

485 3074 566 3118 ter
595 3064 745 3135 ipsos
767 3066 1052 3122 civitatum
1083 3067 1360 3138 principes
1384 3066 1595 3122 turbari
1627 3075 1892 3137 emptum,
1932 3082 2061 3122 mox

482 3164 678 3212 caetera
700 3172 921 3229 quoque
948 3157 1243 3215 multitudo
1285 3158 1352 3214 de
1397 3159 1738 3229 principibus
1788 3160 1930 3215 male
1966 3175 2062 3216 su-

486 3246 754 3317 spicatur.
788 3247 932 3320 Ergo
984 3250 1138 3304 nullo
1172 3249 1363 3305 ordine
1397 3250 1741 3317 tumultuari,
1791 3252 2060 3322 sedesque

484 3346 720 3407 mutare,
758 3339 855 3394 sed
885 3338 965 3393 uti
995 3354 1095 3409 par
1123 3349 1243 3393 erat
1274 3339 1523 3394 homines
1558 3339 1784 3394 deorum
1824 3340 2063 3396 stimulis

483 3444 551 3487 ac
578 3428 757 3499 poenis
800 3428 1053 3502 agitatus.
1103 3427 1225 3494 Quo
1276 3428 1505 3496 factum,
1556 3439 1618 3484 ut
1651 3432 1797 3486 aedes
1841 3432 2064 3503 integrae

487 3518 735 3575 funditus
763 3519 1097 3586 delerentur,
1134 3526 1289 3589 parte
1319 3534 1509 3575 eorum
1537 3521 1647 3576 alio
1690 3523 2061 3593 commigrau-

487 3621 560 3675 te,
589 3625 715 3665 cum
752 3611 1046 3682 pr0pinqui
1075 3610 1474 3668 discedentium
1503 3610 1661 3667 nefas
1686 3622 1963 3682 putarent,
2010 3622 2065 3670 et

490 3703 674 3759 divelli
708 3718 742 3760 a
766 3705 1116 3772 necessariis,
1143 3712 1343 3761 etcum
1375 3702 1774 3759 inimicissimis
1798 3705 2060 3760 residere.

487 3791 731 3849 Primum
758 3792 926 3864 igitur
959 3794 1048 3849 isti
1088 3808 1303 3859 omnes,
1337 3793 1527 3849 relicta
1562 3792 1739 3860 Italia,
1774 3796 1974 3864 partim
2005 3797 2062 3851 in

486 3882 776 3950 Grmciam,
808 3884 1005 3954 partim
1037 3884 1092 3939 in
1140 3886 1299 3957 160
1347 3885 1611 3942 barbaras
1657 3887 1948 3959 plerasque
1976 3905 2062 3944 re-

486 3972 678 4040 giones
702 3973 950 4043 dissipati
980 3986 1109 4033 sunt
1134 3995 1149 4031 :
1177 3978 1478 4032 secundum
1504 3992 1642 4048 quos
1683 3980 1774 4035 alii
1806 3979 2064 4053 deinceps

486 4064 733 4119 eamdem
764 4065 980 4121 subiere
1005 4065 1299 4134 fortunam,
1324 4084 1450 4123 cum
1490 4070 1543 4124 id
1564 4070 1740 4140 ipsum
1768 4075 2064 4142 quotannis

486 4154 749 4215 eveniret.
789 4153 902 4213 Nec
930 4157 1077 4216 enim
1132 4159 1454 4217 desinebant
1485 4161 1767 4218 civitatum
1814 4166 2064 4222 modera-

486 4256 635 4305 tores
662 4247 831 4305 lectas
870 4249 1103 4306 subinde
1146 4251 1576 4308 adolescentium
1627 4255 1899 4324 primitias
1945 4259 2064 4312 exi-

484 4355 656 4406 mere,
691 4342 889 4411 partim
912 4352 973 4396 ut
1005 4356 1127 4398 sese
1155 4344 1444 4400 numinum
1475 4345 1736 4417 religione
1760 4349 2060 4416 solverent,

485 4434 681 4503 partim
708 4435 855 4505 quod
888 4435 956 4490 ab
988 4436 1078 4502 iis,
1122 4439 1216 4507 qui
1255 4437 1593 4509 effugissent,
1628 4455 1797 4496 novas
1829 4442 2059 4498 seditio-

2088 3203 2131 3261 C

2180 1962 2276 2015 Ἕκ
2307 1960 2366 2016 δέ
2390 1960 2583 2014 τούτου
2618 1959 2806 2022 στάσις
2839 1958 3034 2021 αὐτοὺς
3063 1953 3473 2025 καταλαμϐάνει
3505 1952 3633 2023 περὶ
3659 1949 3758 2005 τοῦ

2165 2053 2368 2123 τρόπου
2400 2052 2500 2123 τῆς
2541 2048 2895 2112 δεκατώσεως
2927 2061 2977 2103 ι.
3008 2047 3119 2102 Καὶ
3159 2049 3217 2101 ἐν
3254 2044 3503 2116 ἀλλήλοις
3532 2044 3583 2095 οἱ
3615 2058 3759 2115 προ-

2167 2141 2459 2216 εστηκότες
2512 2140 2622 2195 τῶν
2664 2140 2873 2194 πόλεων
2912 2140 3034 2193 τότε
3078 2137 3295 2211 πρῶτον
3340 2135 3754 2207 ἐταράχθησαν·

2167 2237 2357 2288 ἔπειτα
2400 2233 2495 2287 καὶ
2518 2231 2583 2287 τὸ
2618 2231 2803 2285 λοιπὸν
2829 2231 3030 2302 πλῆθος
3058 2229 3126 2283 δι’
3161 2226 3397 2295 ὑποψίας
3428 2226 3554 2290 τοὺς
3582 2227 3639 2277 ἐν
3669 2223 3759 2277 τέ-

2165 2325 2247 2378 λει
2272 2325 2597 2396 ἐλάμϐανεν.
2645 2324 2916 2393 Ἐγίνοντο
2948 2323 3003 2375 δὲ
3030 2322 3206 2374 οὐδενὶ
3237 2320 3430 2389 κόσμῳ
3460 2318 3516 2371 ai
3560 2318 3759 2369 ἐπανα-

2170 2418 2386 2481 στάσεις
2407 2417 2617 2487 (16-17)
2639 2433 2654 2447 ο
2683 2415 2795 2470 ἀλλ’
2813 2416 3001 2486 ῶσπερ
3018 2413 3181 2477 εἰκὸς,
3201 2413 3402 2483 οἴστρῳ
3418 2410 3509 2463 κα)⁵
3535 2408 3760 2463 θεοϐλα-

2166 2509 2287 2581 ϐείᾳ
2311 2509 2765 2580 ἀπελαυνομένων
2788 2507 2921 2579 (l8),
2949 2507 3043 2561 καὶ
3066 2505 3237 2559 πολλά
3261 2506 3484 2574 ἐφέστια
3510 2503 3603 2556 ὅλα
3629 2502 3757 2573 ἐξη-

2166 2602 2382 2674 λείφθη,
2440 2602 2641 2674 μέρους
2688 2600 2868 2654 αὐτῶν
2908 2598 3340 2670 μεθισταμένου·
3393 2597 3452 2649 οὐ
3494 2594 3602 2666 γάρ
3646 2593 3756 2648 ἐδι-

2165 2695 2353 2751 καίουν
2400 2698 2451 2749 οί
2500 2696 2870 2767 προσήκοντες
2916 2695 3027 2757 τοῖς
3075 2691 3310 2756 ἐξιοῦσιν
3362 2686 3752 2744 ἀπολείπεσθαι

2164 2790 2272 2844 τῶν
2299 2788 2592 2859 φιλτάτων,
2622 2787 2716 2840 καὶ
2743 2789 2798 2840 ἐν
2830 2788 2942 2849 τοῖς
2969 2783 3236 2855 ἐχθίστοις
3260 2782 3568 2854 ὑπομένειν.
3596 2781 3754 2852 Πρῶ-

2163 2900 2255 2938 τον
2296 2882 2395 2952 μὲν
2428 2880 2493 2952 δὴ
2526 2874 2673 2932 οὗτοι
2718 2878 2941 2941 πάντες,
2981 2877 3346 2947 μεταστάντες
3392 2872 3455 2939 ἐξ
3499 2872 3752 2940 Ἰταλίας,

2163 2972 2245 3035 είς
2268 2988 2328 3025 τε
2368 2970 2467 3042 τὴν
2518 2969 2746 3024 Ἐλλάδα
2776 2969 2870 3022 καὶ
2895 2968 2994 3039 τὴν
3027 2966 3302 3039 βάρϐαρον
3349 2965 3551 3035 πολλὴν
3584 2964 3754 3017 ἐπλα-

2163 3066 2405 3138 νήθησαν
2425 3082 2439 3095 ο
2476 3064 2616 3135 μετὰ
2646 3064 2702 3117 δὲ
2732 3064 2855 3126 τοὺς
2891 3061 3139 3132 πρώτους
3171 3060 3348 3133 ἕτεροι
3377 3059 3438 3113 τὸ
3467 3059 3597 3112 αὑτὸ
3620 3058 3757 3111 ἐπα-

2164 3158 2277 3221 θον,
2325 3156 2606 3211 καὶτοῦτο
2644 3155 2869 3208 διετέλει
2912 3154 3195 3224 γινόμενον
3235 3152 3328 3205 ἐπὶ
3373 3151 3492 3223 ἔτη.
3533 3152 3607 3205 Οὑ
3643 3151 3755 3223 γάρ

2162 3250 2384 3308 ἀνίεσαν
2406 3250 2455 3302 οῖ
2482 3248 2896 3311 δυναστεύοντες
2924 3249 2981 3300 ἐν
3007 3249 3127 3308 ταῖς
3160 3246 3367 3307 πόλεσι,
3401 3244 3500 3314 τῆς
3527 3244 3758 3315 ἀνδρου-

2165 3344 2331 3415 μένης
2364 3344 2474 3396 αἰεὶ
2513 3342 2765 3413 νεότητος
2800 3337 3178 3410 ἐξαιρούμενοι
3205 3336 3303 3400 τάς
3330 3334 3606 3407 ἀπαρχάς,
3639 3337 3757 3399 τοῖς

2159 3456 2221 3492 τε
2249 3439 2391 3501 θεοῖς
2425 3436 2495 3490 τά
2535 3436 2719 3489 δίκαια
2752 3434 3047 3506 ὑπουργεῖν
3088 3431 3365 3497 ἀξιοῦντες
3394 3431 3489 3483 καὶ
3530 3445 3757 3482 στασια-

2164 3532 2334 3601 σμοὺς
2366 3530 2433 3582 ὲκ
2460 3527 2569 3582 τῶν
2602 3526 2963 3581 διαλαθόντων
2987 3524 3240 3588 δεδιότες.
3267 3520 3377 3577 Ἦν
3405 3524 3463 3577 δὲ
3493 3523 3628 3576 πολὺ
3657 3522 3755 3575 καὶ

2160 3620 2222 3674 τὸ
2248 3621 2382 3694 πρὸς
2406 3619 2624 3691 ἔχθραν,
2659 3619 2756 3671 σὺν
2789 3617 3344 3689 προφάσειεξητρεπεῖ
3377 3614 3753 3685 ἀπελαυνόμε-

2162 3734 2243 3771 νοι
2270 3716 2298 3756 δ
2324 3713 2430 3768 ὑπὸ
2456 3712 2566 3766 τῶν
2593 3710 2888 3783 διαφόρων.
2921 3710 3083 3762 Ὥστε
3118 3708 3311 3763 πολλαὶ
3345 3709 3401 3760 αἱ
3440 3706 3754 3761 ἐπαναστά-

2165 3826 2279 3873 σεις
2306 3820 2329 3848 ο
2359 3808 2622 3876 ἐγίνοντο,
2657 3806 2750 3858 καὶ
2781 3803 2875 3856 ἐπὶ
2902 3802 3152 3855 πλεῖστον
3188 3801 3292 3872 γῆς
3320 3800 3379 3856 τὸ
3413 3798 3755 3868 Πελασγικὸν

2162 3903 2319 3972 γένος
2341 3898 2657 3971 διεφορήθη.
2684 3916 2703 3949 ι
2730 3896 2843 3951 Καὶ
2868 3893 3007 3967 μετὰ
3033 3893 3241 3965 βραχέα
3266 3892 3432 3964 φησί·
3463 3909 3483 3942 ι
3518 3891 3754 3960 Λέγουσι

2162 3992 2221 4046 δὲ
2249 3991 2362 4063 (19)
2393 3989 2488 4044 καὶ
2519 3988 2619 4051 τὰς
2645 3987 2834 4050 θυσίας
2869 3983 3135 4040 ἐπιτελεῖν
3167 3983 3245 4053 τῷ
3278 3984 3473 4055 Κρόνῳ
3505 3983 3753 4046 καὶτοὺς

2165 4083 2452 4145 παλαιοὺς,
2496 4078 2686 4150 ὥσπερ
2726 4079 2785 4132 ἐν
2830 4075 3139 4148 Καρχηδόνι
3183 4076 3322 4137 τέως
3364 4075 3475 4146 (20)
3509 4075 3543 4145 ή
3595 4072 3753 4137 πόλις

2163 4177 2424 4247 διέμεινε,
2456 4171 2551 4226 καὶ
2584 4170 2732 4242 παρὰ
2772 4168 2996 4232 Κελτοῖς
3022 4171 3102 4231 εἰς
3139 4167 3259 4220 τόδε
3294 4167 3486 4238 χρόνου
3513 4165 3747 4234 γίνεται,

2164 4265 2259 4318 καὶ
2293 4265 2350 4317 ἐν
2382 4259 2562 4323 ἄλλοις
2592 4258 2704 4312 τισὶ
2729 4258 2839 4312 τῶν
2869 4257 3006 4328 πρὸς
3053 4257 3352 4328 Ἑσπερίων
3375 4255 3543 4310 ἐθνῶν
3565 4254 3753 4327 άνδρο-

2165 4354 2437 4426 φονοῦσιν.
2469 4351 2740 4423 Ἠρακλέα
2765 4368 2823 4405 τε
2854 4351 3061 4405 παῦσαι
3088 4350 3179 4405 τὸν
3208 4350 3369 4421 νόμον
3402 4348 3504 4419 τῆς
3530 4346 3747 4412 θυσίας,

2167 4447 2498 4521 βουληθέντα
2529 4447 2620 4502 τόν
2650 4463 2711 4499 τε
2747 4444 2928 4517 βωμὸν
2963 4442 3280 4515 ἱδρύσασθαι
3301 4441 3394 4495 τὸν
3426 4440 3518 4493 ἐπὶ
3549 4439 3627 4510 τῷ
3652 4440 3751 4493 Σα-

487 4543 584 4587 nes
613 4536 938 4584 metuerent.
967 4526 1122 4585 Multi
1148 4545 1366 4601 quoque
1384 4530 1512 4587 odio
1548 4546 1613 4587 ac
1642 4533 1927 4589 simultate
1964 4550 2062 4605 per

2166 4541 2361 4616 τορνίῳ
2405 4541 2539 4612 (21),
2582 4540 2678 4594 καὶ
2721 4535 3095 4608 κατάρξασθαι
3141 4535 3397 4606 θυμάτων
3439 4532 3621 4602 ἁγνῶν
3654 4531 3749 4586 ἐπὶ

576 4706 606 4737 ι
650 4693 737 4759 D.,
786 4692 1177 4758 δεκατεύσεως.
1301 4696 1331 4736 ι’
1392 4695 1552 4751 Dion.
1604 4696 2057 4770 ἀπελαυνόμενον.

556 4847 672 4920 (L5)
719 4846 838 4917 Τὴν
871 4847 1144 4920 δἀῑτζαιν.
1173 4846 1248 4920 De
1269 4863 1436 4920 causa
1460 4848 1553 4920 illa
1586 4849 1838 4920 pluribus
1881 4848 2063 4920 dispu-

485 4917 576 4992 tat;
604 4917 1002 4992 Dionys._,pa3;.
1029 4917 1121 4982 20,
1166 4918 1257 4985 2i,
1305 4919 1399 4992 32,
1449 4919 1539 4992 23.
1588 4917 1901 4992 Concludit,
1936 4917 2061 4976 meo

478 4988 710 5061 judtcp,
741 4988 1046 5061 verissime,
1072 4997 1262 5058 gentes
1311 4989 1482 5044 fuisse
1504 4990 1661 5061 du_as,
1696 4988 2062 5061 Pelasgosat—

484 5056 603 5129 que,
629 5056 968 5129 Tyrrhenos,
1000 5056 1293 5129 sic'tamen
1318 5070 1378 5114 ut
1404 5074 1527 5114 cum
1566 5057 1800 5129 Pelasgi,
1837 5056 1906 5115 ab
1935 5060 2061 5116 Hel-

483 5126 699 5184 knibus
748 5129 924 5200 patria
958 5129 1128 5198 pulsi,
1176 5126 1585 5199 Tyrrhenorum
1629 5130 1685 5185 in
1726 5126 1845 5185 solo
1866 5147 2062 5188 conse-

479 5200 713 5271 disserit,
736 5215 873 5271 Anon
912 5208 1122 5254 tantum
1153 5200 1367 5269 generis
1416 5200 1701 5271 utriusque
1738 5200 1894 5271 facta
1937 5216 2061 5271 per-

483 5269 668 5324 mistio
702 5268 795 5335 sit,
830 5284 1018 5325 verum
1075 5268 1241 5324 etiam
1297 5270 1538 5325 nominis
1595 5268 1840 5338 ejusdem
1869 5268 2059 5327 secuta

481 5339 819 5411 communio,
848 5348 911 5394 ut
935 5338 1203 5411 Tyrrheni
1252 5354 1453 5411 omnes,
1473 5339 1544 5394 ab
1613 5340 1775 5411 aliis,
1815 5342 1885 5396 ab
1935 5343 2059 5398 aliis

481 5409 691 5482 gelasgi
718 5409 1028 5477 promiscue
1061 5411 1389 5482 dicerentur.
1439 5410 1533 5482 Sic
1579 5421 1727 5474 ante,
1757 5410 2056 5482 Phrygum,

481 5479 1031 5551 Teucrorumlatque
1063 5479 1429 5551 Trojanorum
1482 5479 1693 5545 fuerat;
1751 5483 1831 5537 sic
1863 5479 2059 5537 etiam-

479 5565 611 5604 num
633 5548 781 5619 viget
817 5547 1589 5623 Francorum'Gallorumque
1626 5567 1919 5607 commune
1959 5569 2058 5608 no—

479 5636 628 5676 men.

552 5690 761 5764 (1647)
793 5690 1287 5759 Ἐπαναστάσεις.
1311 5690 1683 5762 Conjiciebam
1714 5693 2055 5764 μεταναστά-

482 5777 616 5824 σεις.
652 5760 721 5814 At
740 5760 975 5831 uterque
1000 5778 1279 5819 manuscr.
1308 5760 1917 5828 ἀπαναστάσειςὴαὺει,
1947 5780 2054 5819 non

483 5833 641 5889 modo
673 5833 782 5900 hic,
841 5833 937 5889 sed
983 5836 1147 5890 etiam
1186 5848 1305 5906 pag.
1341 5843 1619 5906 sequente.
1676 5834 1809 5906 Quae
1859 5850 1963 5891 vox
2001 5844 2054 5894 et

2166 4708 2190 4736 ε
2235 4697 2323 4751 lo.
2360 4693 2805 4767 μεταναστάσεις.

2162 4852 2303 4909 idem
2329 4852 2618 4923 significat.
2651 4861 2705 4907 et
2726 4850 2913 4907 leviori
2952 4850 3251 4923 mutatione
3277 4847 3562 4923 sufﬁcitur.

2234 4925 2347 4993 (in)
2380 4915 2749 4989 ’Θεοόλαϐειᾳ
2789 4919 3318 4993 ἀπελαυνομένων.
3362 4919 3519 4993 Dion.
3542 4957 3560 4982 ,
3604 4915 3743 4993 άπε-

2160 4987 2511 5063 λαυνόμεναι,
2539 4987 3109 5063 (ιυοάλόἰυτίυεευιιιηι
3147 4992 3403 5063 videtur:
3422 4989 3606 5045 Genus
3635 4987 3739 5042 hoc

2162 5061 2446 5119 hominum
2471 5063 2635 5117 iidem
2664 5061 2837 5118 (Irasci
2865 5061 3184 5134 ποινήλατον
3231 5061 3606 5132 significanter
3642 5073 3739 5112 vo-

2161 5150 2287 5188 care
2323 5135 2518 5188 solent.

2230 5203 2344 5275 (1,9)
2368 5203 2633 5275 Λέγουσι
2652 5200 2739 5275 δέ.
2769 5199 3168 5275 ldemDionys.
3197 5202 3320 5258 eod.
3365 5204 3485 5272 lib.,
3519 5219 3574 5275 p.
3609 5208 3717 5266 30..

2252 5273 2345 5343 ΞΟ)
2380 5271 2550 5339 Τέως.
2586 5271 2779 5343 Melius
2802 5271 3101 5343 quadraret
3127 5272 3251 5336 ἕως.

2255 5342 2346 5414 21)
2383 5344 2507 5397 Ἐπὶ
2536 5342 2619 5415 τῷ
2639 5346 2958 5412 Σατορνίφ.
2990 5342 3197 5415 collem
3242 5343 3611 5415 Capitolinum
3657 5352 3742 5404 in—

2160 5412 2372 5495 tell'iglitz
2397 5430 2569 5495 quem
2589 5412 2908 5495 Saturnium
2935 5414 3236 5495 antiquitus
3257 5412 3551 5495 vocabant.
3592 5418 3736 5474 Idem

2158 5501 2283 5609 ἔας.
2302 5484 2371 5537 27
2407 5486 2609 5539 diserte
2633 5500 2648 5537 :
2689 5484 2865 5555 Λόφον
2886 5484 3193 5564 ἐπιτήδειον
3218 5486 3491 5558 εὑρόντες,
3520 5505 3742 5559 τριστα-

2194 5557 2257 5629 {ip
2366 5554 2599 5629 μάλιστα
2629 5555 2793 5629 μήκει
2820 5572 2914 5629 του
2932 5554 3650 5629 Παλαντίουδιειργόμενον,
3681 5561 3740 5623 ὃς

2159 5626 2254 5679 νῦν
2287 5626 2384 5697 μὲν
2420 5626 2800 5697 Καπιτωλῖνος
2838 5626 3204 5697 ὀνομάζεται,
3230 5628 3336 5680 ὑπὸ
3367 5626 3429 5682 δὲ
3472 5626 3584 5681 τῶν
3616 5630 3738 5684 τότε

2158 5695 2460 5771 ανθρῴ-πων
2515 5696 2801 5771 Σατόρνιος
2848 5695 3082 5767 ἐλέγετο,
3136 5696 3325 5771 ὥσπερ
3377 5700 3443 5754 ἂν
3483 5700 3627 5754 εἴποι
3653 5716 3737 5767 τις

2172 5767 2378 5825 Ἐλλάδι
2408 5769 2580 5839 φωνῇ,
2621 5769 2891 5837 Κρόνιος.
