4156 6416
412 393 515 448 231

1576 377 1903 437 PRJEPAB.
1935 374 2189 433 EVANG.
2229 374 2360 430 LIB.
2400 374 2488 429 IV.

3560 364 3671 420 282

413 504 643 578 καθαρῷ
674 504 807 574 πυρῖ⁸
832 499 1232 575 ἁγιαζομένων.
1266 497 1382 551 Ἵνα
1415 495 1470 548 δὲ
1509 494 1676 566 μηδὲν
1708 491 1880 566 ᾗτοῖς
1906 492 1994 545 άν-

2107 490 2385 545 honestam
2411 502 2638 544 causam
2674 500 2738 540 ac
2773 484 3010 555 speciem
3042 483 3113 538 ab
3145 482 3372 538 adversa
3434 478 3673 535 factione

414 596 653 669 θρώποις
688 594 841 656 δέους
872 590 1147 662 ἐνθύμιον,
1188 588 1263 651 ὼς
1302 585 1548 656 πατρίων
1580 583 1839 654 ὴλογήκει
1878 580 1989 653 (22)

415 686 616 742 θυσιῶν
652 684 859 752 διδάξαι
903 684 1029 747 τοῦς
1066 680 1395 752 ὲπιχωρίους
1440 675 1991 749 ἅπομειλισσομένους

415 777 514 848 τὴν
545 774 636 829 τοῦ
670 775 794 829 θεοῦ
824 773 1004 846 μῆνιν,
1039 772 1160 827 ἀντὶ
1184 769 1291 824 τῶν
1318 766 1641 839 ἀνθρώπων,
1667 766 1761 830 οὒς
1791 780 1993 834 συμπο-

413 868 666 932 δίζοντες,
702 867 796 921 καὶ
828 865 937 919 τῶν
976 863 1175 936 χειρῶν
1211 863 1471 933 ἀκρατεῖς
1506 859 1808 922 ποιοῦντες.
1841 855 1992 928 ἔρρι-

414 976 546 1012 πτον
579 961 658 1022 είς
686 958 750 1011 τὸ
781 957 875 1011 τοῦ
904 957 1182 1029 Τιϐέρεως
1223 953 1457 1026 ῥεῖθρον,
1490 951 1684 1006 εἴδωλα
1713 950 1994 1010 ποιοῦντες

413 1050 752 1123 ἀνδρείκελα,
779 1050 1170 1122 κεκοσμημένα
1201 1046 1294 1100 τὸν
1322 1047 1483 1101 αὐτὸν
1510 1045 1739 1107 ἐκείνοις
1769 1042 1990 1113 τρόπον,

414 1142 704 1213 ἐμϐάλλειν
742 1144 823 1207 εἰς
860 1142 951 1196 τὸν
980 1141 1243 1213 ποταμὸν,
1273 1141 1361 1195 ἵνα
1400 1139 1462 1191 τὸ
1503 1137 1602 1208 τῆς
1633 1134 1846 1198 ὀττείας
1883 1134 1912 1186 ὅ
1941 1149 1995 1185 τι

413 1236 476 1307 δή
513 1252 641 1288 ποτε
665 1231 732 1307 ἦν
758 1237 815 1290 ὲν
846 1237 967 1299 ταῖς
992 1235 1249 1289 ἁπάντων
1272 1232 1473 1303 ψυχαῖς
1510 1226 1824 1301 παραμένον
1850 1223 1996 1289 ἐξαι-

417 1327 572 1399 ρεθῇ,
606 1326 717 1380 τῶν
759 1327 982 1380 εἰκόνων
1013 1326 1107 1379 τοῦ
1142 1324 1370 1379 παλαιοῦ
1401 1321 1606 1383 πάθους
1653 1318 1732 1371 ἔτι
1761 1314 1997 1386 σωζομέ-

416 1436 543 1474 νων.
575 1416 746 1471 Τοῦτο
787 1417 844 1470 δὲ
893 1418 986 1471 καὶ
1020 1418 1212 1488 μέχρις
1259 1414 1393 1485 ἐμοῦ
1439 1413 1519 1465 ἔτι
1564 1409 1828 1463 διετέλουν
1873 1407 1998 1459 Ῥω-

421 1512 569 1579 μαῖοι
606 1508 860 1574 δρῶντες,
903 1508 985 1561 ἔτι
1025 1520 1052 1549 ει
1086 1507 1279 1579 μικρὸν
1309 1506 1533 1577 ὕστερον
1562 1502 1782 1572 ἐαρινῆς
1815 1502 1999 1570 ἰσημε-

420 1600 558 1673 ρίας,
583 1602 640 1654 ὲν
673 1601 803 1672 μηνὶ
829 1601 990 1672 Μαΐῳ
1017 1602 1138 1662 ταῖς
1171 1598 1535 1667 καλουμέναις
1561 1594 1746 1657 εἰδοῖς,
1782 1591 1999 1663 διχομή-

416 1692 532 1745 νιδα
558 1691 869 1763 βουλόμενοι
895 1691 1098 1760 ταύτην
1126 1685 1266 1743 εἶναι
1290 1689 1389 1759 τὴν
1423 1687 1634 1759 ἡμέραν
1657 1703 1669 1715 ·
1704 1687 1761 1737 ὲν
1861 1700 1996 1755 προ-

417 1779 679 1845 θόσαντες
727 1782 897 1853 ἱερεῖα
930 1780 998 1834 τὰ
1027 1780 1167 1834 κατὰ
1204 1781 1330 1842 τοὺς
1359 1778 1555 1848 νόμους
1597 1777 1645 1828 οἱ
1676 1773 1999 1843 καλούμενοι

418 1872 765 1941 Ποντίφικες,
799 1873 988 1943 ἱερέων
1029 1873 1079 1923 οἱ
1123 1869 1554 1940 διαφανέστατοι,
1580 1868 1673 1921 καὶ
1695 1868 1790 1920 σὺν
1823 1867 2005 1928 αὐτοῖς

418 1967 474 2020 αἱ
505 1967 567 2020 τὸ
599 1965 863 2020 ἀθάνατον
893 1965 1004 2033 πῦρ
1037 1963 1489 2033 διαφυλάττουσαι
1526 1960 1807 2032 παρθένοι,
1840 1975 2006 2029 στρα-

418 2057 575 2130 τηγοί
607 2074 666 2110 τε
725 2055 817 2109 καὶ
842 2054 950 2108 τῶν
975 2054 1150 2108 ἄλλων
1183 2050 1438 2114 πολιτῶν,
1474 2050 1567 2114 οὒς
1603 2050 1862 2120 παρεῖναι
1885 2050 2005 2109 ταῖς

421 2148 755 2221 ἱερουργίαις
784 2147 962 2219 θέμις,
1006 2146 1202 2200 εἴδωλα
1231 2148 1313 2208 εἰς
1352 2142 1566 2217 μορφὴν
1604 2140 1909 2213 ἀνθρώπων
1938 2141 2008 2191 εἰ-

420 2242 669 2312 κασμένα
701 2238 995 2311 τριάκοντα
1026 2237 1116 2290 τὸν
1142 2236 1373 2309 ἀριθμὸν
1402 2235 1509 2288 ἀπὸ
1536 2233 1636 2303 τῆς
1666 2234 1817 2303 ἱερᾶς
1841 2230 2007 2301 γεφύ-

426 2349 525 2404 ρας
552 2330 834 2401 βάλλουσιν
871 2331 952 2392 είς
983 2328 1044 2380 τὸ
1075 2327 1250 2397 ῥεῦμα
1275 2325 1371 2379 τοῦ
1402 2325 1694 2397 Τιϐέρεως,
1729 2321 2006 2394 Ἀργείους

422 2422 562 2477 αὐτὰ
585 2420 893 2484 καλοῦντες.
930 2438 949 2470 ι
987 2418 1236 2472 Τοσαῦτα
1271 2417 1372 2488 μὲν
1403 2417 1468 2487 δὴ
1484 2415 1805 2472 ταῦτα.Κα“ι
1837 2415 1864 2465 ὁ
1889 2412 2008 2465 Διό-

420 2514 595 2585 δωρος.
614 2514 670 2567 δὲ
693 2513 760 2567 τὰ
785 2514 945 2584 ὃμοια
967 2511 1177 2576 τούτοις
1206 2514 1264 2564 ὲν
1289 2511 1509 2581 εἰκοστῇ
1540 2507 1706 2578 βίϐλῳ
1723 2508 1820 2578 τῆς
1836 2507 2009 2561 Ἰστο-

415 2604 592 2673 ρικῆς
613 2603 1011 2670 Βιϐλιοθήκης
1032 2605 1253 2675 ἱστορεῖ.
1277 2602 1415 2673 μετὰ
1434 2603 1533 2671 τὴν
1551 2599 1895 2672 Ἀλεξάνδρου
1912 2597 2006 2652 τοῦ

418 2695 729 2759 Μακεδόνος
769 2694 1047 2766 τελευτὴν,
1098 2695 1194 2748 ἐπὶ
1227 2692 1322 2747 τοῦ
1364 2691 1583 2765 πρώτου
1634 2691 2002 2761 Πτολεμαίου,

420 2790 549 2860 περὶ
574 2787 957 2859 Καρχηδονίων
980 2788 1086 2840 ὑπὸ
1102 2786 1493 2856 Ἀγαθοκλέους
1520 2785 1631 2855 (9.5)
1649 2784 1741 2838 τοῦ
1758 2782 2009 2847 Σικελίας

419 2879 684 2951 τυράννου
715 2879 1207 2952 πολιορκουμένων,
1232 2877 1404 2931 ταῦτα
1434 2875 1571 2948 πρὸς
1589 2876 1734 2941 λέξιν
1758 2876 2005 2948 γράφωνσ

427 2993 446 3025 ι
491 2973 752 3045 ᾘτιῶντο
776 2973 888 3043 (2i)
922 2972 980 3025 δὲ
1014 2972 1110 3026 καὶ⁹
1138 2972 1228 3025 τὸν
1272 2970 1481 3043 Κρόνον
1510 2971 1691 3033 αὐτοῖς
1737 2967 2012 3022 ἐναντιοῦ-

423 3066 580 3130 σθαι,
634 3065 865 3119 καθόσον
918 3068 977 3119 ὲν
1024 3067 1137 3128 τοῖς
1183 3062 1493 3135 ἔμπροσθεν
1548 3061 1759 3134 χρόνοις
1792 3060 2012 3126 θύοντες

421 3159 599 3229 τούτῳ
642 3156 722 3229 τῷ
764 3156 870 3227 θεῷ
901 3155 1010 3210 τῶν
1053 3155 1185 3208 υἱῶν
1230 3155 1357 3218 τοὺς
1390 3154 1714 3224 κρατίστους
1736 3191 1750 3216 ,
1784 3151 2010 3226 ὕστερον

421 3251 721 3322 ὠνούμενοι
747 3248 920 3322 λάθρα
948 3247 1164 3311 παῖδας,
1193 3246 1286 3300 καὶ
1313 3245 1609 3317 θρέψαντες
1637 3244 1882 3317 ἔπεμπον
1917 3246 2011 3300 ἐπὶ

421 3343 522 3414 τὴν
545 3342 756 3406 θυσίαν,
780 3343 875 3395 καὶ
898 3338 1178 3411 ζητήσεως
1199 3337 1519 3410 γενομένης,
1546 3337 1846 3410 εὑρέθησάν
1867 3355 2011 3403 τινες

422 3434 532 3488 τῶν
558 3432 1106 3506 καθιερουργημένων
1137 3429 1515 3500 ὑποϐολιμαῖοι
1536 3429 1839 3498 γεγονότες.
1869 3428 2009 3484 Τού-

422 3542 532 3580 των
564 3526 622 3580 δὲ
660 3526 918 3589 λαϐόντες
950 3524 1188 3589 ἔννοιαν,
1238 3522 1334 3577 καὶ
1381 3522 1509 3585 τοὺς
1551 3522 1844 3594 πολεμίους
1872 3522 2011 3595 πρὸς

424 3618 538 3679 τοῖς
575 3616 813 3686 τείχεσιν
846 3612 1084 3685 ὁρῶντες
1134 3611 1694 3684 στρατοπεδεύοντας,
1730 3613 2012 3666 ἐδεισιδαι-

429 3706 622 3778 μόνουν
669 3706 745 3770 ὡς
794 3704 1221 3767 καταλελυκότες
1270 3704 1371 3768 τὰς
1407 3704 1672 3775 πατρίους
1712 3703 1821 3758 τῶν
1873 3705 2013 3758 θεῶν

425 3799 609 3870 τιμάς.
660 3795 1069 3869 Διορθώσασθαι
1118 3795 1176 3848 δὲ
1225 3795 1322 3859 τὰς
1372 3795 1593 3864 ἀγνοίας
1643 3794 1964 3859 σπεύδοντες
1992 3835 2008 3861 ,

424 3891 734 3954 διακοσίους
769 3889 866 3961 μὲν
900 3888 1008 3943 τῶν
1053 3888 1499 3958 ἐπιφανεστάτων
1540 3888 1748 3942 παίδων
1777 3889 2009 3962 προκρί-

425 4000 638 4047 ναντες,
672 3980 869 4035 ἔθυσαν
891 3980 1156 4052 δημοσίᾳ·
1188 3979 1337 4032 ἄλλοι
1368 3980 1435 4042 δ’,
1459 3980 1516 4033 ὲν
1536 3979 1810 4043 διαϐολαῖς
1835 3978 2009 4043 ὄντες,

425 4074 690 4138 ἑκουσίως
729 4071 956 4135 ἑαυτοὺς
985 4070 1201 4131 ἔδοσαν,
1230 4070 1331 4123 οὐκ
1374 4069 1630 4133 ἐλάττους
1666 4068 1816 4133 ὄντες
1854 4087 2010 4142 τρια-

427 4165 646 4220 κοσίων.
672 4160 782 4218 Ἦν
804 4163 861 4216 δὲ
891 4164 1020 4234 παρ’
1049 4163 1236 4224 αὐτοῖς
1267 4160 1491 4232 ἀνδριάς
1515 4161 1725 4232 Κρόνου
1754 4142 2008 4231 χαλκδῦς,

426 4255 740 4319 ἐκτετακὼς
784 4253 885 4317 τὰς
930 4255 1119 4325 χεῖρας
1157 4252 1356 4316 ὑπτίας
1396 4251 1765 4323 ἐκτεταμένας
1797 4254 1890 4306 ἐπὶ
1912 4252 2013 4322 τῆς

428 4350 563 4420 γῆς,
595 4347 738 4401 ὥστε
787 4344 879 4398 τὸν
926 4343 1239 4397 συντιθέντα
1283 4342 1392 4395 τῶν
1438 4342 1642 4395 παίδων
1695 4342 2009 4397 ἀποκωλύε-

431 4440 552 4494 σθαι
595 4438 746 4509 (25),
794 4435 888 4490 καὶ
938 4435 1157 4488 πίπτειν
1211 4435 1288 4497 είς
1320 4451 1370 4487 τι
1416 4434 1602 4505 χάσμα
1650 4433 1855 4507 πλῆρες
1908 4454 2013 4489 πυ-

2034 3189 2084 3250 0

2098 582 2265 653 pulsi,
2296 580 2590 649 multaeque
2633 585 2923 648 propterea
2969 575 3349 646 migrationes,
3401 588 3523 642 quae
3572 571 3676 627 Pe-

2099 675 2307 745 lasgam
2343 684 2555 742 gentem
2584 670 2765 726 varias
2793 670 2849 724 in
2897 678 3072 723 terras
3102 669 3259 737 longe
3309 666 3527 734 lateque
3574 664 3672 718 de-

2098 771 2410 834 portarunt.
2452 781 2472 814 ›
2511 762 2588 815 Ac
2617 761 2806 830 paucis
2840 757 3162 826 interiectis,
3200 774 3219 807 ι
3255 754 3460 809 Ferunt
3483 753 3670 820 etiam,

2101 853 2299 923 inquit,
2336 850 2577 905 Saturno
2604 858 2813 903 veteres
2839 846 3321 919 (quemadmodum
3348 852 3402 898 et
3445 843 3676 897 Cartha-

2100 946 2223 1017 gine
2243 943 2372 997 dum
2403 949 2681 1011 superstes
2699 949 2866 1005 esset,
2893 947 2946 992 et
2970 937 3112 1007 apud
3140 935 3321 990 Gallos
3350 933 3673 994 etiamnum,

2104 1038 2354 1105 aliosque
2406 1034 2706 1090 nonnullos
2740 1030 3053 1087 Occidentis
3098 1028 3331 1099 populos
3363 1025 3475 1080 ﬁeri
3513 1022 3675 1092 solet)

2101 1132 2352 1187 homines
2394 1130 2712 1184 immolasse
2746 1146 2759 1182 :
2789 1125 2884 1195 qui
2919 1138 3041 1178 mos
3062 1122 3312 1178 sublatus
3345 1119 3412 1173 ab
3447 1115 3679 1171 Hercule

2103 1226 2286 1290 fuerit,
2309 1238 2434 1278 cum
2468 1222 2585 1291 ipse
2612 1220 2867 1290 princeps
2896 1226 2950 1270 et
2985 1229 3135 1270 aram
3168 1213 3223 1267 in
3259 1211 3395 1266 colle
3421 1208 3678 1262 Saturnio

2102 1317 2334 1387 erigere,
2369 1322 2423 1369 et
2449 1325 2713 1383 purarum
2744 1309 3051 1363 hostiarum
3086 1302 3356 1373 primitias
3384 1312 3520 1369 puro
3566 1295 3679 1365 igni

2103 1422 2429 1464 consecrare
2464 1404 2751 1459 voluisset.
2784 1400 2960 1468 Atque
2981 1397 3051 1463 is,
3082 1403 3143 1448 nt
3174 1395 3323 1464 ipsos
3345 1391 3496 1445 omni
3530 1398 3678 1442 metu

2104 1515 2170 1555 ac
2201 1498 2465 1567 religione
2496 1495 2749 1558 solveret,
2792 1491 2837 1546 si
2893 1503 3001 1557 qua
3053 1485 3196 1540 forte
3249 1498 3388 1550 sese,
3420 1492 3679 1551 tanquam

2104 1592 2297 1663 patriis
2328 1588 2503 1645 sacris
2555 1585 2837 1656 neglectis,
2896 1581 3168 1651 obligatos
3215 1583 3494 1648 putarent,
3541 1574 3684 1628 hanc

2105 1699 2201 1739 eos
2230 1680 2481 1752 placandi
2513 1678 2755 1733 numinis
2785 1675 3052 1729 rationem
3082 1671 3289 1734 docuit,
3320 1677 3381 1723 ut
3411 1668 3464 1721 in
3500 1668 3681 1721 locum

2107 1775 2417 1837 hominum,
2473 1786 2614 1840 quos
2665 1768 2922 1823 manibus
2977 1772 3102 1820 ante
3132 1763 3471 1834 pedibusque
3502 1757 3655 1812 revin

2038 1853 2081 1908 Β
2110 1869 2212 1924 ctis
2238 1868 2293 1921 in
2327 1865 2568 1920 Tiberim
2609 1861 2992 1933 projiciebant,
3051 1855 3335 1911 hominum
3391 1851 3685 1907 simulacra

2107 1960 2298 2018 eodem
2331 1967 2529 2013 ornata
2556 1957 2727 2022 cultu,
2754 1955 3057 2021 eodemque
3085 1949 3194 2002 ritu
3226 1951 3278 2000 in
3305 1945 3527 1998 ﬂuvium
3561 1942 3685 1995 mih

2108 2052 2268 2108 tenda
2296 2050 2637 2114 suﬁicerent;
2694 2046 2775 2100 uti
2832 2045 2879 2098 si
2926 2041 3056 2111 quid
3111 2039 3290 2093 adhuc
3315 2032 3595 2104 religionis
3627 2032 3683 2083 in

2106 2144 2432 2213 cujusquam
2464 2139 2649 2193 animo
2675 2136 2962 2198 resideret,
2994 2142 3166 2186 totum
3198 2129 3252 2182 id
3292 2125 3563 2189 funditus,
3598 2135 3688 2175 re-

2106 2245 2254 2292 tenta
2286 2235 2370 2290 vel
2400 2232 2581 2304 specie
2607 2240 2766 2285 tenus
2791 2226 3045 2284 sacriﬁcii
3071 2222 3273 2278 veteris
3307 2217 3686 2288 usurpatione,

2105 2330 2411 2385 tolleretur.
2445 2324 2625 2394 Atque
2654 2323 2803 2377 hunc
2830 2332 3043 2374 morem
3089 2316 3392 2371 etiamnum
3450 2306 3689 2362 Romani

2108 2427 2351 2486 servant,
2381 2418 2544 2489 paulo
2572 2423 2698 2485 post
2747 2428 2977 2469 vernum
3037 2404 3453 2477 aequinoctium,
3505 2398 3688 2459 Maiis.

2106 2530 2247 2583 quas
2280 2511 2570 2581 appellant,
2599 2506 2807 2573 Idibus,
2838 2504 2919 2560 sic
2960 2501 3221 2556 nimirum
3270 2504 3330 2551 ut
3375 2509 3439 2549 eo
3477 2491 3567 2547 die
3606 2489 3692 2543 di-

2108 2603 2372 2658 midiatus
2406 2602 2550 2654 luna:
2572 2596 2724 2653 orbis
2753 2600 3032 2665 appareat.
3085 2590 3224 2643 Tum
3269 2600 3403 2641 vero
3432 2581 3693 2639 solemni-

2107 2694 2213 2749 bus
2248 2691 2445 2747 hostiis
2487 2690 2592 2744 rite
2642 2686 2917 2749 mactatis,
2972 2676 3260 2753 pontiﬁces
3316 2674 3485 2748 (quod
3535 2687 3691 2729 sum-

2109 2799 2261 2840 mum
2290 2781 2434 2853 apud
2464 2796 2559 2836 eos
2589 2776 2956 2834 sacerdotium
3000 2772 3104 2828 est)
3153 2767 3428 2847 simulque
3459 2762 3695 2817 vestales

2108 2877 2372 2947 virgines,
2400 2873 2604 2945 quibus
2635 2866 2960 2946 immortalis
3013 2863 3155 2934 ignis
3206 2859 3415 2916 credita
3443 2854 3695 2911 custodia

2109 2977 2194 3024 est
2227 2983 2336 3021 una
2386 2980 2513 3021 cum
2539 2961 2865 3032 praetoribus
2893 2956 3215 3025 czeterisque
3267 2949 3498 3014 civibus,
3557 2961 3696 3017 quos

2109 3057 2333 3129 quidem
2379 3054 2554 3110 sacris
2599 3052 2867 3106 interesse
2921 3046 3006 3102 fas
3045 3054 3150 3110 est,
3185 3041 3407 3112 triginta
3436 3039 3487 3093 id
3522 3051 3696 3107 genus

2112 3149 2399 3206 hominum
2455 3146 2511 3201 in
2573 3144 2812 3215 speciem
2861 3140 3233 3195 conformatas
3266 3132 3536 3203 imagines
3566 3129 3695 3194 (Ar-

2113 3259 2248 3317 gens
2304 3241 2408 3312 ipsi
2463 3238 2681 3307 vocant)
2727 3237 2783 3291 in
2833 3232 3073 3288 Tiberim
3119 3228 3345 3283 ﬂuvium
3408 3225 3475 3279 de
3526 3221 3698 3277 Sacro

2113 3313 2281 3406 ponte
2313 3331 2600 3403 dejiciunt.
2644 3347 2661 3381 ι
2699 3326 2975 3381 Hactenus
3022 3320 3335 3392 Dionysius.
3395 3315 3502 3370 Nec
3549 3313 3697 3368 absi-

2112 3427 2262 3482 milia
2300 3394 2450 3489 sunt,
2480 3438 2603 3493 quae
2632 3437 2663 3476 a
2694 3419 2935 3474 Diodoro
2969 3414 3155 3470 Siculo
3184 3417 3501 3472 narrantur,
3552 3394 3709 3460 libro

2105 3519 2400 3574 Historicw
2424 3515 2766 3571 Bibliotheca:
2791 3509 3073 3572 vicesimo,
3113 3506 3203 3561 ubi
3243 3512 3367 3575 post
3392 3499 3687 3555 Alexandri

2116 3609 2434 3665 Macedonis
2462 3608 2696 3671 obitum,
2725 3604 2873 3659 circa
2926 3599 3204 3655 Ptolemaei
3234 3596 3395 3668 primi
3427 3603 3694 3662 tempora,

2113 3704 2181 3758 de
2235 3699 2767 3771 Carthaginensibus
2816 3697 2886 3751 ab
2937 3693 3234 3765 Agathocle
3286 3688 3487 3744 Siciliae
3540 3683 3694 3754 161

2114 3806 2346 3862 tyranno
2386 3795 2630 3851 obsessis
2681 3793 2749 3848 ad
2802 3790 3029 3846 verbum
3066 3789 3139 3843 ita
3168 3786 3431 3843 scribitzt
3466 3780 3695 3842 Iratum,

2114 3891 2311 3959 inquit,
2344 3887 2446 3943 sibi
2477 3894 2738 3958 praeterea
2775 3883 3072 3938 Saturnum
3105 3895 3228 3935 esse
3282 3881 3386 3932 hac
3418 3875 3485 3930 de
3531 3886 3699 3928 causa

2113 3981 2460 4045 dictitabant,
2493 3978 2639 4048 quod
2662 3992 2787 4031 cum
2826 3976 2928 4045 ipsi
2952 3984 3110 4029 antea
3137 3973 3437 4027 liberorum
3466 3979 3696 4020 suorum

2113 4073 2303 4128 ﬂorem
2332 4072 2702 4135 immolarent,
2735 4068 2991 4137 deinceps
3020 4081 3129 4120 non
3160 4063 3264 4118 nisi
3294 4074 3495 4132 pueros
3531 4070 3699 4127 quos-

2114 4167 2239 4220 dam
2294 4162 2483 4219 l‘urtim
2528 4170 2810 4230 coemptos
2858 4168 3022 4229 atque
3051 4157 3151 4210 abs
3186 4169 3307 4227 sese
3343 4150 3604 4204 educatos
3631 4146 3700 4200 ad

2116 4255 2444 4312 sacriﬁcium
2499 4252 2901 4309 submitterent.
2955 4247 3142 4315 Itaque
3191 4244 3296 4298 hac
3335 4241 3404 4295 de
3459 4254 3518 4293 re
3548 4251 3699 4306 quae-

2118 4348 2300 4404 stione
2328 4346 2538 4410 habita,
2566 4340 2862 4398 nonnullos
2890 4356 2957 4395 ex
3007 4337 3098 4402 iis,
3136 4336 3231 4405 qui
3278 4346 3438 4388 sacro
3493 4344 3559 4383 ac
3610 4342 3700 4382 so-

2118 4439 2284 4494 lemni
2320 4438 2428 4492 ritu
2451 4436 2575 4491 (επεί
2604 4445 2783 4498 erant,
2833 4429 3217 4503 supposititios
3264 4425 3437 4480 fuisse
3484 4435 3702 4491 repere-

431 4531 541 4603 ρόςο
581 4548 601 4582 ³
2044 4526 2091 4582 D
2123 4538 2271 4585 runt.
2307 4528 2441 4595 Quae
2467 4542 2592 4583 cum
2625 4538 2813 4581 secum
2841 4522 2944 4592 ipsi
2977 4525 3314 4589 reputarent,
3353 4512 3703 4578 hostiumque

427 4636 607 4683 θείη
656 4624 932 4682 "mnibus
967 4622 1084 4679 suis
1130 4622 1419 4677 imminere
1461 4630 1768 4687 cernerem,
1819 4639 2014 4695 magna
2055 4629 2164 4684 illis
2193 4628 2393 4698 injecta
2455 4624 2648 4694 religio
2680 4631 2785 4687 est,
2815 4620 2974 4692 quasi
3002 4618 3209 4690 patrios
3240 4615 3469 4671 deorum
3526 4611 3704 4664 hono-

427 4734 517 4775 res
587 4719 962 4777 sustulissent.
999 4717 1178 4787 Atque
1226 4715 1375 4770 hunc
1426 4730 1671 4771 errorem
1732 4725 1794 4772 ut
1843 4729 2004 4775 matu:

2112 4731 2492 4793 procurarent,
2544 4721 2785 4792 primum
2837 4717 3061 4788 quidem
3105 4713 3341 4770 eximios
3395 4703 3706 4764 communi-

426 4814 641 4882 hosque
712 4814 885 4869 lectos
932 4811 1208 4882 suﬁ‘ragiis
1242 4811 1617 4866 adolescentes
1676 4815 1902 4871 omnino
1961 4817 2228 4875 ducentos
2292 4819 2508 4889 publice
2570 4816 2963 4871 immolarunt:
2994 4809 3190 4866 deinde
3238 4819 3366 4860 vero
3413 4800 3503 4856 alii
3567 4811 3707 4868 prae-

430 4917 601 4976 terea,
639 4907 736 4978 qui
760 4905 982 4961 violata:
1052 4903 1341 4975 religionis
1390 4903 1630 4973 suspecti
1660 4905 1824 4977 vulgo
1887 4919 2093 4978 essent,
2135 4887 2308 4967 ιιιιιιο⁷
2342 4927 2463 4968 sese
2511 4927 2577 4967 ac
2636 4915 2832 4980 sponte
2883 4904 3220 4967 obtulerunt,
3262 4894 3521 4952 trecentis
3559 4887 3705 4943 haud

428 4999 741 5069 pauciores.
797 4997 931 5052 Erat
991 5008 1174 5053 autem
1260 4998 1404 5068 apud
1459 5013 1557 5054 eos
1612 5000 1973 5057 simulacrum
2029 5004 2252 5062 Saturni
2300 5022 2527 5070 aereum,
2585 5003 2797 5073 supinis
2849 5016 2913 5056 ac
2968 4994 3333 5068 pendentibus
3385 4989 3441 5042 in
3503 4996 3705 5041 terram

428 5094 707 5201 manibus,
859 5094 1151 5201 impositus
1180 5093 1315 5201 ipsis
1347 5093 1664 5197 adolescens
1708 5097 2010 5168 subjectam
2047 5103 2103 5158 in
2171 5104 2387 5160 foveam
2415 5103 2637 5174 ignique
2697 5099 2912 5170 plenam
2970 5094 3281 5147 volveretur
3320 5103 3384 5142 ac
3412 5090 3619 5141 ιίιθΐθῑ-
3678 5101 3697 5134 ³

1266 5200 1269 5201 ,
1506 5188 1518 5201 ι
1598 5187 1610 5201 ι
1729 5188 1770 5201 ου
1930 5191 1941 5201 .
2200 5197 2239 5201 ,-
2418 5195 2431 5201 -
2497 5195 2508 5201 -
2592 5192 2655 5201 ...
2782 5191 2813 5201 ν
2877 5187 2932 5201 no
2991 5186 3005 5201 ι
3192 5179 3558 5201 n,_-_...L__...
3594 5178 3697 5201 ευ...

498 5184 737 5239 Τοιαῦτα
765 5184 830 5256 δὴ
872 5185 967 5238 καί
1000 5178 1155 5248 οὗτος
1185 5182 1275 5237 διὰ
1323 5185 1420 5257 τῆς
1471 5187 1680 5251 οἰκείας
1729 5188 2004 5261 Ἱστορίας

2195 5197 2322 5252 Hmc
2347 5195 2466 5253 suis
2496 5195 2553 5249 in
2580 5191 2841 5247 Historiis
2873 5186 3164 5242 Diodorus.
3190 5179 3560 5248 Quamobrem
3589 5178 3715 5248 jure

432 5278 769 5351 παρέδωκεν.
806 5276 1046 5341 Εἰκότως
1075 5277 1183 5351 ἄρα
1215 5278 1363 5349 καὶὴ
1405 5280 1535 5351 παρ’
1568 5279 1844 5350 Ἑϐραίοις
1875 5284 2004 5355 Γρα.

2121 5304 2256 5348 sane
2309 5304 2382 5343 ae
2411 5286 2608 5341 merito
2644 5283 2997 5337 Hebraeorum
3035 5274 3235 5330 litteris
3279 5280 3584 5341 carpuntur
3633 5268 3712 5321 illi

433 5373 508 5443 φὴ
536 5370 959 5516 κέταμέμφεται
988 5373 1100 5434 τοῖς
1130 5370 1200 5424 τὰ
1233 5370 1459 5425 τοιαῦτα
1497 5371 1774 5444 ζηλώσασι
1809 5373 1920 5430 τῶν
1950 5378 2004 5432 ἐκ

506 5476 533 5505 ι
609 5479 699 5516 σον
731 5479 783 5515 τι
812 5461 874 5514 D.

2121 5390 2285 5453 atque
2305 5377 2798 5450 reprehenduntur,
2816 5371 2907 5441 qui
2921 5385 2987 5425 ex
3005 5365 3458 5424 circumeisorum
3479 5376 3714 5418 numero

506 5476 533 5505 ³
575 5476 699 5516 65⁵ον
731 5479 783 5515 τι
812 5476 874 5514 υ.

505 5554 623 5697 (ἓὲζ
655 5555 1027 5624 Ἠλοτηκόσι.
1058 5553 1242 5619 Dion.,
1262 5556 1354 5626 qui
1378 5556 1540 5624 paulo
1561 5564 1686 5610 ante
1707 5571 1817 5610 om.
1839 5556 2011 5621 δέους.

506 5626 600 5697 (25
670 5623 1105 5697 Ἀγαθοκλέους.
1139 5624 1284 5682 Fuse
1312 5625 1533 5682 Diodor.
1567 5625 1737 5681 Sicul.
1763 5627 1798 5680 l.
1826 5643 1917 5695 xix
1947 5629 2011 5682 ab

438 5695 450 5708 _
495 5623 623 5708 .(25)
670 5623 1105 5708 Ἀῃᾳθοκλέους.
1139 5623 1533 5682 Εἰιεθύἰοόοτ.
1567 5625 1737 5681 Sicul.
1763 5627 1798 5680 l.
1826 5643 1917 5695 xix
1947 5629 2018 5682 ab

436 5690 615 5759 initio,
643 5708 699 5749 et
734 5690 829 5749 lib.
872 5711 966 5750 xx.
1890 5690 1895 5695 ’

508 5765 622 5837 (24)
648 5764 971 5837 Δᾙτιῶντο,
997 5774 1101 5837 etc.
1131 5764 1350 5822 Diodor.
1379 5767 1417 5820 1.
1451 5783 1544 5829 xx,
1577 5780 1633 5837 p.
1669 5768 1772 5822 756
1800 5766 1863 5822 Ι).
1883 5767 2013 5822 edit.

439 5832 628 5891 (ἕπετο
647 5832 734 5903 LI,
756 5844 873 5906 post
910 5836 1241 5893 luculentam
1263 5837 1409 5895 illam
1441 5832 1758 5910 Agathoclis
1783 5840 1849 5894 de
1879 5837 2013 5894 Car-

2124 5555 2564 5615 thaainiensibus
2593 5550 2896 5608 victoriam.

2198 5576 2216 5613 a
2261 5576 2564 5611 nnensmus
2594 5576 2896 5608 victoriam.

2198 5576 2312 5697 (ἐῢ)
2344 5623 2705 5697 Συντιθέντ-ιι
2754 5638 2805 5674 τ.
2830 5636 2922 5697 ιπ.
2946 5642 2949 5645 λ
2973 5616 3451 5697 ἀποκῳλύερνριιι.
3505 5609 3705 5697 ξορὶιίε

2124 5683 2244 5756 erat
2269 5683 2618 5766 conjectura,
2657 5691 2939 5761 legendum
2961 5705 3103 5753 esse,
3130 5685 3469 5766 ἐπιτεθέντα,
3498 5692 3551 5738 et
3572 5683 3706 5761 ἀπο-

2126 5750 2429 5835 κυλίεᾶθαῖ,
2458 5750 2617 5837 quod
2632 5750 2927 5834 utrumque
2960 5750 3152 5833 postea
3178 5759 3233 5812 in
3251 5755 3490 5812 Diodoro
3508 5750 3706 5824 reperi.
