4156 6416
484 326 593 380 283
1127 324 1398 383 EUSEBII
1440 327 1921 385 C/ESARIENSIS
1953 326 2104 383 OPP.
2145 322 2327 381 PARS
2367 322 2433 380 11.
2469 353 2537 364 -
2566 319 3067 378 APOLOGETICA.

484 436 609 474 ιςιιιη
666 428 870 481 essent.
922 419 1111 474 iisdem
1162 431 1343 476 tamen
1396 425 1757 494 sliseﬂagitiis
1811 426 2060 494 inquina-

2167 421 2489 495 περιτομῆς,
2513 420 2816 490 φάσκουσα·
2851 438 2867 469 ι
2897 419 3005 471 Καὶ
3042 416 3197 470 ἔθυον
3222 417 3347 480 τοὺς
3375 417 3525 480 υἱοὺς
3556 420 3753 481 αυτῶν,

485 520 626 575 rent,
660 510 727 564 Et
755 512 1100 566 immolabant
1132 515 1276 583 filios
1312 533 1436 570 suos
1469 528 1519 570 et
1545 518 1689 584 ﬁlias
1718 534 1846 571 suas
1872 518 2060 572 dwmoc

2174 515 2266 569 καὶ
2295 514 2394 577 τὰς
2427 512 2734 582 θυγατέρας
2766 510 2944 565 αὐτῶν
2993 511 3103 572 τοῖς
3137 508 3389 578 δαίμοσι·
3436 511 3529 562 καὶ
3569 512 3758 578 ἐξονο-

483 603 608 655 m'is.
638 600 705 654 Et
730 602 928 671 infecta
953 615 1029 657 est
1063 614 1205 658 terra
1232 607 1282 659 in
1313 608 1684 676 sanguiuibus,
1730 617 1779 662 et
1808 610 2060 662 contami-

2170 607 2461 677 κτονήθηὴ
2500 605 2572 674 γῆ
2606 606 2664 657 ἐν
2705 606 2816 666 τοῖς
2844 603 3060 672 αἵμασι,
3102 601 3195 654 καὶ
3247 601 3479 673 ἐμιάνθη
3510 603 3543 672 ὴ
3577 602 3648 671 γῆ
3699 605 3756 656 ὲν

484 703 614 747 nata
644 703 722 747 est
755 696 810 747 in
844 695 1087 764 operibus
1110 714 1291 751 eorum
1324 696 1387 752 ”.
1410 698 1486 754 Ac
1522 700 1652 753 mihi
1690 701 1910 771 quidem
1946 717 2068 771 per-

483 783 713 847 suadeo,
739 785 1030 841 manifeste
1056 788 1308 856 quemvis
1342 803 1408 843 ex
1444 790 1825 858 superioribus
1870 791 2068 844 intelli-

484 889 632 943 gere,
692 875 929 944 primum
985 877 1136 932 illum
1197 879 1562 948 eumdemque
1624 881 2063 937 vetustissimum

483 966 780 1021 simulacra
801 968 1041 1039 erigendi
1072 985 1304 1035 morem,
1332 972 1698 1042 omnibusque
1717 990 2064 1030 communem

478 1059 733 1129 gentibus
764 1062 1051 1115 numinum
1104 1078 1201 1117 seu
1231 1064 1417 1119 verius
1461 1066 1732 1120 idolorum
1765 1067 2063 1131 ﬁctionem,

478 1163 513 1203 a
546 1149 906 1217 daemonibus,
938 1168 1038 1207 nec
1072 1155 1141 1207 ah
1173 1154 1241 1209 iis
1272 1171 1426 1221 sane,
1459 1157 1555 1227 qui
1593 1158 1721 1212 boni
1775 1168 2061 1224 vocantur,

479 1241 574 1294 sed
609 1242 758 1295 omni
811 1243 1017 1298 scelere
1072 1244 1386 1316 llagitioque
1437 1250 1734 1305 teterrimis
1765 1250 2062 1320 profectam

475 1347 599 1386 csse
629 1342 792 1402 atque
821 1335 1147 1390 institutam.
1208 1335 1278 1391 Ut
1325 1340 1632 1409 prophetici
1662 1341 1826 1411 hujus
1852 1341 2063 1396 oraculi

476 1423 680 1476 veritas
705 1424 913 1493 liquido
948 1436 1181 1492 constet,
1218 1428 1411 1482 Omnes
1463 1431 1543 1484 dii
1584 1433 1819 1501 gentium
1861 1432 2063 1486 daemo—

476 1514 635 1575 nia”,
673 1530 775 1570 nec
809 1532 917 1570 non
946 1518 1094 1572 illius
1128 1519 1439 1587 apostolici.
1472 1520 1605 1585 Quae
1623 1522 1923 1586 immolant,
1948 1522 2062 1576 da:-

475 1605 666 1658 mom‘is
697 1607 1000 1676 immolant,
1036 1618 1214 1664 etnon
1244 1609 1425 1666 Deo".
1472 1598 1787 1676 Enimvero,
1849 1615 1893 1669 si
1928 1614 2057 1668 boni

478 1698 770 1768 vestigium
801 1700 856 1754 in
890 1701 958 1756 iis
991 1702 1161 1756 ullum
1193 1712 1361 1770 esset,
1397 1706 1753 1774 quamobrem
1784 1705 2055 1762 bonorum

2168 701 2281 762 τοῖς
2313 699 2494 771 ἔργοις
2517 695 2714 749 αὐτῶν.
2746 716 2763 746 ι
2802 693 2965 747 Ἀλλά
2996 692 3106 764 γὰρ
3136 692 3377 764 ἠγοῦμαι
3422 693 3511 746 διά
3551 694 3757 748 τούτων

2167 790 2572 863 ἀπεληλέγχθαι
2612 787 2819 857 σαφῶς,
2844 786 3163 860 δαιμονικὴν
3197 805 3319 840 τινα
3353 787 3633 855 γεγονέναι
3657 787 3755 859 τὴν

2168 885 2507 954 παλαιτάτην
2585 882 2681 935 καὶ
2725 878 2948 952 πρώτην
2995 879 3103 933 τῶν
3151 879 3353 944 ξοάνων
3387 879 3629 951 ἵδρυσιν,
3665 881 3756 934 καὶ

2167 978 2347 1029 πᾶσαν
2374 975 2471 1046 τὴν
2510 975 2795 1046 είδωλικὴν
2824 974 2932 1027 τῶν
2964 972 3133 1025 ἐθνῶν
3162 971 3460 1035 θεοποιίαν,
3499 973 3593 1026 καὶ
3635 972 3748 1027 δαι-

2169 1069 2346 1140 μόνων
2391 1067 2492 1120 ούκ
2526 1065 2776 1134 ἀγαθῶν,
2824 1063 2960 1117 ἀλλά
3001 1063 3070 1117 τά
3114 1062 3293 1117 πάντα
3338 1062 3756 1134 μοχθηροτάτων

2166 1160 2260 1213 καὶ
2290 1157 2531 1228 φαύλων.
2575 1157 2662 1220 Ὠς
2706 1153 3067 1225 ἐπαληθεύειν
3111 1153 3173 1206 τὸ
3200 1153 3406 1222 φάσκον
3450 1154 3508 1205 ὲν
3537 1168 3754 1223 προφη-

2163 1253 2335 1316 τείαις
2366 1251 2571 1318 λόγιον⁸
2602 1268 2620 1300 ι
2647 1248 2856 1310 Πάντες
2881 1247 2928 1299 οἱ
2957 1245 3067 1298 θεοὶ
3091 1243 3199 1298 τῶν
3227 1243 3396 1296 ὲθνῶν
3417 1243 3666 1314 δαιμόνια
3690 1260 3703 1273 ·
3729 1263 3748 1296 ι

2161 1345 2222 1398 τό
2256 1361 2313 1397 τε
2365 1341 2755 1403 ἀποστολικον,
2807 1339 2874 1392 δι’
2906 1331 2968 1391 οὗ
3013 1353 3178 1407 φησιν
3201 1377 3215 1402 ,
3250 1337 3331 1389 ὅτι
3371 1355 3389 1386 ι
3424 1337 3491 1388 Ἀ
3527 1334 3751 1400 θύουσι,

2160 1436 2459 1507 δαιμονίοις
2488 1435 2582 1487 καὶ
2602 1433 2662 1487 ού
2686 1431 2805 1502 Θεῷ
2831 1430 3047 1483 θύουσιν
3066 1447 3079 1459 ·
3110 1450 3127 1481 ι
3153 1428 3186 1499 ἦ
3218 1428 3271 1481 εἴ
3297 1445 3348 1480 τι
3377 1444 3438 1495 γε
3462 1422 3529 1497 ἦν
3551 1426 3753 1495 ἀγαθὸν

2162 1530 2221 1581 ὲν
2254 1530 2459 1591 αὐτοῖς,
2493 1527 2569 1590 ὠς
2606 1525 2695 1579 διά
2724 1525 2884 1578 τοῦτο
2927 1524 3021 1577 καὶ
3056 1524 3153 1593 τῆς
3189 1522 3294 1575 τῶν
3326 1518 3546 1587 ἀγαθῶν
3591 1535 3754 1589 μετα·-

2161 1621 2346 1690 λαχεῖν
2378 1618 2783 1692 προσηγορίας,
2817 1615 3161 1687 εὐεργετικὸν
3190 1613 3255 1667 ἀν
3290 1608 3377 1684 ἦν,
3412 1613 3506 1665 καὶ
3536 1612 3753 1665 πάντων

2166 1712 2455 1782 σωτήριον,
2489 1709 2643 1778 φίλον
2676 1725 2736 1761 τε
2772 1705 3122 1776 δικαιοσύνης
3165 1704 3260 1758 καὶ
3315 1702 3616 1775 ἀνθρώπων
3654 1718 3755 1772 κη-

472 1789 893 1858 appellationem
936 1792 1062 1862 jure
1116 1793 1464 1862 sortirentur,
1499 1810 1595 1851 eos
1639 1797 1828 1867 utique
1861 1806 2057 1852 natura

2160 1802 2462 1873 δεμονικόν.
2512 1799 2765 1853 Τοιοῦτον
2805 1800 2861 1854 δὲ
2890 1799 2949 1852 ὃν
2976 1838 2991 1861 ,
3028 1797 3146 1861 πῶς
3171 1797 3227 1849 δὲ
3259 1796 3360 1848 ούκ
3407 1795 3636 1865 ἀπεῖργε
3665 1793 3755 1847 διὰ

473 1896 574 1936 sua
604 1897 728 1935 cum
756 1883 1047 1953 benignos,
1072 1901 1136 1941 ac
1161 1885 1356 1940 salutis
1382 1888 1630 1942 omnium
1665 1890 1916 1959 cupidos,
1938 1900 2053 1944 tum

473 1988 608 2027 vero
641 1984 892 2029 amantes
932 1976 1179 2046 justitize,
1240 1980 1635 2049 hominumque
1681 1980 1960 2036 studiosos
1991 1998 2058 2037 ac

473 2064 792 2121 defensores
852 2082 975 2123 esse
1024 2079 1323 2138 oporteret.
1360 2071 1687 2140 Cuiusmodi
1742 2071 1788 2127 si
1844 2084 2054 2139 essent,

471 2155 569 2224 qui
601 2154 715 2209 lieri
742 2167 949 2225 posset,
974 2166 1034 2212 ut
1062 2158 1348 2214 hominum
1378 2163 1619 2217 caadibus
1650 2163 1717 2217 ad
1742 2164 2059 2221 delectatio-

474 2261 599 2300 nem
622 2248 1072 2319 voluptatemque
1109 2249 1462 2306 fruercntur?
1490 2253 1808 2309 fruerentur
1835 2258 2059 2312 autem?

473 2336 610 2402 lmo,
671 2340 749 2392 uti
809 2356 918 2394 non
973 2328 1259 2396 hominum
1310 2358 1482 2413 genus
1517 2359 1548 2398 a
1606 2342 1819 2399 nefario
1852 2346 2059 2403 scelere

473 2430 592 2485 suis
626 2429 728 2500 ipsi
759 2431 1000 2487 oraculis
1030 2431 1415 2488 deterrerent?
1450 2432 1556 2489 Sed
1590 2435 1666 2489 illi
1691 2435 1936 2505 profecto
1960 2438 2060 2493 ho-

474 2516 716 2573 minibus
760 2522 898 2589 ipsis
944 2519 1105 2593 longe
1157 2523 1376 2592 pejores
1431 2539 1496 2579 ac
1551 2525 1851 2583 deteriores
1902 2528 2057 2596 sint,

473 2622 701 2663 necesse
745 2620 851 2677 est,
893 2613 1095 2683 quippe
1135 2630 1260 2669 cum
1317 2614 1570 2671 homines
1622 2618 1800 2688 pmnis
1849 2619 2060 2690 legibus

471 2702 790 2758 constitutis
821 2705 1124 2773 parricidas
1178 2707 1314 2763 istos
1366 2707 1644 2764 saniorem
1700 2711 1767 2764 ad
1816 2720 2055 2766 mentem

468 2795 800 2848 revocarint.
856 2795 1016 2866 162
1069 2797 1261 2867 Neque
1292 2799 1439 2853 enim
1488 2815 1633 2854 unus
1672 2801 1872 2870 aliquis
1922 2804 2052 2857 deo-

467 2898 591 2939 rum
629 2886 676 2941 is
704 2884 828 2951 l'uit,
864 2889 958 2941 sed
997 2888 1305 2952 hominum,
1341 2906 1441 2961 per
1469 2907 1630 2962 quem
1674 2893 1924 2948 eﬂ'ectum
1951 2903 2055 2962 est,

469 2987 529 3031 ut
560 2976 824 3048 pestifera
871 2979 1159 3036 hominum
1215 2983 1679 3038 immolandorum
1717 2999 1893 3054 caque
1942 2994 2053 3038 tam

467 3072 727 3126 diuturna
756 3073 1117 3129 consuetudo.
1157 3074 1460 3130 tolleretur.
1513 3074 1900 3131 Verumtamen
1947 3080 2052 3132 im-

466 3164 763 3232 proborum
796 3164 1105 3221 damonum
1141 3176 1317 3223 totum
1346 3167 1399 3223 id
1433 3167 1623 3234 fuisse,
1655 3168 1859 3225 clarius
1883 3171 2050 3225 etiam
2079 3146 2122 3203 (ἶ

469 3255 765 3326 intelliges,
794 3257 839 3312 si
869 3258 1181 3314 deinfanda
1213 3259 1307 3315 illa
1342 3260 1626 3331 eﬂ‘usaque
1658 3264 1935 3318 scortaudi
1983 3264 2050 3318 li-

468 3347 677 3417 bidine,
710 3349 869 3419 cujus
899 3352 1202 3405 etiamnum
1256 3354 1399 3421 apud
1444 3352 1768 3425 Heliopolim
1828 3354 2056 3411 Phaeni-

470 3440 592 3505 ciae,
622 3447 787 3511 atque
820 3442 958 3497 alios
982 3443 1272 3513 plerosque
1311 3446 1542 3516 populos
1571 3463 1707 3502 usus
1735 3456 1841 3516 est,
1870 3456 2052 3503 tecum

469 3530 586 3598 ipse
615 3531 965 3600 cOgitaveris.
1018 3533 1303 3589 Adulteria
1359 3535 1655 3605 siquidem,
1689 3539 2053 3607 corruptelas,

469 3621 685 3691 aliaque
716 3623 767 3675 id
799 3638 971 3693 genus
1016 3624 1229 3679 incesta
1260 3623 1486 3695 flagitia,
1524 3627 1604 3681 sic
1637 3637 1897 3698 tanquam
1950 3645 2054 3684 no-

468 3725 593 3763 men
653 3711 874 3780 aliquod
930 3714 984 3767 in
1044 3714 1272 3769 deorum
1308 3733 1534 3772 suorum
1569 3718 1719 3772 cultu
1754 3734 2057 3789 represen-

472 3801 638 3855 tanda
671 3818 795 3857 esse
827 3804 1150 3873 defendunt,
1183 3808 1429 3878 adeoque
1461 3808 1820 3879 turpitudinis
1871 3810 2053 3880 indig-

472 3895 718 3959 nissima:
770 3911 900 3952 suas
947 3912 1170 3968 quoque
1210 3900 1487 3969 primitias
1533 3901 1670 3970 ipsis
1723 3901 2051 3969 oderendas,

471 3982 604 4039 fandi
636 3985 890 4042 videlicet
943 3987 1278 4059 infamisque
1338 3990 1654 4045 commercii
1692 3990 1931 4045 fructum
1963 3992 2051 4056 iis,

469 4078 696 4147 perinde
739 4088 799 4133 ut
829 4080 1094 4135 eximium
1150 4081 1425 4151 quoddam
1473 4083 1610 4153 grati
1660 4084 1829 4136 animi
1878 4084 2057 4137 moni-

471 4181 716 4224 mentum
751 4173 1148 4227 consecrando.
1191 4175 1333 4227 Sunt
1360 4173 1508 4228 enim
1551 4174 1919 4229 humanarum
1950 4177 2053 4230 ho-

470 4261 699 4318 stiarum
735 4263 927 4319 isthmc
955 4264 1156 4320 aﬂinia.
1199 4265 1358 4333 Quod
1391 4266 1437 4321 si
1469 4268 1538 4321 ab
1594 4268 1816 4323 homine
1844 4277 2054 4339 tempe-

471 4360 628 4405 rante
653 4367 719 4407 ac
744 4353 1029 4409 moderato
1056 4356 1296 4411 alienum
1324 4365 1428 4423 est,
1450 4372 1559 4410 non
1594 4358 1757 4412 modo
1787 4360 2052 4427 caedibus,

2160 1893 2426 1964 χρησμῶν
2477 1892 2539 1946 τὸ
2583 1891 2923 1962 ἀνθρώπινον
2967 1890 3124 1959 γένος
3182 1886 3407 1941 τοιαῦτα
3453 1887 3752 1957 πράττειν;

2158 1984 2344 2041 Ἧπου
2394 1988 2575 2059 χεῖρον
2619 1979 2688 2056 ἦν
2735 1984 2828 2037 καὶ
2870 1982 3199 2052 φαυλότερον
3254 1977 3591 2050 ἀνθρώπων,
3636 1976 3753 2044 οἵγε

2158 2081 2338 2151 νόμων
2360 2077 2650 2149 τιμωρίαις
2688 2075 2927 2140 ὲξάντεις
2956 2073 3082 2137 τοὺς
3136 2070 3454 2142 μιαιφόνους
3489 2068 3755 2139 κατέστη-

2161 2192 2261 2227 σαν
2287 2172 2422 2243 (26).
2453 2173 2527 2224 υύ
2551 2171 2658 2242 γὰρ
2691 2169 2812 2233 θεός
2851 2185 2932 2232 τις
2963 2162 3053 2237 ἦν,
3091 2165 3204 2218 ἀλλ’
3238 2164 3525 2235 ἄνθρωπος
3557 2152 3691 2231 (εξ-η’,
3720 2160 3751 2214 6

2159 2268 2256 2338 τῆς
2300 2262 2751 2335 ἀνθρωποθυσίας
2795 2260 2891 2330 τὴν
2934 2258 3148 2330 χρόνιον
3182 2258 3276 2309 καὶ
3319 2254 3535 2327 μακρὰν
3578 2270 3753 2325 παρα-

2157 2353 2324 2417 λύσας
2353 2354 2526 2407 νόσον.
2558 2353 2680 2403 ’Ὁτι
2719 2351 2774 2403 δὲ
2810 2349 3027 2417 φαύλων
3054 2343 3121 2419 ἦν
3161 2347 3255 2401 καὶ
3297 2345 3550 2418 πονηρῶν
3580 2342 3754 2397 ταῦτα

2157 2446 2452 2517 δαιμόνων,
2491 2444 2577 2514 εἴη
2612 2443 2690 2495 ἔτι
2737 2441 2942 2513 μᾶλλόν
2976 2457 3058 2493 σοι
3092 2439 3391 2510 συμφανὲς,
3423 2440 3471 2490 εί
3508 2436 3753 2505 λογίσαιο

2156 2537 2226 2590 τὰ
2252 2537 2349 2607 τῆς
2371 2537 2670 2608 ὲπιρῤἠτου
2712 2535 2806 2587 καὶ
2833 2531 3135 2586 ἀκολάστου
3161 2530 3416 2600 πορνείας
3447 2528 3623 2581 αὐτῶν
3651 2527 3749 2599 τῆς

2158 2629 2216 2681 ἐν
2259 2627 2441 2681 Ἱιλίου
2491 2626 2644 2678 πόλει
2672 2626 2769 2697 τῆς
2809 2625 3063 2694 Φοινίκης
3113 2622 3283 2675 εἰσέτι
3333 2620 3428 2673 νῦν
3470 2619 3747 2672 ἐπιτελού-

2161 2738 2321 2793 μενα,
2340 2720 2435 2773 καὶ
2459 2719 2610 2791 παρά
2632 2718 2903 2781 πλείστοις
2934 2716 3113 2779 ἀλλοις
3139 2713 3462 2786 ἀνθρώπων.
3485 2712 3745 2781 Μοιχείας

2157 2811 2289 2882 γοῦν
2324 2813 2420 2865 καὶ
2445 2811 2675 2884 φθορὰς,
2707 2809 2803 2863 καὶ
2837 2809 3188 2880 παρανόμους
3228 2807 3421 2877 ἑτέρας
3449 2803 3621 2875 μίξεις
3653 2804 3745 2856 ἐπὶ

2155 2908 2289 2978 τιμῇ
2340 2903 2519 2969 θεῶν,
2583 2902 2772 2975 ῶσπερ
2822 2919 2872 2956 τι
2920 2901 3077 2973 χρέος
3120 2898 3501 2968 ὀφειλόμενον,
3553 2895 3747 2967 χρῆναί

2157 3013 2321 3066 φασιν
2351 2995 2612 3059 ἐκτελεῖν,
2647 2994 2741 3047 καὶ
2769 2994 2867 3064 τῆς
2905 2991 3165 3063 μοιχιδίου
3202 2992 3294 3044 καὶ
3320 2990 3583 3063 πορνικῆς
3610 2989 3750 3059 πρά-

2157 3088 2293 3155 ξεως
2323 3091 2436 3153 τοῖς
2458 3087 2599 3151 θεοῖς
2628 3086 2993 3159 ἀπάρχεσθαι,
3022 3085 3123 3156 τῆς
3153 3084 3381 3149 ἀκλεοῦς
3412 3083 3617 3153 ταύτης
3656 3083 3750 3137 καὶ

2156 3182 2394 3253 ἀσέμνου
2424 3180 2716 3252 ἐμπορίας,
2738 3180 2928 3249 ὥσπερ
2949 3195 3001 3232 τι
3031 3179 3379 3250 χαριστήριον
3398 3175 3600 3244 ἀγαθὸν
3623 3176 3750 3238 τοὺς

2155 3276 2401 3348 καρποὺς
2430 3274 2597 3345 αὐτῆς
2622 3284 2646 3313 ⁸
2682 3271 3035 3335 ἀνατιθέντας
3055 3289 3067 3301 ’
3100 3272 3262 3341 ὃμοια
3289 3270 3397 3342 γὰρ
3426 3268 3600 3322 ταῦτα
3627 3268 3747 3330 ταῖς

2156 3364 2647 3437 ἀνθρωποθυσίαις.
2696 3365 2759 3418 Ei
2806 3363 2871 3435 δὴ
2901 3358 2994 3416 οὖν
3045 3362 3167 3415 οὑδὲ
3224 3360 3499 3432 σώφρονος
3555 3359 3747 3432 ἀνδρὸς

2154 3461 2354 3513 οίκεῖον
2391 3459 2452 3511 τὸ
2481 3458 2694 3530 χαίρειν
2726 3456 2928 3525 φόνοις,
2957 3453 3526 3526 αίσχρορρημοσύναις
3556 3469 3613 3506 τε
3652 3453 3748 3505 καὶ

2156 3545 2496 3616 παρανόμοις
2527 3543 2799 3607 γυναικῶν
2831 3543 3077 3613 μίξεσιν,
3113 3545 3203 3596 ἐπὶ
3242 3541 3419 3613 μισθῷ
3456 3541 3553 3612 τὴν
3593 3540 3740 3613 ῶραν

2155 3635 2604 3707 ἀπεμπολούσαις
2627 3675 2642 3699 ,
2673 3634 2867 3688 πολλοῦ
2908 3634 2989 3688 δεῖ
3030 3635 3194 3703 φάναι
3228 3633 3366 3686 θεῶν
3411 3633 3444 3704 ἢ
3478 3632 3744 3703 δαιμόνων

2155 3723 2296 3780 εἶναι
2330 3726 2549 3795 ἀγαθῶν
2589 3724 2650 3777 τὸ
2695 3725 3054 3796 ἀποδέχεσθαι
3094 3724 3162 3778 τὰ
3204 3723 3448 3778 τοιαῦτα.
3495 3725 3556 3779 Εἰ
3593 3724 3647 3777 δὲ
3680 3724 3744 3796 δὴ

2155 3817 2302 3887 λέγοι
2349 3835 2463 3882 τις,
2505 3816 2722 3887 φαύλων
2775 3817 2874 3888 μὲν
2920 3817 3365 3887 ὁμολογουμένως
3399 3813 3534 3869 εἶναι
3573 3815 3744 3869 ταῦτα

2156 3909 2240 3963 δαι
2250 3909 2449 3980 μόνων,
2478 3907 2618 3978 πλὴν
2647 3906 2761 3960 ἀλλ’
2797 3907 3017 3976 ἑτέρους
3047 3901 3335 3969 εἶναιτοὺς
3365 3904 3621 3973 ἀγαθοὺς,
3651 3904 3745 3968 οὓς

2155 4002 2219 4072 δὴ
2263 4001 2499 4071 μάλιστα
2554 3999 2732 4053 σέϐειν
2769 3999 2967 4062 αὐτοὺς
3015 3992 3103 4051 οἶα
3151 3998 3437 4071 σωτῆραςο
3483 3996 3745 4050 πευστέον

2159 4090 2264 4144 ποῦ
2296 4092 2403 4162 ἀρα
2444 4085 2586 4160 ἦσαν
2619 4089 2802 4152 αὐτοῖς
2835 4089 2883 4140 οἱ
2934 4086 3131 4155 ἀγαθοὶ
3164 4088 3408 4158 σωτῆρες
3428 4127 3442 4149 ,
3480 4088 3527 4139 εί
3553 4086 3616 4158 δὴ
3651 4087 3744 4139 καὶ

2155 4181 2377 4245 τούτους
2434 4180 2654 4245 ἒσεδον,
2695 4179 2835 4233 ὥστε
2897 4178 2971 4250 μὴ
3014 4178 3143 4242 τοὺς
3204 4178 3477 4250 πονηροὺς
3522 4176 3743 4231 τοιαῦτα

2154 4272 2399 4344 δρῶντας
2428 4273 2569 4326 κατά
2602 4271 2710 4325 τῶν
2741 4271 3073 4343 προσφύγων
3111 4268 3426 4343 ἀπερύκειν.
3470 4269 3579 4323 Ποῦ
3607 4270 3665 4323 δὲ
3692 4273 3740 4324 οἱ

2155 4360 2350 4428 ἀγαθοὶ
2381 4360 2663 4431 δαίμονες,
2695 4361 2821 4424 τοὺς
2843 4361 2872 4401 δ
2908 4360 3239 4431 βλαπτικοὺς
3274 4360 3348 4431 μὴ
3381 4360 3704 4413 ἀπελαύνειν
3726 4401 3739 4423 ,

470 4457 659 4495 verum
698 4443 864 4497 etiam
910 4445 1058 4500 dictu
1106 4445 1268 4502 {mdis
1312 4447 1656 4514 libidinibus,
1713 4447 2052 4520 nefariisque

2160 4453 2251 4505 καὶ
2292 4454 2404 4516 τοῖς
2435 4451 2801 4523 θεραπεύουσι
2842 4453 3187 4522 συμμαχεῖνς
3232 4451 3298 4503 Τί
3338 4449 3395 4504 δὲ
3436 4451 3529 4503 καὶ
3562 4467 3745 4521 περιε-

473 4532 919 4588 muliercularum
977 4537 1216 4605 speciem
1271 4537 1519 4593 venalem
1578 4539 1899 4594 habentium
1932 4552 2053 4597 stu-

470 4624 584 4692 pris
620 4624 882 4679 delectari
921 4644 933 4679 :
976 4627 1134 4697 longe
1179 4627 1425 4698 profecto
1455 4630 1750 4685 dicendum
1790 4645 1894 4697 est,
1955 4649 2051 4688 seu

464 4714 620 4780 deos,
668 4731 764 4770 seu
791 4718 965 4772 bonos
993 4718 1156 4773 etiam
1189 4721 1465 4777 daemones
1506 4722 1576 4776 ab
1624 4723 1692 4777 iis
1737 4726 2054 4792 expetendis

466 4824 531 4863 ac
565 4810 866 4879 probandis
926 4812 1140 4867 abesse.
1195 4812 1292 4867 Sin
1355 4824 1537 4869 autem
1593 4815 1866 4884 quispiam
1916 4814 2054 4871 forte

465 4900 590 4962 erit,
618 4900 713 4969 qui
763 4900 869 4955 ista
897 4903 1119 4971 quidem
1156 4904 1221 4957 ad
1252 4903 1535 4974 improbos
1565 4904 1843 4959 drcniones
1880 4907 2052 4975 perti-

2161 4545 2391 4616 φρόνουν
2427 4542 2777 4615 παρορῶντες
2803 4541 2863 4595 τὸ
2894 4540 3220 4610 λογικὸν,καὶ
3254 4539 3498 4609 θεοφιλὲς
3532 4539 3743 4611 ἀνθρὼ-

2160 4649 2277 4686 πων
2302 4633 2478 4701 γένος,
2515 4634 2580 4704 τῇ
2609 4631 2718 4685 τῶν
2752 4631 2970 4701 φαύλων
3002 4631 3271 4702 δαιμόνων
3301 4631 3543 4702 ὠμότητι
3576 4647 3745 4684 κατα-

2158 4725 2532 4796 τρυχόμενον;
2573 4724 2709 4794 Ούχὶ
2760 4724 2817 4777 δὲ
2866 4724 3126 4794 ἄντικρυς
3172 4725 3282 4786 τοῖς
3336 4723 3470 4776 πᾶσι
3506 4723 3743 4793 προεκή-

2163 4832 2351 4887 ρυττον
2399 4816 2808 4886 ἀμεταστρεπτὶ
2870 4814 3124 4883 φεύγειν,
3192 4813 3284 4866 καὶ
3339 4813 3741 4883 ἀποτρέπεσθαι

2159 4909 2339 4962 πάντα
2369 4907 2491 4961 θεὸν
2518 4908 2937 4980 ὀνομαζόμενον,
2971 4907 3047 4971 ὡς
3073 4906 3134 4960 ού
3169 4905 3309 4970 θεὸν,
3367 4904 3501 4960 ἀλλά
3539 4903 3742 4975 φαῦλον

533 5014 579 5047 ’³
618 5014 762 5072 Psal.
793 5034 958 5084 xxxv,
981 5019 1070 5074 37.
1148 5020 1195 5053 ³⁸
1235 5018 1380 5076 Pssl.
1411 5037 1535 5088 xcv,
1562 5021 1617 5076 5.
1693 5023 1739 5054 "
1780 5020 1798 5074 Ι
1835 5021 1964 5078 Cor.
1992 5040 2046 5089 ι,
2073 5022 2167 5081 εο.

536 5120 561 5149 ⁸
602 5110 687 5163 ῖσ.
719 5112 924 5175 αὐτοῖς.
1001 5112 1029 5152 δ
1069 5113 1156 5167 ἵσ.
1190 5113 1266 5177 ὡς
1303 5113 1450 5177 τούς.

541 5203 649 5276 (‘26)
693 5205 987 5272 Ἐξάντεις
1033 5205 1439 5273 κατέστησαν.
1488 5206 1539 5259 Id
1568 5216 1685 5268 est.
1721 5207 2060 5276 ὑγιαίνοντας

2168 5203 2308 5270 τῶν,
2341 5203 2484 5259 κατά
2512 5204 2611 5274 τῆς
2633 5204 2820 5272 ὑγείας
2840 5203 3077 5276 ὲξορκῶν
3097 5221 3111 5236 ·
3132 5205 3238 5260 hoc
3262 5215 3366 5271 est,
3396 5224 3489 5276 per
3516 5206 3743 5263 salutem

384 5324 399 5341 ,
468 5275 756 5348 ἀπέφηναν
777 5316 792 5341 ,
835 5279 883 5330 εί
912 5281 1012 5348 τὴν
1044 5276 1259 5348 ὑγίειαν
1287 5275 1773 5348 ἀποκατέστησαν,
1799 5276 2059 5348 llesycli.,

483 5344 791 5424 Ἐξᾴντῃς,
824 5349 853 5400 ό
877 5344 979 5418 τῆς
1006 5344 1162 5400 νόσου
1201 5347 1308 5413 ἔξω
1337 5344 1733 5424 (Erigor-rupta
1778 5344 2058 5424 suut'_q_ua'

470 5418 612 5479 apud
686 5417 837 5469 illum
933 5416 1243 5487 Sequuntur,
1301 5435 1313 5469 :
1393 5416 1724 5487 Ἐξᾳντῶν,
1788 5417 2059 5479 ἀντιάζων

468 5488 585 5557 τῆςᾼ
624 5487 830 5557 κόῤῥης
890 5489 985 5540 καὶ
1015 5483 1090 5540 ’το
1144 5486 1429 5554 ὑπὸγονον,
1466 5483 1577 5539 οἷον
1632 5489 2057 5557 ὑπογενειάζων,

469 5555 706 5628 ἦνοῦτως
734 5555 987 5628 ίὲξαντῶν
1027 5558 1168 5628 κατά
1217 5558 1751 5628 τῆςὲύγείαςᾈαύτοῦ,
1795 5556 2057 5628 ἐξορκῶν,

470 5627 904 5719 τὸνεὺγιαένονῖα
929 5629 1039 5719 γάρ
1068 5626 1501 5719 ἐξάξιτηξλεγον.
1532 5626 1696 5719 ξονις
1728 5629 1830 5695 legi
1856 5626 2055 5719 possit:

454 5697 532 5749 s'l‘
552 5695 805 5768 Επντῶν,
828 5695 1097 5768 ἀντιάζων
1121 5697 1222 5767 τῆς
1247 5695 1451 5768 κόρρης
1486 5698 1580 5751 καὶ
1604 5698 1697 5751 τοῦ
1722 5695 1954 5766 γενείου,
1975 5698 2058 5750 vel

472 5768 567 5821 τοῦ
589 5767 692 5820 ὑπὸ
720 5768 948 5836 γένειον,
965 5763 1076 5821 οἷον
1100 5763 1519 5837 ὑπογενειάζων·
1558 5768 1589 5837 ἢ
1625 5763 1797 5832 οὔτως
1816 5785 1828 5798 ’
1864 5768 2060 5832 Ἐξαν-

2169 5286 2261 5329 aut
2307 5277 2589 5328 sanitatem
2635 5275 3079 5342 adjurans;inam
3127 5277 3272 5329 istud
3309 5275 3450 5332 κατά
3495 5280 3742 5333 terrentis

2168 5355 2267 5407 est,
2296 5345 2382 5399 διά
2433 5345 2749 5418 obtestantis
2782 5355 2938 5418 esset,
2971 5355 3076 5399 etc.
3130 5344 3402 5403 Zenobius
3443 5358 3654 5418 centur.
3690 5353 3746 5418 ὅ,

2207 5432 2400 5493 ιιι-σιω.
2446 5414 2567 5493 95η
2599 5415 3021 5493 proverbialiten
3054 5419 3432 5493 usurpariAait,
3483 5414 3747 5493 Ἐξάντης

2207 5432 2400 5470 amem.
2446 5432 2550 5478 tu),
2599 5432 3008 5483 proverbialiter
3054 5432 3304 5484 usurpari
3337 5432 3432 5483 ait,
3488 5432 3747 5493 ἰςαντης

2167 5432 2377 5558 λεύσσω
2412 5484 2610 5558 τοὺμδν
2631 5485 2802 5558 κακὸν
2819 5484 2975 5558 ἀλλον
2994 5484 3236 5558 ξχοντας,
3262 5488 3545 5558 additque:
3564 5493 3748 5558 Ἐξάν-

2164 5573 2262 5625 της
2288 5555 2535 5628 τὺνῄύγιῇ
2558 5554 2730 5628 δηλοῖ,
2761 5555 2855 5607 καὶ
2877 5554 2969 5628 τον
2991 5554 3094 5619 ἔξω
3115 5557 3269 5628 ἀτης.
3292 5554 3490 5612 Eadem
3526 5554 3743 5617 Suidas.

2241 5627 2349 5695 (27)
2386 5625 2522 5678 Ἀλλ’
2542 5625 2869 5697 ἄνθρωπος.
2896 5625 3075 5694 Supra
3094 5625 3215 5696 pag.
3249 5628 3350 5682 156
3373 5637 3427 5682 et
3454 5631 3595 5687 infra
3626 5634 3738 5697 165,

2169 5696 2219 5751 id
2245 5700 2346 5752 sub
2373 5697 2612 5751 Adriano
2642 5696 2986 5765 potissimum
3020 5699 3314 5766 contigisse
3343 5698 3533 5757 refert.
3730 5696 3746 5749 ⁷.

3652 322 3761 378 284

4142 3139 4154 3175 1
