4156 6412
441 392 549 447 285

1608 388 1936 446 PRIEPAB.
1979 383 2236 443 EVANG.
2271 380 2399 436 LIB.
2432 375 2522 433 IV.

3584 334 3689 391 286

428 474 681 581 δαίμονα,
715 503 759 577 ᾧ
791 508 859 563 τὰ
890 509 1041 580 ὼμά,
1075 502 1166 559 καὶ
1187 503 1551 576 ἀπάνθρωπα,
1577 502 1671 554 καὶ
1702 495 2013 581 παράνομα,

2139 498 2244 539 iere
2276 479 2459 534 omnia
2517 472 2801 531 fatebitur,
2838 465 2933 522 sed
2990 470 3175 517 tamen
3235 454 3373 509 alios
3428 456 3690 517 prmterea

2495 566 2621 581 ""‘
2705 574 2836 581 -----
2893 566 3153 581 ἰι-η’·-ηω
3209 544 3426 581 παῖδος-ἲς
3477 537 3690 581 Ιιιιηπιῆ

440 578 536 641 καί
564 589 766 660 αἰσχρά
806 578 953 656 φίλαή
977 589 1269 656 τυγχάνεις
1309 584 1418 636 Καὶ
1464 585 1574 635 εἴτε
1620 597 1703 643 τις
1737 578 1806 650 ἢν
1849 578 2017 630 πάλαι

442 675 708 749 πρότερον
728 678 785 729 ὲν
813 675 979 746 Ῥόδῳ
1006 672 1388 743 νενομισμένος
1414 670 1553 734 θεὸς,
1571 670 1776 740 χαίρων
1807 665 2019 739 ἀνθρω-

442 767 747 832 ποθυσίαις,
769 767 958 822 τοῦτον
992 769 1021 820 6
1051 764 1258 836 ἀληθὴς
1305 763 1439 825 Θεὸς
1459 801 1472 823 ,
1494 759 1641 825 εἴτις
1687 754 1756 830 ἦν
1783 756 2020 828 ἄρα,τὴν

439 855 638 927 πρᾶξιν
668 854 930 926 ἐπισχὼν,
954 856 1016 909 οὐ
1051 853 1190 917 Θεὸν,
1213 851 1350 906 ἀλλά
1390 849 1592 920 φαῦλον
1625 845 1877 919 ἡγεῖσθαι
1908 844 2023 897 δαί-

444 966 579 1019 μονα
602 952 712 1013 τοῖς
755 949 889 1001 πᾶσι
933 942 1343 1018 προεκήρυξεν;
1395 942 1521 995 Εἴτε
1570 942 1627 993 ὲν
1661 939 1921 1008 Σαλαμῖνι
1951 937 2019 1007 τῇ

442 1041 706 1111 πρότερον
735 1038 1018 1109 Κορωνείᾳ
1042 1034 1439 1107 ὀνομαζομένῃ,
1476 1026 1593 1106 ὲνῇ
1624 1032 1683 1083 ἐν
1718 1030 1848 1100 μηνὶ
1880 1027 2024 1082 κατά

437 1127 715 1200 Κυπρίους
783 1127 1106 1200 Ἀφροδισίῳ
1142 1126 1329 1180 ἐθύετο
1359 1123 1642 1194 ἄνθρωπος
1664 1138 1678 1151 ο
1714 1121 1810 1174 καὶ
1834 1119 2024 1172 τοῦτον

437 1219 498 1273 ὃν
523 1231 549 1261 ι
588 1222 616 1273 6
661 1219 866 1291 ἀληθὴς
904 1219 1036 1283 Θεὸς
1091 1218 1367 1289 ἀπέφηνεν
1399 1214 1676 1286 ἀλιτήριον
1725 1208 1865 1266 εἶναι
1908 1210 2016 1264 δαί-

443 1323 601 1376 μονα,
644 1307 859 1372 παύσας
892 1309 966 1373 ὡς
997 1307 1192 1370 ἀσεϐὲς
1233 1307 1325 1360 καὶ
1361 1305 1574 1358 ἀνόσιον
1608 1303 1668 1357 τὸ
1703 1302 2021 1373 γινόμενον;

440 1395 503 1447 Εἰ
529 1396 586 1449 δὲ
622 1398 716 1450 καὶ
749 1398 807 1451 ἐν
844 1397 1027 1451 Ἠλίου
1057 1396 1206 1449 πόλει
1238 1396 1338 1465 τῆς
1367 1393 1646 1463 Αἰγύπτου
1678 1392 1770 1445 τὸν
1804 1390 1905 1461 τῆς
1927 1391 2024 1444 ἀν-

442 1487 848 1557 θρωποκτονίας
883 1490 1045 1559 νόμον
1073 1486 1540 1559 Ἀμωσιςέλυσε,
1571 1484 1706 1537 πολὺ
1738 1482 2027 1554 κρείττονα

440 1578 533 1631 τοῦ
566 1579 698 1632 Θεοῦ
732 1580 822 1633 τὸν
867 1580 1151 1652 ἄνθρωπον
1183 1580 1212 1632 6
1254 1575 1462 1648 ἀληθὴς
1499 1576 1633 1639 Θεὸς
1674 1573 1913 1639 ἐδίδαξεν
1958 1572 2027 1627 ἂν

442 1671 758 1742 γεγονέναι·
793 1672 854 1726 ού
909 1672 1015 1745 γὰρ
1045 1670 1176 1734 Θεὸς
1196 1712 1211 1735 ,
1240 1668 1448 1739 δαίμων
1480 1667 1538 1720 δὲ
1573 1665 1734 1719 πάλιν
1776 1666 2030 1728 κάκεῖνος

442 1759 511 1835 ἦν
534 1764 563 1817 6
585 1762 873 1835 κατάρχων
899 1763 996 1833 τῆς
1025 1758 1520 1833 ἀνθρωποκτονίας.
1546 1757 1660 1809 Οὐκ
1680 1755 1747 1809 ἂν
1767 1755 1825 1808 δὲ
1851 1757 1880 1808 6
1901 1754 2032 1825 ἀλη-

449 1854 551 1926 θὴς
597 1854 729 1919 Θεὸς
777 1856 873 1909 καὶ
909 1855 1000 1908 τὸν
1031 1853 1133 1922 τῆς
1175 1851 1354 1922 Ἥρας
1385 1849 1617 1919 δαίμονα
1669 1847 1791 1918 οὐχ)⁸
1839 1845 2033 1917 μιαρὸν
2066 1845 2107 1903 Β

447 1946 695 2018 ἡγεῖσθαι
721 1946 831 1999 δεῖν
863 1944 1291 2016 ἐνομοθέτησεν,
1335 1934 1380 2008 ᾧ
1420 1940 1524 2010 τῆς
1557 1939 1770 2011 ἡμέρας
1797 1938 2034 2005 ἑκάστης

447 2040 598 2110 τρεῖς
630 2035 952 2108 ἀνθρώπους
981 2034 1205 2089 θύεσθαι
1235 2031 1580 2105 παρέστησεν
1614 2033 1648 2102 ἡ
1694 2030 1926 2100 ἱστορία.
1969 2028 2034 2081 Τί

446 2128 492 2183 δ’
528 2128 595 2182 ἂν
621 2128 832 2197 γένοιτο
871 2125 1330 2198 δαιμονικώτερον
1373 2124 1588 2196 ἀληθῶς
1625 2123 1720 2176 τοῦ
1765 2120 2031 2191 καλουμέ-

450 2237 544 2274 νου
584 2219 836 2289 Ὧμαδίου
869 2217 1123 2271 Διονύσου
1148 2255 1163 2280 ,
1198 2209 1243 2283 ᾧ
1275 2231 1440 2284 φασιν
1486 2217 1543 2267 ὲν
1602 2215 1719 2283 Χίῳ
1750 2212 2035 2283 ἄνθρωπον

458 2308 669 2379 μελιστὶ
719 2307 1059 2371 διασπῶντας
1078 2305 1240 2360 θύειν
1259 2322 1274 2335 ·
1317 2306 1351 2375 ἢ
1383 2303 1477 2358 τοῦ
1522 2306 1581 2357 ὲν
1612 2302 1823 2372 Τενέδῳ
1851 2300 2033 2354 ὡσαύ-

448 2418 576 2464 τως,
609 2400 666 2454 ὃν
694 2400 789 2453 καὶ
817 2398 978 2453 αὑτὸν
1005 2397 1093 2451 διὰ
1121 2398 1220 2467 τῆς
1245 2395 1698 2466 ἀνθρωποθυσίας
1730 2393 2033 2456 ίλάσκοντο;

462 2492 828 2563 Ἀπηγόρευσε
862 2491 907 2544 δ’
939 2490 1005 2545 ἂν
1037 2492 1067 2544 6
1092 2490 1300 2563 ἀληθὴς
1343 2489 1478 2553 Θεὸς
1524 2487 1619 2541 καὶ
1649 2485 1727 2557 τῷ
1766 2487 1923 2557 ’Ἄρει
1957 2483 2036 2556 τῷ

454 2582 780 2657 βροτολοιγῷ
809 2584 905 2638 καὶ
928 2581 1274 2654 φιλοπολέμῳ
1303 2581 1519 2652 δαίμονι
1544 2578 1695 2632 θύειν
1724 2576 2032 2650 ἄνθρωπονο

452 2674 814 2746 ἐνομοθέτησε
846 2675 890 2729 δ’
921 2673 1017 2740 ἂν,
1073 2675 1210 2745 μήτε
1261 2673 1371 2726 τῶν
1406 2671 1654 2735 οἰκείων,
1711 2669 1850 2741 μήτε
1881 2668 2037 2722 ἀλλο-

446 2767 612 2838 τρίων
645 2767 713 2820 τὰ
758 2766 988 2835 φίλτατα
1018 2766 1419 2835 κατασφάττειν
1450 2762 1620 2833 αὐτῷ.
1656 2763 1720 2815 Et
1750 2761 1807 2815 δὲ
1833 2761 1927 2815 καὶ
1967 2763 2035 2833 τῇ

461 2858 663 2930 Ἀθηνᾷ
688 2861 807 2912 κατ’
832 2858 952 2922 ἔτος
972 2858 1261 2930 παρθένος,
1289 2856 1365 2921 ὣς
1398 2871 1582 2926 φασιν,
1600 2852 1789 2907 ἐθύετο
1812 2854 1869 2905 ὲν
1895 2853 2038 2906 Λαο-

449 2948 633 3021 δικείᾳ
680 2952 747 3020 τῇ
790 2949 931 3003 κατά
973 2948 1196 3019 Συρίαν,
1242 2946 1338 3000 καὶ
1366 2944 1572 3014 ταύτην
1599 2945 1772 2999 εἰπεῖν
1804 2941 2039 3014 πονηρὸν

450 3038 680 3111 δαίμονα
723 3040 825 3093 οὐκ
856 3037 923 3093 ἂν
970 3036 1272 3108 ἐφυλάξατο
1318 3039 1348 3090 6
1393 3034 1602 3107 ἀληθὴς
1645 3033 1808 3097 Θεύς·
1836 3032 1913 3096 ὡς
1945 3033 2040 3088 καὶ

451 3133 544 3185 τὸν
577 3133 635 3185 ὲν
664 3130 835 3201 Λιϐύῃ
871 3133 982 3194 τοῖς
1015 3130 1225 3199 ὁμοίοις
1253 3127 1536 3198 χαίροντα,
1574 3126 1668 3178 καὶ
1698 3126 1789 3178 τὸν
1816 3124 1909 3177 ἐπὶ
1940 3123 2042 3196 τῆς

2127 572 2299 625 bonos
2325 582 2448 622 esse
2476 566 2646 628 dicet,
2698 574 2839 630 quos
2893 566 3155 623 tanquam
3209 544 3427 619 generis
3476 535 3704 594 humani

2125 660 2371 715 vindices
2406 655 2681 728 praecipuo
2732 651 2886 707 cultu
2939 640 3192 700 venerari
3227 641 3518 707 oporteat:
3552 642 3704 699 quae—

2128 751 2361 806 rendum
2397 763 2465 802 ex
2504 760 2572 801 eo
2604 743 2792 806 fuerit,
2828 739 2921 794 ubi
2961 738 3179 791 tandem
3214 733 3398 784 essent
3421 721 3553 776 boui
3579 719 3703 773 vin-

2127 843 2300 904 dices,
2337 854 2479 909 quos
2523 852 2589 891 ea
2638 833 2905 903 religione
2937 830 3362 889 venerarentur,
3408 831 3532 873 cum
3586 822 3707 868 tan-

2127 942 2238 986 tam
2311 927 2691 999 improborum
2756 922 2991 976 istorum
3050 911 3330 969 vesaniam
3388 919 3614 963 suorum
3672 917 3705 956 a

2128 991 2409 1077 clientum-
2438 1015 2764 1086 corporibus
2835 1006 3066 1065 minime
3115 1000 3520 1074 propulsarent.
3577 991 3703 1055 Ubi,

2128 1114 2382 1182 inquam,
2419 1084 2551 1163 boni
2581 1107 2884 1166 daemones,
2939 1098 3033 1168 qui
3086 1108 3190 1149 nec
3240 1090 3531 1146 carnitices
3584 1084 3709 1137 iUos

2130 1211 2398 1266 arcerent,
2459 1214 2562 1254 nec
2593 1194 2898 1252 cultoribus
2955 1190 3073 1246 suis
3120 1201 3279 1257 opem
3330 1180 3709 1246 auxiliumque

2131 1292 2362 1350 ferrent?
2391 1293 2501 1347 Cur
2527 1289 2674 1345 enim
2708 1285 2996 1340 hominum
3030 1295 3223 1351 genus,
3255 1274 3401 1346 quod
3424 1280 3479 1326 et
3499 1269 3710 1323 ratione

2131 1386 2443 1456 praeditum,
2497 1390 2552 1436 et
2599 1375 2824 1433 Numini
2896 1374 3124 1429 charum
3171 1377 3275 1434 est,
3333 1360 3709 1433 improborum

2132 1453 2441 1532 daemonum
2482 1470 2803 1528 crudelitate
2833 1464 3027 1521 contici
3062 1460 3399 1531 negligenter
3447 1453 3583 1508 adeo
3612 1464 3711 1521 pa—

2136 1565 2447 1623 tiebantur?
2481 1564 2618 1631 Imo,
2645 1561 2838 1633 quidni
2873 1556 3132 1612 omnibus
3192 1551 3372 1622 palam
3422 1557 3477 1600 et
3529 1550 3713 1614 aperte

2134 1662 2553 1724 denuntiabant,
2612 1659 2695 1714 uti
2749 1655 3063 1722 cuicunque
3098 1664 3167 1703 ex
3226 1646 3316 1710 iis,
3368 1656 3509 1712 quos
3552 1638 3715 1707 vulgo

2136 1754 2273 1809 deos
2305 1750 2685 1816 nominabant,
2717 1748 2802 1803 vel
2836 1743 3171 1805 immanitas,
3198 1738 3282 1792 vel
3312 1736 3495 1791 scelus
3528 1748 3593 1787 ac
3619 1731 3718 1786 Ila-

2137 1848 2327 1917 gitium
2377 1845 2634 1914 placeret,
2664 1855 2790 1896 eum
2856 1844 3045 1907 utpote
3087 1848 3196 1887 non
3246 1831 3408 1885 deum
3452 1826 3714 1895 aliquem,

2138 1939 2234 1996 sed
2291 1935 2603 2007 improbum
2650 1931 2956 1987 diemonem
2997 1922 3267 1981 exsecrati
3304 1925 3622 1975 constanter
3653 1930 3719 1970 ac

2138 2006 2402 2101 perpetuo
2439 2024 2727 2097 fugerent?
2757 2020 2980 2088 Quidni,
3017 2018 3265 2086 inquam,
3294 2027 3390 2067 seu
3421 2008 3546 2078 quis
3584 2006 3716 2060 olim

2138 2099 2249 2176 Dei
2302 2120 2426 2175 loco
2480 2133 2510 2172 a
2570 2113 2801 2169 Rhodiis
2859 2110 3081 2164 habitus
3135 2106 3406 2159 humanas
3467 2099 3720 2154 victimas

2137 2211 2447 2282 expetebat,
2481 2222 2647 2263 verus
2677 2219 2802 2260 eum
2838 2200 3004 2263 Deus,
3054 2198 3101 2254 si
3150 2211 3314 2267 quem
3367 2190 3470 2263 ipsi
3526 2202 3718 2243 verum

2138 2304 2437 2369 habebant,
2498 2313 2756 2371 represso
2818 2293 3128 2357 maleﬁcio,
3202 2303 3314 2343 non
3371 2284 3566 2349 Deum,
3624 2278 3722 2337 sed

2138 2397 2343 2452 malum
2432 2394 2738 2448 daemonem
2810 2382 3242 2442 existimandum
3314 2378 3386 2433 ab
3463 2375 3722 2431 omnibus

2135 2502 2259 2545 esse
2317 2482 2679 2553 declarabat?
2733 2480 2840 2535 Seu
2903 2478 3028 2548 quis
3087 2476 3229 2531 idem
3283 2468 3555 2542 ejusmodi
3617 2464 3722 2520 δα-

2136 2581 2342 2635 lamine
2399 2576 2504 2633 fuit
2553 2576 2741 2647 (quam
2796 2581 3007 2627 veteres
3051 2568 3356 2624 Coroneam
3407 2560 3722 2631 vocabant),

2137 2669 2231 2724 ubi
2295 2680 2486 2721 mense
2546 2662 2641 2735 qui
2702 2662 2847 2730 apud
2900 2658 3131 2730 Cyprios
3195 2653 3563 2725 Aphrodisius
3619 2659 3723 2713 est,

2139 2759 2421 2814 hominem
2481 2753 2882 2819 immolabant;
2941 2766 3067 2805 eum
3126 2762 3348 2818 quoque
3407 2758 3575 2798 verus
3645 2740 3725 2795 is-

2140 2859 2321 2906 torum
2382 2848 2530 2904 Deus
2570 2886 2585 2911 ,
2658 2854 2720 2901 ut
2778 2844 3007 2913 impium
3085 2854 3292 2895 morem
3382 2836 3670 2904 abrogaret
3709 2873 3725 2897 ,

2141 2939 2463 3009 pestiferum
2552 2939 2856 2993 daemonem
2948 2946 3069 2988 esse
3144 2925 3490 2986 statuebat?
3568 2923 3725 2994 163

2140 3033 2277 3089 Nam
2305 3073 2322 3096 ,
2376 3031 2421 3086 si
2492 3028 2636 3100 apud
2695 3025 3020 3096 Heliopolim
3092 3020 3313 3092 IEgypti
3347 3060 3362 3084 ,
3426 3018 3726 3073 solemnem

2146 3122 2386 3178 hominis
2430 3118 2751 3176 immolandi
2801 3114 3254 3172 consuetudinem
3294 3108 3512 3164 Amosis
3580 3105 3727 3160 anti-

465 3218 725 3290 Ἀραὸίας
744 3235 758 3249 ο
776 3199 936 3285 ᾧ-καὶ
962 3216 1108 3288 αὐτῷ
1129 3219 1248 3271 κατ’
1271 3217 1389 3280 ἔτος
1414 3217 1645 3270 ἕκαστον
1671 3214 1829 3270 ἔθυον
1851 3214 2037 3281 παῖδα,

2146 3214 2360 3283 quavit,
2401 3211 2683 3266 hominem
2716 3208 2907 3277 utique
2934 3204 3042 3261 Deo
3070 3206 3229 3275 longe
3263 3202 3543 3257 meliorem
3571 3213 3727 3260 esse,

454 3310 515 3364 ὃν
539 3312 634 3366 καὶ
658 3310 764 3365 ὑπὸ
791 3310 974 3382 βωμὸν
1006 3309 1259 3363 ἔθαπτον.

2150 3319 2316 3360 verus
2364 3318 2556 3359 eorum
2612 3301 2759 3358 Deus
2806 3302 3005 3358 docere
3050 3298 3330 3353 debuisset
3373 3312 3390 3348 ι
3448 3306 3545 3346 ηεε
3580 3289 3728 3345 enim

457 3403 603 3460 Deus
628 3404 731 3460 iste
764 3419 1007 3475 quoque,
1089 3405 1183 3459 sed
1219 3404 1432 3460 daemon
1506 3399 1751 3471 profecto
1784 3399 1906 3466 fuit,
1959 3403 2215 3474 quisquis
2276 3402 2443 3472 hujus
2512 3399 2798 3456 hominum
2834 3395 2998 3452 caedis
3035 3402 3227 3448 auctor
3277 3389 3400 3445 fuit.
3426 3386 3537 3442 Nec
3568 3398 3734 3439 verus

459 3496 590 3552 item
623 3496 790 3564 Deus,
823 3497 976 3551 illum
1005 3495 1238 3550 lunonis
1266 3495 1593 3559 daemonem,
1617 3493 1705 3547 cui
1748 3502 1860 3550 tres
1896 3494 2025 3549 olim
2066 3496 2297 3567 singulis
2336 3495 2530 3550 diebus
2556 3492 2810 3548 homines
2843 3486 3074 3544 mactari
3139 3484 3333 3540 solitos
3364 3496 3431 3535 ex
3493 3477 3727 3535 historia

457 3593 863 3660 Cognoscimus,
916 3591 1246 3663 ﬂagitiosum
1291 3605 1533 3660 unquam
1575 3597 1737 3659 atque
1768 3591 2091 3645 sceleratum
2134 3591 2320 3646 haberi
2358 3590 2640 3645 vetuisset.
2676 3582 3027 3657 Quod°porro
3091 3582 3268 3651 magis
3299 3580 3601 3634 daemonem
3639 3589 3734 3629 sa—

458 3686 595 3753 piat,
628 3700 790 3754 quam
826 3684 918 3739 illa
950 3684 1036 3739 vel
1082 3682 1293 3739 Omadii
1335 3681 1533 3737 Bacchi
1572 3680 1892 3749 crudelitas,
1938 3682 2028 3737 cui
2065 3683 2412 3737 membratim
2442 3681 2692 3737 homines
2723 3696 2753 3734 a
2781 3679 2932 3734 Chiis
2986 3676 3289 3743 discerptas
3345 3684 3468 3725 esse
3498 3667 3721 3732 ferunt;

457 3775 543 3827 vel
581 3774 807 3829 alterius
851 3773 995 3844 apud
1035 3772 1323 3837 Tenedios,
1363 3786 1527 3842 quem
1562 3772 1817 3827 similiter
1886 3773 2172 3827 hominum
2230 3774 2377 3829 caede
2430 3771 2764 3844 placebant?
2797 3768 3073 3823 Edixisset
3109 3775 3372 3836 praeterea
3397 3775 3559 3815 verus
3617 3758 3721 3812 istc

459 3865 624 3932 Deus,
657 3866 734 3919 uti
769 3881 838 3921 ne
880 3866 1024 3936 quis,
1051 3863 1208 3919 Marti
1255 3864 1333 3918 illi
1370 3864 1637 3920 bellorum
1715 3865 2051 3934 humanique
2085 3867 2301 3922 cruoris
2361 3866 2739 3923 sitientissimo
2791 3863 3069 3918 hominem
3109 3858 3442 3918 immolaret,
3475 3854 3724 3922 adeoque

460 3974 561 4013 nec
592 3960 694 4015 sibi
728 3960 961 4030 aliisque
992 3959 1313 4015 charissima
1345 3974 1576 4028 quaeque
1601 3958 1897 4029 jugularet.
1931 3958 2145 4014 Palladi
2176 3976 2432 4032 quoque,
2493 3960 2541 4016 si
2598 3958 2742 4030 quod
2777 3957 2940 4026 vulgo
3005 3953 3268 4024 iactatur,
3298 3948 3450 4017 virgo
3498 3954 3737 4016 quotan-

461 4052 548 4105 nis
573 4050 855 4158 Laodiceae
880 4052 1050 4125 Syriae
1076 4054 1347 4108 immolari
1380 4054 1610 4120 solebat,
1645 4068 1709 4108 ea
1742 4069 1810 4108 ne
1851 4054 2031 4111 malus
2091 4057 2305 4113 daemon
2365 4056 2682 4119 haberetur,
2741 4067 2906 4108 verus
2940 4050 3184 4122 profecto
3226 4045 3371 4099 Deus
3415 4056 3524 4097 non
3558 4038 3735 4094 cavis-

462 4156 593 4202 set:
626 4147 869 4217 itemque
916 4164 985 4204 ne
1036 4149 1196 4216 alter,
1225 4150 1318 4218 qui
1360 4150 1467 4205 hoc
1510 4163 1794 4204 sacrorum
1834 4165 2030 4220 genere
2066 4152 2441 4208 delectabatur
2486 4151 2543 4206 in
2597 4147 2790 4220 Libya,
2855 4147 3104 4216 alterque
3140 4149 3424 4212 praeterea,
3470 4133 3560 4190 cui
3618 4147 3735 4186 mas

461 4252 666 4299 ctatum
700 4243 1266 4315 quotannisinArabia
1296 4260 1524 4314 puerum
1554 4244 1658 4300 sub
1693 4260 1844 4299 aram
1890 4246 2121 4316 sepelire
2152 4263 2273 4304 mos
2306 4258 2447 4304 erat.

993 4340 1387 4395 ΚΕΦΑΛΑῙΟΝ
1425 4343 1523 4395 lZ'.

2724 4334 2961 4392 CAPUT
3000 4330 3165 4387 XVII.

466 4432 589 4485 ’Ότι
626 4430 778 4503 μετὰ
813 4430 1359 4505 τὴνλεύαγγελικὴν
1386 4431 1821 4505 διδασκαλίαν,
1858 4433 1899 4501 ἡ
1940 4445 2037 4486 πα-

2151 4434 2285 4491 Post
2334 4432 2649 4505 evangelica:
2688 4430 2946 4485 doctrina:
2969 4419 3442 4505 ρζςεάὶεαιίοηεηξη
3459 4413 3738 4468 hominum

759 4487 903 4557 λαιά
929 4487 1389 4570 ἀνθρωποθυό-ία
1413 4503 1733 4572 κατελύθη.
1808 4487 1819 4497 ’
1883 4487 1897 4501 ’

2206 4538 2221 4549 ι
2272 4487 2721 4559 ἱηιιηοιᾶηάονιιιη
2743 4487 3174 4555 consuetudinem
3196 4506 3306 4546 esse
3325 4487 3613 4542 sublatura.

533 4593 768 4657 Τούτους
801 4593 1049 4657 ἅπαντας
1068 4632 1084 4656 ,
1118 4593 1214 4647 καὶ
1244 4593 1371 4655 τούς
1402 4610 1465 4660 γε
1506 4594 2037 4667 αἱσχρορῤημονοῦν-

2220 4597 2381 4665 Istos,
2406 4598 2653 4667 inquam,
2674 4609 2864 4649 omnes
2886 4605 3092 4659 eosque
3107 4584 3382 4648 similiter,
3401 4578 3494 4651 qui
3514 4587 3622 4632 tam
3640 4575 3740 4630 ob.

461 4704 598 4751 τας,
644 4686 739 4739 καὶ
782 4684 1057 4755 γυναικῶν
1106 4685 1445 4757 παρανόμοις
1475 4684 1830 4758 διαφθοραῖς,
1878 4691 1944 4760 τῇ
1990 4707 2037 4743 τε

2156 4706 2343 4748 scmna
2395 4689 2784 4761 loquebantur,
2813 4685 3019 4756 quique
3065 4676 3351 4752 ﬂagitiosis
3406 4690 3471 4729 ac
3516 4669 3744 4727 nefariis

462 4780 597 4853 ἄλλῃ
626 4782 691 4850 τῇ
724 4778 1231 4852 προκατειλεγμὲνῃ
1261 4779 1430 4851 μανίᾳ
1450 4780 1764 4852 χαίροντας,
1795 4780 2037 4852 προεφώ-

2158 4785 2452 4842 mulierum
2480 4779 2809 4851 corruptelis
2847 4793 2912 4832 ac
2941 4773 3171 4844 stupris,
3206 4778 3425 4838 totoque
3451 4766 3555 4818 hoc
3586 4777 3739 4816 com-

464 4890 626 4944 νησεν
653 4871 719 4927 ἂν
740 4875 768 4926 6
817 4870 1025 4943 ἀληθὴς
1065 4872 1158 4925 καὶ
1180 4871 1383 4940 ἀγαθὸς
1408 4872 1519 4926 εἴτε
1548 4872 1681 4936 Θεὸς
1706 4872 1816 4926 εἴτε
1839 4873 2053 4944 δαίμων

468 4965 734 5039 μηδαμῶς
764 4964 1019 5037 ἡγεῖσθαι
1052 4964 1227 5029 θεούς.
1259 4966 1432 5019 Τοῦτο
1463 4967 1520 5020 δὲ
1564 4968 1744 5031 οὐδεὶς
1785 4966 1894 5021 τῶν
1934 4967 2051 5021 πώ-

464 5076 595 5114 ποτε
620 5098 636 5124 ,
670 5058 704 5128 ἢ
738 5058 897 5130 μόνος
939 5061 969 5112 ὁ
1027 5059 1158 5128 παρ’
1197 5056 1470 5127 Ἑϐραίοις
1497 5057 1836 5129 τιμώμενος,
1876 5059 1951 5122 ὡς
1987 5059 2052 5113 ἂν

470 5148 630 5221 μόνος
686 5148 781 5202 καὶ
828 5147 1033 5220 ἀληθὴς
1078 5148 1213 5212 Θεὸς
1259 5147 1576 5218 πεποιηκὼς
1632 5148 2050 5220 μνημονεύεται.

465 5238 644 5302 Μόνος
687 5238 796 5310 γὰρ
845 5230 999 5301 οὗτος
1046 5236 1134 5292 διὰ
1182 5235 1276 5289 τοῦ
1326 5236 1603 5307 προφήτου
1652 5237 1748 5290 καὶ
1799 5236 2050 5306 θεολόγον

466 5330 748 5393 Μωῦσέως
780 5327 1123 5401 προεκήρυξε
1155 5330 1268 5391 τοῖς
1299 5328 1433 5381 πᾶσι
1472 5326 1546 5399 μὴ
1582 5326 1764 5381 σέϐειν
1806 5328 1883 5392 ὡς
1910 5328 2051 5396 ἀγαη

468 5422 596 5485 θοὺς
621 5422 884 5491 δαίμονας
921 5423 1047 5485 τοὺς
1082 5420 1351 5490 φαύλουςο
1385 5418 1620 5490 ἔμπαλιν
1647 5419 1704 5473 δὲ
1742 5420 2052 5492 ἀποτρέπε-

470 5512 593 5567 σθαι
644 5513 741 5567 καὶ
785 5511 1108 5567 ἀπελαύνειν
1133 5551 1149 5577 ,
1186 5512 1263 5576 ὡς
1309 5510 1376 5567 ἂν
1426 5512 1644 5584 πονηρά
1688 5512 2053 5583 τυγχάνοντας

468 5601 792 5673 πνεύματα·
825 5601 919 5655 καί
953 5602 1059 5673 μὴν
1096 5603 1193 5655 καὶ
1236 5601 1520 5673 καθαίρειν
1560 5601 1671 5673 (28)
1716 5600 1895 5655 αὐτῶν
1927 5599 2053 5665 τούς

543 5712 570 5741 ει
611 5715 703 5768 γρ.
740 5699 826 5753 ἄν.

544 5791 657 5861 (28)
685 5788 1015 5861 Καθαιζρειγ.
1049 5785 1235 5861 Malim
1286 5787 1510 5861 omnino
1561 5785 1878 5861 καθαιρεῖν,
1910 5800 2052 5837 ever-

477 5872 602 5929 tere,
642 5854 892 5915 'dirueré.
954 5857 1127 5915 Jussit
1150 5858 1296 5914 enim
1329 5855 1542 5928 Moyses
1574 5857 1774 5926 templa
1825 5854 1915 5911 illa
1942 5870 2049 5910 non

2155 4883 2474 4931 memorata:
2519 4871 2776 4943 superius
2839 4865 3087 4922 libidinis
3140 4862 3329 4916 furore
3387 4855 3738 4916 tenebantur,

2154 4982 2319 5023 verus
2358 4973 2506 5021 certe
2552 4963 2775 5034 quidem
2808 4960 3098 5026 bonusque
3130 4953 3246 5008 sive
3277 4947 3444 5008 Deus,
3479 4945 3594 4999 sive
3628 4943 3739 4997 dae-

2156 5073 2312 5124 mon,
2343 5072 2374 5112 a
2400 5069 2680 5127 quoquam
2709 5054 2938 5107 deorum
2973 5049 3027 5102 in
3060 5054 3291 5099 numero
3338 5035 3550 5093 eenseri
3586 5033 3737 5087 omni

2156 5150 2368 5205 ratione
2410 5124 2690 5203 vetuisset.
2737 5140 2925 5212 Atqui,
2960 5146 3156 5209 praeter
3202 5148 3352 5194 eum,
3386 5128 3477 5201 qui
3533 5128 3602 5181 ab
3633 5124 3713 5180 Ile

2154 5242 2318 5297 braeis
2369 5240 2667 5297 colebatur,
2703 5242 2892 5304 utpote
2934 5229 3027 5299 qui
3089 5240 3230 5279 unus
3268 5230 3414 5277 esset
3463 5233 3738 5287 verusque

2157 5336 2322 5401 Deus,
2353 5349 2385 5389 a
2411 5332 2564 5387 nullo
2589 5343 2817 5400 prorsus
2849 5326 2956 5380 alio
2987 5321 3190 5376 factum
3214 5317 3266 5371 id
3291 5329 3533 5386 unquam
3565 5312 3737 5366 fuisse

2154 5425 2408 5495 legimus.
2433 5419 2594 5477 Solus
2623 5418 2715 5473 ille
2741 5415 2894 5472 solus
2920 5411 3197 5482 praphetaa
3226 5423 3292 5463 ac
3317 5405 3556 5475 theologi
3578 5401 3734 5473 Moy-

2156 5517 2234 5572 sis
2261 5529 2358 5570 ore
2389 5508 2737 5569 denuntiavit
2761 5505 3057 5567 universis,
3089 5516 3198 5557 non
3225 5499 3389 5555 modo
3436 5513 3505 5552 ne
3530 5497 3735 5563 impro-

2154 5607 2257 5663 bos
2307 5605 2587 5662 daemones
2620 5608 2879 5668 tanquam
2914 5596 3092 5653 bonos
3124 5592 3389 5657 colerent,
3426 5588 3522 5645 sed
3551 5584 3736 5658 potius

2156 5783 2400 5858 purgari,
2430 5781 2523 5841 sed
2553 5775 2740 5837 everti.
2771 5777 2948 5850 Atque
2979 5774 3054 5831 ita
3076 5774 3182 5845 leg.
3230 5771 3325 5829 alt.
3358 5786 3422 5827 ex
3451 5774 3728 5824 manus“,
