4156 6406
463 324 567 379 287

1098 326 1374 385 EUSEBII
1417 329 1897 389 CESARIENSIS
1926 331 2078 389 OPP.
2114 327 2299 386 PARS
2329 327 2487 384 IL—
2519 327 3024 386 APOLOGETICA.

3623 327 3738 385 288

461 450 726 515 tanquam
781 446 1077 502 sceleratos
1108 447 1335 516 spiritus
1386 448 1689 505 abominati
1729 450 2035 521 ejicerent:

2141 464 2201 501 τε
2216 446 2376 511 νεὼς,
2392 446 2488 502 καί⁵
2510 445 2611 511 τάς
2634 448 2888 517 ἀνιέρους
2917 446 3013 499 καὶ
3043 444 3364 510 ἀτελέστους
3394 444 3699 519 θρησκείας
3719 484 3735 510 ,

460 533 734 608 iussitque
754 546 1016 608 praeterea
1044 553 1235 594 eorum
1261 541 1461 611 templa
1492 542 1725 611 expiari,
1749 558 2043 598 exsecran-

460 628 564 684 das
593 628 964 701 profanasque
1002 631 1323 700 religiones,
1354 633 1679 687 memoriam
1710 634 1871 704 quasi
1910 634 2045 689 deo-

463 733 587 774 rum
621 720 958 786 universam,
988 719 1147 792 165
1178 720 1525 793 honoresque
1554 724 1827 780 solemnes
1852 739 1919 779 ex
1943 724 2043 778 ho-

462 813 675 866 minum
704 811 953 869 funditus
981 815 1246 869 societate
1287 816 1478 871 deleri.
1527 816 1721 883 Merito
1755 833 1909 885 sane,
1940 833 2043 873 nec

463 907 613 961 enim
647 907 932 977 improbos
965 910 1034 964 ab
1062 910 1261 982 iis,qui
1299 912 1571 966 bonorum
1600 928 1732 967 cura
1756 913 2044 980 providen-

462 994 652 1067 tiaque
699 999 1050 1069 regebantur,
1096 1002 1383 1057 conciliari
1432 1003 1750 1074 placarique
1785 1002 1869 1058 fas
1900 1013 2039 1061 erat.

462 1086 587 1143 Tibi
621 1105 774 1153 vero,
804 1104 898 1145 seu
929 1090 1258 1148 Philarchus
1304 1095 1394 1150 ille
1440 1105 1544 1162 est,
1582 1111 1679 1151 seu
1726 1096 2043 1168 quicunque

462 1180 626 1244 alius,
659 1182 752 1251 qui
776 1180 997 1238 Graecos
1032 1187 1237 1254 passim
1274 1187 1581 1252 universos,
1628 1188 1950 1260 priusquam
1986 1191 2042 1244 in

461 1269 672 1325 hostem
720 1286 1028 1342 moverent,
1057 1277 1309 1332 homines
1365 1278 1655 1334 immolare
1697 1280 1892 1338 solitos
1920 1297 2043 1337 esse

461 1363 679 1426 scribit,
708 1380 815 1433 qua
849 1366 1116 1423 daemonis
1144 1371 1435 1440 tyrannide
1478 1372 1726 1441 Oppressi
1762 1372 1856 1428 ille
1887 1382 2043 1429 tene-

393 1456 401 1463 '
462 1462 677 1516 rentur,
713 1455 881 1525 hujus
910 1458 1078 1512 etiam
1124 1462 1232 1517 fide
1278 1462 1701 1533 testimonioque
1745 1466 2039 1520 constabit.

459 1542 605 1610 Quin
656 1548 821 1603 etiam
862 1552 1027 1609 Afros
1084 1554 1227 1618 illos,
1256 1563 1312 1609 et
1358 1552 1621 1621 Thraces,
1676 1565 1731 1611 et
1782 1556 2038 1626 Scythas,

461 1644 731 1706 quotquot
759 1641 1033 1698 similibus
1063 1644 1258 1699 ritibus
1290 1656 1596 1713 uterentur,
1631 1646 1797 1702 simili
1832 1649 2038 1702 daemo-

461 1743 591 1781 num
630 1728 815 1787 furore
861 1745 1017 1791 actos
1061 1737 1425 1806 pronuntiare
1468 1754 1534 1793 ac
1584 1740 1823 1808 probare
1856 1740 2037 1796 liceat.

460 1816 673 1884 Quibus
728 1823 1113 1891 Athenienses,
1149 1826 1409 1897 ipsosque
1461 1830 1599 1883 adeo
1646 1831 1794 1886 cives
1833 1829 2041 1902 Magna:

467 1907 634 1967 Urbis
659 1913 917 1987 adiunge,
948 1932 1073 1972 cum
1107 1918 1251 1973 circa
1283 1918 1464 1989 Magni
1489 1917 1641 1976 Jovis
1669 1919 1836 1977 ferias
1863 1921 2041 1977 homi-

466 2019 563 2059 nes
590 2004 693 2075 ipsi
719 2022 943 2079 quoque
969 2010 1306 2080 jugularent.
1336 2012 1450 2069 lmo
1475 2028 1628 2078 vero,
1653 2015 1702 2070 si
1730 2016 2039 2071 universam

461 2111 676 2165 eorum,
712 2116 836 2171 quae
860 2103 1025 2172 paulo
1064 2113 1193 2160 ante
1232 2108 1805 2177 commemoravimus,
1841 2110 2039 2165 seriem

462 2188 567 2244 sub
616 2201 901 2261 aspectum
952 2210 1125 2250 unum
1178 2198 1502 2269 subjeceris,
1558 2201 1806 2257 invenies
1864 2211 2037 2257 totam

460 2295 630 2351 prope
656 2282 955 2341 ﬁctoruma
972 2289 1224 2357 gentibus
1250 2292 1539 2347 numinum
1572 2293 1911 2348 molitionem
1932 2294 2041 2348 illis

460 2372 596 2442 ipsis
639 2376 925 2445 spiritibus
970 2380 1255 2435 hominum
1298 2383 1686 2448 carniﬁcibus,
1729 2385 2042 2439 sceleratis-

460 2479 568 2532 que
598 2465 940 2525 dmmonibus
966 2486 1089 2528 esse
1120 2472 1488 2529 tribuendam.
1510 2473 1719 2530 Etenim
1746 2477 1792 2531 si
1819 2476 2042 2532 eviden-

460 2556 609 2612 tibus
641 2559 917 2631 certisque
946 2566 1301 2629 testimoniis,
1331 2566 1476 2637 apud
1510 2565 1777 2635 Rhodios,
1807 2566 2040 2623 Salami-

458 2664 582 2717 nos,
620 2666 687 2707 ac
709 2663 937 2710 caeteros
964 2656 1257 2724 insnlares,
1292 2660 1535 2731 itemque
1584 2659 1729 2730 apud
1778 2658 2039 2730 Heliopo-

457 2739 659 2797 litanos
710 2741 952 2814 Egypti,
997 2747 1187 2813 Chios,
1233 2747 1524 2817 Tenedios,
1561 2750 2035 2820 Lacedaemonios,

457 2834 720 2902 Arcadas,
742 2834 1055 2903 thnices,
1087 2838 1292 2912 Libyae,
1323 2840 1496 2914 Syriae
1533 2852 1587 2900 et
1610 2844 1828 2899 Arabiae
1858 2860 2037 2914 popu-

456 2926 559 2991 los,
592 2928 841 2999 adeoque
895 2934 1039 3003 apud
1084 2933 1449 2991 Athenienses
1499 2937 1672 3007 ipsos,
1700 2938 1793 3009 qui
1819 2937 2039 2994 Graeco-

456 3036 573 3075 rum
605 3023 853 3079 omnium
885 3026 1162 3097 principes
1185 3043 1248 3084 ac
1274 3029 1443 3084 veluti
1493 3031 1672 3099 capita
1727 3032 2035 3087 etiamnum

456 3114 639 3170 haberi
668 3114 868 3182 solent,
895 3132 994 3172 nec
1010 3132 1120 3172 non
1148 3119 1293 3189 apud
1322 3118 1830 3191 Carthaginienses,
1848 3121 2032 3191 Afros,
2062 3130 2105 3188 C

453 3204 696 3261 Thraces
750 3217 914 3279 atque
946 3208 1203 3282 Scythas,
1239 3213 1528 3268 hominum
1579 3215 1711 3269 olim
1764 3217 2035 3273 sacriﬁcia

455 3294 729 3353 diabolica
755 3298 941 3355 furore
969 3315 1234 3373 usurpata
1258 3319 1383 3361 esse
1412 3305 1776 3369 ostendimus,
1810 3308 2038 3378 impios-

454 3391 727 3469 queritus
756 3393 822 3446 ad
845 3391 1154 3451 Scrvatoris
1188 3411 1364 3465 usque
1397 3397 1572 3451 nostri
1610 3410 1859 3468 tempora
1909 3416 2037 3470 pro-

454 3493 680 3550 pagatos
718 3501 730 3537 :
763 3483 953 3553 quidni
980 3486 1198 3541 tandem
1227 3486 1352 3557 jure
1383 3487 1688 3559 meritoque
1713 3490 2033 3558 concludas,

457 3572 581 3627 illos
614 3583 727 3627 tum
750 3576 981 3644 populos
1013 3577 1279 3648 improbis
1296 3593 1489 3634 omnes
1517 3580 1859 3637 daemonibus
1881 3599 2036 3637 man-

452 3664 666 3733 cipatos
693 3665 887 3733 fuisse,
920 3684 1020 3723 nec
1047 3679 1173 3725 ante
1210 3686 1383 3740 genus
1417 3672 1720 3729 humanum
1757 3683 2034 3731 tantorum

454 3756 748 3811 acerbitate
781 3758 1051 3813 malorum
1082 3762 1270 3816 vexari
1297 3762 1552 3829 desiisse,
1581 3780 1746 3835 quam
1779 3764 2036 3821 Servato-

453 3844 532 3899 ris
559 3846 729 3900 nostri
765 3847 1013 3903 doctrina
1048 3851 1256 3922 passim
1281 3853 1589 3908 illuxisset?
1615 3853 1750 3909 Nam
1782 3856 1874 3911 illa
1908 3858 2034 3927 qui-

452 3937 575 3989 dem
595 3936 661 3990 ad
695 3939 985 4007 imperium
1016 3940 1241 3997 Adriani
1266 3942 1531 4013 viguisse,
1558 3959 1621 3999 ac
1638 3944 1857 4000 sublata
1879 3946 2036 4001 dein-

450 4042 579 4098 ceps
612 4028 782 4086 fuisse
819 4042 1037 4088 constat
1064 4050 1131 4089 ex
1168 4036 1422 4100 historia,
1448 4053 1559 4107 quo
1595 4038 1861 4093 nimirum
1892 4046 2033 4093 tem-

449 4136 583 4189 pore
612 4122 868 4178 salutaris
906 4124 1071 4194 hujus
1103 4126 1377 4182 doctrinae
1407 4128 1492 4183 vis
1522 4130 1666 4197 apud
1686 4145 1879 4187 omnes
1913 4131 2031 4201 jam

449 4212 556 4265 late
610 4215 841 4283 populos
885 4227 1182 4287 gentesque
1205 4228 1485 4288 regnaret.
1521 4218 1710 4292 Neque
1741 4237 1873 4277 vero
1927 4225 2031 4279 hoc

450 4304 574 4360 istis
635 4305 896 4377 eﬂ‘ugium
957 4319 1225 4379 superest,
1269 4319 1331 4366 ut
1393 4326 1504 4366 non
1549 4314 1658 4368 nisi
1718 4316 1879 4371 malis
1921 4316 2033 4372 dae-

448 4403 707 4458 monibus
770 4405 985 4459 litatum
1040 4407 1300 4463 humanis
1349 4409 1593 4466 victimis
1646 4426 1770 4468 esse
1817 4414 2026 4484 dicant,

2146 540 2241 593 καὶ
2286 539 2520 610 πάμπαν
2566 539 2627 604 ἐξ
2665 539 2971 611 ἀνθρώπων
3012 537 3298 607 ἀφανίζειν
3341 538 3439 611 τὴν
3478 538 3554 603 ὡς
3600 538 3735 609 περὶ

2145 628 2286 685 θεῶν
2324 631 2506 684 αὐτῶν
2539 632 2792 703 μνήμην,
2828 631 2924 684 καὶ
2956 629 3056 701 τὴν
3087 630 3508 701 άπονεμομένην
3545 630 3734 693 αὐτοῖς

2143 723 2309 795 τιμὴν
2337 721 2747 794 ἐνομοθέτησεν.
2774 720 2908 774 Οὐδὲ
2934 722 3044 792 γὰρ
3075 721 3201 783 τούς
3230 719 3466 789 φαύλους
3496 720 3736 791 ἀπομει-

2144 814 2423 868 λίσσεσθαι
2456 815 2603 869 ὅσιον
2635 811 2703 886 ἦν
2723 816 2850 878 τοὺς
2880 817 2993 878 τοῖς
3027 812 3254 882 ἀγαθοῖς
3292 830 3357 884 με
3369 812 3731 884 μελημένους.

2142 905 2271 960 Εἴτε
2298 906 2354 960 δὲ
2387 907 2484 959 καὶ
2514 906 2779 978 Φίλαρχος
2802 947 2817 971 ,
2848 907 2958 960 είτε
3004 906 3253 960 ὁστισοῦν
3283 908 3487 978 ἱστορεῖ
3517 906 3734 970 πάντας

2142 997 2269 1060 τοὺς
2302 996 2568 1068 Ἕλληνας
2588 1036 2603 1061 ,
2636 998 2765 1069 πρὶν
2791 997 2885 1050 ἐπὶ
2912 999 3040 1061 τοὺς
3068 996 3337 1068 πολέμους
3367 996 3603 1061 ἐξιέναι,
3633 997 3734 1050 ἅν-

2144 1088 2571 1161 θρωποκτονεῖν,
2632 1090 2727 1142 καὶ
2774 1087 2963 1143 τοῦτον
3017 1089 3268 1162 μάρτυρα
3313 1088 3415 1159 τῆς
3463 1088 3734 1161 Ἐλλήνων

2143 1180 2466 1251 δαιμονικῆς
2516 1181 2810 1252 ἐπιληψίας
2845 1181 2920 1252 μὴ
2950 1181 3100 1236 ὄκνει
3130 1180 3617 1253 παραλαμϐάνειν·
3652 1181 3732 1253 μὴ

2144 1274 2380 1346 παρίδῃς
2411 1273 2545 1344 μηδὲ
2579 1275 2705 1335 τοὺς
2733 1273 2875 1327 κατά
2905 1274 3003 1343 τὴν
3040 1271 3324 1343 Ἀφρικὴν,
3356 1272 3482 1337 τούς
3501 1289 3560 1325 τε
3579 1271 3728 1344 Θρᾷ-

2144 1381 2247 1427 κας
2292 1365 2532 1428 καὶτοὺς
2562 1362 2774 1427 Σκύθας
2801 1362 2870 1417 τά
2901 1364 3063 1434 ὅμοια
3097 1364 3456 1435 πράττοντας,
3484 1366 3604 1427 ταῖς
3629 1365 3730 1418 αὐ-

2142 1457 2265 1517 ταῖς
2288 1455 2397 1506 τῶν
2423 1454 2692 1525 δαιμόνων
2716 1453 2955 1524 ὑπῆχθαι
2980 1454 3199 1524 μανίαις
3229 1454 3731 1522 άποφαίνεσθαι·ὡς

2144 1547 2238 1600 καὶ
2276 1545 2624 1616 Ἀθηναίους,
2659 1546 2754 1599 καὶ
2785 1547 2911 1610 τοὺς
2940 1546 3083 1600 κατὰ
3121 1545 3219 1616 τὴν
3250 1546 3510 1617 Μεγάλην
3542 1546 3728 1611 πόλιν,

2144 1641 2193 1693 εί
2213 1639 2276 1711 δὴ
2305 1640 2399 1693 καὶ
2423 1634 2566 1693 οὗτοι
2588 1639 2729 1693 κατὰ
2756 1638 2851 1692 τοῦ
2881 1639 3134 1707 Μεγάλου
3154 1638 3273 1703 Διὸς
3304 1638 3496 1711 ἑορτάς
3515 1637 3731 1710 ἀνθρὼ-

2145 1748 2278 1795 πους
2313 1728 2569 1799 ἔσφαζον.
2614 1730 2775 1784 Ἀλλά
2808 1722 2918 1803 γὰρ
2953 1730 3277 1799 συναγαγὼν
3302 1730 3440 1800 ὁμοῦ
3468 1730 3560 1782 τὸν
3589 1729 3730 1783 πάν-

2142 1840 2250 1876 των
2280 1824 2387 1876 τῶν
2415 1824 2831 1896 προειρημένων
2864 1823 3182 1892 κατάλογον,
3220 1823 3400 1894 εὕροις
3427 1821 3514 1887 ἂν,
3540 1823 3732 1894 σχεδὸν

2142 1918 2351 1980 εἰπεῖν,
2394 1918 2574 1970 πᾶσαν
2605 1918 2705 1986 τὴν
2742 1916 2852 1971 τῶν
2886 1917 3054 1971 ὲθνῶν
3085 1916 3360 1972 θεοποιίαν
3386 1916 3598 1981 τούτοις
3628 1918 3732 1970 αὐσ-

2140 2012 2251 2072 τοῖς
2270 2012 2381 2072 τοῖς
2400 2009 2496 2062 άνθ
2507 2010 2868 2079 ρωποκτόνοις
2896 2010 3175 2081 πνεύμασι
3208 2011 3304 2064 καὶ
3333 2012 3446 2073 τοῖς
3471 2012 3733 2082 πονηροῖς

2140 2099 2435 2170 δαιμονίοις
2479 2100 2866 2173 ἀνακειμένην.
2918 2103 2981 2156 Ei
3028 2103 3138 2174 γὰρ
3181 2103 3240 2157 ὲν
3296 2103 3496 2173 Ῥόδῳ,
3534 2104 3631 2157 καὶ
3674 2107 3733 2163 ἐν

2143 2190 2437 2260 Σαλαμῖνι,
2471 2192 2565 2245 καὶ
2601 2194 2723 2257 ταῖς
2755 2193 2943 2259 άλλαις
2975 2197 3163 2266 νήσοις
3185 2236 3200 2260 ,
3237 2195 3293 2248 ἐν
3318 2212 3377 2249 τε
3421 2195 3601 2249 Ἠλίου
3627 2197 3728 2250 πό-

2142 2282 2223 2335 λει
2271 2285 2335 2353 τῇ
2391 2285 2512 2336 κατ’
2542 2285 2815 2352 Αἴγυπτον
2834 2325 2848 2349 ,
2880 2286 2936 2339 ἐν
2968 2303 3027 2339 τε
3057 2286 3174 2357 Χίῳ
3193 2327 3208 2350 ,
3237 2288 3330 2340 καὶ
3357 2286 3599 2358 Τενέδῳ,
3636 2289 3730 2341 καὶ

2141 2372 2539 2443 Λακεδαίμονι,
2571 2375 2663 2427 καὶ
2701 2376 2992 2448 Ἀρκαδίᾳ,
3027 2377 3249 2447 Φοινίκῃ
3280 2394 3339 2429 τε
3390 2378 3482 2430 καὶ
3528 2376 3725 2450 Λιϐύῃ,

2143 2465 2236 2517 καὶ
2262 2465 2398 2538 πρὸς
2432 2466 2645 2530 τούτοις
2676 2468 2880 2522 ἅπασιν
2909 2472 2967 2523 ἐν
3005 2469 3179 2540 Συρίᾳ
3211 2470 3306 2523 καὶ
3344 2470 3608 2543 Ἀραϐίᾳ,
3635 2473 3729 2525 καὶ

2144 2560 2295 2629 παρά
2322 2576 2385 2628 γε
2414 2563 2526 2624 τοῖς
2553 2561 2890 2634 Πανέλλησιν
2947 2561 3255 2631 Ἀθηναίοις
3296 2563 3444 2633 (29),
3491 2564 3586 2617 καὶ
3633 2563 3725 2616 ἐπὶ

2139 2650 2344 2706 τούτων
2369 2656 2482 2717 τοῖς
2514 2654 2994 2725 κορυφαιοτάτοις,
3037 2655 3179 2709 κατά
3235 2667 3337 2724 γει
3366 2656 3683 2730 Καρχηδόνα
3706 2697 3722 2720 ,

2140 2744 2237 2797 καὶ¹
2260 2744 2360 2816 τὴν
2390 2746 2677 2819 Ἀφρικὴν,
2704 2748 2798 2801 καὶ
2822 2748 2974 2819 παρὰ
3000 2747 3173 2821 Θρᾳξὶ
3203 2748 3299 2802 καὶ
3324 2748 3557 2813 Σκύθαις
3589 2749 3723 2802 ἀπο-

2137 2832 2406 2890 δέδεικται
2450 2837 2519 2890 τά
2562 2837 2664 2908 τῆς
2712 2838 3034 2909 δαιμονικῆς
3078 2838 3549 2910 άνθρωποκτονίας
3586 2839 3726 2893 κατά

2140 2926 2265 2991 τούς
2304 2928 2568 2993 παλαιοὺς
2596 2930 2822 3001 χρόνους
2857 2930 3270 3001 ἐπιτελούμενα,
3306 2932 3401 2985 καὶ
3435 2932 3600 3003 μέχρι
3627 2930 3721 2984 τοῦ

2138 3014 2392 3089 Σωτῆρος
2416 3018 2574 3088 ἡμῶν
2598 3020 3006 3091 παρατείναντα
3025 3037 3039 3049 ·
3070 3019 3190 3084 πῶς
3213 3021 3312 3074 οὐκ
3342 3020 3582 3089 εὐλόγως
3602 3022 3725 3085 τούς

2139 3106 2346 3173 πάντας
2384 3109 2561 3174 εἴποις
2599 3110 2666 3165 ἂν
2702 3114 2824 3164 τότε
2857 3115 2968 3177 τοῖς
3007 3114 3264 3185 πονηροῖς
3300 3111 3518 3182 δαίμοσι
3549 3112 3722 3166 δεδου-

2139 3197 2343 3253 λῶσθαι
2363 3239 2378 3264 ,
2418 3202 2479 3254 οὐ
2508 3202 2771 3274 πρότερόν
2798 3220 2858 3256 τε
2893 3203 3105 3257 παῦλαν
3137 3204 3246 3257 τῶν
3274 3203 3543 3258 τοσούτων
3576 3206 3729 3273 γενέ-

2141 3288 2261 3343 σθαι
2286 3291 2365 3363 τῷ
2395 3292 2495 3364 βίῳ
2519 3293 2705 3348 κακῶν
2725 3336 2739 3359 ,
2770 3294 2802 3366 ἢ
2834 3295 2933 3366 τὴν
2962 3296 3056 3351 τοῦ
3095 3297 3344 3368 Σωτῆρος
3371 3298 3403 3368 ἡ
3414 3296 3530 3366 μῶν
3561 3313 3727 3350 κατα-

2137 3377 2348 3450 λάμψαι
2380 3380 2768 3448 διδασκαλίαν;
2812 3384 2934 3435 Ὀτι
2976 3382 3041 3455 δὴ
3087 3383 3248 3455 μέχρι
3287 3384 3395 3437 τῶν
3446 3384 3725 3457 Ἀδριανοῦ

2138 3472 2345 3542 χρόνων
2371 3471 2643 3544 διαμεῖναι
2673 3474 2845 3528 ταῦτα
2865 3475 3150 3530 ’λελύσθαι
3178 3477 3221 3529 δ’
3251 3475 3312 3541 ἐξ
3343 3477 3553 3531 ἐκείνου
3584 3495 3727 3551 παρ-

2144 3563 2372 3635 έστησεν
2429 3565 2458 3617 ὁ
2486 3566 2584 3635 τῆς
2618 3567 2859 3639 ίστορίας
2884 3568 3059 3637 λόγος.
3092 3564 3261 3633 Οὗτος
3304 3569 3370 3642 δὴ
3402 3570 3635 3641 μάλιστα
3657 3566 3725 3643 ἦν

2138 3656 2166 3707 ό
2191 3655 2410 3726 χρόνος,
2440 3655 2562 3709 καθ’
2594 3655 2653 3710 ὃν
2680 3659 2711 3729 ὴ
2746 3659 3011 3730 σωτήριος
3040 3659 3121 3722 είς
3154 3659 3363 3723 πάντας
3405 3657 3726 3733 ἀνθρώπους

2138 3747 2353 3815 ⁸ίλκμασε
2385 3745 2721 3804 διδασκαλία,
2751 3750 2861 3802 Καὶ
2897 3751 3003 3821 μὴν
3024 3751 3146 3804 οὐδὲ
3167 3751 3391 3805 δυνατὸν
3430 3753 3615 3816 αὐτοῖς
3646 3755 3723 3805 εί-

2137 3840 2286 3901 πείν,
2326 3838 2402 3902 ὡς
2438 3842 2549 3902 τοῖς
2590 3844 2845 3911 πονηροῖς
2888 3840 3137 3912 δαίμοσιν
3178 3842 3366 3896 ἔθυον
3395 3843 3580 3906 αὐτοῖς
3612 3842 3720 3915 γάρ

2140 3927 2375 3997 μάλιστα
2410 3932 2522 3993 τοῖς
2562 3931 2842 4001 μεγίστοις
2872 3931 3013 3996 θεοῖς
3049 3935 3082 4005 ἡ
3132 3934 3341 4005 ἱστορία
3372 3933 3473 3998 τάς
3513 3933 3723 4007 ἀνθρω-

2136 4020 2399 4084 ποθυσίας
2427 4021 2697 4091 ἐδήλωσεν
2727 4022 3112 4078 ἐπιτελεῖσθαι.
3164 4024 3398 4079 Θύεσθαι
3423 4025 3533 4098 γάρ
3553 4026 3721 4099 ἔφησε

2134 4113 2200 4181 τῇ
2238 4112 2386 4182 Ἤρᾳ
2423 4112 2515 4166 καὶ
2556 4115 2622 4184 τῇ
2669 4113 2887 4185 Ἀθηνᾷ,
2923 4116 3117 4187 Κρόνῳ
3164 4133 3224 4170 τε
3264 4118 3356 4172 καὶ
3388 4120 3579 4191 "Aper,
3626 4122 3721 4173 καὶ

2135 4200 2407 4271 Διονύσῳ,
2455 4202 2550 4255 καὶ
2588 4202 2736 4274 αὐτῷ
2768 4222 2832 4272 γε
2876 4204 2956 4275 τῷ
2983 4207 3076 4258 ἐπὶ
3110 4207 3327 4262 πάντων
3360 4210 3474 4274 Διὶ,
3518 4211 3611 4264 καὶ
3642 4209 3720 4281 τῷ

2132 4293 2307 4364 Φοίϐῳ
2328 4339 2341 4359 ,
2389 4293 2467 4365 τῷ
2510 4294 2574 4367 δὴ
2619 4298 2933 4370 σεμνοτάτῳ
2987 4299 3207 4353 πάντων
3267 4301 3360 4355 καὶ
3426 4302 3720 4373 σοφωτάτῳ

2148 4383 2478 4439 Ἀπόλλωνι·
2494 4386 2716 4452 τούτους
2735 4388 2790 4442 δὲ
2815 4389 2925 4460 (30)
2950 4391 3043 4444 καὶ
3067 4390 3186 4444 οὐδὲ
3208 4390 3400 4457 ἄλλους
3422 4395 3547 4457 τοὺς
3570 4394 3718 4465 μεγί-

447 4511 572 4551 cum
601 4497 855 4552 maximis
882 4500 1182 4567 praesertim
1197 4501 1505 4573 quibusque
1521 4504 1629 4559 diis
1648 4514 1918 4561 mactatos
1936 4478 2033 4561 ho;

2138 4493 2295 4541 στους
2320 4495 2378 4531 τε
2407 4478 2500 4533 καὶ
2530 4480 2767 4548 ἀγαθοὺς
2798 4482 3051 4554 σωτῆρας
3078 4483 3234 4549 θεοὺς
3270 4486 3714 4557 ἀναγορεύουσιν.

448 4588 626 4642 mines
653 4588 824 4644 fuisse
855 4604 921 4644 ex
952 4591 1172 4647 illorum
1198 4594 1445 4650 historiis
1473 4596 1802 4655 habeamus.
1838 4598 2030 4656 Testes

445 4683 593 4733 cnim
622 4693 702 4733 ea:
734 4688 885 4743 sunt,
919 4677 1124 4735 Junoni
1151 4698 1215 4738 ac
1241 4683 1515 4753 Minervae,
1570 4686 1832 4755 Saturno,
1870 4690 2029 4746 Marti

446 4778 612 4838 atque
666 4768 906 4838 Baccho,
947 4768 1180 4841 Iovique
1231 4774 1369 4829 adeo
1413 4785 1738 4832 caeterorum
1783 4780 2027 4836 omnium

449 4862 712 4932 principi,
744 4879 848 4918 nec
898 4878 1009 4917 non
1061 4864 1165 4933 ipsi
1220 4865 1449 4933 thbo,
1473 4867 1742 4938 Apollini,
1779 4871 2026 4941 inquam,

464 4951 547 5019 lli,
578 4955 674 5024 qui
699 4962 912 5009 tantum
941 4956 1212 5025 gravitate
1248 4958 1474 5028 reliquis
1507 4976 1573 5015 ac
1618 4962 1883 5031 sapientia
1925 4979 2027 5017 an—

440 5042 634 5108 teibat,
658 5060 830 5116 genus
863 5044 916 5100 id
949 5045 1254 5100 hostiarum
1286 5048 1583 5117 placuisse,
1618 5066 1761 5120 quos
1803 5052 2014 5121 utique,

515 5189 544 5222 ι
586 5179 670 5233 ῖσ.
699 5197 779 5234 τε.

515 5337 627 5414 (29)
644 5338 1041 5414 _H¢;ré1.1n0tr
1074 5344 1418 5410 Ἀθηναίοις.
1447 5343 1524 5400 Ita
1553 5361 1689 5401 mss.
1708 5345 1891 5414 ambo,
1915 5347 2021 5402 nisi

444 5408 590 5489 quod
644 5410 843 5463 habent
855 5411 956 5489 ἔτι
987 5428 1086 5489 pro
1113 5408 1430 5489 ἐπίηι-θρῐε.
1484 5417 1638 5470 Alter
1668 5431 1808 5489 vero
1831 5458 1847 5484 ,
1877 5408 2023 5489 ’παρ’

446 5477 723 5556 ςίελλησιν,
743 5495 839 5556 pro
854 5477 1221 5555 Πανέλλησιν,
1234 5485 1489 5547 Montac..
1508 5489 1638 5556 παρ’
1663 5477 1908 5556 Ἕλλησι,
1931 5477 2024 5542 καὶ

442 5548 664 5628 ἒτιιτοῖς
702 5550 905 5604 τούτων
953 5548 1403 5628 κορυφαιοτάτοις
1446 5548 1770 5628 Ἀθηναίοις.
1805 5548 1971 5614 Recte
2004 5578 2018 5613 :

445 5618 629 5700 malim
666 5623 1001 5700 tameti._:fal.
1026 5618 1184 5700 ’παρά
1203 5643 1267 5700 γε
1288 5618 1423 5700 Δτοῖς
1450 5618 1769 5700 Πανέλλησι,
1814 5631 1909 5683 κα).
1939 5628 2019 5684 ἔτι

443 5688 647 5772 ⁴ξὶούτων
665 5707 729 5772 ¹τ.
751 5674 806 5746 κβ
854 5674 1183 5772 Ἀθῂναέὄὶξῖ

443 5757 790 5816 Philarchum
834 5757 1099 5832 pcrti'net,
1134 5757 1226 5835 qui
1264 5767 1429 5836 paulo
1476 5778 1602 5825 ante
1656 5757 1864 5836 πάντάς
1892 5757 2018 5839 τοὺς

2134 4568 2297 4622 Αὐτοὶ
2317 4570 2362 4623 δ’
2390 4569 2497 4642 ἄρα
2531 4568 2641 4626 εἶεν
2686 4572 2752 4626 ἂν
2798 4574 2848 4626 oi
2906 4575 3133 4646 πονηροὶ
3192 4575 3463 4647 δαίμονες.
3514 4578 3577 4631 Ei
3607 4578 3717 4651 γάρ

2131 4658 2241 4711 οἵδε
2281 4659 2559 4725 τοιαύταις
2589 4661 3062 4732 άνθρωποθυσίαις
3102 4664 3197 4718 καὶ
3219 4664 3716 4737 άνθρωποκτονίαις

2131 4749 2366 4822 ἔχαιρον,
2399 4753 2516 4817 πῶς
2544 4753 2644 4807 οὐκ
2691 4754 2758 4809 ἂν
2810 4754 3008 4819 αὐτοὺς
3036 4757 3259 4822 εἰκότως
3297 4760 3364 4830 τῇ
3413 4758 3520 4812 τῶν
3552 4776 3713 4832 πονη-

2134 4844 2242 4914 ρῶν
2276 4846 2604 4916 πνευμάτων
2633 4847 2915 4918 μιαιφονίᾳ
2944 4847 3451 4921 καταριθμήσειας;
3480 4851 3591 4905 εἴτε
3619 4855 3717 4907 αὐ-

2127 4936 2212 4989 τοὶ
2242 4937 2454 5009 χαίρειν
2486 4937 2727 5006 λέγοιντο
2751 4940 2865 5001 τοῖς
2897 4938 3181 5003 τοιούτοις,
3234 4939 3345 4995 εἴτε
3387 4949 3714 5017 συγχωρεῖν,

2129 5028 2224 5081 καὶ
2244 5031 2508 5102 περιορᾷν
2548 5030 2756 5103 ἑτέροις
2805 5033 3087 5105 γινόμενα.
3129 5034 3195 5086 Τί
3254 5035 3363 5107 γὰρ
3408 5037 3547 5109 χρῆν
3582 5038 3717 5104 ὅλως

2128 5358 2393 5443 Ἕλληνας
2423 5360 2526 5416 hac
2542 5361 2832 5443 impietate
2874 5362 3151 5443 laborasse
3199 5368 3475 5443 narrabat.
3527 5370 3712 5443 Itaque

2124 5432 2442 5514 vertendum
2478 5431 2605 5514 erit,
2636 5432 2753 5514 Iino
2778 5442 2827 5486 et
2858 5437 2998 5514 apud
3025 5433 3235 5490 Grmcoa
3278 5441 3555 5514 universos
3576 5485 3592 5509 ,
3628 5431 3712 5514 ip-

2122 5516 2311 5581 sosque
2329 5501 2459 5581 niteo
2480 5502 2847 5581 Athenienses,
2882 5504 2972 5573 qui
3001 5521 3184 5559 eorum
3206 5509 3501 5581 principes,
3539 5501 3644 5569 etc.

2194 5572 2312 5651 (5οχ
2350 5572 2607 5651 Teutqu
2636 5571 2723 5626 δέ.
2759 5572 2869 5651 Alt.
2895 5571 2933 5629 ὀ
2963 5571 3241 5651 manuscr.
3284 5571 3431 5651 legit,
3474 5571 3710 5651 Τούτους

2120 5639 2322 5724 δὲίκαὶ
2353 5641 2459 5722 ρύκ
2491 5642 2702 5724 ἄλλους,
2728 5645 2853 5724 τοὺς
2883 5646 3172 5724 μεγίστους
3199 5639 3392 5717 θεούξ,
3416 5639 3429 5649 ’
3447 5639 3707 5724 ἁγαθοὺςξ

2122 5712 2215 5766 καὶ
2240 5711 2493 5785 σωτῆρας
2517 5711 2976 5788 άναγορεύουσίνί
2996 5715 3183 5776 Recte.
