4156 6410
463 367 569 423 230

1628 363 1947 421 ΡΒΑΞΡΑΒ.
1987 365 2238 421 EVANG.
2282 366 2411 420 ΠΒ.
2447 363 2535 419 ιν.

3617 367 3726 422 290

459 486 771 561 ἐπιτρέπειν
798 486 1102 559 ἀνθρώποις
1139 486 1454 541 ἱλάσκεσθαι
1504 487 1574 541 τὰ
1628 487 1840 559 πονηρά
1878 488 2023 541 πνεύ-

2144 504 2249 541 non
2284 489 2441 550 alios,
2476 486 2575 558 ipsi
2618 502 2740 541 cum
2774 486 3044 542 maximos
3090 486 3380 556 bonosque
3410 486 3561 551 deos,
3602 496 3716 542 tum

462 596 640 651 ματα;
666 578 729 630 Τί
748 578 805 632 δὲ
857 577 1111 632 τοσοῦτον
1145 578 1466 643 πλανᾶσθαι,
1501 578 1577 642 ὼς
1598 577 1920 649 θεραπεύειν
1948 578 2042 631 καὶ

456 670 772 725 κολακεύειν
803 670 929 734 τοὺς
955 668 1229 740 φαύλους;
1266 670 1330 723 Τί
1361 671 1419 724 δὲ
1440 673 1554 735 τοῖς
1584 673 1839 743 πονηροῖς
1868 687 2040 724 κατα-

455 761 804 826 δουλοῦσθαι;
842 761 962 815 δέον
995 762 1233 831 ἀγαθοὺς
1265 762 1427 826 ὄντας
1476 763 1573 816 καὶ
1618 762 1795 827 θεοὺς,
1824 764 2040 834 πορρω-

466 854 600 907 τάτω
630 853 732 922 τῆς
763 852 1067 925 ἀνθρώπων
1124 852 1429 925 διατριϐῆς,
1490 854 1598 907 πᾶν
1652 854 1680 907 ὅ
1729 871 1782 906 τι
1835 853 2039 922 φαῦλον

459 946 548 998 καὶ
584 945 818 1016 πονηρὸν
838 945 1064 1014 δυνάμει
1091 944 1361 1017 κρείττονι
1399 945 1494 998 καὶ
1525 944 1772 1017 θειοτέρα
1803 945 2040 999 ἀπελαύ-

455 1053 585 1091 νειν.
609 1032 688 1088 Ἥ
719 1036 899 1107 πατὴρ
926 1037 1024 1107 μὲν
1057 1034 1259 1105 ἀγαθὸς
1297 1036 1397 1089 οὐκ
1455 1036 1521 1090 ἂν
1554 1037 1659 1089 ὑπὸ
1701 1036 1924 1105 φαύλοις
1947 1038 2040 1091 ἀν-

452 1125 609 1197 δράσι
645 1126 998 1199 φθειρόμενον
1033 1126 1261 1200 περιίδοι
1290 1125 1354 1181 ἂν
1385 1128 1477 1180 τὸν
1510 1127 1674 1182 αὐτοῦ
1709 1129 1892 1183 παῖδα·
1918 1130 2037 1183 οὐδὲ

450 1215 541 1270 τὸν
574 1217 790 1287 οἰκέτην
821 1218 1054 1289 σώφρων
1076 1216 1346 1288 δεσπότης
1374 1217 1479 1271 ὑπὸ
1525 1221 1638 1278 τοῖς
1670 1218 1884 1289 ἐχθροῖς
1908 1219 2039 1287 ἀγό-

455 1327 614 1381 μενον
641 1309 979 1381 περιόψεται·
1011 1310 1134 1363 ούδέ
1175 1327 1240 1379 γε
1280 1309 1587 1382 στρατηγὸς
1614 1310 1745 1381 (51),
1798 1311 2034 1382 πολέμου

452 1400 719 1472 παρόντος
750 1401 875 1465 τοὺς
895 1400 1129 1463 οἰκείους
1184 1400 1574 1465 διασώσασθαι,
1604 1403 1719 1464 τοῖς
1759 1401 2036 1472 πολεμίοις

452 1492 833 1564 αἰχμαλώτους
859 1492 1070 1563 ἀνήσει·
1108 1492 1230 1546 οὐδὲ
1267 1491 1469 1563 ποιμὴν
1500 1491 1569 1545 τά
1606 1491 1899 1564 θρέμματα
1923 1496 2036 1557 τοῖς

450 1582 653 1648 λύκοιςο
691 1582 803 1636 θεοὶ
857 1583 914 1636 δὲ
963 1583 1074 1653 ἄρα
1127 1583 1220 1637 καὶ
1253 1581 1449 1652 ἀγαθοί
1478 1582 1729 1653 δαίμονες
1772 1583 1877 1636 ὑπὸ
1923 1586 2034 1648 τοῖς

456 1677 746 1747 μοχθηροῖς
779 1677 872 1731 καὶ
908 1675 1131 1746 φαύλοις
1183 1676 1442 1749 ἀνήσουσι
1475 1675 1535 1729 τὸ
1580 1675 1688 1729 τῶν
1732 1674 2036 1747 ἀνθρώπων

454 1765 609 1834 γένος
628 1782 643 1830 ;

2148 590 2455 634 servatores
2486 579 2649 633 etiam
2684 594 2749 632 ac
2771 578 3011 633 vindices
3051 580 3325 649 appellare
3347 580 3543 633 solent.
3567 579 3725 651 165

2149 668 2252 723 Sed
2283 670 2544 724 nimirum
2573 671 2813 739 improbi
2849 672 3125 725 daemones
3159 679 3318 724 erant
3357 670 3447 724 isti
3478 686 3722 740 quoque.

2146 758 2281 814 Nam
2317 763 2363 815 si
2399 762 2640 817 humano
2691 763 2854 817 etiam
2911 777 3108 817 cruore
3149 769 3435 831 tantopere
3485 763 3729 817 delecta-

2145 850 2363 917 bantur,
2412 851 2603 921 quidni
2649 852 2902 907 similiter
2933 867 3124 906 verum
3163 852 3350 907 siteos
3384 852 3438 905 in
3474 851 3723 907 eamdem

2144 959 2270 997 cum
2329 944 2610 999 sceleratis
2662 959 2728 998 ac
2792 944 2979 999 tinctis
3041 944 3308 1014 sanguine
3380 944 3726 999 daemonibus

2146 1035 2376 1089 classem
2412 1033 2857 1102 conjicere?Nec
2886 1050 3019 1090 sane
3065 1036 3313 1099 interest,
3351 1036 3726 1105 gauderentne

2147 1126 2249 1195 ipsi
2291 1127 2397 1181 hoc
2428 1127 2823 1182 sacriﬁciorum
2857 1142 3076 1197 genere,
3101 1141 3168 1181 an
3197 1127 3320 1182 aliis
3352 1128 3460 1181 isto
3497 1129 3604 1182 ritu
3635 1128 3727 1181 ﬁe-

2144 1219 2188 1271 ri
2216 1228 2547 1287 paterentur.
2592 1218 2905 1285 Enimvero,
2944 1218 3199 1273 decuitne
3249 1219 3598 1286 mortalibus,
3644 1223 3723 1273 uti

2143 1308 2381 1365 nefarios
2410 1311 2635 1380 spiritus
2669 1312 2979 1380 placarent,
3017 1310 3129 1363 ullo
3165 1310 3328 1364 modo
3360 1311 3723 1379 permittere!

2143 1400 2405 1457 Decuitne
2436 1412 2645 1457 tantum
2678 1405 2731 1456 in
2757 1403 2822 1456 iis
2850 1416 3092 1456 errorem
3117 1401 3488 1463 dissimulare,
3519 1412 3579 1457 ut
3603 1404 3723 1458 cul-

2142 1502 2200 1547 tu
2225 1504 2275 1547 et
2303 1494 2568 1564 obsequio
2598 1496 2880 1564 improbos
2906 1491 3235 1548 delinirent?
3266 1493 3552 1557 Decuitne,
3591 1510 3720 1550 cum

2142 1584 2435 1654 impiorum
2465 1602 2587 1641 sese
2615 1586 2890 1657 tyrannidi
2925 1584 3280 1654 subjicerent,
3310 1583 3455 1639 ferre
3479 1586 3668 1641 leviter
3692 1587 3721 1641 ἲ

2143 1688 2268 1728 cum
2323 1675 2444 1731 illos
2493 1676 2697 1746 potius,
2744 1677 2790 1731 si
2842 1677 3063 1747 quidem
3095 1683 3148 1728 et
3172 1676 3302 1731 boni
3325 1685 3379 1731 et
3403 1676 3480 1731 dii
3513 1676 3717 1743 forent,

2074 1760 2114 1813 Β
2143 1766 2465 1837 longissime
2510 1777 2785 1839 oporteret
2831 1770 2900 1825 ab
2955 1771 3199 1827 humana
3254 1772 3531 1837 societate,
3562 1771 3723 1841 quid-

450 1856 581 1925 quid
615 1854 766 1927 pravi
797 1856 1038 1926 malique
1084 1862 1249 1921 esset,
1297 1853 1588 1926 potentiori
1635 1869 1700 1909 ac
1752 1854 2009 1909 diviniori
2048 1854 2284 1914 Numine
2318 1862 2846 1930 propulsare?Quid
2877 1864 3064 1918 enim?
3106 1863 3285 1932 Pater,
3311 1865 3358 1919 si
3415 1866 3579 1921 modo
3620 1867 3722 1922 bo-

455 1963 560 2002 nus
606 1947 792 2014 fuerit,
836 1964 1118 2019 nunquam
1151 1963 1181 2003 a
1206 1948 1433 2019 perditis
1476 1948 1791 2004 hominibus
1825 1951 1968 2006 male
2035 1952 2205 2007 lilium
2278 1954 2467 2011 haberi
2531 1957 2816 2026 patiatur:
2850 1973 3040 2029 aequus
3078 1959 3430 2029 prudensque
3460 1960 3720 2016 dominus

457 2059 677 2098 servum
719 2044 788 2099 ab
832 2043 1073 2099 inimicis
1103 2044 1289 2099 vexari
1325 2044 1590 2101 abducive
1629 2062 1914 2117 nunquam
1982 2046 2167 2104 ferat:
2202 2050 2496 2121 imperator
2539 2067 2767 2107 suorum
2828 2053 2886 2108 in
2944 2053 3089 2108 bello
3133 2054 3368 2109 salutem
3417 2051 3711 2109 defendere

452 2153 518 2192 ac
556 2138 697 2192 tueri
762 2138 809 2194 si
847 2139 1066 2208 poterit,
1107 2138 1163 2193 in
1212 2139 1451 2195 hostium
1511 2156 1605 2195 eos
1672 2149 1996 2211 potestatem
2033 2146 2220 2199 venire
2266 2161 2375 2200 non
2420 2147 2609 2201 sinat:
2642 2158 2831 2218 pastor
2872 2164 2941 2203 ne
2981 2164 3110 2205 oves
3163 2150 3382 2220 quidem
3411 2165 3541 2206 suas
3572 2150 3717 2221 lupis

450 2233 673 2303 objiciat
697 2251 713 2292 :
741 2243 797 2290 et
816 2233 892 2289 dii
919 2247 1099 2289 tamen
1126 2235 1364 2305 bonique
1406 2237 1682 2292 daemones
1707 2237 2006 2293 humanum
2044 2255 2214 2310 genus
2281 2241 2608 2313 gravissimo
2671 2243 3081 2299 teterrimorum
3131 2244 3441 2300 daemonum
3470 2246 3605 2319 jugo
3625 2262 3719 2317 op-

452 2341 675 2397 pressos
699 2326 883 2397 jacere
910 2328 1225 2397 patientur?
1258 2329 1322 2384 Et
1342 2332 1589 2386 sexcenti

449 2424 562 2478 Καὶ
606 2427 659 2479 οι
707 2425 1042 2494 τρισμύριοι
1426 2426 1537 2499 (32)
1610 2430 1891 2499 μερόπων
1928 2430 2035 2486 ἀν-

2336 2421 2591 2481 Custodes
2606 2427 2900 2496 hominum,
2932 2446 3063 2501 quos
3096 2430 3280 2503 lingua
3307 2432 3544 2501 diremit,

445 2607 494 2659 οἰ
524 2606 588 2679 δὴ
611 2608 868 2680 ποιμένες
906 2609 1000 2664 καὶ
1032 2609 1298 2681 σωτῆρες,
1351 2610 1590 2682 βασιλεῖς
1622 2630 1681 2667 τε
1710 2615 1805 2668 καὶ
1856 2615 2028 2670 πατέ-

449 2714 559 2767 ρες,
592 2700 685 2754 καὶ
740 2700 941 2773 κύριοι,
981 2706 1091 2767 τοῖς
1154 2703 1369 2776 ἐχθροῖς
1426 2705 1521 2759 καὶ
1573 2705 1874 2778 πολεμίοις,
1938 2708 2030 2762 καὶ

444 2787 659 2860 ἀγρίοις
696 2789 890 2863 θηρσὶν
918 2792 1158 2858 ἀνηλεῶς
1181 2793 1354 2858 οὕτως
1402 2796 1497 2848 καί
1543 2795 1711 2867 ὠμῶς
1756 2796 1910 2865 ἄγειν
1935 2797 2029 2851 καί

2141 2614 2414 2677 pastores,
2444 2605 2691 2677 inquam,
2720 2606 2821 2669 illi,
2852 2605 3120 2669 vindices,
3150 2620 3326 2677 reges,
3358 2612 3632 2675 parentes,
3649 2617 3716 2660 ac

2134 2696 2363 2763 domini,
2393 2712 2533 2766 quos
2555 2696 2712 2766 longe
2734 2697 3093 2752 charissimos
3125 2696 3381 2762 habeant,
3410 2710 3506 2751 eos
3535 2695 3717 2751 infen-

2136 2790 2374 2847 sissimis
2409 2790 2683 2855 hostibus,
2709 2806 2774 2845 ac
2805 2790 3133 2845 truculentis
3166 2789 3362 2843 belluis
3386 2788 3537 2844 omni
3580 2805 3715 2843 cru-

446 2880 633 2952 φέρειν
658 2881 726 2935 τά
756 2883 985 2952 φίλτατα
1011 2884 1430 2957 παραδώσουσις
1488 2888 1623 2959 Οὐχὶ
1653 2888 1711 2942 δὲ
1758 2889 2023 2961 προπολε-

2134 2883 2354 2937 delitate
2379 2898 2444 2936 ac
2469 2882 2687 2937 diritate
2716 2882 2994 2937 vexandos
3011 2881 3448 2951 cruciandosque
3466 2882 3716 2937 tradent?

448 2976 707 3045 μήσουσιν
741 2975 1205 3047 ὑπερασπίζοντες
1234 2977 1343 3031 τῶν
1395 2977 1747 3049 προσφύγων,
1783 2981 2023 3046 καὶτοὺς

2132 2974 2271 3036 Imo,
2302 2987 2410 3027 non
2437 2974 2755 3043 pugnabant
2783 2972 2886 3041 ipsi
2926 2988 3026 3042 pro
3057 2972 3384 3027 clientibus!
3436 2987 3546 3027 non
3595 2974 3714 3029 suis

447 3066 546 3136 μὲν
577 3065 803 3138 ἐχθροὺς
828 3068 924 3121 καὶ
951 3069 1221 3139 πονηροὺς
1260 3068 1521 3141 δαίμονας
1580 3071 1680 3142 τῆς
1722 3070 2023 3143 ἀνθρώπων

2130 3080 2227 3120 eos
2265 3067 2434 3119 armis
2491 3080 2557 3119 ac
2607 3063 2930 3119 defensione
2981 3065 3196 3134 tegent!
3243 3079 3353 3118 non
3382 3062 3613 3120 infestos
3646 3080 3713 3122 ac

441 3155 666 3227 ἀγέλης,
694 3155 913 3229 μακρὰν
933 3156 1124 3227 ῶσπερ
1146 3158 1297 3222 τινὰς
1327 3158 1643 3231 ῶμοϐὀρους
1673 3161 1767 3214 καὶ
1800 3162 2023 3233 ἀγρίους

2130 3157 2422 3214 sceleratos
2456 3157 2732 3211 daemones
2754 3155 2945 3226 procul
2969 3156 3038 3211 ab
3070 3155 3354 3210 hominum
3380 3172 3559 3227 grege,
3590 3165 3713 3211 tan-

442 3246 617 3318 θῆρας
646 3246 1025 3313 ἀποδιώξουσι,
1086 3249 1357 3315 διδάξουσι
1408 3250 1467 3304 δὲ
1502 3252 1681 3307 πάντα
1735 3253 2023 3325 ἄνθρωπον

2131 3262 2296 3316 quam
2335 3247 2604 3301 immanes
2635 3254 2689 3301 et
2732 3245 3054 3302 crudivoras
3101 3248 3367 3303 arcehunt
3396 3248 3567 3304 feras!
3602 3247 3713 3303 De-

442 3339 651 3411 μυρίων
678 3338 816 3393 θεῶν
841 3342 937 3394 καὶ
968 3340 1237 3413 δαιμόνων
1295 3343 1516 3412 ἀγαθῶν
1562 3344 1760 3417 πλήθει
1811 3364 2026 3419 προσῳ-

438 3431 756 3502 κειωμένον,
785 3432 1185 3505 ὲπιθαρσοῦντα
1216 3436 1329 3499 τοῖς
1369 3436 1431 3489 οὐ
1493 3435 1652 3508 μόνον
1695 3437 2023 3509 κρείττοσιν,

439 3522 574 3577 ἀλλά
605 3524 699 3577 καὶ
718 3523 957 3578 πλείοσιν
980 3524 1076 3579 καί⁹
1106 3526 1383 3597 μεγίστοις
1404 3526 1545 3593 θεοῖς
1579 3527 2020 3602 καθωσιωμένον,

440 3614 668 3688 σμικρά,
706 3615 904 3688 μᾶλλον
933 3616 991 3670 δὲ
1014 3617 1076 3670 τὸ
1108 3617 1278 3689 μηθὲν
1331 3621 1755 3691 ἐπιστρέφεσθαι
1782 3623 1884 3694 τῆς
1912 3624 2022 3679 τῶν

437 3706 692 3779 πονηρῶν
743 3707 1013 3779 δαιμόνων
1072 3710 1388 3777 ἀσθενείας;
1427 3713 1556 3766 Ὅτε
1614 3713 1672 3768 δὲ
1735 3715 1895 3769 τοῦτο
1944 3715 2020 3789 μὴ

435 3795 724 3870 ἔπραττον,
755 3801 1054 3873 συνήργουν
1078 3800 1122 3854 δ’
1155 3800 1390 3873 ἔμπαλιν
1408 3806 1520 3867 τοῖς
1552 3809 1810 3878 πονηροῖς
1842 3808 2017 3875 αὐτοὶ,

435 3888 524 3943 διὰ
554 3890 664 3944 τῶν
688 3891 952 3964 χρησμῶν
978 3893 1076 3959 τὰς
1098 3894 1429 3967 δηλωθείσας
1468 3896 1707 3963 ἀνιέντες
1732 3899 2019 3972 ἀνθρωπο-

436 3978 648 4045 θυσίας,
672 3980 950 4053 χαίροντὲς
982 4000 1041 4036 τε
1072 3985 1639 4057 αἰσχρορῤημοσύναις
1664 3988 1904 4052 ἀπάσαις
1925 3990 2019 4043 καὶ

433 4075 555 4138 ταῖς
585 4072 790 4127 τούτων
817 4073 1131 4139 ἀκολούθοις
1168 4076 1451 4147 πράξεσιν,
1502 4076 1671 4149 ἔργῳ,
1718 4079 1873 4148 φασὶ,
1923 4079 2012 4150 δῆ-

431 4164 546 4228 λον,
580 4164 657 4229 ὡς
683 4164 834 4219 οὐδέν
859 4182 912 4218 τι
937 4165 1032 4219 καὶ
1065 4165 1218 4218 αὐτοὶ
1252 4164 1470 4235 φαύλων
1494 4165 1763 4237 δαιμόνων
1787 4167 1883 4239 τὴν
1917 4167 2018 4240 φύ-

434 4269 519 4308 σιν
549 4253 791 4309 διέλαθον
808 4267 856 4297 ν
878 4253 1077 4326 μᾶλλον
1101 4253 1157 4307 δὲ
1187 4256 1316 4325 μιᾶς
1343 4255 1437 4309 καὶ
1463 4256 1563 4327 τῆς
1581 4257 1750 4329 αὐτῆς
1770 4257 2017 4331 ὑπῆρχον

2128 3340 2293 3410 nique
2335 3354 2446 3394 non
2487 3346 2719 3395 cunctos
2776 3340 3027 3395 homines
3079 3340 3405 3406 edocebunt,
3440 3340 3535 3411 qui
3583 3354 3710 3395 cum

2128 3431 2402 3487 sexcentis
2428 3430 2536 3486 diis
2563 3431 2837 3501 bonisque
2860 3432 3208 3488 daemonibus
3242 3447 3433 3487 amore
3472 3433 3711 3488 benevo-

2127 3523 2403 3593 lentiaque
2423 3522 2709 3593 conjuncti
2744 3524 2874 3589 sint,
2934 3524 3002 3579 iis
3062 3525 3216 3594 parvi
3248 3523 3567 3590 admodum,
3596 3525 3709 3581 imo

2126 3615 2281 3670 nihili
2324 3615 2486 3686 plane
2518 3615 2896 3685 improborum
2932 3616 3243 3670 daamonum
3273 3616 3706 3672 imbecillitatem

2068 3712 2075 3717 ’
2125 3705 2430 3762 faciendam
2455 3722 2598 3773 esse,
2633 3707 2834 3778 quippe
2865 3723 3006 3778 quos
3040 3722 3150 3762 non
3174 3710 3340 3764 modo
3374 3709 3705 3779 potentiori-

2123 3799 2248 3867 bus,
2272 3815 2463 3855 verum
2486 3802 2651 3857 etiam
2681 3801 2933 3873 pluribus
2965 3801 3143 3873 iisque
3172 3801 3430 3856 maximis
3459 3802 3705 3857 numini-

2122 3891 2226 3947 bus
2241 3902 2619 3961 consecratos,
2644 3908 2838 3949 eorum
2883 3910 2987 3964 ope
3028 3910 3091 3949 ac
3124 3894 3379 3965 praesidio
3431 3895 3704 3950 conlidere

2122 3987 2333 4057 nitique
2382 3988 2663 4058 oporteat!
2689 3987 2809 4042 Jam
2853 4003 2985 4044 vero
3010 4003 3136 4043 cum
3166 3988 3236 4043 ab
3266 4002 3334 4044 eo
3364 3996 3574 4043 tantum
3604 3987 3703 4042 ab-

2120 4077 2344 4147 fuerint,
2378 4088 2441 4134 ut
2473 4095 2631 4136 suam
2661 4080 2765 4149 ipsi
2793 4095 3016 4150 quoque
3047 4081 3329 4135 sceleratis
3351 4093 3573 4148 cperam
3604 4093 3702 4132 na-

2117 4180 2332 4237 varent,
2371 4172 2571 4241 partim
2615 4172 2901 4242 responsis
2944 4172 3229 4226 hominum
3275 4169 3545 4226 sacrificia
3574 4184 3701 4239 per-

2120 4263 2424 4328 mittendo,
2467 4263 2668 4333 partim
2701 4262 3064 4318 obscoenitate
3107 4263 3419 4327 verborum,
3468 4275 3702 4331 quaeque

433 4348 805 4419 προαιρέσεως
829 4349 925 4403 καὶ
949 4347 1193 4421 γνώμης·
1223 4348 1316 4402 καὶ
1349 4347 1430 4403 ἔτι
1467 4348 1665 4421 μᾶλλον
1714 4353 1909 4413 εἰπεῖν,
1939 4351 2016 4416 ὡς

2124 4354 2223 4424 ipsi
2253 4355 2586 4411 comitantur
2607 4353 2924 4409 libidinibus
2945 4368 3010 4408 ac
3032 4353 3237 4423 stupris
3264 4353 3332 4408 ad
3362 4352 3696 4423 voluptatem

431 4439 553 4493 οὐδὲ
578 4440 715 4505 ὅλως
738 4439 858 4505 θεός
906 4458 991 4505 τις
1046 4435 1136 4512 ἦν,
1172 4439 1295 4494 ούδέ
1338 4457 1423 4504 τις
1463 4440 1667 4509 ἀγαθὸς
1702 4442 1937 4515 δαίμων,
1979 4445 2009 4496 ὁ

2124 4445 2350 4502 fruendo
2373 4464 2389 4515 ;
2412 4463 2501 4501 res
2536 4446 2698 4517 plane
2742 4447 2859 4516 ipsa
2892 4445 3157 4515 loquitur,
3196 4444 3332 4499 nihil
3368 4456 3594 4515 prorsus
3626 4445 3697 4499 ab

432 4533 599 4586 πάλαι
630 4533 769 4607 πρὸς
793 4533 901 4588 τῶν
929 4532 1099 4589 ἐθνῶν
1157 4533 1412 4587 ἁπάντων
1443 4532 1584 4587 κατά
1626 4533 1809 4598 πόλεις
1836 4552 1895 4589 τε
1918 4536 2011 4589 καὶ

2124 4539 2490 4610 improborum
2511 4540 2822 4595 daemonum
2850 4537 3137 4595 deﬂexisse
3162 4547 3381 4606 natura,
3399 4536 3493 4594 sed
3529 4551 3693 4591 unam

430 4622 615 4696 χώρας
640 4623 1134 4697 προσκυνούμενος.
1169 4624 1297 4687 Πῶς
1360 4624 1469 4697 γὰρ
1518 4623 1585 4679 ἂν
1619 4624 1829 4694 γένοιτό
1875 4643 2010 4680 ποτε

432 4715 509 4786 τῷ
541 4714 730 4788 ἀγαθῷ
751 4716 812 4770 τὸ
862 4716 1064 4786 φαῦλον
1108 4714 1297 4786 φίλον;
1346 4717 1396 4769 εἰ
1444 4715 1519 4788 μὴ
1550 4716 1643 4769 καὶ
1668 4717 1864 4786 φωτὸς,
1917 4719 2013 4772 καὶ

432 4806 656 4869 σκότους
678 4808 874 4878 κρᾶσιν
902 4806 1162 4860 δύνασθαι
1199 4803 1329 4877 μίαν
1357 4805 1493 4876 φαίη
1524 4822 1607 4869 τις
1635 4803 1702 4859 ἂν
1734 4806 2007 4874 γενέσθαι.

427 4896 587 4969 Πόσῳ
607 4898 664 4951 δὲ
687 4898 949 4969 κρείττων
994 4899 1023 4952 ό
1075 4898 1209 4968 παρ’
1255 4894 1562 4968 ἀνθρώποις
1594 4895 1851 4968 λογισμὸς
1900 4897 2011 4952 τῶν

425 4985 831 5059 νενομισμένων
885 4986 1044 5052 θεῶν,
1108 4986 1244 5058 μηδὲ
1298 4985 1525 5056 φαύλοις
1566 4985 1784 5057 δαίμοσι
1813 4987 2010 5059 χρῆναι

494 5109 524 5141 ι
552 5116 644 5168 γρ.
677 5098 1011 5171 διήλλαττον.

497 5189 610 5259 (51)
647 5190 1002 5260 Στρατηγός,
1050 5198 1156 5262 etc.
1219 5188 1494 5262 Manuscr.
1549 5189 1731 5262 alter,_
1770 5189 2006 5262 πολέμου

427 5262 733 5333 στρατηγὸς
777 5259 902 5333 τοὺς
943 5261 1176 5324 οἰκείους
1212 5263 1437 5333 παρὼν-
1468 5259 1822 5316 διασώσαθαι.
1865 5259 2005 5318 Vera

429 5330 688 5393 lectio,'si
727 5332 919 5401 παρών
946 5340 1187 5386 mutetur
1208 5330 1266 5385 in
1296 5330 1494 5453 πῗρόν.

498 5394 610 5453 (52)
644 5400 984 5453 Τοισιιύοιοι
1023 5402 1311 5453 φύλακες.
1402 5410 1494 5453 ont

498 5394 610 5471 (3‘2)
644 5394 984 5469 Τρισμύριοι
1021 5402 1311 5472 φύλακες.
1347 5394 2001 5472 ΜηΜη-τρισμακάριοι.

431 5467 711 5526 Utrumvis
746 5467 979 5541 legatur,
1022 5467 1348 5541 crediderim
1392 5472 1516 5525 illos
1564 5467 1785 5525 Hesiodi
1810 5467 2005 5527 versus

427 5542 646 5611 respici,
702 5539 844 5610 quos
897 5540 1055 5611 vulgo
1084 5539 1381 5596 Christiani
1405 5542 1568 5595 etiam
1607 5541 1888 5606 doctores,
1949 5552 2007 5597 ut

424 5608 759 5681 Lactantius
777 5608 1019 5681 Institut.
1052 5627 1113 5676 ll,
1144 5610 1233 5676 15,
1264 5612 1330 5666 ad
1364 5610 1801 5681 persuadendum
1835 5626 2005 5681 ange-

424 5649 629 5804 iiii-BE:
632 5649 1113 5805 ἐξῖἓιᾶὧῖζίῐὲτὲἕ
1128 5649 1330 5738 52.13;:
1360 5649 2002 5749 Εἰέἷεῖἱίἶ”ί’ἑέ““⁵ἓὶηῗ.“ἳζ

420 5763 567 5805 vers.
707 5790 721 5804 .

459 5764 567 5805 crs.
598 5764 694 5805 121
707 5790 721 5804 .

425 5819 524 5878 Tol
544 5820 663 5889 μὲν
683 5819 963 5892 δαίμονές
989 5822 1130 5890 εισι,
1163 5819 1296 5890 Διὸς
1317 5821 1585 5893 μεγάλου
1621 5819 2002 5888 διὰσϐουλὰς,

2114 4633 2315 4703 potius,
2346 4639 2402 4688 et
2425 4633 2673 4687 eamdem
2703 4640 2867 4702 atque
2894 4632 3044 4702 ipsos
3073 4631 3408 4687 voluntatem
3449 4643 3513 4684 ac
3541 4642 3697 4682 men—

2112 4730 2223 4778 tem
2253 4723 2558 4779 habuisse:
2605 4723 2771 4795 166
2818 4723 3157 4794 proindeque
3214 4723 3427 4777 nullum
3467 4720 3695 4775 omnino

2113 4816 2230 4870 sive
2258 4816 2445 4881 deum,
2475 4816 2591 4871 sive
2622 4817 2827 4871 bonum
2861 4816 3166 4872 daemonem
3207 4813 3398 4878 fuisse,
3438 4811 3719 4882 quisquis:

2112 4903 2241 4958 olim
2277 4904 2347 4959 ab
2375 4905 2652 4960 universis
2685 4906 2940 4975 gentibus
2966 4920 3063 4974 per
3100 4905 3264 4960 urbes
3292 4904 3494 4974 passim
3528 4910 3694 4971 atque
3766 4970 3781 4981 ί

2111 5011 2286 5069 pagos
2319 4997 2425 5054 hoc
2455 4999 2677 5054 nomine
2703 5000 2996 5055 coleretur.
3020 4996 3157 5053 Nam
3178 4997 3250 5063 ei,
3270 4996 3365 5067 qui
3394 4995 3574 5050 bonus
3596 4994 3689 5061 sit,

2121 5197 2380 5262 Ἐσθλοί,
2412 5198 2761 5267 ἐπιχθόνιοι,
2796 5197 3068 5265 φύλακες
3086 5192 3320 5267 θνητῶν
3340 5194 3686 5267 ἀνθρώπων,

2111 5268 2180 5321 ΟΖ
2202 5269 2279 5336 ῥα
2303 5265 2701 5337 φυλάσσουσί
2725 5284 2789 5321 τε
2810 5267 3002 5332 δίκας,
3026 5266 3121 5319 καί
3146 5265 3399 5335 σχέτλια
3428 5266 3593 5334 ἔργα.

2110 5358 2375 5431 Synesius
2398 5361 2435 5415 Ι.
2470 5359 2546 5431 De
2579 5357 2906 5431 Prauident.,
2945 5373 2998 5431 p.
3025 5358 3093 5431 99
3130 5356 3174 5409 Ι)
3195 5358 3411 5431 εΔΪΕστι
3436 5358 3546 5431 μὲν
3577 5358 3689 5431 γὰρ

2110 5373 2375 5430 δγηεειυε
2398 5373 2435 5415 l.
2470 5373 2546 5413 ue
2579 5373 2906 5423 rramaera.,
3025 5373 3093 5412 99
3130 5373 3208 5411 υς
3254 5373 3411 5410 Ἐστι
3447 5373 3546 5427 μεν
3577 5373 3686 5431 γαρ

2106 5430 2232 5501 τῇδε
2278 5431 2373 5502 καὶ
2415 5430 2612 5502 ἡρώων
2655 5428 2943 5502 φῦλονᾼίερ
2977 5444 3025 5492 ν,
3055 5427 3686 5502 ἐπιμελὲς-ἀνθρώπων,

2106 5497 2201 5553 κάι
2233 5501 2301 5555 τὰ
2332 5497 2541 5571 σμικρά
2564 5497 2795 5571 ὠφελεῖν
2818 5497 3133 5571 δυνάμενον,
3164 5498 3256 5550 καὶ
3293 5497 3354 5551 τὸ
3387 5497 3688 5571 πρεσϐύτε-

2107 5586 2200 5639 ρον
2226 5567 2447 5638 ἀγαθόν.
2474 5567 2719 5624 Constile
2746 5568 2807 5621 P.
2842 5567 3049 5623 Petavii
3086 5577 3294 5632 notam,
3321 5567 3519 5638 qui‘ex
3563 5567 3687 5623 Pla-

2107 5641 2251 5694 tonis
2277 5651 2330 5694 et
2359 5639 2637 5695 Plutarchi
2658 5639 2840 5693 verbis
2872 5639 3069 5692 merito
3103 5639 3345 5706 conjicit,
3370 5639 3526 5693 aliter
3554 5641 3685 5696 olim

2104 5726 2299 5835 minus
2335 5710 2471 5766 istos
2515 5710 2684 5766 lectos
2716 5724 2840 5765 esse
2887 5722 3053 5779 quam
3093 5709 3257 5779 vulgo
3292 5709 3542 5779 concepti
3590 5712 3686 5764 ba-

2174 5790 2357 5835 antur.

2174 5790 2357 5836 antur.
