4156 6434
477 318 577 374 291
1152 321 1425 379 EUSEBII
1453 321 1940 379 CASSARIENSIS
1977 319 2130 380 OPP.
2174 319 2355 376 PARS
2376 319 2442 375 ll.
2468 353 2537 364 —
2563 319 3073 380 APOLOGETICA.
3649 330 3756 386 292

478 438 686 493 malum
710 438 989 509 quomodo
1013 438 1265 509 placeat?
1289 441 1395 495 nisi
1435 438 1579 496 forte
1613 440 1791 495 lucem
1827 455 1952 496 cum
1976 448 2055 494 te-
2082 450 2119 508 Α

2110 453 2132 509 ι
2159 439 2307 494 θύειν
2336 437 2853 509 παρακελευόμενος
2878 457 2893 505 ;
2942 442 3105 510 Λέγει
3135 441 3180 494 δ’
3208 437 3301 496 οὖν
3321 446 3350 497 ὀ
3388 444 3624 516 πρόσθεν
3669 450 3751 501 εἱ-

475 530 934 599 nebriscnnjungi
962 545 1027 584 ac
1058 530 1273 585 misceri
1298 546 1459 601 posse
1480 531 1606 601 quis
1623 531 1841 586 dixerit.
1866 530 2054 597 Quan-

2160 531 2397 603 ρημένος
2444 530 2815 601 συγγραφεὺς,
2858 534 2921 585 ὲν
2971 529 3053 598 οἷς
3096 535 3261 603 ἔφυσε
3299 536 3376 608 μὴ
3406 537 3515 591 δεῖν
3550 539 3752 603 ζωοθυ-

476 629 591 674 tum
622 635 753 675 vero
786 620 990 675 ﬁctitiis
1020 623 1339 676 numinibus
1376 624 1616 677 humana
1659 625 1804 677 ratio
1835 622 2051 692 praesti-

2157 625 2289 687 τείν,
2350 623 2433 676 ὃτι
2477 620 2614 694 μηδὲ
2669 621 2896 691 φαύλοις
2926 625 3145 696 δαίμοσι
3180 626 3391 693 Θυτέον,
3443 629 3629 685 τοῦτον
3656 632 3748 688 τὸν

474 710 560 774 tit,
590 726 714 780 quae
772 726 841 765 ne
889 712 1156 781 improbis
1207 713 1430 782 quidem
1456 713 1802 768 daemonibus
1837 712 2050 768 sacriil—
2155 716 2377 786 τρόπον.

471 804 618 856 cium
661 801 831 856 ullum
890 803 1002 857 tieri
1029 803 1236 858 voluit?
1280 802 1414 858 Nam
1445 805 1496 858 id
1531 820 1663 860 sane
1711 811 1859 859 vetat
1925 803 2069 858 idem
2110 804 2227 874 ipse
2256 805 2595 881 Porphyrius
2626 828 2696 871 eo
2759 814 2921 880 libro,
2985 814 3041 869 in
3068 829 3179 885 quo
3208 815 3279 872 ab
3306 817 3630 873 animalium
3656 834 3747 874 sa-

469 895 693 950 crih’cits
740 894 1122 950 abstinendum
1156 912 1278 950 esse
1315 897 1496 963 docet,
1527 896 1617 951 ubi
1646 896 1792 953 hunc
1821 897 1876 951 in
1916 896 2139 951 modum
2184 897 2447 968 loquitur.

1018 988 1251 1045 CAPUT
1292 990 1484 1045 XVIII.

2676 1002 3071 1056 ΚΕΦΑΛΑῙΟΝ
3116 1003 3220 1056 ιη’.

467 1075 694 1133 Nullum
739 1082 985 1148 improbis
1022 1082 1348 1136 dwmouibus
1397 1086 1723 1153 sacriﬁcium
1757 1085 2058 1146 faciendum

1969 1102 2058 1139 um
2291 1090 2419 1145 Ὀτι
2439 1092 2527 1162 μὴ
2557 1093 2653 1147 δεῖ
2693 1095 2817 1162 τοῖς
2848 1093 3134 1163 πονηροῖς
3158 1093 3402 1164 δαίμοσι
3425 1098 3606 1154 θύειν.

1200 1170 1332 1206 esse.

540 1259 558 1291 ι
585 1239 975 1307 Quamobrem,
998 1244 1195 1312 inquit,
1215 1246 1297 1298 vir
1317 1261 1507 1316 aequus
1524 1263 1585 1302 ac
1603 1248 1844 1319 prudens
1857 1248 1960 1305 sibi
1984 1247 2053 1303 ab

2236 1285 2254 1317 ι
2295 1268 2388 1322 Διὸ
2411 1271 2630 1335 συνετὸς
2664 1272 2776 1342 (35)
2811 1272 2951 1344 ἀνὴρ
2983 1273 3075 1326 καὶ
3110 1272 3341 1345 σώφρων
3372 1276 3736 1350 εὐλαϐηθήσε-

482 1330 590 1383 isto
638 1332 1033 1388 sacriﬁciorum
1070 1352 1266 1405 genere
1309 1340 1612 1394 cavendum
1665 1342 2043 1412 putabit,quo

2149 1376 2239 1413 ται
2261 1361 2537 1426 τοιαύταις
2579 1364 2814 1435 χρῆσθαι
2849 1366 3080 1430 θυσίαις,
3133 1366 3202 1420 δι’
3246 1360 3322 1421 ὧν
3372 1371 3734 1425 ἐπισπάσεται

460 1436 754 1490 pravorum
804 1424 1113 1479 daemonum
1147 1429 1376 1497 gratiam
1419 1442 1742 1501 aucupetur.
1779 1433 2039 1488 Animum

2151 1452 2286 1522 πρὸς
2317 1454 2510 1506 ἑαυτὸν
2534 1455 2660 1519 τοὺς
2692 1455 2986 1520 τοιούτους·
3019 1458 3308 1512 σπουδάσει
3344 1457 3402 1513 δὲ
3451 1459 3734 1531 καθαίρειν

459 1511 576 1583 ipse
611 1515 793 1583 potius
821 1517 973 1570 omni
1000 1519 1210 1573 ratione
1243 1536 1307 1575 ac
1338 1523 1521 1578 studio
1550 1539 1788 1594 purgare
1814 1527 2038 1580 conabi-

2146 1511 2243 1613 την
2267 1511 2447 1615 ιᾷυχὴν
2479 1511 2766 1610 παντοίως*
2799 1511 3011 1619 καθαρᾷ
3034 1550 3143 1620 γὰρ
3173 1549 3316 1622 ψυχῇ
3344 1551 3444 1605 οὐκ
3467 1511 3735 1608 ἐπιτίθεν-

460 1611 568 1670 tur,
610 1617 792 1661 certus
829 1624 925 1665 eos
961 1627 1240 1682 nunquam
1275 1631 1424 1685 purae
1452 1632 1517 1671 ac
1564 1618 1792 1674 sincera:
1837 1624 2039 1675 mentis
2073 1641 2101 1699 ε

2086 1641 2115 1699 Β
2144 1611 2232 1685 ται
2263 1611 2443 1688 διὰτὸ
2472 1636 2653 1700 αὐτοῖς
2685 1611 2955 1709 ἀνόμοιον.
3158 1611 3526 1704 τσῖξπόλεσιν
3558 1644 3727 1713 ἀναγ-

457 1694 734 1751 hominem
767 1702 1010 1771 aggredi,
1041 1713 1264 1773 propter
1298 1722 1514 1761 morum
1549 1724 1613 1763 ac
1636 1718 1847 1764 natura:
1873 1711 2039 1766 dissi-
2074 1694 2098 1699 ⁷

2085 1694 2107 1699 F
2143 1726 2294 1778 καῖον
2327 1727 2420 1779 καὶ
2447 1729 2668 1793 τούτους
2693 1694 3191 1800 άπόμειλίττεσθαι,
3220 1732 3371 1788 οὐδὲν
3399 1733 3537 1804 πρὸς
3554 1694 3726 1805 ἡμᾶς.

456 1788 843 1847 militudinem.
874 1791 1031 1860 Quod
1064 1796 1109 1851 si
1133 1795 1274 1853 forte
1303 1814 1334 1854 a
1363 1798 1676 1857 civitatibus
1705 1803 1840 1859 istos
1871 1805 2034 1858 etiam

2141 1817 2380 1885 Ταύταις
2408 1821 2519 1892 γὰρ
2540 1788 2910 1889 καὶϋπλοῦτος,
2938 1827 3032 1878 καὶ
3071 1826 3139 1880 τά
3179 1788 3359 1891 ἐκτὸς,
3394 1788 3489 1882 καὶ
3516 1788 3730 1884 ισιω--

454 1878 669 1936 deliniri
717 1884 1030 1957 placarique
1063 1904 1286 1945 necesse
1337 1892 1429 1958 sit,
1477 1895 1612 1949 nihil
1637 1896 1704 1950 ad
1739 1912 1862 1952 nos.
1899 1896 2033 1951 Nam

2142 1912 2368 1980 ματικὰ.
2421 1914 2603 1983 ἀγαθά
2653 1912 2791 1970 εἶναι
2846 1917 3177 1988 νενόμισται,
3228 1920 3323 1973 καὶ
3378 1919 3448 1973 τὰ
3485 1921 3727 1987 ἐναντία,

458 1971 567 2028 illis
606 1975 828 2045 quidem
863 1993 1015 2048 opes,
1052 1996 1284 2052 quaeque
1333 1982 1466 2039 foris
1506 1994 1655 2051 sunt,
1695 2004 1925 2059 quazque
1965 1992 2032 2045 ad

2140 1971 2307 2054 κακά·
2332 1971 2514 2071 ὀλίγον
2542 2004 2599 2058 δὲ
2627 2007 2684 2059 ἐν
2712 2007 2903 2071 αὑταῖς
2934 1971 2995 2060 τὲ
3026 2008 3126 2077 τῆς
3156 1971 3336 2081 (texat;
3360 1971 3724 2084 έὲέιμελούμεξ

455 2078 660 2134 corpus
705 2069 931 2124 omnino
978 2072 1273 2140 pertinent,
1323 2073 1467 2128 bona
1512 2076 1686 2130 videri
1743 2079 1941 2146 solent,
1973 2090 2036 2136 ut

1507 2076 1686 2168 _videri
1743 2079 1941 2146 solent,
1973 2090 2036 2136 ut
2139 2106 2284 2145 νον.»
2317 2069 2541 2161 Τούτοις
2581 2098 2707 2168 ἑξῆς
2733 2069 2928 2168 ἐπάγει
2958 2069 3148 2165 λέγων.

454 2162 621 2222 mala,
644 2174 767 2230 quae
799 2162 1074 2216 contraria
1103 2180 1116 2216 :
1153 2164 1247 2233 qui
1275 2180 1405 2219 vero
1429 2165 1598 2222 animi
1629 2184 1817 2224 curam
1844 2186 1910 2227 ac
1934 2175 2199 2235 rationem
2236 2182 2491 2247 habeant.
2517 2162 2719 2258 oppido
2740 2162 2921 2258 pauci.
2965 2209 2986 2243 ι
3014 2162 3092 2245 Ac
3120 2190 3397 2262 deinceps.

1026 2291 1259 2349 CAPUT
1302 2294 1443 2350 XIX.
2657 2309 2667 2362 l

2657 2309 3052 2365 ΚΕΦΔΛΛΙΟΝ
3087 2313 3186 2365 ῙΘ’.

559 2382 883 2454 Prwpotenti
916 2387 1012 2440 uni
1059 2386 1168 2442 Deo
1211 2390 1485 2444 addictum
1526 2408 1639 2446 esse
1670 2403 1927 2461 oportere.

2244 2394 2443 2462 Ὅπως
2469 2396 2821 2455 ἀνακεῖσθαι
2848 2400 2943 2455 δεῖ
2963 2401 3043 2468 τῷ
3072 2402 3171 2455 ἐπὶ
3203 2402 3444 2458 πάντων
3477 2404 3615 2471 Θεῷ.

517 2491 537 2525 ι
562 2472 730 2530 Nobis
744 2485 949 2544 autem,
961 2478 1157 2548 inquit,
1175 2482 1432 2538 omnibus
1447 2483 1551 2540 hoc
1562 2485 1769 2541 viribus
1786 2486 2036 2542 laboran-

2209 2503 2229 2537 ι
2282 2485 2476 2557 Ἡμεῖς
2507 2488 2565 2541 δὲ
2594 2489 2733 2542 κατὰ
2770 2490 3001 2562 δύναμιν
3037 2494 3099 2546 οὐ
3132 2493 3439 2566 δεησόμεθα
3471 2492 3546 2551 ὧν
3570 2495 3712 2554 οὗτοι

449 2564 580 2619 dum
604 2565 729 2631 erit,
763 2566 901 2622 nihil
928 2578 989 2623 ut
1016 2571 1182 2626 rebus
1204 2572 1347 2640 istis,
1375 2588 1514 2644 quas
1548 2576 1625 2630 illi
1654 2579 2031 2647 suppeditant,

2133 2576 2484 2648 παρέχουσιν
2514 2577 2628 2631 ἀλλ’
2651 2578 2714 2631 ἔκ
2737 2597 2797 2633 τε
2831 2580 3009 2653 ψυχῆς
3032 2583 3095 2636 ἔκ
3116 2600 3173 2637 τε
3208 2564 3313 2638 τῶν
3342 2586 3513 2642 ἄλλων
3534 2591 3711 2644 πᾶσαν

448 2671 709 2728 egeamus
743 2676 758 2713 :
791 2660 886 2715 sed
910 2660 1091 2730 potius
1125 2672 1186 2716 ut
1209 2664 1395 2719 animo
1413 2665 1580 2721 simul
1613 2682 1678 2722 ac
1701 2669 1934 2735 exteris,
1959 2670 2025 2724 ad

2133 2667 2371 2737 σπουδὴν
2401 2669 2700 2740 ποιούμεθα
2729 2684 2779 2735 ι,
2811 2671 2931 2743 Θεῷ
2970 2674 3068 2741 μὲν
3102 2675 3327 2741 καὶτοῖς
3366 2678 3501 2749 ἀμφ’
3546 2681 3707 2735 αὐτὸν

448 2748 544 2804 Dei
570 2750 812 2820 quidem,
844 2762 1135 2821 eteorum,
1161 2756 1255 2826 qui
1290 2756 1401 2812 Deo
1433 2760 1854 2830 propinquiores
1876 2770 2024 2829 sunt,

2129 2758 2469 2830 ὁμοιοῦσθαι·
2524 2761 2605 2831 (ὃ
2636 2762 2701 2833 δὴ
2761 2763 2970 2832 γίνεται
3031 2767 3098 2820 δι’
3140 2748 3415 2835 ἀπαθείας
3455 2774 3550 2826 καὶ
3609 2775 3707 2844 τῆς

446 2838 809 2897 imitationem
844 2859 910 2899 ac
954 2846 1399 2915 similitudinem,
1444 2863 1712 2920 quantum
1761 2853 1816 2907 in
1864 2855 2024 2910 nobis

2128 2852 2258 2924 περὶ
2303 2852 2412 2906 τῶν
2475 2853 2642 2918 ὅντως
2686 2854 2856 2908 ὄντων
2909 2857 3323 2932 διηρθρωμένης
3376 2838 3704 2935 διαλήψεως.

444 2930 571 2997 erit,
600 2933 907 3002 aspiremus
940 2936 1018 3007 (id
1048 2940 1192 3009 quod
1219 2942 1417 3010 partim
1448 2944 1806 3014 cupiditatum
1834 2949 2023 3002 vacui-
2052 2987 2085 3046 ε

2068 2987 2095 3046 3
2124 2942 2220 2996 καὶ
2244 2943 2379 3015 πρὸς
2398 2944 2536 2998 αὐτὰ
2552 2946 2642 2998 καὶ
2687 2948 2808 3000 κατ’
2838 2949 2976 3002 αὐτὰ
2997 2950 3141 3021 ζωῆς
3168 2930 3350 3022 (55ἦὴ
3375 2930 3628 3028 πονηροῖς
3652 2957 3709 3011 δὲ

450 3030 577 3088 tate,
604 3028 801 3093 partim
850 3027 1063 3083 sincera
1118 3038 1174 3085 et
1221 3033 1506 3089 enucleata
1536 3035 1603 3090 de
1630 3036 1717 3103 iis,
1754 3053 1876 3108 quae
1902 3054 2026 3095 vere
2053 3027 2091 3046 υ

2067 3027 2432 3107 ³άνθρώποις
2505 3038 2597 3089 καὶ
2672 3038 2927 3110 δαίμοσι,
3002 3042 3099 3095 καὶ
3178 3043 3317 3108 ὅλως
3391 3048 3555 3100 παντὶ
3629 3048 3708 3120 τῷ

444 3122 592 3179 sunt,
626 3117 1064 3185 existimatione,
1102 3124 1302 3192 partim
1358 3128 1482 3183 vitae
1515 3129 1690 3199 ipsius
1723 3131 1793 3186 ad
1830 3146 2023 3189 corum

2121 3127 2365 3198 χαίροντι
2425 3125 2503 3197 τῷ
2565 3127 2744 3201 θνητῷ
2810 3133 2905 3186 καὶ
2957 3132 3126 3204 ὑλικῷ
3170 3135 3569 3204 ἀνομοιοῢσθαι.
3611 3117 3707 3194 Ὃν

441 3206 719 3276 exemplar
740 3208 1176 3270 conformatione
1198 3222 1615 3290 assequemur);
1644 3221 2023 3295 improborum

2118 3219 2176 3273 δὲ
2236 3220 2399 3290 ἡμεῖς
2454 3219 2563 3290 (54)
2619 3222 3011 3294 ὑπογράφομεν
3070 3225 3357 3295 φιλόσοφον
3401 3230 3707 3301 ἀφιστάμε-

443 3305 623 3353 autem
647 3299 762 3354 sive
793 3301 1100 3368 hominum,
1134 3305 1249 3361 sive
1276 3308 1606 3375 daemonum,
1637 3323 1803 3385 atque
1842 3317 2024 3371 omni-

2118 3327 2209 3364 νον
2246 3310 2355 3365 τῶν
2416 3312 2574 3375 ἐκτὸς
2596 3352 2610 3376 ,
2647 3314 2872 3378 εἰκότως
2905 3315 3085 3385 φαμὲν
3125 3315 3200 3387 μὴ
3246 3318 3555 3390 ἐνοχλήσειν
3586 3299 3705 3374 δαί-

443 3404 515 3443 no
544 3390 796 3461 quisquis
820 3394 1052 3448 mortale
1078 3397 1378 3469 quidquam
1400 3412 1457 3458 et
1480 3419 1605 3459 eum
1637 3409 1866 3463 materia
1896 3426 2023 3465 con-

2121 3419 2268 3474 μοσι,
2328 3404 2464 3475 μηδὲ
2529 3405 2773 3475 μάντεων
2822 3405 3145 3477 δεήσεσθαι,
3200 3408 3335 3478 μηδὲ
3383 3411 3706 3483 σπλάγχνων

437 3481 688 3551 junctum
741 3495 928 3554 amet,
971 3488 1094 3559 ejus
1149 3490 1447 3550 dissimiles
1499 3510 1621 3552 esse
1678 3500 2018 3558 studeamus.

2118 3490 2293 3555 ζώων.
2329 3486 2430 3545 Ὧν
2460 3492 2570 3564 γὰρ
2594 3493 2756 3548 ἕνεκα
2786 3496 2842 3548 αἱ
2878 3499 3157 3566 μαντεῖαι,
3188 3498 3393 3553 τούτων
3418 3496 3571 3563 οὗτος
3602 3519 3701 3573 με-

446 3575 604 3646 167
650 3577 718 3633 At
767 3594 899 3637 vero
931 3583 1026 3653 qui
1079 3597 1109 3636 a
1150 3586 1310 3641 nobis
1339 3587 1444 3643 hoc
1473 3588 1597 3645 loco
1626 3592 1988 3663 philos0phus

2127 3582 2362 3655 μέληκεν
2391 3584 2739 3654 ἀφίστασθαι.
2776 3584 2911 3639 Οὔτε
2944 3587 3053 3658 γάρ
3095 3589 3175 3651 εἰς
3218 3589 3393 3660 γάμον
3426 3591 3696 3664 καθίησιν,

440 3667 765 3734 delineatur,
798 3686 830 3726 a
865 3688 1049 3729 rerum
1091 3679 1429 3733 exteriorum
1469 3684 1805 3739 commercio
1835 3697 1889 3740 et
1925 3702 2012 3741 so-

2126 3670 2211 3725 ἴνα
2247 3672 2374 3743 περὶ
2412 3673 2591 3744 γάμου
2623 3672 2701 3743 τῷ
2733 3674 2922 3743 μάντει
2951 3676 3213 3749 ἐνοχλήσῃ
3233 3694 3247 3708 ο
3283 3679 3382 3732 οὐκ
3414 3682 3494 3744 εἰς
3523 3682 3697 3751 ἐμπο-

441 3758 639 3814 eietate
662 3761 964 3831 sejunctius,
996 3767 1065 3821 ab
1086 3782 1153 3823 eo
1186 3785 1286 3825 nec
1317 3771 1598 3828 daemones
1631 3775 2010 3844 sollicitatum,

2117 3764 2260 3835 ρίαν,
2292 3766 2354 3819 οὐ
2389 3766 2518 3839 περὶ
2546 3767 2778 3831 οἰκέτου,
2810 3768 2870 3820 οὐ
2899 3770 3025 3840 περ)⁵
3052 3769 3258 3840 κλοπῆς
3280 3771 3330 3835 δ,
3360 3774 3453 3826 καὶ
3478 3773 3576 3844 τῆς
3605 3774 3699 3828 ἄλ·-

441 3866 544 3907 nec
589 3863 740 3909 vates
792 3866 889 3911 aut
923 3858 1244 3916 animalium
1278 3876 1404 3919 exta
1440 3867 1755 3923 consultum
1783 3869 1873 3934 iri,
1894 3872 2019 3940 jure

2113 3854 2210 3925 λης
2256 3854 2406 3927 παρὰ
2438 3856 2746 3928 ἀνθρώποις
2777 3857 3117 3925 δοξοκοπίας.
3151 3860 3287 3932 Περὶ
3324 3854 3399 3916 ὧν
3436 3862 3492 3915 δὲ
3521 3864 3694 3934 ζητεῖ,

441 3957 507 3997 ac
527 3945 724 4001 merito
761 3952 1201 4016 pronuntiamus.
1222 3953 1469 4021 Quorum
1499 3958 1644 4013 enim
1667 3975 1833 4015 causa
1857 3962 2017 4017 insti-

2115 3948 2308 4018 μάντις
2349 3947 2450 4018 μὲν
2479 3948 2674 4013 οὐδεὶς,
2709 3948 2829 4003 οὐδὲ
2875 3949 3157 4020 σπλάγχνα
3187 3950 3340 4015 ζώων
3371 3954 3601 4023 μηνύσει
3634 3956 3696 4010 τὸ

438 4045 556 4092 tuta
583 4038 848 4096 divinatio
869 4051 974 4107 est,
1002 4044 1069 4099 iis
1101 4046 1248 4103 ultro
1270 4048 1375 4105 sibi
1398 4051 1698 4108 carendum
1737 4057 2013 4111 statuerit.

2113 4039 2317 4109 σαφές·
2351 4039 2514 4103 αὐτὸς
2551 4039 2606 4093 δὲ
2640 4039 2707 4092 δι’
2751 4040 2967 4108 ἑαυτοῦ,
3011 4041 3087 4107 ὡς
3117 4043 3409 4115 ἐλέγομεν,
3452 4049 3693 4118 προσιὼν

436 4127 548 4185 Nec
581 4132 726 4186 enim
762 4134 817 4188 in
849 4136 1186 4194 matrimonii
1222 4156 1343 4197 sese
1394 4143 1615 4201 vincula
1643 4147 1921 4219 conjiciet,
1959 4160 2016 4205 ut

2110 4132 2186 4203 τῷ
2214 4131 2352 4204 Θεῷ,
2374 4132 2434 4196 ὃς
2466 4134 2524 4185 ὲν
2550 4136 2662 4197 τοῖς
2687 4132 2961 4204 ἀληθινοῖς
2988 4136 3152 4188 αὑτοῦ
3187 4137 3515 4210 σπλάγχνοις
3543 4140 3688 4210 ἰδρυ-

436 4221 505 4276 de
528 4222 648 4293 ejus
674 4241 933 4283 successu
969 4229 1213 4287 divinum
1242 4234 1584 4306 interpellet;
1613 4254 1714 4295 nec
1737 4251 2011 4297 mercatu-

2110 4241 2232 4289 ται,
2272 4222 2522 4295 περὶτοῦ
2567 4225 2785 4278 αἰωνίου
2823 4225 2938 4295 βίου
2970 4226 3197 4298 λήψεται
3243 4230 3341 4294 τὰς
3388 4229 3688 4301 ὑποθήκας,

435 4327 553 4368 ram
582 4313 886 4387 factitabit;
913 4336 1014 4377 nec
1040 4323 1109 4378 de
1128 4326 1375 4393 servitio,
1406 4343 1508 4383 nec
1529 4329 1597 4384 de
1622 4345 1788 4401 opum
1814 4335 2011 4404 ampli-
2046 4325 2076 4379 Ε

1321 4342 1375 4393 ο,
1406 4343 1508 4383 nec
1529 4329 1597 4384 de
1622 4345 1788 4401 opum
1814 4335 2011 4404 ampli-
2046 4325 2090 4379 ι)
2113 4316 2249 4370 ὅλως
2280 4316 2391 4389 ('55)
2425 4318 2544 4370 ἐκεῖ
2578 4317 2901 4390 συρρεύσας.
2942 4337 2961 4371 ι

436 4404 711 4474 lleatione,
746 4425 848 4465 nec
871 4412 939 4465 de
970 4414 1182 4486 reliquo
1213 4416 1467 4474 humanae
1488 4422 1610 4476 vitae
1634 4422 1776 4480 fastu
1808 4442 2012 4484 consu-

433 4498 529 4553 let.
561 4498 772 4567 Quibus
801 4513 982 4558 autem
1007 4506 1073 4560 de
1094 4507 1258 4563 rebus
1283 4510 1401 4579 ipse
1424 4514 1759 4582 quaesiturus
1813 4530 1918 4588 est,
1977 4540 2080 4580 nec
2119 4532 2271 4581 vates
2315 4525 2482 4590 ullus,
2510 4538 2611 4580 nec
2640 4523 3005 4579 animantium
3042 4532 3167 4579 exta
3209 4524 3343 4581 certi
3393 4524 3692 4597 quidquam

433 4595 698 4664 aperient.
738 4593 890 4653 Unus
935 4599 1026 4655 ille
1076 4616 1171 4670 per
1215 4605 1479 4674 seipsum,
1532 4618 1594 4664 ut
1634 4611 1901 4681 diximus,
1932 4618 1999 4672 ad
2041 4618 2233 4685 Deum,
2302 4618 2397 4689 qui
2432 4618 2616 4674 sedem
2676 4619 2821 4673 veris
2851 4617 2906 4673 in
2965 4618 3269 4675 visceribus
3297 4619 3413 4675 suis
3440 4620 3575 4685 lixit,
3610 4619 3694 4673 ul-

436 4697 522 4743 tro
546 4689 788 4756 accedet,
816 4706 994 4763 eoque
1021 4701 1167 4751 totus
1199 4698 1501 4768 conﬂuens,
1534 4701 1777 4760 indidem
1802 4718 2019 4768 aeterna
2055 4714 2181 4768 vita:
2210 4713 2604 4782 praeceptioues
2632 4711 2870 4765 hauriet.

503 4776 619 4835 Hac
653 4780 817 4850 igitur
847 4798 914 4837 ex
940 4781 1226 4854 Porphyrii
1253 4787 1620 4858 disputatione
1646 4796 1854 4866 liquido
1878 4816 2000 4855 con-

2186 4776 2506 4872 έαφέστατα
2546 4802 2612 4874 δὴ
2651 4800 2739 4856 διὰ
2770 4801 2974 4857 τούτων
3000 4802 3035 4854 ό
3059 4802 3214 4871 λόγος
3255 4802 3503 4873 ἐξέφηνε,
3534 4803 3693 4858 τίνων

430 4878 559 4934 stat,
587 4874 789 4942 quibus
822 4876 1043 4931 tandem
1090 4887 1145 4932 et
1185 4880 1603 4941 vaticinationes
1627 4926 1643 4952 ,
1692 4895 1748 4941 et
1788 4893 2008 4961 aruspi-

2111 4894 2361 4964 ηγείσθαι
2405 4894 2512 4965 χρὴ
2540 4893 2609 4947 τά
2643 4895 2891 4963 μαντεῖα,
2922 4894 3019 4947 καὶ
3060 4893 3159 4957 τὰς
3199 4894 3288 4948 διὰ
3332 4895 3429 4965 τῆς
3468 4893 3695 4965 θυτικῆς

430 4960 633 5030 cinam,
667 4973 721 5019 et
758 4965 881 5021 illas
913 4980 1129 5033 omnes,
1169 4985 1309 5039 quas
1338 4975 1535 5044 vulgus
1566 4976 1873 5035 admiratur
1920 4960 2009 5036 re-

2107 4960 2565 5057 é-pmtﬁcstgtcdc
2596 4960 2658 5037 τε
2697 4986 2847 5054 παρὰ
2881 4987 2991 5047 τοῖς
3026 4985 3239 5048 πολλοῖς
3272 4960 3694 5056 θαυμαζομένας

430 5067 552 5107 rum
595 5055 956 5112 obscurarum
1009 5061 1389 5129 praedictiones
1416 5067 1698 5137 assignare
1735 5081 2002 5141 Oporteat.

2116 5055 2243 5144 περὶ
2274 5055 2382 5125 τῶν
2415 5072 2625 5143 ἀδήλων
2656 5071 3010 5144 προγνώσεις.
3039 5072 3222 5125 Ταῦτα
3254 5072 3362 5144 γάρ
3397 5074 3572 5127 πάντα
3603 5075 3690 5127 δο-

432 5142 556 5200 Haec
598 5147 687 5201 ille
733 5150 918 5205 omnia
942 5147 1144 5206 fastum
1176 5154 1506 5227 inanemque
1537 5174 1793 5230 pompam
1825 5162 2005 5216 nomi-

2114 5142 2373 5232 ξοκοπίας
2405 5142 2646 5235 ὀνόματα
2680 5142 2731 5229 ά,
2774 5163 2850 5227 ὡς
2890 5165 2957 5219 ἂν
2995 5164 3100 5218 ὑπὸ
3131 5142 3399 5235 δαιμόνων
3442 5166 3692 5237 πονηρῶν

429 5249 587 5301 nans,
625 5246 887 5309 tauquam
912 5241 1287 5313 improborum
1323 5248 1632 5305 daamonum
1660 5261 1778 5308 arte
1809 5268 1874 5308 ac
1919 5253 2002 5307 vi-

2111 5258 2506 5328 ινεργουμένας
2528 5255 2555 5296 ἀ
2591 5255 2906 5310 ἀποϐάλλει.
2960 5256 3066 5310 Τὸν
3113 5257 3244 5326 γοῦν
3298 5260 3428 5330 περὶ
3475 5258 3690 5329 φαύλων

499 5407 528 5439 ι
568 5399 654 5455 ῑσ.
683 5404 1041 5474 ποιησόμεθα.
1116 5409 1145 5449 δ
1183 5406 1310 5464 Por.
1340 5414 1643 5484 προκοπῆς.
1723 5422 1746 5453 ο
1788 5430 1880 5484 πρ.
1912 5413 2204 5487 ὀνομάσας.
2282 5415 2308 5455 δ
2350 5417 2435 5472 ισ.
2463 5416 2850 5489 ἐνεργούμενα.

502 5537 620 5628 (5⁵)
641 5539 739 5628 Δις)
762 5546 1038 5628 (graec.
1062 5544 1350 5618 Porphyrii
1395 5548 1550 5604 locus
1577 5557 1680 5616 est,
1713 5564 1752 5603 ιι
1803 5548 1874 5603 De
1913 5550 2005 5603 ab-

2183 5552 2294 5622 (54)
2337 5555 2446 5607 Ὃν
2470 5552 2539 5607 δὲ
2563 5556 2755 5623 ἡμεῖς.
2788 5556 2953 5612 Multa
2989 5560 3353 5628 pratermittit
3383 5558 3687 5625 Eusebius;

427 5612 911 5696 sllttfyf‘.,"p.‘204:
1020 5687 1032 5696 _
1093 5685 1104 5696 _
1173 5612 1187 5617 -
1237 5612 1262 5696 ι.
1379 5688 1391 5696 _
1468 5690 1481 5696 _
1664 5612 1700 5696 ν,
1776 5689 1809 5696 _
1922 5690 1934 5696 -

1379 5688 1391 5696 .
1468 5690 1481 5696 -
1664 5612 1700 5696 ν,
1776 5689 1809 5696 _
1922 5690 1934 5696 _
2111 5612 2746 5696 quigéequunturilege's
2769 5643 2822 5696 p.
2871 5612 2994 5682 218.

501 5678 636 5800 (ὶὸὖς)
662 5678 771 5734 Καὶ
793 5684 943 5772 πρός
964 5685 1136 5766 abegi,
1154 5688 1392 5767 κίιὶκέιτ⁸
1415 5690 1567 5748 αὐτὰ
1590 5687 1756 5759 ἄυῆς.
1776 5689 2001 5762 Porph.,
2131 5678 2142 5692 ’

501 5766 505 5799 '.
556 5766 653 5800 της
679 5752 814 5800 ποὺς
840 5755 974 5800 amri
1005 5772 1176 5800 ταυτα
1207 5757 1371 5800 fama-
2109 5775 2142 5800 ω

2131 5678 2142 5692 ’
2181 5692 2293 5764 (55)
2323 5678 2526 5762 ’ὃλως.
2560 5678 2744 5752 Μάῧῶ
2771 5678 2907 5762 i510;—
2918 5678 3047 5755 cum
3090 5698 3358 5773 Porphyr.
3399 5709 3454 5756 et
3490 5713 3676 5755 manu-

2109 5775 2196 5800 m-

436 5750 530 5800 καὶ
556 5750 653 5821 τῆς
679 5752 814 5824 πρὸς
840 5750 975 5809 αὐτὰ
1005 5750 1176 5812 ταῦτα
1207 5757 1372 5829 ζωῆς.
1598 5750 1611 5754 ⁷
1683 5750 1727 5759 ”
1883 5750 1901 5762 ’
1985 5750 1998 5758 ’
2108 5750 2216 5817 scr.
