  <div class='ocr_page' id='page_1' title='image "/cluster/home/n/w/nwhite01/storage/ocr_20150623/21:no.3/coo.31924054873017/162.png"; bbox 0 0 4156 6416; ppageno 0'>
   <div class='ocr_carea' id='block_1_1' title="bbox 402 349 511 404">
    <p class='ocr_par' dir='ltr' id='par_1_1' title="bbox 402 349 511 404">
     <span class='ocr_line' id='line_1_1' title="bbox 402 349 511 404; baseline 0 0"><span class='ocrx_word' id='word_1_1' title='bbox 402 349 511 404; x_wconf 71' lang='lat'><strong>293</strong></span> 
     </span>
    </p>
   </div>
   <div class='ocr_carea' id='block_1_2' title="bbox 1590 342 2497 401">
    <p class='ocr_par' dir='ltr' id='par_1_2' title="bbox 1590 342 2497 401">
     <span class='ocr_line' id='line_1_2' title="bbox 1590 342 2497 401; baseline -0.001 -1"><span class='ocrx_word' id='word_1_2' title='bbox 1590 344 1915 400; x_wconf 70' lang='grc' dir='ltr'><strong>ῙἪᾹΞΡΛΒ.</strong></span> <span class='ocrx_word' id='word_1_3' title='bbox 1950 343 2207 401; x_wconf 81' lang='lat' dir='ltr'><strong>EVANG.</strong></span> <span class='ocrx_word' id='word_1_4' title='bbox 2240 343 2371 399; x_wconf 82' lang='lat' dir='ltr'><strong>LIB.</strong></span> <span class='ocrx_word' id='word_1_5' title='bbox 2404 342 2497 399; x_wconf 83' lang='lat' dir='ltr'><strong>IV.</strong></span> 
     </span>
    </p>
   </div>
   <div class='ocr_carea' id='block_1_3' title="bbox 3568 352 3675 411">
    <p class='ocr_par' dir='ltr' id='par_1_3' title="bbox 3568 352 3675 411">
     <span class='ocr_line' id='line_1_3' title="bbox 3568 352 3675 411; baseline 0.028 -4"><span class='ocrx_word' id='word_1_6' title='bbox 3568 352 3675 411; x_wconf 55' lang='lat'><strong>29$</strong></span> 
     </span>
    </p>
   </div>
   <div class='ocr_carea' id='block_1_4' title="bbox 404 459 1989 538">
    <p class='ocr_par' dir='ltr' id='par_1_4' title="bbox 404 463 1989 538">
     <span class='ocr_line' id='line_1_4' title="bbox 404 463 1989 538; baseline -0.003 -17"><span class='ocrx_word' id='word_1_7' title='bbox 404 466 671 538; x_wconf 80' lang='grc' dir='ltr'><strong>δαιμόνων</strong></span> <span class='ocrx_word' id='word_1_8' title='bbox 703 464 912 531; x_wconf 82' lang='grc' dir='ltr'>διεξιὼν</span> <span class='ocrx_word' id='word_1_9' title='bbox 940 464 1118 533; x_wconf 85' lang='grc' dir='ltr'>λόγον,</span> <span class='ocrx_word' id='word_1_10' title='bbox 1151 464 1245 519; x_wconf 70' lang='grc' dir='ltr'><strong>καὶ</strong></span> <span class='ocrx_word' id='word_1_11' title='bbox 1273 463 1498 533; x_wconf 80' lang='grc' dir='ltr'><strong>φάσκων</strong></span> <span class='ocrx_word' id='word_1_12' title='bbox 1523 463 1613 517; x_wconf 79' lang='grc' dir='ltr'><strong>τὸν</strong></span> <span class='ocrx_word' id='word_1_13' title='bbox 1649 466 1868 518; x_wconf 79' lang='grc' dir='ltr'>συνετὸν</span> <span class='ocrx_word' id='word_1_14' title='bbox 1898 467 1989 517; x_wconf 81' lang='grc' dir='ltr'><strong>ἄν·</strong></span> 
     </span>
    </p>
   </div>
   <div class='ocr_carea' id='block_1_5' title="bbox 2093 459 3677 538">
    <p class='ocr_par' dir='ltr' id='par_1_5' title="bbox 2095 459 3677 535">
     <span class='ocr_line' id='line_1_5' title="bbox 2095 459 3677 535; baseline 0.003 -19"><span class='ocrx_word' id='word_1_15' title='bbox 2095 463 2250 517; x_wconf 86' lang='lat' dir='ltr'><strong>ribus</strong></span> <span class='ocrx_word' id='word_1_16' title='bbox 2281 462 2399 517; x_wconf 86' lang='lat' dir='ltr'><strong>ﬁeri</strong></span> <span class='ocrx_word' id='word_1_17' title='bbox 2432 462 2593 516; x_wconf 87' lang='lat' dir='ltr'><strong>solita</strong></span> <span class='ocrx_word' id='word_1_18' title='bbox 2638 460 2907 531; x_wconf 74' lang='lat' dir='ltr'><strong>repudiat.</strong></span> <span class='ocrx_word' id='word_1_19' title='bbox 2946 459 3230 532; x_wconf 85' lang='lat' dir='ltr'><strong>Siquidem</strong></span> <span class='ocrx_word' id='word_1_20' title='bbox 3273 463 3363 519; x_wconf 89' lang='lat' dir='ltr'><strong>ubi</strong></span> <span class='ocrx_word' id='word_1_21' title='bbox 3395 465 3462 520; x_wconf 90' lang='lat' dir='ltr'><strong>de</strong></span> <span class='ocrx_word' id='word_1_22' title='bbox 3495 471 3677 535; x_wconf 78' lang='lat' dir='ltr'><strong>pravis</strong></span> 
     </span>
    </p>
   </div>
   <div class='ocr_carea' id='block_1_6' title="bbox 405 555 1988 631">
    <p class='ocr_par' dir='ltr' id='par_1_6' title="bbox 405 555 1988 631">
     <span class='ocr_line' id='line_1_6' title="bbox 405 555 1988 631; baseline -0.003 -18"><span class='ocrx_word' id='word_1_23' title='bbox 405 560 506 631; x_wconf 88' lang='grc' dir='ltr'>δρα</span> <span class='ocrx_word' id='word_1_24' title='bbox 535 559 629 613; x_wconf 77' lang='grc' dir='ltr'><strong>καὶ</strong></span> <span class='ocrx_word' id='word_1_25' title='bbox 668 557 918 628; x_wconf 81' lang='grc' dir='ltr'>σώφρονα</span> <span class='ocrx_word' id='word_1_26' title='bbox 953 558 1165 628; x_wconf 78' lang='grc' dir='ltr'>μήποτε</span> <span class='ocrx_word' id='word_1_27' title='bbox 1209 555 1418 620; x_wconf 77' lang='grc' dir='ltr'><strong>τούτοις</strong></span> <span class='ocrx_word' id='word_1_28' title='bbox 1463 555 1653 609; x_wconf 76' lang='grc' dir='ltr'>ἑαυτὸν</span> <span class='ocrx_word' id='word_1_29' title='bbox 1687 556 1988 621; x_wconf 74' lang='grc' dir='ltr'>ἐπιδοῦναι,</span> 
     </span>
    </p>
   </div>
   <div class='ocr_carea' id='block_1_7' title="bbox 409 648 1991 723">
    <p class='ocr_par' dir='ltr' id='par_1_7' title="bbox 409 648 1991 723">
     <span class='ocr_line' id='line_1_7' title="bbox 409 648 1991 723; baseline -0.001 -19"><span class='ocrx_word' id='word_1_30' title='bbox 409 651 533 723; x_wconf 77' lang='grc' dir='ltr'><strong>μηδ’</strong></span> <span class='ocrx_word' id='word_1_31' title='bbox 572 649 977 704; x_wconf 72' lang='grc' dir='ltr'>ἐπισπάσασθαι</span> <span class='ocrx_word' id='word_1_32' title='bbox 1012 651 1091 713; x_wconf 82' lang='grc' dir='ltr'><strong>είς</strong></span> <span class='ocrx_word' id='word_1_33' title='bbox 1124 649 1318 703; x_wconf 77' lang='grc' dir='ltr'>ἑαυτὸν</span> <span class='ocrx_word' id='word_1_34' title='bbox 1350 648 1438 702; x_wconf 79' lang='grc' dir='ltr'><strong>διὰ</strong></span> <span class='ocrx_word' id='word_1_35' title='bbox 1469 649 1577 702; x_wconf 82' lang='grc' dir='ltr'><strong>τῶν</strong></span> <span class='ocrx_word' id='word_1_36' title='bbox 1619 648 1821 702; x_wconf 83' lang='grc' dir='ltr'>θυσιῶν</span> <span class='ocrx_word' id='word_1_37' title='bbox 1863 649 1991 713; x_wconf 82' lang='grc' dir='ltr'>τοὺς</span> 
     </span>
    </p>
   </div>
   <div class='ocr_carea' id='block_1_8' title="bbox 407 740 1990 810">
    <p class='ocr_par' dir='ltr' id='par_1_8' title="bbox 407 740 1990 810">
     <span class='ocr_line' id='line_1_8' title="bbox 407 740 1990 810; baseline -0.002 -14"><span class='ocrx_word' id='word_1_38' title='bbox 407 742 677 806; x_wconf 76' lang='grc' dir='ltr'><strong>τοιούτους</strong></span> <span class='ocrx_word' id='word_1_39' title='bbox 699 758 715 773; x_wconf 76' lang='grc' dir='ltr'><strong>ο</strong></span> <span class='ocrx_word' id='word_1_40' title='bbox 755 740 882 810; x_wconf 79' lang='grc' dir='ltr'>ἑξῆς</span> <span class='ocrx_word' id='word_1_41' title='bbox 927 741 1310 805; x_wconf 76' lang='grc' dir='ltr'>ὲπισυνάπτει,</span> <span class='ocrx_word' id='word_1_42' title='bbox 1346 741 1540 810; x_wconf 80' lang='grc' dir='ltr'>λέγων,</span> <span class='ocrx_word' id='word_1_43' title='bbox 1575 742 1667 793; x_wconf 80' lang='grc' dir='ltr'><strong>τὸν</strong></span> <span class='ocrx_word' id='word_1_44' title='bbox 1701 740 1990 810; x_wconf 79' lang='grc' dir='ltr'>φιλόσοφον</span> 
     </span>
    </p>
   </div>
   <div class='ocr_carea' id='block_1_9' title="bbox 411 831 1986 906">
    <p class='ocr_par' dir='ltr' id='par_1_9' title="bbox 411 831 1986 906">
     <span class='ocr_line' id='line_1_9' title="bbox 411 831 1986 906; baseline 0 -21"><span class='ocrx_word' id='word_1_45' title='bbox 411 833 545 906; x_wconf 81' lang='grc' dir='ltr'>μηδὲ</span> <span class='ocrx_word' id='word_1_46' title='bbox 592 833 858 902; x_wconf 85' lang='grc' dir='ltr'>μαντείων</span> <span class='ocrx_word' id='word_1_47' title='bbox 897 832 1207 903; x_wconf 75' lang='grc' dir='ltr'>δεήσεσθαι,</span> <span class='ocrx_word' id='word_1_48' title='bbox 1259 832 1391 904; x_wconf 82' lang='grc' dir='ltr'>μηδὲ</span> <span class='ocrx_word' id='word_1_49' title='bbox 1436 832 1761 902; x_wconf 77' lang='grc' dir='ltr'>σπλάγχνων</span> <span class='ocrx_word' id='word_1_50' title='bbox 1810 831 1986 897; x_wconf 84' lang='grc' dir='ltr'>ζώων,</span> 
     </span>
    </p>
   </div>
   <div class='ocr_carea' id='block_1_10' title="bbox 408 921 1991 994">
    <p class='ocr_par' dir='ltr' id='par_1_10' title="bbox 408 921 1991 994">
     <span class='ocr_line' id='line_1_10' title="bbox 408 921 1991 994; baseline -0.003 -17"><span class='ocrx_word' id='word_1_51' title='bbox 408 924 501 977; x_wconf 76' lang='grc' dir='ltr'>καὶ</span> <span class='ocrx_word' id='word_1_52' title='bbox 530 923 636 976; x_wconf 85' lang='grc' dir='ltr'><strong>τῶν</strong></span> <span class='ocrx_word' id='word_1_53' title='bbox 668 922 1086 994; x_wconf 81' lang='grc' dir='ltr'>παραπλησίων,</span> <span class='ocrx_word' id='word_1_54' title='bbox 1120 923 1195 987; x_wconf 84' lang='grc' dir='ltr'><strong>ὡς</strong></span> <span class='ocrx_word' id='word_1_55' title='bbox 1237 922 1303 975; x_wconf 84' lang='grc' dir='ltr'><strong>ἂν</strong></span> <span class='ocrx_word' id='word_1_56' title='bbox 1341 922 1442 991; x_wconf 79' lang='grc' dir='ltr'>τῆς</span> <span class='ocrx_word' id='word_1_57' title='bbox 1469 921 1791 993; x_wconf 78' lang='grc' dir='ltr'>δαιμονικῆς</span> <span class='ocrx_word' id='word_1_58' title='bbox 1823 921 1991 974; x_wconf 79' lang='grc' dir='ltr'>ὄντων</span> 
     </span>
    </p>
   </div>
   <div class='ocr_carea' id='block_1_11' title="bbox 407 1008 1992 1084">
    <p class='ocr_par' dir='ltr' id='par_1_11' title="bbox 407 1008 1992 1084">
     <span class='ocr_line' id='line_1_11' title="bbox 407 1008 1992 1084; baseline -0.004 -15"><span class='ocrx_word' id='word_1_59' title='bbox 407 1012 784 1083; x_wconf 76' lang='grc' dir='ltr'><strong>κακοτεχνίας.</strong></span> <span class='ocrx_word' id='word_1_60' title='bbox 820 1015 883 1066; x_wconf 85' lang='grc' dir='ltr'><strong>Εἰ</strong></span> <span class='ocrx_word' id='word_1_61' title='bbox 924 1012 988 1084; x_wconf 86' lang='grc' dir='ltr'><strong>δὴ</strong></span> <span class='ocrx_word' id='word_1_62' title='bbox 1028 1008 1121 1066; x_wconf 77' lang='grc' dir='ltr'><strong>οὖν</strong></span> <span class='ocrx_word' id='word_1_63' title='bbox 1166 1012 1308 1065; x_wconf 84' lang='grc' dir='ltr'><strong>κατὰ</strong></span> <span class='ocrx_word' id='word_1_64' title='bbox 1338 1012 1514 1065; x_wconf 75' lang='grc' dir='ltr'>ταῦτα</span> <span class='ocrx_word' id='word_1_65' title='bbox 1544 1010 1869 1078; x_wconf 75' lang='grc' dir='ltr'>εὐλαϐητέον</span> <span class='ocrx_word' id='word_1_66' title='bbox 1913 1011 1992 1080; x_wconf 84' lang='grc' dir='ltr'><strong>τῷ</strong></span> 
     </span>
    </p>
   </div>
   <div class='ocr_carea' id='block_1_12' title="bbox 410 1099 1990 1174">
    <p class='ocr_par' dir='ltr' id='par_1_12' title="bbox 410 1099 1990 1174">
     <span class='ocr_line' id='line_1_12' title="bbox 410 1099 1990 1174; baseline -0.003 -18"><span class='ocrx_word' id='word_1_67' title='bbox 410 1103 614 1173; x_wconf 80' lang='grc' dir='ltr'>συνετῷ</span> <span class='ocrx_word' id='word_1_68' title='bbox 651 1105 745 1157; x_wconf 70' lang='grc' dir='ltr'>καὶ</span> <span class='ocrx_word' id='word_1_69' title='bbox 787 1102 1023 1174; x_wconf 76' lang='grc' dir='ltr'>σώφρονι</span> <span class='ocrx_word' id='word_1_70' title='bbox 1064 1101 1342 1165; x_wconf 70' lang='grc' dir='ltr'>τοιαύταις</span> <span class='ocrx_word' id='word_1_71' title='bbox 1375 1100 1613 1173; x_wconf 78' lang='grc' dir='ltr'>χρῆσθαι</span> <span class='ocrx_word' id='word_1_72' title='bbox 1647 1100 1888 1163; x_wconf 82' lang='grc' dir='ltr'>θυσίαις,</span> <span class='ocrx_word' id='word_1_73' title='bbox 1923 1099 1990 1153; x_wconf 86' lang='grc' dir='ltr'>δι’</span> 
     </span>
    </p>
   </div>
   <div class='ocr_carea' id='block_1_13' title="bbox 406 1185 1992 1268">
    <p class='ocr_par' dir='ltr' id='par_1_13' title="bbox 406 1185 1992 1268">
     <span class='ocr_line' id='line_1_13' title="bbox 406 1185 1992 1268; baseline -0.003 -18"><span class='ocrx_word' id='word_1_74' title='bbox 406 1191 482 1250; x_wconf 85' lang='grc' dir='ltr'>ὧν</span> <span class='ocrx_word' id='word_1_75' title='bbox 510 1198 873 1252; x_wconf 78' lang='grc' dir='ltr'>ἐπισπάσεται</span> <span class='ocrx_word' id='word_1_76' title='bbox 914 1197 1049 1268; x_wconf 72' lang='grc' dir='ltr'>πρὸς</span> <span class='ocrx_word' id='word_1_77' title='bbox 1089 1194 1281 1248; x_wconf 80' lang='grc' dir='ltr'>ἑαυτὸν</span> <span class='ocrx_word' id='word_1_78' title='bbox 1314 1196 1439 1257; x_wconf 81' lang='grc' dir='ltr'>τοὺς</span> <span class='ocrx_word' id='word_1_79' title='bbox 1480 1194 1774 1265; x_wconf 85' lang='grc' dir='ltr'>δαίμονας·</span> <span class='ocrx_word' id='word_1_80' title='bbox 1808 1185 1992 1253; x_wconf 74' lang='grc' dir='ltr'>(αὗται</span> 
     </span>
    </p>
   </div>
   <div class='ocr_carea' id='block_1_14' title="bbox 405 1283 1991 1361">
    <p class='ocr_par' dir='ltr' id='par_1_14' title="bbox 405 1283 1991 1361">
     <span class='ocr_line' id='line_1_14' title="bbox 405 1283 1991 1361; baseline -0.003 -18"><span class='ocrx_word' id='word_1_81' title='bbox 405 1290 451 1343; x_wconf 74' lang='grc' dir='ltr'>δ’</span> <span class='ocrx_word' id='word_1_82' title='bbox 472 1285 611 1361; x_wconf 80' lang='grc' dir='ltr'>ἦσαν</span> <span class='ocrx_word' id='word_1_83' title='bbox 632 1290 686 1344; x_wconf 83' lang='grc' dir='ltr'>αἱ</span> <span class='ocrx_word' id='word_1_84' title='bbox 713 1289 781 1342; x_wconf 83' lang='grc' dir='ltr'><strong>δι’</strong></span> <span class='ocrx_word' id='word_1_85' title='bbox 806 1288 1056 1359; x_wconf 74' lang='grc' dir='ltr'>αἱμάτων</span> <span class='ocrx_word' id='word_1_86' title='bbox 1083 1285 1361 1357; x_wconf 85' lang='grc' dir='ltr'>ὲκχύσεως</span> <span class='ocrx_word' id='word_1_87' title='bbox 1388 1287 1483 1339; x_wconf 73' lang='grc' dir='ltr'>καὶ</span> <span class='ocrx_word' id='word_1_88' title='bbox 1507 1285 1573 1338; x_wconf 76' lang='grc' dir='ltr'><strong>δι’</strong></span> <span class='ocrx_word' id='word_1_89' title='bbox 1596 1285 1806 1354; x_wconf 79' lang='grc' dir='ltr'>ἀλόγων</span> <span class='ocrx_word' id='word_1_90' title='bbox 1837 1283 1991 1349; x_wconf 82' lang='grc' dir='ltr'>ζώων</span> 
     </span>
    </p>
   </div>
   <div class='ocr_carea' id='block_1_15' title="bbox 408 1377 1992 1451">
    <p class='ocr_par' dir='ltr' id='par_1_15' title="bbox 408 1377 1992 1451">
     <span class='ocr_line' id='line_1_15' title="bbox 408 1377 1992 1451; baseline -0.003 -17"><span class='ocrx_word' id='word_1_91' title='bbox 408 1381 626 1450; x_wconf 64' lang='grc' dir='ltr'>σφαγῆς</span> <span class='ocrx_word' id='word_1_92' title='bbox 643 1397 657 1410; x_wconf 70' lang='grc'><strong>⁸</strong></span> <span class='ocrx_word' id='word_1_93' title='bbox 681 1381 700 1451; x_wconf 92' lang='grc'>)</span> <span class='ocrx_word' id='word_1_94' title='bbox 730 1380 903 1443; x_wconf 76' lang='grc' dir='ltr'>οὐδεὶς</span> <span class='ocrx_word' id='word_1_95' title='bbox 922 1379 987 1433; x_wconf 84' lang='grc' dir='ltr'>ἂν</span> <span class='ocrx_word' id='word_1_96' title='bbox 1015 1379 1238 1441; x_wconf 78' lang='grc' dir='ltr'>ἐνδίκως</span> <span class='ocrx_word' id='word_1_97' title='bbox 1271 1377 1461 1450; x_wconf 79' lang='grc' dir='ltr'><strong>ῥηθείη</strong></span> <span class='ocrx_word' id='word_1_98' title='bbox 1494 1377 1727 1447; x_wconf 62' lang='grc' dir='ltr'>σώφρων</span> <span class='ocrx_word' id='word_1_99' title='bbox 1749 1377 1842 1430; x_wconf 69' lang='grc' dir='ltr'>καὶ</span> <span class='ocrx_word' id='word_1_100' title='bbox 1867 1393 1992 1430; x_wconf 87' lang='grc' dir='ltr'>συν-</span> 
     </span>
    </p>
   </div>
   <div class='ocr_carea' id='block_1_16' title="bbox 407 1469 1994 1541">
    <p class='ocr_par' dir='ltr' id='par_1_16' title="bbox 407 1469 1994 1541">
     <span class='ocr_line' id='line_1_16' title="bbox 407 1469 1994 1541; baseline -0.003 -15"><span class='ocrx_word' id='word_1_101' title='bbox 407 1474 529 1537; x_wconf 79' lang='grc' dir='ltr'>ετὸς</span> <span class='ocrx_word' id='word_1_102' title='bbox 576 1473 686 1526; x_wconf 87' lang='grc' dir='ltr'><strong>τῶν</strong></span> <span class='ocrx_word' id='word_1_103' title='bbox 736 1472 903 1527; x_wconf 85' lang='grc' dir='ltr'>πάλαι</span> <span class='ocrx_word' id='word_1_104' title='bbox 958 1471 1371 1537; x_wconf 78' lang='grc' dir='ltr'>ζωοθυτούντων</span> <span class='ocrx_word' id='word_1_105' title='bbox 1431 1473 1545 1535; x_wconf 84' lang='grc' dir='ltr'>τοῖς</span> <span class='ocrx_word' id='word_1_106' title='bbox 1594 1469 1849 1541; x_wconf 80' lang='grc' dir='ltr'>δαίμοσι,</span> <span class='ocrx_word' id='word_1_107' title='bbox 1900 1469 1994 1523; x_wconf 82' lang='grc' dir='ltr'><strong>καὶ</strong></span> 
     </span>
    </p>
   </div>
   <div class='ocr_carea' id='block_1_17' title="bbox 409 1558 1993 1637">
    <p class='ocr_par' dir='ltr' id='par_1_17' title="bbox 409 1558 1993 1637">
     <span class='ocr_line' id='line_1_17' title="bbox 409 1558 1993 1637; baseline -0.002 -18"><span class='ocrx_word' id='word_1_108' title='bbox 409 1558 543 1620; x_wconf 81' lang='grc' dir='ltr'>πολὺ</span> <span class='ocrx_word' id='word_1_109' title='bbox 589 1566 788 1637; x_wconf 80' lang='grc' dir='ltr'>μᾶλλον</span> <span class='ocrx_word' id='word_1_110' title='bbox 840 1565 947 1618; x_wconf 82' lang='grc' dir='ltr'><strong>τῶν</strong></span> <span class='ocrx_word' id='word_1_111' title='bbox 992 1562 1570 1636; x_wconf 85' lang='grc' dir='ltr'>ἁνθρωποθυτούντων.</span> <span class='ocrx_word' id='word_1_112' title='bbox 1632 1563 1785 1616; x_wconf 84' lang='grc' dir='ltr'>’Ήλω</span> <span class='ocrx_word' id='word_1_113' title='bbox 1828 1562 1886 1616; x_wconf 78' lang='grc' dir='ltr'><strong>δὲ</strong></span> <span class='ocrx_word' id='word_1_114' title='bbox 1923 1562 1993 1616; x_wconf 78' lang='grc' dir='ltr'>τὰ</span> 
     </span>
    </p>
   </div>
   <div class='ocr_carea' id='block_1_18' title="bbox 407 1654 1992 1729">
    <p class='ocr_par' dir='ltr' id='par_1_18' title="bbox 407 1654 1992 1729">
     <span class='ocr_line' id='line_1_18' title="bbox 407 1654 1992 1729; baseline -0.004 -16"><span class='ocrx_word' id='word_1_115' title='bbox 407 1658 683 1729; x_wconf 77' lang='grc' dir='ltr'>πανταχοῦ</span> <span class='ocrx_word' id='word_1_116' title='bbox 719 1659 916 1721; x_wconf 84' lang='grc' dir='ltr'>πάντα,</span> <span class='ocrx_word' id='word_1_117' title='bbox 960 1656 1144 1727; x_wconf 83' lang='grc' dir='ltr'>σχεδὸν</span> <span class='ocrx_word' id='word_1_118' title='bbox 1181 1657 1380 1719; x_wconf 78' lang='grc' dir='ltr'>εἰπεῖν,</span> <span class='ocrx_word' id='word_1_119' title='bbox 1412 1655 1541 1725; x_wconf 81' lang='grc' dir='ltr'>ἔθνη</span> <span class='ocrx_word' id='word_1_120' title='bbox 1573 1655 1808 1725; x_wconf 80' lang='grc' dir='ltr'>πρόσθεν</span> <span class='ocrx_word' id='word_1_121' title='bbox 1837 1655 1869 1724; x_wconf 80' lang='grc' dir='ltr'>ἢ</span> <span class='ocrx_word' id='word_1_122' title='bbox 1900 1654 1992 1707; x_wconf 85' lang='grc' dir='ltr'><strong>τὸν</strong></span> 
     </span>
    </p>
   </div>
   <div class='ocr_carea' id='block_1_19' title="bbox 408 1746 1991 1822">
    <p class='ocr_par' dir='ltr' id='par_1_19' title="bbox 408 1746 1991 1822">
     <span class='ocr_line' id='line_1_19' title="bbox 408 1746 1991 1822; baseline -0.005 -17"><span class='ocrx_word' id='word_1_123' title='bbox 408 1752 679 1822; x_wconf 77' lang='grc' dir='ltr'>ἡμέτερον</span> <span class='ocrx_word' id='word_1_124' title='bbox 710 1749 943 1822; x_wconf 81' lang='grc' dir='ltr'>Χριστὸν</span> <span class='ocrx_word' id='word_1_125' title='bbox 975 1750 1054 1812; x_wconf 85' lang='grc' dir='ltr'>εἰς</span> <span class='ocrx_word' id='word_1_126' title='bbox 1083 1746 1401 1819; x_wconf 80' lang='grc' dir='ltr'>ἀνθρώπους</span> <span class='ocrx_word' id='word_1_127' title='bbox 1437 1746 1833 1817; x_wconf 84' lang='grc' dir='ltr'>ἀναδειχθῆναι,</span> <span class='ocrx_word' id='word_1_128' title='bbox 1867 1746 1991 1808; x_wconf 79' lang='grc' dir='ltr'>τοὺς</span> 
     </span>
    </p>
   </div>
   <div class='ocr_carea' id='block_1_20' title="bbox 2093 551 3676 624">
    <p class='ocr_par' dir='ltr' id='par_1_20' title="bbox 2093 551 3676 624">
     <span class='ocr_line' id='line_1_20' title="bbox 2093 551 3676 624; baseline 0.003 -19"><span class='ocrx_word' id='word_1_129' title='bbox 2093 551 2436 607; x_wconf 78' lang='lat' dir='ltr'><strong>daemonibus</strong></span> <span class='ocrx_word' id='word_1_130' title='bbox 2470 551 2748 617; x_wconf 83' lang='lat' dir='ltr'><strong>disseruit,</strong></span> <span class='ocrx_word' id='word_1_131' title='bbox 2782 567 3111 624; x_wconf 60' lang='lat' dir='ltr'><strong>aequumque</strong></span> <span class='ocrx_word' id='word_1_132' title='bbox 3150 568 3214 607; x_wconf 91' lang='lat' dir='ltr'><strong>ac</strong></span> <span class='ocrx_word' id='word_1_133' title='bbox 3246 554 3546 624; x_wconf 85' lang='lat' dir='ltr'><strong>sapientem</strong></span> <span class='ocrx_word' id='word_1_134' title='bbox 3591 557 3676 609; x_wconf 88' lang='lat' dir='ltr'><strong>vi-</strong></span> 
     </span>
    </p>
   </div>
   <div class='ocr_carea' id='block_1_21' title="bbox 2090 645 3674 713">
    <p class='ocr_par' dir='ltr' id='par_1_21' title="bbox 2090 645 3674 713">
     <span class='ocr_line' id='line_1_21' title="bbox 2090 645 3674 713; baseline 0.004 -16"><span class='ocrx_word' id='word_1_135' title='bbox 2090 659 2213 698; x_wconf 87' lang='lat' dir='ltr'><strong>rum</strong></span> <span class='ocrx_word' id='word_1_136' title='bbox 2245 660 2552 713; x_wconf 88' lang='lat' dir='ltr'><strong>nunquam,</strong></span> <span class='ocrx_word' id='word_1_137' title='bbox 2584 653 2678 699; x_wconf 90' lang='lat' dir='ltr'><strong>aut</strong></span> <span class='ocrx_word' id='word_1_138' title='bbox 2706 645 2775 700; x_wconf 91' lang='lat' dir='ltr'><strong>iis</strong></span> <span class='ocrx_word' id='word_1_139' title='bbox 2820 661 2940 701; x_wconf 90' lang='lat' dir='ltr'><strong>sese</strong></span> <span class='ocrx_word' id='word_1_140' title='bbox 2970 646 3303 711; x_wconf 81' lang='lat' dir='ltr'><strong>deditorum,</strong></span> <span class='ocrx_word' id='word_1_141' title='bbox 3328 657 3423 701; x_wconf 91' lang='lat' dir='ltr'><strong>aut</strong></span> <span class='ocrx_word' id='word_1_142' title='bbox 3463 649 3674 703; x_wconf 79' lang='lat' dir='ltr'><strong>sacriﬁ-</strong></span> 
     </span>
    </p>
   </div>
   <div class='ocr_carea' id='block_1_22' title="bbox 2092 736 3679 806">
    <p class='ocr_par' dir='ltr' id='par_1_22' title="bbox 2092 736 3679 806">
     <span class='ocr_line' id='line_1_22' title="bbox 2092 736 3679 806; baseline 0.005 -18"><span class='ocrx_word' id='word_1_143' title='bbox 2092 736 2194 789; x_wconf 89' lang='lat' dir='ltr'><strong>ciis</strong></span> <span class='ocrx_word' id='word_1_144' title='bbox 2238 736 2460 789; x_wconf 86' lang='lat' dir='ltr'><strong>eosdem</strong></span> <span class='ocrx_word' id='word_1_145' title='bbox 2517 736 2621 791; x_wconf 88' lang='lat' dir='ltr'><strong>sibi</strong></span> <span class='ocrx_word' id='word_1_146' title='bbox 2671 738 3093 793; x_wconf 88' lang='lat' dir='ltr'><strong>conciliaturum</strong></span> <span class='ocrx_word' id='word_1_147' title='bbox 3137 737 3445 806; x_wconf 85' lang='lat' dir='ltr'><strong>allirmavit,</strong></span> <span class='ocrx_word' id='word_1_148' title='bbox 3494 741 3679 796; x_wconf 90' lang='lat' dir='ltr'><strong>suhdit</strong></span> 
     </span>
    </p>
   </div>
   <div class='ocr_carea' id='block_1_23' title="bbox 2093 828 3677 904">
    <p class='ocr_par' dir='ltr' id='par_1_23' title="bbox 2093 828 3677 904">
     <span class='ocr_line' id='line_1_23' title="bbox 2093 828 3677 904; baseline 0.005 -22"><span class='ocrx_word' id='word_1_149' title='bbox 2093 828 2376 892; x_wconf 87' lang='lat' dir='ltr'><strong>continuo,</strong></span> <span class='ocrx_word' id='word_1_150' title='bbox 2407 828 2796 900; x_wconf 85' lang='lat' dir='ltr'><strong>philosophum</strong></span> <span class='ocrx_word' id='word_1_151' title='bbox 2828 846 3004 901; x_wconf 86' lang='lat' dir='ltr'><strong>neque</strong></span> <span class='ocrx_word' id='word_1_152' title='bbox 3030 831 3480 897; x_wconf 89' lang='lat' dir='ltr'><strong>divinationihus,</strong></span> <span class='ocrx_word' id='word_1_153' title='bbox 3502 850 3677 904; x_wconf 84' lang='lat' dir='ltr'><strong>neque</strong></span> 
     </span>
    </p>
   </div>
   <div class='ocr_carea' id='block_1_24' title="bbox 2093 919 3675 993">
    <p class='ocr_par' dir='ltr' id='par_1_24' title="bbox 2093 919 3675 993">
     <span class='ocr_line' id='line_1_24' title="bbox 2093 919 3675 993; baseline 0.003 -20"><span class='ocrx_word' id='word_1_154' title='bbox 2093 919 2418 989; x_wconf 84' lang='lat' dir='ltr'><strong>extispiciis,</strong></span> <span class='ocrx_word' id='word_1_155' title='bbox 2450 935 2627 989; x_wconf 89' lang='lat' dir='ltr'><strong>neque</strong></span> <span class='ocrx_word' id='word_1_156' title='bbox 2669 921 2721 976; x_wconf 89' lang='lat' dir='ltr'><strong>id</strong></span> <span class='ocrx_word' id='word_1_157' title='bbox 2757 938 2929 992; x_wconf 84' lang='lat' dir='ltr'><strong>genus</strong></span> <span class='ocrx_word' id='word_1_158' title='bbox 2981 923 3105 979; x_wconf 86' lang='lat' dir='ltr'><strong>aliis</strong></span> <span class='ocrx_word' id='word_1_159' title='bbox 3158 938 3297 993; x_wconf 89' lang='lat' dir='ltr'><strong>opus</strong></span> <span class='ocrx_word' id='word_1_160' title='bbox 3338 924 3675 993; x_wconf 83' lang='lat' dir='ltr'><strong>habiturum,</strong></span> 
     </span>
    </p>
   </div>
   <div class='ocr_carea' id='block_1_25' title="bbox 2093 1011 3677 1088">
    <p class='ocr_par' dir='ltr' id='par_1_25' title="bbox 2093 1011 3677 1088">
     <span class='ocr_line' id='line_1_25' title="bbox 2093 1011 3677 1088; baseline 0.009 -27"><span class='ocrx_word' id='word_1_161' title='bbox 2093 1011 2294 1078; x_wconf 79' lang='lat' dir='ltr'><strong>quippe</strong></span> <span class='ocrx_word' id='word_1_162' title='bbox 2319 1026 2441 1080; x_wconf 79' lang='lat' dir='ltr'><strong>quae</strong></span> <span class='ocrx_word' id='word_1_163' title='bbox 2470 1028 2499 1065; x_wconf 93' lang='lat' dir='ltr'><strong>a</strong></span> <span class='ocrx_word' id='word_1_164' title='bbox 2523 1012 2833 1067; x_wconf 69' lang='lat' dir='ltr'><strong>daemonum</strong></span> <span class='ocrx_word' id='word_1_165' title='bbox 2860 1013 3050 1070; x_wconf 81' lang='lat' dir='ltr'><strong>fraude</strong></span> <span class='ocrx_word' id='word_1_166' title='bbox 3073 1017 3258 1070; x_wconf 84' lang='lat' dir='ltr'><strong>omnia</strong></span> <span class='ocrx_word' id='word_1_167' title='bbox 3295 1017 3677 1088; x_wconf 72' lang='lat' dir='ltr'><strong>maleﬁcioque</strong></span> 
     </span>
    </p>
   </div>
   <div class='ocr_carea' id='block_1_26' title="bbox 2094 1098 3666 1177">
    <p class='ocr_par' dir='ltr' id='par_1_26' title="bbox 2094 1098 3666 1177">
     <span class='ocr_line' id='line_1_26' title="bbox 2094 1098 3666 1177; baseline 0.008 -25"><span class='ocrx_word' id='word_1_168' title='bbox 2094 1098 2337 1170; x_wconf 79' lang='lat' dir='ltr'><strong>profecta</strong></span> <span class='ocrx_word' id='word_1_169' title='bbox 2367 1101 2496 1155; x_wconf 89' lang='lat' dir='ltr'><strong>sint.</strong></span> <span class='ocrx_word' id='word_1_170' title='bbox 2528 1100 2586 1155; x_wconf 90' lang='lat' dir='ltr'><strong>Si</strong></span> <span class='ocrx_word' id='word_1_171' title='bbox 2610 1115 2740 1173; x_wconf 76' lang='lat' dir='ltr'><strong>ergo</strong></span> <span class='ocrx_word' id='word_1_172' title='bbox 2765 1104 3108 1173; x_wconf 82' lang='lat' dir='ltr'><strong>sapientibus</strong></span> <span class='ocrx_word' id='word_1_173' title='bbox 3135 1115 3190 1161; x_wconf 91' lang='lat' dir='ltr'><strong>et</strong></span> <span class='ocrx_word' id='word_1_174' title='bbox 3214 1106 3388 1177; x_wconf 70' lang='lat' dir='ltr'><strong>aequis</strong></span> <span class='ocrx_word' id='word_1_175' title='bbox 3422 1109 3666 1164; x_wconf 80' lang='lat' dir='ltr'><strong>homini-</strong></span> 
     </span>
    </p>
   </div>
   <div class='ocr_carea' id='block_1_27' title="bbox 2095 1192 3675 1269">
    <p class='ocr_par' dir='ltr' id='par_1_27' title="bbox 2095 1192 3675 1269">
     <span class='ocr_line' id='line_1_27' title="bbox 2095 1192 3675 1269; baseline 0.008 -24"><span class='ocrx_word' id='word_1_176' title='bbox 2095 1192 2220 1257; x_wconf 90' lang='lat' dir='ltr'><strong>bus,</strong></span> <span class='ocrx_word' id='word_1_177' title='bbox 2251 1193 2714 1261; x_wconf 85' lang='lat' dir='ltr'><strong>quemadmodum</strong></span> <span class='ocrx_word' id='word_1_178' title='bbox 2749 1195 2837 1249; x_wconf 88' lang='lat' dir='ltr'><strong>ille</strong></span> <span class='ocrx_word' id='word_1_179' title='bbox 2868 1199 3129 1269; x_wconf 78' lang='lat' dir='ltr'><strong>praecipit,</strong></span> <span class='ocrx_word' id='word_1_180' title='bbox 3164 1200 3233 1253; x_wconf 91' lang='lat' dir='ltr'><strong>ab</strong></span> <span class='ocrx_word' id='word_1_181' title='bbox 3266 1201 3537 1269; x_wconf 89' lang='lat' dir='ltr'><strong>ejusmodi</strong></span> <span class='ocrx_word' id='word_1_182' title='bbox 3582 1218 3675 1258; x_wconf 79' lang='lat' dir='ltr'><strong>sa-</strong></span> 
     </span>
    </p>
   </div>
   <div class='ocr_carea' id='block_1_28' title="bbox 2094 1281 3673 1363">
    <p class='ocr_par' dir='ltr' id='par_1_28' title="bbox 2094 1281 3673 1363">
     <span class='ocr_line' id='line_1_28' title="bbox 2094 1281 3673 1363; baseline 0.008 -28"><span class='ocrx_word' id='word_1_183' title='bbox 2094 1281 2342 1349; x_wconf 81' lang='lat' dir='ltr'><strong>criﬁciis,</strong></span> <span class='ocrx_word' id='word_1_184' title='bbox 2398 1285 2602 1354; x_wconf 87' lang='lat' dir='ltr'><strong>quibus</strong></span> <span class='ocrx_word' id='word_1_185' title='bbox 2655 1285 2964 1342; x_wconf 63' lang='lat' dir='ltr'><strong>daemonum</strong></span> <span class='ocrx_word' id='word_1_186' title='bbox 3023 1291 3254 1359; x_wconf 78' lang='lat' dir='ltr'><strong>gratiam</strong></span> <span class='ocrx_word' id='word_1_187' title='bbox 3309 1305 3673 1363; x_wconf 85' lang='lat' dir='ltr'><strong>aucupentur,</strong></span> 
     </span>
    </p>
   </div>
   <div class='ocr_carea' id='block_1_29' title="bbox 2095 1377 3678 1448">
    <p class='ocr_par' dir='ltr' id='par_1_29' title="bbox 2095 1377 3678 1448">
     <span class='ocr_line' id='line_1_29' title="bbox 2095 1377 3678 1448; baseline 0.008 -18"><span class='ocrx_word' id='word_1_188' title='bbox 2095 1377 2249 1431; x_wconf 90' lang='lat' dir='ltr'><strong>omni</strong></span> <span class='ocrx_word' id='word_1_189' title='bbox 2278 1379 2595 1448; x_wconf 88' lang='lat' dir='ltr'><strong>provisione</strong></span> <span class='ocrx_word' id='word_1_190' title='bbox 2625 1380 2926 1434; x_wconf 86' lang='lat' dir='ltr'><strong>cavendum</strong></span> <span class='ocrx_word' id='word_1_191' title='bbox 2956 1393 3069 1447; x_wconf 90' lang='lat' dir='ltr'><strong>est;</strong></span> <span class='ocrx_word' id='word_1_192' title='bbox 3101 1398 3201 1437; x_wconf 90' lang='lat' dir='ltr'><strong>nec</strong></span> <span class='ocrx_word' id='word_1_193' title='bbox 3219 1384 3324 1437; x_wconf 90' lang='lat' dir='ltr'><strong>alia</strong></span> <span class='ocrx_word' id='word_1_194' title='bbox 3352 1384 3464 1438; x_wconf 89' lang='lat' dir='ltr'><strong>sint</strong></span> <span class='ocrx_word' id='word_1_195' title='bbox 3496 1400 3559 1440; x_wconf 88' lang='lat' dir='ltr'><strong>ea</strong></span> <span class='ocrx_word' id='word_1_196' title='bbox 3588 1402 3678 1441; x_wconf 84' lang='lat' dir='ltr'><strong>sa-</strong></span> 
     </span>
    </p>
   </div>
   <div class='ocr_carea' id='block_1_30' title="bbox 2094 1470 3673 1543">
    <p class='ocr_par' dir='ltr' id='par_1_30' title="bbox 2094 1470 3673 1543">
     <span class='ocr_line' id='line_1_30' title="bbox 2094 1470 3673 1543; baseline 0.004 -19"><span class='ocrx_word' id='word_1_197' title='bbox 2094 1470 2326 1536; x_wconf 81' lang='lat' dir='ltr'><strong>criﬁcia,</strong></span> <span class='ocrx_word' id='word_1_198' title='bbox 2384 1486 2549 1541; x_wconf 89' lang='lat' dir='ltr'><strong>quam</strong></span> <span class='ocrx_word' id='word_1_199' title='bbox 2602 1486 2727 1540; x_wconf 70' lang='lat' dir='ltr'><strong>quae</strong></span> <span class='ocrx_word' id='word_1_200' title='bbox 2790 1471 2915 1527; x_wconf 79' lang='lat' dir='ltr'><strong>fuso</strong></span> <span class='ocrx_word' id='word_1_201' title='bbox 2964 1473 3229 1543; x_wconf 81' lang='lat' dir='ltr'><strong>sanguine</strong></span> <span class='ocrx_word' id='word_1_202' title='bbox 3275 1483 3331 1529; x_wconf 88' lang='lat' dir='ltr'><strong>et</strong></span> <span class='ocrx_word' id='word_1_203' title='bbox 3355 1477 3673 1532; x_wconf 89' lang='lat' dir='ltr'><strong>animalium</strong></span> 
     </span>
    </p>
   </div>
   <div class='ocr_carea' id='block_1_31' title="bbox 2094 1560 3679 1636">
    <p class='ocr_par' dir='ltr' id='par_1_31' title="bbox 2094 1560 3679 1636">
     <span class='ocr_line' id='line_1_31' title="bbox 2094 1560 3679 1636; baseline 0.004 -19"><span class='ocrx_word' id='word_1_204' title='bbox 2094 1561 2240 1617; x_wconf 65' lang='lat' dir='ltr'><strong>caade</strong></span> <span class='ocrx_word' id='word_1_205' title='bbox 2279 1560 2396 1614; x_wconf 81' lang='lat' dir='ltr'><strong>ﬁeri</strong></span> <span class='ocrx_word' id='word_1_206' title='bbox 2451 1570 2849 1617; x_wconf 88' lang='lat' dir='ltr'><strong>consueverant</strong></span> <span class='ocrx_word' id='word_1_207' title='bbox 2881 1582 2894 1618; x_wconf 93' lang='lat'><strong>:</strong></span> <span class='ocrx_word' id='word_1_208' title='bbox 2927 1566 3174 1634; x_wconf 89' lang='lat' dir='ltr'><strong>sequitur</strong></span> <span class='ocrx_word' id='word_1_209' title='bbox 3202 1564 3465 1636; x_wconf 84' lang='lat' dir='ltr'><strong>profecto,</strong></span> <span class='ocrx_word' id='word_1_210' title='bbox 3502 1570 3679 1624; x_wconf 91' lang='lat' dir='ltr'><strong>nemi-</strong></span> 
     </span>
    </p>
   </div>
   <div class='ocr_carea' id='block_1_32' title="bbox 2095 1655 3676 1732">
    <p class='ocr_par' dir='ltr' id='par_1_32' title="bbox 2095 1655 3676 1732">
     <span class='ocr_line' id='line_1_32' title="bbox 2095 1655 3676 1732; baseline 0.009 -29"><span class='ocrx_word' id='word_1_211' title='bbox 2095 1666 2217 1704; x_wconf 90' lang='lat' dir='ltr'><strong>nem</strong></span> <span class='ocrx_word' id='word_1_212' title='bbox 2252 1667 2482 1721; x_wconf 88' lang='lat' dir='ltr'><strong>prorsus</strong></span> <span class='ocrx_word' id='word_1_213' title='bbox 2521 1669 2736 1721; x_wconf 86' lang='lat' dir='ltr'><strong>corum,</strong></span> <span class='ocrx_word' id='word_1_214' title='bbox 2761 1655 2854 1724; x_wconf 89' lang='lat' dir='ltr'><strong>qui</strong></span> <span class='ocrx_word' id='word_1_215' title='bbox 2881 1656 3191 1712; x_wconf 85' lang='lat' dir='ltr'><strong>animantes</strong></span> <span class='ocrx_word' id='word_1_216' title='bbox 3216 1658 3369 1722; x_wconf 90' lang='lat' dir='ltr'><strong>olim,</strong></span> <span class='ocrx_word' id='word_1_217' title='bbox 3394 1663 3676 1732; x_wconf 87' lang='lat' dir='ltr'><strong>multoque</strong></span> 
     </span>
    </p>
   </div>
   <div class='ocr_carea' id='block_1_33' title="bbox 2097 1745 3670 1815">
    <p class='ocr_par' dir='ltr' id='par_1_33' title="bbox 2097 1745 3670 1815">
     <span class='ocr_line' id='line_1_33' title="bbox 2097 1745 3670 1815; baseline 0.01 -19"><span class='ocrx_word' id='word_1_218' title='bbox 2097 1745 2280 1800; x_wconf 91' lang='lat' dir='ltr'><strong>minus</strong></span> <span class='ocrx_word' id='word_1_219' title='bbox 2325 1746 2418 1815; x_wconf 90' lang='lat' dir='ltr'><strong>qui</strong></span> <span class='ocrx_word' id='word_1_220' title='bbox 2474 1747 2724 1804; x_wconf 85' lang='lat' dir='ltr'><strong>homines</strong></span> <span class='ocrx_word' id='word_1_221' title='bbox 2770 1750 3113 1805; x_wconf 67' lang='lat' dir='ltr'><strong>daamonibus</strong></span> <span class='ocrx_word' id='word_1_222' title='bbox 3160 1752 3530 1813; x_wconf 88' lang='lat' dir='ltr'><strong>immolarent.</strong></span> <span class='ocrx_word' id='word_1_223' title='bbox 3576 1771 3670 1810; x_wconf 89' lang='lat' dir='ltr'><strong>sa-</strong></span> 
     </span>
    </p>
   </div>
   <div class='ocr_carea' id='block_1_34' title="bbox 409 1831 1989 1917">
    <p class='ocr_par' dir='ltr' id='par_1_34' title="bbox 409 1837 1989 1913">
     <span class='ocr_line' id='line_1_34' title="bbox 409 1837 1989 1913; baseline -0.005 -17"><span class='ocrx_word' id='word_1_224' title='bbox 409 1842 644 1913; x_wconf 83' lang='grc' dir='ltr'>φαύλους</span> <span class='ocrx_word' id='word_1_225' title='bbox 672 1840 953 1911; x_wconf 76' lang='grc' dir='ltr'>ἱλεούμενοι</span> <span class='ocrx_word' id='word_1_226' title='bbox 983 1839 1244 1909; x_wconf 84' lang='grc' dir='ltr'>δαίμονας</span> <span class='ocrx_word' id='word_1_227' title='bbox 1297 1841 1418 1903; x_wconf 88' lang='grc' dir='ltr'>ταῖς</span> <span class='ocrx_word' id='word_1_228' title='bbox 1448 1838 1590 1891; x_wconf 81' lang='grc' dir='ltr'>κατὰ</span> <span class='ocrx_word' id='word_1_229' title='bbox 1623 1837 1799 1890; x_wconf 88' lang='grc' dir='ltr'>πάντα</span> <span class='ocrx_word' id='word_1_230' title='bbox 1825 1838 1989 1890; x_wconf 85' lang='grc' dir='ltr'>τόπον</span> 
     </span>
    </p>
   </div>
   <div class='ocr_carea' id='block_1_35' title="bbox 2093 1831 3672 1917">
    <p class='ocr_par' dir='ltr' id='par_1_35' title="bbox 2094 1836 3672 1917">
     <span class='ocr_line' id='line_1_35' title="bbox 2094 1836 3672 1917; baseline 0.009 -30"><span class='ocrx_word' id='word_1_231' title='bbox 2094 1836 2328 1904; x_wconf 86' lang='lat' dir='ltr'><strong>pientem</strong></span> <span class='ocrx_word' id='word_1_232' title='bbox 2364 1845 2418 1891; x_wconf 89' lang='lat' dir='ltr'><strong>et</strong></span> <span class='ocrx_word' id='word_1_233' title='bbox 2443 1853 2663 1908; x_wconf 63' lang='lat' dir='ltr'><strong>aequum</strong></span> <span class='ocrx_word' id='word_1_234' title='bbox 2699 1842 2969 1896; x_wconf 88' lang='lat' dir='ltr'><strong>nominari</strong></span> <span class='ocrx_word' id='word_1_235' title='bbox 2994 1843 3117 1912; x_wconf 88' lang='lat' dir='ltr'><strong>jure</strong></span> <span class='ocrx_word' id='word_1_236' title='bbox 3147 1858 3328 1913; x_wconf 88' lang='lat' dir='ltr'><strong>posse.</strong></span> <span class='ocrx_word' id='word_1_237' title='bbox 3353 1844 3517 1915; x_wconf 90' lang='lat' dir='ltr'><strong>Atqui</strong></span> <span class='ocrx_word' id='word_1_238' title='bbox 3540 1863 3672 1917; x_wconf 85' lang='lat' dir='ltr'><strong>gen-</strong></span> 
     </span>
    </p>
   </div>
   <div class='ocr_carea' id='block_1_36' title="bbox 410 1928 1991 2002">
    <p class='ocr_par' dir='ltr' id='par_1_36' title="bbox 410 1928 1991 2002">
     <span class='ocr_line' id='line_1_36' title="bbox 410 1928 1991 2002; baseline -0.003 -17"><span class='ocrx_word' id='word_1_239' title='bbox 410 1931 852 2002; x_wconf 81' lang='grc' dir='ltr'>ὲπιτελουμέναις</span> <span class='ocrx_word' id='word_1_240' title='bbox 879 1928 1366 2001; x_wconf 85' lang='grc' dir='ltr'>άνθρωποθυσίαις.</span> <span class='ocrx_word' id='word_1_241' title='bbox 1408 1928 1595 1990; x_wconf 77' lang='grc' dir='ltr'>Οὐδεὶς</span> <span class='ocrx_word' id='word_1_242' title='bbox 1634 1929 1742 1999; x_wconf 80' lang='grc' dir='ltr'>ἄρα</span> <span class='ocrx_word' id='word_1_243' title='bbox 1786 1928 1991 1981; x_wconf 88' lang='grc' dir='ltr'>τούτων</span> 
     </span>
    </p>
   </div>
   <div class='ocr_carea' id='block_1_37' title="bbox 412 2015 1991 2095">
    <p class='ocr_par' dir='ltr' id='par_1_37' title="bbox 412 2015 1991 2095">
     <span class='ocr_line' id='line_1_37' title="bbox 412 2015 1991 2095; baseline -0.004 -17"><span class='ocrx_word' id='word_1_244' title='bbox 412 2024 631 2088; x_wconf 82' lang='grc' dir='ltr'>συνετὸς</span> <span class='ocrx_word' id='word_1_245' title='bbox 665 2020 733 2095; x_wconf 81' lang='grc' dir='ltr'>ἦν</span> <span class='ocrx_word' id='word_1_246' title='bbox 781 2023 875 2077; x_wconf 70' lang='grc' dir='ltr'><strong>καὶ</strong></span> <span class='ocrx_word' id='word_1_247' title='bbox 909 2021 1158 2091; x_wconf 83' lang='grc' dir='ltr'>σώφρων.</span> <span class='ocrx_word' id='word_1_248' title='bbox 1199 2019 1257 2073; x_wconf 89' lang='lat'><strong>&#39;0</strong></span> <span class='ocrx_word' id='word_1_249' title='bbox 1296 2021 1395 2091; x_wconf 80' lang='grc' dir='ltr'>μὲν</span> <span class='ocrx_word' id='word_1_250' title='bbox 1424 2015 1517 2073; x_wconf 78' lang='grc' dir='ltr'><strong>οὖν</strong></span> <span class='ocrx_word' id='word_1_251' title='bbox 1550 2021 1727 2083; x_wconf 86' lang='grc' dir='ltr'>κοινὸς</span> <span class='ocrx_word' id='word_1_252' title='bbox 1761 2022 1855 2073; x_wconf 73' lang='grc' dir='ltr'><strong>καὶ</strong></span> <span class='ocrx_word' id='word_1_253' title='bbox 1895 2020 1991 2073; x_wconf 66' lang='grc' dir='ltr'><strong>ἀνα</strong></span> 
     </span>
    </p>
   </div>
   <div class='ocr_carea' id='block_1_38' title="bbox 409 2111 1992 2188">
    <p class='ocr_par' dir='ltr' id='par_1_38' title="bbox 409 2111 1992 2188">
     <span class='ocr_line' id='line_1_38' title="bbox 409 2111 1992 2188; baseline -0.004 -18"><span class='ocrx_word' id='word_1_254' title='bbox 409 2115 679 2188; x_wconf 82' lang='grc' dir='ltr'>θρώπινος</span> <span class='ocrx_word' id='word_1_255' title='bbox 716 2113 994 2184; x_wconf 83' lang='grc' dir='ltr'>λογισμὸς,</span> <span class='ocrx_word' id='word_1_256' title='bbox 1043 2112 1305 2182; x_wconf 78' lang='grc' dir='ltr'>ἑπόμενος</span> <span class='ocrx_word' id='word_1_257' title='bbox 1335 2111 1481 2183; x_wconf 80' lang='grc' dir='ltr'>ὀρθῷ</span> <span class='ocrx_word' id='word_1_258' title='bbox 1518 2111 1679 2182; x_wconf 85' lang='grc' dir='ltr'>λόγῳ,</span> <span class='ocrx_word' id='word_1_259' title='bbox 1712 2113 1878 2165; x_wconf 79' lang='grc' dir='ltr'>παντὶ</span> <span class='ocrx_word' id='word_1_260' title='bbox 1915 2111 1992 2183; x_wconf 80' lang='grc' dir='ltr'>τῷ</span> 
     </span>
    </p>
   </div>
   <div class='ocr_carea' id='block_1_39' title="bbox 412 2203 1992 2280">
    <p class='ocr_par' dir='ltr' id='par_1_39' title="bbox 412 2203 1992 2280">
     <span class='ocr_line' id='line_1_39' title="bbox 412 2203 1992 2280; baseline -0.005 -16"><span class='ocrx_word' id='word_1_261' title='bbox 412 2208 617 2280; x_wconf 86' lang='grc' dir='ltr'>συνετῷ</span> <span class='ocrx_word' id='word_1_262' title='bbox 643 2209 738 2262; x_wconf 75' lang='grc' dir='ltr'><strong>καὶ</strong></span> <span class='ocrx_word' id='word_1_263' title='bbox 768 2206 1006 2278; x_wconf 76' lang='grc' dir='ltr'>σώφρονι</span> <span class='ocrx_word' id='word_1_264' title='bbox 1031 2206 1327 2278; x_wconf 78' lang='grc' dir='ltr'>διαρρήδην</span> <span class='ocrx_word' id='word_1_265' title='bbox 1363 2203 1624 2276; x_wconf 80' lang='grc' dir='ltr'>κηρύττει</span> <span class='ocrx_word' id='word_1_266' title='bbox 1653 2204 1727 2275; x_wconf 84' lang='grc' dir='ltr'><strong>μὴ</strong></span> <span class='ocrx_word' id='word_1_267' title='bbox 1756 2203 1992 2275; x_wconf 79' lang='grc' dir='ltr'>χρῆσθαι</span> 
     </span>
    </p>
   </div>
   <div class='ocr_carea' id='block_1_40' title="bbox 411 2296 1993 2372">
    <p class='ocr_par' dir='ltr' id='par_1_40' title="bbox 411 2296 1993 2372">
     <span class='ocr_line' id='line_1_40' title="bbox 411 2296 1993 2372; baseline -0.004 -18"><span class='ocrx_word' id='word_1_268' title='bbox 411 2300 622 2365; x_wconf 82' lang='grc' dir='ltr'>θυσίαις</span> <span class='ocrx_word' id='word_1_269' title='bbox 652 2301 744 2354; x_wconf 72' lang='grc' dir='ltr'><strong>ἐπὶ</strong></span> <span class='ocrx_word' id='word_1_270' title='bbox 776 2298 1042 2372; x_wconf 72' lang='grc' dir='ltr'>θεραπείᾳ</span> <span class='ocrx_word' id='word_1_271' title='bbox 1065 2298 1171 2352; x_wconf 81' lang='grc' dir='ltr'>τῶν</span> <span class='ocrx_word' id='word_1_272' title='bbox 1205 2297 1454 2369; x_wconf 82' lang='grc' dir='ltr'>πονηρῶν</span> <span class='ocrx_word' id='word_1_273' title='bbox 1482 2296 1749 2366; x_wconf 85' lang='grc' dir='ltr'>δαιμόνων</span> <span class='ocrx_word' id='word_1_274' title='bbox 1770 2311 1784 2328; x_wconf 89' lang='grc'><strong>·</strong></span> <span class='ocrx_word' id='word_1_275' title='bbox 1827 2313 1993 2350; x_wconf 85' lang='grc' dir='ltr'>σπου-</span> 
     </span>
    </p>
   </div>
   <div class='ocr_carea' id='block_1_41' title="bbox 409 2384 1993 2459">
    <p class='ocr_par' dir='ltr' id='par_1_41' title="bbox 409 2384 1993 2459">
     <span class='ocr_line' id='line_1_41' title="bbox 409 2384 1993 2459; baseline -0.004 -15"><span class='ocrx_word' id='word_1_276' title='bbox 409 2390 592 2454; x_wconf 75' lang='grc' dir='ltr'>δάζειν</span> <span class='ocrx_word' id='word_1_277' title='bbox 622 2390 680 2443; x_wconf 86' lang='grc' dir='ltr'><strong>δὲ</strong></span> <span class='ocrx_word' id='word_1_278' title='bbox 721 2387 1007 2459; x_wconf 87' lang='grc' dir='ltr'>καθαίρειν</span> <span class='ocrx_word' id='word_1_279' title='bbox 1062 2387 1161 2458; x_wconf 80' lang='grc' dir='ltr'>τὴν</span> <span class='ocrx_word' id='word_1_280' title='bbox 1203 2386 1377 2458; x_wconf 79' lang='grc' dir='ltr'>ψυχὴν</span> <span class='ocrx_word' id='word_1_281' title='bbox 1416 2386 1706 2448; x_wconf 87' lang='grc' dir='ltr'>παντοίως.</span> <span class='ocrx_word' id='word_1_282' title='bbox 1758 2384 1993 2458; x_wconf 80' lang='grc' dir='ltr'>Καθαρᾷ</span> 
     </span>
    </p>
   </div>
   <div class='ocr_carea' id='block_1_42' title="bbox 410 2476 1993 2553">
    <p class='ocr_par' dir='ltr' id='par_1_42' title="bbox 410 2476 1993 2553">
     <span class='ocr_line' id='line_1_42' title="bbox 410 2476 1993 2553; baseline 0.001 -23"><span class='ocrx_word' id='word_1_283' title='bbox 410 2483 521 2553; x_wconf 74' lang='grc' dir='ltr'>γὰρ</span> <span class='ocrx_word' id='word_1_284' title='bbox 549 2480 692 2551; x_wconf 77' lang='grc' dir='ltr'>ψυχῇ</span> <span class='ocrx_word' id='word_1_285' title='bbox 732 2480 805 2551; x_wconf 85' lang='grc' dir='ltr'><strong>μὴ</strong></span> <span class='ocrx_word' id='word_1_286' title='bbox 836 2477 1191 2540; x_wconf 77' lang='grc' dir='ltr'>ἐπιτίθεσθαι,</span> <span class='ocrx_word' id='word_1_287' title='bbox 1220 2477 1308 2530; x_wconf 85' lang='grc' dir='ltr'><strong>διὰ</strong></span> <span class='ocrx_word' id='word_1_288' title='bbox 1331 2477 1392 2529; x_wconf 82' lang='grc' dir='ltr'><strong>τὸ</strong></span> <span class='ocrx_word' id='word_1_289' title='bbox 1424 2476 1606 2538; x_wconf 82' lang='grc' dir='ltr'>αὐτοῖς</span> <span class='ocrx_word' id='word_1_290' title='bbox 1646 2476 1897 2546; x_wconf 85' lang='grc' dir='ltr'>ἀνόμοιον</span> <span class='ocrx_word' id='word_1_291' title='bbox 1918 2493 1931 2506; x_wconf 84' lang='lat'><strong><em>°</em></strong></span> <span class='ocrx_word' id='word_1_292' title='bbox 1964 2479 1993 2531; x_wconf 85' lang='grc' dir='ltr'><strong>ὁ</strong></span> 
     </span>
    </p>
   </div>
   <div class='ocr_carea' id='block_1_43' title="bbox 411 2565 1993 2639">
    <p class='ocr_par' dir='ltr' id='par_1_43' title="bbox 411 2565 1993 2639">
     <span class='ocr_line' id='line_1_43' title="bbox 411 2565 1993 2639; baseline -0.004 -12"><span class='ocrx_word' id='word_1_293' title='bbox 411 2573 471 2627; x_wconf 79' lang='grc' dir='ltr'><strong>δὲ</strong></span> <span class='ocrx_word' id='word_1_294' title='bbox 516 2572 636 2636; x_wconf 87' lang='grc' dir='ltr'>θεὸς</span> <span class='ocrx_word' id='word_1_295' title='bbox 670 2573 853 2634; x_wconf 84' lang='grc' dir='ltr'>αὐτοῖς</span> <span class='ocrx_word' id='word_1_296' title='bbox 906 2571 935 2622; x_wconf 86' lang='grc' dir='ltr'>ὁ</span> <span class='ocrx_word' id='word_1_297' title='bbox 992 2568 1263 2622; x_wconf 83' lang='grc' dir='ltr'>Ἀπόλλων</span> <span class='ocrx_word' id='word_1_298' title='bbox 1296 2567 1499 2639; x_wconf 85' lang='grc' dir='ltr'>(πάλιν</span> <span class='ocrx_word' id='word_1_299' title='bbox 1538 2566 1647 2639; x_wconf 87' lang='grc' dir='ltr'>γὰρ</span> <span class='ocrx_word' id='word_1_300' title='bbox 1682 2565 1993 2638; x_wconf 85' lang='grc' dir='ltr'>ἀνθρώποις</span> 
     </span>
    </p>
   </div>
   <div class='ocr_carea' id='block_1_44' title="bbox 408 2659 1989 2736">
    <p class='ocr_par' dir='ltr' id='par_1_44' title="bbox 408 2659 1989 2736">
     <span class='ocr_line' id='line_1_44' title="bbox 408 2659 1989 2736; baseline -0.003 -18"><span class='ocrx_word' id='word_1_301' title='bbox 408 2664 594 2718; x_wconf 80' lang='grc' dir='ltr'>τοῦτον</span> <span class='ocrx_word' id='word_1_302' title='bbox 632 2664 1036 2736; x_wconf 78' lang='grc' dir='ltr'>παραδλητέον,</span> <span class='ocrx_word' id='word_1_303' title='bbox 1086 2662 1180 2717; x_wconf 81' lang='grc' dir='ltr'>καὶ</span> <span class='ocrx_word' id='word_1_304' title='bbox 1224 2661 1464 2715; x_wconf 85' lang='grc' dir='ltr'>δεικτέον</span> <span class='ocrx_word' id='word_1_305' title='bbox 1516 2661 1640 2714; x_wconf 83' lang='grc' dir='ltr'>ὅσον</span> <span class='ocrx_word' id='word_1_306' title='bbox 1680 2659 1775 2713; x_wconf 82' lang='grc' dir='ltr'>τοῦ</span> <span class='ocrx_word' id='word_1_307' title='bbox 1827 2659 1989 2731; x_wconf 82' lang='grc' dir='ltr'>ὀρθοῦ</span> 
     </span>
    </p>
   </div>
   <div class='ocr_carea' id='block_1_45' title="bbox 409 2753 1989 2828">
    <p class='ocr_par' dir='ltr' id='par_1_45' title="bbox 409 2753 1989 2828">
     <span class='ocr_line' id='line_1_45' title="bbox 409 2753 1989 2828; baseline -0.002 -19"><span class='ocrx_word' id='word_1_308' title='bbox 409 2756 653 2812; x_wconf 88' lang='grc' dir='ltr'>λείπεται</span> <span class='ocrx_word' id='word_1_309' title='bbox 692 2756 1017 2828; x_wconf 82' lang='grc' dir='ltr'>λογισμοῦ,)</span> <span class='ocrx_word' id='word_1_310' title='bbox 1052 2755 1377 2827; x_wconf 81' lang='grc' dir='ltr'>προστάττει</span> <span class='ocrx_word' id='word_1_311' title='bbox 1419 2753 1496 2825; x_wconf 81' lang='grc' dir='ltr'>τῷ</span> <span class='ocrx_word' id='word_1_312' title='bbox 1528 2753 1749 2824; x_wconf 80' lang='grc' dir='ltr'>πονηρῷ</span> <span class='ocrx_word' id='word_1_313' title='bbox 1776 2753 1989 2824; x_wconf 86' lang='grc' dir='ltr'>δαίμονι</span> 
     </span>
    </p>
   </div>
   <div class='ocr_carea' id='block_1_46' title="bbox 410 2843 1991 2918">
    <p class='ocr_par' dir='ltr' id='par_1_46' title="bbox 410 2843 1991 2918">
     <span class='ocr_line' id='line_1_46' title="bbox 410 2843 1991 2918; baseline -0.003 -18"><span class='ocrx_word' id='word_1_314' title='bbox 410 2846 579 2911; x_wconf 83' lang='grc' dir='ltr'>θύειν,</span> <span class='ocrx_word' id='word_1_315' title='bbox 621 2848 722 2901; x_wconf 79' lang='grc' dir='ltr'><strong>οὐκ</strong></span> <span class='ocrx_word' id='word_1_316' title='bbox 753 2848 945 2912; x_wconf 83' lang='grc' dir='ltr'>ἄλλως,</span> <span class='ocrx_word' id='word_1_317' title='bbox 984 2847 1017 2918; x_wconf 83' lang='grc' dir='ltr'><strong>ἢ</strong></span> <span class='ocrx_word' id='word_1_318' title='bbox 1060 2846 1259 2918; x_wconf 74' lang='grc' dir='ltr'>δηλαδὴ</span> <span class='ocrx_word' id='word_1_319' title='bbox 1308 2845 1459 2915; x_wconf 79' lang='grc' dir='ltr'>φίλος</span> <span class='ocrx_word' id='word_1_320' title='bbox 1497 2843 1572 2899; x_wconf 83' lang='grc' dir='ltr'>ὢν</span> <span class='ocrx_word' id='word_1_321' title='bbox 1615 2843 1765 2914; x_wconf 85' lang='grc' dir='ltr'>αὐτῷ</span> <span class='ocrx_word' id='word_1_322' title='bbox 1788 2861 1802 2875; x_wconf 79' lang='grc' dir='ltr'><strong>ο</strong></span> <span class='ocrx_word' id='word_1_323' title='bbox 1835 2843 1991 2915; x_wconf 85' lang='grc' dir='ltr'>κακῷ</span> 
     </span>
    </p>
   </div>
   <div class='ocr_carea' id='block_1_47' title="bbox 408 2934 1988 3011">
    <p class='ocr_par' dir='ltr' id='par_1_47' title="bbox 408 2934 1988 3011">
     <span class='ocr_line' id='line_1_47' title="bbox 408 2934 1988 3011; baseline -0.002 -20"><span class='ocrx_word' id='word_1_324' title='bbox 408 2940 465 2992; x_wconf 78' lang='grc' dir='ltr'><strong>δὲ</strong></span> <span class='ocrx_word' id='word_1_325' title='bbox 490 2940 550 2993; x_wconf 87' lang='grc' dir='ltr'>τὸ</span> <span class='ocrx_word' id='word_1_326' title='bbox 571 2940 753 3011; x_wconf 82' lang='grc' dir='ltr'>ὅμοιον</span> <span class='ocrx_word' id='word_1_327' title='bbox 776 2939 958 3007; x_wconf 80' lang='grc' dir='ltr'>φίλον.</span> <span class='ocrx_word' id='word_1_328' title='bbox 996 2936 1200 2992; x_wconf 80' lang='grc' dir='ltr'>Τούτου</span> <span class='ocrx_word' id='word_1_329' title='bbox 1228 2936 1286 2990; x_wconf 81' lang='grc' dir='ltr'><strong>δὲ</strong></span> <span class='ocrx_word' id='word_1_330' title='bbox 1313 2936 1525 3007; x_wconf 86' lang='grc' dir='ltr'>μάρτυς</span> <span class='ocrx_word' id='word_1_331' title='bbox 1548 2937 1579 2990; x_wconf 81' lang='grc' dir='ltr'><strong>ὁ</strong></span> <span class='ocrx_word' id='word_1_332' title='bbox 1611 2934 1706 2987; x_wconf 72' lang='grc' dir='ltr'><strong>καὶ</strong></span> <span class='ocrx_word' id='word_1_333' title='bbox 1730 2934 1988 3005; x_wconf 81' lang='grc' dir='ltr'>πρόσθεν,</span> 
     </span>
    </p>
   </div>
   <div class='ocr_carea' id='block_1_48' title="bbox 409 3018 1987 3101">
    <p class='ocr_par' dir='ltr' id='par_1_48' title="bbox 409 3018 1987 3101">
     <span class='ocr_line' id='line_1_48' title="bbox 409 3018 1987 3101; baseline -0.003 -19"><span class='ocrx_word' id='word_1_334' title='bbox 409 3031 467 3082; x_wconf 79' lang='grc' dir='ltr'>ὲν</span> <span class='ocrx_word' id='word_1_335' title='bbox 504 3025 585 3093; x_wconf 73' lang='grc' dir='ltr'>οἷς</span> <span class='ocrx_word' id='word_1_336' title='bbox 620 3029 900 3101; x_wconf 71' lang='grc' dir='ltr'>ἐπέγραψε</span> <span class='ocrx_word' id='word_1_337' title='bbox 949 3029 1046 3099; x_wconf 78' lang='grc' dir='ltr'><strong>τῆς</strong></span> <span class='ocrx_word' id='word_1_338' title='bbox 1085 3030 1151 3081; x_wconf 84' lang='grc' dir='ltr'>ὲκ</span> <span class='ocrx_word' id='word_1_339' title='bbox 1188 3028 1417 3096; x_wconf 79' lang='grc' dir='ltr'>Λογίων</span> <span class='ocrx_word' id='word_1_340' title='bbox 1464 3025 1857 3096; x_wconf 69' lang='grc' dir='ltr'>Φιλοσοφίας,</span> <span class='ocrx_word' id='word_1_341' title='bbox 1881 3018 1987 3078; x_wconf 80' lang='grc' dir='ltr'><strong>ὧδε</strong></span> 
     </span>
    </p>
   </div>
   <div class='ocr_carea' id='block_1_49' title="bbox 412 3119 1006 3193">
    <p class='ocr_par' dir='ltr' id='par_1_49' title="bbox 412 3119 1006 3193">
     <span class='ocr_line' id='line_1_49' title="bbox 412 3119 1006 3193; baseline 0.002 -21"><span class='ocrx_word' id='word_1_342' title='bbox 412 3120 641 3193; x_wconf 77' lang='grc' dir='ltr'>ἱστορῶν</span> <span class='ocrx_word' id='word_1_343' title='bbox 668 3120 810 3174; x_wconf 87' lang='grc' dir='ltr'><strong>κατὰ</strong></span> <span class='ocrx_word' id='word_1_344' title='bbox 842 3119 1006 3184; x_wconf 80' lang='grc' dir='ltr'>λέξιν.</span> 
     </span>
    </p>
   </div>
   <div class='ocr_carea' id='block_1_50' title="bbox 2096 1928 3673 2005">
    <p class='ocr_par' dir='ltr' id='par_1_50' title="bbox 2096 1928 3673 2005">
     <span class='ocr_line' id='line_1_50' title="bbox 2096 1928 3673 2005; baseline 0.01 -27"><span class='ocrx_word' id='word_1_345' title='bbox 2096 1933 2177 1980; x_wconf 86' lang='lat' dir='ltr'><strong>tes</strong></span> <span class='ocrx_word' id='word_1_346' title='bbox 2206 1928 2599 1996; x_wconf 83' lang='lat' dir='ltr'><strong>propemodum</strong></span> <span class='ocrx_word' id='word_1_347' title='bbox 2634 1930 2944 1997; x_wconf 82' lang='lat' dir='ltr'><strong>universas,</strong></span> <span class='ocrx_word' id='word_1_348' title='bbox 2981 1933 3301 2005; x_wconf 87' lang='lat' dir='ltr'><strong>priusquam</strong></span> <span class='ocrx_word' id='word_1_349' title='bbox 3344 1946 3537 1992; x_wconf 88' lang='lat' dir='ltr'><strong>noster</strong></span> <span class='ocrx_word' id='word_1_350' title='bbox 3585 1939 3673 1994; x_wconf 90' lang='lat' dir='ltr'><strong>ille</strong></span> 
     </span>
    </p>
   </div>
   <div class='ocr_carea' id='block_1_51' title="bbox 2092 2015 3668 2085">
    <p class='ocr_par' dir='ltr' id='par_1_51' title="bbox 2092 2015 3668 2085">
     <span class='ocr_line' id='line_1_51' title="bbox 2092 2015 3668 2085; baseline 0.011 -17"><span class='ocrx_word' id='word_1_351' title='bbox 2092 2015 2348 2074; x_wconf 88' lang='lat' dir='ltr'><strong>Christus</strong></span> <span class='ocrx_word' id='word_1_352' title='bbox 2398 2019 2453 2073; x_wconf 90' lang='lat' dir='ltr'><strong>in</strong></span> <span class='ocrx_word' id='word_1_353' title='bbox 2504 2020 2788 2076; x_wconf 89' lang='lat' dir='ltr'><strong>hominum</strong></span> <span class='ocrx_word' id='word_1_354' title='bbox 2840 2037 2961 2079; x_wconf 87' lang='lat' dir='ltr'><strong>sese</strong></span> <span class='ocrx_word' id='word_1_355' title='bbox 2996 2025 3163 2079; x_wconf 89' lang='lat' dir='ltr'><strong>vitam</strong></span> <span class='ocrx_word' id='word_1_356' title='bbox 3229 2042 3294 2083; x_wconf 90' lang='lat' dir='ltr'><strong>ac</strong></span> <span class='ocrx_word' id='word_1_357' title='bbox 3346 2031 3668 2085; x_wconf 87' lang='lat' dir='ltr'><strong>societatem</strong></span> 
     </span>
    </p>
   </div>
   <div class='ocr_carea' id='block_1_52' title="bbox 2094 2108 3669 2193">
    <p class='ocr_par' dir='ltr' id='par_1_52' title="bbox 2094 2108 3669 2193">
     <span class='ocr_line' id='line_1_52' title="bbox 2094 2108 3669 2193; baseline 0.012 -33"><span class='ocrx_word' id='word_1_358' title='bbox 2094 2108 2387 2175; x_wconf 85' lang='lat' dir='ltr'><strong>intulisset,</strong></span> <span class='ocrx_word' id='word_1_359' title='bbox 2421 2109 2699 2181; x_wconf 89' lang='lat' dir='ltr'><strong>improbos</strong></span> <span class='ocrx_word' id='word_1_360' title='bbox 2763 2113 3040 2173; x_wconf 64' lang='lat' dir='ltr'><strong>daemones</strong></span> <span class='ocrx_word' id='word_1_361' title='bbox 3094 2119 3433 2177; x_wconf 87' lang='lat' dir='ltr'><strong>solemnibus</strong></span> <span class='ocrx_word' id='word_1_362' title='bbox 3466 2124 3669 2193; x_wconf 88' lang='lat' dir='ltr'><strong>passim</strong></span> 
     </span>
    </p>
   </div>
   <div class='ocr_carea' id='block_1_53' title="bbox 2094 2199 3672 2276">
    <p class='ocr_par' dir='ltr' id='par_1_53' title="bbox 2094 2199 3672 2276">
     <span class='ocr_line' id='line_1_53' title="bbox 2094 2199 3672 2276; baseline 0.011 -23"><span class='ocrx_word' id='word_1_363' title='bbox 2094 2199 2379 2256; x_wconf 87' lang='lat' dir='ltr'><strong>hominum</strong></span> <span class='ocrx_word' id='word_1_364' title='bbox 2405 2203 2692 2260; x_wconf 78' lang='lat' dir='ltr'><strong>sacrificiis</strong></span> <span class='ocrx_word' id='word_1_365' title='bbox 2726 2206 3050 2276; x_wconf 85' lang='lat' dir='ltr'><strong>placavisse,</strong></span> <span class='ocrx_word' id='word_1_366' title='bbox 3084 2211 3373 2267; x_wconf 80' lang='lat' dir='ltr'><strong>manifeste</strong></span> <span class='ocrx_word' id='word_1_367' title='bbox 3408 2215 3542 2270; x_wconf 88' lang='lat' dir='ltr'><strong>satis</strong></span> <span class='ocrx_word' id='word_1_368' title='bbox 3577 2230 3672 2271; x_wconf 86' lang='lat' dir='ltr'><strong>os-</strong></span> 
     </span>
    </p>
   </div>
   <div class='ocr_carea' id='block_1_54' title="bbox 2095 2294 3674 2375">
    <p class='ocr_par' dir='ltr' id='par_1_54' title="bbox 2095 2294 3674 2375">
     <span class='ocr_line' id='line_1_54' title="bbox 2095 2294 3674 2375; baseline 0.009 -28"><span class='ocrx_word' id='word_1_369' title='bbox 2095 2295 2393 2349; x_wconf 89' lang='lat' dir='ltr'><strong>tendimus.</strong></span> <span class='ocrx_word' id='word_1_370' title='bbox 2450 2294 2643 2351; x_wconf 87' lang='lat' dir='ltr'><strong>Restat</strong></span> <span class='ocrx_word' id='word_1_371' title='bbox 2686 2298 2875 2367; x_wconf 85' lang='lat' dir='ltr'><strong>igitur,</strong></span> <span class='ocrx_word' id='word_1_372' title='bbox 2908 2302 3118 2356; x_wconf 91' lang='lat' dir='ltr'><strong>nullum</strong></span> <span class='ocrx_word' id='word_1_373' title='bbox 3167 2312 3228 2358; x_wconf 90' lang='lat' dir='ltr'><strong>ut</strong></span> <span class='ocrx_word' id='word_1_374' title='bbox 3277 2305 3420 2375; x_wconf 92' lang='lat' dir='ltr'><strong>apud</strong></span> <span class='ocrx_word' id='word_1_375' title='bbox 3461 2322 3555 2362; x_wconf 90' lang='lat' dir='ltr'><strong>eas</strong></span> <span class='ocrx_word' id='word_1_376' title='bbox 3589 2308 3674 2363; x_wconf 90' lang='lat' dir='ltr'><strong>vel</strong></span> 
     </span>
    </p>
   </div>
   <div class='ocr_carea' id='block_1_55' title="bbox 2092 2386 3675 2465">
    <p class='ocr_par' dir='ltr' id='par_1_55' title="bbox 2092 2386 3675 2465">
     <span class='ocr_line' id='line_1_55' title="bbox 2092 2386 3675 2465; baseline 0.011 -27"><span class='ocrx_word' id='word_1_377' title='bbox 2092 2386 2418 2454; x_wconf 89' lang='lat' dir='ltr'><strong>prudentem</strong></span> <span class='ocrx_word' id='word_1_378' title='bbox 2450 2388 2534 2442; x_wconf 86' lang='lat' dir='ltr'><strong>vel</strong></span> <span class='ocrx_word' id='word_1_379' title='bbox 2585 2405 2802 2459; x_wconf 71' lang='lat' dir='ltr'><strong>aequum</strong></span> <span class='ocrx_word' id='word_1_380' title='bbox 2833 2407 3141 2465; x_wconf 87' lang='lat' dir='ltr'><strong>sanumque</strong></span> <span class='ocrx_word' id='word_1_381' title='bbox 3181 2394 3354 2453; x_wconf 81' lang='lat' dir='ltr'><strong>fuisse</strong></span> <span class='ocrx_word' id='word_1_382' title='bbox 3380 2400 3675 2455; x_wconf 87' lang='lat' dir='ltr'><strong>concluda-</strong></span> 
     </span>
    </p>
   </div>
   <div class='ocr_carea' id='block_1_56' title="bbox 2094 2477 3779 2561">
    <p class='ocr_par' dir='ltr' id='par_1_56' title="bbox 2094 2477 3779 2561">
     <span class='ocr_line' id='line_1_56' title="bbox 2094 2477 3779 2561; baseline 0.01 -31"><span class='ocrx_word' id='word_1_383' title='bbox 2094 2492 2237 2531; x_wconf 86' lang='lat' dir='ltr'><strong>mus.</strong></span> <span class='ocrx_word' id='word_1_384' title='bbox 2276 2477 2570 2535; x_wconf 83' lang='lat' dir='ltr'><strong>Enimvero</strong></span> <span class='ocrx_word' id='word_1_385' title='bbox 2622 2498 2747 2536; x_wconf 87' lang='lat' dir='ltr'><strong>cum</strong></span> <span class='ocrx_word' id='word_1_386' title='bbox 2803 2484 3218 2557; x_wconf 88' lang='lat' dir='ltr'><strong>hmnauusipse</strong></span> <span class='ocrx_word' id='word_1_387' title='bbox 3249 2490 3672 2561; x_wconf 88' lang='lat' dir='ltr'><strong>communisque</strong></span> <span class='ocrx_word' id='word_1_388' title='bbox 3772 2518 3779 2525; x_wconf 89' lang='grc'><strong>·</strong></span> 
     </span>
    </p>
   </div>
   <div class='ocr_carea' id='block_1_57' title="bbox 2095 2574 3670 2653">
    <p class='ocr_par' dir='ltr' id='par_1_57' title="bbox 2095 2574 3670 2653">
     <span class='ocr_line' id='line_1_57' title="bbox 2095 2574 3670 2653; baseline 0.01 -29"><span class='ocrx_word' id='word_1_389' title='bbox 2095 2583 2312 2633; x_wconf 80' lang='lat' dir='ltr'><strong>sensus,</strong></span> <span class='ocrx_word' id='word_1_390' title='bbox 2371 2580 2535 2627; x_wconf 76' lang='lat' dir='ltr'><strong>rectae</strong></span> <span class='ocrx_word' id='word_1_391' title='bbox 2595 2574 2826 2630; x_wconf 88' lang='lat' dir='ltr'><strong>rationis</strong></span> <span class='ocrx_word' id='word_1_392' title='bbox 2864 2576 3090 2632; x_wconf 82' lang='lat' dir='ltr'><strong>ductum</strong></span> <span class='ocrx_word' id='word_1_393' title='bbox 3134 2587 3378 2640; x_wconf 78' lang='lat' dir='ltr'><strong>secutus.</strong></span> <span class='ocrx_word' id='word_1_394' title='bbox 3416 2582 3670 2653; x_wconf 71' lang='lat' dir='ltr'><strong>quisquis</strong></span> 
     </span>
    </p>
   </div>
   <div class='ocr_carea' id='block_1_58' title="bbox 2091 2661 3674 2737">
    <p class='ocr_par' dir='ltr' id='par_1_58' title="bbox 2091 2661 3674 2737">
     <span class='ocr_line' id='line_1_58' title="bbox 2091 2661 3674 2737; baseline 0.01 -25"><span class='ocrx_word' id='word_1_395' title='bbox 2091 2668 2146 2713; x_wconf 91' lang='lat' dir='ltr'><strong>et</strong></span> <span class='ocrx_word' id='word_1_396' title='bbox 2174 2661 2394 2730; x_wconf 80' lang='lat' dir='ltr'><strong>sapiens</strong></span> <span class='ocrx_word' id='word_1_397' title='bbox 2424 2671 2478 2717; x_wconf 90' lang='lat' dir='ltr'><strong>et</strong></span> <span class='ocrx_word' id='word_1_398' title='bbox 2515 2677 2708 2732; x_wconf 69' lang='lat' dir='ltr'><strong>aequus</strong></span> <span class='ocrx_word' id='word_1_399' title='bbox 2741 2680 2864 2720; x_wconf 88' lang='lat' dir='ltr'><strong>esse</strong></span> <span class='ocrx_word' id='word_1_400' title='bbox 2894 2667 3042 2732; x_wconf 85' lang='lat' dir='ltr'><strong>velit,</strong></span> <span class='ocrx_word' id='word_1_401' title='bbox 3066 2668 3117 2721; x_wconf 89' lang='lat' dir='ltr'><strong>ei</strong></span> <span class='ocrx_word' id='word_1_402' title='bbox 3145 2670 3363 2737; x_wconf 89' lang='lat' dir='ltr'><strong>penitus</strong></span> <span class='ocrx_word' id='word_1_403' title='bbox 3385 2671 3454 2725; x_wconf 92' lang='lat' dir='ltr'><strong>ab</strong></span> <span class='ocrx_word' id='word_1_404' title='bbox 3487 2686 3553 2727; x_wconf 89' lang='lat' dir='ltr'><strong>eo</strong></span> <span class='ocrx_word' id='word_1_405' title='bbox 3579 2688 3674 2727; x_wconf 78' lang='lat' dir='ltr'><strong>sa-</strong></span> 
     </span>
    </p>
   </div>
   <div class='ocr_carea' id='block_1_59' title="bbox 2096 2751 3676 2829">
    <p class='ocr_par' dir='ltr' id='par_1_59' title="bbox 2096 2751 3676 2829">
     <span class='ocr_line' id='line_1_59' title="bbox 2096 2751 3676 2829; baseline 0.006 -24"><span class='ocrx_word' id='word_1_406' title='bbox 2096 2751 2430 2808; x_wconf 82' lang='lat' dir='ltr'><strong>criﬁciorum</strong></span> <span class='ocrx_word' id='word_1_407' title='bbox 2476 2771 2692 2826; x_wconf 80' lang='lat' dir='ltr'><strong>genere,</strong></span> <span class='ocrx_word' id='word_1_408' title='bbox 2716 2757 2917 2827; x_wconf 87' lang='lat' dir='ltr'><strong>quibus</strong></span> <span class='ocrx_word' id='word_1_409' title='bbox 2958 2760 3192 2829; x_wconf 87' lang='lat' dir='ltr'><strong>improbi</strong></span> <span class='ocrx_word' id='word_1_410' title='bbox 3224 2763 3501 2819; x_wconf 78' lang='lat' dir='ltr'><strong>daemones</strong></span> <span class='ocrx_word' id='word_1_411' title='bbox 3533 2764 3676 2820; x_wconf 80' lang='lat' dir='ltr'><strong>deli.</strong></span> 
     </span>
    </p>
   </div>
   <div class='ocr_carea' id='block_1_60' title="bbox 2093 2846 3672 2925">
    <p class='ocr_par' dir='ltr' id='par_1_60' title="bbox 2093 2846 3672 2925">
     <span class='ocr_line' id='line_1_60' title="bbox 2093 2846 3672 2925; baseline 0.007 -25"><span class='ocrx_word' id='word_1_412' title='bbox 2093 2846 2337 2915; x_wconf 88' lang='lat' dir='ltr'><strong>niantur,</strong></span> <span class='ocrx_word' id='word_1_413' title='bbox 2371 2850 2759 2905; x_wconf 89' lang='lat' dir='ltr'><strong>abstinendum</strong></span> <span class='ocrx_word' id='word_1_414' title='bbox 2794 2862 2983 2917; x_wconf 85' lang='lat' dir='ltr'><strong>aperte</strong></span> <span class='ocrx_word' id='word_1_415' title='bbox 3014 2853 3318 2916; x_wconf 86' lang='lat' dir='ltr'><strong>denuntiet,</strong></span> <span class='ocrx_word' id='word_1_416' title='bbox 3368 2864 3672 2925; x_wconf 86' lang='lat' dir='ltr'><strong>contraque</strong></span> 
     </span>
    </p>
   </div>
   <div class='ocr_carea' id='block_1_61' title="bbox 2092 2942 3670 3016">
    <p class='ocr_par' dir='ltr' id='par_1_61' title="bbox 2092 2942 3670 3016">
     <span class='ocr_line' id='line_1_61' title="bbox 2092 2942 3670 3016; baseline 0.006 -24"><span class='ocrx_word' id='word_1_417' title='bbox 2092 2949 2330 2995; x_wconf 85' lang='lat' dir='ltr'><strong>mentem</strong></span> <span class='ocrx_word' id='word_1_418' title='bbox 2378 2943 2530 2997; x_wconf 87' lang='lat' dir='ltr'><strong>omni</strong></span> <span class='ocrx_word' id='word_1_419' title='bbox 2576 2942 2760 2998; x_wconf 81' lang='lat' dir='ltr'><strong>studio</strong></span> <span class='ocrx_word' id='word_1_420' title='bbox 2805 2958 3039 3013; x_wconf 79' lang='lat' dir='ltr'><strong>purgare</strong></span> <span class='ocrx_word' id='word_1_421' title='bbox 3082 2944 3294 3014; x_wconf 87' lang='lat' dir='ltr'><strong>jubeat,</strong></span> <span class='ocrx_word' id='word_1_422' title='bbox 3341 2947 3488 3016; x_wconf 90' lang='lat' dir='ltr'><strong>quod</strong></span> <span class='ocrx_word' id='word_1_423' title='bbox 3522 2963 3670 3001; x_wconf 84' lang='lat' dir='ltr'><strong>nun-</strong></span> 
     </span>
    </p>
   </div>
   <div class='ocr_carea' id='block_1_62' title="bbox 2091 3034 3672 3106">
    <p class='ocr_par' dir='ltr' id='par_1_62' title="bbox 2091 3034 3672 3106">
     <span class='ocr_line' id='line_1_62' title="bbox 2091 3034 3672 3106; baseline 0.006 -21"><span class='ocrx_word' id='word_1_424' title='bbox 2091 3046 2257 3101; x_wconf 88' lang='lat' dir='ltr'><strong>quam</strong></span> <span class='ocrx_word' id='word_1_425' title='bbox 2295 3034 2366 3088; x_wconf 89' lang='lat' dir='ltr'><strong>ab</strong></span> <span class='ocrx_word' id='word_1_426' title='bbox 2398 3035 2489 3102; x_wconf 89' lang='lat' dir='ltr'><strong>iis,</strong></span> <span class='ocrx_word' id='word_1_427' title='bbox 2530 3045 2752 3106; x_wconf 86' lang='lat' dir='ltr'><strong>propter</strong></span> <span class='ocrx_word' id='word_1_428' title='bbox 2795 3037 2956 3106; x_wconf 78' lang='lat'><strong>168</strong></span> <span class='ocrx_word' id='word_1_429' title='bbox 2987 3052 3201 3091; x_wconf 91' lang='lat' dir='ltr'><strong>morum</strong></span> <span class='ocrx_word' id='word_1_430' title='bbox 3246 3038 3672 3094; x_wconf 84' lang='lat' dir='ltr'><strong>dissimulitudi-</strong></span> 
     </span>
    </p>
   </div>
   <div class='ocr_carea' id='block_1_63' title="bbox 2094 3128 3671 3195">
    <p class='ocr_par' dir='ltr' id='par_1_63' title="bbox 2094 3128 3671 3195">
     <span class='ocr_line' id='line_1_63' title="bbox 2094 3128 3671 3195; baseline 0.007 -19"><span class='ocrx_word' id='word_1_431' title='bbox 2094 3137 2254 3189; x_wconf 88' lang='lat' dir='ltr'><strong>nem,</strong></span> <span class='ocrx_word' id='word_1_432' title='bbox 2303 3140 2477 3195; x_wconf 88' lang='lat' dir='ltr'><strong>purus</strong></span> <span class='ocrx_word' id='word_1_433' title='bbox 2522 3143 2590 3183; x_wconf 88' lang='lat' dir='ltr'><strong>ac</strong></span> <span class='ocrx_word' id='word_1_434' title='bbox 2644 3128 2897 3184; x_wconf 82' lang='lat' dir='ltr'><strong>sincerus</strong></span> <span class='ocrx_word' id='word_1_435' title='bbox 2939 3130 3157 3185; x_wconf 90' lang='lat' dir='ltr'><strong>animus</strong></span> <span class='ocrx_word' id='word_1_436' title='bbox 3186 3130 3476 3185; x_wconf 87' lang='lat' dir='ltr'><strong>invadatur</strong></span> <span class='ocrx_word' id='word_1_437' title='bbox 3509 3149 3522 3185; x_wconf 88' lang='lat'><strong>:</strong></span> <span class='ocrx_word' id='word_1_438' title='bbox 3553 3140 3671 3187; x_wconf 91' lang='lat' dir='ltr'><strong>tum</strong></span> 
     </span>
    </p>
   </div>
   <div class='ocr_carea' id='block_1_64' title="bbox 408 3208 3668 3293">
    <p class='ocr_par' dir='ltr' id='par_1_64' title="bbox 408 3208 3668 3293">
     <span class='ocr_line' id='line_1_64' title="bbox 408 3208 3668 3293; baseline 0.003 -24"><span class='ocrx_word' id='word_1_439' title='bbox 408 3229 540 3270; x_wconf 90' lang='lat' dir='ltr'><strong>vero</strong></span> <span class='ocrx_word' id='word_1_440' title='bbox 576 3224 767 3270; x_wconf 86' lang='lat' dir='ltr'><strong>contra</strong></span> <span class='ocrx_word' id='word_1_441' title='bbox 804 3214 939 3269; x_wconf 88' lang='lat' dir='ltr'><strong>deus</strong></span> <span class='ocrx_word' id='word_1_442' title='bbox 985 3212 1180 3283; x_wconf 85' lang='lat' dir='ltr'><strong>Apollo</strong></span> <span class='ocrx_word' id='word_1_443' title='bbox 1215 3212 1432 3281; x_wconf 87' lang='lat' dir='ltr'><strong>(rursus</strong></span> <span class='ocrx_word' id='word_1_444' title='bbox 1466 3208 1615 3265; x_wconf 90' lang='lat' dir='ltr'><strong>enim</strong></span> <span class='ocrx_word' id='word_1_445' title='bbox 1679 3224 1804 3264; x_wconf 90' lang='lat' dir='ltr'><strong>cum</strong></span> <span class='ocrx_word' id='word_1_446' title='bbox 1865 3209 2182 3271; x_wconf 89' lang='lat' dir='ltr'><strong>hominibus</strong></span> <span class='ocrx_word' id='word_1_447' title='bbox 2223 3221 2635 3288; x_wconf 89' lang='lat' dir='ltr'><strong>componendus</strong></span> <span class='ocrx_word' id='word_1_448' title='bbox 2685 3220 2776 3276; x_wconf 89' lang='lat' dir='ltr'><strong>ille</strong></span> <span class='ocrx_word' id='word_1_449' title='bbox 2820 3228 2925 3285; x_wconf 87' lang='lat' dir='ltr'><strong>est,</strong></span> <span class='ocrx_word' id='word_1_450' title='bbox 2991 3229 3070 3287; x_wconf 90' lang='lat' dir='ltr'><strong>ut,</strong></span> <span class='ocrx_word' id='word_1_451' title='bbox 3130 3231 3395 3293; x_wconf 87' lang='lat' dir='ltr'><strong>quantum</strong></span> <span class='ocrx_word' id='word_1_452' title='bbox 3432 3238 3463 3276; x_wconf 91' lang='lat' dir='ltr'><strong>a</strong></span> <span class='ocrx_word' id='word_1_453' title='bbox 3509 3234 3668 3279; x_wconf 77' lang='lat' dir='ltr'><strong>recta:</strong></span> 
     </span>
    </p>
   </div>
   <div class='ocr_carea' id='block_1_65' title="bbox 408 3305 3669 3394">
    <p class='ocr_par' dir='ltr' id='par_1_65' title="bbox 408 3305 3669 3394">
     <span class='ocr_line' id='line_1_65' title="bbox 408 3305 3669 3394; baseline 0.003 -32"><span class='ocrx_word' id='word_1_454' title='bbox 408 3321 667 3378; x_wconf 77' lang='lat' dir='ltr'><strong>sameque</strong></span> <span class='ocrx_word' id='word_1_455' title='bbox 738 3307 971 3362; x_wconf 89' lang='lat' dir='ltr'><strong>rationis</strong></span> <span class='ocrx_word' id='word_1_456' title='bbox 1031 3307 1241 3379; x_wconf 88' lang='lat' dir='ltr'><strong>judicio</strong></span> <span class='ocrx_word' id='word_1_457' title='bbox 1283 3305 1469 3370; x_wconf 86' lang='lat' dir='ltr'><strong>distet,</strong></span> <span class='ocrx_word' id='word_1_458' title='bbox 1540 3309 1946 3373; x_wconf 82' lang='lat' dir='ltr'><strong>ostendamus,)</strong></span> <span class='ocrx_word' id='word_1_459' title='bbox 2024 3309 2276 3381; x_wconf 87' lang='lat' dir='ltr'><strong>improbo</strong></span> <span class='ocrx_word' id='word_1_460' title='bbox 2323 3315 2558 3371; x_wconf 57' lang='grc' dir='ltr'>ἀθεωοηί</span> <span class='ocrx_word' id='word_1_461' title='bbox 2606 3317 2751 3371; x_wconf 90' lang='lat' dir='ltr'><strong>litari</strong></span> <span class='ocrx_word' id='word_1_462' title='bbox 2798 3317 2974 3387; x_wconf 87' lang='lat' dir='ltr'><strong>jubet,</strong></span> <span class='ocrx_word' id='word_1_463' title='bbox 3026 3317 3175 3372; x_wconf 86' lang='lat' dir='ltr'><strong>aliud</strong></span> <span class='ocrx_word' id='word_1_464' title='bbox 3214 3317 3460 3388; x_wconf 84' lang='lat' dir='ltr'><strong>profecto</strong></span> <span class='ocrx_word' id='word_1_465' title='bbox 3510 3319 3669 3394; x_wconf 65' lang='lat' dir='ltr'><strong>nihil,</strong></span> 
     </span>
    </p>
   </div>
   <div class='ocr_carea' id='block_1_66' title="bbox 408 3397 3671 3482">
    <p class='ocr_par' dir='ltr' id='par_1_66' title="bbox 408 3397 3671 3482">
     <span class='ocr_line' id='line_1_66' title="bbox 408 3397 3671 3482; baseline 0.004 -31"><span class='ocrx_word' id='word_1_466' title='bbox 408 3414 573 3469; x_wconf 83' lang='lat' dir='ltr'><strong>quam</strong></span> <span class='ocrx_word' id='word_1_467' title='bbox 624 3400 744 3470; x_wconf 90' lang='lat' dir='ltr'><strong>ejus</strong></span> <span class='ocrx_word' id='word_1_468' title='bbox 790 3400 1086 3456; x_wconf 89' lang='lat' dir='ltr'><strong>amicitiam</strong></span> <span class='ocrx_word' id='word_1_469' title='bbox 1157 3407 1427 3454; x_wconf 89' lang='lat' dir='ltr'><strong>secutus:</strong></span> <span class='ocrx_word' id='word_1_470' title='bbox 1469 3397 1599 3452; x_wconf 86' lang='lat' dir='ltr'><strong>mali</strong></span> <span class='ocrx_word' id='word_1_471' title='bbox 1661 3405 1866 3465; x_wconf 84' lang='lat' dir='ltr'><strong>autem,</strong></span> <span class='ocrx_word' id='word_1_472' title='bbox 1930 3415 2036 3454; x_wconf 91' lang='lat' dir='ltr'><strong>non</strong></span> <span class='ocrx_word' id='word_1_473' title='bbox 2096 3404 2204 3460; x_wconf 90' lang='lat' dir='ltr'><strong>nisi</strong></span> <span class='ocrx_word' id='word_1_474' title='bbox 2252 3407 2453 3474; x_wconf 89' lang='lat' dir='ltr'><strong>simile,</strong></span> <span class='ocrx_word' id='word_1_475' title='bbox 2494 3409 2732 3464; x_wconf 90' lang='lat' dir='ltr'><strong>amicum</strong></span> <span class='ocrx_word' id='word_1_476' title='bbox 2782 3418 2886 3464; x_wconf 89' lang='lat' dir='ltr'><strong>est.</strong></span> <span class='ocrx_word' id='word_1_477' title='bbox 2938 3410 3116 3480; x_wconf 85' lang='lat' dir='ltr'><strong>Atque</strong></span> <span class='ocrx_word' id='word_1_478' title='bbox 3177 3410 3341 3482; x_wconf 89' lang='lat' dir='ltr'><strong>hujus</strong></span> <span class='ocrx_word' id='word_1_479' title='bbox 3385 3412 3550 3467; x_wconf 87' lang='lat' dir='ltr'><strong>etiam</strong></span> <span class='ocrx_word' id='word_1_480' title='bbox 3589 3412 3671 3467; x_wconf 87' lang='lat' dir='ltr'><strong>rei</strong></span> 
     </span>
    </p>
   </div>
   <div class='ocr_carea' id='block_1_67' title="bbox 411 3489 3667 3569">
    <p class='ocr_par' dir='ltr' id='par_1_67' title="bbox 411 3489 3667 3569">
     <span class='ocr_line' id='line_1_67' title="bbox 411 3489 3667 3569; baseline 0.004 -25"><span class='ocrx_word' id='word_1_481' title='bbox 411 3500 605 3548; x_wconf 81' lang='lat' dir='ltr'><strong>testem</strong></span> <span class='ocrx_word' id='word_1_482' title='bbox 657 3492 922 3548; x_wconf 79' lang='lat' dir='ltr'><strong>habemus</strong></span> <span class='ocrx_word' id='word_1_483' title='bbox 976 3491 1228 3548; x_wconf 87' lang='lat' dir='ltr'><strong>eumdem</strong></span> <span class='ocrx_word' id='word_1_484' title='bbox 1263 3490 1646 3561; x_wconf 83' lang='lat' dir='ltr'><strong>Porphyrium,</strong></span> <span class='ocrx_word' id='word_1_485' title='bbox 1674 3489 1769 3560; x_wconf 89' lang='lat' dir='ltr'><strong>qui</strong></span> <span class='ocrx_word' id='word_1_486' title='bbox 1836 3489 1891 3544; x_wconf 90' lang='lat' dir='ltr'><strong>in</strong></span> <span class='ocrx_word' id='word_1_487' title='bbox 1933 3492 2051 3548; x_wconf 89' lang='lat' dir='ltr'><strong>suis</strong></span> <span class='ocrx_word' id='word_1_488' title='bbox 2091 3493 2168 3550; x_wconf 86' lang='lat' dir='ltr'><strong>De</strong></span> <span class='ocrx_word' id='word_1_489' title='bbox 2227 3499 2569 3553; x_wconf 85' lang='lat' dir='ltr'><strong>oraculorum</strong></span> <span class='ocrx_word' id='word_1_490' title='bbox 2613 3498 2948 3569; x_wconf 77' lang='lat' dir='ltr'><strong>philosophia</strong></span> <span class='ocrx_word' id='word_1_491' title='bbox 2997 3499 3154 3556; x_wconf 85' lang='lat' dir='ltr'><strong>libris</strong></span> <span class='ocrx_word' id='word_1_492' title='bbox 3200 3501 3267 3555; x_wconf 91' lang='lat' dir='ltr'><strong>ad</strong></span> <span class='ocrx_word' id='word_1_493' title='bbox 3314 3502 3541 3557; x_wconf 86' lang='lat' dir='ltr'><strong>verbum</strong></span> <span class='ocrx_word' id='word_1_494' title='bbox 3595 3503 3667 3558; x_wconf 88' lang='lat' dir='ltr'><strong>ita</strong></span> 
     </span>
    </p>
   </div>
   <div class='ocr_carea' id='block_1_68' title="bbox 409 3586 620 3641">
    <p class='ocr_par' dir='ltr' id='par_1_68' title="bbox 409 3586 620 3641">
     <span class='ocr_line' id='line_1_68' title="bbox 409 3586 620 3641; baseline 0 0"><span class='ocrx_word' id='word_1_495' title='bbox 409 3586 620 3641; x_wconf 79' lang='lat' dir='ltr'><strong>scribit.</strong></span> 
     </span>
    </p>
   </div>
   <div class='ocr_carea' id='block_1_69' title="bbox 936 3672 1989 3742">
    <p class='ocr_par' dir='ltr' id='par_1_69' title="bbox 936 3672 1473 3727">
     <span class='ocr_line' id='line_1_69' title="bbox 936 3672 1473 3727; baseline -0.002 0"><span class='ocrx_word' id='word_1_496' title='bbox 936 3672 1335 3727; x_wconf 80' lang='grc' dir='ltr'><strong>ΚΕΦΑΛΑῙΟΝ</strong></span> <span class='ocrx_word' id='word_1_497' title='bbox 1383 3673 1473 3726; x_wconf 81' lang='lat' dir='ltr'><strong>K&#39;.</strong></span> 
     </span>
    </p>
   </div>
   <div class='ocr_carea' id='block_1_70' title="bbox 2093 3672 3076 3742">
    <p class='ocr_par' dir='ltr' id='par_1_70' title="bbox 2687 3676 3076 3734">
     <span class='ocr_line' id='line_1_70' title="bbox 2687 3676 3076 3734; baseline 0.003 -1"><span class='ocrx_word' id='word_1_498' title='bbox 2687 3677 2917 3734; x_wconf 85' lang='lat' dir='ltr'><strong>CAPUT</strong></span> <span class='ocrx_word' id='word_1_499' title='bbox 2956 3676 3076 3734; x_wconf 85' lang='lat' dir='ltr'><strong>XX.</strong></span> 
     </span>
    </p>
   </div>
   <div class='ocr_carea' id='block_1_71' title="bbox 420 3783 1989 3910">
    <p class='ocr_par' dir='ltr' id='par_1_71' title="bbox 420 3783 1988 3910">
     <span class='ocr_line' id='line_1_71' title="bbox 420 3783 1988 3910; baseline -0.001 -67"><span class='ocrx_word' id='word_1_500' title='bbox 420 3788 517 3854; x_wconf 79' lang='grc' dir='ltr'>Ὠς</span> <span class='ocrx_word' id='word_1_501' title='bbox 557 3790 591 3841; x_wconf 82' lang='grc' dir='ltr'><em>ὁ</em></span> <span class='ocrx_word' id='word_1_502' title='bbox 636 3787 938 3842; x_wconf 82' lang='grc' dir='ltr'>Ἀπόλλων</span> <span class='ocrx_word' id='word_1_503' title='bbox 967 3785 1048 3852; x_wconf 84' lang='grc' dir='ltr'>τῷ</span> <span class='ocrx_word' id='word_1_504' title='bbox 1082 3783 1324 3910; x_wconf 50' lang='grc' dir='ltr'>Ξεναιρῷ</span> <span class='ocrx_word' id='word_1_505' title='bbox 1355 3784 1590 3855; x_wconf 79' lang='grc' dir='ltr'>δαίμονι</span> <span class='ocrx_word' id='word_1_506' title='bbox 1634 3784 1988 3854; x_wconf 81' lang='grc' dir='ltr'>προστάττει</span> 
     </span>
     <span class='ocr_line' id='line_1_72' title="bbox 1166 3873 1279 3910; baseline 0 0"><span class='ocrx_word' id='word_1_507' title='bbox 1166 3873 1279 3910; x_wconf 81' lang='grc' dir='ltr'>ειν.</span> 
     </span>
    </p>
   </div>
   <div class='ocr_carea' id='block_1_72' title="bbox 2093 3783 3666 3910">
    <p class='ocr_par' dir='ltr' id='par_1_72' title="bbox 2093 3789 3666 3865">
     <span class='ocr_line' id='line_1_73' title="bbox 2093 3789 3666 3865; baseline 0.003 -21"><span class='ocrx_word' id='word_1_508' title='bbox 2093 3789 2549 3856; x_wconf 77' lang='lat' dir='ltr'><strong>Quemadmodum</strong></span> <span class='ocrx_word' id='word_1_509' title='bbox 2572 3793 2810 3865; x_wconf 85' lang='lat' dir='ltr'><strong>improbo</strong></span> <span class='ocrx_word' id='word_1_510' title='bbox 2829 3794 3060 3849; x_wconf 64' lang='lat' dir='ltr'><strong>demoni</strong></span> <span class='ocrx_word' id='word_1_511' title='bbox 3081 3793 3239 3848; x_wconf 84' lang='lat' dir='ltr'><strong>litare</strong></span> <span class='ocrx_word' id='word_1_512' title='bbox 3259 3792 3446 3862; x_wconf 77' lang='lat' dir='ltr'><strong>Apollo</strong></span> <span class='ocrx_word' id='word_1_513' title='bbox 3459 3792 3666 3862; x_wconf 80' lang='lat' dir='ltr'><strong>jubeat.</strong></span> 
     </span>
    </p>
   </div>
   <div class='ocr_carea' id='block_1_73' title="bbox 486 3944 1988 4018">
    <p class='ocr_par' dir='ltr' id='par_1_73' title="bbox 486 3944 1988 4018">
     <span class='ocr_line' id='line_1_74' title="bbox 486 3944 1988 4018; baseline -0.003 -14"><span class='ocrx_word' id='word_1_514' title='bbox 486 3969 506 4004; x_wconf 83' lang='lat' dir='ltr'><strong>I</strong></span> <span class='ocrx_word' id='word_1_515' title='bbox 554 3949 886 4013; x_wconf 86' lang='grc' dir='ltr'>Σπεύδοντος</span> <span class='ocrx_word' id='word_1_516' title='bbox 931 3947 1061 4016; x_wconf 78' lang='grc' dir='ltr'>γοῦν</span> <span class='ocrx_word' id='word_1_517' title='bbox 1098 3947 1192 4001; x_wconf 79' lang='grc' dir='ltr'>τοῦ</span> <span class='ocrx_word' id='word_1_518' title='bbox 1228 3947 1511 4018; x_wconf 80' lang='grc' dir='ltr'>προφήτου</span> <span class='ocrx_word' id='word_1_519' title='bbox 1536 3944 1886 4017; x_wconf 84' lang='grc' dir='ltr'>αὐτοπτῆσαι</span> <span class='ocrx_word' id='word_1_520' title='bbox 1927 3945 1988 4000; x_wconf 82' lang='grc' dir='ltr'><strong>τὸ</strong></span> 
     </span>
    </p>
   </div>
   <div class='ocr_carea' id='block_1_74' title="bbox 409 4033 1988 4108">
    <p class='ocr_par' dir='ltr' id='par_1_74' title="bbox 409 4033 1988 4108">
     <span class='ocr_line' id='line_1_75' title="bbox 409 4033 1988 4108; baseline -0.006 -11"><span class='ocrx_word' id='word_1_521' title='bbox 409 4042 573 4105; x_wconf 78' lang='grc' dir='ltr'>θεῖον,</span> <span class='ocrx_word' id='word_1_522' title='bbox 600 4040 695 4093; x_wconf 74' lang='grc' dir='ltr'><strong>καὶ</strong></span> <span class='ocrx_word' id='word_1_523' title='bbox 716 4037 1092 4108; x_wconf 75' lang='grc' dir='ltr'>ἐπειγομένου,</span> <span class='ocrx_word' id='word_1_524' title='bbox 1135 4038 1164 4089; x_wconf 86' lang='grc' dir='ltr'>ὀ</span> <span class='ocrx_word' id='word_1_525' title='bbox 1203 4035 1473 4090; x_wconf 78' lang='grc' dir='ltr'>Ἀπόλλων</span> <span class='ocrx_word' id='word_1_526' title='bbox 1499 4033 1758 4089; x_wconf 83' lang='grc' dir='ltr'>ἀδύνατον</span> <span class='ocrx_word' id='word_1_527' title='bbox 1796 4033 1898 4106; x_wconf 73' lang='grc' dir='ltr'><strong>ἔφη</strong></span> <span class='ocrx_word' id='word_1_528' title='bbox 1927 4035 1988 4088; x_wconf 84' lang='grc' dir='ltr'><strong>τὸ</strong></span> 
     </span>
    </p>
   </div>
   <div class='ocr_carea' id='block_1_75' title="bbox 408 4125 1984 4202">
    <p class='ocr_par' dir='ltr' id='par_1_75' title="bbox 408 4125 1984 4202">
     <span class='ocr_line' id='line_1_76' title="bbox 408 4125 1984 4202; baseline -0.006 -14"><span class='ocrx_word' id='word_1_529' title='bbox 408 4132 676 4197; x_wconf 68' lang='grc' dir='ltr'>τοιοῦτον,</span> <span class='ocrx_word' id='word_1_530' title='bbox 722 4130 851 4202; x_wconf 80' lang='grc' dir='ltr'>πρὶν</span> <span class='ocrx_word' id='word_1_531' title='bbox 906 4128 1077 4200; x_wconf 87' lang='grc' dir='ltr'>λύτρα</span> <span class='ocrx_word' id='word_1_532' title='bbox 1127 4126 1206 4199; x_wconf 80' lang='grc' dir='ltr'>τῷ</span> <span class='ocrx_word' id='word_1_533' title='bbox 1253 4125 1476 4200; x_wconf 86' lang='grc' dir='ltr'>πονηρῷ</span> <span class='ocrx_word' id='word_1_534' title='bbox 1521 4127 1738 4197; x_wconf 84' lang='grc' dir='ltr'>δαίμονι</span> <span class='ocrx_word' id='word_1_535' title='bbox 1779 4127 1984 4182; x_wconf 83' lang='grc' dir='ltr'>δοῦναι.</span> 
     </span>
    </p>
   </div>
   <div class='ocr_carea' id='block_1_76' title="bbox 410 4217 817 4295">
    <p class='ocr_par' dir='ltr' id='par_1_76' title="bbox 410 4217 817 4295">
     <span class='ocr_line' id='line_1_77' title="bbox 410 4217 817 4295; baseline -0.005 -16"><span class='ocrx_word' id='word_1_536' title='bbox 410 4225 572 4295; x_wconf 78' lang='grc' dir='ltr'>Λέγει</span> <span class='ocrx_word' id='word_1_537' title='bbox 598 4225 657 4278; x_wconf 75' lang='grc' dir='ltr'>δὲ</span> <span class='ocrx_word' id='word_1_538' title='bbox 682 4217 785 4278; x_wconf 80' lang='grc' dir='ltr'><strong>ὧδε</strong></span> <span class='ocrx_word' id='word_1_539' title='bbox 802 4238 817 4252; x_wconf 80' lang='grc'><strong>’</strong></span> 
     </span>
    </p>
   </div>
   <div class='ocr_carea' id='block_1_77' title="bbox 412 4393 1912 4483">
    <p class='ocr_par' dir='ltr' id='par_1_77' title="bbox 412 4393 1912 4483">
     <span class='ocr_line' id='line_1_78' title="bbox 412 4393 1912 4483; baseline -0.007 -25"><span class='ocrx_word' id='word_1_540' title='bbox 412 4405 611 4483; x_wconf 52' lang='grc' dir='ltr'>Αύζρα</span> <span class='ocrx_word' id='word_1_541' title='bbox 639 4402 810 4483; x_wconf 77' lang='grc' dir='ltr'>δίδου</span> <span class='ocrx_word' id='word_1_542' title='bbox 850 4400 1025 4483; x_wconf 75' lang='grc' dir='ltr'>γαίης</span> <span class='ocrx_word' id='word_1_543' title='bbox 1062 4396 1321 4483; x_wconf 69' lang='grc' dir='ltr'>πατέρης</span> <span class='ocrx_word' id='word_1_544' title='bbox 1337 4408 1379 4483; x_wconf 39' lang='grc' dir='ltr'>ιι</span> <span class='ocrx_word' id='word_1_545' title='bbox 1399 4395 1678 4483; x_wconf 50' lang='grc' dir='ltr'><strong>οὶκῄξίοριτν</strong></span> <span class='ocrx_word' id='word_1_546' title='bbox 1688 4409 1833 4465; x_wconf 65' lang='lat' dir='ltr'><strong>dem</strong></span> <span class='ocrx_word' id='word_1_547' title='bbox 1846 4393 1912 4483; x_wconf 55' lang='grc' dir='ltr'><strong>(ῖζ,</strong></span> 
     </span>
    </p>
   </div>
   <div class='ocr_carea' id='block_1_78' title="bbox 411 4461 1989 4600">
    <p class='ocr_par' dir='ltr' id='par_1_78' title="bbox 411 4461 1989 4600">
     <span class='ocr_line' id='line_1_79' title="bbox 411 4461 1989 4600; baseline -0.007 -71"><span class='ocrx_word' id='word_1_548' title='bbox 411 4461 620 4542; x_wconf 72' lang='grc' dir='ltr'>Πριῖῖτα</span> <span class='ocrx_word' id='word_1_549' title='bbox 667 4472 836 4544; x_wconf 86' lang='grc' dir='ltr'>χοὰς,</span> <span class='ocrx_word' id='word_1_550' title='bbox 858 4461 1192 4542; x_wconf 63' lang='grc' dir='ltr'>’μετέπειτα</span> <span class='ocrx_word' id='word_1_551' title='bbox 1209 4461 1437 4537; x_wconf 46' lang='grc' dir='ltr'>πυρὴν</span> <span class='ocrx_word' id='word_1_552' title='bbox 1476 4461 1569 4536; x_wconf 74' lang='grc' dir='ltr'><strong>ἠδ’</strong></span> <span class='ocrx_word' id='word_1_553' title='bbox 1596 4461 1989 4600; x_wconf 37' lang='grc' dir='ltr'>ἀἶῖιῗὲέελαι-</span> 
     </span>
    </p>
   </div>
   <div class='ocr_carea' id='block_1_79' title="bbox 416 4606 1984 4681">
    <p class='ocr_par' dir='ltr' id='par_1_79' title="bbox 416 4606 1984 4681">
     <span class='ocr_line' id='line_1_80' title="bbox 416 4606 1984 4681; baseline -0.006 -13"><span class='ocrx_word' id='word_1_554' title='bbox 416 4614 594 4668; x_wconf 77' lang='grc' dir='ltr'><strong>Οἶνον</strong></span> <span class='ocrx_word' id='word_1_555' title='bbox 640 4611 1047 4681; x_wconf 80' lang='grc' dir='ltr'>παμμέλανος,</span> <span class='ocrx_word' id='word_1_556' title='bbox 1082 4610 1222 4663; x_wconf 75' lang='grc' dir='ltr'><strong>ὀΐων</strong></span> <span class='ocrx_word' id='word_1_557' title='bbox 1264 4609 1315 4663; x_wconf 81' lang='grc' dir='ltr'>θ’</span> <span class='ocrx_word' id='word_1_558' title='bbox 1358 4607 1481 4677; x_wconf 79' lang='grc' dir='ltr'><strong>ἅμα</strong></span> <span class='ocrx_word' id='word_1_559' title='bbox 1516 4606 1707 4660; x_wconf 77' lang='grc' dir='ltr'>λευκὰ</span> <span class='ocrx_word' id='word_1_560' title='bbox 1746 4606 1984 4675; x_wconf 77' lang='grc' dir='ltr'>ῥέεθρα.</span> 
     </span>
    </p>
   </div>
   <div class='ocr_carea' id='block_1_80' title="bbox 410 4738 1599 4814">
    <p class='ocr_par' dir='ltr' id='par_1_80' title="bbox 410 4738 1599 4814">
     <span class='ocr_line' id='line_1_81' title="bbox 410 4738 1599 4814; baseline -0.006 -16"><span class='ocrx_word' id='word_1_561' title='bbox 410 4743 522 4798; x_wconf 77' lang='grc' dir='ltr'>Καὶ</span> <span class='ocrx_word' id='word_1_562' title='bbox 562 4742 892 4814; x_wconf 82' lang='grc' dir='ltr'>σαφέστερον</span> <span class='ocrx_word' id='word_1_563' title='bbox 925 4738 1048 4795; x_wconf 83' lang='grc' dir='ltr'>εἷπε</span> <span class='ocrx_word' id='word_1_564' title='bbox 1089 4738 1355 4812; x_wconf 73' lang='grc' dir='ltr'>περὶτῶν</span> <span class='ocrx_word' id='word_1_565' title='bbox 1399 4738 1599 4793; x_wconf 69' lang='grc' dir='ltr'>αὐτῶνθ</span> 
     </span>
    </p>
   </div>
   <div class='ocr_carea' id='block_1_81' title="bbox 414 4823 1989 4905">
    <p class='ocr_par' dir='ltr' id='par_1_81' title="bbox 414 4823 1989 4905">
     <span class='ocr_line' id='line_1_82' title="bbox 414 4823 1989 4905; baseline -0.006 -15"><span class='ocrx_word' id='word_1_566' title='bbox 414 4831 593 4891; x_wconf 75' lang='grc' dir='ltr'>Οἶνον</span> <span class='ocrx_word' id='word_1_567' title='bbox 628 4834 727 4889; x_wconf 79' lang='grc' dir='ltr'>καὶ</span> <span class='ocrx_word' id='word_1_568' title='bbox 766 4832 923 4905; x_wconf 76' lang='grc' dir='ltr'>γάλα</span> <span class='ocrx_word' id='word_1_569' title='bbox 953 4831 1156 4897; x_wconf 79' lang='grc' dir='ltr'>βάλλε</span> <span class='ocrx_word' id='word_1_570' title='bbox 1173 4870 1189 4896; x_wconf 90' lang='grc'><strong>,</strong></span> <span class='ocrx_word' id='word_1_571' title='bbox 1234 4831 1333 4884; x_wconf 79' lang='grc' dir='ltr'>καὶ</span> <span class='ocrx_word' id='word_1_572' title='bbox 1372 4830 1592 4896; x_wconf 80' lang='grc' dir='ltr'>ὕδατος</span> <span class='ocrx_word' id='word_1_573' title='bbox 1636 4827 1867 4905; x_wconf 66' lang='grc' dir='ltr'>ἀγλαὸν</span> <span class='ocrx_word' id='word_1_574' title='bbox 1910 4823 1989 4881; x_wconf 75' lang='grc' dir='ltr'><strong>εἶ’-</strong></span> 
     </span>
    </p>
   </div>
   <div class='ocr_carea' id='block_1_82' title="bbox 408 4899 1988 5093">
    <p class='ocr_par' dir='ltr' id='par_1_82' title="bbox 408 4899 1988 5093">
     <span class='ocr_line' id='line_1_83' title="bbox 408 4899 1988 5041; baseline -0.005 -12"><span class='ocrx_word' id='word_1_575' title='bbox 408 4975 521 5030; x_wconf 81' lang='lat' dir='ltr'><strong>Kal</strong></span> <span class='ocrx_word' id='word_1_576' title='bbox 598 4974 758 5038; x_wconf 79' lang='grc' dir='ltr'>ξύλα</span> <span class='ocrx_word' id='word_1_577' title='bbox 827 4972 1061 5041; x_wconf 80' lang='grc' dir='ltr'>καρπὸν</span> <span class='ocrx_word' id='word_1_578' title='bbox 1128 4969 1351 5040; x_wconf 73' lang='grc' dir='ltr'>ἔχοντα</span> <span class='ocrx_word' id='word_1_579' title='bbox 1429 4899 1988 5039; x_wconf 46' lang='grc' dir='ltr'>διογνήτίοὶοαάκυ-</span> 
     </span>
     <span class='ocr_line' id='line_1_84' title="bbox 1470 5037 1856 5093; baseline 0 0"><span class='ocrx_word' id='word_1_580' title='bbox 1470 5038 1683 5093; x_wconf 67' lang='lat' dir='ltr'><strong>Malam</strong></span> <span class='ocrx_word' id='word_1_581' title='bbox 1712 5037 1856 5093; x_wconf 75' lang='lat' dir='ltr'><strong>l56l&#39;</strong></span> 
     </span>
    </p>
   </div>
   <div class='ocr_carea' id='block_1_83' title="bbox 406 5038 1986 5252">
    <p class='ocr_par' dir='ltr' id='par_1_83' title="bbox 406 5038 1986 5252">
     <span class='ocr_line' id='line_1_85' title="bbox 406 5038 1986 5252; baseline -0.006 -81"><span class='ocrx_word' id='word_1_582' title='bbox 406 5115 740 5186; x_wconf 77' lang='grc' dir='ltr'>Σπλάγχνιι</span> <span class='ocrx_word' id='word_1_583' title='bbox 776 5113 845 5169; x_wconf 81' lang='grc' dir='ltr'><em>δὲ</em></span> <span class='ocrx_word' id='word_1_584' title='bbox 877 5111 1231 5183; x_wconf 80' lang='grc' dir='ltr'>κατθέμενος</span> <span class='ocrx_word' id='word_1_585' title='bbox 1280 5038 1986 5252; x_wconf 48' lang='grc' dir='ltr'><strong>λιπαρὲίςῗιὲξιὲἱὸἕὲμωι</strong></span> 
     </span>
    </p>
   </div>
   <div class='ocr_carea' id='block_1_84' title="bbox 407 5292 1983 5367">
    <p class='ocr_par' dir='ltr' id='par_1_84' title="bbox 407 5292 1983 5367">
     <span class='ocr_line' id='line_1_86' title="bbox 407 5292 1983 5367; baseline -0.004 -15"><span class='ocrx_word' id='word_1_586' title='bbox 407 5298 564 5352; x_wconf 81' lang='grc' dir='ltr'>Μετὰ</span> <span class='ocrx_word' id='word_1_587' title='bbox 606 5295 765 5360; x_wconf 88' lang='grc' dir='ltr'>ποίας</span> <span class='ocrx_word' id='word_1_588' title='bbox 791 5295 848 5349; x_wconf 85' lang='grc' dir='ltr'><strong>δὲ</strong></span> <span class='ocrx_word' id='word_1_589' title='bbox 897 5295 1060 5367; x_wconf 80' lang='grc' dir='ltr'>εὐχῆς</span> <span class='ocrx_word' id='word_1_590' title='bbox 1101 5293 1431 5367; x_wconf 75' lang='grc' dir='ltr'>ἐρωτηθεὶς,</span> <span class='ocrx_word' id='word_1_591' title='bbox 1493 5293 1695 5366; x_wconf 76' lang='grc' dir='ltr'>ἡρξατο</span> <span class='ocrx_word' id='word_1_592' title='bbox 1742 5293 1876 5364; x_wconf 81' lang='grc' dir='ltr'>μὲν,</span> <span class='ocrx_word' id='word_1_593' title='bbox 1922 5292 1983 5346; x_wconf 84' lang='grc' dir='ltr'><strong>ού</strong></span> 
     </span>
    </p>
   </div>
   <div class='ocr_carea' id='block_1_85' title="bbox 412 5383 1379 5458">
    <p class='ocr_par' dir='ltr' id='par_1_85' title="bbox 412 5383 1379 5458">
     <span class='ocr_line' id='line_1_87' title="bbox 412 5383 1379 5458; baseline -0.004 -17"><span class='ocrx_word' id='word_1_594' title='bbox 412 5387 518 5458; x_wconf 82' lang='grc' dir='ltr'><strong>μὴν</strong></span> <span class='ocrx_word' id='word_1_595' title='bbox 564 5386 908 5456; x_wconf 77' lang='grc' dir='ltr'>ἐπλήρωσεν,</span> <span class='ocrx_word' id='word_1_596' title='bbox 957 5384 1131 5449; x_wconf 71' lang='grc' dir='ltr'>οὕτως</span> <span class='ocrx_word' id='word_1_597' title='bbox 1179 5383 1379 5438; x_wconf 81' lang='grc' dir='ltr'>εἰπών·</span> 
     </span>
    </p>
   </div>
   <div class='ocr_carea' id='block_1_86' title="bbox 408 5472 1909 5549">
    <p class='ocr_par' dir='ltr' id='par_1_86' title="bbox 408 5472 1909 5549">
     <span class='ocr_line' id='line_1_88' title="bbox 408 5472 1909 5549; baseline 0.019 -26"><span class='ocrx_word' id='word_1_598' title='bbox 408 5482 625 5549; x_wconf 53' lang='lat' dir='ltr'><strong>Autum-</strong></span> <span class='ocrx_word' id='word_1_599' title='bbox 652 5478 1020 5549; x_wconf 75' lang='grc' dir='ltr'>ἀλιτρονόων</span> <span class='ocrx_word' id='word_1_600' title='bbox 1051 5475 1269 5549; x_wconf 63' lang='grc' dir='ltr'><strong>ψυχῷν</strong></span> <span class='ocrx_word' id='word_1_601' title='bbox 1294 5475 1554 5549; x_wconf 67' lang='grc' dir='ltr'><strong>διάδημα</strong></span> <span class='ocrx_word' id='word_1_602' title='bbox 1579 5472 1887 5549; x_wconf 70' lang='grc' dir='ltr'>λελογχὼς</span> <span class='ocrx_word' id='word_1_603' title='bbox 1894 5512 1909 5535; x_wconf 72' lang='grc' dir='ltr'><strong><em>ο</em></strong></span> 
     </span>
    </p>
   </div>
   <div class='ocr_carea' id='block_1_87' title="bbox 423 5544 1981 5668">
    <p class='ocr_par' dir='ltr' id='par_1_87' title="bbox 423 5544 1981 5668">
     <span class='ocr_line' id='line_1_89' title="bbox 423 5544 1981 5668; baseline -0.003 -64"><span class='ocrx_word' id='word_1_604' title='bbox 423 5544 671 5619; x_wconf 78' lang='grc' dir='ltr'><strong>ἸΙέριων</strong></span> <span class='ocrx_word' id='word_1_605' title='bbox 713 5544 1000 5614; x_wconf 80' lang='grc' dir='ltr'>ὑπένερθε</span> <span class='ocrx_word' id='word_1_606' title='bbox 1037 5545 1282 5616; x_wconf 79' lang='grc' dir='ltr'>μυχῶν,</span> <span class='ocrx_word' id='word_1_607' title='bbox 1335 5546 1592 5616; x_wconf 73' lang='grc' dir='ltr'>χθονίων</span> <span class='ocrx_word' id='word_1_608' title='bbox 1631 5548 1683 5619; x_wconf 57' lang='grc' dir='ltr'>τί</span> <span class='ocrx_word' id='word_1_609' title='bbox 1719 5546 1981 5668; x_wconf 52' lang='grc' dir='ltr'>ἐφύπερ-</span> 
     </span>
     <span class='ocr_line' id='line_1_90' title="bbox 1424 5631 1882 5668; baseline -0.009 1"><span class='ocrx_word' id='word_1_610' title='bbox 1424 5648 1433 5657; x_wconf 74' lang='grc' dir='ltr'><strong>ι</strong></span> <span class='ocrx_word' id='word_1_611' title='bbox 1674 5631 1684 5668; x_wconf 83' lang='grc' dir='ltr'><strong>ι</strong></span> <span class='ocrx_word' id='word_1_612' title='bbox 1754 5632 1842 5668; x_wconf 73' lang='grc' dir='ltr'><strong>εν.</strong></span> <span class='ocrx_word' id='word_1_613' title='bbox 1863 5632 1882 5665; x_wconf 70' lang='grc' dir='ltr'><strong>ι</strong></span> 
     </span>
    </p>
   </div>
   <div class='ocr_carea' id='block_1_88' title="bbox 478 5631 1842 5761">
    <p class='ocr_par' dir='ltr' id='par_1_88' title="bbox 478 5631 1842 5761">
     <span class='ocr_line' id='line_1_91' title="bbox 1424 5631 1842 5686; baseline -0.014 -13"><span class='ocrx_word' id='word_1_614' title='bbox 1424 5648 1433 5657; x_wconf 88' lang='lat'><strong><em>-</em></strong></span> <span class='ocrx_word' id='word_1_615' title='bbox 1673 5631 1694 5686; x_wconf 72' lang='grc' dir='ltr'>ι</span> <span class='ocrx_word' id='word_1_616' title='bbox 1719 5631 1842 5668; x_wconf 72' lang='lat' dir='ltr'><strong>oar.</strong></span> 
     </span>
     <span class='ocr_line' id='line_1_92' title="bbox 478 5688 917 5761; baseline 0.002 -20"><span class='ocrx_word' id='word_1_617' title='bbox 478 5702 505 5731; x_wconf 69' lang='grc' dir='ltr'><strong>α</strong></span> <span class='ocrx_word' id='word_1_618' title='bbox 534 5688 611 5743; x_wconf 82' lang='grc' dir='ltr'>Ζσ.</span> <span class='ocrx_word' id='word_1_619' title='bbox 656 5690 917 5761; x_wconf 61' lang='grc' dir='ltr'>πατρίην.</span> 
     </span>
    </p>
   </div>
   <div class='ocr_carea' id='block_1_89' title="bbox 2164 3943 3663 4018">
    <p class='ocr_par' dir='ltr' id='par_1_89' title="bbox 2164 3943 3663 4018">
     <span class='ocr_line' id='line_1_93' title="bbox 2164 3943 3663 4018; baseline 0.001 -20"><span class='ocrx_word' id='word_1_620' title='bbox 2164 3964 2183 3998; x_wconf 76' lang='grc' dir='ltr'><strong>ι</strong></span> <span class='ocrx_word' id='word_1_621' title='bbox 2233 3943 2383 4013; x_wconf 86' lang='lat' dir='ltr'><strong>Vate,</strong></span> <span class='ocrx_word' id='word_1_622' title='bbox 2412 3946 2610 4018; x_wconf 85' lang='lat' dir='ltr'><strong>inquit,</strong></span> <span class='ocrx_word' id='word_1_623' title='bbox 2640 3946 2757 4003; x_wconf 87' lang='lat' dir='ltr'><strong>suis</strong></span> <span class='ocrx_word' id='word_1_624' title='bbox 2796 3962 3003 4003; x_wconf 87' lang='lat' dir='ltr'><strong>numen</strong></span> <span class='ocrx_word' id='word_1_625' title='bbox 3044 3946 3224 4017; x_wconf 91' lang='lat' dir='ltr'><strong>ipsum</strong></span> <span class='ocrx_word' id='word_1_626' title='bbox 3257 3945 3432 4002; x_wconf 90' lang='lat' dir='ltr'><strong>oculis</strong></span> <span class='ocrx_word' id='word_1_627' title='bbox 3462 3944 3663 4000; x_wconf 84' lang='lat' dir='ltr'><strong>intueri</strong></span> 
     </span>
    </p>
   </div>
   <div class='ocr_carea' id='block_1_90' title="bbox 2089 4038 3669 4109">
    <p class='ocr_par' dir='ltr' id='par_1_90' title="bbox 2089 4038 3669 4109">
     <span class='ocr_line' id='line_1_94' title="bbox 2089 4038 3669 4109; baseline 0 -16"><span class='ocrx_word' id='word_1_628' title='bbox 2089 4039 2391 4094; x_wconf 88' lang='lat' dir='ltr'><strong>studiosius</strong></span> <span class='ocrx_word' id='word_1_629' title='bbox 2437 4054 2503 4095; x_wconf 86' lang='lat' dir='ltr'><strong>ac</strong></span> <span class='ocrx_word' id='word_1_630' title='bbox 2558 4039 2936 4096; x_wconf 84' lang='lat' dir='ltr'><strong>vehementius</strong></span> <span class='ocrx_word' id='word_1_631' title='bbox 2982 4041 3240 4109; x_wconf 88' lang='lat' dir='ltr'><strong>cupiente</strong></span> <span class='ocrx_word' id='word_1_632' title='bbox 3270 4079 3287 4106; x_wconf 93' lang='lat'><strong>,</strong></span> <span class='ocrx_word' id='word_1_633' title='bbox 3333 4038 3530 4108; x_wconf 84' lang='lat' dir='ltr'><strong>Apollo</strong></span> <span class='ocrx_word' id='word_1_634' title='bbox 3582 4053 3669 4093; x_wconf 80' lang='lat' dir='ltr'><strong>re-</strong></span> 
     </span>
    </p>
   </div>
   <div class='ocr_carea' id='block_1_91' title="bbox 2088 4128 3670 4200">
    <p class='ocr_par' dir='ltr' id='par_1_91' title="bbox 2088 4128 3670 4200">
     <span class='ocr_line' id='line_1_95' title="bbox 2088 4128 3670 4200; baseline -0.001 -16"><span class='ocrx_word' id='word_1_635' title='bbox 2088 4128 2311 4199; x_wconf 88' lang='lat' dir='ltr'><strong>spondit</strong></span> <span class='ocrx_word' id='word_1_636' title='bbox 2333 4129 2453 4184; x_wconf 84' lang='lat' dir='ltr'><strong>ﬁeri</strong></span> <span class='ocrx_word' id='word_1_637' title='bbox 2501 4131 2606 4185; x_wconf 88' lang='lat' dir='ltr'><strong>hoc</strong></span> <span class='ocrx_word' id='word_1_638' title='bbox 2643 4130 2794 4184; x_wconf 67' lang='lat' dir='ltr'><strong>nolle</strong></span> <span class='ocrx_word' id='word_1_639' title='bbox 2833 4130 2998 4185; x_wconf 86' lang='lat' dir='ltr'><strong>modo</strong></span> <span class='ocrx_word' id='word_1_640' title='bbox 3036 4142 3220 4200; x_wconf 67' lang='lat' dir='ltr'><strong>posse,</strong></span> <span class='ocrx_word' id='word_1_641' title='bbox 3249 4130 3424 4184; x_wconf 91' lang='lat' dir='ltr'><strong>donec</strong></span> <span class='ocrx_word' id='word_1_642' title='bbox 3457 4129 3670 4184; x_wconf 87' lang='lat' dir='ltr'><strong>sacrili-</strong></span> 
     </span>
    </p>
   </div>
   <div class='ocr_carea' id='block_1_92' title="bbox 2088 4217 3667 4288">
    <p class='ocr_par' dir='ltr' id='par_1_92' title="bbox 2088 4217 3667 4288">
     <span class='ocr_line' id='line_1_96' title="bbox 2088 4217 3667 4288; baseline 0.001 -16"><span class='ocrx_word' id='word_1_643' title='bbox 2088 4219 2159 4272; x_wconf 90' lang='lat' dir='ltr'><strong>cii</strong></span> <span class='ocrx_word' id='word_1_644' title='bbox 2185 4218 2336 4288; x_wconf 89' lang='lat' dir='ltr'><strong>justo</strong></span> <span class='ocrx_word' id='word_1_645' title='bbox 2366 4218 2527 4288; x_wconf 87' lang='lat' dir='ltr'><strong>quasi</strong></span> <span class='ocrx_word' id='word_1_646' title='bbox 2559 4219 2736 4287; x_wconf 88' lang='lat' dir='ltr'><strong>pretio</strong></span> <span class='ocrx_word' id='word_1_647' title='bbox 2759 4218 2964 4272; x_wconf 78' lang='lat' dir='ltr'><strong>tactum</strong></span> <span class='ocrx_word' id='word_1_648' title='bbox 2987 4218 3240 4288; x_wconf 86' lang='lat' dir='ltr'><strong>improbo</strong></span> <span class='ocrx_word' id='word_1_649' title='bbox 3268 4217 3502 4272; x_wconf 65' lang='lat' dir='ltr'><strong>daemoni</strong></span> <span class='ocrx_word' id='word_1_650' title='bbox 3531 4220 3667 4275; x_wconf 88' lang='lat' dir='ltr'><strong>satis</strong></span> 
     </span>
    </p>
   </div>
   <div class='ocr_carea' id='block_1_93' title="bbox 2087 4310 3214 4382">
    <p class='ocr_par' dir='ltr' id='par_1_93' title="bbox 2087 4310 3214 4382">
     <span class='ocr_line' id='line_1_97' title="bbox 2087 4310 3214 4382; baseline -0.001 -15"><span class='ocrx_word' id='word_1_651' title='bbox 2087 4320 2253 4367; x_wconf 86' lang='lat' dir='ltr'><strong>esset.</strong></span> <span class='ocrx_word' id='word_1_652' title='bbox 2294 4310 2641 4382; x_wconf 82' lang='lat' dir='ltr'><strong>Responsum</strong></span> <span class='ocrx_word' id='word_1_653' title='bbox 2675 4322 2860 4366; x_wconf 85' lang='lat' dir='ltr'><strong>autem</strong></span> <span class='ocrx_word' id='word_1_654' title='bbox 2892 4311 2974 4367; x_wconf 88' lang='lat' dir='ltr'><strong>sic</strong></span> <span class='ocrx_word' id='word_1_655' title='bbox 3002 4311 3168 4366; x_wconf 81' lang='lat' dir='ltr'><strong>habet</strong></span> <span class='ocrx_word' id='word_1_656' title='bbox 3200 4330 3214 4366; x_wconf 89' lang='lat'><strong>:</strong></span> 
     </span>
    </p>
   </div>
   <div class='ocr_carea' id='block_1_94' title="bbox 2093 4399 3594 4470">
    <p class='ocr_par' dir='ltr' id='par_1_94' title="bbox 2093 4399 3594 4470">
     <span class='ocr_line' id='line_1_98' title="bbox 2093 4399 3594 4470; baseline 0.002 -18"><span class='ocrx_word' id='word_1_657' title='bbox 2093 4399 2171 4470; x_wconf 73' lang='lat' dir='ltr'><strong>Tu</strong></span> <span class='ocrx_word' id='word_1_658' title='bbox 2193 4401 2387 4470; x_wconf 74' lang='lat' dir='ltr'><strong>patriae</strong></span> <span class='ocrx_word' id='word_1_659' title='bbox 2417 4399 2637 4469; x_wconf 83' lang='lat' dir='ltr'><strong>indigeti</strong></span> <span class='ocrx_word' id='word_1_660' title='bbox 2668 4399 2919 4466; x_wconf 87' lang='lat' dir='ltr'><strong>pretium,</strong></span> <span class='ocrx_word' id='word_1_661' title='bbox 2963 4416 3122 4453; x_wconf 86' lang='lat' dir='ltr'><strong>saera</strong></span> <span class='ocrx_word' id='word_1_662' title='bbox 3156 4399 3296 4469; x_wconf 84' lang='lat' dir='ltr'><strong>ferre</strong></span> <span class='ocrx_word' id='word_1_663' title='bbox 3333 4410 3594 4455; x_wconf 82' lang='lat' dir='ltr'><strong>memento</strong></span> 
     </span>
    </p>
   </div>
   <div class='ocr_carea' id='block_1_95' title="bbox 2087 4469 3508 4539">
    <p class='ocr_par' dir='ltr' id='par_1_95' title="bbox 2087 4469 3508 4539">
     <span class='ocr_line' id='line_1_99' title="bbox 2087 4469 3508 4539; baseline -0.001 -16"><span class='ocrx_word' id='word_1_664' title='bbox 2087 4469 2424 4536; x_wconf 85' lang='lat' dir='ltr'><strong>Libamenta,</strong></span> <span class='ocrx_word' id='word_1_665' title='bbox 2458 4469 2645 4523; x_wconf 83' lang='lat' dir='ltr'><strong>deinde</strong></span> <span class='ocrx_word' id='word_1_666' title='bbox 2674 4484 2884 4538; x_wconf 83' lang='lat' dir='ltr'><strong>pyram,</strong></span> <span class='ocrx_word' id='word_1_667' title='bbox 2922 4470 3237 4539; x_wconf 84' lang='lat' dir='ltr'><strong>nigrumque</strong></span> <span class='ocrx_word' id='word_1_668' title='bbox 3267 4485 3508 4524; x_wconf 83' lang='lat' dir='ltr'><strong>cruorem</strong></span> 
     </span>
    </p>
   </div>
   <div class='ocr_carea' id='block_1_96' title="bbox 2090 4540 3669 4663">
    <p class='ocr_par' dir='ltr' id='par_1_96' title="bbox 2090 4540 3669 4663">
     <span class='ocr_line' id='line_1_100' title="bbox 2090 4540 3669 4663; baseline 0.003 -71"><span class='ocrx_word' id='word_1_669' title='bbox 2090 4541 2521 4663; x_wconf 42' lang='lat' dir='ltr'><strong>[gul-pyrenqu</strong></span> <span class='ocrx_word' id='word_1_670' title='bbox 2540 4555 2763 4606; x_wconf 86' lang='lat' dir='ltr'><strong>merum,</strong></span> <span class='ocrx_word' id='word_1_671' title='bbox 2799 4548 2955 4611; x_wconf 85' lang='lat' dir='ltr'><strong>atque</strong></span> <span class='ocrx_word' id='word_1_672' title='bbox 2990 4541 3166 4593; x_wconf 78' lang='lat' dir='ltr'><strong>ovium</strong></span> <span class='ocrx_word' id='word_1_673' title='bbox 3190 4540 3498 4609; x_wconf 79' lang='lat' dir='ltr'><strong>spumantia</strong></span> <span class='ocrx_word' id='word_1_674' title='bbox 3530 4541 3669 4596; x_wconf 79' lang='lat' dir='ltr'><strong>lacte</strong></span> 
     </span>
     <span class='ocr_line' id='line_1_101' title="bbox 2140 4626 2315 4663; baseline 0.006 -1"><span class='ocrx_word' id='word_1_675' title='bbox 2140 4626 2237 4663; x_wconf 86' lang='lat' dir='ltr'><strong>ocu</strong></span> <span class='ocrx_word' id='word_1_676' title='bbox 2261 4627 2315 4663; x_wconf 89' lang='lat' dir='ltr'><strong>a.</strong></span> 
     </span>
    </p>
   </div>
   <div class='ocr_carea' id='block_1_97' title="bbox 2100 4740 3265 4815">
    <p class='ocr_par' dir='ltr' id='par_1_97' title="bbox 2100 4740 3265 4815">
     <span class='ocr_line' id='line_1_102' title="bbox 2100 4740 3265 4815; baseline -0.002 -18"><span class='ocrx_word' id='word_1_677' title='bbox 2100 4744 2275 4815; x_wconf 83' lang='lat' dir='ltr'><strong>Atque</strong></span> <span class='ocrx_word' id='word_1_678' title='bbox 2316 4744 2511 4800; x_wconf 84' lang='lat' dir='ltr'><strong>iterum</strong></span> <span class='ocrx_word' id='word_1_679' title='bbox 2557 4745 2659 4799; x_wconf 88' lang='lat' dir='ltr'><strong>hac</strong></span> <span class='ocrx_word' id='word_1_680' title='bbox 2720 4744 2837 4812; x_wconf 90' lang='lat' dir='ltr'><strong>ipsa</strong></span> <span class='ocrx_word' id='word_1_681' title='bbox 2866 4740 2934 4796; x_wconf 91' lang='lat' dir='ltr'><strong>de</strong></span> <span class='ocrx_word' id='word_1_682' title='bbox 2957 4756 3015 4796; x_wconf 90' lang='lat' dir='ltr'><strong>re</strong></span> <span class='ocrx_word' id='word_1_683' title='bbox 3039 4740 3265 4805; x_wconf 87' lang='lat' dir='ltr'><strong>clarius,</strong></span> 
     </span>
    </p>
   </div>
   <div class='ocr_carea' id='block_1_98' title="bbox 2099 4831 3664 4905">
    <p class='ocr_par' dir='ltr' id='par_1_98' title="bbox 2099 4831 3664 4905">
     <span class='ocr_line' id='line_1_103' title="bbox 2099 4831 3664 4905; baseline -0.004 -17"><span class='ocrx_word' id='word_1_684' title='bbox 2099 4833 2313 4901; x_wconf 86' lang='lat' dir='ltr'><strong>Vinum,</strong></span> <span class='ocrx_word' id='word_1_685' title='bbox 2335 4834 2520 4905; x_wconf 85' lang='lat' dir='ltr'><strong>laeque</strong></span> <span class='ocrx_word' id='word_1_686' title='bbox 2535 4834 2696 4889; x_wconf 85' lang='lat' dir='ltr'><strong>simul</strong></span> <span class='ocrx_word' id='word_1_687' title='bbox 2720 4834 2967 4905; x_wconf 78' lang='lat' dir='ltr'><strong>fundens,</strong></span> <span class='ocrx_word' id='word_1_688' title='bbox 2986 4832 3355 4903; x_wconf 80' lang='lat' dir='ltr'><strong>lymphamque</strong></span> <span class='ocrx_word' id='word_1_689' title='bbox 3382 4831 3664 4895; x_wconf 80' lang='lat' dir='ltr'><strong>nitentem,</strong></span> 
     </span>
    </p>
   </div>
   <div class='ocr_carea' id='block_1_99' title="bbox 2091 4961 3456 5048">
    <p class='ocr_par' dir='ltr' id='par_1_99' title="bbox 2091 4961 3456 5048">
     <span class='ocr_line' id='line_1_104' title="bbox 2091 4961 3456 5048; baseline -0.004 -30"><span class='ocrx_word' id='word_1_690' title='bbox 2091 4964 2397 5036; x_wconf 83' lang='lat' dir='ltr'><strong>llignasque</strong></span> <span class='ocrx_word' id='word_1_691' title='bbox 2421 4980 2577 5018; x_wconf 86' lang='lat' dir='ltr'><strong>nuces</strong></span> <span class='ocrx_word' id='word_1_692' title='bbox 2607 4963 2737 5018; x_wconf 83' lang='lat' dir='ltr'><strong>Jove</strong></span> <span class='ocrx_word' id='word_1_693' title='bbox 2759 4975 2893 5019; x_wconf 87' lang='lat' dir='ltr'><strong>nata</strong></span> <span class='ocrx_word' id='word_1_694' title='bbox 2916 4977 2980 5018; x_wconf 80' lang='lat' dir='ltr'><strong>ea:</strong></span> <span class='ocrx_word' id='word_1_695' title='bbox 3009 4962 3202 5048; x_wconf 74' lang='lat' dir='ltr'><strong>arbore</strong></span> <span class='ocrx_word' id='word_1_696' title='bbox 3223 4961 3456 5027; x_wconf 82' lang='lat' dir='ltr'><strong>mittens,</strong></span> 
     </span>
    </p>
   </div>
   <div class='ocr_carea' id='block_1_100' title="bbox 2090 5095 3341 5169">
    <p class='ocr_par' dir='ltr' id='par_1_100' title="bbox 2090 5095 3341 5169">
     <span class='ocr_line' id='line_1_105' title="bbox 2090 5095 3341 5169; baseline -0.005 -16"><span class='ocrx_word' id='word_1_697' title='bbox 2090 5099 2209 5169; x_wconf 78' lang='lat' dir='ltr'><strong>Rite</strong></span> <span class='ocrx_word' id='word_1_698' title='bbox 2243 5098 2355 5152; x_wconf 90' lang='lat' dir='ltr'><strong>solo</strong></span> <span class='ocrx_word' id='word_1_699' title='bbox 2387 5100 2582 5168; x_wconf 86' lang='lat' dir='ltr'><strong>posita,</strong></span> <span class='ocrx_word' id='word_1_700' title='bbox 2609 5108 2659 5153; x_wconf 89' lang='lat' dir='ltr'><strong>et</strong></span> <span class='ocrx_word' id='word_1_701' title='bbox 2680 5099 2868 5169; x_wconf 85' lang='lat' dir='ltr'><strong>pingui</strong></span> <span class='ocrx_word' id='word_1_702' title='bbox 2894 5098 3109 5167; x_wconf 82' lang='lat' dir='ltr'><strong>perfusa</strong></span> <span class='ocrx_word' id='word_1_703' title='bbox 3136 5095 3341 5165; x_wconf 79' lang='lat' dir='ltr'><strong>liquore</strong></span> 
     </span>
    </p>
   </div>
   <div class='ocr_carea' id='block_1_101' title="bbox 2102 5168 2538 5223">
    <p class='ocr_par' dir='ltr' id='par_1_101' title="bbox 2102 5168 2538 5223">
     <span class='ocr_line' id='line_1_106' title="bbox 2102 5168 2538 5223; baseline 0 0"><span class='ocrx_word' id='word_1_704' title='bbox 2102 5168 2318 5223; x_wconf 79' lang='lat' dir='ltr'><strong>Viscera</strong></span> <span class='ocrx_word' id='word_1_705' title='bbox 2350 5170 2538 5223; x_wconf 87' lang='lat' dir='ltr'><strong>libato.</strong></span> 
     </span>
    </p>
   </div>
   <div class='ocr_carea' id='block_1_102' title="bbox 2089 5255 3657 5328">
    <p class='ocr_par' dir='ltr' id='par_1_102' title="bbox 2089 5255 3657 5328">
     <span class='ocr_line' id='line_1_107' title="bbox 2089 5255 3657 5328; baseline -0.004 -12"><span class='ocrx_word' id='word_1_706' title='bbox 2089 5261 2237 5316; x_wconf 79' lang='lat' dir='ltr'><strong>Idem</strong></span> <span class='ocrx_word' id='word_1_707' title='bbox 2264 5276 2394 5315; x_wconf 74' lang='lat' dir='ltr'><strong>vero</strong></span> <span class='ocrx_word' id='word_1_708' title='bbox 2427 5259 2715 5315; x_wconf 88' lang='lat' dir='ltr'><strong>consultus</strong></span> <span class='ocrx_word' id='word_1_709' title='bbox 2744 5269 3025 5328; x_wconf 67' lang='lat' dir='ltr'><strong>praeterea,</strong></span> <span class='ocrx_word' id='word_1_710' title='bbox 3043 5255 3505 5326; x_wconf 87' lang='lat' dir='ltr'><strong>quemadmodum</strong></span> <span class='ocrx_word' id='word_1_711' title='bbox 3535 5272 3657 5326; x_wconf 85' lang='lat' dir='ltr'><strong>pre-</strong></span> 
     </span>
    </p>
   </div>
   <div class='ocr_carea' id='block_1_103' title="bbox 2092 5346 3660 5422">
    <p class='ocr_par' dir='ltr' id='par_1_103' title="bbox 2092 5346 3660 5422">
     <span class='ocr_line' id='line_1_108' title="bbox 2092 5346 3660 5422; baseline -0.004 -11"><span class='ocrx_word' id='word_1_712' title='bbox 2092 5370 2183 5411; x_wconf 87' lang='lat' dir='ltr'><strong>ces</strong></span> <span class='ocrx_word' id='word_1_713' title='bbox 2212 5352 2591 5422; x_wconf 60' lang='lat' dir='ltr'><strong>nuncupanda</strong></span> <span class='ocrx_word' id='word_1_714' title='bbox 2620 5350 2823 5415; x_wconf 79' lang='lat' dir='ltr'><strong>forent,</strong></span> <span class='ocrx_word' id='word_1_715' title='bbox 2854 5364 2949 5404; x_wconf 90' lang='lat' dir='ltr'><strong>eas</strong></span> <span class='ocrx_word' id='word_1_716' title='bbox 2976 5349 3243 5404; x_wconf 73' lang='lat' dir='ltr'><strong>duntaxat</strong></span> <span class='ocrx_word' id='word_1_717' title='bbox 3268 5346 3546 5403; x_wconf 85' lang='lat' dir='ltr'><strong>inchoavit</strong></span> <span class='ocrx_word' id='word_1_718' title='bbox 3575 5350 3660 5405; x_wconf 85' lang='lat' dir='ltr'><strong>his</strong></span> 
     </span>
    </p>
   </div>
   <div class='ocr_carea' id='block_1_104' title="bbox 2090 5446 2331 5500">
    <p class='ocr_par' dir='ltr' id='par_1_104' title="bbox 2090 5446 2331 5500">
     <span class='ocr_line' id='line_1_109' title="bbox 2090 5446 2331 5500; baseline -0.008 0"><span class='ocrx_word' id='word_1_719' title='bbox 2090 5446 2272 5500; x_wconf 80' lang='lat' dir='ltr'><strong>verbis</strong></span> <span class='ocrx_word' id='word_1_720' title='bbox 2312 5459 2331 5498; x_wconf 90' lang='lat'><strong><em>:</em></strong></span> 
     </span>
    </p>
   </div>
   <div class='ocr_carea' id='block_1_105' title="bbox 2093 5529 3440 5601">
    <p class='ocr_par' dir='ltr' id='par_1_105' title="bbox 2093 5529 3440 5601">
     <span class='ocr_line' id='line_1_110' title="bbox 2093 5529 3440 5601; baseline -0.008 -8"><span class='ocrx_word' id='word_1_721' title='bbox 2093 5539 2336 5601; x_wconf 68' lang='lat' dir='ltr'><strong>Daemon,</strong></span> <span class='ocrx_word' id='word_1_722' title='bbox 2363 5539 2666 5593; x_wconf 82' lang='lat' dir='ltr'><strong>aberrantes</strong></span> <span class='ocrx_word' id='word_1_723' title='bbox 2697 5533 2903 5587; x_wconf 87' lang='lat' dir='ltr'><strong>animas</strong></span> <span class='ocrx_word' id='word_1_724' title='bbox 2931 5529 3031 5601; x_wconf 13' lang='lat' dir='ltr'><strong>qui,</strong></span> <span class='ocrx_word' id='word_1_725' title='bbox 3057 5535 3197 5582; x_wconf 88' lang='lat' dir='ltr'><strong>sorte</strong></span> <span class='ocrx_word' id='word_1_726' title='bbox 3225 5530 3440 5588; x_wconf 83' lang='lat' dir='ltr'><strong>perenni</strong></span> 
     </span>
    </p>
   </div>
   <div class='ocr_carea' id='block_1_106' title="bbox 2098 5600 3518 5679">
    <p class='ocr_par' dir='ltr' id='par_1_106' title="bbox 2098 5600 3518 5679">
     <span class='ocr_line' id='line_1_111' title="bbox 2098 5600 3518 5679; baseline -0.009 -14"><span class='ocrx_word' id='word_1_727' title='bbox 2098 5600 2463 5679; x_wconf 82' lang='lat' dir='ltr'><strong>Obscurosque</strong></span> <span class='ocrx_word' id='word_1_728' title='bbox 2493 5608 2628 5678; x_wconf 81' lang='lat' dir='ltr'><strong>regis</strong></span> <span class='ocrx_word' id='word_1_729' title='bbox 2657 5617 2917 5674; x_wconf 84' lang='lat' dir='ltr'><strong>supraque</strong></span> <span class='ocrx_word' id='word_1_730' title='bbox 2946 5600 3188 5671; x_wconf 74' lang='lat' dir='ltr'><strong>infraque</strong></span> <span class='ocrx_word' id='word_1_731' title='bbox 3210 5615 3464 5656; x_wconf 71' lang='lat' dir='ltr'><strong>recessus.</strong></span> <span class='ocrx_word' id='word_1_732' title='bbox 3496 5616 3518 5652; x_wconf 68' lang='grc' dir='ltr'><strong>ι</strong></span> 
     </span>
    </p>
   </div>
   <div class='ocr_carea' id='block_1_107' title="bbox 482 5770 1989 5855">
    <p class='ocr_par' dir='ltr' id='par_1_107' title="bbox 482 5773 1989 5855">
     <span class='ocr_line' id='line_1_112' title="bbox 482 5773 1989 5855; baseline -0.011 -13"><span class='ocrx_word' id='word_1_733' title='bbox 482 5783 594 5855; x_wconf 77' lang='lat'><strong>(36)</strong></span> <span class='ocrx_word' id='word_1_734' title='bbox 640 5783 977 5839; x_wconf 80' lang='grc' dir='ltr'>Ἀκυλαιων.</span> <span class='ocrx_word' id='word_1_735' title='bbox 1008 5778 1091 5837; x_wconf 77' lang='lat' dir='ltr'><strong>Me</strong></span> <span class='ocrx_word' id='word_1_736' title='bbox 1116 5786 1324 5836; x_wconf 88' lang='lat' dir='ltr'><strong>tantum</strong></span> <span class='ocrx_word' id='word_1_737' title='bbox 1375 5779 1557 5849; x_wconf 75' lang='lat' dir='ltr'><strong>legere</strong></span> <span class='ocrx_word' id='word_1_738' title='bbox 1598 5774 1820 5833; x_wconf 86' lang='lat' dir='ltr'><strong>memini</strong></span> <span class='ocrx_word' id='word_1_739' title='bbox 1848 5773 1989 5828; x_wconf 76' lang='grc' dir='ltr'>ἄκυλι</span> 
     </span>
    </p>
   </div>
   <div class='ocr_carea' id='block_1_108' title="bbox 2093 5770 2387 5855">
    <p class='ocr_par' dir='ltr' id='par_1_108' title="bbox 2093 5770 2387 5829">
     <span class='ocr_line' id='line_1_113' title="bbox 2093 5770 2387 5829; baseline -0.007 -1"><span class='ocrx_word' id='word_1_740' title='bbox 2093 5772 2160 5829; x_wconf 76' lang='lat' dir='ltr'><strong>rel</strong></span> <span class='ocrx_word' id='word_1_741' title='bbox 2187 5770 2387 5827; x_wconf 76' lang='grc' dir='ltr'>ἄκυλον</span> 
     </span>
    </p>
   </div>
  </div>
