4156 6480
516 311 624 367 295

1189 304 1460 361 EUSEBll
1503 302 1988 360 CzESARiENSlS
2018 303 2171 359 OPP.
2205 302 2385 357 PARS
2420 302 2485 358 11.
2514 335 2584 348 -
2611 302 3125 361 APOLOGETICA.

3700 311 3811 369 296

515 423 644 481 Haec
684 430 820 480 deus
845 423 1113 495 egregius.
1140 423 1223 476 vel
1264 424 1445 494 potius
1490 423 1727 488 daemon,
1773 421 1989 478 fraudis
2033 436 2101 477 ac

2207 417 2394 473 Ταῦτα
2436 421 2534 491 μὲν
2580 421 2609 473 ὁ
2652 419 2956 490 θαυμάσιος
3006 420 3163 486 θεὸς,
3214 423 3416 492 μᾶλλον
3448 422 3597 476 δὲτὸ
3645 427 3812 482 πολυο

515 517 625 573 doli
708 515 1079 580 architectus;
1129 515 1330 583 quibus
1378 515 1538 586 plane
1584 515 1866 569 contraria
1938 525 2103 568 natu-

515 610 648 665 ralis
686 607 826 663 ratio
873 608 1099 673 statuit,
1157 606 1287 661 dum
1346 615 1402 661 et
1454 607 1697 661 animum
1759 621 1994 677 purgare
2014 605 2106 676 ju-

514 703 635 766 bet,
681 709 736 755 et
779 699 1066 754 sacrificiis
1099 697 1473 769 improborum
1522 700 1830 754 daemonum
1872 698 2104 767 gratiam

514 805 784 860 opemque
844 799 1064 859 captare
1106 797 1273 853 vetat,
1326 789 1473 860 quod
1530 805 1725 860 puram
1788 789 1863 845 illi
1918 789 2101 844 since-

516 898 748 953 ramque
788 893 1026 937 mentem
1082 881 1305 952 aggredi
1359 890 1581 952 propter
1620 898 1838 937 morum
1881 882 2096 937 dissen-

518 975 727 1030 sionem
768 973 992 1028 minime
1021 974 1249 1028 soleant.
1293 973 1453 1040 Quod
1491 976 1537 1030 si
1580 976 1906 1045 prudentem
1951 991 2101 1038 eum,

523 1066 685 1137 169
714 1065 759 1122 si
784 1078 952 1137 aqua?
978 1066 1177 1120 mentis
1202 1065 1481 1121 hominem
1512 1082 1634 1122 esse
1668 1068 1864 1122 merito
1888 1067 2104 1137 judica-

517 1166 667 1221 runt,
704 1156 797 1226 qui
832 1170 863 1209 a
892 1156 1199 1209 daemonum
1255 1154 1540 1210 sacriliciis
1571 1156 1818 1225 religiose
1865 1156 2106 1210 abstine-

517 1255 600 1300 ret
625 1262 637 1296 :
662 1247 757 1316 qui
794 1245 910 1301 suis
931 1247 1176 1300 oraculis
1217 1246 1285 1300 ad
1334 1246 1601 1315 improbis
1638 1248 1801 1301 etiam
1836 1247 2102 1301 litandum

517 1337 792 1404 hortatur,
834 1337 929 1407 qui
971 1338 1190 1392 tandem
1227 1346 1281 1391 ct
1307 1338 1488 1407 qualis
1521 1338 1708 1392 haberi
1751 1338 1966 1403 debeat,
2005 1339 2102 1393 tibi

517 1429 869 1487 statuendum
897 1430 1167 1500 relinquo.
1194 1429 1462 1484 Cmtcrum
1489 1429 1616 1485 hinc
1645 1439 1791 1485 retro
1820 1433 2103 1501 superiora

515 1524 782 1593 repetenti
827 1522 923 1577 tibi
966 1532 1116 1577 certo
1159 1522 1547 1592 evidenterque
1584 1524 1877 1587 constabit,
1916 1524 2105 1593 cujus-

517 1615 668 1670 modi
700 1624 897 1669 natura
925 1614 1281 1685 moribusque
1311 1614 1533 1678 fuerint,
1567 1623 1681 1668 tum
1717 1615 1811 1686 qui
1848 1616 2104 1671 humanis

516 1706 754 1763 victimis
806 1708 1227 1773 delectarentur,
1281 1717 1395 1761 tum
1446 1706 1540 1776 qui
1593 1705 1895 1760 humanum
1930 1723 2103 1780 genus

2210 512 2409 576 πλανὲς
2455 511 2763 582 δαιμόνιον·
2805 512 2873 566 τὰ
2902 512 2960 565 δὲ
3005 513 3099 566 τοῦ
3149 515 3291 568 κατὰ
3329 514 3491 583 φύσιν
3534 515 3809 588 λογισμοῦ

2206 603 2487 669 τάναντία,
2537 603 2821 675 καθαίρειν
2863 604 2963 675 τὴν
3018 604 3219 675 ψυχὴν,
3271 605 3408 659 ἀλλὰ
3457 606 3533 679 μὴ
3590 607 3813 674 θυσίαις

2207 696 2542 749 ἐπισπᾶσθαι
2598 697 2725 759 τοὺς
2773 696 3044 767 πονηροὺς
3093 696 3378 767 δαίμονας,
3429 699 3810 771 παρακελευό-

2211 804 2367 856 μενα·
2404 787 2621 859 καθαρᾷ
2652 786 2762 859 γὰρ
2801 787 2945 858 ψυχῇ
2997 789 3073 859 μὴ
3118 788 3459 844 ἐπιτίθεσθαι
3494 791 3583 845 διὰ
3607 792 3671 845 τὸ
3708 792 3810 846 αὐ-

2206 882 2318 942 τοῖς
2346 880 2620 950 ἀνόμοιον.
2671 881 2732 932 Ei
2766 880 2825 933 δὲ
2873 880 2938 952 δὴ
2981 882 3202 946 συνετὸς
3246 876 3385 936 εἶναι
3427 885 3521 936 καὶ
3567 883 3807 957 σώφρων

2207 973 2345 1044 ἀνὴρ
2372 972 2547 1043 ὀρθῶς
2581 973 2770 1044 ἐκρίθη
2804 990 2862 1026 τε
2898 972 3131 1045 εὐλαϐὴς
3164 975 3259 1027 καὶ
3307 975 3381 1046 μὴ
3416 975 3557 1028 θύων
3606 976 3803 1048 δαίμο-

2209 1081 2311 1117 σιν·
2348 1066 2375 1117 ό
2407 1068 2519 1128 τοῖς
2554 1069 2807 1136 πονηροῖς
2841 1065 2991 1118 θύειν
3023 1065 3110 1119 διὰ
3155 1065 3250 1119 τοῦ
3297 1067 3547 1138 χρησμοῦ
3599 1085 3807 1141 παραι-

2206 1157 2314 1210 νῶν
2347 1157 2431 1221 τίς
2464 1156 2530 1210 ἂν
2563 1158 2801 1226 εὐλόγως
2836 1159 2931 1211 καὶ
2964 1158 3204 1221 ποδαπὸς
3238 1158 3350 1229 (57)
3386 1158 3691 1231 νομισθείη,
3718 1160 3805 1213 σοὶ

2206 1249 2521 1302 καταλείπω
2554 1255 2795 1303 σκοπεῖν.
2845 1249 3126 1303 Ἐντεῦθεν
3157 1251 3214 1303 δὲ
3266 1234 3634 1324 ἁναδραμόντί
3666 1271 3805 1325 προ-

2207 1341 2375 1409 φανὲς
2408 1340 2581 1404 ἔσται,
2627 1342 2768 1394 ποῖοί
2812 1359 2957 1405 τινες
3007 1343 3252 1415 ὑπῆρχον
3295 1344 3393 1415 τὴν
3445 1343 3540 1396 τοῦ
3590 1346 3800 1417 τρόπου

2206 1435 2369 1503 φύσιν
2413 1436 2463 1487 οἱ
2504 1439 2625 1499 ταῖς
2660 1435 3134 1507 ἀνθρωποθυσίαις
3185 1436 3489 1508 χαίροντες.
3525 1437 3558 1507 ἢ
3592 1440 3640 1491 οί
3673 1438 3802 1492 τού-

2205 1547 2318 1593 τοις
2353 1530 2459 1581 πᾶν
2491 1528 2553 1580 τὸ
2584 1527 2925 1597 ἀνθρώπινον
2959 1529 3114 1597 γένος
3164 1530 3327 1583 πάλαι
3377 1530 3640 1602 πρότερον
3690 1547 3799 1585 κα-

2204 1620 2681 1689 ταδεδουλωμένοι.
2718 1622 2780 1673 Ei
2814 1621 2869 1673 δὲ
2903 1621 3049 1689 λέγοι
3072 1639 3155 1685 τις
3192 1620 3265 1691 μὴ
3294 1621 3495 1690 φαῦλον
3530 1617 3667 1674 εἶναι
3702 1620 3797 1674 τὸν

2205 1714 2305 1783 τῆς
2366 1712 2816 1782 ἀνθρωποθυσίας
2857 1713 3091 1784 τρόπον,
3138 1713 3403 1785 ὀρθότατα
3449 1712 3493 1765 δ’
3539 1713 3645 1766 ὐπὸ
3682 1711 3798 1765 τῶν

516 1813 707 1854 eorum
747 1798 1019 1870 tyrannidi
1066 1814 1131 1852 ex
1182 1797 1332 1853 omni
1386 1797 1650 1851 memoria
1697 1799 2097 1868 manciparant.

2207 1805 2454 1860 παλαιῶν
2496 1804 2787 1867 τελεῖσθαι,
2851 1805 2971 1877 ὥρα
3015 1808 3128 1869 τοῖς
3180 1805 3275 1859 νῦν
3334 1803 3799 1876 καταμέμφεσθαι

516 1891 653 1947 Nam
680 1894 726 1947 si
759 1893 863 1948 erit
892 1889 1128 1947 fortasse
1161 1892 1458 1962 quispiam,
1492 1891 1583 1961 qui
1620 1891 1762 1947 banc
1811 1891 2103 1947 immolan-

2208 1898 2394 1952 πᾶσιν.
2430 1895 2512 1948 ὅτι
2551 1894 2736 1965 μηδεὶς
2770 1894 2971 1964 ὁμοίως
3002 1897 3117 1958 τοῖς
3151 1893 3422 1966 πατράσιν
3455 1891 3690 1945 εὐσεϐεῖ.

517 1990 715 2044 dorum
770 1989 1055 2043 hominum
1091 1988 1548 2043 consuetudinem
1614 1987 1765 2042 omni
1839 1989 2042 2044 scelere
2108 1992 2383 2061 purgabit,
2438 2001 2604 2061 atque
2658 2005 2689 2044 a
2740 1989 3017 2044 veteribus
3055 1987 3401 2043 sanctissime
3451 1985 3796 2040 observatam

518 2100 640 2140 esse
672 2082 925 2140 defendet
962 2104 976 2140 :
1012 2087 1117 2141 erit
1156 2100 1313 2152 sane,
1350 2085 1711 2155 quamobrem
1774 2086 2038 2141 continuo
2090 2098 2341 2158 posteros
2374 2104 2566 2143 eorum
2600 2087 2888 2143 universos
2930 2085 3309 2158 reprehendat,
3341 2098 3576 2155 quorum
3610 2080 3797 2137 nullus

518 2178 625 2234 hoc
659 2185 901 2248 tempore
922 2178 991 2232 ad
1021 2179 1255 2248 priscam
1281 2178 1555 2246 majorum
1587 2195 1815 2234 suorum
1843 2179 2098 2250 pietatem
2137 2181 2479 2237 adhaerescit.

1111 2266 1337 2322 CAPUT
1380 2267 1521 2322 XXI.

522 2376 801 2433 Neminem
827 2377 891 2431 ab
925 2378 1067 2432 omni
1087 2393 1195 2433 avo
1227 2377 1410 2448 fuisse,
1441 2388 1633 2446 praeter
1661 2382 1875 2434 unicum
1910 2381 2103 2438 Serva-

595 2460 760 2524 torem
811 2447 1198 2524 Dominumaue
1230 2447 1510 2524 nostrum,
1558 2452 1864 2524 quiﬂtotum
1939 2471 2103 2524 genus

588 2521 883 2572 humanum
911 2537 944 2573 a
972 2521 1272 2573 dwmonum
1300 2521 1597 2589 impostura
1623 2522 1885 2578 liberarit.

593 2636 692 2691 Sin
730 2646 908 2691 autem
946 2651 1083 2692 sano
1125 2645 1449 2705 maturoque
1481 2634 1718 2705 judicio,
1754 2636 1824 2691 ah
1875 2637 2102 2692 immani

522 2743 587 2783 ac
630 2726 805 2782 ferina
849 2728 1168 2781 crudelitate
1204 2727 1609 2781 abhorrendum
1642 2728 1746 2783 sibi
1786 2729 1888 2782 tevi
1930 2729 2103 2784 nostri

522 2822 771 2877 homines
814 2829 1112 2891 putarunt;
1166 2823 1371 2878 nullius
1423 2820 1669 2891 profecto
1708 2821 1909 2877 mentis
1955 2820 2099 2891 fuit,

520 2914 771 2984 quisquis
800 2929 832 2968 e
860 2913 1135 2968 veteribus
1192 2914 1473 2983 improbos
1502 2913 1781 2970 daemones
1810 2914 2100 2969 hominum

520 3009 666 3063 caede
694 3007 948 3077 placavit.
979 3006 1083 3063 Sed
1107 3007 1254 3061 enim
1285 3006 1369 3061 vel
1393 3022 1595 3071 caacus,
1622 3015 1682 3062 ut
1716 3007 1894 3074 aiunt,
1922 3006 2101 3061 mani-

522 3098 655 3153 feste
686 3098 884 3165 videat,
910 3113 1011 3153 nec
1034 3098 1186 3164 deos,
1213 3113 1315 3154 nec
1342 3112 1471 3152 vero
1500 3098 1675 3153 bonos
1696 3097 1973 3152 daemones
2004 3112 2100 3153 eos
2131 3129 2173 3186 ε

522 3192 713 3258 fuisse,
744 3198 1014 3261 quotquot
1060 3204 1091 3243 a
1133 3189 1347 3245 cunctis
1398 3190 1531 3244 olim
1581 3191 1837 3260 gentibus
1870 3189 2098 3244 deorum

521 3283 643 3338 loco
673 3291 727 3337 et
756 3283 976 3336 nomine
1001 3281 1362 3336 censebantur
1387 3297 1400 3333 :
1427 3281 1520 3335 sed
1550 3282 1732 3351 potius
1758 3281 1828 3335 ab
1846 3296 1933 3342 eo,
1954 3281 2100 3350 quod

522 3375 731 3429 bonum
766 3382 869 3440 est,
900 3373 1225 3444 longissimo
1258 3373 1544 3428 intervallo
1575 3374 1905 3443 disjunctos,
1937 3382 2103 3444 atque

521 3464 817 3534 ejusmodi,
858 3480 998 3533 quos
1028 3463 1152 3533 jure
1188 3474 1240 3518 et
1281 3463 1374 3519 Dei
1415 3464 1624 3528 hostes,
1658 3476 1712 3519 et
1743 3465 1942 3535 impios
1970 3480 2102 3535 pro-

521 3566 709 3625 pterea
736 3556 961 3621 dixeris,
997 3556 1089 3625 qui
1122 3572 1292 3626 genus
1319 3557 1599 3626 vitamque
1634 3557 1920 3611 hominum
1974 3558 2100 3612 uni-

523 3662 734 3703 versam
766 3647 1242 3718 pessundederint.
1296 3648 1475 3718 Atque
1510 3649 1740 3703 istorum
1768 3648 1951 3720 fugam
1985 3649 2102 3703 odi-

522 3753 725 3807 umque
777 3753 938 3792 netno
978 3753 1204 3809 prorsus
1257 3754 1325 3794 ex
1376 3740 1528 3793 omni
1574 3741 1864 3806 memoria,
1909 3748 2102 3810 prxter

525 3846 694 3884 unum
765 3839 1094 3886 assertorem
1144 3829 1547 3903 Dominumque
1610 3816 1857 3887 nostrum
1914 3831 2102 3887 Jesum

522 3922 824 3991 Christum,
862 3922 957 3977 Dei
992 3922 1189 3976 Filium
1215 3964 1231 3990 ,
1286 3924 1503 3980 cunctis
1544 3924 1859 3980 hominibus
1894 3925 2104 3979 denun-

527 4014 698 4078 tiavit,
725 4016 926 4085 quippe
972 4016 1067 4086 qui
1115 4016 1342 4071 salutari
1391 4015 1688 4088 Evangelio
1734 4017 1894 4086 patrii
1925 4018 2100 4071 morbi

525 4105 847 4159 medicinam
874 4105 1077 4161 Gracis
1096 4107 1298 4176 pariter
1317 4122 1382 4161 ac
1402 4107 1651 4163 barbaris
1677 4109 1935 4163 omnibus
1961 4117 2103 4164 attu-

524 4198 603 4262 lit,
646 4199 915 4269 simulque
948 4200 1019 4254 ab
1054 4201 1408 4257 acerbissima
1452 4201 1940 4272 vetustissimaque
1986 4217 2105 4257 ser-

520 4291 693 4346 vitute
717 4291 1042 4359 libertatem,
1067 4294 1134 4348 ad
1155 4310 1318 4363 quam
1338 4303 1598 4351 contento
1619 4309 1784 4349 cursu
1806 4309 2101 4364 properare

520 4397 713 4438 omnes
771 4382 1104 4455 Evangelicae
1149 4386 1635 4441 demonstrationis
1689 4394 1846 4456 urget
1900 4386 2098 4448 oratio,

2716 2274 3114 2329 ΚΕΦΑΛΑΙΟΝ
3151 2272 3282 2325 KA'.

2220 2388 2321 2453 Ὠς
2348 2388 2549 2461 οὐδεὶς
2574 2387 2770 2461 ἄλλος
2800 2387 2920 2461 τῶν
2942 2385 3239 2461 ὲξμίῶνος
3320 2383 3562 2461 μόνοςΙό
3589 2378 3794 2461 Σωτῄρ

2284 2451 2381 2511 καὶ
2407 2451 2620 2525 Κύριος
2651 2451 2818 2526 ἡμῶν
2839 2459 2901 2511 τὸ
2940 2451 3062 2510 πᾶν
3108 2453 3434 2523 ἀνθρώπων
3465 2451 3639 2523 γένος
3683 2451 3785 2521 τῆς

2284 2528 2635 2598 δαιμονικῆς
2663 2528 3041 2596 ἠλευθέρωσε
3065 2526 3327 2593 πλάνης.

2282 2643 2346 2694 Ei
2377 2642 2421 2693 δ’
2473 2640 2759 2711 ἐμφρόνως
2811 2642 2860 2693 oi
2895 2641 3017 2694 καθ’
3064 2639 3212 2709 ἡμᾶς
3255 2637 3385 2708 τῆςκ
3406 2631 3649 2706 ἀπηνοῦς
3692 2629 3792 2686 καὶ

2211 2734 2408 2806 ἀγρίας
2440 2735 2719 2804 ὠμότητος
2752 2734 2852 2805 τὴν
2910 2729 3253 2804 ἀποστροφὴν
3288 2729 3632 2799 ἐποιήσαντο,
3676 2721 3792 2777 τῶν

2209 2822 2456 2876 παλαιῶν
2500 2822 2675 2885 οὐδεὶς
2720 2819 2787 2894 ἦν
2848 2823 2955 2893 ἄρα
3007 2822 3188 2889 σοφὸς,
3224 2821 3349 2884 τοὺς
3383 2817 3649 2889 πονηροὺς
3673 2813 3795 2870 δαί-

2211 2933 2377 2988 μονας
2426 2918 2546 2979 ταῖς
2593 2914 3083 2987 ἀνθρωποκτονίαις
3139 2912 3561 2985 μειλισσόμενος.
3632 2906 3796 2962 Ἀλλὰ

2207 3005 2317 3077 γὰρ
2366 3005 2462 3059 καὶ
2515 3004 2717 3075 τυφλῷ,
2772 3005 2925 3075 φασὶ,
2959 3004 3139 3073 δῆλον,
3176 3005 3247 3066 t'u;
3282 3001 3404 3055 οὐτε
3443 3001 3554 3055 θεοὶ
3585 2998 3652 3053 ἂν
3685 2993 3796 3051 εἷεν

2206 3095 2330 3149 οὔτε
2361 3094 2611 3166 δαίμονες
2634 3094 2826 3162 ἀγαθοὶ
2846 3096 2893 3148 οἱ
2922 3093 3086 3147 πάλαι
3109 3094 3245 3163 πρὸς
3276 3090 3385 3143 τῶν
3415 3089 3585 3143 ἐθνῶν
3617 3087 3795 3142 ἁπάν-

2204 3205 2314 3242 των
2347 3186 2774 3257 θεολογούμενοι·
2812 3186 3149 3258 πορρωτάτω
3179 3184 3236 3236 δὲ
3269 3183 3363 3236 τοῦ
3418 3180 3627 3251 ἀγαθοῦ
3661 3180 3793 3250 ἐξῳ-

2207 3280 2475 3351 κισμένοι.
2514 3279 2605 3332 Διὸ
2638 3281 2731 3332 καὶ
2764 3278 2986 3341 ἐνδίκως
3010 3277 3268 3347 θεομάχοι
3286 3275 3429 3339 τινὲς
3455 3275 3549 3328 καὶ
3576 3272 3794 3335 ἀσεόεῖς

2205 3370 2466 3442 λεχθεῖεν,
2501 3372 2593 3424 τὸν
2627 3372 2804 3425 πάντα
2833 3371 3205 3441 λυμηνάμενοι
3240 3369 3374 3439 βίον,
3409 3360 3484 3421 ὧν
3509 3366 3567 3431 ἐξ
3600 3365 3793 3429 αἰῶνος

2205 3465 2378 3529 οὐδεὶς
2417 3466 2450 3537 ἢ
2506 3465 2664 3536 μόνος
2702 3466 2731 3517 ὁ
2772 3464 2961 3536 Σωτὴρ
3000 3463 3095 3516 καὶ
3135 3462 3336 3532 Κύριος
3385 3459 3542 3533 ἡμῶν
3586 3454 3795 3531 Ἰησοῦς

2208 3557 2441 3627 Χριστὸς
2476 3557 2504 3608 ό
2541 3557 2667 3620 Υἱὸς
2698 3556 2791 3610 τοῦ
2825 3554 2961 3609 Θεοῦ
2998 3557 3161 3608 πᾶσιν
3196 3552 3503 3627 ἀνθρώποις
3545 3550 3644 3622 τὴν
3694 3567 3796 3620 φυ-

2206 3649 2309 3719 γὴν
2367 3648 2770 3720 προεκήρυξεν,
2834 3645 3321 3717 εὐαγγελιζόμενος
3394 3641 3531 3715 όμοῦ
3585 3643 3793 3708 πάντας

2209 3740 2477 3811 Ἕλληνάς
2507 3757 2567 3792 τε
2598 3741 2691 3793 καὶ
2717 3740 3026 3812 βαρϐάρους
3061 3737 3357 3810 θεραπειαν
3388 3737 3489 3808 τῆς
3523 3736 3796 3808 πατρικῆς

2205 3830 2384 3893 νόσου,
2434 3831 2529 3881 καί
2578 3829 2678 3899 τῆς
2739 3831 2941 3902 πικρᾶς
2998 3829 3093 3883 καὶ
3141 3828 3507 3901 παλαιοτάτης
3553 3826 3796 3891 δουλείας

2206 3920 2537 3992 ἐλευθερίαν·
2601 3922 2687 3991 ἐφ’
2742 3922 2811 3993 ἥν
2877 3921 3130 3975 σπεύδειν
3190 3923 3219 3974 ὁ
3275 3921 3376 3992 τῆς
3432 3917 3797 3989 εὐαΠελικῆς

2206 4014 2534 4079 ἀποδείξεως
2577 4017 2838 4087 παρορμᾷ
2866 4014 3044 4084 λόγος,
3095 4015 3304 4086 μεγάλῃ
3336 4016 3403 4084 τῇ
3441 4016 3592 4084 φωνῇ
3628 4013 3797 4066 πᾶσιν

2206 4109 2286 4171 είς
2307 4107 2629 4174 ἐξάκουστον
2648 4107 2805 4178 βοῶν·
2829 4108 3073 4177 Πνεῦμα
3097 4109 3321 4175 Κυρίου
3345 4108 3458 4178 (58)
3473 4106 3703 4176 ἐπ’ὲμὲ,
3719 4102 3795 4163 οὗ

2204 4199 2414 4253 ἕνεκεν
2439 4199 2649 4269 ἔχρισέ
2669 4218 2767 4269 με.
2811 4202 3315 4271 εὐαγγελίσασθαι
3348 4198 3607 4270 πτωχοῖς
3647 4197 3796 4253 ἁπέ-

2204 4291 2435 4345 «nam
2457 4310 2556 4361 με,
2586 4292 2838 4360 κηρύξαι
2870 4291 3269 4365 αἰχμαλώτοις
3293 4292 3535 4361 ἄφεσιν,
3569 4289 3668 4344 καὶ
3694 4306 3797 4342 τυ-

2204 4385 2381 4455 φλοῖς
2405 4385 2759 4454 ἀνάϐλεψιν·
2792 4384 3078 4440 ἰάσασθαι
3096 4385 3239 4451 τοὺς
3251 4386 3798 4453 συντετριμμένους

522 4488 717 4545 magna
740 4475 916 4544 palam
946 4491 1101 4540 \nee,
1131 4493 1361 4548 qumque
1390 4493 1421 4532 a
1462 4477 1682 4533 nemine
1712 4491 1823 4531 non
1850 4477 2099 4532 exaudiri

2206 4474 2320 4542 τὴν
2364 4474 2633 4542 καρδίαν·
2689 4477 2781 4529 καὶ
2836 4475 3016 4529 πάλιν·
3067 4474 3417 4544 Ἑξαγαγεῖν
3448 4475 3559 4545 (59)
3600 4474 3671 4527 ἐκ
3702 4473 3798 4528 δε-

521 4563 717 4632 possit,
765 4564 1108 4619 inclamans:
1141 4564 1373 4636 Spiritus
1416 4566 1631 4621 Domini
1681 4582 1839 4635 super
1891 4583 1992 4633 nte,
2042 4583 2102 4621 eo

523 4654 664 4722 quod
702 4656 913 4707 tinxerit
942 4654 1201 4710 Dominus
1232 4674 1312 4711 me
1347 4673 1365 4729 ς
1394 4659 1463 4711 ad
1490 4658 1916 4713 annuntiandum
1951 4675 2105 4711 man-

525 4747 692 4799 suetis
715 4747 860 4800 misit
885 4764 986 4815 me,
1029 4759 1084 4801 ut
1120 4750 1354 4803 madet-er
1381 4752 1626 4804 contritis
1656 4751 1834 4814 corde,
1884 4759 1935 4803 et
1964 4766 2102 4820 prte-

525 4835 756 4890 dicarem
804 4835 1026 4907 captivis
1058 4838 1462 4909 indulgentiam,
1502 4850 1553 4893 et
1604 4839 1804 4894 clausis
1871 4841 2105 4909 apertio-

527 4942 645 4979 nem
660 4927 723 4981 ‘°.
742 4926 1081 4997 lterumque:
1101 4931 1260 5003 17o
1271 4929 1503 4987 Educere
1517 4946 1582 4985 ea:
1601 4931 1822 4986 vinculis
1837 4932 2104 5000 compedi-

526 5027 630 5084 tos,
666 5030 716 5075 et
744 5019 809 5074 de
852 5020 1009 5074 domo
1043 5024 1270 5076 carceris
1323 5023 1555 5077 sedentes
1613 5025 1668 5077 in
1702 5026 1949 5079 tenebris.
1978 5022 2105 5079 Haec

524 5109 670 5162 enim
707 5109 890 5163 divina
922 5125 1055 5165 sane
1088 5110 1442 5167 Hebraeorum
1478 5115 1698 5169 oracula
1726 5115 2104 5185 superioribus

528 5213 675 5255 retro
699 5203 913 5258 smculis
935 5203 1276 5271 cecinerunt,
1306 5203 1508 5273 quibus
1534 5203 1778 5260 futurum
1808 5206 2105 5276 aliquando

602 5337 649 5368 “
686 5336 793 5394 lsa.
825 5354 939 5408 ιιι,
967 5342 994 5396 1
1031 5357 1186 5413 seqq.

599 5471 719 5549 (37)Δ
738 5472 1043 5549 Ποδαξτός.Δ
1060 5476 1250 5533 Scribe
1279 5479 1542 5543 ποταπός.
1577 5478 1685 5535 Sed
1725 5480 1952 5549 perinde
1999 5490 2101 5536 est.

526 5537 787 5615 Hesychq
818 5537 1111 5609 ποδαπὸν,
1148 5551 1413 5615 ποταπὸν,
1441 5537 1645 5605 ὁποῖον.

597 5612 708 5681 (58)
741 5615 983 5693 Πνεῦμα
1026 5620 1270 5693 κυρίου.
1317 5612 1707 5692 Septuaginta,
1763 5639 1904 5693 quos
1935 5620 2104 5677 habe-

528 5697 682 5764 tuus,
721 5687 968 5764 nonnihil
1004 5690 1245 5764 variant;
1284 5700 1339 5744 et
1380 5687 1505 5764 post
1525 5687 1861 5747 ’ἀπέσταλκέ
1895 5710 1994 5764 με,
2029 5694 2106 5747 le-

529 5760 683 5823 gunt,
720 5754 972 5809 ἰάσασθαι
1000 5759 1125 5821 τοὺς
1147 5754 1633 5833 συντετριμμένους
1665 5767 1730 5834 τῇ
1765 5754 1981 5837 καρδίᾳ,
2010 5780 2105 5838 κη-

2205 4563 2378 4635 σμῶν
2405 4565 2879 4636 πεπεδημένους,
2914 4565 3014 4619 καὶ
3058 4565 3127 4630 ἐξ
3168 4567 3337 4620 οἴκου
3367 4566 3650 4635 φυλακῆς
3692 4581 3801 4620 κα-

2205 4657 2502 4728 θημένους
2530 4659 2593 4712 ἐν
2620 4661 2843 4713 σκότει.
2877 4658 3061 4712 Ταῦτα
3085 4659 3194 4730 γὰρ
3224 4658 3431 4713 ἄνωθεν
3463 4660 3528 4713 ἐκ
3561 4657 3796 4713 παλαιοῦ

2204 4747 2275 4801 τὰ
2306 4747 2425 4800 θεῖα
2450 4748 2526 4812 ὡς
2561 4748 2774 4820 ἀληθῶς
2820 4750 2952 4823 παρ’
3010 4749 3282 4823 Ἑϐραίοις
3328 4750 3579 4815 ἐθέσπιζε
3614 4750 3795 4820 λόγια,

2204 4841 2305 4913 τὴν
2338 4841 2495 4913 ἡμῶν
2528 4841 2637 4895 τῶν
2669 4842 2839 4896 παλαι
2871 4842 3089 4914 τυφλῶν
3124 4843 3224 4907 τὰς
3253 4842 3452 4915 ψυχὰς,
3488 4845 3584 4897 καὶ
3611 4843 3798 4916 δαιμό-

2205 4948 2312 4985 νων
2374 4931 2628 5004 πονηρῶν
2695 4932 3058 4998 πολυπλόκοις
3129 4933 3348 5005 δεσμοῖς
3402 4934 3609 5006 πεπεδη
3618 4935 3795 5005 μένων

2206 5023 2582 5097 ἀπολύτρωσιν
2603 5025 3076 5097 εὐαγγελιζόμενα.
3116 5025 3280 5079 Ὅθεν
3298 5026 3523 5090 εἰκότως
3540 5028 3667 5091 τοὺς
3696 5027 3793 5096 τῆς

2206 5114 2440 5179 διανοίας
2471 5115 2780 5186 ὀφθαλμοὺς
2807 5116 2943 5189 πρὸς
2973 5114 3067 5170 τοῦ
3103 5117 3370 5189 σωτηρίου
3402 5116 3562 5185 λόγου
3592 5132 3794 5169 καταυ-

2206 5206 2520 5275 γασθέντες,
2547 5208 2821 5281 σώφρονές
2848 5226 2908 5263 τε
2944 5210 3039 5263 καὶ
3068 5208 3316 5274 εὐλαϐεῖς
3335 5209 3429 5263 καὶ
3464 5209 3673 5263 συνετοὶ
3704 5224 3796 5277 γε·

2210 5470 2755 5546 ρύξαιαίχμαλώτοις
2785 5472 3000 5543 ἄφεσιν,
3035 5473 3131 5527 καὶ
3163 5473 3384 5544 τυφλοῖς
3408 5473 3722 5546 ἀνάϐλεψιν.

2278 5522 2887 5619 (effugisse:
2900 5522 3156 5619 statim.
3174 5522 3795 5619 ἶέξξᾷἔγὲινῖπὲὲἇξίῶν

2206 5611 2542 5688 δεδεμένους,
2564 5611 2813 5688 ἐξοίκου
2851 5611 3075 5688 φυλακ.,
3108 5611 3216 5673 etc.
3247 5611 3477 5688 Vulgata
3498 5656 3515 5686 ,
3555 5611 3797 5672 Educers

2208 5685 2273 5738 de
2294 5682 2626 5740 cunctatione
2645 5682 2895 5751 vinctum,
2927 5687 2994 5742 de
3025 5688 3205 5753 domo,
3239 5698 3345 5743 etc.
