4156 6412
430 381 538 438 297

1610 379 1933 435 PIUEPAR.
1964 377 2218 434 EVANG.
2260 379 2391 433 LIB.
2427 379 2519 436 IV.

429 499 666 571 νόμενοι,
705 499 799 553 κα)⁵
831 499 1047 553 πάντων
1097 498 1367 572 ἐλεύθεροι
1415 497 1622 564 κακῶν,
1677 499 1801 553 οὔτε
1862 501 2007 553 θύσοι

2121 497 2350 555 feliciter
2391 498 2822 566 annuntiabant,
2860 507 2921 554 ut
2959 513 3115 554 caecae
3157 502 3429 570 quondam
3479 515 3689 558 mentes

437 606 565 661 μεν,
587 588 712 643 οὔτε
738 590 1093 661 δουλεύσομεν
1122 594 1233 655 τοῖς
1266 590 1374 644 τῶν
1408 589 1576 643 ἐθνῶν
1611 594 2016 663 νενομισμένοις

433 681 596 746 θεοῖς,
621 683 670 735 οἳ
697 682 760 754 δὴ
790 684 884 736 καὶ
904 685 936 752 ή
946 683 1061 754 μῶν
1091 684 1152 736 τὸ
1185 684 1312 753 πρὶν
1340 683 1787 755 κατετυράννουνο
1824 683 2016 755 ἀχθέν-

431 793 523 840 τες
555 777 610 829 δὲ
643 778 733 829 καὶ
755 776 1178 848 προσαχθέντες,
1207 777 1312 830 ὑπὸ
1333 777 1433 846 τῆς
1455 775 1548 829 τοῦ
1577 777 1826 848 Σωτῆρος
1857 779 1888 848 ἡ
1899 777 2016 847 μῶν

432 865 792 930 διδασκαλίας,
847 866 928 936 τῷ
979 867 1125 938 μόνῳ
1173 867 1268 921 καὶ
1305 867 1494 938 ἀληθεῖ
1526 867 1665 938 Θεῷ,
1712 868 1791 937 τῷ
1821 869 1886 940 δὴ
1922 869 2016 922 καὶ

432 953 664 1026 δεσπότῃ
711 957 805 1008 καὶ
848 958 1061 1026 τροφεῖ,
1115 955 1321 1026 σωτῆρί
1363 973 1422 1008 τε
1462 957 1556 1008 καὶ
1606 957 1887 1028 εὐεργέτῃ,
1922 959 2016 1010 καὶ

432 1045 511 1098 ἔτι
545 1049 741 1118 ποιητῇ
771 1048 864 1102 καὶ
881 1047 1213 1119 δημιουργῷ,
1239 1049 1332 1103 καὶ
1355 1048 1692 1120 παμϐασιλεῖ
1722 1051 1828 1104 τῶν
1856 1052 2011 1116 ὅλων,

437 1140 596 1212 μόνον
641 1140 829 1194 τοῦτον
871 1141 1042 1212 ἁληθῆ
1091 1141 1223 1195 Θεὸν
1276 1143 1616 1215 ἡγησόμεθα,
1651 1144 1745 1198 καὶ
1785 1144 1930 1216 μόνῳ
1955 1145 2016 1198 τὸ

433 1232 709 1303 προσῆκον
737 1232 1117 1304 ἀπονεμοῦμεν
1143 1233 1320 1298 σέϐας,
1343 1234 1501 1304 μόνον
1530 1237 1897 1307 γεραίροντες,
1919 1237 2014 1290 καὶ

435 1324 595 1395 μόνον
642 1325 805 1378 αὐτὸν
845 1325 1214 1390 εὐσεὸοὗντες,
1265 1328 1363 1398 οὐχ
1493 1328 1602 1400 (40)
1649 1332 1762 1394 τοῖς
1799 1331 2015 1401 δαίμοσι

433 1421 606 1491 φίλον,
643 1423 756 1476 ἀλλ’
959 1425 1094 1496 πρὸς
1127 1425 1291 1478 αὑτοῦ
1321 1428 1763 1498 καταπεμφθὲντι
1796 1430 2014 1486 πάντων

431 1509 734 1581 ἀνθρώπων
773 1511 988 1582 Σωτῆρι
1031 1513 1120 1568 διὰ
1156 1515 1258 1585 τῆς
1288 1517 1647 1588 εὐαγγελικῆς
1679 1519 1842 1572 αὑτοῦ
1871 1521 2016 1574 διδα-

433 1598 658 1664 σκαλίας
688 1602 1062 1672 παραδέδοται.
1109 1604 1294 1676 Ταύτῃ
1327 1605 1385 1658 δὲ
1419 1605 1791 1671 θεοσεϐοὖντες
1827 1607 2014 1674 διώξο-

435 1707 534 1760 μεν
567 1692 659 1743 καὶ
692 1693 1037 1764 ἀπελάσομεν
1070 1695 1299 1760 ἑαυτῶν,
1347 1697 1542 1751 πολλοῦ
1575 1699 1658 1751 δεῖ
1708 1700 2015 1772 φοϐηθησό-

435 1781 592 1852 μεθα,
628 1784 754 1848 τοὺς
788 1786 1055 1857 πονηροὺς
1088 1787 1364 1857 δαίμονας,
1407 1789 1474 1842 δι’
1506 1790 1728 1858 ἁγνείας
1762 1791 1873 1861 (41)
1922 1793 2016 1845 καὶ

432 1873 668 1947 καθαροῦ
695 1877 918 1948 τρόπου,
969 1878 1086 1948 βίου
1129 1897 1191 1932 τε
1233 1880 1508 1952 σώφρονος
1553 1882 1647 1934 καὶ
1686 1883 2012 1953 παναρέτου,

430 1965 523 2018 τοῦ
551 1966 613 2038 δὴ
635 1967 768 2038 πρὸς
791 1968 887 2020 τοῦ
914 1970 1168 2041 Σωτῆρος
1197 1972 1230 2041 ἡ
1240 1971 1356 2041 μῶν
1379 1971 1758 2044 διωρισμένου.
1783 1972 2014 2045 Καθαρᾷ

432 2056 542 2128 γὰρ
578 2057 652 2129 μὴ
695 2058 951 2112 δύνασθαι
993 2059 1137 2131 ψυχῇ
1179 2061 1498 2132 πλησιάζειν
1535 2061 1622 2116 διὰ
1648 2062 1710 2116 τὸ
1744 2063 2014 2134 ἀνόμοιον,

431 2147 794 2222 ὡμολόγηται.
837 2151 979 2204 Ἀλλ’
1011 2153 1132 2206 οὐδὲ
1167 2154 1426 2224 μαντείας
1459 2153 1551 2207 καὶ
1581 2155 1847 2226 χρησμῶν
1888 2155 2014 2226 δεη-

435 2239 660 2310 σόμεθα,
691 2243 811 2296 οὐδὲ
846 2245 1127 2316 σπλάγχνα
1162 2245 1315 2310 ζώων
1345 2247 1790 2321 διερευνησομεν,
1815 2249 1933 2302 οὐδέ
1960 2267 2013 2303 τι

433 2329 541 2382 τῶν
585 2330 670 2384 διὰ
720 2333 1039 2404 δαιμονικῆς
1089 2339 1356 2408 κινήσεως
1408 2339 1814 2410 ἐνεργουμένων
1849 2340 2013 2392 πολυ-

435 2424 914 2496 πραγμονήσομεν.
962 2419 1063 2478 Ὦν
1111 2427 1219 2499 γάρ
1253 2428 1414 2483 ἕνεκα
1445 2429 1618 2483 ταῦτα
1646 2431 1759 2493 τοῖς
1801 2430 2015 2495 πολλοῖς

435 2514 812 2580 σπουδάζεται,
833 2517 1036 2571 τούτων
1069 2519 1200 2588 ἡμῖν
1239 2520 1568 2590 ἀφίστασθαι
1606 2521 1834 2594 μελετᾷν
1868 2525 1896 2576 ό
1919 2522 2012 2576 τοῦ

431 2606 666 2676 Χριστοῦ
699 2606 854 2675 λόγος
903 2608 1252 2664 διεστείλατοσ
1302 2612 1476 2682 μόνων
1526 2613 1583 2666 δὲ
1614 2614 1838 2668 ἐκείνων
1869 2616 2016 2684 ἐφίε-

351 2746 354 2748 ν
433 2695 555 2749 σθαι
589 2697 913 2768 προῦτρεψε,
948 2701 1078 2773 περὶ
1110 2695 1184 2757 ὧν
1209 2703 1425 2774 ἀληθῶς
1469 2705 1660 2776 μάντις
1711 2706 1810 2776 μὲν
1839 2707 2016 2771 οὐδεὶς

428 2787 550 2840 οὐδὲ
576 2787 855 2858 σπλάγχνα
886 2789 1042 2854 ζώων
1071 2793 1298 2864 μηνύσει
1324 2795 1384 2848 τὸ
1415 2795 1605 2864 σαφές·
1643 2798 1807 2861 αὐτὸς
1835 2799 1892 2851 δὲ
1926 2799 2015 2870 μό-

429 2894 520 2942 νος
566 2881 594 2932 ό
635 2879 730 2933 τοῦ
772 2881 902 2934 Θεοῦ
939 2883 1130 2950 Λόγος,
1169 2885 1198 2937 ό
1242 2888 1300 2939 ἐν
1345 2890 1457 2951 τοῖς
1489 2887 1760 2960 ἀληθινοῖς
1791 2892 2014 2946 ἐνοικῶν

437 2967 784 3039 σπλάγχνοις,
807 2971 916 3023 τῶν
935 2971 1061 3026 οἴων
1082 2991 1140 3026 τε
1163 2976 1344 3040 αὐτὸν,
1369 2976 1438 3028 δι’
1459 2977 1634 3049 ἄκραν
1651 2979 1829 3051 ψυχῆς
1851 2981 2015 3035 καθα-

433 3059 655 3130 ρότητα,
684 3061 827 3115 ἔνδον
846 3064 904 3116 ἐν
934 3065 1143 3130 ἑαυτοῖς
1165 3067 1382 3136 χωρεῖν.
1409 3070 1546 3140 Περὶ
1567 3065 1641 3123 ὦν
1666 3072 1798 3142 φησί
1825 3090 1924 3124 που
1956 3075 2011 3124 ἐν

431 3153 543 3214 τοῖς
576 3155 742 3222 ἱεροῖς
783 3155 1129 3226 γράμμασιν-
1174 3158 1496 3227 Ἐνοικήσω
1535 3159 1643 3230 (ιε)
1679 3161 1749 3214 ἐν
1784 3161 2011 3228 αὐτοῖς,
2041 3174 2083 3230 C

431 3240 527 3296 καὶ
545 3241 1029 3312 ἐριπεριπατνήσω,
1049 3246 1144 3299 καὶ
1165 3247 1376 3317 ἔσομαι
1394 3248 1593 3302 αὐτῶν
1612 3250 1774 3316 Θεὸς,
1794 3252 1889 3303 καὶ
1903 3254 1980 3305 αὑ
1997 3283 2012 3292 -

433 3334 521 3386 τοὶ
539 3332 787 3388 ἔσονταί
815 3353 918 3405 μοι
934 3338 1101 3402 λαός.
1123 3338 1308 3392 Ταῦτα
1329 3341 1426 3410 μὲν
1442 3337 1532 3394 οὖν
1548 3339 1617 3394 τὰ
1638 3341 1744 3394 ἀπὸ
1766 3341 1858 3395 τοῦ
1887 3343 2013 3414 περὶ

430 3421 632 3478 θυσιῶν
663 3425 828 3480 τόπου
855 3426 1225 3496 ἀπελεγκτικὰ
1245 3431 1342 3500 τῆς
1370 3430 1478 3484 τῶν
1507 3431 1773 3503 δαιμόνων
1811 3434 2011 3505 μοχθη-

431 3515 570 3587 ρίας.
601 3517 798 3571 Ἀκουε
824 3517 866 3570 δ’
891 3512 978 3571 οἶα
1008 3521 1138 3591 περὶ
1159 3519 1269 3573 τῶν
1290 3521 1470 3574 αὐτῶν
1497 3517 1652 3586 αὖθις
1680 3525 1708 3575 ὁ
1738 3523 1848 3592 τῆς
1868 3525 2006 3594 περὶ

428 3605 550 3659 τῶν
572 3609 859 3678 ἐμψύχων
881 3610 1120 3681 ἀποχῆς
1149 3614 1498 3684 συγγραφεὺς
1536 3616 1757 3688 ἱστορεῖ,
1781 3615 2008 3690 διαρῤή-

424 3695 524 3768 δην
558 3698 834 3769 ὁμολογῶν
877 3702 1004 3764 τοὺς
1046 3705 1316 3774 πονηροὺς
1363 3704 1622 3774 δαίμονας
1661 3709 1720 3761 ἐν
1762 3709 2005 3779 σχήμασι

424 3789 662 3844 πλείοσιν
686 3793 1138 3864 ἐντυπουμὲνους,
1166 3797 1260 3849 καὶ
1282 3799 1562 3857 παντοίαις
1587 3805 1821 3872 μορφαῖς
1843 3821 2008 3877 χαρα-

429 3875 788 3946 κτηρίζοντας
808 3878 942 3948 (45),
979 3880 1257 3936 λανθάνειν
1291 3885 1384 3937 καὶ
1418 3885 1694 3957 ἐξαπατᾷν
1723 3890 1848 3950 τοὺς
1874 3875 2004 3944 πολ-

427 3964 555 4028 λοὺς
591 3965 700 4020 τῶν
745 3968 1067 4039 ἀνθρώπων.
1117 3991 1136 4023 ι
1199 3974 1442 4042 Ἀγαθῶν
1482 3969 1610 4046 γάρ,
1645 3981 1828 4048 φησὶν,
1868 3982 2002 4034 ὑπο-

426 4056 675 4128 δυόμενοι
702 4059 988 4132 πρόσωπα,
1020 4062 1114 4115 καὶ
1142 4067 1682 4138 προσεταιριζόμενοι
1705 4069 1773 4121 τὰ
1799 4070 1999 4142 πλήθη,

425 4148 515 4202 διὰ
538 4147 630 4204 τοῦ
654 4150 754 4213 τὰς
780 4151 1073 4222 ἐπιθυμίας
1096 4153 1205 4208 τῶν
1241 4156 1542 4229 ἀνθρώπων
1571 4159 1832 4222 ἐκκαίειν,
1877 4163 2003 4227 τοὺς

425 4241 686 4296 ἀνωτάτω
731 4242 886 4308 θεοὺς
930 4248 1156 4312 ἐαυτοὺς
1195 4248 1600 4318 ἐπινομίζεσθαι
1639 4251 1934 4320 βούλονται.
1976 4272 1995 4305 ι

428 4333 692 4388 Τοσοῠτόν
718 4335 777 4389 τέ
803 4355 964 4408 φησιν
991 4340 1189 4404 αὐτοὺς
1230 4339 1467 4411 ἰσχῦσαι,
1498 4343 1574 4406 ὡς
1601 4345 1875 4415 ἀπατῆσαι
1908 4346 2002 4399 καὶ

426 4426 551 4488 τοὺς
578 4427 920 4493 σοφωτάτους
946 4429 1052 4483 τῶν
1098 4431 1364 4502 Ἑλλήνων
1402 4433 1629 4504 ποιητὰς
1662 4424 1756 4488 καὶ
1789 4436 2000 4503 φιλοσό-

427 4529 581 4581 φους,
611 4515 704 4580 οὒς
747 4519 842 4570 καὶ
873 4520 1124 4589 ὁμολογεῖ
1173 4521 1271 4592 τῆς
1314 4520 1408 4575 τοῦ
1442 4521 1680 4593 πλήθους
1713 4526 1996 4594 γεγονέναι

423 4603 756 4678 διαστροφῆς
784 4611 1017 4683 αἰτίους·
1051 4612 1132 4666 ὅτι
1159 4629 1222 4680 γε
1259 4613 1371 4685 (44)
1402 4614 1460 4680 ἐξ
1485 4615 1663 4667 αὐτῶν
1696 4618 1846 4671 πᾶσα
1877 4634 2002 4688 γοη-

423 4694 544 4748 τεία
573 4698 824 4770 συνέστη,
855 4701 950 4755 καὶ
982 4702 1050 4755 τά
1075 4703 1214 4775 πρὸς
1240 4704 1432 4777 ἡδονὴν
1471 4705 1781 4778 ἀνθρώποις
1801 4709 1870 4762 δι’
1895 4709 1996 4762 αὐ-

497 4830 609 4912 (40)
638 4828 979 4912 Οὐχῇε-Ιῑα
1022 4841 1373 4909 reposuimus
1415 4858 1481 4896 ex
1513 4842 1684 4898 altero
1723 4860 1994 4911 manusc.,

425 4904 1100 5025 cgilconsentit'Montac.,'
1121 4925 1246 4965 cum
1273 4921 1397 4967 ante
1425 4929 1706 4983 perperam
1730 4904 1998 4986 legeretur

425 4987 453 5024 ο
488 4989 519 5025 γ
547 5013 561 5025 .

422 4987 604 5113 00%;!)
646 5047 932 5129 ﬁxa-stag.
966 5046 1646 5129 Faciliseratemendatio,
1678 5069 1776 5124 pro
1813 5057 1996 5129 ἀγνοί-

420 5128 488 5178 ας
514 5152 531 5178 ,
558 5121 702 5182 quod
732 5117 894 5172 habet
923 5127 1077 5174 vetus
1100 5120 1287 5176 editio.

487 5201 601 5284 μβ)
661 5209 993 5284 Ετεοικῃρνω.
1053 5209 1258 5284 Locum
1298 5211 1442 5284 hunc
1475 5213 1642 5268 sumit
1673 5213 1988 5284 Apostolus,

418 5276 615 5396 Kartim
641 5291 704 5330 ex
731 5275 992 5338 Levitico,
1023 5281 1222 5347 partim
1263 5297 1330 5334 ex
1379 5281 1656 5338 Ezechiele
1703 5275 1987 5355 propheta:

468 5359 554 5396 am
585 5344 755 5396 Lavit.
785 5363 935 5396 xxvr.
969 5348 1028 5396 Η
1061 5363 1076 5396 :
1104 5349 1329 5396 Panum-
1363 5351 1538 5396 innuit
1591 5353 1986 5396 ιηΙννηηρηΙιιη.

468 5359 554 5396 am
585 5344 755 5422 L_evit.
785 5363 935 5422 arm,
969 5344 1076 5422 Hi:
1102 5349 1332 5422 lienam,
1362 5351 1557 5422 inquit,
1591 5344 1988 5410 taberna-culum

418 5428 592 5498 meant
620 5417 674 5469 in
698 5418 871 5498 medio
898 5418 1075 5470 vestri.
1123 5417 1401 5498 Se_ptua_g.,
1440 5417 1754 5498 'Gﬁogrrhv
1785 5429 1988 5498 σκηνήν

422 5499 523 5568 μου
573 5485 639 5568 ἐν
690 5487 840 5568 ὑμῖν,
896 5502 996 5568 pro
1027 5503 1138 5568 quo
1173 5485 1400 5568 brevius
1439 5503 1492 5568 et
1515 5485 1987 5568 ’ξΕλληνικώτέρὸν

416 5552 645 5629 Apostol
669 5584 686 5612 υ
718 5552 1014 5628 Ἐνοικήσω
1037 5552 1099 5610 ἐν
1125 5559 1328 5623 αὐτοῖς,
1359 5562 1652 5617 Ambulabo
1681 5552 1830 5619 'iutcr
1871 5552 1981 5629 υόε,

416 5631 467 5674 et
487 5625 746 5702 ero-pem
773 5625 956 5692 vester,
982 5643 1170 5702 nosque
1207 5633 1356 5684 eritis
1386 5633 1608 5702 populus
1646 5651 1811 5688 meus.
1851 5625 1985 5702 Qua:

417 5705 541 5761 eum
593 5695 931 5751 litteratenus
979 5698 1046 5750 de
1084 5695 1464 5755 tabernaculo
1506 5701 1724 5758 frederis
1762 5720 1828 5761 eo
1862 5695 1983 5760 loco

416 5760 747 5835 dicerentur,
778 5766 1046 5821 Ezechiel.
1076 5784 1282 5832 xxxv",
1312 5771 1404 5835 27,
1440 5772 1506 5825 ad
1551 5771 1752 5827 Christi
1799 5760 1982 5829 Eccle-

418 5829 555 5887 siam
585 5834 872 5907 allegorice
903 5836 1174 5896 referens.
1209 5829 1300 5893 ubi
1343 5829 1411 5896 de
1447 5855 1557 5895 uno
1591 5857 1718 5913 rege
1760 5841 1980 5902 Christo

707 5929 980 5994 Ρηιιοι.
1040 5931 1159 5993 Gn.
1193 5931 1366 5994 XXI.

2120 601 2351 657 nostra},
2405 602 2569 664 atque
2619 592 2886 648 intricatis
2933 593 3326 648 sceleratorum
3373 593 3684 651 daemonum

2117 679 2350 736 vinculis
2372 683 2643 752 impedita:
2675 683 3095 754 constrictaeque
3125 685 3483 740 solverentur.
3507 685 3688 753 Quare

2120 789 2251 837 nos,
2315 783 2502 843 utpote
2551 774 2644 843 qui
2683 784 2737 828 et
2790 775 2989 829 mentis
3035 775 3224 830 oculos
3270 775 3383 844 jam
3432 777 3689 832 salutaris

2117 865 2379 919 doctrina:
2411 865 2578 921 radiis
2609 867 2956 920 collustratos
2981 865 3299 931 habeamus,
3326 876 3379 922 et
3409 868 3476 922 ad
3505 884 3686 924 veram

2119 956 2860 1028 aliquandotemperantiam,
2891 959 3228 1029 religionem,
3255 959 3690 1031 sapientiamque

2121 1048 2372 1113 traducti,
2427 1049 2783 1119 omniumque
2835 1049 3106 1105 malorum
3149 1051 3442 1106 acerbitate
3473 1053 3688 1107 liberati

2120 1139 2318 1202 simus,
2373 1139 2492 1194 istis
2535 1156 2838 1210 nunquam,
2879 1141 3079 1210 quibus
3128 1141 3465 1196 divinitatem
3501 1153 3690 1210 gentes

2120 1231 2395 1295 aliinxere,
2446 1232 2649 1302 quique
2707 1247 2807 1288 nos
2843 1235 3005 1287 etiam
3058 1243 3216 1287 antea
3262 1235 3548 1304 tyrannide
3591 1251 3688 1290 sua

2119 1336 2415 1392 oppressos
2448 1324 2726 1389 tenebant,
2778 1339 2956 1392 neque
2982 1323 3312 1378 sacriﬁcium
3344 1323 3609 1380 faciemus
3635 1327 3689 1378 in

2121 1422 2420 1484 posterum,
2468 1431 2644 1485 neque
2683 1415 2984 1470 serviemus
3017 1433 3030 1468 :
3063 1417 3156 1470 sed
3189 1417 3412 1484 propius
3470 1419 3691 1472 tandem

2121 1507 2188 1561 ad
2225 1508 2401 1562 solum
2430 1522 2730 1578 verumque
2761 1507 2930 1562 Deum
2950 1548 2964 1572 ,
3005 1505 3313 1562 Servatoris
3345 1509 3517 1563 nostri
3550 1524 3691 1578 prae-

2119 1601 2309 1670 ceptis,
2342 1600 2423 1654 sic
2449 1607 2709 1671 tanquam
2741 1615 2905 1654 manu
2943 1599 3179 1662 deducti,
3217 1597 3405 1660 Deum,
3441 1599 3690 1670 inquam,

2119 1690 2294 1756 illum,
2347 1691 2512 1760 hujus
2562 1692 2933 1746 universitatis
2982 1690 3270 1745 Dominum
3315 1691 3479 1745 simul
3527 1701 3691 1761 atque

2117 1779 2428 1845 nutritium,
2464 1779 2622 1849 cujus
2659 1779 2997 1849 providentia
3033 1795 3098 1834 ac
3137 1779 3467 1850 benignitate
3505 1794 3690 1834 rerum

2046 1845 2090 1900 Β
2120 1868 2269 1922 salus
2313 1845 2556 1922 omnium
2599 1845 2941 1932 continetur,
2985 1869 3190 1939 quique
3230 1845 3324 1924 eas
3367 1877 3425 1922 ut
3467 1868 3690 1922 molitus

2120 1973 2264 2011 unus
2311 1967 2475 2028 atque
2519 1958 2908 2014 architectatus
2952 1967 3054 2025 est,
3102 1959 3183 2014 sic
3221 1958 3441 2012 easdem
3473 1975 3690 2013 summo

2119 2046 2376 2117 deinceps
2411 2049 2547 2118 regit
2574 2049 2808 2119 imperio
2829 2090 2844 2115 ,
2871 2065 3037 2102 unum
3066 2064 3191 2103 eum
3226 2063 3445 2124 quoque
3470 2065 3692 2105 verum-

2119 2153 2226 2206 que
2269 2138 2439 2194 Deum
2473 2155 2595 2195 esse
2621 2141 2928 2198 credemus.
2959 2139 3051 2194 uni
3081 2139 3264 2208 justos
3308 2141 3546 2194 honores
3592 2141 3691 2194 tri-

2118 2229 2372 2296 buemus,
2390 2246 2557 2284 unum
2579 2246 2736 2285 sacro
2757 2232 2904 2285 cultu
2928 2231 3186 2300 omnique
3211 2229 3488 2300 religionis
3514 2231 3691 2286 ofﬁcio

2116 2333 2537 2388 prosequemur,
2562 2320 2724 2389 idque
2747 2335 2855 2374 non
2872 2320 2986 2389 jam
3019 2320 3326 2375 daemonum
3351 2321 3481 2385 ritu,
3508 2320 3602 2376 sed
3624 2336 3692 2375 eo

2116 2418 2350 2475 tantum,
2369 2426 2530 2480 quem
2565 2427 2664 2466 nos
2679 2411 2987 2481 evangelica
3006 2427 3140 2467 voce
3167 2412 3368 2468 missus
3397 2413 3465 2468 ab
3497 2415 3689 2469 eodem

2115 2499 2341 2553 humani
2368 2502 2580 2571 generis
2604 2511 2846 2556 assertor
2879 2503 3114 2558 edocuit.
3141 2505 3318 2576 Atque
3356 2507 3462 2563 hoc
3491 2523 3691 2579 genere

2116 2593 2338 2662 pietatis
2354 2594 2576 2660 exculti,
2604 2603 2813 2648 tantum
2845 2596 3037 2661 aberit,
3077 2606 3135 2651 ut
3174 2597 3546 2668 improborum
3579 2600 3690 2654 daa-

2117 2701 2340 2739 monum
2372 2698 2519 2740 metu
2551 2695 2886 2750 terreamur,
2927 2698 2984 2740 ut
3024 2704 3118 2744 eos
3151 2691 3332 2758 potius
3382 2692 3689 2762 integritate

2116 2775 2335 2838 mentis.
2381 2791 2592 2829 morum
2629 2777 2970 2841 innocentia,
3013 2779 3121 2832 vita
3154 2780 3390 2850 denique
3431 2783 3686 2846 castiore,

2116 2877 2280 2935 atque
2314 2867 2379 2920 ad
2417 2883 2635 2920 omnem
2669 2869 2922 2921 virtutem
2961 2867 3268 2925 Servatoris
3323 2873 3496 2927 nostri
3543 2889 3688 2944 prte-

2116 2959 2287 3027 ceptis
2310 2959 2557 3013 instituta
2592 2959 2780 3027 procul
2818 2959 3102 3030 abigamus
3133 2972 3296 3032 atque
3327 2965 3681 3034 expellamus.

2116 3049 2226 3104 illis
2272 3053 2418 3105 enim
2462 3052 2528 3104 ad
2571 3067 2737 3119 puros
2783 3052 3138 3122 sincerosque
3185 3055 3423 3118 animos,
3470 3069 3689 3126 propter

2117 3141 2615 3194 dissimilitudinem
2671 3140 2875 3194 aditum
2941 3151 3126 3211 patere
3181 3144 3423 3212 nullum,
3477 3147 3687 3216 profani

2115 3233 2279 3288 etiam
2305 3232 2542 3286 hominis
2569 3233 2914 3288 confessione
2950 3234 3140 3304 liquet.
3174 3235 3320 3291 Nihil
3352 3240 3514 3293 etiam
3543 3241 3688 3294 divi-

2115 3325 2356 3386 natione,
2387 3311 2682 3380 detirumve
2713 3326 2992 3396 responsis
3021 3326 3406 3399 indigebimus,
3437 3347 3536 3386 nec
3567 3332 3688 3386 ani-

2113 3415 2382 3469 mantium
2433 3427 2556 3471 exta
2603 3418 2945 3485 rimabimur,
2989 3433 3090 3474 nec
3125 3420 3196 3474 ad
3229 3434 3422 3475 eorum
3462 3425 3687 3478 omnino

2112 3508 2436 3577 quidquam,
2469 3525 2591 3577 quae
2636 3511 2890 3566 sensibus
2924 3510 3234 3567 daemonum
3265 3524 3380 3568 arte
3409 3515 3586 3570 solent
3622 3533 3687 3572 ac

2110 3599 2399 3669 praestigiis
2425 3601 2670 3665 illudere,
2697 3603 2972 3658 curiosius
2989 3605 3350 3660 attendemus.
3378 3604 3514 3661 Nam
3540 3624 3686 3678 quo-

2109 3708 2232 3746 rum
2261 3707 2426 3747 causa
2459 3709 2628 3763 genus
2654 3694 2757 3749 hoc
2778 3709 2960 3749 rerum
2987 3697 3186 3765 vulgus
3221 3697 3505 3753 hominum
3533 3709 3684 3755 tanto

2110 3785 2289 3839 studio
2311 3793 2681 3849 consectatur,
2711 3786 2778 3840 ah
2808 3787 2874 3840 iis
2909 3787 3057 3841 omni
3091 3803 3224 3844 cura
3262 3798 3316 3843 et
3357 3791 3524 3846 animi
3551 3807 3682 3863 pro~

2107 3874 2320 3930 visione
2373 3875 2755 3930 abstinendum
2799 3878 2956 3932 nobis
3000 3893 3064 3933 ac
3108 3879 3424 3952 fugiendum
3474 3881 3680 3940 Christi

2108 3965 2356 4022 doctrina
2385 3969 2656 4038 praecipit;
2711 3971 2793 4025 sic
2838 3971 2905 4024 ad
2931 3987 2992 4025 ea
3022 3980 3231 4026 tantum
3263 3976 3557 4044 expetenda
3586 3992 3680 4031 co-

2107 4057 2379 4126 hortatur,
2425 4076 2659 4130 quorum
2715 4062 2848 4116 certi
2907 4062 3066 4131 plane
3114 4065 3338 4134 verique
3399 4067 3535 4121 nihil
3577 4083 3679 4123 nec

2106 4151 2418 4206 divinorum
2455 4154 2622 4215 natio,
2647 4167 2748 4208 nec
2779 4154 3095 4208 animalium
3129 4164 3252 4210 exta
3277 4156 3519 4213 indicare
3550 4173 3682 4228 pos-

2107 4245 2215 4300 sint
2250 4262 2262 4298 :
2298 4247 2389 4300 sed
2429 4263 2597 4301 unum
2631 4247 2761 4301 illud
2803 4245 2898 4300 Dei
2933 4246 3192 4312 Verbum,
3230 4249 3378 4318 quod
3427 4251 3482 4304 in
3533 4253 3680 4308 veris

2105 4351 2320 4405 eorum,
2349 4338 2441 4407 qui
2459 4349 2676 4408 propter
2701 4355 2971 4394 summam
2996 4341 3162 4394 animi
3182 4342 3470 4408 puritatem
3496 4343 3673 4413 ipsum

2107 4443 2301 4499 capere
2331 4432 2560 4485 interius
2582 4432 2977 4502 complectique
3001 4443 3248 4503 possunt,
3281 4435 3584 4489 visceribus
3613 4452 3678 4492 ac

2109 4522 2422 4590 praecordiis
2455 4523 2680 4577 habitat.
2713 4523 2787 4577 De
2817 4526 3017 4594 quibus
3053 4526 3106 4580 in
3153 4526 3326 4580 sacris
3367 4527 3562 4582 litteris
3597 4530 3677 4583 sic

2103 4612 2300 4666 alicubi
2327 4612 2590 4682 loquitur,
2611 4632 2630 4663 ι
2652 4612 2972 4668 lnhabitabo
3005 4615 3059 4668 in
3080 4615 3205 4675 illis,
3231 4623 3286 4668 et
3320 4615 3674 4670 inambulabn

2103 4704 2243 4761 inter
2278 4720 2374 4760 eos
2407 4721 2420 4757 :
2457 4715 2512 4761 et
2539 4721 2633 4761 ero
2660 4706 2876 4761 illorum
2911 4705 3074 4773 Deus,
3111 4717 3165 4761 et
3203 4706 3307 4776 ipsi
3349 4717 3508 4761 erunt
3537 4709 3670 4761 mihi

2098 4841 2269 4897 multa
2318 4841 2626 4910 praemisit:
2684 4839 2755 4894 Et
2805 4841 2945 4906 erit,
2998 4840 3216 4909 inquit,
3270 4839 3670 4893 tabernaculum

2097 4928 2271 4965 meum
2298 4911 2353 4963 in
2382 4913 2492 4975 eis;
2515 4921 2564 4964 et
2595 4928 2683 4965 ero
2715 4913 2791 4966 eis
2820 4911 2980 4974 Deus,
3014 4921 3062 4963 et
3096 4912 3197 4978 ipsi
3223 4919 3376 4962 erunt
3408 4912 3538 4962 mihi
3575 4928 3669 4978 po-

2095 4982 2274 5051 pulus.
2308 4979 2407 5035 Ubi
2441 4983 2737 5036 notandum
2762 4981 2957 5045 obiter,
2990 4983 3136 5050 quod
3163 4983 3217 5051 in
3243 4979 3416 5051 μονὴ.
3459 4981 3664 5034 dictum

2095 5049 2231 5114 erat,
2258 5061 2500 5118 manu,
2533 5053 2589 5105 in
2624 5052 2796 5105 medio
2827 5053 2984 5106 vestri
2997 5049 3018 5114 ,‘7
3057 5050 3200 5119 apud
3237 5049 3507 5122 Ezechiel.
3557 5051 3664 5103 diri

2092 5127 2300 5218 ωηιξη,
2331 5142 2476 5212 quod
2509 5141 2726 5218 preprie
2753 5150 2854 5206 est,
2889 5157 3046 5218 super
3073 5140 3244 5218 illos:
3269 5139 3426 5218 quasi
3454 5155 3663 5218 novum

2092 5211 2366 5282 quoddam
2391 5223 2446 5268 et
2488 5211 2766 5282 singulare
2814 5212 3021 5282 tegendi
3050 5211 3216 5282 simul
3270 5218 3324 5262 et
3374 5211 3662 5282 habitandi

2127 5299 2264 5338 enus
2288 5278 2793 5353 signiticarévellet.
2833 5278 2907 5334 ita
2942 5280 3159 5353 Paulus
3189 5281 3333 5353 hunc
3374 5278 3552 5334 locum
3593 5295 3663 5334 an

2127 5301 2264 5338 enus
2288 5301 2596 5353 Stgmucare
2618 5301 2793 5336 vellet.
2833 5301 2907 5334 ua
2942 5301 3144 5333 ramus
3189 5301 3333 5333 nunc
3375 5301 3514 5332 tucut

2091 5301 2318 5408 ﬁistoria
2349 5353 2509 5406 simul
2537 5361 2591 5404 et
2617 5353 2873 5422 allegoria
2904 5349 3276 5422 transtulitad
3315 5364 3516 5422 mores.

2163 5423 2274 5491 (45)
2301 5419 2859 5491 Χαρακτηρίζονῖτας.
2893 5420 3117 5491 Videtur
3145 5419 3376 5472 addend.
3411 5419 3660 5491 ἑαυτούς.

2087 5489 2222 5547 Nam
2266 5493 2406 5546 infra
2449 5493 2705 5560 dicuntur
2743 5508 2772 5544 a
2808 5489 3129 5560 Pnrphyrio,
3161 5489 3663 5560 χαρακτηρίζουσαι

2085 5565 2147 5616 τὸ
2176 5563 2393 5632 πνεῦμα
2410 5559 2588 5614 αὐτῶν
2615 5563 2672 5613 ai.
2699 5561 2922 5632 μορφαί.
2973 5559 3134 5632 Forte
3170 5562 3333 5612 etiam
3366 5559 3477 5632 pro_
3509 5561 3653 5632 ἐντυο

2087 5629 2390 5703 σιτουμένους
2414 5633 2513 5703 legi
2548 5629 2740 5686 debeat
2759 5629 3217 5700 ἐκτυπουμένους,
3243 5632 3371 5697 quia
3397 5630 3536 5683 infr-a
3564 5631 3666 5681 ha-

2084 5701 2242 5757 betur
2266 5701 2690 5770 ἐκτυπούμεναι.

2156 5773 2271 5843 (44)
2301 5775 2419 5824 Ὅτι
2441 5769 2526 5840 γε.
2565 5769 2758 5827 Scribe
2789 5771 2872 5825 ὅτι
2902 5787 2962 5824 τε
3007 5769 3228 5832 melius.
3249 5780 3308 5823 ut
3335 5769 3496 5840 paulo
3516 5773 3664 5837 post,

2083 5859 2230 5906 οπως
2254 5860 2337 5898 τι.

3237 5937 3312 5996 10
