4156 6420
509 378 616 435 τοι)
1175 385 1447 443 EL'SEBII
1478 383 1958 442 CAESARIENSIS
1988 384 2137 441 OPP.
2195 384 2376 441 PARS
2408 384 2473 440 ll.
2504 414 2575 426 —-
2605 385 3115 446 APOLOGETICA.
3675 401 3781 457 300

508 498 741 568 populus
760 501 825 554 "’.
854 519 875 553 ι
914 500 1018 557 Sed
1050 504 1494 559 haetenusistum
1520 501 1806 574 Porphyrii
1826 500 1893 557 de
1921 517 2045 556 saer

2151 511 2172 564 ι
2198 502 2308 553 τῶν
2343 501 2680 571 προξενεῖται
2704 520 2719 534 ·
2756 504 2906 569 ὅπως
2930 522 2989 558 τε
3017 505 3131 559 θεοὶ
3162 502 3300 562 εἶναι
3330 509 3633 579 βούλονται,
3667 515 3783 570 δαί-

507 591 646 646 tlciis
681 593 834 663 171
871 593 1075 656 locum,
1113 595 1178 650 ad
1220 598 1623 667 improbitatem
1654 597 1962 651 daemonum
1997 609 2047 649 Ct

2197 610 2356 663 μονες
2406 595 2558 657 ὄντες
2614 596 2827 663 φαῦλοι,
2884 600 2978 650 καὶ
3015 599 3092 661 ὡς
3140 601 3173 670 ἡ
3232 604 3553 671 προεστῶσα
3600 607 3780 660 αὐτῶν

504 685 834 753 arguendam
896 688 1167 755 persecuti
1205 689 1395 743 simus.
1448 686 1606 743 Nunc
1656 704 1785 742 vero
1824 686 1951 742 audi
1983 687 2047 740 sis

2191 685 2419 755 δύναμις
2451 686 2597 738 δοκεῖ
2626 688 2759 749 Θεὸς
2794 685 2930 742 εἶναι
2960 691 2989 741 ὁ
3031 691 3307 760 μέγιστος.
3352 713 3372 745 ι
3426 697 3608 751 Ταῦτα
3652 699 3708 753 δὲ
3748 704 3777 754 ὁ

503 776 960 845 quemadmodum
998 780 1067 833 ab
1099 780 1290 835 iisdem
1313 792 1570 851 praeterea
1599 782 1890 852 plerosque
1937 794 2047 833 mor

2194 777 2501 847 Πορφύριος
2532 777 2710 832 πάντα
2739 779 2925 832 τοῦτον
2957 782 3158 852 ἱστορεῖ
3187 782 3276 836 τὸν
3303 785 3523 856 τρόπον,

500 872 691 927 talium
722 877 870 929 varia
903 886 957 930 et
993 877 1278 947 multiplici
1330 878 1632 933 formarum
1686 878 2073 945 larvarumque
2114 873 2297 944 specie
2351 874 2491 927 clam
2548 873 2602 926 in
2648 890 2890 929 errorem
2941 891 3004 931 ac
3040 876 3287 932 fraudein
3330 881 3555 950 impelli,
3606 883 3775 938 citato

503 970 705 1039 saepius
750 985 915 1041 Opere
958 971 1033 1025 De
1086 989 1262 1027 rerum
1320 976 1682 1028 animatarum
1734 972 2077 1036 abstinentia,
2129 970 2270 1022 idem
2327 968 2441 1037 ipse
2490 968 2668 1037 palam
2722 979 2777 1023 et
2833 981 3015 1041 aperte
3067 971 3322 1028 fateatur.
3402 993 3422 1027 ι
3495 975 3771 1032 Bonorum

498 1067 668 1130 enim,
702 1068 897 1138 inquit,
940 1071 1148 1125 vultum
1185 1072 1529 1126 .mentientes
1555 1112 1570 1137 ,
1632 1070 1937 1139 blandeque
1996 1065 2405 1121 multitudinem
2444 1064 2846 1119 inﬂammandis
2896 1067 3181 1122 hominum
3243 1070 3632 1138 cupiditatibus
3666 1073 3772 1127 illi-

496 1160 723 1229 cientes,
761 1178 1103 1220 summorum
1147 1167 1251 1236 ipsi
1291 1165 1520 1221 deorum
1553 1166 1672 1221 loco
1708 1166 1895 1220 haberi
1946 1163 2271 1231 eenserique
2322 1160 2527 1214 volunt.
2600 1158 2664 1214 Et
2720 1161 2939 1231 quidem
3003 1180 3099 1217 eos
3139 1174 3348 1220 tantum
3416 1167 3492 1221 ait
3529 1169 3769 1224 versutia

495 1257 760 1326 potuisse,
814 1270 876 1314 ut
932 1261 1370 1331 sapientissimos
1409 1278 1629 1333 quoque
1674 1260 1986 1317 Graecorum
2037 1268 2092 1314 et
2128 1268 2319 1329 poetas
2364 1266 2419 1311 et
2447 1257 2800 1327 philosophos
2852 1259 3183 1328 deceperint,
3245 1276 3385 1331 quos
3412 1264 3575 1316 etiam
3609 1263 3769 1333 vulgo

493 1351 711 1405 errandi
761 1366 987 1407 causam
1038 1354 1337 1423 prtebuisse
1391 1354 1702 1410 conﬁtetur.
1760 1350 1904 1420 Quin
1935 1351 2101 1405 etiam
2141 1348 2360 1410 asserit,
2407 1347 2625 1401 illorum
2689 1361 2757 1400 ex
2800 1349 3084 1417 praeceptis
3124 1350 3434 1404 universam
3473 1353 3770 1423 prmstigia-

492 1457 616 1497 rum
666 1452 841 1499 artem
878 1459 1001 1501 esse
1038 1444 1355 1512 conﬂatam,
1408 1446 1479 1501 ab
1504 1446 1612 1501 illis
1666 1461 1861 1500 omnes
1891 1441 2186 1513 voluptatis
2225 1440 2507 1494 illecebras
2542 1440 2595 1493 in
2643 1439 2927 1494 hominum
2958 1441 3121 1495 vitam
3153 1440 3496 1510 proﬂuxisse,
3514 1445 3762 1511 eosdem,

491 1535 727 1605 improbi
770 1535 1048 1591 daemones
1080 1553 1204 1592 cum
1241 1538 1371 1603 sint,
1419 1538 1760 1593 divinitatem
1800 1537 2074 1601 aﬁectare,
2115 1534 2359 1602 adeoque
2398 1532 2699 1602 principem
2737 1548 2928 1588 eorum
2963 1532 3219 1588 virtutem
3286 1537 3587 1591 maximum
3658 1534 3776 1591 Nu-

491 1640 616 1681 men
640 1627 830 1683 videri.
882 1646 901 1679 ι
930 1625 1063 1694 Quae
1093 1630 1277 1683 omnia
1311 1626 1648 1702 Porphyrius
1680 1629 1826 1684 hunc
1868 1628 1923 1683 in
1953 1625 2178 1682 modum
2204 1624 2541 1694 exsequitur.

1054 1717 1284 1774 CAPUT
1324 1719 1489 1776 XXII.

665 1809 924 1875 Quianam
953 1811 1348 1882 praestigiarum
1371 1811 1630 1866 damonis
1661 1813 1800 1865 ratio
1834 1812 1928 1866 sit.

563 1920 583 1953 ι
614 1899 987 1972 Quaecunque,
1019 1903 1238 1974 inquit,
1295 1904 1495 1959 animae
1548 1905 1906 1975 conjunctum
1964 1904 2067 1958 sibi

486 1993 968 2063 adharentemque
996 2002 1263 2065 perpetuo
1306 1995 1559 2066 spiritum
1591 2012 1767 2067 usque
1800 1995 1937 2051 adeo
1958 2010 2067 2050 non

485 2093 768 2155 superant,
799 2094 859 2141 ut
885 2087 956 2141 ab
982 2102 1048 2142 eo
1077 2086 1260 2156 potius
1289 2088 1345 2141 in
1375 2088 1655 2159 plerisque
1685 2089 1946 2144 omnibus
1972 2105 2068 2142 su-

484 2187 768 2247 perentur,
798 2193 876 2233 ea:
899 2178 1131 2248 proinde
1162 2178 1209 2233 si
1259 2179 1483 2250 quando
1527 2195 1650 2235 sese
1698 2180 1928 2249 Spiritus
1960 2180 2070 2233 ira-

481 2270 706 2335 cundia,
732 2276 787 2325 et
806 2271 1167 2340 cupiditatum
1196 2278 1364 2327 aestus
1389 2282 1554 2342 atque
1584 2272 1819 2342 impetus
1859 2271 2067 2327 etInde-

482 2362 575 2427 rit,
608 2362 988 2418 miserandum
1023 2363 1078 2418 in
1115 2363 1337 2419 modum
1365 2363 1565 2434 jactari
1601 2365 1801 2420 solent.
1827 2363 1893 2418 Et
1917 2364 2067 2436 ejus—

480 2453 629 2507 modi
665 2453 888 2517 animas,
920 2454 1198 2509 daemones
1229 2455 1452 2525 quidem
1499 2455 1632 2525 ipsa:
1681 2471 1924 2527 quoque,
1971 2458 2067 2513 sed

481 2543 716 2613 improbi
744 2560 808 2599 ac
839 2545 1072 2601 maletici
1098 2545 1224 2615 jure
1263 2548 1619 2601 nominentur
1647 2564 1659 2598 :
1689 2549 1785 2618 qui
1830 2564 2022 2603 omnes
2046 2590 2063 2616 ,

474 2636 707 2707 perinde
733 2646 794 2691 ut
826 2637 887 2702 ii,
929 2638 1024 2708 qui
1062 2638 1338 2692 contraria
1376 2639 1481 2693 sub
1512 2640 1711 2694 virtute
1738 2648 2061 2707 censentur,

478 2742 582 2782 nec
614 2728 812 2793 oculis,
851 2744 953 2784 nec
988 2730 1099 2785 alio
1144 2732 1343 2800 quovis
1376 2731 1619 2786 humano
1652 2747 1818 2788 sensu
1866 2735 2060 2805 attingi

475 2820 701 2875 omnino
732 2828 988 2891 possunt.
1023 2820 1210 2893 Neque
1238 2823 1386 2878 enim
1416 2831 1511 2878 aut
1541 2824 1779 2879 solidum
1815 2840 2019 2895 corpus
2040 2866 2055 2889 ,

477 2916 574 2963 aut
630 2912 873 2967 eamdem
918 2926 1111 2967 omnes
1174 2910 1443 2980 formam,
1502 2913 1596 2969 sed
1664 2914 1848 2984 plures
1917 2916 2062 2971 inter

471 3013 639 3069 seque
692 3001 981 3059 distinctas
1012 3003 1214 3073 ﬁguras
1241 3019 1353 3076 prae
1385 3019 1445 3059 se
1472 3004 1678 3060 ferunt.
1729 3006 1904 3061 Porro
1956 3022 2059 3061 suo

470 3088 702 3160 singula:
734 3092 931 3161 spiritu
982 3093 1150 3149 certis
1193 3094 1540 3165 propriisque
1595 3097 1741 3151 notis
1793 3113 2054 3167 expresso

2686 1718 3083 1771 ΚΕΦΛΛΛΙΟΝ
3116 1718 3244 1774 KB'.

2335 1809 2432 1875 Τίς
2457 1811 2492 1864 ὀ
2514 1810 2734 1878 τρόπος
2767 1809 2878 1877 τῆς
2905 1810 3259 1879 δαιμονικῆς
3286 1810 3606 1882 ἐνεργείας.

2250 1915 2269 1948 ι
2306 1898 2467 1951 ’Ὀσαι
2514 1898 2571 1951 δὲ
2614 1898 2784 1969 ψυχαὶ
2835 1898 2949 1967 (45)
2995 1898 3091 1951 τοῦ
3145 1899 3402 1969 συνεχοῦς
3452 1901 3759 1971 πνεύματος

2171 1988 2233 2040 οὐ
2267 1988 2579 2059 κρατοῦσιν,
2597 1989 2711 2043 ἀλλ’
2741 1988 2817 2052 ὡς
2843 1990 2901 2041 τὸ
2930 1988 3065 2043 πολὺ
3092 1990 3479 2061 κεκράτηνται,
3497 1991 3584 2045 διὰ
3600 1992 3760 2047 τοῦτο

2172 2077 2397 2146 ἄγονται
2424 2095 2482 2131 τε
2514 2080 2606 2132 καὶ
2641 2081 2894 2151 φέρονται
2924 2081 3064 2145 λίαν,
3089 2082 3216 2134 ὅταν
3244 2083 3299 2134 αἱ
3329 2082 3423 2136 τοῦ
3450 2084 3757 2155 πνεύματος

2170 2169 2329 2240 ὀργαί
2351 2188 2407 2223 τε
2437 2172 2531 2224 καὶ
2555 2172 2843 2243 ἐπιθυμίαι
2870 2174 2967 2244 τὴν
3001 2173 3175 2245 ὁρμὴν
3208 2173 3465 2228 λάϐωσιν.
3500 2170 3671 2229 Abeat
3696 2177 3754 2230 δὲ

2170 2266 2224 2315 ai
2253 2263 2423 2334 ψυχαὶ
2455 2264 2706 2336 δαίμονες
2752 2266 2852 2336 μὲν
2897 2267 2992 2319 καὶ
3037 2267 3218 2329 αὑταὶ,
3264 2270 3558 2339 κακοεργοὶ
3598 2270 3643 2324 δ’
3687 2269 3753 2323 ἂν

2170 2357 2393 2421 εἰκότως
2436 2357 2696 2426 λέγοιντο·
2741 2356 2835 2409 καί
2881 2359 3018 2409 εἰσιν
3060 2358 3107 2410 οἱ
3147 2356 3459 2427 σύμπαντες
3488 2354 3634 2412 οὗτοί
3668 2377 3750 2421 τε,

2167 2450 2265 2501 καὶ
2293 2451 2341 2502 οἱ
2380 2450 2479 2519 τῆς
2508 2450 2756 2511 ἐναντίας
2799 2448 3081 2519 δυνάμεως
3107 2448 3217 2519 (46)
3267 2448 3492 2519 ἀόρατοί
3526 2466 3605 2511 τε,
3657 2452 3752 2505 καὶ

2167 2540 2387 2603 τελείως
2413 2541 2727 2611 ἀναίσθητοι
2760 2540 3080 2611 αἰσθήσεσιν
3111 2539 3502 2611 ἀνθρωπίναις.
3536 2542 3610 2595 Οὐ
3642 2542 3749 2615 γὰρ

2167 2633 2387 2703 στερεὸν
2431 2634 2590 2703 σῶμα
2639 2631 3076 2702 περιϐέϐληνται,
3125 2632 3245 2684 οὖδὲ
3299 2631 3513 2701 μορφὴν
3547 2634 3746 2697 πάντες

2169 2725 2319 2794 μίαν,
2356 2724 2469 2778 ἀλλ’
2501 2725 2560 2776 ὲν
2601 2726 2847 2794 σχήμασι
2878 2724 3118 2775 πλείοσιν
3166 2724 3309 2793 (47)ο
3347 2725 3743 2795 ἐκτυπούμεναι

2163 2815 2220 2868 δὲ
2250 2816 2343 2869 καὶ
2364 2815 2869 2886 χαρακτηρίζουσαι
2896 2814 2955 2867 τὸ
2986 2815 3199 2884 πνεῦμα
3222 2816 3400 2867 αὐτῶν
3430 2817 3486 2870 αι
3515 2818 3739 2888 μορφαὶ,

2162 2908 2281 2961 τοτὲ
2316 2909 2413 2979 μὲν
2449 2908 2849 2976 ἐπιφαίνονται,
2877 2908 2998 2960 τοτὲ
3023 2908 3079 2960 δὲ
3108 2910 3330 2976 ἀφανεῖς
3364 2912 3529 2962 εἰσιν·
3568 2911 3741 2963 ἐνίοτε

2161 2999 2217 3052 δὲ
2250 2998 2342 3052 καὶ
2382 2999 2772 3069 μεταϐάλλουσι
2800 3000 2897 3063 τας
2940 3000 3174 3070 μορφὰς,
3211 3003 3266 3053 οἵ
3300 3020 3363 3070 γε
3397 3005 3632 3076 χείρους.
3669 3004 3742 3058 Τδ

2161 3089 2217 3141 δὲ
2246 3090 2481 3159 πνεῦμα,
2615 3090 2713 3159 μέν
2753 3092 2869 3142 ἐστι
2908 3091 3237 3159 σωματικὸν,
3286 3094 3582 3163 παθητικόν
3626 3098 3744 3148 ἐστι

469 3181 740 3253 imagines
778 3184 942 3239 modo
971 3194 1258 3256 apparent.
1293 3188 1459 3242 modo
1485 3198 1856 3257 evanescunt,
1893 3192 2047 3247 modo

2160 3180 2255 3235 καὶ
2284 3181 2521 3252 φθαρτόν
2546 3198 2559 3211 ·
2596 3181 2655 3235 τὸ
2689 3181 2745 3233 δὲ
2782 3182 2885 3233 ὑπὸ
2917 3180 3027 3249 (-58)
3062 3182 3167 3234 τῶν
3190 3182 3375 3252 ψυχῶν
3406 3185 3577 3248 οὕτως
3606 3184 3743 3238 δεδί-

468 3273 679 3328 vultum
704 3275 1057 3347 speciemque
1087 3285 1325 3344 mutant,
1358 3280 1395 3332 ii
1429 3282 1647 3346 saltem,
1678 3282 1772 3352 qui
1810 3283 2049 3339 deterio-

466 3381 558 3422 res
584 3375 734 3423 sunt.
764 3367 884 3422 Jam
924 3384 1057 3424 vero
1086 3366 1314 3438 spiritus
1355 3372 1469 3436 ille,
1502 3382 1775 3442 quatenus
1832 3377 2051 3446 quidem

468 3473 771 3528 corporeus
800 3467 907 3524 est,
942 3462 1238 3516 mutationi
1268 3478 1490 3533 quoque
1513 3474 1567 3519 et
1597 3467 1939 3536 corruptioni
1968 3476 2052 3523 est

468 3552 745 3608 obnoxius
771 3568 785 3604 :
816 3553 963 3623 quod
1001 3561 1183 3609 autem
1213 3553 1279 3608 ad
1325 3555 1541 3610 animas
1573 3556 1715 3609 idem
1749 3557 1829 3611 sic
1859 3558 2050 3626 alliga-

464 3653 554 3699 tus
590 3644 1031 3715 constrictusque
1067 3645 1161 3712 sit,
1200 3652 1262 3699 ut
1303 3661 1461 3700 suam
1489 3662 1567 3702 ea:
1599 3656 1885 3716 propterea
1924 3664 2048 3718 spe-

463 3730 603 3784 ciem
645 3732 806 3801 paulo
839 3733 1051 3788 diutius
1088 3733 1396 3799 retineant,
1437 3750 1545 3788 non
1589 3744 1673 3789 est
1712 3737 1929 3806 quidem
1962 3738 2051 3792 ille

463 3825 833 3892 sempiternus
870 3825 1015 3896 (ejus
1054 3825 1202 3881 enim
1246 3828 1511 3881 continuo
1557 3826 1792 3882 deﬂuere
1840 3830 2045 3901 aliquid

462 3929 528 3969 ac
566 3917 765 3970 mutari
794 3918 1092 3973 verisimile
1119 3920 1225 3989 est)
1250 3936 1264 3985 ;
1306 3919 1463 3989 172
1493 3930 1751 3974 caeterum
1789 3926 1849 3974 ut
1877 3922 2049 3978 bona-

460 4020 584 4060 rum
619 4007 845 4077 spiritus
889 4010 1120 4065 modicae
1150 4011 1440 4080 cujusdam
1473 4025 1536 4065 ac
1561 4010 1727 4079 justte
1774 4017 2046 4082 tempera-

456 4096 623 4152 tionis
645 4105 699 4152 et
722 4099 1117 4170 magnitudinis
1146 4110 1250 4165 est,
1281 4101 1742 4172 quemadmodum
1769 4112 1824 4158 et
1854 4119 2041 4159 earum

457 4204 682 4258 corpus,
734 4191 781 4244 si
828 4191 1051 4260 quando
1087 4193 1247 4248 nobis
1282 4202 1615 4264 appareant;
1646 4193 1726 4248 sic
1769 4195 2045 4250 maleﬁca-

455 4296 579 4335 rum
606 4283 755 4337 nulla
784 4285 1012 4353 spiritus
1044 4293 1129 4339 est
1159 4286 1475 4355 corporisve
1522 4287 1827 4355 proportio.
1863 4286 2043 4358 Atque

453 4388 626 4443 genus
658 4376 762 4429 hoc
787 4376 1120 4443 daemonum,
1149 4385 1209 4431 ut
1240 4378 1292 4430 in
1319 4376 1454 4432 locis
1484 4383 1645 4431 terra.
1679 4377 2040 4436 vicinioribus

527 4467 570 4499 ’⁷
612 4468 656 4521 ιι
685 4466 814 4521 Cor.
849 4467 1041 4535 vt,16.

2159 3276 2301 3339 σθαι,
2336 3275 2477 3329 ὥστε
2508 3275 2567 3328 τὸ
2601 3272 2739 3337 εἶδος
2769 3274 2947 3326 αὐτῶν
2995 3275 3272 3345 διαμένειν
3308 3273 3478 3329 πλείω
3509 3276 3731 3346 χρόνον,

2150 3368 2211 3419 οὐ
2242 3369 2348 3437 μὴν
2381 3369 2528 3420 ἐστιν
2562 3366 2777 3419 αἰώνιον
2801 3383 2813 3396 ·
2870 3366 3002 3437 (καὶ
3031 3367 3137 3438 γὰρ
3185 3368 3449 3439 ἁπορρεἶν
3487 3367 3651 3420 αὑτοῦ
3684 3384 3738 3420 τι

2151 3460 2389 3531 συνεχῶς
2420 3461 2567 3523 εἰκός
2600 3462 2714 3513 ἐστι
2745 3461 2838 3515 καὶ
2861 3460 3157 3531 τρέπεσθαι
3191 3460 3351 3532 (49)).
3395 3463 3482 3516 Ἐν
3522 3478 3735 3533 συμμε-

2149 3550 2279 3621 τρία
2314 3551 2410 3621 μὲν
2443 3547 2535 3603 οὖν
2567 3551 2634 3603 τὰ
2658 3551 2765 3602 τῶν
2795 3550 3016 3619 ἀγαθῶν
3046 3552 3157 3623 (50)
3188 3553 3263 3616 ὼς
3289 3553 3383 3606 καὶ
3412 3555 3480 3607 τὰ
3510 3553 3736 3624 σώματα

2148 3641 2258 3694 τῶν
2308 3641 2667 3712 φαινομένωνι
2698 3642 2809 3695 τῶν
2838 3644 2895 3695 δὲ
2928 3644 3238 3697 κακοποιῶν
3281 3645 3627 3719 ἀσύμμετρα.
3670 3648 3732 3701 Οἳ

2149 3733 2309 3786 πλέον
2348 3734 2460 3805 (Si)
2494 3734 2570 3805 τῷ
2601 3734 2888 3806 παθητικῷ
2917 3737 3174 3805 νέμοντες
3202 3736 3292 3790 τὸν
3339 3738 3612 3809 περίγειον
3640 3739 3729 3791 τότ-

2151 3838 2272 3888 πον,
2299 3825 2452 3877 οὐδὲν
2479 3826 2507 3878 ὃ
2535 3843 2587 3879 τι
2615 3826 2725 3895 (5:2)
2753 3827 2860 3879 τῶν
2888 3827 3071 3880 κακῶν
3092 3828 3190 3881 οὐκ
3212 3830 3546 3901 ἐπιχειροῦσι
3577 3831 3728 3901 δρᾷν.

2148 3918 2334 3971 Βίαιον
2359 3918 2467 3990 γὰρ
2495 3919 2632 3983 ὅλως
2674 3921 2767 3973 καὶ
2800 3919 3031 3974 ὓπουλον
3071 3921 3284 3991 ἔχοντες
3311 3918 3462 3993 ἦθος,
3498 3924 3728 3995 ἐστερη-

2153 4009 2317 4080 μένον
2363 4027 2422 4062 τε
2459 4010 2569 4080 (55)
2601 4011 2701 4080 τῆς
2745 4011 2853 4064 ἀπὸ
2900 4012 2993 4064 τοῦ
3028 4013 3333 4083 κρείττονος
3367 4015 3602 4086 φυσικῆς
3640 4017 3731 4069 εὐ-

2144 4102 2448 4171 δαιμονίας,
2486 4102 2720 4173 σιροδρὲις
2754 4104 2847 4156 καὶ
2875 4104 3193 4173 αἰφνιδίους,
3235 4100 3345 4158 οἷον
3377 4106 3617 4177 ἐνέδρας,
3650 4105 3727 4172 ὡς

2142 4193 2203 4246 τὸ
2238 4193 2371 4246 πολὺ
2397 4192 2676 4246 ποιοῦνται
2707 4193 2808 4257 τὰς
2838 4194 3148 4265 ἐμπτώσεις
3169 4213 3185 4228 ·
3216 4197 3292 4266 πῆ
3321 4196 3420 4266 μὲν
3441 4195 3725 4250 λανθάνειν

2145 4283 2495 4358 πειρώμενοι,
2535 4284 2609 4355 πὴ
2639 4284 2694 4337 δὲ
2721 4285 3055 4356 βιαζόμενοι.
3099 4306 3117 4338 ι
3155 4288 3263 4341 Καὶ
3304 4288 3430 4358 ἑξῆς
3462 4288 3720 4357 ἐπιλέγει·

2150 4395 2169 4429 ι
2209 4376 2395 4429 Ταῦτα
2439 4376 2497 4430 δὲ
2529 4377 2638 4447 (54)
2671 4379 2766 4430 καὶ
2793 4377 2862 4431 τὰ
2897 4379 3057 4450 ὃμοια
3104 4380 3338 4443 ποιοῦσι,
3386 4382 3721 4452 μεταστῆσαι

548 4558 638 4633 ίίῦ)
677 4560 847 4633 "perat
883 4560 951 4633 (ξε
984 4561 1198 4631 ψυχαί.
1248 4560 1511 4632 Porphyr.
1547 4560 1603 4633 ι,
1628 4576 1670 4633 ιι
1704 4561 1777 4616 De
1811 4563 2035 4633 absum,

2151 4567 2233 4633 tur
2267 4560 2412 4613 enim
2438 4556 2677 4633 πνεῦμα,
2704 4560 2862 4628 cujus
2881 4574 2946 4612 ex
2973 4560 3363 4633 temperatione
3397 4575 3459 4613 ae
3485 4576 3719 4631 symme-

443 4643 506 4697 ,p.
539 4630 609 4700 _5l
639 4630 866 4682 edition.
904 4630 1169 4696 Florent.,
1198 4640 1255 4685 at
1284 4630 1513 4700 novaa'p.
1550 4632 1675 4685 195.

527 4698 641 4768 (46)
678 4701 990 4766 Ἐναντίας
1022 4701 1351 4770 δυνάμεως.
1388 4698 1639 4756 meliores
1667 4702 1790 4758 illos
1836 4703 2035 4760 ἰηιεὶιὶ-

450 4770 643 4840 ςίιμξο
670 4771 870 4837 quibus
900 4772 1145 4839 proxime
1179 4780 1305 4825 ante
1325 4772 1641 4840 disputavit.

525 4838 638 4915 (μ)
681 4840 842 4893 Ἀλλ’
857 4838 927 4893 Ili-
945 4841 1217 4910 σχήμασι
1239 4838 1534 4894 πλείοοίν.
1554 4840 1719 4915 itaex
1745 4841 2030 4915 Porpliyi~.,

448 4910 645 4985 melius
673 4926 834 4985 quam
858 4951 891 4985 ,ί
925 4923 981 4965 ιιι
1033 4926 1157 4965 ante.
1192 4915 1469 4979 legebatur
1491 4952 1507 4975 ,
1542 4913 1655 4964 ἀλλ’
1687 4913 1720 4983 ἢ
1753 4916 1810 4964 ὲν

447 4979 619 5034 Porro
652 4983 1057 5037 distinctionem
1119 4985 1290 5035 secuti
1338 4999 1531 5037 sumus
1586 4979 1750 5051 quam
1791 4979 2031 5039 alter-cx

447 5066 699 5122 uiannsc.
742 5052 936 5116 habet,
965 5054 1110 5122 quod
1158 5054 1504 5122 perspicuum
1553 5067 1775 5107 sensum
1807 5055 2026 5109 eﬂiciat.

444 5119 582 5195 Nam
617 5122 663 5175 si
706 5131 829 5191 post
884 5119 1299 5193 ἐκτυπούμεναι
1332 5139 1456 5178 cum
1498 5138 1703 5195 excuso
1757 5122 2026 5195 Porphyr.

446 5192 872 5262 distinguamus,
923 5192 1235 5248 necessario
1278 5195 1646 5262 reponendum
1681 5194 1845 5248 fuerit
1872 5192 2031 5247 ἐκτυ-

446 5260 728 5333 memet,
756 5264 840 5315 vel
868 5265 1048 5331 potius
1079 5260 1515 5333 ἐκτυπουμένας,
1556 5272 1612 5333 ιιι
1644 5264 1727 5317 vel
1759 5263 2028 5320 referatur

445 5334 513 5385 ad
539 5331 757 5394 πάντες,
789 5334 872 5386 vel
905 5333 1265 5389 subaudiatur
1297 5331 1531 5404 μορφάς.
1561 5331 1636 5387 Ea
1663 5335 1941 5389 distinctio
1970 5339 2024 5390 in

445 5417 611 5487 causa
636 5404 1127 5487 estnquamobrem
1153 5406 1206 5458 in
1237 5407 1360 5459 cod.
1388 5419 1596 5458 excuso
1629 5416 2025 5472 consequenter

445 5472 756 5547 legatumei
782 5472 837 5547 ἓξ
867 5491 1100 5547 χαρακῖ-

519 5542 633 5616 (ᾴδ)
670 5542 840 5616 Τὸᾼδὲ
858 5542 997 5599 ὐπὸ.
1038 5545 1218 5616 Malim
1242 5544 1321 5616 τῷ
1351 5543 1409 5598 δέ
1433 5560 1558 5600 cum
1581 5543 1846 5615 Porphyr.

515 5612 627 5683 (49)
664 5613 1004 5687 Τρέπεσθαι.
1036 5613 1173 5669 Hinc
1192 5612 1569 5687 emendandus
1596 5612 1784 5672 excus.
1825 5617 1878 5669 in
1910 5633 2021 5687 quo

442 5697 725 5754 perperam
755 5685 951 5754 legitur
977 5686 1294 5754 τρέφεσθαι.

511 5752 626 5823 (50)
672 5756 748 5808 Τὰ
796 5752 915 5808 τῶν
938 5752 1109 5826 arae;
1142 5757 1441 5828 Porphyr.,
1471 5758 1533 5812 τὸ
1562 5757 1672 5812 τῶν
1716 5760 1807 5826 ἀγ.
1843 5757 2019 5823 Quam

443 5824 730 5882 lectionem
754 5824 1125 5884 secutus‘sum
1151 5844 1166 5895 ;
1201 5824 1369 5895 recte,
1391 5832 1587 5900 opinor
1612 5846 1625 5881 :
1661 5824 2023 5899 aubiutetligi-

2142 4632 2243 4684 tria
2273 4645 2567 4699 corporum
2594 4632 2758 4684 etiam
2790 4632 3109 4699 temperatio
3148 4640 3203 4684 et
3233 4633 3547 4700 symmetria
3582 4646 3717 4684 con-

2140 4711 2419 4756 sequatur.

2203 4718 2419 4841 2'33"};
2447 4771 2677 4842 πλέον,
2712 4778 2900 4835 recte;
2964 4786 3072 4824 non
3122 4780 3183 4825 nt
3209 4786 3398 4827 excus.
3441 4770 3526 4834 οὐ,
3571 4770 3717 4842 quod

2138 4844 2306 4895 miras
2331 4842 2563 4894 oﬂundit
2587 4841 2715 4896 huic
2743 4843 2862 4895 loco
2887 4842 3157 4898 tenebras.

2209 4912 2321 4977 (52)
2360 4911 2552 4964 Οὐδὲν
2612 4905 2642 4957 ὅ
2678 4929 2748 4964 τι.
2786 4911 2922 4965 ΙηΙίιιο
2967 4911 3131 4964 etiam
3166 4927 3428 4966 excusum
3481 4911 3713 4977 corrige.

2137 4984 2228 5051 qui
2253 4982 2381 5050 legit
2406 4982 2560 5034 οὐδὲν
2591 4977 2706 5046 οὖν,
2735 4991 2995 5051 tanquam
3035 4982 3252 5037 initium
3295 4982 3516 5051 aliquod
3570 4992 3716 5039 esset

2134 5067 2289 5108 nova?
2317 5052 2545 5121 periodi.

2204 5119 2329 5193 (ὅὸ)
2356 5122 2782 5191 Ἐστερημένον
2820 5138 2886 5175 τε
2913 5159 2928 5183 ,
2965 5129 3071 5193 etc.
3119 5119 3369 5178 Excusns
3411 5131 3715 5193 opportune

2133 5192 2380 5247 mutuam
2417 5192 2502 5246 hic
2534 5193 2792 5261 rependet
2817 5194 3024 5256 vicem;
3052 5192 3175 5257 legit
3199 5194 3366 5251 enim.
3397 5201 3454 5244 ut
3483 5192 3711 5254 videtur,

2133 5266 2356 5331 optime,
2395 5262 2756 5332 ἐστερημένον
2797 5278 2856 5314 τε
2892 5262 2991 5332 τῆς
3029 5261 3295 5332 φυλακῆς,
3341 5262 3439 5331 τῆς
3484 5263 3592 5315 ἀπὸ
3620 5263 3712 5316 τοῦ

2132 5334 2438 5405 κρείττονος
2470 5331 2787 5405 δαιμονίου.Δ
2814 5331 3482 5405 Manuscrjptus'uterque
3527 5335 3714 5405 lectio-

2131 5401 2254 5457 neni
2285 5405 2465 5473 eamd.
2505 5412 2705 5473 tuetur,
2737 5402 2841 5455 nisi
2875 5404 3020 5470 quod
3061 5401 3346 5473 δαιμονίας
3380 5419 3478 5471 pro
3522 5402 3710 5471 δαιμο-

2134 5474 2251 5527 νίου
2299 5472 2515 5527 sullicit.
2571 5469 2847 5527 Utramvis
2896 5469 3166 5541 iscquare,‘
3191 5469 3406 5541 gemina
3444 5469 3710 5525 sententia

2131 5557 2236 5597 εει.
2266 5541 2506 5598 Consule
2529 5541 2640 5609 hic,
2668 5557 2715 5598 ει
2743 5542 2943 5611 placet,
2972 5541 3408 5614 Porphyrianum
3444 5543 3711 5611 interpre-
3764 5558 3769 5563 ·

2129 5624 2234 5668 tem
2246 5653 2259 5667 .

2201 5685 2312 5755 (54)
2349 5684 2539 5738 Ταῦτα
2567 5683 2655 5741 δέ.
2684 5681 2952 5753 Porphyr.
2975 5722 2991 5747 ,
3033 5697 3088 5751 p.
3122 5681 3223 5755 199
3258 5697 3401 5755 nova
3424 5680 3555 5736 edit.
3589 5681 3706 5755 ista

2127 5752 2379 5825 pertexit.
2413 5755 2730 5809 Daemonum
2779 5752 2962 5825 autem
2999 5762 3145 5825 artes
3180 5752 3471 5821 intelligit,
3508 5752 3709 5825 quibus

2128 5822 2181 5881 it
2217 5834 2458 5896 agerent,
2490 5835 2552 5882 ut
2580 5826 2648 5880 ab
2672 5824 2983 5879 hominibus
3017 5822 3179 5877 iidem
3209 5824 3433 5878 omnino
3459 5831 3514 5880 et
3542 5822 3709 5878 malo-
