  <div class='ocr_page' id='page_1' title='image "/cluster/home/n/w/nwhite01/storage/ocr_20150623/21:no.3/coo.31924054873017/166.png"; bbox 0 0 2078 3206; ppageno 0'>
   <div class='ocr_carea' id='block_1_1' title="bbox 232 172 282 209">
    <p class='ocr_par' dir='ltr' id='par_1_1' title="bbox 232 172 282 209">
     <span class='ocr_line' id='line_1_1' title="bbox 232 172 282 209; baseline -0.02 0"><span class='ocrx_word' id='word_1_1' title='bbox 232 172 282 209; x_wconf 78' lang='lat'><strong>501</strong></span> 
     </span>
    </p>
   </div>
   <div class='ocr_carea' id='block_1_2' title="bbox 810 181 1275 210">
    <p class='ocr_par' dir='ltr' id='par_1_2' title="bbox 810 181 1275 210">
     <span class='ocr_line' id='line_1_2' title="bbox 810 181 1275 210; baseline -0.004 0"><span class='ocrx_word' id='word_1_2' title='bbox 810 182 972 210; x_wconf 65' lang='lat' dir='ltr'><strong>PREPAR.</strong></span> <span class='ocrx_word' id='word_1_3' title='bbox 993 181 1122 209; x_wconf 72' lang='lat' dir='ltr'><strong>EVANG.</strong></span> <span class='ocrx_word' id='word_1_4' title='bbox 1143 181 1208 209; x_wconf 82' lang='lat' dir='ltr'><strong>LIB.</strong></span> <span class='ocrx_word' id='word_1_5' title='bbox 1230 181 1275 209; x_wconf 84' lang='lat' dir='ltr'><strong>IV.</strong></span> 
     </span>
    </p>
   </div>
   <div class='ocr_carea' id='block_1_3' title="bbox 1807 185 1862 214">
    <p class='ocr_par' dir='ltr' id='par_1_3' title="bbox 1807 185 1862 214">
     <span class='ocr_line' id='line_1_3' title="bbox 1807 185 1862 214; baseline 0 -2"><span class='ocrx_word' id='word_1_6' title='bbox 1807 185 1862 214; x_wconf 65' lang='lat'><strong>50?.</strong></span> 
     </span>
    </p>
   </div>
   <div class='ocr_carea' id='block_1_4' title="bbox 231 240 1013 279">
    <p class='ocr_par' dir='ltr' id='par_1_4' title="bbox 231 240 1013 277">
     <span class='ocr_line' id='line_1_4' title="bbox 231 240 1013 277; baseline 0.003 -10"><span class='ocrx_word' id='word_1_7' title='bbox 231 241 306 276; x_wconf 81' lang='grc' dir='ltr'>ἡμᾶς</span> <span class='ocrx_word' id='word_1_8' title='bbox 319 240 456 274; x_wconf 78' lang='grc' dir='ltr'>ἐθέλοντες</span> <span class='ocrx_word' id='word_1_9' title='bbox 472 242 527 268; x_wconf 79' lang='grc' dir='ltr'><strong>ἀπὸ</strong></span> <span class='ocrx_word' id='word_1_10' title='bbox 538 242 587 277; x_wconf 81' lang='grc' dir='ltr'>τῆς</span> <span class='ocrx_word' id='word_1_11' title='bbox 600 242 684 277; x_wconf 78' lang='grc' dir='ltr'>ὀρθῆς</span> <span class='ocrx_word' id='word_1_12' title='bbox 698 242 800 274; x_wconf 84' lang='grc' dir='ltr'>ὲννοίας</span> <span class='ocrx_word' id='word_1_13' title='bbox 815 242 869 269; x_wconf 82' lang='grc' dir='ltr'><strong>τῶν</strong></span> <span class='ocrx_word' id='word_1_14' title='bbox 882 243 961 274; x_wconf 78' lang='grc' dir='ltr'>Θεῶν,</span> <span class='ocrx_word' id='word_1_15' title='bbox 974 243 1013 269; x_wconf 81' lang='grc' dir='ltr'>κα¹</span> 
     </span>
    </p>
   </div>
   <div class='ocr_carea' id='block_1_5' title="bbox 1065 240 1860 279">
    <p class='ocr_par' dir='ltr' id='par_1_5' title="bbox 1072 241 1860 279">
     <span class='ocr_line' id='line_1_5' title="bbox 1072 241 1860 279; baseline 0.005 -11"><span class='ocrx_word' id='word_1_16' title='bbox 1072 242 1230 276; x_wconf 71' lang='lat' dir='ltr'><strong>cupiditatis</strong></span> <span class='ocrx_word' id='word_1_17' title='bbox 1250 241 1389 277; x_wconf 63' lang='lat' dir='ltr'><strong>cvplendae</strong></span> <span class='ocrx_word' id='word_1_18' title='bbox 1409 249 1491 270; x_wconf 79' lang='lat' dir='ltr'><strong>causa</strong></span> <span class='ocrx_word' id='word_1_19' title='bbox 1516 242 1647 271; x_wconf 73' lang='lat' dir='ltr'><strong>libentius</strong></span> <span class='ocrx_word' id='word_1_20' title='bbox 1670 243 1860 279; x_wconf 85' lang='lat' dir='ltr'><strong>frequentius-</strong></span> 
     </span>
    </p>
   </div>
   <div class='ocr_carea' id='block_1_6' title="bbox 230 287 1020 324">
    <p class='ocr_par' dir='ltr' id='par_1_6' title="bbox 230 287 1020 324">
     <span class='ocr_line' id='line_1_6' title="bbox 230 287 1020 324; baseline 0.003 -11"><span class='ocrx_word' id='word_1_21' title='bbox 230 288 274 320; x_wconf 76' lang='grc' dir='ltr'><strong>ἐφ’</strong></span> <span class='ocrx_word' id='word_1_22' title='bbox 289 287 403 319; x_wconf 76' lang='grc' dir='ltr'>ἑαυτοὺς</span> <span class='ocrx_word' id='word_1_23' title='bbox 424 288 597 323; x_wconf 74' lang='grc' dir='ltr'><strong>ἐπιστρέψαι.</strong></span> <span class='ocrx_word' id='word_1_24' title='bbox 617 289 687 314; x_wconf 84' lang='grc' dir='ltr'><strong>Πᾶσι</strong></span> <span class='ocrx_word' id='word_1_25' title='bbox 703 288 757 324; x_wconf 81' lang='grc' dir='ltr'><strong>γὰρ</strong></span> <span class='ocrx_word' id='word_1_26' title='bbox 779 290 835 320; x_wconf 85' lang='grc' dir='ltr'>τοῖς</span> <span class='ocrx_word' id='word_1_27' title='bbox 850 288 935 320; x_wconf 75' lang='grc' dir='ltr'>οὕτως</span> <span class='ocrx_word' id='word_1_28' title='bbox 958 290 1020 315; x_wconf 84' lang='grc' dir='ltr'>ἀνο-</span> 
     </span>
    </p>
   </div>
   <div class='ocr_carea' id='block_1_7' title="bbox 233 333 1019 371">
    <p class='ocr_par' dir='ltr' id='par_1_7' title="bbox 233 333 1019 371">
     <span class='ocr_line' id='line_1_7' title="bbox 233 333 1019 371; baseline 0.001 -11"><span class='ocrx_word' id='word_1_29' title='bbox 233 333 355 368; x_wconf 80' lang='grc' dir='ltr'>μολόγως</span> <span class='ocrx_word' id='word_1_30' title='bbox 366 334 412 360; x_wconf 75' lang='grc' dir='ltr'>καὶ</span> <span class='ocrx_word' id='word_1_31' title='bbox 422 334 615 370; x_wconf 79' lang='grc' dir='ltr'><strong>ἀκαταλλήλως</strong></span> <span class='ocrx_word' id='word_1_32' title='bbox 627 336 779 370; x_wconf 77' lang='grc' dir='ltr'><strong>γινομένοις</strong></span> <span class='ocrx_word' id='word_1_33' title='bbox 796 336 873 362; x_wconf 72' lang='grc' dir='ltr'>αὐτοὶ</span> <span class='ocrx_word' id='word_1_34' title='bbox 884 336 1019 371; x_wconf 81' lang='grc' dir='ltr'><strong>χαίρουσι,</strong></span> 
     </span>
    </p>
   </div>
   <div class='ocr_carea' id='block_1_8' title="bbox 231 378 1019 417">
    <p class='ocr_par' dir='ltr' id='par_1_8' title="bbox 231 378 1019 417">
     <span class='ocr_line' id='line_1_8' title="bbox 231 378 1019 417; baseline 0.001 -11"><span class='ocrx_word' id='word_1_35' title='bbox 231 379 278 406; x_wconf 81' lang='grc' dir='ltr'>καὶ</span> <span class='ocrx_word' id='word_1_36' title='bbox 293 378 388 414; x_wconf 83' lang='grc' dir='ltr'>ὥσπερ</span> <span class='ocrx_word' id='word_1_37' title='bbox 400 379 546 411; x_wconf 80' lang='grc' dir='ltr'><strong>ὑποδύντες</strong></span> <span class='ocrx_word' id='word_1_38' title='bbox 562 380 596 406; x_wconf 69' lang='grc' dir='ltr'><strong>τὰ</strong></span> <span class='ocrx_word' id='word_1_39' title='bbox 613 381 667 406; x_wconf 82' lang='grc' dir='ltr'>τῶν</span> <span class='ocrx_word' id='word_1_40' title='bbox 688 381 774 407; x_wconf 81' lang='grc' dir='ltr'>ἄλλων</span> <span class='ocrx_word' id='word_1_41' title='bbox 791 381 859 407; x_wconf 82' lang='grc' dir='ltr'>θεῶν</span> <span class='ocrx_word' id='word_1_42' title='bbox 874 381 1019 417; x_wconf 77' lang='grc' dir='ltr'>πρόσωπα,</span> 
     </span>
    </p>
   </div>
   <div class='ocr_carea' id='block_1_9' title="bbox 230 424 1021 463">
    <p class='ocr_par' dir='ltr' id='par_1_9' title="bbox 230 424 1021 463">
     <span class='ocr_line' id='line_1_9' title="bbox 230 424 1021 463; baseline 0.005 -13"><span class='ocrx_word' id='word_1_43' title='bbox 230 424 280 459; x_wconf 74' lang='grc' dir='ltr'>τῆς</span> <span class='ocrx_word' id='word_1_44' title='bbox 303 425 442 460; x_wconf 83' lang='grc' dir='ltr'>ἡμετέρας</span> <span class='ocrx_word' id='word_1_45' title='bbox 468 426 596 458; x_wconf 72' lang='grc' dir='ltr'>ἀϐουλίας</span> <span class='ocrx_word' id='word_1_46' title='bbox 616 427 793 459; x_wconf 80' lang='grc' dir='ltr'>ἀπολαύουσι,</span> <span class='ocrx_word' id='word_1_47' title='bbox 819 428 1021 463; x_wconf 80' lang='grc' dir='ltr'>προσεταιριζό-</span> 
     </span>
    </p>
   </div>
   <div class='ocr_carea' id='block_1_10' title="bbox 232 471 1020 508">
    <p class='ocr_par' dir='ltr' id='par_1_10' title="bbox 232 471 1020 508">
     <span class='ocr_line' id='line_1_10' title="bbox 232 471 1020 508; baseline 0.005 -12"><span class='ocrx_word' id='word_1_48' title='bbox 232 479 306 505; x_wconf 83' lang='grc' dir='ltr'>μενοι</span> <span class='ocrx_word' id='word_1_49' title='bbox 327 471 383 506; x_wconf 75' lang='grc'>(55)</span> <span class='ocrx_word' id='word_1_50' title='bbox 400 471 434 497; x_wconf 73' lang='grc' dir='ltr'><strong>τὰ</strong></span> <span class='ocrx_word' id='word_1_51' title='bbox 457 471 557 508; x_wconf 77' lang='grc' dir='ltr'>πλήθη,</span> <span class='ocrx_word' id='word_1_52' title='bbox 584 473 628 500; x_wconf 78' lang='grc' dir='ltr'><strong>διὰ</strong></span> <span class='ocrx_word' id='word_1_53' title='bbox 648 473 693 500; x_wconf 85' lang='grc' dir='ltr'>τοῦ</span> <span class='ocrx_word' id='word_1_54' title='bbox 719 474 768 505; x_wconf 78' lang='grc' dir='ltr'><strong>τὰς</strong></span> <span class='ocrx_word' id='word_1_55' title='bbox 791 473 937 508; x_wconf 76' lang='grc' dir='ltr'><strong>ἐπιθυμίας</strong></span> <span class='ocrx_word' id='word_1_56' title='bbox 966 474 1020 500; x_wconf 84' lang='grc' dir='ltr'>τῶν</span> 
     </span>
    </p>
   </div>
   <div class='ocr_carea' id='block_1_11' title="bbox 231 516 1020 553">
    <p class='ocr_par' dir='ltr' id='par_1_11' title="bbox 231 516 1020 553">
     <span class='ocr_line' id='line_1_11' title="bbox 231 516 1020 553; baseline 0.006 -12"><span class='ocrx_word' id='word_1_57' title='bbox 231 516 382 551; x_wconf 82' lang='grc' dir='ltr'>ἀνθρώπων</span> <span class='ocrx_word' id='word_1_58' title='bbox 400 517 522 544; x_wconf 74' lang='grc' dir='ltr'><strong>ἐκκαίειν</strong></span> <span class='ocrx_word' id='word_1_59' title='bbox 543 518 626 553; x_wconf 75' lang='grc' dir='ltr'>ἔρωσι</span> <span class='ocrx_word' id='word_1_60' title='bbox 644 520 690 545; x_wconf 72' lang='grc' dir='ltr'>καὶ</span> <span class='ocrx_word' id='word_1_61' title='bbox 712 519 804 551; x_wconf 77' lang='grc' dir='ltr'>πόθοις</span> <span class='ocrx_word' id='word_1_62' title='bbox 820 520 952 552; x_wconf 83' lang='grc' dir='ltr'>πλούτων,</span> <span class='ocrx_word' id='word_1_63' title='bbox 973 521 1020 546; x_wconf 81' lang='grc' dir='ltr'>καὶ</span> 
     </span>
    </p>
   </div>
   <div class='ocr_carea' id='block_1_12' title="bbox 229 561 1020 598">
    <p class='ocr_par' dir='ltr' id='par_1_12' title="bbox 229 561 1020 598">
     <span class='ocr_line' id='line_1_12' title="bbox 229 561 1020 598; baseline 0.005 -11"><span class='ocrx_word' id='word_1_64' title='bbox 229 561 392 588; x_wconf 75' lang='grc' dir='ltr'><strong>δυναστειῶν</strong></span> <span class='ocrx_word' id='word_1_65' title='bbox 421 563 467 589; x_wconf 86' lang='grc' dir='ltr'>καὶ</span> <span class='ocrx_word' id='word_1_66' title='bbox 496 563 606 598; x_wconf 79' lang='grc' dir='ltr'>ἡδονῶν,</span> <span class='ocrx_word' id='word_1_67' title='bbox 631 565 782 597; x_wconf 79' lang='grc' dir='ltr'>κενοδοξίας</span> <span class='ocrx_word' id='word_1_68' title='bbox 811 574 839 591; x_wconf 84' lang='grc' dir='ltr'><strong>τε</strong></span> <span class='ocrx_word' id='word_1_69' title='bbox 853 563 900 591; x_wconf 67' lang='grc' dir='ltr'>αἴν’</span> <span class='ocrx_word' id='word_1_70' title='bbox 930 565 958 598; x_wconf 77' lang='grc' dir='ltr'>ἐξ</span> <span class='ocrx_word' id='word_1_71' title='bbox 982 563 1020 592; x_wconf 86' lang='grc' dir='ltr'>ὧν</span> 
     </span>
    </p>
   </div>
   <div class='ocr_carea' id='block_1_13' title="bbox 230 607 1018 646">
    <p class='ocr_par' dir='ltr' id='par_1_13' title="bbox 230 607 1018 646">
     <span class='ocr_line' id='line_1_13' title="bbox 230 607 1018 646; baseline 0.008 -14"><span class='ocrx_word' id='word_1_72' title='bbox 230 607 338 637; x_wconf 77' lang='grc' dir='ltr'><strong>στάσεις</strong></span> <span class='ocrx_word' id='word_1_73' title='bbox 352 608 399 633; x_wconf 81' lang='grc' dir='ltr'>καὶ</span> <span class='ocrx_word' id='word_1_74' title='bbox 410 608 524 643; x_wconf 84' lang='grc' dir='ltr'>πόλεμοι</span> <span class='ocrx_word' id='word_1_75' title='bbox 540 609 663 643; x_wconf 74' lang='grc' dir='ltr'>φύονται,</span> <span class='ocrx_word' id='word_1_76' title='bbox 675 611 722 636; x_wconf 70' lang='grc' dir='ltr'>καὶ</span> <span class='ocrx_word' id='word_1_77' title='bbox 732 610 765 636; x_wconf 82' lang='grc' dir='ltr'><strong>τὰ</strong></span> <span class='ocrx_word' id='word_1_78' title='bbox 779 611 897 646; x_wconf 79' lang='grc' dir='ltr'>συγγενῆ</span> <span class='ocrx_word' id='word_1_79' title='bbox 905 611 1018 638; x_wconf 77' lang='grc' dir='ltr'>τούτων.</span> 
     </span>
    </p>
   </div>
   <div class='ocr_carea' id='block_1_14' title="bbox 229 652 1018 690">
    <p class='ocr_par' dir='ltr' id='par_1_14' title="bbox 229 652 1018 690">
     <span class='ocr_line' id='line_1_14' title="bbox 229 652 1018 690; baseline 0.009 -12"><span class='ocrx_word' id='word_1_80' title='bbox 229 652 265 679; x_wconf 82' lang='grc' dir='ltr'><strong>Τὸ</strong></span> <span class='ocrx_word' id='word_1_81' title='bbox 278 652 306 679; x_wconf 86' lang='grc' dir='ltr'>δὲ</span> <span class='ocrx_word' id='word_1_82' title='bbox 324 654 432 680; x_wconf 86' lang='grc' dir='ltr'>πάντων</span> <span class='ocrx_word' id='word_1_83' title='bbox 448 655 609 688; x_wconf 83' lang='grc' dir='ltr'>δεινότατον,</span> <span class='ocrx_word' id='word_1_84' title='bbox 634 656 861 683; x_wconf 79' lang='grc' dir='ltr'>ὲπαναϐαίνουσιν</span> <span class='ocrx_word' id='word_1_85' title='bbox 878 659 910 684; x_wconf 84' lang='grc' dir='ltr'>ὲκ</span> <span class='ocrx_word' id='word_1_86' title='bbox 924 657 1018 690; x_wconf 86' lang='grc' dir='ltr'>τῶνδε,</span> 
     </span>
    </p>
   </div>
   <div class='ocr_carea' id='block_1_15' title="bbox 228 699 1019 738">
    <p class='ocr_par' dir='ltr' id='par_1_15' title="bbox 228 699 1019 738">
     <span class='ocr_line' id='line_1_15' title="bbox 228 699 1019 738; baseline 0.008 -14"><span class='ocrx_word' id='word_1_87' title='bbox 228 699 274 725; x_wconf 75' lang='grc' dir='ltr'>καὶ</span> <span class='ocrx_word' id='word_1_88' title='bbox 293 699 327 725; x_wconf 81' lang='grc' dir='ltr'><strong>τὰ</strong></span> <span class='ocrx_word' id='word_1_89' title='bbox 343 700 423 735; x_wconf 83' lang='grc' dir='ltr'>ὅμοια</span> <span class='ocrx_word' id='word_1_90' title='bbox 447 701 622 728; x_wconf 81' lang='grc' dir='ltr'><strong>ἀναπείθουσι</strong></span> <span class='ocrx_word' id='word_1_91' title='bbox 649 703 695 728; x_wconf 80' lang='grc' dir='ltr'><strong>καὶ</strong></span> <span class='ocrx_word' id='word_1_92' title='bbox 722 703 786 738; x_wconf 75' lang='grc' dir='ltr'>περὶ</span> <span class='ocrx_word' id='word_1_93' title='bbox 809 702 863 729; x_wconf 84' lang='grc' dir='ltr'><strong>τῶν</strong></span> <span class='ocrx_word' id='word_1_94' title='bbox 883 704 1019 738; x_wconf 77' lang='grc' dir='ltr'><strong>μεγίστων</strong></span> 
     </span>
    </p>
   </div>
   <div class='ocr_carea' id='block_1_16' title="bbox 228 742 1018 782">
    <p class='ocr_par' dir='ltr' id='par_1_16' title="bbox 228 742 1018 782">
     <span class='ocr_line' id='line_1_16' title="bbox 228 742 1018 782; baseline 0.009 -13"><span class='ocrx_word' id='word_1_95' title='bbox 228 742 308 775; x_wconf 78' lang='grc' dir='ltr'>Θεῶν,</span> <span class='ocrx_word' id='word_1_96' title='bbox 322 744 403 780; x_wconf 79' lang='grc' dir='ltr'>μέχρι</span> <span class='ocrx_word' id='word_1_97' title='bbox 417 744 463 771; x_wconf 81' lang='grc' dir='ltr'>τοῦ</span> <span class='ocrx_word' id='word_1_98' title='bbox 485 746 532 772; x_wconf 75' lang='grc' dir='ltr'>καὶ</span> <span class='ocrx_word' id='word_1_99' title='bbox 550 746 595 772; x_wconf 84' lang='grc' dir='ltr'>τὸν</span> <span class='ocrx_word' id='word_1_100' title='bbox 613 747 724 782; x_wconf 83' lang='grc' dir='ltr'>ἄριστον</span> <span class='ocrx_word' id='word_1_101' title='bbox 749 747 815 774; x_wconf 78' lang='grc' dir='ltr'>Θεὸν</span> <span class='ocrx_word' id='word_1_102' title='bbox 835 748 940 781; x_wconf 79' lang='grc' dir='ltr'>τούτοις</span> <span class='ocrx_word' id='word_1_103' title='bbox 964 751 1018 781; x_wconf 89' lang='grc' dir='ltr'>τοῖς</span> 
     </span>
    </p>
   </div>
   <div class='ocr_carea' id='block_1_17' title="bbox 227 789 1019 830">
    <p class='ocr_par' dir='ltr' id='par_1_17' title="bbox 227 789 1019 830">
     <span class='ocr_line' id='line_1_17' title="bbox 227 789 1019 830; baseline 0.008 -15"><span class='ocrx_word' id='word_1_104' title='bbox 227 789 397 825; x_wconf 73' lang='grc' dir='ltr'><strong>ἐγκλήμασιν</strong></span> <span class='ocrx_word' id='word_1_105' title='bbox 411 791 537 824; x_wconf 79' lang='grc' dir='ltr'>ὑπάγειν·</span> <span class='ocrx_word' id='word_1_106' title='bbox 554 789 576 826; x_wconf 79' lang='grc' dir='ltr'>ᾧ</span> <span class='ocrx_word' id='word_1_107' title='bbox 591 793 623 828; x_wconf 78' lang='grc' dir='ltr'>δὴ</span> <span class='ocrx_word' id='word_1_108' title='bbox 640 794 686 819; x_wconf 71' lang='grc' dir='ltr'><strong>καὶ</strong></span> <span class='ocrx_word' id='word_1_109' title='bbox 698 794 862 829; x_wconf 76' lang='grc' dir='ltr'>τεταράχθαι</span> <span class='ocrx_word' id='word_1_110' title='bbox 881 795 936 829; x_wconf 78' lang='grc'>(56)</span> <span class='ocrx_word' id='word_1_111' title='bbox 953 795 1019 830; x_wconf 81' lang='grc' dir='ltr'>φασὶ</span> 
     </span>
    </p>
   </div>
   <div class='ocr_carea' id='block_1_18' title="bbox 227 835 1018 868">
    <p class='ocr_par' dir='ltr' id='par_1_18' title="bbox 227 835 1018 868">
     <span class='ocr_line' id='line_1_18' title="bbox 227 835 1018 868; baseline 0.009 -7"><span class='ocrx_word' id='word_1_112' title='bbox 227 835 306 862; x_wconf 78' lang='grc' dir='ltr'>πάντ’</span> <span class='ocrx_word' id='word_1_113' title='bbox 319 836 374 863; x_wconf 78' lang='grc' dir='ltr'>ἅνω</span> <span class='ocrx_word' id='word_1_114' title='bbox 389 838 436 863; x_wconf 77' lang='grc' dir='ltr'><strong>καὶ</strong></span> <span class='ocrx_word' id='word_1_115' title='bbox 451 838 537 864; x_wconf 83' lang='grc' dir='ltr'>κάτω.</span> <span class='ocrx_word' id='word_1_116' title='bbox 553 839 706 866; x_wconf 72' lang='grc' dir='ltr'>Πεπὸνοασι</span> <span class='ocrx_word' id='word_1_117' title='bbox 721 840 749 866; x_wconf 80' lang='grc' dir='ltr'>δὲ</span> <span class='ocrx_word' id='word_1_118' title='bbox 763 840 841 867; x_wconf 81' lang='grc' dir='ltr'>τοῦτο</span> <span class='ocrx_word' id='word_1_119' title='bbox 853 841 902 867; x_wconf 82' lang='grc' dir='ltr'>οὐκ</span> <span class='ocrx_word' id='word_1_120' title='bbox 916 841 1018 868; x_wconf 83' lang='grc' dir='ltr'>ἰδιῶται</span> 
     </span>
    </p>
   </div>
   <div class='ocr_carea' id='block_1_19' title="bbox 228 880 1017 921">
    <p class='ocr_par' dir='ltr' id='par_1_19' title="bbox 228 880 1017 921">
     <span class='ocr_line' id='line_1_19' title="bbox 228 880 1017 921; baseline 0.009 -15"><span class='ocrx_word' id='word_1_121' title='bbox 228 880 318 914; x_wconf 85' lang='grc' dir='ltr'>μόνον,</span> <span class='ocrx_word' id='word_1_122' title='bbox 334 881 402 908; x_wconf 80' lang='grc' dir='ltr'>ἀλλὰ</span> <span class='ocrx_word' id='word_1_123' title='bbox 419 883 466 909; x_wconf 86' lang='grc' dir='ltr'>καὶ</span> <span class='ocrx_word' id='word_1_124' title='bbox 485 883 538 909; x_wconf 84' lang='grc' dir='ltr'>τῶν</span> <span class='ocrx_word' id='word_1_125' title='bbox 549 884 578 909; x_wconf 80' lang='grc' dir='ltr'>ὲν</span> <span class='ocrx_word' id='word_1_126' title='bbox 594 883 738 920; x_wconf 70' lang='grc' dir='ltr'>φιλοσοφίᾳ</span> <span class='ocrx_word' id='word_1_127' title='bbox 757 885 949 921; x_wconf 80' lang='grc' dir='ltr'>διατριϐόντων</span> <span class='ocrx_word' id='word_1_128' title='bbox 968 888 1017 913; x_wconf 83' lang='grc' dir='ltr'><strong>οὐκ</strong></span> 
     </span>
    </p>
   </div>
   <div class='ocr_carea' id='block_1_20' title="bbox 226 919 1015 967">
    <p class='ocr_par' dir='ltr' id='par_1_20' title="bbox 226 919 1015 967">
     <span class='ocr_line' id='line_1_20' title="bbox 226 919 1015 967; baseline 0.008 -16"><span class='ocrx_word' id='word_1_129' title='bbox 226 919 322 958; x_wconf 80' lang='grc' dir='ltr'>ὀλίγοι.</span> <span class='ocrx_word' id='word_1_130' title='bbox 343 925 373 952; x_wconf 84' lang='lat' dir='ltr'><strong>&#39;H</strong></span> <span class='ocrx_word' id='word_1_131' title='bbox 387 926 410 952; x_wconf 78' lang='grc' dir='ltr'>δ’</span> <span class='ocrx_word' id='word_1_132' title='bbox 427 928 502 953; x_wconf 84' lang='grc' dir='ltr'>αἰτία</span> <span class='ocrx_word' id='word_1_133' title='bbox 518 928 552 954; x_wconf 88' lang='grc' dir='ltr'><strong>δι’</strong></span> <span class='ocrx_word' id='word_1_134' title='bbox 568 929 691 964; x_wconf 82' lang='grc' dir='ltr'>ἀλλήλων</span> <span class='ocrx_word' id='word_1_135' title='bbox 705 919 883 964; x_wconf 35' lang='grc' dir='ltr'>γέγονεξΚαδ.</span> <span class='ocrx_word' id='word_1_136' title='bbox 896 931 950 967; x_wconf 86' lang='grc' dir='ltr'><strong>γὰρ</strong></span> <span class='ocrx_word' id='word_1_137' title='bbox 962 930 1015 958; x_wconf 82' lang='grc' dir='ltr'>τῶν</span> 
     </span>
    </p>
   </div>
   <div class='ocr_carea' id='block_1_21' title="bbox 227 970 1016 1013">
    <p class='ocr_par' dir='ltr' id='par_1_21' title="bbox 227 970 1016 1013">
     <span class='ocr_line' id='line_1_21' title="bbox 227 970 1016 1013; baseline 0.01 -18"><span class='ocrx_word' id='word_1_138' title='bbox 227 970 443 1004; x_wconf 76' lang='grc' dir='ltr'>φιλοσοφούντων</span> <span class='ocrx_word' id='word_1_139' title='bbox 460 972 484 998; x_wconf 91' lang='grc' dir='ltr'>οἱ</span> <span class='ocrx_word' id='word_1_140' title='bbox 508 972 545 1007; x_wconf 84' lang='grc' dir='ltr'>μὴ</span> <span class='ocrx_word' id='word_1_141' title='bbox 567 973 736 1005; x_wconf 79' lang='grc' dir='ltr'>ἀποστάντες</span> <span class='ocrx_word' id='word_1_142' title='bbox 759 975 808 1010; x_wconf 81' lang='grc' dir='ltr'>τῆς</span> <span class='ocrx_word' id='word_1_143' title='bbox 825 976 917 1011; x_wconf 81' lang='grc' dir='ltr'>κοινῆς</span> <span class='ocrx_word' id='word_1_144' title='bbox 931 978 1016 1013; x_wconf 77' lang='grc' dir='ltr'>φορᾶς</span> 
     </span>
    </p>
   </div>
   <div class='ocr_carea' id='block_1_22' title="bbox 226 1017 1015 1055">
    <p class='ocr_par' dir='ltr' id='par_1_22' title="bbox 226 1017 1015 1055">
     <span class='ocr_line' id='line_1_22' title="bbox 226 1017 1015 1055; baseline 0.01 -13"><span class='ocrx_word' id='word_1_145' title='bbox 226 1017 267 1048; x_wconf 82' lang='grc' dir='ltr'><strong>είς</strong></span> <span class='ocrx_word' id='word_1_146' title='bbox 283 1017 316 1043; x_wconf 81' lang='grc' dir='ltr'><strong>τά</strong></span> <span class='ocrx_word' id='word_1_147' title='bbox 333 1017 402 1044; x_wconf 78' lang='grc' dir='ltr'>αὐτὰ</span> <span class='ocrx_word' id='word_1_148' title='bbox 416 1020 472 1050; x_wconf 84' lang='grc' dir='ltr'>τοῖς</span> <span class='ocrx_word' id='word_1_149' title='bbox 488 1019 602 1054; x_wconf 80' lang='grc' dir='ltr'>πλήθεσι</span> <span class='ocrx_word' id='word_1_150' title='bbox 625 1021 785 1055; x_wconf 75' lang='grc' dir='ltr'>συνέϐησαν.</span> <span class='ocrx_word' id='word_1_151' title='bbox 811 1023 865 1048; x_wconf 74' lang='grc' dir='ltr'>Καὶ</span> <span class='ocrx_word' id='word_1_152' title='bbox 884 1023 963 1049; x_wconf 83' lang='grc' dir='ltr'>πάλιν</span> <span class='ocrx_word' id='word_1_153' title='bbox 983 1021 1015 1050; x_wconf 77' lang='grc' dir='ltr'>αὖ</span> 
     </span>
    </p>
   </div>
   <div class='ocr_carea' id='block_1_23' title="bbox 226 1061 1016 1104">
    <p class='ocr_par' dir='ltr' id='par_1_23' title="bbox 226 1061 1016 1104">
     <span class='ocr_line' id='line_1_23' title="bbox 226 1061 1016 1104; baseline 0.011 -17"><span class='ocrx_word' id='word_1_154' title='bbox 226 1061 260 1088; x_wconf 72' lang='grc' dir='ltr'><strong>τὰ</strong></span> <span class='ocrx_word' id='word_1_155' title='bbox 280 1062 381 1098; x_wconf 84' lang='grc' dir='ltr'>πλήθη,</span> <span class='ocrx_word' id='word_1_156' title='bbox 409 1063 542 1099; x_wconf 75' lang='grc' dir='ltr'>σύμφωνα</span> <span class='ocrx_word' id='word_1_157' title='bbox 566 1067 626 1097; x_wconf 88' lang='grc' dir='ltr'>ταῖς</span> <span class='ocrx_word' id='word_1_158' title='bbox 650 1067 740 1093; x_wconf 77' lang='grc' dir='ltr'>αὐτῶν</span> <span class='ocrx_word' id='word_1_159' title='bbox 757 1067 848 1099; x_wconf 79' lang='grc' dir='ltr'>δόξαις</span> <span class='ocrx_word' id='word_1_160' title='bbox 872 1070 946 1104; x_wconf 82' lang='grc' dir='ltr'><strong>παρά</strong></span> <span class='ocrx_word' id='word_1_161' title='bbox 961 1070 1016 1096; x_wconf 82' lang='grc' dir='ltr'>τῶν</span> 
     </span>
    </p>
   </div>
   <div class='ocr_carea' id='block_1_24' title="bbox 226 1107 1015 1149">
    <p class='ocr_par' dir='ltr' id='par_1_24' title="bbox 226 1107 1015 1149">
     <span class='ocr_line' id='line_1_24' title="bbox 226 1107 1015 1149; baseline 0.009 -16"><span class='ocrx_word' id='word_1_162' title='bbox 226 1107 376 1135; x_wconf 75' lang='grc' dir='ltr'>δοκούντων</span> <span class='ocrx_word' id='word_1_163' title='bbox 395 1109 485 1143; x_wconf 76' lang='grc' dir='ltr'>σοφῶν</span> <span class='ocrx_word' id='word_1_164' title='bbox 500 1110 642 1142; x_wconf 77' lang='grc' dir='ltr'>ἀκούοντα,</span> <span class='ocrx_word' id='word_1_165' title='bbox 667 1113 828 1147; x_wconf 69' lang='grc' dir='ltr'>ἐπερρώσοη</span> <span class='ocrx_word' id='word_1_166' title='bbox 851 1115 959 1149; x_wconf 77' lang='grc' dir='ltr'>φρονεῖν</span> <span class='ocrx_word' id='word_1_167' title='bbox 975 1115 1015 1141; x_wconf 77' lang='grc' dir='ltr'>ἔτι</span> 
     </span>
    </p>
   </div>
   <div class='ocr_carea' id='block_1_25' title="bbox 229 1153 1016 1196">
    <p class='ocr_par' dir='ltr' id='par_1_25' title="bbox 229 1153 1016 1196">
     <span class='ocr_line' id='line_1_25' title="bbox 229 1153 1016 1196; baseline 0.01 -17"><span class='ocrx_word' id='word_1_168' title='bbox 229 1153 328 1188; x_wconf 76' lang='grc' dir='ltr'>μᾶλλον</span> <span class='ocrx_word' id='word_1_169' title='bbox 344 1155 409 1190; x_wconf 72' lang='grc' dir='ltr'>περ).</span> <span class='ocrx_word' id='word_1_170' title='bbox 423 1155 477 1182; x_wconf 78' lang='grc' dir='ltr'>τῶν</span> <span class='ocrx_word' id='word_1_171' title='bbox 493 1156 560 1182; x_wconf 82' lang='grc' dir='ltr'>θεῶν</span> <span class='ocrx_word' id='word_1_172' title='bbox 577 1157 609 1183; x_wconf 79' lang='grc' dir='ltr'><strong>τὰ</strong></span> <span class='ocrx_word' id='word_1_173' title='bbox 623 1158 744 1184; x_wconf 73' lang='grc' dir='ltr'>τοιαῦτα.</span> <span class='ocrx_word' id='word_1_174' title='bbox 760 1159 795 1185; x_wconf 79' lang='grc' dir='ltr'><strong>Τὸ</strong></span> <span class='ocrx_word' id='word_1_175' title='bbox 810 1159 859 1194; x_wconf 77' lang='grc' dir='ltr'>μὲν</span> <span class='ocrx_word' id='word_1_176' title='bbox 873 1159 928 1195; x_wconf 79' lang='grc' dir='ltr'><strong>γὰρ</strong></span> <span class='ocrx_word' id='word_1_177' title='bbox 938 1163 1016 1196; x_wconf 80' lang='grc' dir='ltr'>’ποιη-</span> 
     </span>
    </p>
   </div>
   <div class='ocr_carea' id='block_1_26' title="bbox 227 1200 1014 1243">
    <p class='ocr_par' dir='ltr' id='par_1_26' title="bbox 227 1200 1014 1243">
     <span class='ocr_line' id='line_1_26' title="bbox 227 1200 1014 1243; baseline 0.011 -18"><span class='ocrx_word' id='word_1_178' title='bbox 227 1200 301 1226; x_wconf 83' lang='grc' dir='ltr'>τικὸν</span> <span class='ocrx_word' id='word_1_179' title='bbox 318 1201 364 1227; x_wconf 77' lang='grc' dir='ltr'><strong>καὶ</strong></span> <span class='ocrx_word' id='word_1_180' title='bbox 388 1202 589 1236; x_wconf 75' lang='grc' dir='ltr'>προσεξέκαυσε</span> <span class='ocrx_word' id='word_1_181' title='bbox 603 1203 652 1234; x_wconf 74' lang='grc' dir='ltr'>τὰς</span> <span class='ocrx_word' id='word_1_182' title='bbox 673 1204 819 1240; x_wconf 68' lang='grc' dir='ltr'>ὑπολήψεις</span> <span class='ocrx_word' id='word_1_183' title='bbox 841 1207 894 1233; x_wconf 80' lang='grc' dir='ltr'>τῶν</span> <span class='ocrx_word' id='word_1_184' title='bbox 908 1208 1014 1243; x_wconf 76' lang='grc' dir='ltr'>ἀνθρώ-</span> 
     </span>
    </p>
   </div>
   <div class='ocr_carea' id='block_1_27' title="bbox 227 1247 1013 1289">
    <p class='ocr_par' dir='ltr' id='par_1_27' title="bbox 227 1247 1013 1289">
     <span class='ocr_line' id='line_1_27' title="bbox 227 1247 1013 1289; baseline 0.014 -18"><span class='ocrx_word' id='word_1_185' title='bbox 227 1254 295 1279; x_wconf 80' lang='grc' dir='ltr'>πων,</span> <span class='ocrx_word' id='word_1_186' title='bbox 309 1247 348 1282; x_wconf 82' lang='grc' dir='ltr'>τῷ</span> <span class='ocrx_word' id='word_1_187' title='bbox 358 1248 477 1283; x_wconf 75' lang='grc' dir='ltr'>χρῆσθαι</span> <span class='ocrx_word' id='word_1_188' title='bbox 494 1250 593 1285; x_wconf 78' lang='grc' dir='ltr'>φράσει</span> <span class='ocrx_word' id='word_1_189' title='bbox 606 1251 674 1286; x_wconf 69' lang='grc' dir='ltr'>πρὸς</span> <span class='ocrx_word' id='word_1_190' title='bbox 684 1251 814 1287; x_wconf 69' lang='grc' dir='ltr'>ἔκπληξιν</span> <span class='ocrx_word' id='word_1_191' title='bbox 828 1254 874 1279; x_wconf 68' lang='grc' dir='ltr'>καὶ</span> <span class='ocrx_word' id='word_1_192' title='bbox 888 1256 1013 1289; x_wconf 69' lang='grc' dir='ltr'>γοητείαν</span> 
     </span>
    </p>
   </div>
   <div class='ocr_carea' id='block_1_28' title="bbox 222 1294 1011 1337">
    <p class='ocr_par' dir='ltr' id='par_1_28' title="bbox 222 1294 1011 1337">
     <span class='ocr_line' id='line_1_28' title="bbox 222 1294 1011 1337; baseline 0.013 -19"><span class='ocrx_word' id='word_1_193' title='bbox 222 1294 402 1329; x_wconf 67' lang='grc' dir='ltr'>πεποιημένῃ.</span> <span class='ocrx_word' id='word_1_194' title='bbox 420 1294 534 1330; x_wconf 76' lang='grc' dir='ltr'>κήλησίν</span> <span class='ocrx_word' id='word_1_195' title='bbox 548 1304 577 1321; x_wconf 85' lang='grc' dir='ltr'><strong>τε</strong></span> <span class='ocrx_word' id='word_1_196' title='bbox 592 1296 740 1330; x_wconf 75' lang='grc' dir='ltr'>ἐμποιῆσαι.</span> <span class='ocrx_word' id='word_1_197' title='bbox 751 1317 757 1328; x_wconf 87' lang='grc'><strong>,</strong></span> <span class='ocrx_word' id='word_1_198' title='bbox 774 1298 819 1324; x_wconf 66' lang='grc' dir='ltr'>καὶ</span> <span class='ocrx_word' id='word_1_199' title='bbox 836 1299 927 1326; x_wconf 71' lang='grc' dir='ltr'>πίστιν</span> <span class='ocrx_word' id='word_1_200' title='bbox 947 1302 1011 1337; x_wconf 79' lang='grc' dir='ltr'>περὶ</span> 
     </span>
    </p>
   </div>
   <div class='ocr_carea' id='block_1_29' title="bbox 220 1338 1011 1381">
    <p class='ocr_par' dir='ltr' id='par_1_29' title="bbox 220 1338 1011 1381">
     <span class='ocr_line' id='line_1_29' title="bbox 220 1338 1011 1381; baseline 0.013 -17"><span class='ocrx_word' id='word_1_201' title='bbox 220 1340 272 1365; x_wconf 73' lang='grc' dir='ltr'>τῶν</span> <span class='ocrx_word' id='word_1_202' title='bbox 283 1338 499 1367; x_wconf 77' lang='grc' dir='ltr'>’ἀδυνατωτάτων</span> <span class='ocrx_word' id='word_1_203' title='bbox 519 1342 707 1377; x_wconf 73' lang='grc' dir='ltr'>πεποιημένην</span> <span class='ocrx_word' id='word_1_204' title='bbox 723 1343 778 1378; x_wconf 74' lang='grc'>(57)</span> <span class='ocrx_word' id='word_1_205' title='bbox 789 1352 796 1359; x_wconf 79' lang='lat'><strong><em>°</em></strong></span> <span class='ocrx_word' id='word_1_206' title='bbox 812 1344 870 1372; x_wconf 73' lang='grc' dir='ltr'>δέον</span> <span class='ocrx_word' id='word_1_207' title='bbox 886 1347 1011 1381; x_wconf 77' lang='grc' dir='ltr'><strong>ἐμπέδως</strong></span> 
     </span>
    </p>
   </div>
   <div class='ocr_carea' id='block_1_30' title="bbox 225 1381 1013 1422">
    <p class='ocr_par' dir='ltr' id='par_1_30' title="bbox 225 1381 1013 1422">
     <span class='ocr_line' id='line_1_30' title="bbox 225 1381 1013 1422; baseline 0.016 -16"><span class='ocrx_word' id='word_1_208' title='bbox 225 1381 380 1413; x_wconf 74' lang='grc' dir='ltr'>πεπεῖσθαι,</span> <span class='ocrx_word' id='word_1_209' title='bbox 394 1383 434 1409; x_wconf 79' lang='grc' dir='ltr'>ὅτι</span> <span class='ocrx_word' id='word_1_210' title='bbox 446 1384 507 1410; x_wconf 69' lang='grc' dir='ltr'>οὔτε</span> <span class='ocrx_word' id='word_1_211' title='bbox 517 1386 547 1411; x_wconf 76' lang='grc' dir='ltr'>τὸ</span> <span class='ocrx_word' id='word_1_212' title='bbox 562 1386 663 1419; x_wconf 78' lang='grc' dir='ltr'><strong>ἀγαυὸν</strong></span> <span class='ocrx_word' id='word_1_213' title='bbox 680 1388 793 1422; x_wconf 75' lang='grc' dir='ltr'>βλάπτει</span> <span class='ocrx_word' id='word_1_214' title='bbox 811 1391 884 1422; x_wconf 84' lang='grc' dir='ltr'>ποτὲ,</span> <span class='ocrx_word' id='word_1_215' title='bbox 907 1391 967 1418; x_wconf 61' lang='grc' dir='ltr'>οὔτε</span> <span class='ocrx_word' id='word_1_216' title='bbox 983 1393 1013 1419; x_wconf 77' lang='grc' dir='ltr'>τὸ</span> 
     </span>
    </p>
   </div>
   <div class='ocr_carea' id='block_1_31' title="bbox 224 1427 1011 1471">
    <p class='ocr_par' dir='ltr' id='par_1_31' title="bbox 224 1427 1011 1471">
     <span class='ocr_line' id='line_1_31' title="bbox 224 1427 1011 1471; baseline 0.017 -19"><span class='ocrx_word' id='word_1_217' title='bbox 224 1427 308 1453; x_wconf 55' lang='grc' dir='ltr'>κακὴν</span> <span class='ocrx_word' id='word_1_218' title='bbox 322 1428 430 1463; x_wconf 69' lang='grc' dir='ltr'>ὠφελεῖ.</span> <span class='ocrx_word' id='word_1_219' title='bbox 445 1431 481 1456; x_wconf 71' lang='grc' dir='ltr'><strong>Οὐ</strong></span> <span class='ocrx_word' id='word_1_220' title='bbox 494 1431 548 1467; x_wconf 75' lang='grc' dir='ltr'>γὰρ</span> <span class='ocrx_word' id='word_1_221' title='bbox 568 1431 744 1468; x_wconf 67' lang='grc' dir='ltr'>θερμότητος,</span> <span class='ocrx_word' id='word_1_222' title='bbox 758 1434 795 1467; x_wconf 75' lang='grc' dir='ltr'>ὥς</span> <span class='ocrx_word' id='word_1_223' title='bbox 809 1444 872 1471; x_wconf 73' lang='grc' dir='ltr'>φησι</span> <span class='ocrx_word' id='word_1_224' title='bbox 888 1437 1011 1470; x_wconf 76' lang='grc' dir='ltr'>Πλάτων,</span> 
     </span>
    </p>
   </div>
   <div class='ocr_carea' id='block_1_32' title="bbox 223 1472 1014 1519">
    <p class='ocr_par' dir='ltr' id='par_1_32' title="bbox 223 1472 1014 1519">
     <span class='ocr_line' id='line_1_32' title="bbox 223 1472 1014 1519; baseline 0.015 -21"><span class='ocrx_word' id='word_1_225' title='bbox 223 1473 253 1498; x_wconf 72' lang='grc' dir='ltr'>τὸ</span> <span class='ocrx_word' id='word_1_226' title='bbox 263 1472 368 1508; x_wconf 60' lang='grc' dir='ltr'>ψύχειν,</span> <span class='ocrx_word' id='word_1_227' title='bbox 382 1475 448 1502; x_wconf 78' lang='grc' dir='ltr'>ἀλλὰ</span> <span class='ocrx_word' id='word_1_228' title='bbox 459 1476 506 1503; x_wconf 76' lang='grc' dir='ltr'>τοῦ</span> <span class='ocrx_word' id='word_1_229' title='bbox 519 1478 650 1504; x_wconf 75' lang='grc' dir='ltr'>ἐναντίου·</span> <span class='ocrx_word' id='word_1_230' title='bbox 663 1480 723 1505; x_wconf 80' lang='grc' dir='ltr'>οὐδὲ</span> <span class='ocrx_word' id='word_1_231' title='bbox 734 1480 902 1518; x_wconf 73' lang='grc' dir='ltr'>ψυχρότητος</span> <span class='ocrx_word' id='word_1_232' title='bbox 911 1483 941 1509; x_wconf 87' lang='grc' dir='ltr'>τὸ</span> <span class='ocrx_word' id='word_1_233' title='bbox 956 1483 1014 1519; x_wconf 84' lang='grc' dir='ltr'>θερ-</span> 
     </span>
    </p>
   </div>
   <div class='ocr_carea' id='block_1_33' title="bbox 226 1519 1013 1557">
    <p class='ocr_par' dir='ltr' id='par_1_33' title="bbox 226 1519 1013 1557">
     <span class='ocr_line' id='line_1_33' title="bbox 226 1519 1013 1557; baseline 0.015 -13"><span class='ocrx_word' id='word_1_234' title='bbox 226 1519 343 1553; x_wconf 83' lang='grc' dir='ltr'>μαίνειν,</span> <span class='ocrx_word' id='word_1_235' title='bbox 356 1521 422 1548; x_wconf 78' lang='grc' dir='ltr'>ἀλλὰ</span> <span class='ocrx_word' id='word_1_236' title='bbox 436 1522 482 1548; x_wconf 75' lang='grc' dir='ltr'>τοῦ</span> <span class='ocrx_word' id='word_1_237' title='bbox 494 1524 614 1550; x_wconf 78' lang='grc' dir='ltr'>ἐναντίου</span> <span class='ocrx_word' id='word_1_238' title='bbox 625 1533 631 1539; x_wconf 71' lang='grc'><strong><em>⁸</em></strong></span> <span class='ocrx_word' id='word_1_239' title='bbox 648 1525 734 1557; x_wconf 77' lang='grc' dir='ltr'>οὓτως</span> <span class='ocrx_word' id='word_1_240' title='bbox 742 1527 801 1553; x_wconf 76' lang='grc' dir='ltr'>οὐδὲ</span> <span class='ocrx_word' id='word_1_241' title='bbox 812 1527 858 1554; x_wconf 79' lang='grc' dir='ltr'>τοῦ</span> <span class='ocrx_word' id='word_1_242' title='bbox 867 1528 971 1555; x_wconf 81' lang='grc' dir='ltr'>δικαίου</span> <span class='ocrx_word' id='word_1_243' title='bbox 983 1530 1013 1556; x_wconf 87' lang='grc' dir='ltr'>τὸ</span> 
     </span>
    </p>
   </div>
   <div class='ocr_carea' id='block_1_34' title="bbox 1072 288 1877 324">
    <p class='ocr_par' dir='ltr' id='par_1_34' title="bbox 1072 288 1877 324">
     <span class='ocr_line' id='line_1_34' title="bbox 1072 288 1877 324; baseline 0.006 -11"><span class='ocrx_word' id='word_1_244' title='bbox 1072 295 1126 322; x_wconf 89' lang='lat' dir='ltr'><strong>que</strong></span> <span class='ocrx_word' id='word_1_245' title='bbox 1143 294 1276 319; x_wconf 79' lang='lat' dir='ltr'><strong>versatur.</strong></span> <span class='ocrx_word' id='word_1_246' title='bbox 1293 288 1360 315; x_wconf 88' lang='lat' dir='ltr'><strong>nihil</strong></span> <span class='ocrx_word' id='word_1_247' title='bbox 1375 289 1455 323; x_wconf 84' lang='lat' dir='ltr'><strong>plane</strong></span> <span class='ocrx_word' id='word_1_248' title='bbox 1470 289 1581 317; x_wconf 86' lang='lat' dir='ltr'><strong>sceleris</strong></span> <span class='ocrx_word' id='word_1_249' title='bbox 1595 293 1647 323; x_wconf 87' lang='lat' dir='ltr'><strong>est,</strong></span> <span class='ocrx_word' id='word_1_250' title='bbox 1673 291 1744 324; x_wconf 90' lang='lat' dir='ltr'><strong>quod</strong></span> <span class='ocrx_word' id='word_1_251' title='bbox 1769 291 1877 318; x_wconf 72' lang='lat' dir='ltr'><strong>molirl’</strong></span> 
     </span>
    </p>
   </div>
   <div class='ocr_carea' id='block_1_35' title="bbox 1071 333 1862 369">
    <p class='ocr_par' dir='ltr' id='par_1_35' title="bbox 1071 333 1862 369">
     <span class='ocr_line' id='line_1_35' title="bbox 1071 333 1862 369; baseline 0.006 -10"><span class='ocrx_word' id='word_1_252' title='bbox 1071 341 1125 360; x_wconf 90' lang='lat' dir='ltr'><strong>non</strong></span> <span class='ocrx_word' id='word_1_253' title='bbox 1139 334 1235 360; x_wconf 84' lang='lat' dir='ltr'><strong>soleat.</strong></span> <span class='ocrx_word' id='word_1_254' title='bbox 1251 333 1317 361; x_wconf 72' lang='lat' dir='ltr'><strong>Nam</strong></span> <span class='ocrx_word' id='word_1_255' title='bbox 1346 335 1418 368; x_wconf 88' lang='lat' dir='ltr'><strong>quod</strong></span> <span class='ocrx_word' id='word_1_256' title='bbox 1432 336 1573 369; x_wconf 88' lang='lat' dir='ltr'><strong>impotenti</strong></span> <span class='ocrx_word' id='word_1_257' title='bbox 1587 335 1732 363; x_wconf 83' lang='lat' dir='ltr'><strong>admodum</strong></span> <span class='ocrx_word' id='word_1_258' title='bbox 1750 344 1782 363; x_wconf 87' lang='lat' dir='ltr'><strong>ac</strong></span> <span class='ocrx_word' id='word_1_259' title='bbox 1797 337 1862 364; x_wconf 84' lang='lat' dir='ltr'><strong>sub-</strong></span> 
     </span>
    </p>
   </div>
   <div class='ocr_carea' id='block_1_36' title="bbox 1070 379 1860 415">
    <p class='ocr_par' dir='ltr' id='par_1_36' title="bbox 1070 379 1860 415">
     <span class='ocr_line' id='line_1_36' title="bbox 1070 379 1860 415; baseline 0.004 -9"><span class='ocrx_word' id='word_1_260' title='bbox 1070 379 1134 406; x_wconf 91' lang='lat' dir='ltr'><strong>dolo</strong></span> <span class='ocrx_word' id='word_1_261' title='bbox 1170 380 1279 414; x_wconf 82' lang='lat' dir='ltr'><strong>ingenio</strong></span> <span class='ocrx_word' id='word_1_262' title='bbox 1298 380 1344 412; x_wconf 91' lang='lat' dir='ltr'><strong>sit,</strong></span> <span class='ocrx_word' id='word_1_263' title='bbox 1368 381 1495 415; x_wconf 78' lang='lat' dir='ltr'><strong>quodque</strong></span> <span class='ocrx_word' id='word_1_264' title='bbox 1515 381 1637 408; x_wconf 88' lang='lat' dir='ltr'><strong>melioris</strong></span> <span class='ocrx_word' id='word_1_265' title='bbox 1659 389 1691 408; x_wconf 87' lang='lat' dir='ltr'><strong>ac</strong></span> <span class='ocrx_word' id='word_1_266' title='bbox 1715 382 1860 410; x_wconf 88' lang='lat' dir='ltr'><strong>divinioris</strong></span> 
     </span>
    </p>
   </div>
   <div class='ocr_carea' id='block_1_37' title="bbox 1070 425 1859 463">
    <p class='ocr_par' dir='ltr' id='par_1_37' title="bbox 1070 425 1859 463">
     <span class='ocr_line' id='line_1_37' title="bbox 1070 425 1859 463; baseline 0.005 -12"><span class='ocrx_word' id='word_1_267' title='bbox 1070 425 1202 452; x_wconf 70' lang='lat' dir='ltr'><strong>dmmonis</strong></span> <span class='ocrx_word' id='word_1_268' title='bbox 1217 426 1385 460; x_wconf 88' lang='lat' dir='ltr'><strong>providentia</strong></span> <span class='ocrx_word' id='word_1_269' title='bbox 1398 430 1500 459; x_wconf 85' lang='lat' dir='ltr'><strong>careat,</strong></span> <span class='ocrx_word' id='word_1_270' title='bbox 1518 426 1694 455; x_wconf 78' lang='lat' dir='ltr'><strong>vehementes</strong></span> <span class='ocrx_word' id='word_1_271' title='bbox 1707 435 1740 455; x_wconf 89' lang='lat' dir='ltr'><strong>ac</strong></span> <span class='ocrx_word' id='word_1_272' title='bbox 1762 436 1859 463; x_wconf 83' lang='lat' dir='ltr'><strong>repen-</strong></span> 
     </span>
    </p>
   </div>
   <div class='ocr_carea' id='block_1_38' title="bbox 1070 471 1861 509">
    <p class='ocr_par' dir='ltr' id='par_1_38' title="bbox 1070 471 1861 509">
     <span class='ocr_line' id='line_1_38' title="bbox 1070 471 1861 509; baseline 0.006 -13"><span class='ocrx_word' id='word_1_273' title='bbox 1070 471 1144 497; x_wconf 92' lang='lat' dir='ltr'><strong>tinos</strong></span> <span class='ocrx_word' id='word_1_274' title='bbox 1164 474 1194 497; x_wconf 92' lang='lat' dir='ltr'><strong>ut</strong></span> <span class='ocrx_word' id='word_1_275' title='bbox 1211 471 1359 505; x_wconf 84' lang='lat' dir='ltr'><strong>plurimum</strong></span> <span class='ocrx_word' id='word_1_276' title='bbox 1378 472 1497 506; x_wconf 83' lang='lat' dir='ltr'><strong>impetus</strong></span> <span class='ocrx_word' id='word_1_277' title='bbox 1518 472 1599 500; x_wconf 81' lang='lat' dir='ltr'><strong>habet</strong></span> <span class='ocrx_word' id='word_1_278' title='bbox 1620 473 1780 508; x_wconf 87' lang='lat' dir='ltr'><strong>insidiisque</strong></span> <span class='ocrx_word' id='word_1_279' title='bbox 1799 481 1861 509; x_wconf 85' lang='lat' dir='ltr'><strong>pcr-</strong></span> 
     </span>
    </p>
   </div>
   <div class='ocr_carea' id='block_1_39' title="bbox 1071 516 1860 555">
    <p class='ocr_par' dir='ltr' id='par_1_39' title="bbox 1071 516 1860 555">
     <span class='ocr_line' id='line_1_39' title="bbox 1071 516 1860 555; baseline 0.005 -12"><span class='ocrx_word' id='word_1_280' title='bbox 1071 517 1186 547; x_wconf 86' lang='lat' dir='ltr'><strong>simiies,</strong></span> <span class='ocrx_word' id='word_1_281' title='bbox 1201 517 1299 552; x_wconf 84' lang='lat' dir='ltr'><strong>partim</strong></span> <span class='ocrx_word' id='word_1_282' title='bbox 1313 522 1343 544; x_wconf 90' lang='lat' dir='ltr'><strong>ut</strong></span> <span class='ocrx_word' id='word_1_283' title='bbox 1355 516 1462 545; x_wconf 82' lang='lat' dir='ltr'><strong>facilius</strong></span> <span class='ocrx_word' id='word_1_284' title='bbox 1476 518 1570 550; x_wconf 86' lang='lat' dir='ltr'><strong>lateat,</strong></span> <span class='ocrx_word' id='word_1_285' title='bbox 1583 519 1681 553; x_wconf 85' lang='lat' dir='ltr'><strong>partim</strong></span> <span class='ocrx_word' id='word_1_286' title='bbox 1695 524 1723 547; x_wconf 89' lang='lat' dir='ltr'><strong>ut</strong></span> <span class='ocrx_word' id='word_1_287' title='bbox 1740 519 1860 555; x_wconf 86' lang='lat' dir='ltr'><strong>vi,quod</strong></span> 
     </span>
    </p>
   </div>
   <div class='ocr_carea' id='block_1_40' title="bbox 1070 563 1862 600">
    <p class='ocr_par' dir='ltr' id='par_1_40' title="bbox 1070 563 1862 600">
     <span class='ocr_line' id='line_1_40' title="bbox 1070 563 1862 600; baseline 0.006 -11"><span class='ocrx_word' id='word_1_288' title='bbox 1070 563 1122 590; x_wconf 86' lang='lat' dir='ltr'><strong>sibi</strong></span> <span class='ocrx_word' id='word_1_289' title='bbox 1137 564 1308 598; x_wconf 87' lang='lat' dir='ltr'><strong>propositum</strong></span> <span class='ocrx_word' id='word_1_290' title='bbox 1327 568 1380 595; x_wconf 87' lang='lat' dir='ltr'><strong>est,</strong></span> <span class='ocrx_word' id='word_1_291' title='bbox 1396 569 1569 599; x_wconf 79' lang='lat' dir='ltr'><strong>extorqueat.</strong></span> <span class='ocrx_word' id='word_1_292' title='bbox 1591 575 1600 590; x_wconf 78' lang='grc' dir='ltr'><strong>ι</strong></span> <span class='ocrx_word' id='word_1_293' title='bbox 1619 565 1651 592; x_wconf 85' lang='lat' dir='ltr'><strong>Et</strong></span> <span class='ocrx_word' id='word_1_294' title='bbox 1665 565 1759 600; x_wconf 77' lang='lat' dir='ltr'><strong>paucis</strong></span> <span class='ocrx_word' id='word_1_295' title='bbox 1776 566 1862 594; x_wconf 89' lang='lat' dir='ltr'><strong>inter-</strong></span> 
     </span>
    </p>
   </div>
   <div class='ocr_carea' id='block_1_41' title="bbox 1067 605 1859 645">
    <p class='ocr_par' dir='ltr' id='par_1_41' title="bbox 1067 605 1859 645">
     <span class='ocr_line' id='line_1_41' title="bbox 1067 605 1859 645; baseline 0.006 -11"><span class='ocrx_word' id='word_1_296' title='bbox 1067 609 1148 643; x_wconf 83' lang='lat' dir='ltr'><strong>jectis</strong></span> <span class='ocrx_word' id='word_1_297' title='bbox 1162 615 1186 634; x_wconf 74' lang='grc' dir='ltr'><strong>τι</strong></span> <span class='ocrx_word' id='word_1_298' title='bbox 1202 609 1290 644; x_wconf 86' lang='lat' dir='ltr'><strong>Atque</strong></span> <span class='ocrx_word' id='word_1_299' title='bbox 1306 609 1358 643; x_wconf 82' lang='lat' dir='ltr'><strong>his,</strong></span> <span class='ocrx_word' id='word_1_300' title='bbox 1383 610 1483 644; x_wconf 90' lang='lat' dir='ltr'><strong>inquit,</strong></span> <span class='ocrx_word' id='word_1_301' title='bbox 1501 605 1618 645; x_wconf 75' lang='lat' dir='ltr'><strong>aliisque</strong></span> <span class='ocrx_word' id='word_1_302' title='bbox 1639 611 1776 640; x_wconf 81' lang='lat' dir='ltr'><strong>similibus</strong></span> <span class='ocrx_word' id='word_1_303' title='bbox 1797 620 1859 639; x_wconf 82' lang='lat' dir='ltr'><strong>ma-</strong></span> 
     </span>
    </p>
   </div>
   <div class='ocr_carea' id='block_1_42' title="bbox 1070 654 1858 693">
    <p class='ocr_par' dir='ltr' id='par_1_42' title="bbox 1070 654 1858 693">
     <span class='ocr_line' id='line_1_42' title="bbox 1070 654 1858 693; baseline 0.006 -12"><span class='ocrx_word' id='word_1_304' title='bbox 1070 654 1214 683; x_wconf 87' lang='lat' dir='ltr'><strong>ehinandis</strong></span> <span class='ocrx_word' id='word_1_305' title='bbox 1238 655 1290 682; x_wconf 92' lang='lat' dir='ltr'><strong>hoc</strong></span> <span class='ocrx_word' id='word_1_306' title='bbox 1309 661 1472 690; x_wconf 84' lang='lat' dir='ltr'><strong>sequuntur,</strong></span> <span class='ocrx_word' id='word_1_307' title='bbox 1489 658 1528 683; x_wconf 85' lang='lat' dir='ltr'><strong>uti</strong></span> <span class='ocrx_word' id='word_1_308' title='bbox 1547 664 1597 684; x_wconf 81' lang='lat' dir='ltr'><strong>nos</strong></span> <span class='ocrx_word' id='word_1_309' title='bbox 1613 665 1627 683; x_wconf 91' lang='lat' dir='ltr'><strong>a</strong></span> <span class='ocrx_word' id='word_1_310' title='bbox 1647 661 1719 685; x_wconf 81' lang='lat' dir='ltr'><strong>recta</strong></span> <span class='ocrx_word' id='word_1_311' title='bbox 1735 666 1858 693; x_wconf 86' lang='lat' dir='ltr'><strong>sanaque</strong></span> 
     </span>
    </p>
   </div>
   <div class='ocr_carea' id='block_1_43' title="bbox 1069 700 1856 736">
    <p class='ocr_par' dir='ltr' id='par_1_43' title="bbox 1069 700 1856 736">
     <span class='ocr_line' id='line_1_43' title="bbox 1069 700 1856 736; baseline 0.006 -9"><span class='ocrx_word' id='word_1_312' title='bbox 1069 700 1103 727; x_wconf 88' lang='lat' dir='ltr'><strong>de</strong></span> <span class='ocrx_word' id='word_1_313' title='bbox 1121 701 1174 728; x_wconf 91' lang='lat' dir='ltr'><strong>diis</strong></span> <span class='ocrx_word' id='word_1_314' title='bbox 1190 701 1319 736; x_wconf 87' lang='lat' dir='ltr'><strong>opinione</strong></span> <span class='ocrx_word' id='word_1_315' title='bbox 1339 702 1459 729; x_wconf 91' lang='lat' dir='ltr'><strong>dimotos</strong></span> <span class='ocrx_word' id='word_1_316' title='bbox 1477 703 1510 729; x_wconf 90' lang='lat' dir='ltr'><strong>ad</strong></span> <span class='ocrx_word' id='word_1_317' title='bbox 1536 711 1597 730; x_wconf 87' lang='lat' dir='ltr'><strong>sese</strong></span> <span class='ocrx_word' id='word_1_318' title='bbox 1613 704 1769 731; x_wconf 87' lang='lat' dir='ltr'><strong>traducant.</strong></span> <span class='ocrx_word' id='word_1_319' title='bbox 1786 704 1856 732; x_wconf 83' lang='lat' dir='ltr'><strong>Nam</strong></span> 
     </span>
    </p>
   </div>
   <div class='ocr_carea' id='block_1_44' title="bbox 1069 746 1860 783">
    <p class='ocr_par' dir='ltr' id='par_1_44' title="bbox 1069 746 1860 783">
     <span class='ocr_line' id='line_1_44' title="bbox 1069 746 1860 783; baseline 0.005 -10"><span class='ocrx_word' id='word_1_320' title='bbox 1069 753 1131 773; x_wconf 92' lang='lat' dir='ltr'><strong>cum</strong></span> <span class='ocrx_word' id='word_1_321' title='bbox 1149 746 1209 774; x_wconf 88' lang='lat' dir='ltr'><strong>istis</strong></span> <span class='ocrx_word' id='word_1_322' title='bbox 1229 747 1369 780; x_wconf 87' lang='lat' dir='ltr'><strong>omnibus,</strong></span> <span class='ocrx_word' id='word_1_323' title='bbox 1393 748 1418 774; x_wconf 93' lang='lat' dir='ltr'><strong>in</strong></span> <span class='ocrx_word' id='word_1_324' title='bbox 1445 748 1545 783; x_wconf 89' lang='lat' dir='ltr'><strong>quibus</strong></span> <span class='ocrx_word' id='word_1_325' title='bbox 1562 749 1630 776; x_wconf 89' lang='lat' dir='ltr'><strong>nihil</strong></span> <span class='ocrx_word' id='word_1_326' title='bbox 1647 750 1811 778; x_wconf 58' lang='lat' dir='ltr'><strong>cohaerentis</strong></span> <span class='ocrx_word' id='word_1_327' title='bbox 1831 755 1860 778; x_wconf 91' lang='lat' dir='ltr'><strong>et</strong></span> 
     </span>
    </p>
   </div>
   <div class='ocr_carea' id='block_1_45' title="bbox 1070 795 1858 831">
    <p class='ocr_par' dir='ltr' id='par_1_45' title="bbox 1070 795 1858 831">
     <span class='ocr_line' id='line_1_45' title="bbox 1070 795 1858 831; baseline 0.005 -10"><span class='ocrx_word' id='word_1_328' title='bbox 1070 795 1248 822; x_wconf 83' lang='lat' dir='ltr'><strong>consentanei</strong></span> <span class='ocrx_word' id='word_1_329' title='bbox 1271 795 1317 828; x_wconf 86' lang='lat' dir='ltr'><strong>sit,</strong></span> <span class='ocrx_word' id='word_1_330' title='bbox 1340 796 1476 831; x_wconf 82' lang='lat' dir='ltr'><strong>praecipue</strong></span> <span class='ocrx_word' id='word_1_331' title='bbox 1497 797 1677 830; x_wconf 88' lang='lat' dir='ltr'><strong>delectentur,</strong></span> <span class='ocrx_word' id='word_1_332' title='bbox 1707 803 1765 826; x_wconf 80' lang='lat' dir='ltr'><strong>tum</strong></span> <span class='ocrx_word' id='word_1_333' title='bbox 1792 805 1858 825; x_wconf 84' lang='lat' dir='ltr'><strong>vero</strong></span> 
     </span>
    </p>
   </div>
   <div class='ocr_carea' id='block_1_46' title="bbox 1069 840 1857 877">
    <p class='ocr_par' dir='ltr' id='par_1_46' title="bbox 1069 840 1857 877">
     <span class='ocr_line' id='line_1_46' title="bbox 1069 840 1857 877; baseline 0.009 -12"><span class='ocrx_word' id='word_1_334' title='bbox 1069 840 1148 873; x_wconf 86' lang='lat' dir='ltr'><strong>quasi</strong></span> <span class='ocrx_word' id='word_1_335' title='bbox 1169 840 1284 867; x_wconf 86' lang='lat' dir='ltr'><strong>aliorum</strong></span> <span class='ocrx_word' id='word_1_336' title='bbox 1304 841 1417 868; x_wconf 88' lang='lat' dir='ltr'><strong>deorum</strong></span> <span class='ocrx_word' id='word_1_337' title='bbox 1432 842 1519 869; x_wconf 91' lang='lat' dir='ltr'><strong>induti</strong></span> <span class='ocrx_word' id='word_1_338' title='bbox 1542 850 1706 877; x_wconf 84' lang='lat' dir='ltr'><strong>personam,</strong></span> <span class='ocrx_word' id='word_1_339' title='bbox 1730 845 1857 872; x_wconf 83' lang='lat' dir='ltr'><strong>vecordia</strong></span> 
     </span>
    </p>
   </div>
   <div class='ocr_carea' id='block_1_47' title="bbox 1071 884 1859 921">
    <p class='ocr_par' dir='ltr' id='par_1_47' title="bbox 1071 884 1859 921">
     <span class='ocr_line' id='line_1_47' title="bbox 1071 884 1859 921; baseline 0.008 -10"><span class='ocrx_word' id='word_1_340' title='bbox 1071 884 1200 912; x_wconf 89' lang='lat' dir='ltr'><strong>fruuntur</strong></span> <span class='ocrx_word' id='word_1_341' title='bbox 1213 889 1318 917; x_wconf 82' lang='lat' dir='ltr'><strong>nostra,</strong></span> <span class='ocrx_word' id='word_1_342' title='bbox 1336 886 1443 921; x_wconf 89' lang='lat' dir='ltr'><strong>hocque</strong></span> <span class='ocrx_word' id='word_1_343' title='bbox 1459 887 1542 914; x_wconf 86' lang='lat' dir='ltr'><strong>veluti</strong></span> <span class='ocrx_word' id='word_1_344' title='bbox 1556 888 1694 915; x_wconf 90' lang='lat' dir='ltr'><strong>lenocinio</strong></span> <span class='ocrx_word' id='word_1_345' title='bbox 1705 889 1859 917; x_wconf 84' lang='lat' dir='ltr'><strong>multitudi-</strong></span> 
     </span>
    </p>
   </div>
   <div class='ocr_carea' id='block_1_48' title="bbox 1069 930 1857 967">
    <p class='ocr_par' dir='ltr' id='par_1_48' title="bbox 1069 930 1857 967">
     <span class='ocr_line' id='line_1_48' title="bbox 1069 930 1857 967; baseline 0.008 -11"><span class='ocrx_word' id='word_1_346' title='bbox 1069 937 1130 956; x_wconf 89' lang='lat' dir='ltr'><strong>nem</strong></span> <span class='ocrx_word' id='word_1_347' title='bbox 1138 930 1264 963; x_wconf 87' lang='lat' dir='ltr'><strong>illiciunt,</strong></span> <span class='ocrx_word' id='word_1_348' title='bbox 1277 931 1340 958; x_wconf 92' lang='lat' dir='ltr'><strong>dum</strong></span> <span class='ocrx_word' id='word_1_349' title='bbox 1349 932 1490 959; x_wconf 89' lang='lat' dir='ltr'><strong>hominum</strong></span> <span class='ocrx_word' id='word_1_350' title='bbox 1501 933 1663 967; x_wconf 87' lang='lat' dir='ltr'><strong>cupiditates</strong></span> <span class='ocrx_word' id='word_1_351' title='bbox 1676 933 1857 967; x_wconf 79' lang='lat' dir='ltr'><strong>inflammant,</strong></span> 
     </span>
    </p>
   </div>
   <div class='ocr_carea' id='block_1_49' title="bbox 1067 977 1853 1016">
    <p class='ocr_par' dir='ltr' id='par_1_49' title="bbox 1067 977 1853 1016">
     <span class='ocr_line' id='line_1_49' title="bbox 1067 977 1853 1016; baseline 0.009 -14"><span class='ocrx_word' id='word_1_352' title='bbox 1067 977 1166 1011; x_wconf 87' lang='lat' dir='ltr'><strong>partim</strong></span> <span class='ocrx_word' id='word_1_353' title='bbox 1184 978 1337 1011; x_wconf 84' lang='lat' dir='ltr'><strong>amoribus,</strong></span> <span class='ocrx_word' id='word_1_354' title='bbox 1355 979 1456 1013; x_wconf 82' lang='lat' dir='ltr'><strong>partim</strong></span> <span class='ocrx_word' id='word_1_355' title='bbox 1478 980 1646 1013; x_wconf 80' lang='lat' dir='ltr'><strong>divitiarum,</strong></span> <span class='ocrx_word' id='word_1_356' title='bbox 1662 981 1853 1016; x_wconf 88' lang='lat' dir='ltr'><strong>imperiorum,</strong></span> 
     </span>
    </p>
   </div>
   <div class='ocr_carea' id='block_1_50' title="bbox 1067 1023 1857 1061">
    <p class='ocr_par' dir='ltr' id='par_1_50' title="bbox 1067 1023 1857 1061">
     <span class='ocr_line' id='line_1_50' title="bbox 1067 1023 1857 1061; baseline 0.009 -12"><span class='ocrx_word' id='word_1_357' title='bbox 1067 1023 1235 1057; x_wconf 82' lang='lat' dir='ltr'><strong>voluptatum</strong></span> <span class='ocrx_word' id='word_1_358' title='bbox 1250 1025 1414 1058; x_wconf 87' lang='lat' dir='ltr'><strong>appetentia,</strong></span> <span class='ocrx_word' id='word_1_359' title='bbox 1435 1025 1533 1059; x_wconf 82' lang='lat' dir='ltr'><strong>partim</strong></span> <span class='ocrx_word' id='word_1_360' title='bbox 1551 1026 1670 1061; x_wconf 88' lang='lat' dir='ltr'><strong>denique</strong></span> <span class='ocrx_word' id='word_1_361' title='bbox 1681 1032 1748 1055; x_wconf 71' lang='lat' dir='ltr'><strong>testu</strong></span> <span class='ocrx_word' id='word_1_362' title='bbox 1767 1028 1857 1056; x_wconf 79' lang='lat' dir='ltr'><strong>inanis</strong></span> 
     </span>
    </p>
   </div>
   <div class='ocr_carea' id='block_1_51' title="bbox 1067 1070 1857 1110">
    <p class='ocr_par' dir='ltr' id='par_1_51' title="bbox 1067 1070 1857 1110">
     <span class='ocr_line' id='line_1_51' title="bbox 1067 1070 1857 1110; baseline 0.009 -14"><span class='ocrx_word' id='word_1_363' title='bbox 1067 1070 1159 1104; x_wconf 70' lang='lat' dir='ltr'><strong>gloria:</strong></span> <span class='ocrx_word' id='word_1_364' title='bbox 1175 1078 1181 1095; x_wconf 93' lang='lat'>:</span> <span class='ocrx_word' id='word_1_365' title='bbox 1198 1071 1269 1097; x_wconf 91' lang='lat' dir='ltr'><strong>unde</strong></span> <span class='ocrx_word' id='word_1_366' title='bbox 1283 1072 1442 1103; x_wconf 85' lang='lat' dir='ltr'><strong>seditiones,</strong></span> <span class='ocrx_word' id='word_1_367' title='bbox 1464 1073 1545 1103; x_wconf 85' lang='lat' dir='ltr'><strong>bella,</strong></span> <span class='ocrx_word' id='word_1_368' title='bbox 1561 1077 1643 1108; x_wconf 88' lang='lat' dir='ltr'><strong>atque</strong></span> <span class='ocrx_word' id='word_1_369' title='bbox 1662 1074 1688 1101; x_wconf 91' lang='lat' dir='ltr'><strong>id</strong></span> <span class='ocrx_word' id='word_1_370' title='bbox 1704 1082 1791 1110; x_wconf 86' lang='lat' dir='ltr'><strong>genus</strong></span> <span class='ocrx_word' id='word_1_371' title='bbox 1804 1084 1857 1103; x_wconf 64' lang='lat' dir='ltr'><strong>cm—</strong></span> 
     </span>
    </p>
   </div>
   <div class='ocr_carea' id='block_1_52' title="bbox 1066 1116 1857 1157">
    <p class='ocr_par' dir='ltr' id='par_1_52' title="bbox 1066 1116 1857 1157">
     <span class='ocr_line' id='line_1_52' title="bbox 1066 1116 1857 1157; baseline 0.008 -15"><span class='ocrx_word' id='word_1_372' title='bbox 1066 1120 1124 1142; x_wconf 88' lang='lat' dir='ltr'><strong>tera</strong></span> <span class='ocrx_word' id='word_1_373' title='bbox 1134 1116 1208 1143; x_wconf 87' lang='lat' dir='ltr'><strong>nasci</strong></span> <span class='ocrx_word' id='word_1_374' title='bbox 1225 1117 1323 1144; x_wconf 85' lang='lat' dir='ltr'><strong>solent.</strong></span> <span class='ocrx_word' id='word_1_375' title='bbox 1340 1117 1474 1153; x_wconf 80' lang='lat' dir='ltr'><strong>Quodque</strong></span> <span class='ocrx_word' id='word_1_376' title='bbox 1491 1119 1615 1146; x_wconf 90' lang='lat' dir='ltr'><strong>omnium</strong></span> <span class='ocrx_word' id='word_1_377' title='bbox 1631 1120 1711 1155; x_wconf 78' lang='lat' dir='ltr'><strong>longe</strong></span> <span class='ocrx_word' id='word_1_378' title='bbox 1725 1121 1857 1157; x_wconf 75' lang='lat' dir='ltr'><strong>indignis-</strong></span> 
     </span>
    </p>
   </div>
   <div class='ocr_carea' id='block_1_53' title="bbox 1065 1162 1856 1199">
    <p class='ocr_par' dir='ltr' id='par_1_53' title="bbox 1065 1162 1856 1199">
     <span class='ocr_line' id='line_1_53' title="bbox 1065 1162 1856 1199; baseline 0.009 -11"><span class='ocrx_word' id='word_1_379' title='bbox 1065 1162 1164 1189; x_wconf 92' lang='lat' dir='ltr'><strong>simum</strong></span> <span class='ocrx_word' id='word_1_380' title='bbox 1180 1167 1232 1194; x_wconf 89' lang='lat' dir='ltr'><strong>est,</strong></span> <span class='ocrx_word' id='word_1_381' title='bbox 1245 1164 1358 1198; x_wconf 81' lang='lat' dir='ltr'><strong>gradum</strong></span> <span class='ocrx_word' id='word_1_382' title='bbox 1371 1172 1404 1191; x_wconf 75' lang='lat' dir='ltr'><strong>ex</strong></span> <span class='ocrx_word' id='word_1_383' title='bbox 1422 1165 1466 1192; x_wconf 92' lang='lat' dir='ltr'><strong>his</strong></span> <span class='ocrx_word' id='word_1_384' title='bbox 1482 1172 1563 1199; x_wconf 91' lang='lat' dir='ltr'><strong>porro</strong></span> <span class='ocrx_word' id='word_1_385' title='bbox 1578 1165 1698 1198; x_wconf 82' lang='lat' dir='ltr'><strong>faciunt,</strong></span> <span class='ocrx_word' id='word_1_386' title='bbox 1711 1175 1743 1195; x_wconf 88' lang='lat' dir='ltr'><strong>ac</strong></span> <span class='ocrx_word' id='word_1_387' title='bbox 1755 1168 1856 1195; x_wconf 75' lang='lat' dir='ltr'><strong>similia</strong></span> 
     </span>
    </p>
   </div>
   <div class='ocr_carea' id='block_1_54' title="bbox 1065 1207 1855 1248">
    <p class='ocr_par' dir='ltr' id='par_1_54' title="bbox 1065 1207 1855 1248">
     <span class='ocr_line' id='line_1_54' title="bbox 1065 1207 1855 1248; baseline 0.006 -14"><span class='ocrx_word' id='word_1_388' title='bbox 1065 1207 1145 1235; x_wconf 81' lang='lat' dir='ltr'><strong>facile</strong></span> <span class='ocrx_word' id='word_1_389' title='bbox 1158 1211 1191 1236; x_wconf 89' lang='lat' dir='ltr'><strong>de</strong></span> <span class='ocrx_word' id='word_1_390' title='bbox 1205 1211 1321 1236; x_wconf 89' lang='lat' dir='ltr'><strong>summis</strong></span> <span class='ocrx_word' id='word_1_391' title='bbox 1333 1218 1443 1245; x_wconf 89' lang='lat' dir='ltr'><strong>quoque</strong></span> <span class='ocrx_word' id='word_1_392' title='bbox 1456 1210 1509 1238; x_wconf 83' lang='lat' dir='ltr'><strong>diis</strong></span> <span class='ocrx_word' id='word_1_393' title='bbox 1521 1212 1695 1245; x_wconf 80' lang='lat' dir='ltr'><strong>persuadent,</strong></span> <span class='ocrx_word' id='word_1_394' title='bbox 1711 1221 1797 1248; x_wconf 91' lang='lat' dir='ltr'><strong>usque</strong></span> <span class='ocrx_word' id='word_1_395' title='bbox 1812 1222 1855 1247; x_wconf 76' lang='lat' dir='ltr'><strong>co,</strong></span> 
     </span>
    </p>
   </div>
   <div class='ocr_carea' id='block_1_55' title="bbox 1065 1253 1857 1294">
    <p class='ocr_par' dir='ltr' id='par_1_55' title="bbox 1065 1253 1857 1294">
     <span class='ocr_line' id='line_1_55' title="bbox 1065 1253 1857 1294; baseline 0.01 -15"><span class='ocrx_word' id='word_1_396' title='bbox 1065 1258 1095 1279; x_wconf 93' lang='lat' dir='ltr'><strong>ut</strong></span> <span class='ocrx_word' id='word_1_397' title='bbox 1110 1253 1193 1280; x_wconf 88' lang='lat' dir='ltr'><strong>Deum</strong></span> <span class='ocrx_word' id='word_1_398' title='bbox 1207 1255 1289 1282; x_wconf 86' lang='lat' dir='ltr'><strong>etiam</strong></span> <span class='ocrx_word' id='word_1_399' title='bbox 1301 1256 1435 1289; x_wconf 84' lang='lat' dir='ltr'><strong>optimum</strong></span> <span class='ocrx_word' id='word_1_400' title='bbox 1452 1256 1548 1283; x_wconf 77' lang='lat' dir='ltr'><strong>iisdem</strong></span> <span class='ocrx_word' id='word_1_401' title='bbox 1564 1258 1727 1286; x_wconf 84' lang='lat' dir='ltr'><strong>criminibus</strong></span> <span class='ocrx_word' id='word_1_402' title='bbox 1736 1260 1857 1294; x_wconf 81' lang='lat' dir='ltr'><strong>probris-</strong></span> 
     </span>
    </p>
   </div>
   <div class='ocr_carea' id='block_1_56' title="bbox 1065 1301 1855 1338">
    <p class='ocr_par' dir='ltr' id='par_1_56' title="bbox 1065 1301 1855 1338">
     <span class='ocr_line' id='line_1_56' title="bbox 1065 1301 1855 1338; baseline 0.009 -12"><span class='ocrx_word' id='word_1_403' title='bbox 1065 1307 1117 1334; x_wconf 90' lang='lat' dir='ltr'><strong>que</strong></span> <span class='ocrx_word' id='word_1_404' title='bbox 1137 1301 1284 1335; x_wconf 73' lang='lat' dir='ltr'><strong>sub‘jieiant</strong></span> <span class='ocrx_word' id='word_1_405' title='bbox 1299 1311 1305 1328; x_wconf 89' lang='lat'><strong>:</strong></span> <span class='ocrx_word' id='word_1_406' title='bbox 1322 1310 1377 1336; x_wconf 89' lang='lat' dir='ltr'><strong>quo</strong></span> <span class='ocrx_word' id='word_1_407' title='bbox 1392 1311 1446 1330; x_wconf 89' lang='lat' dir='ltr'><strong>uno</strong></span> <span class='ocrx_word' id='word_1_408' title='bbox 1466 1304 1617 1338; x_wconf 67' lang='lat' dir='ltr'><strong>prmsertim</strong></span> <span class='ocrx_word' id='word_1_409' title='bbox 1637 1305 1729 1332; x_wconf 83' lang='lat' dir='ltr'><strong>omnia</strong></span> <span class='ocrx_word' id='word_1_410' title='bbox 1746 1314 1855 1333; x_wconf 87' lang='lat' dir='ltr'><strong>sursum</strong></span> 
     </span>
    </p>
   </div>
   <div class='ocr_carea' id='block_1_57' title="bbox 1065 1346 1856 1383">
    <p class='ocr_par' dir='ltr' id='par_1_57' title="bbox 1065 1346 1856 1383">
     <span class='ocr_line' id='line_1_57' title="bbox 1065 1346 1856 1383; baseline 0.009 -11"><span class='ocrx_word' id='word_1_411' title='bbox 1065 1353 1097 1373; x_wconf 86' lang='lat' dir='ltr'><strong>ac</strong></span> <span class='ocrx_word' id='word_1_412' title='bbox 1111 1346 1238 1382; x_wconf 74' lang='lat' dir='ltr'><strong>deorsum</strong></span> <span class='ocrx_word' id='word_1_413' title='bbox 1256 1352 1315 1374; x_wconf 83' lang='lat' dir='ltr'><strong>acta</strong></span> <span class='ocrx_word' id='word_1_414' title='bbox 1328 1348 1499 1383; x_wconf 88' lang='lat' dir='ltr'><strong>confusaque</strong></span> <span class='ocrx_word' id='word_1_415' title='bbox 1516 1358 1578 1378; x_wconf 86' lang='lat' dir='ltr'><strong>esse</strong></span> <span class='ocrx_word' id='word_1_416' title='bbox 1595 1351 1684 1378; x_wconf 89' lang='lat' dir='ltr'><strong>aiunt.</strong></span> <span class='ocrx_word' id='word_1_417' title='bbox 1710 1351 1856 1379; x_wconf 87' lang='lat' dir='ltr'><strong>Enimvero</strong></span> 
     </span>
    </p>
   </div>
   <div class='ocr_carea' id='block_1_58' title="bbox 1064 1393 1855 1432">
    <p class='ocr_par' dir='ltr' id='par_1_58' title="bbox 1064 1393 1855 1432">
     <span class='ocr_line' id='line_1_58' title="bbox 1064 1393 1855 1432; baseline 0.009 -14"><span class='ocrx_word' id='word_1_418' title='bbox 1064 1399 1119 1419; x_wconf 89' lang='lat' dir='ltr'><strong>non</strong></span> <span class='ocrx_word' id='word_1_419' title='bbox 1145 1393 1244 1420; x_wconf 87' lang='lat' dir='ltr'><strong>idiotas</strong></span> <span class='ocrx_word' id='word_1_420' title='bbox 1264 1394 1362 1426; x_wconf 88' lang='lat' dir='ltr'><strong>modo,</strong></span> <span class='ocrx_word' id='word_1_421' title='bbox 1381 1396 1427 1422; x_wconf 85' lang='lat' dir='ltr'><strong>scd</strong></span> <span class='ocrx_word' id='word_1_422' title='bbox 1449 1397 1531 1423; x_wconf 88' lang='lat' dir='ltr'><strong>etiam</strong></span> <span class='ocrx_word' id='word_1_423' title='bbox 1555 1397 1780 1432; x_wconf 87' lang='lat' dir='ltr'><strong>philosophorum</strong></span> <span class='ocrx_word' id='word_1_424' title='bbox 1800 1407 1855 1425; x_wconf 86' lang='lat' dir='ltr'><strong>non</strong></span> 
     </span>
    </p>
   </div>
   <div class='ocr_carea' id='block_1_59' title="bbox 1064 1440 1855 1477">
    <p class='ocr_par' dir='ltr' id='par_1_59' title="bbox 1064 1440 1855 1477">
     <span class='ocr_line' id='line_1_59' title="bbox 1064 1440 1855 1477; baseline 0.008 -12"><span class='ocrx_word' id='word_1_425' title='bbox 1064 1447 1167 1474; x_wconf 82' lang='lat' dir='ltr'><strong>paucos</strong></span> <span class='ocrx_word' id='word_1_426' title='bbox 1185 1440 1229 1467; x_wconf 88' lang='lat' dir='ltr'><strong>hic</strong></span> <span class='ocrx_word' id='word_1_427' title='bbox 1243 1441 1355 1468; x_wconf 82' lang='lat' dir='ltr'><strong>morbus</strong></span> <span class='ocrx_word' id='word_1_428' title='bbox 1378 1441 1495 1474; x_wconf 85' lang='lat' dir='ltr'><strong>invasit;</strong></span> <span class='ocrx_word' id='word_1_429' title='bbox 1518 1445 1600 1477; x_wconf 89' lang='lat' dir='ltr'><strong>atque</strong></span> <span class='ocrx_word' id='word_1_430' title='bbox 1622 1443 1658 1470; x_wconf 84' lang='lat' dir='ltr'><strong>ita</strong></span> <span class='ocrx_word' id='word_1_431' title='bbox 1682 1444 1803 1477; x_wconf 90' lang='lat' dir='ltr'><strong>quidem,</strong></span> <span class='ocrx_word' id='word_1_432' title='bbox 1825 1447 1855 1471; x_wconf 90' lang='lat' dir='ltr'><strong>ut</strong></span> 
     </span>
    </p>
   </div>
   <div class='ocr_carea' id='block_1_60' title="bbox 1065 1485 1857 1522">
    <p class='ocr_par' dir='ltr' id='par_1_60' title="bbox 1065 1485 1857 1522">
     <span class='ocr_line' id='line_1_60' title="bbox 1065 1485 1857 1522; baseline 0.008 -11"><span class='ocrx_word' id='word_1_433' title='bbox 1065 1485 1116 1511; x_wconf 83' lang='lat' dir='ltr'><strong>sibi</strong></span> <span class='ocrx_word' id='word_1_434' title='bbox 1134 1490 1229 1512; x_wconf 88' lang='lat' dir='ltr'><strong>mutuo</strong></span> <span class='ocrx_word' id='word_1_435' title='bbox 1241 1487 1349 1513; x_wconf 88' lang='lat' dir='ltr'><strong>errandi</strong></span> <span class='ocrx_word' id='word_1_436' title='bbox 1369 1487 1542 1514; x_wconf 74' lang='lat' dir='ltr'><strong>occasionem</strong></span> <span class='ocrx_word' id='word_1_437' title='bbox 1565 1488 1727 1522; x_wconf 67' lang='lat' dir='ltr'><strong>praeberent.</strong></span> <span class='ocrx_word' id='word_1_438' title='bbox 1746 1489 1813 1517; x_wconf 87' lang='lat' dir='ltr'><strong>Nam</strong></span> <span class='ocrx_word' id='word_1_439' title='bbox 1826 1496 1857 1517; x_wconf 87' lang='lat' dir='ltr'><strong>ut</strong></span> 
     </span>
    </p>
   </div>
   <div class='ocr_carea' id='block_1_61' title="bbox 1065 1530 1854 1565">
    <p class='ocr_par' dir='ltr' id='par_1_61' title="bbox 1065 1530 1854 1565">
     <span class='ocr_line' id='line_1_61' title="bbox 1065 1530 1854 1565; baseline 0.01 -10"><span class='ocrx_word' id='word_1_440' title='bbox 1065 1530 1111 1564; x_wconf 85' lang='lat' dir='ltr'><strong>qui</strong></span> <span class='ocrx_word' id='word_1_441' title='bbox 1136 1538 1168 1557; x_wconf 82' lang='lat' dir='ltr'><strong>ex</strong></span> <span class='ocrx_word' id='word_1_442' title='bbox 1187 1531 1357 1565; x_wconf 83' lang='lat' dir='ltr'><strong>philosophis</strong></span> <span class='ocrx_word' id='word_1_443' title='bbox 1378 1539 1439 1558; x_wconf 87' lang='lat' dir='ltr'><strong>sese</strong></span> <span class='ocrx_word' id='word_1_444' title='bbox 1457 1532 1548 1560; x_wconf 91' lang='lat' dir='ltr'><strong>minus</strong></span> <span class='ocrx_word' id='word_1_445' title='bbox 1569 1535 1708 1561; x_wconf 84' lang='lat' dir='ltr'><strong>communi</strong></span> <span class='ocrx_word' id='word_1_446' title='bbox 1731 1535 1766 1562; x_wconf 84' lang='lat' dir='ltr'><strong>ab</strong></span> <span class='ocrx_word' id='word_1_447' title='bbox 1788 1540 1854 1563; x_wconf 62' lang='lat' dir='ltr'><strong>mstu</strong></span> 
     </span>
    </p>
   </div>
   <div class='ocr_carea' id='block_1_62' title="bbox 224 1564 1013 1613">
    <p class='ocr_par' dir='ltr' id='par_1_62' title="bbox 224 1564 1010 1605">
     <span class='ocr_line' id='line_1_62' title="bbox 224 1564 1010 1605; baseline 0.014 -15"><span class='ocrx_word' id='word_1_448' title='bbox 224 1564 361 1599; x_wconf 84' lang='grc' dir='ltr'>βλάπτειν.</span> <span class='ocrx_word' id='word_1_449' title='bbox 378 1567 550 1595; x_wconf 71' lang='grc' dir='ltr'>Δικαιότατον</span> <span class='ocrx_word' id='word_1_450' title='bbox 565 1569 596 1605; x_wconf 83' lang='grc' dir='ltr'><strong>δή</strong></span> <span class='ocrx_word' id='word_1_451' title='bbox 610 1579 660 1596; x_wconf 80' lang='grc' dir='ltr'><strong>που</strong></span> <span class='ocrx_word' id='word_1_452' title='bbox 674 1573 753 1605; x_wconf 69' lang='grc' dir='ltr'>φύσει</span> <span class='ocrx_word' id='word_1_453' title='bbox 769 1572 876 1599; x_wconf 75' lang='grc' dir='ltr'>πάντων</span> <span class='ocrx_word' id='word_1_454' title='bbox 885 1575 913 1601; x_wconf 86' lang='grc' dir='ltr'>τὸ</span> <span class='ocrx_word' id='word_1_455' title='bbox 925 1574 1010 1601; x_wconf 83' lang='grc' dir='ltr'>Θεῖον’</span> 
     </span>
    </p>
   </div>
   <div class='ocr_carea' id='block_1_63' title="bbox 1065 1564 1856 1613">
    <p class='ocr_par' dir='ltr' id='par_1_63' title="bbox 1065 1564 1856 1613">
     <span class='ocr_line' id='line_1_63' title="bbox 1065 1564 1856 1613; baseline 0.009 -11"><span class='ocrx_word' id='word_1_456' title='bbox 1065 1575 1259 1608; x_wconf 83' lang='lat' dir='ltr'><strong>subducerent,</strong></span> <span class='ocrx_word' id='word_1_457' title='bbox 1280 1564 1307 1603; x_wconf 85' lang='lat' dir='ltr'><strong>in</strong></span> <span class='ocrx_word' id='word_1_458' title='bbox 1323 1577 1444 1604; x_wconf 80' lang='lat' dir='ltr'><strong>eamdem</strong></span> <span class='ocrx_word' id='word_1_459' title='bbox 1463 1586 1524 1605; x_wconf 90' lang='lat' dir='ltr'><strong>cum</strong></span> <span class='ocrx_word' id='word_1_460' title='bbox 1541 1579 1665 1613; x_wconf 89' lang='lat' dir='ltr'><strong>imperita</strong></span> <span class='ocrx_word' id='word_1_461' title='bbox 1681 1581 1856 1609; x_wconf 80' lang='lat' dir='ltr'><strong>multitudine</strong></span> 
     </span>
    </p>
   </div>
   <div class='ocr_carea' id='block_1_64' title="bbox 222 1610 1013 1652">
    <p class='ocr_par' dir='ltr' id='par_1_64' title="bbox 222 1610 1013 1652">
     <span class='ocr_line' id='line_1_64' title="bbox 222 1610 1013 1652; baseline 0.011 -15"><span class='ocrx_word' id='word_1_462' title='bbox 222 1610 284 1637; x_wconf 69' lang='grc' dir='ltr'>ἐπεὶ</span> <span class='ocrx_word' id='word_1_463' title='bbox 296 1612 349 1638; x_wconf 66' lang='grc' dir='ltr'>οὐδ’</span> <span class='ocrx_word' id='word_1_464' title='bbox 364 1612 396 1639; x_wconf 85' lang='grc' dir='ltr'>ἂν</span> <span class='ocrx_word' id='word_1_465' title='bbox 409 1611 442 1648; x_wconf 84' lang='grc' dir='ltr'>ἧν</span> <span class='ocrx_word' id='word_1_466' title='bbox 458 1614 543 1640; x_wconf 77' lang='grc' dir='ltr'>Θεῐον.</span> <span class='ocrx_word' id='word_1_467' title='bbox 560 1615 663 1642; x_wconf 75' lang='grc' dir='ltr'>Οὐκοῦν</span> <span class='ocrx_word' id='word_1_468' title='bbox 675 1616 880 1652; x_wconf 77' lang='grc' dir='ltr'>ἀποτετμῆσθαι</span> <span class='ocrx_word' id='word_1_469' title='bbox 895 1619 935 1645; x_wconf 85' lang='grc' dir='ltr'>δεῖ</span> <span class='ocrx_word' id='word_1_470' title='bbox 946 1620 1013 1646; x_wconf 78' lang='grc' dir='ltr'>ταύ-</span> 
     </span>
    </p>
   </div>
   <div class='ocr_carea' id='block_1_65' title="bbox 222 1657 1013 1701">
    <p class='ocr_par' dir='ltr' id='par_1_65' title="bbox 222 1657 1013 1701">
     <span class='ocr_line' id='line_1_65' title="bbox 222 1657 1013 1701; baseline 0.015 -20"><span class='ocrx_word' id='word_1_471' title='bbox 222 1664 272 1691; x_wconf 82' lang='grc' dir='ltr'>την</span> <span class='ocrx_word' id='word_1_472' title='bbox 286 1657 334 1692; x_wconf 79' lang='grc' dir='ltr'>τὴν</span> <span class='ocrx_word' id='word_1_473' title='bbox 351 1657 462 1693; x_wconf 78' lang='grc' dir='ltr'>δύναμιν</span> <span class='ocrx_word' id='word_1_474' title='bbox 481 1660 527 1685; x_wconf 74' lang='grc' dir='ltr'>καὶ</span> <span class='ocrx_word' id='word_1_475' title='bbox 547 1662 642 1696; x_wconf 83' lang='grc' dir='ltr'>μοῖραν</span> <span class='ocrx_word' id='word_1_476' title='bbox 656 1661 709 1688; x_wconf 83' lang='grc' dir='ltr'>τῶν</span> <span class='ocrx_word' id='word_1_477' title='bbox 726 1663 902 1699; x_wconf 70' lang='grc' dir='ltr'>ἀγαθοεργῶν</span> <span class='ocrx_word' id='word_1_478' title='bbox 919 1666 1013 1701; x_wconf 78' lang='grc' dir='ltr'>δαιμό-</span> 
     </span>
    </p>
   </div>
   <div class='ocr_carea' id='block_1_66' title="bbox 221 1703 1011 1748">
    <p class='ocr_par' dir='ltr' id='par_1_66' title="bbox 221 1703 1011 1748">
     <span class='ocr_line' id='line_1_66' title="bbox 221 1703 1011 1748; baseline 0.015 -21"><span class='ocrx_word' id='word_1_479' title='bbox 221 1710 285 1728; x_wconf 87' lang='grc' dir='ltr'>νων.</span> <span class='ocrx_word' id='word_1_480' title='bbox 313 1703 344 1729; x_wconf 84' lang='grc' dir='ltr'>Ἠ</span> <span class='ocrx_word' id='word_1_481' title='bbox 367 1704 421 1739; x_wconf 81' lang='grc' dir='ltr'><strong>γὰρ</strong></span> <span class='ocrx_word' id='word_1_482' title='bbox 442 1704 569 1739; x_wconf 78' lang='grc' dir='ltr'>βλάπτειν</span> <span class='ocrx_word' id='word_1_483' title='bbox 593 1709 730 1741; x_wconf 74' lang='grc' dir='ltr'>πεφυκυῖα</span> <span class='ocrx_word' id='word_1_484' title='bbox 749 1718 777 1735; x_wconf 87' lang='grc' dir='ltr'><strong>τε</strong></span> <span class='ocrx_word' id='word_1_485' title='bbox 798 1712 844 1737; x_wconf 81' lang='grc' dir='ltr'>καὶ</span> <span class='ocrx_word' id='word_1_486' title='bbox 864 1711 1011 1748; x_wconf 71' lang='grc' dir='ltr'>βουλομένη</span> 
     </span>
    </p>
   </div>
   <div class='ocr_carea' id='block_1_67' title="bbox 223 1746 1012 1791">
    <p class='ocr_par' dir='ltr' id='par_1_67' title="bbox 223 1746 1012 1791">
     <span class='ocr_line' id='line_1_67' title="bbox 223 1746 1012 1791; baseline 0.014 -18"><span class='ocrx_word' id='word_1_487' title='bbox 223 1746 332 1775; x_wconf 75' lang='grc' dir='ltr'>ἐναντία</span> <span class='ocrx_word' id='word_1_488' title='bbox 353 1751 385 1785; x_wconf 86' lang='grc' dir='ltr'><strong>τῇ</strong></span> <span class='ocrx_word' id='word_1_489' title='bbox 407 1751 581 1787; x_wconf 70' lang='grc' dir='ltr'>ἀγαθοεργῷ·</span> <span class='ocrx_word' id='word_1_490' title='bbox 597 1753 631 1779; x_wconf 77' lang='grc' dir='ltr'><strong>τὰ</strong></span> <span class='ocrx_word' id='word_1_491' title='bbox 653 1754 676 1779; x_wconf 80' lang='grc' dir='ltr'>δ’</span> <span class='ocrx_word' id='word_1_492' title='bbox 697 1755 805 1781; x_wconf 75' lang='grc' dir='ltr'>ἐναντία</span> <span class='ocrx_word' id='word_1_493' title='bbox 827 1757 890 1791; x_wconf 74' lang='grc' dir='ltr'>περὶ</span> <span class='ocrx_word' id='word_1_494' title='bbox 902 1757 932 1783; x_wconf 79' lang='grc' dir='ltr'>τὸ</span> <span class='ocrx_word' id='word_1_495' title='bbox 947 1758 1012 1784; x_wconf 69' lang='grc' dir='ltr'>αὐτὸ</span> 
     </span>
    </p>
   </div>
   <div class='ocr_carea' id='block_1_68' title="bbox 223 1794 1011 1838">
    <p class='ocr_par' dir='ltr' id='par_1_68' title="bbox 223 1794 1011 1838">
     <span class='ocr_line' id='line_1_68' title="bbox 223 1794 1011 1838; baseline 0.014 -19"><span class='ocrx_word' id='word_1_496' title='bbox 223 1794 273 1820; x_wconf 74' lang='grc' dir='ltr'>οὐκ</span> <span class='ocrx_word' id='word_1_497' title='bbox 292 1794 323 1821; x_wconf 82' lang='grc' dir='ltr'><strong>ἀν</strong></span> <span class='ocrx_word' id='word_1_498' title='bbox 342 1804 406 1822; x_wconf 81' lang='grc' dir='ltr'>ποτε</span> <span class='ocrx_word' id='word_1_499' title='bbox 427 1797 539 1831; x_wconf 80' lang='grc' dir='ltr'>γένοιτο.</span> <span class='ocrx_word' id='word_1_500' title='bbox 551 1800 621 1826; x_wconf 76' lang='grc' dir='ltr'><strong>»Καὶ</strong></span> <span class='ocrx_word' id='word_1_501' title='bbox 644 1798 737 1832; x_wconf 69' lang='grc' dir='ltr'>αὖθις·</span> <span class='ocrx_word' id='word_1_502' title='bbox 758 1811 767 1826; x_wconf 76' lang='grc' dir='ltr'><strong>ι</strong></span> <span class='ocrx_word' id='word_1_503' title='bbox 785 1801 833 1828; x_wconf 73' lang='grc' dir='ltr'>Διά</span> <span class='ocrx_word' id='word_1_504' title='bbox 848 1802 939 1837; x_wconf 73' lang='grc' dir='ltr'>μέντοι</span> <span class='ocrx_word' id='word_1_505' title='bbox 955 1803 1011 1838; x_wconf 75' lang='grc'>(58)</span> 
     </span>
    </p>
   </div>
   <div class='ocr_carea' id='block_1_69' title="bbox 223 1840 1012 1881">
    <p class='ocr_par' dir='ltr' id='par_1_69' title="bbox 223 1840 1012 1881">
     <span class='ocr_line' id='line_1_69' title="bbox 223 1840 1012 1881; baseline 0.014 -16"><span class='ocrx_word' id='word_1_506' title='bbox 223 1840 277 1866; x_wconf 83' lang='grc' dir='ltr'>τῶν</span> <span class='ocrx_word' id='word_1_507' title='bbox 291 1842 417 1869; x_wconf 82' lang='grc' dir='ltr'>ἐναντίων</span> <span class='ocrx_word' id='word_1_508' title='bbox 435 1844 510 1879; x_wconf 76' lang='grc' dir='ltr'>καὶὴ</span> <span class='ocrx_word' id='word_1_509' title='bbox 528 1846 601 1871; x_wconf 81' lang='grc' dir='ltr'>πᾶσα</span> <span class='ocrx_word' id='word_1_510' title='bbox 619 1847 730 1881; x_wconf 82' lang='grc' dir='ltr'>γοητεία</span> <span class='ocrx_word' id='word_1_511' title='bbox 752 1848 915 1875; x_wconf 83' lang='grc' dir='ltr'>ἐπιτελεῖται</span> <span class='ocrx_word' id='word_1_512' title='bbox 927 1857 934 1864; x_wconf 73' lang='grc'><strong>⁸</strong></span> <span class='ocrx_word' id='word_1_513' title='bbox 949 1850 1012 1876; x_wconf 87' lang='grc' dir='ltr'>τού-</span> 
     </span>
    </p>
   </div>
   <div class='ocr_carea' id='block_1_70' title="bbox 223 1886 1012 1927">
    <p class='ocr_par' dir='ltr' id='par_1_70' title="bbox 223 1886 1012 1927">
     <span class='ocr_line' id='line_1_70' title="bbox 223 1886 1012 1927; baseline 0.013 -16"><span class='ocrx_word' id='word_1_514' title='bbox 223 1894 286 1918; x_wconf 83' lang='grc' dir='ltr'>τους</span> <span class='ocrx_word' id='word_1_515' title='bbox 301 1886 354 1922; x_wconf 67' lang='grc' dir='ltr'>γὲιρ</span> <span class='ocrx_word' id='word_1_516' title='bbox 378 1888 504 1922; x_wconf 75' lang='grc' dir='ltr'>μάλιστα,</span> <span class='ocrx_word' id='word_1_517' title='bbox 527 1891 573 1917; x_wconf 82' lang='grc' dir='ltr'><strong>καὶ</strong></span> <span class='ocrx_word' id='word_1_518' title='bbox 587 1891 632 1917; x_wconf 82' lang='grc' dir='ltr'>τὸν</span> <span class='ocrx_word' id='word_1_519' title='bbox 649 1893 808 1927; x_wconf 78' lang='grc' dir='ltr'>προεστῶτα</span> <span class='ocrx_word' id='word_1_520' title='bbox 831 1894 919 1920; x_wconf 71' lang='grc' dir='ltr'>αὐτῶν</span> <span class='ocrx_word' id='word_1_521' title='bbox 940 1896 1012 1922; x_wconf 69' lang='grc' dir='ltr'>ἐκτιο</span> 
     </span>
    </p>
   </div>
   <div class='ocr_carea' id='block_1_71' title="bbox 224 1931 1010 1976">
    <p class='ocr_par' dir='ltr' id='par_1_71' title="bbox 224 1931 1010 1976">
     <span class='ocr_line' id='line_1_71' title="bbox 224 1931 1010 1976; baseline 0.014 -19"><span class='ocrx_word' id='word_1_522' title='bbox 224 1931 311 1964; x_wconf 72' lang='grc' dir='ltr'>μῶοιν</span> <span class='ocrx_word' id='word_1_523' title='bbox 322 1934 345 1960; x_wconf 82' lang='grc' dir='ltr'>οἱ</span> <span class='ocrx_word' id='word_1_524' title='bbox 362 1934 395 1960; x_wconf 80' lang='grc' dir='ltr'><strong>τὰ</strong></span> <span class='ocrx_word' id='word_1_525' title='bbox 412 1935 485 1962; x_wconf 75' lang='grc' dir='ltr'>κακὰ</span> <span class='ocrx_word' id='word_1_526' title='bbox 499 1936 542 1963; x_wconf 76' lang='grc' dir='ltr'>διὰ</span> <span class='ocrx_word' id='word_1_527' title='bbox 560 1936 613 1963; x_wconf 81' lang='grc' dir='ltr'>τῶν</span> <span class='ocrx_word' id='word_1_528' title='bbox 627 1938 758 1973; x_wconf 80' lang='grc' dir='ltr'>γοητειῶν</span> <span class='ocrx_word' id='word_1_529' title='bbox 772 1939 1010 1976; x_wconf 80' lang='grc' dir='ltr'>διαπραττόμενοι.</span> 
     </span>
    </p>
   </div>
   <div class='ocr_carea' id='block_1_72' title="bbox 223 1978 1011 2023">
    <p class='ocr_par' dir='ltr' id='par_1_72' title="bbox 223 1978 1011 2023">
     <span class='ocr_line' id='line_1_72' title="bbox 223 1978 1011 2023; baseline 0.014 -19"><span class='ocrx_word' id='word_1_530' title='bbox 223 1978 342 2014; x_wconf 79' lang='grc' dir='ltr'>Πλήρεις</span> <span class='ocrx_word' id='word_1_531' title='bbox 363 1981 418 2016; x_wconf 81' lang='grc' dir='ltr'>γάρ</span> <span class='ocrx_word' id='word_1_532' title='bbox 437 1982 488 2008; x_wconf 77' lang='grc' dir='ltr'>είσι</span> <span class='ocrx_word' id='word_1_533' title='bbox 514 1982 605 2018; x_wconf 73' lang='grc' dir='ltr'>πάσης</span> <span class='ocrx_word' id='word_1_534' title='bbox 625 1985 783 2018; x_wconf 78' lang='grc' dir='ltr'>φαντασίας,</span> <span class='ocrx_word' id='word_1_535' title='bbox 806 1987 853 2013; x_wconf 78' lang='grc' dir='ltr'>καὶ</span> <span class='ocrx_word' id='word_1_536' title='bbox 871 1988 1011 2023; x_wconf 77' lang='grc' dir='ltr'>ἀπατῆσαι</span> 
     </span>
    </p>
   </div>
   <div class='ocr_carea' id='block_1_73' title="bbox 223 2023 1012 2070">
    <p class='ocr_par' dir='ltr' id='par_1_73' title="bbox 223 2023 1012 2070">
     <span class='ocr_line' id='line_1_73' title="bbox 223 2023 1012 2070; baseline 0.015 -21"><span class='ocrx_word' id='word_1_537' title='bbox 223 2023 310 2050; x_wconf 75' lang='grc' dir='ltr'>ἱκανοὶ</span> <span class='ocrx_word' id='word_1_538' title='bbox 323 2024 367 2050; x_wconf 85' lang='grc' dir='ltr'><strong>διὰ</strong></span> <span class='ocrx_word' id='word_1_539' title='bbox 383 2026 432 2060; x_wconf 80' lang='grc' dir='ltr'>τῆς</span> <span class='ocrx_word' id='word_1_540' title='bbox 444 2028 648 2063; x_wconf 78' lang='grc' dir='ltr'>τερατουργίας.</span> <span class='ocrx_word' id='word_1_541' title='bbox 660 2029 708 2055; x_wconf 85' lang='grc' dir='ltr'>Διά</span> <span class='ocrx_word' id='word_1_542' title='bbox 721 2030 822 2057; x_wconf 77' lang='grc' dir='ltr'>τούτων</span> <span class='ocrx_word' id='word_1_543' title='bbox 840 2031 895 2068; x_wconf 78' lang='grc'>(59)</span> <span class='ocrx_word' id='word_1_544' title='bbox 913 2034 1012 2070; x_wconf 79' lang='grc' dir='ltr'>φίλτρα</span> 
     </span>
    </p>
   </div>
   <div class='ocr_carea' id='block_1_74' title="bbox 223 2069 1011 2112">
    <p class='ocr_par' dir='ltr' id='par_1_74' title="bbox 223 2069 1011 2112">
     <span class='ocr_line' id='line_1_74' title="bbox 223 2069 1011 2112; baseline 0.015 -17"><span class='ocrx_word' id='word_1_545' title='bbox 223 2069 270 2096; x_wconf 70' lang='grc' dir='ltr'>καὶ</span> <span class='ocrx_word' id='word_1_546' title='bbox 282 2070 400 2106; x_wconf 70' lang='grc' dir='ltr'>ἐρωτικὰ</span> <span class='ocrx_word' id='word_1_547' title='bbox 414 2072 661 2104; x_wconf 74' lang='grc' dir='ltr'>κατασκευάζουσιν</span> <span class='ocrx_word' id='word_1_548' title='bbox 674 2076 698 2101; x_wconf 89' lang='grc' dir='ltr'>οἰ</span> <span class='ocrx_word' id='word_1_549' title='bbox 710 2076 906 2112; x_wconf 78' lang='grc' dir='ltr'>κακοδαίμονες</span> <span class='ocrx_word' id='word_1_550' title='bbox 915 2087 921 2094; x_wconf 86' lang='grc'>·</span> <span class='ocrx_word' id='word_1_551' title='bbox 936 2081 1011 2107; x_wconf 68' lang='grc' dir='ltr'>πᾶσα</span> 
     </span>
    </p>
   </div>
   <div class='ocr_carea' id='block_1_75' title="bbox 223 2115 1012 2159">
    <p class='ocr_par' dir='ltr' id='par_1_75' title="bbox 223 2115 1012 2159">
     <span class='ocr_line' id='line_1_75' title="bbox 223 2115 1012 2159; baseline 0.015 -18"><span class='ocrx_word' id='word_1_552' title='bbox 223 2115 277 2151; x_wconf 62' lang='grc' dir='ltr'><strong>γὰρ</strong></span> <span class='ocrx_word' id='word_1_553' title='bbox 291 2116 431 2149; x_wconf 70' lang='grc' dir='ltr'>ἀκολασία,</span> <span class='ocrx_word' id='word_1_554' title='bbox 446 2119 492 2144; x_wconf 75' lang='grc' dir='ltr'><strong>καὶ</strong></span> <span class='ocrx_word' id='word_1_555' title='bbox 507 2119 628 2146; x_wconf 76' lang='grc' dir='ltr'>πλούτων</span> <span class='ocrx_word' id='word_1_556' title='bbox 641 2120 719 2152; x_wconf 69' lang='grc' dir='ltr'>ἐλπὶς</span> <span class='ocrx_word' id='word_1_557' title='bbox 735 2123 782 2148; x_wconf 83' lang='grc' dir='ltr'>καὶ</span> <span class='ocrx_word' id='word_1_558' title='bbox 796 2123 884 2159; x_wconf 76' lang='grc' dir='ltr'>δόξης,</span> <span class='ocrx_word' id='word_1_559' title='bbox 898 2125 941 2152; x_wconf 72' lang='grc' dir='ltr'><strong>διὰ</strong></span> <span class='ocrx_word' id='word_1_560' title='bbox 954 2127 1012 2153; x_wconf 79' lang='grc' dir='ltr'>τού-</span> 
     </span>
    </p>
   </div>
   <div class='ocr_carea' id='block_1_76' title="bbox 221 2163 1012 2205">
    <p class='ocr_par' dir='ltr' id='par_1_76' title="bbox 221 2163 1012 2205">
     <span class='ocr_line' id='line_1_76' title="bbox 221 2163 1012 2205; baseline 0.015 -18"><span class='ocrx_word' id='word_1_561' title='bbox 221 2169 286 2192; x_wconf 82' lang='grc' dir='ltr'>των,</span> <span class='ocrx_word' id='word_1_562' title='bbox 309 2163 356 2189; x_wconf 74' lang='grc' dir='ltr'><strong>καὶ</strong></span> <span class='ocrx_word' id='word_1_563' title='bbox 381 2163 496 2198; x_wconf 72' lang='grc' dir='ltr'>μάλιστα</span> <span class='ocrx_word' id='word_1_564' title='bbox 516 2166 532 2200; x_wconf 82' lang='grc' dir='ltr'>ὴ</span> <span class='ocrx_word' id='word_1_565' title='bbox 553 2166 653 2202; x_wconf 74' lang='grc' dir='ltr'>ἀπάτη.</span> <span class='ocrx_word' id='word_1_566' title='bbox 673 2167 709 2194; x_wconf 83' lang='grc' dir='ltr'><strong>Τὸ</strong></span> <span class='ocrx_word' id='word_1_567' title='bbox 722 2168 776 2204; x_wconf 79' lang='grc' dir='ltr'><strong>γὰρ</strong></span> <span class='ocrx_word' id='word_1_568' title='bbox 798 2169 895 2203; x_wconf 75' lang='grc' dir='ltr'>ψεῦδος</span> <span class='ocrx_word' id='word_1_569' title='bbox 907 2172 1012 2205; x_wconf 76' lang='grc' dir='ltr'>τούτοις</span> 
     </span>
    </p>
   </div>
   <div class='ocr_carea' id='block_1_77' title="bbox 222 2208 1010 2252">
    <p class='ocr_par' dir='ltr' id='par_1_77' title="bbox 222 2208 1010 2252">
     <span class='ocr_line' id='line_1_77' title="bbox 222 2208 1010 2252; baseline 0.015 -19"><span class='ocrx_word' id='word_1_570' title='bbox 222 2208 334 2235; x_wconf 79' lang='grc' dir='ltr'>οἰκεῖον·</span> <span class='ocrx_word' id='word_1_571' title='bbox 353 2208 491 2243; x_wconf 76' lang='grc' dir='ltr'>βούλονται</span> <span class='ocrx_word' id='word_1_572' title='bbox 509 2212 562 2246; x_wconf 67' lang='grc' dir='ltr'><strong>γὰρ</strong></span> <span class='ocrx_word' id='word_1_573' title='bbox 578 2210 646 2239; x_wconf 81' lang='grc' dir='ltr'>εἶναι</span> <span class='ocrx_word' id='word_1_574' title='bbox 668 2213 734 2245; x_wconf 78' lang='grc' dir='ltr'>θεοὶ,</span> <span class='ocrx_word' id='word_1_575' title='bbox 751 2215 826 2251; x_wconf 82' lang='grc' dir='ltr'>καὶὴ</span> <span class='ocrx_word' id='word_1_576' title='bbox 850 2218 1010 2252; x_wconf 64' lang='grc' dir='ltr'>προεστῶτι-α</span> 
     </span>
    </p>
   </div>
   <div class='ocr_carea' id='block_1_78' title="bbox 222 2253 1011 2295">
    <p class='ocr_par' dir='ltr' id='par_1_78' title="bbox 222 2253 1011 2295">
     <span class='ocr_line' id='line_1_78' title="bbox 222 2253 1011 2295; baseline 0.016 -16"><span class='ocrx_word' id='word_1_577' title='bbox 222 2253 311 2280; x_wconf 70' lang='grc' dir='ltr'>αὐτῶν</span> <span class='ocrx_word' id='word_1_578' title='bbox 324 2255 438 2290; x_wconf 79' lang='grc' dir='ltr'>δύναμις</span> <span class='ocrx_word' id='word_1_579' title='bbox 452 2256 539 2283; x_wconf 82' lang='grc' dir='ltr'>δοκεῖν</span> <span class='ocrx_word' id='word_1_580' title='bbox 553 2258 619 2290; x_wconf 81' lang='grc' dir='ltr'>Θεὸς</span> <span class='ocrx_word' id='word_1_581' title='bbox 631 2257 700 2286; x_wconf 76' lang='grc' dir='ltr'>εἶναι</span> <span class='ocrx_word' id='word_1_582' title='bbox 715 2260 729 2286; x_wconf 75' lang='grc' dir='ltr'><strong>ὁ</strong></span> <span class='ocrx_word' id='word_1_583' title='bbox 743 2261 879 2295; x_wconf 80' lang='grc' dir='ltr'>μέγιστος.</span> <span class='ocrx_word' id='word_1_584' title='bbox 896 2262 974 2292; x_wconf 78' lang='grc' dir='ltr'>Οὗτοι</span> <span class='ocrx_word' id='word_1_585' title='bbox 987 2266 1011 2291; x_wconf 87' lang='grc' dir='ltr'>οἰ</span> 
     </span>
    </p>
   </div>
   <div class='ocr_carea' id='block_1_79' title="bbox 222 2299 1012 2346">
    <p class='ocr_par' dir='ltr' id='par_1_79' title="bbox 222 2299 1012 2346">
     <span class='ocr_line' id='line_1_79' title="bbox 222 2299 1012 2346; baseline 0.016 -21"><span class='ocrx_word' id='word_1_586' title='bbox 222 2299 362 2335; x_wconf 81' lang='grc' dir='ltr'>χαίροντες</span> <span class='ocrx_word' id='word_1_587' title='bbox 373 2301 448 2337; x_wconf 81' lang='grc' dir='ltr'>λοιϐῇ</span> <span class='ocrx_word' id='word_1_588' title='bbox 458 2312 486 2329; x_wconf 89' lang='grc' dir='ltr'><strong>τε</strong></span> <span class='ocrx_word' id='word_1_589' title='bbox 496 2304 593 2340; x_wconf 73' lang='grc' dir='ltr'>κνίσσῃ</span> <span class='ocrx_word' id='word_1_590' title='bbox 601 2313 641 2336; x_wconf 84' lang='grc' dir='ltr'><strong>τε,</strong></span> <span class='ocrx_word' id='word_1_591' title='bbox 654 2303 733 2332; x_wconf 81' lang='grc' dir='ltr'>δι’ὦν</span> <span class='ocrx_word' id='word_1_592' title='bbox 745 2307 833 2335; x_wconf 76' lang='grc' dir='ltr'>αὐτῶν</span> <span class='ocrx_word' id='word_1_593' title='bbox 843 2309 873 2335; x_wconf 78' lang='grc' dir='ltr'>τὸ</span> <span class='ocrx_word' id='word_1_594' title='bbox 889 2319 1012 2346; x_wconf 80' lang='grc' dir='ltr'>πνευμα-</span> 
     </span>
    </p>
   </div>
   <div class='ocr_carea' id='block_1_80' title="bbox 221 2345 1010 2392">
    <p class='ocr_par' dir='ltr' id='par_1_80' title="bbox 221 2345 1010 2392">
     <span class='ocr_line' id='line_1_80' title="bbox 221 2345 1010 2392; baseline 0.014 -22"><span class='ocrx_word' id='word_1_595' title='bbox 221 2345 295 2371; x_wconf 85' lang='grc' dir='ltr'>τικὸν</span> <span class='ocrx_word' id='word_1_596' title='bbox 313 2347 359 2373; x_wconf 80' lang='grc' dir='ltr'><strong>καὶ</strong></span> <span class='ocrx_word' id='word_1_597' title='bbox 375 2349 530 2382; x_wconf 83' lang='grc' dir='ltr'>σωματικὸν</span> <span class='ocrx_word' id='word_1_598' title='bbox 542 2351 687 2377; x_wconf 82' lang='grc' dir='ltr'>πιαίνεται.</span> <span class='ocrx_word' id='word_1_599' title='bbox 703 2353 739 2388; x_wconf 88' lang='grc' dir='ltr'><strong>Ζῇ</strong></span> <span class='ocrx_word' id='word_1_600' title='bbox 754 2353 808 2389; x_wconf 85' lang='grc' dir='ltr'><strong>γὰρ</strong></span> <span class='ocrx_word' id='word_1_601' title='bbox 822 2355 902 2382; x_wconf 83' lang='grc' dir='ltr'>τοῦτο</span> <span class='ocrx_word' id='word_1_602' title='bbox 914 2345 1010 2392; x_wconf 82' lang='grc' dir='ltr'>ἀτμοῖς</span> 
     </span>
    </p>
   </div>
   <div class='ocr_carea' id='block_1_81' title="bbox 222 2392 1011 2433">
    <p class='ocr_par' dir='ltr' id='par_1_81' title="bbox 222 2392 1011 2433">
     <span class='ocr_line' id='line_1_81' title="bbox 222 2392 1011 2433; baseline 0.014 -15"><span class='ocrx_word' id='word_1_603' title='bbox 222 2392 270 2418; x_wconf 78' lang='grc' dir='ltr'>καὶ</span> <span class='ocrx_word' id='word_1_604' title='bbox 291 2393 498 2430; x_wconf 72' lang='grc' dir='ltr'>ἀναθυμιάσεσι,</span> <span class='ocrx_word' id='word_1_605' title='bbox 524 2397 654 2430; x_wconf 86' lang='grc' dir='ltr'>ποικίλως</span> <span class='ocrx_word' id='word_1_606' title='bbox 674 2398 718 2425; x_wconf 77' lang='grc' dir='ltr'><strong>διὰ</strong></span> <span class='ocrx_word' id='word_1_607' title='bbox 731 2400 784 2427; x_wconf 82' lang='grc' dir='ltr'>τῶν</span> <span class='ocrx_word' id='word_1_608' title='bbox 801 2401 941 2433; x_wconf 80' lang='grc' dir='ltr'>ποικίλων,</span> <span class='ocrx_word' id='word_1_609' title='bbox 964 2403 1011 2429; x_wconf 68' lang='grc' dir='ltr'><strong>και)⁸</strong></span> 
     </span>
    </p>
   </div>
   <div class='ocr_carea' id='block_1_82' title="bbox 221 2495 1011 2536">
    <p class='ocr_par' dir='ltr' id='par_1_82' title="bbox 221 2495 1011 2536">
     <span class='ocr_line' id='line_1_82' title="bbox 221 2495 1011 2536; baseline 0.013 -16"><span class='ocrx_word' id='word_1_610' title='bbox 221 2501 281 2536; x_wconf 61' lang='lat' dir='ltr'><strong>rem</strong></span> <span class='ocrx_word' id='word_1_611' title='bbox 296 2499 326 2536; x_wconf 83' lang='lat' dir='ltr'><strong>e_t_</strong></span> <span class='ocrx_word' id='word_1_612' title='bbox 338 2495 472 2536; x_wconf 76' lang='lat' dir='ltr'><strong>bonorum</strong></span> <span class='ocrx_word' id='word_1_613' title='bbox 491 2503 615 2536; x_wconf 80' lang='lat' dir='ltr'><strong>auctores</strong></span> <span class='ocrx_word' id='word_1_614' title='bbox 631 2499 807 2532; x_wconf 79' lang='lat' dir='ltr'><strong>haberentur,</strong></span> <span class='ocrx_word' id='word_1_615' title='bbox 827 2502 918 2536; x_wconf 85' lang='lat' dir='ltr'><strong>itaque</strong></span> <span class='ocrx_word' id='word_1_616' title='bbox 944 2501 1011 2530; x_wconf 87' lang='lat' dir='ltr'><strong>faci—</strong></span> 
     </span>
    </p>
   </div>
   <div class='ocr_carea' id='block_1_83' title="bbox 220 2529 1008 2570">
    <p class='ocr_par' dir='ltr' id='par_1_83' title="bbox 220 2529 1008 2570">
     <span class='ocr_line' id='line_1_83' title="bbox 220 2529 1008 2570; baseline 0.013 -15"><span class='ocrx_word' id='word_1_617' title='bbox 220 2529 284 2570; x_wconf 59' lang='lat' dir='ltr'><strong>lius</strong></span> <span class='ocrx_word' id='word_1_618' title='bbox 301 2531 452 2570; x_wconf 75' lang='lat' dir='ltr'><strong>divinitatis</strong></span> <span class='ocrx_word' id='word_1_619' title='bbox 476 2534 633 2570; x_wconf 81' lang='lat' dir='ltr'><strong>opinionem</strong></span> <span class='ocrx_word' id='word_1_620' title='bbox 657 2529 846 2570; x_wconf 78' lang='lat' dir='ltr'><strong>impetrarent.</strong></span> <span class='ocrx_word' id='word_1_621' title='bbox 873 2529 1008 2565; x_wconf 49' lang='lat' dir='ltr'><strong>‘Czeterum</strong></span> 
     </span>
    </p>
   </div>
   <div class='ocr_carea' id='block_1_84' title="bbox 219 2565 1010 2607">
    <p class='ocr_par' dir='ltr' id='par_1_84' title="bbox 219 2565 1010 2607">
     <span class='ocr_line' id='line_1_84' title="bbox 219 2565 1010 2607; baseline 0.011 -16"><span class='ocrx_word' id='word_1_622' title='bbox 219 2565 356 2607; x_wconf 66' lang='lat' dir='ltr'><strong>quidquid</strong></span> <span class='ocrx_word' id='word_1_623' title='bbox 368 2574 401 2593; x_wconf 89' lang='lat' dir='ltr'><strong>eo</strong></span> <span class='ocrx_word' id='word_1_624' title='bbox 418 2567 478 2607; x_wconf 77' lang='lat' dir='ltr'><strong>loco</strong></span> <span class='ocrx_word' id='word_1_625' title='bbox 491 2565 702 2607; x_wconf 67' lang='lat' dir='ltr'><strong>philosophetur</strong></span> <span class='ocrx_word' id='word_1_626' title='bbox 709 2571 885 2607; x_wconf 83' lang='lat' dir='ltr'><strong>Porphyrius,</strong></span> <span class='ocrx_word' id='word_1_627' title='bbox 903 2580 966 2600; x_wconf 86' lang='lat' dir='ltr'><strong>vere</strong></span> <span class='ocrx_word' id='word_1_628' title='bbox 978 2581 1010 2601; x_wconf 90' lang='lat' dir='ltr'><strong>ac</strong></span> 
     </span>
    </p>
   </div>
   <div class='ocr_carea' id='block_1_85' title="bbox 221 2600 1010 2642">
    <p class='ocr_par' dir='ltr' id='par_1_85' title="bbox 221 2600 1010 2642">
     <span class='ocr_line' id='line_1_85' title="bbox 221 2600 1010 2642; baseline 0.011 -16"><span class='ocrx_word' id='word_1_629' title='bbox 221 2600 263 2642; x_wconf 74' lang='lat' dir='ltr'><strong>pie</strong></span> <span class='ocrx_word' id='word_1_630' title='bbox 275 2601 416 2642; x_wconf 51' lang='lat' dir='ltr'><strong>creditur,</strong></span> <span class='ocrx_word' id='word_1_631' title='bbox 432 2600 514 2642; x_wconf 67' lang='lat' dir='ltr'><strong>hujus</strong></span> <span class='ocrx_word' id='word_1_632' title='bbox 527 2605 589 2642; x_wconf 63' lang='lat' dir='ltr'><strong>vitae</strong></span> <span class='ocrx_word' id='word_1_633' title='bbox 601 2600 781 2634; x_wconf 62' lang='lat' dir='ltr'><strong>&#39;calamitatés</strong></span> <span class='ocrx_word' id='word_1_634' title='bbox 800 2600 904 2634; x_wconf 64' lang='lat' dir='ltr'><strong>divinae</strong></span> <span class='ocrx_word' id='word_1_635' title='bbox 919 2600 1010 2642; x_wconf 58' lang='lat' dir='ltr'><strong>provi;</strong></span> 
     </span>
    </p>
   </div>
   <div class='ocr_carea' id='block_1_86' title="bbox 219 2636 1010 2677">
    <p class='ocr_par' dir='ltr' id='par_1_86' title="bbox 219 2636 1010 2677">
     <span class='ocr_line' id='line_1_86' title="bbox 219 2636 1010 2677; baseline 0.011 -16"><span class='ocrx_word' id='word_1_636' title='bbox 219 2636 317 2677; x_wconf 53' lang='lat' dir='ltr'><strong>dentiag</strong></span> <span class='ocrx_word' id='word_1_637' title='bbox 334 2644 390 2677; x_wconf 69' lang='lat' dir='ltr'><strong>non</strong></span> <span class='ocrx_word' id='word_1_638' title='bbox 410 2636 577 2677; x_wconf 76' lang='lat' dir='ltr'><strong>permittenti</strong></span> <span class='ocrx_word' id='word_1_639' title='bbox 593 2642 685 2677; x_wconf 82' lang='lat' dir='ltr'><strong>modo,</strong></span> <span class='ocrx_word' id='word_1_640' title='bbox 704 2642 749 2668; x_wconf 77' lang='lat' dir='ltr'><strong>sed</strong></span> <span class='ocrx_word' id='word_1_641' title='bbox 769 2642 901 2677; x_wconf 20' lang='lat' dir='ltr'><strong>etiamcut</strong></span> <span class='ocrx_word' id='word_1_642' title='bbox 919 2636 1010 2677; x_wconf 53' lang='lat' dir='ltr'><strong>&#39;pluri-</strong></span> 
     </span>
    </p>
   </div>
   <div class='ocr_carea' id='block_1_87' title="bbox 220 2671 1008 2713">
    <p class='ocr_par' dir='ltr' id='par_1_87' title="bbox 220 2671 1008 2713">
     <span class='ocr_line' id='line_1_87' title="bbox 220 2671 1008 2713; baseline 0.014 -17"><span class='ocrx_word' id='word_1_643' title='bbox 220 2677 294 2697; x_wconf 88' lang='lat' dir='ltr'><strong>mum</strong></span> <span class='ocrx_word' id='word_1_644' title='bbox 309 2671 446 2713; x_wconf 57' lang='lat' dir='ltr'><strong>inferenti,</strong></span> <span class='ocrx_word' id='word_1_645' title='bbox 460 2675 605 2713; x_wconf 83' lang='lat' dir='ltr'><strong>atque__has</strong></span> <span class='ocrx_word' id='word_1_646' title='bbox 619 2676 754 2713; x_wconf 78' lang='lat' dir='ltr'><strong>scelerum</strong></span> <span class='ocrx_word' id='word_1_647' title='bbox 770 2671 931 2705; x_wconf 46' lang='lat' dir='ltr'><strong>nosno’i-vm‘</strong></span> <span class='ocrx_word' id='word_1_648' title='bbox 949 2686 1008 2713; x_wconf 82' lang='lat' dir='ltr'><strong>poe-</strong></span> 
     </span>
    </p>
   </div>
   <div class='ocr_carea' id='block_1_88' title="bbox 221 2707 752 2741">
    <p class='ocr_par' dir='ltr' id='par_1_88' title="bbox 221 2707 752 2741">
     <span class='ocr_line' id='line_1_88' title="bbox 221 2707 752 2741; baseline 0.015 -9"><span class='ocrx_word' id='word_1_649' title='bbox 221 2712 269 2732; x_wconf 83' lang='lat' dir='ltr'><strong>nas</strong></span> <span class='ocrx_word' id='word_1_650' title='bbox 283 2707 420 2741; x_wconf 80' lang='lat' dir='ltr'><strong>expetenti</strong></span> <span class='ocrx_word' id='word_1_651' title='bbox 433 2707 504 2735; x_wconf 70' lang='lat' dir='ltr'><strong>esse</strong></span> <span class='ocrx_word' id='word_1_652' title='bbox 512 2709 681 2737; x_wconf 77' lang='lat' dir='ltr'><strong>tribuendas.</strong></span> <span class='ocrx_word' id='word_1_653' title='bbox 750 2738 752 2740; x_wconf 93' lang='lat'><strong>.</strong></span> 
     </span>
    </p>
   </div>
   <div class='ocr_carea' id='block_1_89' title="bbox 254 2741 1007 2778">
    <p class='ocr_par' dir='ltr' id='par_1_89' title="bbox 254 2741 1007 2778">
     <span class='ocr_line' id='line_1_89' title="bbox 254 2741 1007 2778; baseline 0.011 -11"><span class='ocrx_word' id='word_1_654' title='bbox 254 2741 316 2778; x_wconf 81' lang='grc'>(55)</span> <span class='ocrx_word' id='word_1_655' title='bbox 329 2742 625 2778; x_wconf 73' lang='grc' dir='ltr'>Πρρσεταιριᾰςμενοι,</span> <span class='ocrx_word' id='word_1_656' title='bbox 635 2750 687 2773; x_wconf 91' lang='lat' dir='ltr'><strong>etc.</strong></span> <span class='ocrx_word' id='word_1_657' title='bbox 702 2746 751 2772; x_wconf 85' lang='lat' dir='ltr'><strong>Adi</strong></span> <span class='ocrx_word' id='word_1_658' title='bbox 769 2746 869 2775; x_wconf 85' lang='lat' dir='ltr'><strong>Euseb.</strong></span> <span class='ocrx_word' id='word_1_659' title='bbox 883 2752 1007 2776; x_wconf 86' lang='lat' dir='ltr'><strong>nostrum</strong></span> 
     </span>
    </p>
   </div>
   <div class='ocr_carea' id='block_1_90' title="bbox 219 2774 1006 2818">
    <p class='ocr_par' dir='ltr' id='par_1_90' title="bbox 219 2774 1006 2818">
     <span class='ocr_line' id='line_1_90' title="bbox 219 2774 1006 2818; baseline 0.01 -15"><span class='ocrx_word' id='word_1_660' title='bbox 219 2774 281 2818; x_wconf 65' lang='lat' dir='ltr'><strong>l._l_v</strong></span> <span class='ocrx_word' id='word_1_661' title='bbox 296 2774 336 2804; x_wconf 79' lang='lat' dir='ltr'><strong>De</strong></span> <span class='ocrx_word' id='word_1_662' title='bbox 348 2774 538 2818; x_wconf 31' lang='lat' dir='ltr'><strong>JDemom&#39;trH&#39;</strong></span> <span class='ocrx_word' id='word_1_663' title='bbox 549 2786 574 2806; x_wconf 84' lang='grc' dir='ltr'><strong>ο.</strong></span> <span class='ocrx_word' id='word_1_664' title='bbox 590 2774 622 2811; x_wconf 70' lang='lat'><strong>9,</strong></span> <span class='ocrx_word' id='word_1_665' title='bbox 634 2781 735 2818; x_wconf 34' lang='lat' dir='ltr'><strong>ubihde</strong></span> <span class='ocrx_word' id='word_1_666' title='bbox 756 2774 882 2818; x_wconf 85' lang='lat' dir='ltr'><strong>Lucifero</strong></span> <span class='ocrx_word' id='word_1_667' title='bbox 899 2774 1006 2818; x_wconf 71' lang='lat' dir='ltr'><strong>gemina</strong></span> 
     </span>
    </p>
   </div>
   <div class='ocr_carea' id='block_1_91' title="bbox 219 2811 1007 2853">
    <p class='ocr_par' dir='ltr' id='par_1_91' title="bbox 219 2811 1007 2853">
     <span class='ocr_line' id='line_1_91' title="bbox 219 2811 1007 2853; baseline 0.011 -16"><span class='ocrx_word' id='word_1_668' title='bbox 219 2811 445 2853; x_wconf 74' lang='lat' dir='ltr'><strong>philosophatur,</strong></span> <span class='ocrx_word' id='word_1_669' title='bbox 467 2821 555 2853; x_wconf 70' lang='lat' dir='ltr'><strong>quem</strong></span> <span class='ocrx_word' id='word_1_670' title='bbox 569 2815 663 2853; x_wconf 72' lang='lat' dir='ltr'><strong>gravia</strong></span> <span class='ocrx_word' id='word_1_671' title='bbox 680 2815 743 2853; x_wconf 79' lang='lat' dir='ltr'><strong>licet</strong></span> <span class='ocrx_word' id='word_1_672' title='bbox 758 2817 850 2844; x_wconf 90' lang='lat' dir='ltr'><strong>omnia</strong></span> <span class='ocrx_word' id='word_1_673' title='bbox 879 2811 1007 2853; x_wconf 51' lang='lat' dir='ltr'><strong>ggntibus</strong></span> 
     </span>
    </p>
   </div>
   <div class='ocr_carea' id='block_1_92' title="bbox 219 2847 1005 2888">
    <p class='ocr_par' dir='ltr' id='par_1_92' title="bbox 219 2847 1005 2888">
     <span class='ocr_line' id='line_1_92' title="bbox 219 2847 1005 2888; baseline 0.009 -14"><span class='ocrx_word' id='word_1_674' title='bbox 219 2847 438 2888; x_wconf 68' lang='lat' dir='ltr'><strong>ipterminaturp,</strong></span> <span class='ocrx_word' id='word_1_675' title='bbox 447 2847 633 2888; x_wconf 57' lang='lat' dir='ltr'><strong>potentiorem</strong></span> <span class='ocrx_word' id='word_1_676' title='bbox 647 2850 744 2888; x_wconf 85' lang='lat' dir='ltr'><strong>deinde</strong></span> <span class='ocrx_word' id='word_1_677' title='bbox 757 2853 792 2879; x_wconf 87' lang='lat' dir='ltr'><strong>ad</strong></span> <span class='ocrx_word' id='word_1_678' title='bbox 805 2860 852 2880; x_wconf 87' lang='lat' dir='ltr'><strong>eas</strong></span> <span class='ocrx_word' id='word_1_679' title='bbox 875 2847 1005 2888; x_wconf 60' lang='lat' dir='ltr'><strong>subigen-</strong></span> 
     </span>
    </p>
   </div>
   <div class='ocr_carea' id='block_1_93' title="bbox 220 2881 976 2921">
    <p class='ocr_par' dir='ltr' id='par_1_93' title="bbox 220 2881 976 2921">
     <span class='ocr_line' id='line_1_93' title="bbox 220 2881 976 2921; baseline 0.012 -14"><span class='ocrx_word' id='word_1_680' title='bbox 220 2881 433 2921; x_wconf 45' lang='lat' dir='ltr'><strong>daslolyptatis</strong></span> <span class='ocrx_word' id='word_1_681' title='bbox 446 2883 600 2921; x_wconf 68' lang='lat' dir='ltr'><strong>illecebrarn</strong></span> <span class='ocrx_word' id='word_1_682' title='bbox 613 2886 782 2921; x_wconf 76' lang='lat' dir='ltr'><strong>excogitasse</strong></span> <span class='ocrx_word' id='word_1_683' title='bbox 797 2881 976 2915; x_wconf 60' lang='lat' dir='ltr'><strong>demonstrat.</strong></span> 
     </span>
    </p>
   </div>
   <div class='ocr_carea' id='block_1_94' title="bbox 254 2913 1004 2959">
    <p class='ocr_par' dir='ltr' id='par_1_94' title="bbox 254 2913 1004 2959">
     <span class='ocr_line' id='line_1_94' title="bbox 254 2913 1004 2959; baseline 0.012 -17"><span class='ocrx_word' id='word_1_684' title='bbox 254 2915 313 2951; x_wconf 73' lang='lat' dir='ltr'><strong>(se)</strong></span> <span class='ocrx_word' id='word_1_685' title='bbox 326 2913 364 2952; x_wconf 64' lang='lat'><strong>&#39;9</strong></span> <span class='ocrx_word' id='word_1_686' title='bbox 378 2916 417 2951; x_wconf 77' lang='grc' dir='ltr'>δὴ</span> <span class='ocrx_word' id='word_1_687' title='bbox 434 2917 483 2945; x_wconf 73' lang='grc' dir='ltr'>και</span> <span class='ocrx_word' id='word_1_688' title='bbox 495 2913 749 2954; x_wconf 74' lang='grc' dir='ltr'>τεταράχθαι,“οια.</span> <span class='ocrx_word' id='word_1_689' title='bbox 766 2913 1004 2959; x_wconf 57' lang='grc' dir='ltr'><strong>ράτριιῄέῗζϊδὴ</strong></span> 
     </span>
    </p>
   </div>
   <div class='ocr_carea' id='block_1_95' title="bbox 1068 1622 1858 1658">
    <p class='ocr_par' dir='ltr' id='par_1_95' title="bbox 1068 1622 1858 1658">
     <span class='ocr_line' id='line_1_95' title="bbox 1068 1622 1858 1658; baseline 0.008 -10"><span class='ocrx_word' id='word_1_690' title='bbox 1068 1622 1230 1649; x_wconf 71' lang='lat' dir='ltr'><strong>sententiam</strong></span> <span class='ocrx_word' id='word_1_691' title='bbox 1245 1622 1457 1658; x_wconf 86' lang='lat' dir='ltr'><strong>opinionemque</strong></span> <span class='ocrx_word' id='word_1_692' title='bbox 1479 1624 1681 1653; x_wconf 84' lang='lat' dir='ltr'><strong>descendebant</strong></span> <span class='ocrx_word' id='word_1_693' title='bbox 1700 1635 1707 1652; x_wconf 85' lang='lat'><strong><em>:</em></strong></span> <span class='ocrx_word' id='word_1_694' title='bbox 1729 1627 1769 1654; x_wconf 87' lang='lat' dir='ltr'><strong>sic</strong></span> <span class='ocrx_word' id='word_1_695' title='bbox 1786 1628 1858 1654; x_wconf 91' lang='lat' dir='ltr'><strong>mul-</strong></span> 
     </span>
    </p>
   </div>
   <div class='ocr_carea' id='block_1_96' title="bbox 1068 1668 1855 1706">
    <p class='ocr_par' dir='ltr' id='par_1_96' title="bbox 1068 1668 1855 1706">
     <span class='ocr_line' id='line_1_96' title="bbox 1068 1668 1855 1706; baseline 0.008 -12"><span class='ocrx_word' id='word_1_696' title='bbox 1068 1668 1155 1694; x_wconf 88' lang='lat' dir='ltr'><strong>titudo</strong></span> <span class='ocrx_word' id='word_1_697' title='bbox 1167 1676 1273 1701; x_wconf 87' lang='lat' dir='ltr'><strong>rursus,</strong></span> <span class='ocrx_word' id='word_1_698' title='bbox 1287 1677 1349 1696; x_wconf 89' lang='lat' dir='ltr'><strong>cum</strong></span> <span class='ocrx_word' id='word_1_699' title='bbox 1359 1677 1391 1696; x_wconf 89' lang='lat' dir='ltr'><strong>ex</strong></span> <span class='ocrx_word' id='word_1_700' title='bbox 1404 1670 1447 1702; x_wconf 87' lang='lat' dir='ltr'><strong>iis,</strong></span> <span class='ocrx_word' id='word_1_701' title='bbox 1463 1671 1509 1704; x_wconf 85' lang='lat' dir='ltr'><strong>qui</strong></span> <span class='ocrx_word' id='word_1_702' title='bbox 1525 1672 1661 1706; x_wconf 86' lang='lat' dir='ltr'><strong>sapientes</strong></span> <span class='ocrx_word' id='word_1_703' title='bbox 1672 1672 1855 1706; x_wconf 82' lang='lat' dir='ltr'><strong>habebantur,</strong></span> 
     </span>
    </p>
   </div>
   <div class='ocr_carea' id='block_1_97' title="bbox 1067 1715 1857 1753">
    <p class='ocr_par' dir='ltr' id='par_1_97' title="bbox 1067 1715 1857 1753">
     <span class='ocr_line' id='line_1_97' title="bbox 1067 1715 1857 1753; baseline 0.01 -13"><span class='ocrx_word' id='word_1_704' title='bbox 1067 1715 1283 1748; x_wconf 78' lang='lat' dir='ltr'><strong>cogitationibus</strong></span> <span class='ocrx_word' id='word_1_705' title='bbox 1297 1716 1354 1744; x_wconf 89' lang='lat' dir='ltr'><strong>suis</strong></span> <span class='ocrx_word' id='word_1_706' title='bbox 1371 1721 1570 1745; x_wconf 85' lang='lat' dir='ltr'><strong>consentaneas</strong></span> <span class='ocrx_word' id='word_1_707' title='bbox 1593 1719 1793 1753; x_wconf 88' lang='lat' dir='ltr'><strong>disputationes</strong></span> <span class='ocrx_word' id='word_1_708' title='bbox 1807 1729 1857 1748; x_wconf 85' lang='lat' dir='ltr'><strong>au-</strong></span> 
     </span>
    </p>
   </div>
   <div class='ocr_carea' id='block_1_98' title="bbox 1067 1760 1856 1801">
    <p class='ocr_par' dir='ltr' id='par_1_98' title="bbox 1067 1760 1856 1801">
     <span class='ocr_line' id='line_1_98' title="bbox 1067 1760 1856 1801; baseline 0.009 -14"><span class='ocrx_word' id='word_1_709' title='bbox 1067 1760 1146 1793; x_wconf 87' lang='lat' dir='ltr'><strong>diret,</strong></span> <span class='ocrx_word' id='word_1_710' title='bbox 1165 1763 1293 1789; x_wconf 88' lang='lat' dir='ltr'><strong>haustum</strong></span> <span class='ocrx_word' id='word_1_711' title='bbox 1309 1763 1391 1790; x_wconf 81' lang='lat' dir='ltr'><strong>semel</strong></span> <span class='ocrx_word' id='word_1_712' title='bbox 1409 1764 1441 1790; x_wconf 89' lang='lat' dir='ltr'><strong>de</strong></span> <span class='ocrx_word' id='word_1_713' title='bbox 1456 1764 1508 1791; x_wconf 78' lang='lat' dir='ltr'><strong>diis</strong></span> <span class='ocrx_word' id='word_1_714' title='bbox 1520 1772 1641 1792; x_wconf 87' lang='lat' dir='ltr'><strong>errorem</strong></span> <span class='ocrx_word' id='word_1_715' title='bbox 1658 1767 1744 1801; x_wconf 78' lang='lat' dir='ltr'><strong>magis</strong></span> <span class='ocrx_word' id='word_1_716' title='bbox 1759 1767 1786 1794; x_wconf 91' lang='lat' dir='ltr'><strong>in</strong></span> <span class='ocrx_word' id='word_1_717' title='bbox 1797 1766 1856 1794; x_wconf 85' lang='lat' dir='ltr'><strong>dies</strong></span> 
     </span>
    </p>
   </div>
   <div class='ocr_carea' id='block_1_99' title="bbox 1067 1808 1857 1847">
    <p class='ocr_par' dir='ltr' id='par_1_99' title="bbox 1067 1808 1857 1847">
     <span class='ocr_line' id='line_1_99' title="bbox 1067 1808 1857 1847; baseline 0.009 -14"><span class='ocrx_word' id='word_1_718' title='bbox 1067 1808 1208 1842; x_wconf 79' lang='lat' dir='ltr'><strong>magisque</strong></span> <span class='ocrx_word' id='word_1_719' title='bbox 1226 1809 1417 1836; x_wconf 78' lang='lat' dir='ltr'><strong>confirmabat.</strong></span> <span class='ocrx_word' id='word_1_720' title='bbox 1437 1808 1576 1844; x_wconf 87' lang='lat' dir='ltr'><strong>Siquidem</strong></span> <span class='ocrx_word' id='word_1_721' title='bbox 1598 1813 1690 1845; x_wconf 88' lang='lat' dir='ltr'><strong>poesis</strong></span> <span class='ocrx_word' id='word_1_722' title='bbox 1710 1813 1767 1846; x_wconf 88' lang='lat' dir='ltr'><strong>ipsa</strong></span> <span class='ocrx_word' id='word_1_723' title='bbox 1785 1821 1857 1847; x_wconf 87' lang='lat' dir='ltr'><strong>quo-</strong></span> 
     </span>
    </p>
   </div>
   <div class='ocr_carea' id='block_1_100' title="bbox 1066 1854 1855 1890">
    <p class='ocr_par' dir='ltr' id='par_1_100' title="bbox 1066 1854 1855 1890">
     <span class='ocr_line' id='line_1_100' title="bbox 1066 1854 1855 1890; baseline 0.008 -11"><span class='ocrx_word' id='word_1_724' title='bbox 1066 1861 1119 1887; x_wconf 89' lang='lat' dir='ltr'><strong>que</strong></span> <span class='ocrx_word' id='word_1_725' title='bbox 1133 1854 1212 1880; x_wconf 82' lang='lat' dir='ltr'><strong>novis</strong></span> <span class='ocrx_word' id='word_1_726' title='bbox 1229 1854 1373 1881; x_wconf 87' lang='lat' dir='ltr'><strong>hominum</strong></span> <span class='ocrx_word' id='word_1_727' title='bbox 1401 1855 1545 1889; x_wconf 81' lang='lat' dir='ltr'><strong>opiniones</strong></span> <span class='ocrx_word' id='word_1_728' title='bbox 1561 1855 1666 1884; x_wconf 82' lang='lat' dir='ltr'><strong>facibus</strong></span> <span class='ocrx_word' id='word_1_729' title='bbox 1679 1858 1855 1890; x_wconf 79' lang='lat' dir='ltr'><strong>accendebat.</strong></span> 
     </span>
    </p>
   </div>
   <div class='ocr_carea' id='block_1_101' title="bbox 1067 1900 1856 1938">
    <p class='ocr_par' dir='ltr' id='par_1_101' title="bbox 1067 1900 1856 1938">
     <span class='ocr_line' id='line_1_101' title="bbox 1067 1900 1856 1938; baseline 0.006 -12"><span class='ocrx_word' id='word_1_730' title='bbox 1067 1907 1129 1926; x_wconf 89' lang='lat' dir='ltr'><strong>eum</strong></span> <span class='ocrx_word' id='word_1_731' title='bbox 1144 1900 1263 1928; x_wconf 91' lang='lat' dir='ltr'><strong>dictione</strong></span> <span class='ocrx_word' id='word_1_732' title='bbox 1277 1901 1311 1927; x_wconf 87' lang='lat' dir='ltr'><strong>ad</strong></span> <span class='ocrx_word' id='word_1_733' title='bbox 1330 1901 1540 1929; x_wconf 84' lang='lat' dir='ltr'><strong>admirationem</strong></span> <span class='ocrx_word' id='word_1_734' title='bbox 1556 1904 1765 1938; x_wconf 61' lang='lat' dir='ltr'><strong>priestigiasque</strong></span> <span class='ocrx_word' id='word_1_735' title='bbox 1780 1911 1856 1931; x_wconf 89' lang='lat' dir='ltr'><strong>com-</strong></span> 
     </span>
    </p>
   </div>
   <div class='ocr_carea' id='block_1_102' title="bbox 1065 1947 1855 1985">
    <p class='ocr_par' dir='ltr' id='par_1_102' title="bbox 1065 1947 1855 1985">
     <span class='ocr_line' id='line_1_102' title="bbox 1065 1947 1855 1985; baseline 0.006 -13"><span class='ocrx_word' id='word_1_736' title='bbox 1065 1950 1172 1980; x_wconf 85' lang='lat' dir='ltr'><strong>parata,</strong></span> <span class='ocrx_word' id='word_1_737' title='bbox 1191 1954 1240 1973; x_wconf 92' lang='lat' dir='ltr'><strong>nec</strong></span> <span class='ocrx_word' id='word_1_738' title='bbox 1260 1947 1293 1974; x_wconf 91' lang='lat' dir='ltr'><strong>ad</strong></span> <span class='ocrx_word' id='word_1_739' title='bbox 1313 1947 1466 1975; x_wconf 89' lang='lat' dir='ltr'><strong>titillandos</strong></span> <span class='ocrx_word' id='word_1_740' title='bbox 1487 1948 1568 1975; x_wconf 90' lang='lat' dir='ltr'><strong>modo</strong></span> <span class='ocrx_word' id='word_1_741' title='bbox 1589 1950 1855 1985; x_wconf 87' lang='lat' dir='ltr'><strong>permulcendosque</strong></span> 
     </span>
    </p>
   </div>
   <div class='ocr_carea' id='block_1_103' title="bbox 1067 1993 1855 2030">
    <p class='ocr_par' dir='ltr' id='par_1_103' title="bbox 1067 1993 1855 2030">
     <span class='ocr_line' id='line_1_103' title="bbox 1067 1993 1855 2030; baseline 0.005 -11"><span class='ocrx_word' id='word_1_742' title='bbox 1067 1999 1175 2025; x_wconf 83' lang='lat' dir='ltr'><strong>sensus,</strong></span> <span class='ocrx_word' id='word_1_743' title='bbox 1194 1999 1290 2020; x_wconf 89' lang='lat' dir='ltr'><strong>verum</strong></span> <span class='ocrx_word' id='word_1_744' title='bbox 1309 1994 1391 2020; x_wconf 86' lang='lat' dir='ltr'><strong>etiam</strong></span> <span class='ocrx_word' id='word_1_745' title='bbox 1409 1994 1442 2020; x_wconf 89' lang='lat' dir='ltr'><strong>ad</strong></span> <span class='ocrx_word' id='word_1_746' title='bbox 1457 1993 1537 2021; x_wconf 87' lang='lat' dir='ltr'><strong>fidem</strong></span> <span class='ocrx_word' id='word_1_747' title='bbox 1556 2002 1660 2027; x_wconf 88' lang='lat' dir='ltr'><strong>rerum,</strong></span> <span class='ocrx_word' id='word_1_748' title='bbox 1681 2003 1743 2030; x_wconf 69' lang='lat' dir='ltr'><strong>quae</strong></span> <span class='ocrx_word' id='word_1_749' title='bbox 1759 1998 1855 2023; x_wconf 83' lang='lat' dir='ltr'><strong>verisi-</strong></span> 
     </span>
    </p>
   </div>
   <div class='ocr_carea' id='block_1_104' title="bbox 1065 2038 1855 2073">
    <p class='ocr_par' dir='ltr' id='par_1_104' title="bbox 1065 2038 1855 2073">
     <span class='ocr_line' id='line_1_104' title="bbox 1065 2038 1855 2073; baseline 0.006 -9"><span class='ocrx_word' id='word_1_750' title='bbox 1065 2038 1248 2065; x_wconf 87' lang='lat' dir='ltr'><strong>militudinem</strong></span> <span class='ocrx_word' id='word_1_751' title='bbox 1269 2045 1381 2073; x_wconf 86' lang='lat' dir='ltr'><strong>prorsus</strong></span> <span class='ocrx_word' id='word_1_752' title='bbox 1412 2047 1521 2066; x_wconf 87' lang='lat' dir='ltr'><strong>onmem</strong></span> <span class='ocrx_word' id='word_1_753' title='bbox 1541 2040 1730 2073; x_wconf 81' lang='lat' dir='ltr'><strong>excluderent,</strong></span> <span class='ocrx_word' id='word_1_754' title='bbox 1749 2041 1855 2069; x_wconf 86' lang='lat' dir='ltr'><strong>facien-</strong></span> 
     </span>
    </p>
   </div>
   <div class='ocr_carea' id='block_1_105' title="bbox 1065 2083 1854 2121">
    <p class='ocr_par' dir='ltr' id='par_1_105' title="bbox 1065 2083 1854 2121">
     <span class='ocr_line' id='line_1_105' title="bbox 1065 2083 1854 2121; baseline 0.004 -11"><span class='ocrx_word' id='word_1_755' title='bbox 1065 2083 1128 2110; x_wconf 85' lang='lat' dir='ltr'><strong>dam</strong></span> <span class='ocrx_word' id='word_1_756' title='bbox 1155 2084 1346 2117; x_wconf 88' lang='lat' dir='ltr'><strong>potentissima</strong></span> <span class='ocrx_word' id='word_1_757' title='bbox 1373 2088 1506 2112; x_wconf 85' lang='lat' dir='ltr'><strong>uteretur.</strong></span> <span class='ocrx_word' id='word_1_758' title='bbox 1539 2084 1592 2112; x_wconf 89' lang='lat' dir='ltr'><strong>Sed</strong></span> <span class='ocrx_word' id='word_1_759' title='bbox 1611 2093 1705 2112; x_wconf 88' lang='lat' dir='ltr'><strong>verum</strong></span> <span class='ocrx_word' id='word_1_760' title='bbox 1731 2086 1854 2121; x_wconf 84' lang='lat' dir='ltr'><strong>profecto</strong></span> 
     </span>
    </p>
   </div>
   <div class='ocr_carea' id='block_1_106' title="bbox 1065 2129 1854 2164">
    <p class='ocr_par' dir='ltr' id='par_1_106' title="bbox 1065 2129 1854 2164">
     <span class='ocr_line' id='line_1_106' title="bbox 1065 2129 1854 2164; baseline 0.006 -9"><span class='ocrx_word' id='word_1_761' title='bbox 1065 2133 1134 2161; x_wconf 83' lang='lat' dir='ltr'><strong>erat,</strong></span> <span class='ocrx_word' id='word_1_762' title='bbox 1150 2129 1202 2156; x_wconf 88' lang='lat' dir='ltr'><strong>hoc</strong></span> <span class='ocrx_word' id='word_1_763' title='bbox 1217 2130 1268 2156; x_wconf 85' lang='lat' dir='ltr'><strong>sibi</strong></span> <span class='ocrx_word' id='word_1_764' title='bbox 1283 2133 1442 2157; x_wconf 87' lang='lat' dir='ltr'><strong>constanter</strong></span> <span class='ocrx_word' id='word_1_765' title='bbox 1457 2130 1484 2156; x_wconf 94' lang='lat' dir='ltr'><strong>in</strong></span> <span class='ocrx_word' id='word_1_766' title='bbox 1500 2130 1622 2157; x_wconf 90' lang='lat' dir='ltr'><strong>animum</strong></span> <span class='ocrx_word' id='word_1_767' title='bbox 1642 2131 1781 2164; x_wconf 78' lang='lat' dir='ltr'><strong>inducere,</strong></span> <span class='ocrx_word' id='word_1_768' title='bbox 1805 2140 1854 2160; x_wconf 79' lang='lat' dir='ltr'><strong>nec</strong></span> 
     </span>
    </p>
   </div>
   <div class='ocr_carea' id='block_1_107' title="bbox 1066 2175 1852 2214">
    <p class='ocr_par' dir='ltr' id='par_1_107' title="bbox 1066 2175 1852 2214">
     <span class='ocr_line' id='line_1_107' title="bbox 1066 2175 1852 2214; baseline 0.006 -13"><span class='ocrx_word' id='word_1_769' title='bbox 1066 2182 1081 2201; x_wconf 87' lang='lat' dir='ltr'><strong>a</strong></span> <span class='ocrx_word' id='word_1_770' title='bbox 1098 2175 1170 2202; x_wconf 88' lang='lat' dir='ltr'><strong>bono</strong></span> <span class='ocrx_word' id='word_1_771' title='bbox 1180 2175 1346 2207; x_wconf 82' lang='lat' dir='ltr'><strong>detrimenti,</strong></span> <span class='ocrx_word' id='word_1_772' title='bbox 1356 2183 1406 2203; x_wconf 87' lang='lat' dir='ltr'><strong>nec</strong></span> <span class='ocrx_word' id='word_1_773' title='bbox 1418 2183 1433 2202; x_wconf 87' lang='lat' dir='ltr'><strong>a</strong></span> <span class='ocrx_word' id='word_1_774' title='bbox 1451 2176 1523 2203; x_wconf 83' lang='lat' dir='ltr'><strong>malo</strong></span> <span class='ocrx_word' id='word_1_775' title='bbox 1537 2176 1684 2210; x_wconf 81' lang='lat' dir='ltr'><strong>adjumenti</strong></span> <span class='ocrx_word' id='word_1_776' title='bbox 1704 2178 1852 2214; x_wconf 86' lang='lat' dir='ltr'><strong>quidquam</strong></span> 
     </span>
    </p>
   </div>
   <div class='ocr_carea' id='block_1_108' title="bbox 1066 2220 1849 2256">
    <p class='ocr_par' dir='ltr' id='par_1_108' title="bbox 1066 2220 1849 2256">
     <span class='ocr_line' id='line_1_108' title="bbox 1066 2220 1849 2256; baseline 0.006 -9"><span class='ocrx_word' id='word_1_777' title='bbox 1066 2220 1203 2255; x_wconf 84' lang='lat' dir='ltr'><strong>proficisci</strong></span> <span class='ocrx_word' id='word_1_778' title='bbox 1220 2229 1311 2255; x_wconf 88' lang='lat' dir='ltr'><strong>posse.</strong></span> <span class='ocrx_word' id='word_1_779' title='bbox 1329 2220 1364 2248; x_wconf 89' lang='lat' dir='ltr'><strong>Ut</strong></span> <span class='ocrx_word' id='word_1_780' title='bbox 1378 2222 1463 2253; x_wconf 84' lang='lat' dir='ltr'><strong>enim,</strong></span> <span class='ocrx_word' id='word_1_781' title='bbox 1479 2222 1552 2256; x_wconf 87' lang='lat' dir='ltr'><strong>quod</strong></span> <span class='ocrx_word' id='word_1_782' title='bbox 1569 2222 1607 2249; x_wconf 88' lang='lat' dir='ltr'><strong>ait</strong></span> <span class='ocrx_word' id='word_1_783' title='bbox 1624 2222 1709 2255; x_wconf 84' lang='lat' dir='ltr'><strong>Plato,</strong></span> <span class='ocrx_word' id='word_1_784' title='bbox 1731 2233 1780 2252; x_wconf 80' lang='lat' dir='ltr'><strong>nec</strong></span> <span class='ocrx_word' id='word_1_785' title='bbox 1802 2224 1849 2252; x_wconf 87' lang='lat' dir='ltr'><strong>fri-</strong></span> 
     </span>
    </p>
   </div>
   <div class='ocr_carea' id='block_1_109' title="bbox 1031 2264 1855 2304">
    <p class='ocr_par' dir='ltr' id='par_1_109' title="bbox 1031 2264 1855 2304">
     <span class='ocr_line' id='line_1_109' title="bbox 1031 2264 1855 2304; baseline 0.005 -10"><span class='ocrx_word' id='word_1_786' title='bbox 1031 2264 1050 2290; x_wconf 89' lang='lat' dir='ltr'>D</span> <span class='ocrx_word' id='word_1_787' title='bbox 1066 2267 1188 2302; x_wconf 79' lang='lat' dir='ltr'><strong>gefacere</strong></span> <span class='ocrx_word' id='word_1_788' title='bbox 1201 2268 1299 2295; x_wconf 88' lang='lat' dir='ltr'><strong>caloris</strong></span> <span class='ocrx_word' id='word_1_789' title='bbox 1315 2273 1366 2302; x_wconf 90' lang='lat' dir='ltr'><strong>est,</strong></span> <span class='ocrx_word' id='word_1_790' title='bbox 1377 2270 1422 2296; x_wconf 81' lang='lat' dir='ltr'><strong>sed</strong></span> <span class='ocrx_word' id='word_1_791' title='bbox 1436 2269 1564 2296; x_wconf 79' lang='lat' dir='ltr'><strong>contrarii</strong></span> <span class='ocrx_word' id='word_1_792' title='bbox 1576 2277 1583 2301; x_wconf 87' lang='lat'>;</span> <span class='ocrx_word' id='word_1_793' title='bbox 1597 2278 1645 2296; x_wconf 87' lang='lat' dir='ltr'><strong>nec</strong></span> <span class='ocrx_word' id='word_1_794' title='bbox 1660 2269 1768 2304; x_wconf 81' lang='lat' dir='ltr'><strong>frigoris</strong></span> <span class='ocrx_word' id='word_1_795' title='bbox 1783 2271 1855 2299; x_wconf 85' lang='lat' dir='ltr'><strong>cale-</strong></span> 
     </span>
    </p>
   </div>
   <div class='ocr_carea' id='block_1_110' title="bbox 1068 2314 1851 2352">
    <p class='ocr_par' dir='ltr' id='par_1_110' title="bbox 1068 2314 1851 2352">
     <span class='ocr_line' id='line_1_110' title="bbox 1068 2314 1851 2352; baseline 0.005 -11"><span class='ocrx_word' id='word_1_796' title='bbox 1068 2314 1167 2345; x_wconf 83' lang='lat' dir='ltr'><strong>facere,</strong></span> <span class='ocrx_word' id='word_1_797' title='bbox 1189 2315 1266 2350; x_wconf 80' lang='lat'><strong>173</strong></span> <span class='ocrx_word' id='word_1_798' title='bbox 1282 2315 1327 2342; x_wconf 90' lang='lat' dir='ltr'><strong>sed</strong></span> <span class='ocrx_word' id='word_1_799' title='bbox 1341 2316 1489 2349; x_wconf 86' lang='lat' dir='ltr'><strong>contrarii;</strong></span> <span class='ocrx_word' id='word_1_800' title='bbox 1507 2317 1546 2344; x_wconf 90' lang='lat' dir='ltr'><strong>sic</strong></span> <span class='ocrx_word' id='word_1_801' title='bbox 1558 2324 1646 2351; x_wconf 88' lang='lat' dir='ltr'><strong>neque</strong></span> <span class='ocrx_word' id='word_1_802' title='bbox 1664 2318 1851 2352; x_wconf 86' lang='lat' dir='ltr'><strong>nocere,justi</strong></span> 
     </span>
    </p>
   </div>
   <div class='ocr_carea' id='block_1_111' title="bbox 1064 2360 1852 2394">
    <p class='ocr_par' dir='ltr' id='par_1_111' title="bbox 1064 2360 1852 2394">
     <span class='ocr_line' id='line_1_111' title="bbox 1064 2360 1852 2394; baseline 0.004 -7"><span class='ocrx_word' id='word_1_803' title='bbox 1064 2367 1124 2387; x_wconf 83' lang='lat' dir='ltr'><strong>esse</strong></span> <span class='ocrx_word' id='word_1_804' title='bbox 1138 2364 1246 2394; x_wconf 80' lang='lat' dir='ltr'><strong>potest;</strong></span> <span class='ocrx_word' id='word_1_805' title='bbox 1267 2360 1338 2388; x_wconf 67' lang='lat' dir='ltr'><strong>DBUS</strong></span> <span class='ocrx_word' id='word_1_806' title='bbox 1354 2366 1444 2388; x_wconf 85' lang='lat' dir='ltr'><strong>autem</strong></span> <span class='ocrx_word' id='word_1_807' title='bbox 1461 2368 1534 2389; x_wconf 86' lang='lat' dir='ltr'><strong>certe</strong></span> <span class='ocrx_word' id='word_1_808' title='bbox 1548 2367 1645 2390; x_wconf 86' lang='lat' dir='ltr'><strong>natura</strong></span> <span class='ocrx_word' id='word_1_809' title='bbox 1659 2371 1708 2389; x_wconf 85' lang='lat' dir='ltr'><strong>sua</strong></span> <span class='ocrx_word' id='word_1_810' title='bbox 1726 2371 1768 2390; x_wconf 68' lang='grc' dir='ltr'><strong>νος</strong></span> <span class='ocrx_word' id='word_1_811' title='bbox 1791 2372 1852 2391; x_wconf 89' lang='lat' dir='ltr'><strong>om-</strong></span> 
     </span>
    </p>
   </div>
   <div class='ocr_carea' id='block_1_112' title="bbox 1063 2405 1852 2442">
    <p class='ocr_par' dir='ltr' id='par_1_112' title="bbox 1063 2405 1852 2442">
     <span class='ocr_line' id='line_1_112' title="bbox 1063 2405 1852 2442; baseline 0.008 -11"><span class='ocrx_word' id='word_1_812' title='bbox 1063 2413 1112 2431; x_wconf 56' lang='lat' dir='ltr'><strong>nes</strong></span> <span class='ocrx_word' id='word_1_813' title='bbox 1125 2405 1254 2440; x_wconf 69' lang='lat' dir='ltr'><strong>zequitate</strong></span> <span class='ocrx_word' id='word_1_814' title='bbox 1269 2413 1301 2432; x_wconf 84' lang='lat' dir='ltr'><strong>ac</strong></span> <span class='ocrx_word' id='word_1_815' title='bbox 1318 2405 1426 2440; x_wconf 87' lang='lat' dir='ltr'><strong>justitia</strong></span> <span class='ocrx_word' id='word_1_816' title='bbox 1451 2411 1572 2442; x_wconf 83' lang='lat' dir='ltr'><strong>superat,</strong></span> <span class='ocrx_word' id='word_1_817' title='bbox 1590 2407 1692 2441; x_wconf 73' lang='lat' dir='ltr'><strong>aliOqui</strong></span> <span class='ocrx_word' id='word_1_818' title='bbox 1719 2415 1754 2435; x_wconf 84' lang='lat' dir='ltr'><strong>ne</strong></span> <span class='ocrx_word' id='word_1_819' title='bbox 1781 2408 1852 2437; x_wconf 90' lang='lat' dir='ltr'><strong>Deus</strong></span> 
     </span>
    </p>
   </div>
   <div class='ocr_carea' id='block_1_113' title="bbox 1062 2503 1850 2542">
    <p class='ocr_par' dir='ltr' id='par_1_113' title="bbox 1062 2503 1850 2542">
     <span class='ocr_line' id='line_1_113' title="bbox 1062 2503 1850 2542; baseline 0.005 -12"><span class='ocrx_word' id='word_1_820' title='bbox 1062 2503 1109 2530; x_wconf 69' lang='grc' dir='ltr'>καὶ</span> <span class='ocrx_word' id='word_1_821' title='bbox 1136 2504 1314 2542; x_wconf 60' lang='grc' dir='ltr'>τετάρακται,</span> <span class='ocrx_word' id='word_1_822' title='bbox 1336 2504 1413 2542; x_wconf 76' lang='grc' dir='ltr'>φασὶ,</span> <span class='ocrx_word' id='word_1_823' title='bbox 1442 2504 1521 2542; x_wconf 77' lang='grc' dir='ltr'>πάντ’</span> <span class='ocrx_word' id='word_1_824' title='bbox 1538 2505 1595 2531; x_wconf 82' lang='grc' dir='ltr'>ἅνω</span> <span class='ocrx_word' id='word_1_825' title='bbox 1615 2505 1702 2542; x_wconf 76' lang='grc' dir='ltr'>κάτω.</span> <span class='ocrx_word' id='word_1_826' title='bbox 1715 2504 1850 2534; x_wconf 72' lang='lat' dir='ltr'><strong>Vitiosum</strong></span> 
     </span>
    </p>
   </div>
   <div class='ocr_carea' id='block_1_114' title="bbox 1062 2539 1853 2575">
    <p class='ocr_par' dir='ltr' id='par_1_114' title="bbox 1062 2539 1853 2575">
     <span class='ocr_line' id='line_1_114' title="bbox 1062 2539 1853 2575; baseline 0.006 -10"><span class='ocrx_word' id='word_1_827' title='bbox 1062 2539 1171 2573; x_wconf 91' lang='lat' dir='ltr'><strong>quidem</strong></span> <span class='ocrx_word' id='word_1_828' title='bbox 1197 2544 1238 2567; x_wconf 89' lang='lat' dir='ltr'><strong>est</strong></span> <span class='ocrx_word' id='word_1_829' title='bbox 1254 2539 1268 2566; x_wconf 83' lang='grc' dir='ltr'><strong>ὃ</strong></span> <span class='ocrx_word' id='word_1_830' title='bbox 1281 2540 1324 2575; x_wconf 85' lang='grc' dir='ltr'><strong>δή,</strong></span> <span class='ocrx_word' id='word_1_831' title='bbox 1340 2539 1377 2566; x_wconf 69' lang='grc' dir='ltr'>ἐι</span> <span class='ocrx_word' id='word_1_832' title='bbox 1390 2541 1532 2574; x_wconf 85' lang='lat' dir='ltr'><strong>sequentia</strong></span> <span class='ocrx_word' id='word_1_833' title='bbox 1550 2541 1636 2574; x_wconf 79' lang='lat' dir='ltr'><strong>magis</strong></span> <span class='ocrx_word' id='word_1_834' title='bbox 1666 2541 1774 2575; x_wconf 86' lang='lat' dir='ltr'><strong>placent</strong></span> <span class='ocrx_word' id='word_1_835' title='bbox 1800 2543 1853 2570; x_wconf 91' lang='lat' dir='ltr'><strong>hoc</strong></span> 
     </span>
    </p>
   </div>
   <div class='ocr_carea' id='block_1_115' title="bbox 1061 2575 1850 2609">
    <p class='ocr_par' dir='ltr' id='par_1_115' title="bbox 1061 2575 1850 2609">
     <span class='ocr_line' id='line_1_115' title="bbox 1061 2575 1850 2609; baseline 0.006 -9"><span class='ocrx_word' id='word_1_836' title='bbox 1061 2582 1162 2607; x_wconf 89' lang='lat' dir='ltr'><strong>sensu;</strong></span> <span class='ocrx_word' id='word_1_837' title='bbox 1183 2582 1239 2609; x_wconf 89' lang='lat' dir='ltr'><strong>quo</strong></span> <span class='ocrx_word' id='word_1_838' title='bbox 1260 2575 1382 2607; x_wconf 89' lang='lat' dir='ltr'><strong>quidem,</strong></span> <span class='ocrx_word' id='word_1_839' title='bbox 1403 2575 1507 2606; x_wconf 75' lang='lat' dir='ltr'><strong>omnia,</strong></span> <span class='ocrx_word' id='word_1_840' title='bbox 1536 2575 1609 2609; x_wconf 85' lang='lat' dir='ltr'><strong>quod</strong></span> <span class='ocrx_word' id='word_1_841' title='bbox 1627 2575 1714 2606; x_wconf 85' lang='lat' dir='ltr'><strong>aiunt,</strong></span> <span class='ocrx_word' id='word_1_842' title='bbox 1739 2584 1850 2605; x_wconf 86' lang='lat' dir='ltr'><strong>sursum</strong></span> 
     </span>
    </p>
   </div>
   <div class='ocr_carea' id='block_1_116' title="bbox 1061 2610 1633 2643">
    <p class='ocr_par' dir='ltr' id='par_1_116' title="bbox 1061 2610 1633 2643">
     <span class='ocr_line' id='line_1_116' title="bbox 1061 2610 1633 2643; baseline 0 -7"><span class='ocrx_word' id='word_1_843' title='bbox 1061 2617 1094 2636; x_wconf 89' lang='lat' dir='ltr'><strong>ac</strong></span> <span class='ocrx_word' id='word_1_844' title='bbox 1107 2610 1236 2636; x_wconf 89' lang='lat' dir='ltr'><strong>deorsum</strong></span> <span class='ocrx_word' id='word_1_845' title='bbox 1249 2615 1307 2636; x_wconf 85' lang='lat' dir='ltr'><strong>acta</strong></span> <span class='ocrx_word' id='word_1_846' title='bbox 1325 2615 1398 2642; x_wconf 87' lang='lat' dir='ltr'><strong>sunt,</strong></span> <span class='ocrx_word' id='word_1_847' title='bbox 1412 2614 1496 2643; x_wconf 83' lang='lat' dir='ltr'><strong>atque</strong></span> <span class='ocrx_word' id='word_1_848' title='bbox 1508 2610 1633 2636; x_wconf 82' lang='lat' dir='ltr'><strong>confusa.</strong></span> 
     </span>
    </p>
   </div>
   <div class='ocr_carea' id='block_1_117' title="bbox 1097 2643 1850 2682">
    <p class='ocr_par' dir='ltr' id='par_1_117' title="bbox 1097 2643 1850 2682">
     <span class='ocr_line' id='line_1_117' title="bbox 1097 2643 1850 2682; baseline 0.009 -12"><span class='ocrx_word' id='word_1_849' title='bbox 1097 2643 1384 2682; x_wconf 77' lang='grc' dir='ltr'>(57)Πεποιημένην.</span> <span class='ocrx_word' id='word_1_850' title='bbox 1402 2643 1590 2682; x_wconf 71' lang='lat' dir='ltr'><strong>_Non_dubito</strong></span> <span class='ocrx_word' id='word_1_851' title='bbox 1616 2645 1682 2679; x_wconf 88' lang='lat' dir='ltr'><strong>quin</strong></span> <span class='ocrx_word' id='word_1_852' title='bbox 1707 2646 1850 2682; x_wconf 74' lang='lat' dir='ltr'><strong>legendum</strong></span> 
     </span>
    </p>
   </div>
   <div class='ocr_carea' id='block_1_118' title="bbox 1061 2678 1620 2714">
    <p class='ocr_par' dir='ltr' id='par_1_118' title="bbox 1061 2678 1620 2714">
     <span class='ocr_line' id='line_1_118' title="bbox 1061 2678 1620 2714; baseline -0.005 -8"><span class='ocrx_word' id='word_1_853' title='bbox 1061 2678 1106 2711; x_wconf 79' lang='lat' dir='ltr'><strong>sit,</strong></span> <span class='ocrx_word' id='word_1_854' title='bbox 1121 2680 1260 2714; x_wconf 88' lang='lat' dir='ltr'><strong>quomodo</strong></span> <span class='ocrx_word' id='word_1_855' title='bbox 1276 2679 1456 2714; x_wconf 79' lang='lat' dir='ltr'><strong>Porphyrius,</strong></span> <span class='ocrx_word' id='word_1_856' title='bbox 1475 2678 1620 2714; x_wconf 83' lang='grc' dir='ltr'>δυναμένῃ,</span> 
     </span>
    </p>
   </div>
   <div class='ocr_carea' id='block_1_119' title="bbox 1096 2714 1627 2750">
    <p class='ocr_par' dir='ltr' id='par_1_119' title="bbox 1096 2714 1627 2750">
     <span class='ocr_line' id='line_1_119' title="bbox 1096 2714 1627 2750; baseline -0.004 -9"><span class='ocrx_word' id='word_1_857' title='bbox 1096 2714 1153 2750; x_wconf 72' lang='lat'><strong>(58)</strong></span> <span class='ocrx_word' id='word_1_858' title='bbox 1170 2714 1222 2750; x_wconf 76' lang='grc' dir='ltr'><strong>Διὰ</strong></span> <span class='ocrx_word' id='word_1_859' title='bbox 1232 2714 1345 2749; x_wconf 78' lang='grc' dir='ltr'><strong>μέντοι.</strong></span> <span class='ocrx_word' id='word_1_860' title='bbox 1363 2714 1509 2750; x_wconf 52' lang='grc' dir='ltr'><strong>νοτ-βίην..</strong></span> <span class='ocrx_word' id='word_1_861' title='bbox 1526 2722 1552 2748; x_wconf 89' lang='lat' dir='ltr'><strong>p.</strong></span> <span class='ocrx_word' id='word_1_862' title='bbox 1564 2714 1627 2741; x_wconf 67' lang='lat'><strong>“205.</strong></span> 
     </span>
    </p>
   </div>
   <div class='ocr_carea' id='block_1_120' title="bbox 1095 2749 1851 2784">
    <p class='ocr_par' dir='ltr' id='par_1_120' title="bbox 1095 2749 1851 2784">
     <span class='ocr_line' id='line_1_120' title="bbox 1095 2749 1851 2784; baseline 0.005 -9"><span class='ocrx_word' id='word_1_863' title='bbox 1095 2750 1152 2784; x_wconf 82' lang='lat'><strong>(59)</strong></span> <span class='ocrx_word' id='word_1_864' title='bbox 1168 2749 1220 2776; x_wconf 81' lang='grc' dir='ltr'><strong>Διὰ</strong></span> <span class='ocrx_word' id='word_1_865' title='bbox 1234 2749 1356 2776; x_wconf 76' lang='grc' dir='ltr'>τούτων.</span> <span class='ocrx_word' id='word_1_866' title='bbox 1374 2749 1568 2784; x_wconf 78' lang='lat' dir='ltr'><strong>Matclicorum,</strong></span> <span class='ocrx_word' id='word_1_867' title='bbox 1582 2758 1615 2776; x_wconf 87' lang='lat' dir='ltr'><strong>an</strong></span> <span class='ocrx_word' id='word_1_868' title='bbox 1633 2750 1806 2780; x_wconf 69' lang='lat' dir='ltr'><strong>dmmonum?</strong></span> <span class='ocrx_word' id='word_1_869' title='bbox 1822 2754 1851 2781; x_wconf 79' lang='lat' dir='ltr'><strong>Si</strong></span> 
     </span>
    </p>
   </div>
   <div class='ocr_carea' id='block_1_121' title="bbox 1059 2783 1851 2821">
    <p class='ocr_par' dir='ltr' id='par_1_121' title="bbox 1059 2783 1851 2821">
     <span class='ocr_line' id='line_1_121' title="bbox 1059 2783 1851 2821; baseline 0.005 -10"><span class='ocrx_word' id='word_1_870' title='bbox 1059 2783 1258 2821; x_wconf 76' lang='lat' dir='ltr'><strong>maleticorum,</strong></span> <span class='ocrx_word' id='word_1_871' title='bbox 1274 2785 1300 2810; x_wconf 83' lang='grc' dir='ltr'>οἱ</span> <span class='ocrx_word' id='word_1_872' title='bbox 1313 2783 1510 2821; x_wconf 68' lang='grc' dir='ltr'>κακοδαίμονες</span> <span class='ocrx_word' id='word_1_873' title='bbox 1529 2789 1594 2821; x_wconf 77' lang='lat' dir='ltr'><strong>sunt</strong></span> <span class='ocrx_word' id='word_1_874' title='bbox 1613 2786 1675 2812; x_wconf 85' lang='lat' dir='ltr'><strong>mali</strong></span> <span class='ocrx_word' id='word_1_875' title='bbox 1693 2788 1851 2821; x_wconf 60' lang='lat' dir='ltr'><strong>daemones;</strong></span> 
     </span>
    </p>
   </div>
   <div class='ocr_carea' id='block_1_122' title="bbox 1059 2817 1852 2853">
    <p class='ocr_par' dir='ltr' id='par_1_122' title="bbox 1059 2817 1852 2853">
     <span class='ocr_line' id='line_1_122' title="bbox 1059 2817 1852 2853; baseline 0.004 -6"><span class='ocrx_word' id='word_1_876' title='bbox 1059 2821 1102 2847; x_wconf 87' lang='lat' dir='ltr'><strong>sin</strong></span> <span class='ocrx_word' id='word_1_877' title='bbox 1123 2819 1289 2850; x_wconf 63' lang='lat' dir='ltr'><strong>daemonum,</strong></span> <span class='ocrx_word' id='word_1_878' title='bbox 1305 2819 1330 2845; x_wconf 82' lang='grc' dir='ltr'><strong>οι</strong></span> <span class='ocrx_word' id='word_1_879' title='bbox 1341 2817 1538 2853; x_wconf 79' lang='grc' dir='ltr'>κακοδαίμονες</span> <span class='ocrx_word' id='word_1_880' title='bbox 1553 2820 1645 2847; x_wconf 79' lang='lat' dir='ltr'><strong>miseri</strong></span> <span class='ocrx_word' id='word_1_881' title='bbox 1662 2827 1751 2850; x_wconf 85' lang='lat' dir='ltr'><strong>erunt.</strong></span> <span class='ocrx_word' id='word_1_882' title='bbox 1777 2817 1852 2851; x_wconf 77' lang='lat' dir='ltr'><strong>Saué</strong></span> 
     </span>
    </p>
   </div>
   <div class='ocr_carea' id='block_1_123' title="bbox 1058 2853 1851 2892">
    <p class='ocr_par' dir='ltr' id='par_1_123' title="bbox 1058 2853 1851 2892">
     <span class='ocr_line' id='line_1_123' title="bbox 1058 2853 1851 2892; baseline 0.004 -10"><span class='ocrx_word' id='word_1_883' title='bbox 1058 2855 1102 2882; x_wconf 84' lang='lat' dir='ltr'><strong>his</strong></span> <span class='ocrx_word' id='word_1_884' title='bbox 1119 2855 1146 2881; x_wconf 87' lang='lat' dir='ltr'><strong>in</strong></span> <span class='ocrx_word' id='word_1_885' title='bbox 1159 2854 1242 2881; x_wconf 86' lang='lat' dir='ltr'><strong>rebus</strong></span> <span class='ocrx_word' id='word_1_886' title='bbox 1257 2858 1380 2881; x_wconf 85' lang='lat' dir='ltr'><strong>mutuam</strong></span> <span class='ocrx_word' id='word_1_887' title='bbox 1397 2853 1451 2883; x_wconf 62' lang='lat' dir='ltr'><strong>sibi</strong></span> <span class='ocrx_word' id='word_1_888' title='bbox 1465 2854 1601 2882; x_wconf 66' lang='lat' dir='ltr'><strong>daemones</strong></span> <span class='ocrx_word' id='word_1_889' title='bbox 1612 2860 1639 2882; x_wconf 88' lang='lat' dir='ltr'><strong>ct</strong></span> <span class='ocrx_word' id='word_1_890' title='bbox 1655 2857 1772 2884; x_wconf 81' lang='lat' dir='ltr'><strong>maleﬁci</strong></span> <span class='ocrx_word' id='word_1_891' title='bbox 1784 2865 1851 2892; x_wconf 82' lang='lat' dir='ltr'><strong>ope-</strong></span> 
     </span>
    </p>
   </div>
   <div class='ocr_carea' id='block_1_124' title="bbox 1057 2892 1242 2917">
    <p class='ocr_par' dir='ltr' id='par_1_124' title="bbox 1057 2892 1242 2917">
     <span class='ocr_line' id='line_1_124' title="bbox 1057 2892 1242 2917; baseline -0.005 -1"><span class='ocrx_word' id='word_1_892' title='bbox 1057 2897 1116 2917; x_wconf 84' lang='lat' dir='ltr'><strong>ram</strong></span> <span class='ocrx_word' id='word_1_893' title='bbox 1131 2892 1242 2916; x_wconf 85' lang='lat' dir='ltr'><strong>nava-nt.</strong></span> 
     </span>
    </p>
   </div>
  </div>
