4156 6410
428 358 541 424 $03

1104 363 1373 422 EUSEBII
1407 363 1891 420 CESARIENSIS
1922 364 2072 420 OPP.
2116 364 2295 421 PARS
2328 363 2394 421 ll.
2434 392 2503 405 -—
2544 363 3024 422 APOLOGETICA

3580 364 3687 419 506

432 483 654 555 quidem
678 490 844 539 esset.
881 480 1064 549 Quare
1090 481 1200 536 vim
1247 480 1429 544 is‘tam,
1456 490 1620 550 atque
1646 482 1746 535 has
1775 479 2007 535 nocendi

2110 480 2441 551 δυναμοῦται
2486 481 2607 544 ταῖς
2642 483 2706 534 ἐκ
2756 480 2865 533 τῶν
2907 479 3156 549 αἱμάτων
3200 479 3294 533 καὶ
3327 478 3545 550 σαρκῶν
3588 478 3686 535 θυ-

432 582 669 646 par-tesa
695 573 945 644 benignis
972 588 1036 628 ac
1066 572 1323 627 beneficis
1356 570 1697 627 daemonibus
1731 585 2011 626 removere

433 662 661 720 om'nino
689 664 865 719 decet.
896 663 1054 729 Quod
1087 661 1238 717 enim
1276 661 1343 717 ad
1368 661 1677 716 nocendum
1713 667 1825 716 tam
1856 676 1886 715 a
1912 676 2010 716 na-

434 766 578 821 tura,
624 769 791 825 quam
832 767 864 807 a
898 752 1183 809 voluntate
1214 759 1589 823 comparatum
1639 752 1740 816 sit,
1783 752 1836 807 id
1879 767 2007 806 cum

434 846 679 901 benefico
733 857 976 915 pugnare
1036 856 1263 897 necesse
1308 848 1397 897 est
1428 857 1441 893 :
1471 841 1768 897 contrariis
1820 848 2007 896 autem

433 936 913 1009 pugnantibusque
940 934 1106 991 rebus
1128 935 1277 989 nulla
1305 948 1430 990 esse
1457 941 1636 1005 potest
1661 934 1805 990 circa
1835 950 2007 990 unum

435 1029 688 1098 idemque
723 1025 1037 1082 consensio.
1075 1042 1094 1076 ι
1138 1022 1206 1080 Et
1230 1040 1448 1081 rursus.
1482 1042 1504 1077 ι
1543 1024 1895 1091 infestorum,
1924 1026 2008 1080 in-

431 1121 571 1189 quit,
621 1119 932 1174 damonum
954 1117 1166 1173 artibus
1207 1133 1379 1188 genus
1421 1133 1584 1173 omne
1609 1118 2007 1189 praestigiarum

431 1208 702 1265 efﬁcitur:
740 1208 976 1277 illosque
1005 1216 1313 1278 propterea,
1348 1208 1677 1279 illorumque
1704 1209 2008 1279 principem

437 1298 671 1356 malefici
706 1299 962 1355 homines
978 1300 1215 1355 maxime
1235 1309 1581 1355 venerantur.
1603 1300 1814 1371 Quippe
1842 1302 2010 1355 abun-

429 1392 565 1447 dant
592 1392 739 1448 enim
792 1392 886 1447 isti
934 1391 1094 1447 vanis
1128 1391 1380 1462 fictisque
1415 1407 1597 1446 rerum
1658 1392 2007 1463 imaginibus,

428 1501 608 1556 eoque
653 1485 721 1541 ad
764 1484 1179 1541 concinnandas
1209 1485 1567 1541 insolentibus
1594 1488 1866 1542 machinis
1909 1486 2011 1541 fal-

429 1580 613 1635 lacias!
641 1579 910 1649 aptissimi
945 1585 1095 1633 sunt.
1130 1576 1337 1632 Horum
1368 1578 1535 1648 igitur
1558 1593 1745 1648 opera,
1796 1587 2011 1633 amato-

2111 574 2253 637 σίαις
2290 573 2421 643 (60).
2463 593 2482 625 ι
2516 574 2615 626 Διὰ
2654 573 2716 644 δὴ
2756 572 2960 626 τούτων
3002 571 3321 643 ἀκηκόαμεν
3360 571 3687 642 ὁμολογούν-

2108 680 2236 725 των,
2262 664 2343 715 ὅτι
2380 663 2454 734 μὴ
2500 662 2659 733 μόνον
2683 663 2733 715 oi
2765 661 2892 732 παρ’
2919 660 3143 731 Ἕλλησι
3174 660 3394 730 ποιηταὶ
3429 658 3689 731 προσεξέ-

2107 773 2319 810 καυσαν
2342 756 2441 819 τὰς
2474 754 2771 825 ὑπολήψεις
2815 755 2924 806 τῶν
2953 751 3273 823 ἀνθρώπων,
3299 752 3399 815 τὰς
3426 753 3553 823 περὶ⁵
3579 752 3688 805 τῶν

2108 842 2329 913 φαύλων
2351 842 2622 913 δαιμόνων
2649 842 2725 906 ὠς
2750 859 2816 894 πε
2827 842 2878 913 pl.
2894 841 3030 894 θεῶν
3059 838 3154 893 καὶ
3181 840 3567 908 ἀγαθῶν,ἀλλὰ
3593 843 3688 895 καὶ

2106 933 2217 987 τῶν
2244 936 2303 987 ὲν
2330 934 2613 1005 φιλοσοφίᾳ
2635 933 3015 1004 διατριὸόντων
3029 933 3079 984 οἱ
3096 932 3223 1003 περὶ
3238 933 3391 996 θεοὺς
3404 933 3688 999 δοκοῦντες

2109 1026 2411 1089 σπουδαίως
2454 1027 2619 1097 ἔχειν,
2650 1026 2699 1078 οἳ
2746 1026 2841 1080 καὶ
2871 1026 3023 1078 αὐτοὶ
3049 1025 3112 1077 οὐ
3145 1024 3321 1088 θεοὺς,
3353 1025 3487 1079 ἀλλὰ
3526 1042 3689 1096 πονη-

2111 1116 2239 1188 ροὺς
2277 1116 2538 1187 δαίμονας
2580 1116 2951 1187 περιέποντες,
2993 1114 3062 1167 τὰ
3107 1113 3289 1185 πλήθη
3322 1113 3566 1178 καὶτοὺς
3591 1113 3686 1185 δή·

2112 1226 2246 1280 μους
2273 1212 2353 1273 είς
2378 1210 2480 1280 τὴν
2508 1208 2710 1262 οἰκείαν
2754 1207 2961 1277 πλάνην
2985 1205 3427 1278 ἐξετραχήλισαν.
3467 1207 3687 1279 Ὤμολό⁴

2102 1317 2243 1373 γησε
2275 1300 2405 1371 γοῦν
2433 1300 2619 1369 σαφῶς
2649 1302 2678 1353 6
2706 1300 2882 1369 λόγος,
2911 1300 2987 1362 ὡς
3016 1298 3125 1370 ἄρα
3158 1299 3308 1370 παρὰ
3332 1298 3441 1351 τῶν
3468 1297 3678 1352 δοκούν-

2108 1407 2216 1445 των
2255 1390 2437 1458 σοφῶν
2473 1390 2739 1444 ἀκούοντα
2776 1390 2904 1461 περὶ
2944 1389 3084 1441 θεῶν
3111 1388 3182 1441 τὰ
3209 1388 3385 1460 πλήθη
3420 1387 3689 1458 σύμφωνα

2107 1488 2229 1548 ταῖς
2262 1483 2440 1537 αὐτῶν
2473 1481 2672 1547 δόξαις,
2710 1482 3035 1554 ἐπερρώσθη
3078 1483 3294 1553 φρονεῖν
3337 1481 3418 1534 ἔτι
3463 1481 3685 1551 μᾶλλον,

2109 1577 2187 1640 ὡς
2224 1576 2353 1647 περὶ
2386 1575 2546 1639 θεῶν,
2585 1576 2714 1647 περὶ
2764 1576 2870 1629 τῶν
2909 1575 3197 1647 μοχθηρῶν
3240 1574 3531 1644 δαιμόνων.
3578 1573 3686 1626 Καὶ

428 1673 546 1729 rias
582 1672 876 1727 illecebras
904 1669 1100 1725 nefarii
1139 1668 1417 1725 daemones
1445 1670 1746 1725 moliuntur
1772 1687 1786 1724 :
1819 1685 1849 1724 a
1880 1670 2003 1739 qui-

2110 1667 2280 1721 ταῦτα
2303 1669 2402 1720 οὐκ
2432 1667 2491 1733 ἐξ
2518 1668 2675 1739 ἡμῶν
2701 1671 3108 1739 κατηγορεῖται,
3136 1667 3246 1720 ἀλλ’
3272 1668 3364 1720 ὑπ’
3381 1666 3556 1720 αὐτῶν
3578 1667 3690 1721 τῶν

431 1765 535 1821 bus
580 1764 791 1819 scilicet
823 1777 949 1819 cum
984 1761 1305 1832 impotentia
1361 1761 1723 1831 voluptatum,
1774 1775 2008 1831 spesque

2110 1758 2477 1830 ἀκριϐέστατα
2498 1758 2568 1811 τὰ
2587 1760 2762 1812 οἰκεῖα
2790 1757 2986 1829 μᾶλλον
3016 1758 3050 1828 ἢ
3084 1760 3243 1828 ἡμεῖς
3268 1757 3502 1810 εἰδότων.
3530 1760 3598 1811 ’0
3624 1754 3691 1826 γέ

426 1856 741 1910 divitiarum
780 1863 837 1911 et
878 1854 1068 1925 gloria:
1108 1852 1495 1923 proﬁciscitur,
1544 1859 1661 1907 tum
1709 1852 1764 1907 in
1813 1852 2008 1924 primis

2110 1866 2193 1903 τοι
2237 1850 2399 1914 αὐτὸς
2447 1852 2815 1921 συγγραφεὺς,
2862 1851 2922 1904 οὐ
2970 1850 3263 1920 παρέργως
3307 1848 3573 1920 ὁμιλήσας
3621 1850 3690 1922 τῇ

427 1944 539 1999 doli
562 1943 883 2014 fraudisque
912 1928 1095 1998 omnis
1120 1940 1435 1997 artiﬁcium.
1472 1940 1676 1997 Horum
1700 1941 1846 1996 enim
1875 1956 2006 2013 pro-

2112 1943 2238 2005 τοὺς
2254 1941 2479 2006 πολλοὺς
2499 1942 2834 2013 λανθανούσῃ
2862 1942 3273 2012 δεισιδαιμονίᾳ,
3292 1940 3425 2012 φησὶ
3443 1941 3568 2005 τοὺς
3597 1955 3695 1994 πο-

428 2037 607 2106 ριίιιιιι
632 2036 981 2098 mendacium
1013 2040 1123 2101 est,
1156 2049 1284 2090 cum
1319 2042 1376 2089 et
1405 2049 1600 2092 omnes
1653 2036 1731 2091 dii
1759 2050 1884 2091 esse
1913 2050 2008 2091 ve-

2112 2036 2312 2107 νηροὺς
2334 2033 2592 2105 δαίμονας
2621 2032 2903 2103 βούλεσθαι
2946 2027 3085 2086 εἶναι
3122 2030 3298 2096 θεοὺς,
3341 2031 3435 2084 καὶ
3473 2030 3693 2099 ἀγαθῶν

427 2129 551 2193 lint,
566 2136 621 2182 et
642 2130 895 2199 princeps
915 2142 1106 2185 eorum
1128 2125 1305 2182 virtus
1320 2128 1520 2182 summi
1541 2126 1794 2184 Numinis
1815 2126 2006 2183 existi-

2110 2126 2271 2190 δόξαν
2320 2125 2461 2196 ἔχειν
2491 2125 2643 2194 παρὰ
2706 2123 3033 2195 ἀνθρώποις,
3078 2123 3114 2193 ἥ
3140 2139 3201 2176 τε
3230 2122 3551 2195 προεστῶσα
3581 2120 3692 2193 (Cl)

428 2219 726 2274 mationem
760 2217 992 2273 aﬂ‘ectet.
1024 2214 1104 2271 Illi
1141 2215 1423 2274 enimvero
1440 2225 1605 2282 ‘sunt,
1640 2218 1737 2289 qui
1767 2223 1823 2272 et
1865 2217 2006 2272 liba-

2110 2216 2293 2270 αὐτῶν
2316 2216 2545 2287 δύναμις
2576 2216 2753 2270 δοκεῖν
2787 2216 2924 2281 Θεὸς
2951 2213 3093 2270 εἶναι
3122 2219 3151 2271 6
3181 2215 3458 2288 μέγιστος.

428 2311 677 2366 tionibus
700 2317 755 2368 et
794 2311 987 2368 nidore
1030 2312 1277 2367 carnium
1323 2311 1683 2377 delectantur,
1716 2323 1829 2381 quo
1856 2317 2091 2380 utroque
2125 2309 2419 2379 spirituum
2475 2325 2878 2381 corporumque
2937 2325 3110 2380 genus
3169 2310 3474 2378 saginatur.
3513 2304 3692 2361 Vitam

427 2408 576 2462 enim
628 2416 692 2462 ut
744 2408 1043 2478 vaporibus
1090 2407 1646 2477 exhalationibusque
1697 2411 2007 2471 sustentat,
2069 2403 2234 2475 idque
2273 2406 2439 2460 modo
2467 2420 2569 2476 pro
2592 2421 2782 2461 eorum
2811 2405 3126 2461 diversitate
3151 2405 3390 2466 diverso,
3422 2405 3499 2459 ita
3548 2402 3693 2457 vires

427 2501 713 2573 sanguinis
749 2502 1109 2573 carniumque
1152 2503 1343 2558 nidore
1384 2502 1690 2557 confirmat.
1717 2520 1736 2555 ι
1773 2500 1867 2556 Sic
1886 2500 2052 2572 igitur
2088 2500 2224 2556 istos
2256 2500 2490 2571 ingenue
2518 2501 2839 2557 conﬁtentes
2889 2501 3231 2568 audivimus,
3260 2510 3565 2571 prrcceptas
3600 2498 3694 2552 ho-

427 2591 640 2645 minum
666 2591 734 2646 de
771 2592 1035 2662 improbis
1077 2592 1442 2657 daemonibus,
1481 2592 1705 2661 perinde
1754 2604 1819 2646 ac
1849 2592 1896 2646 si
1928 2592 2006 2646 dii
2043 2590 2282 2661 bonique
2306 2590 2504 2655 forent,
2527 2591 2816 2662 opiniones
2846 2592 3224 2647 vehementius
3250 2606 3360 2647 non
3411 2605 3442 2644 a
3484 2588 3690 2646 Graecis

430 2681 597 2737 modo
638 2684 817 2753 poetis
856 2699 1117 2741 accensas
1142 2682 1349 2751 fuisse,
1383 2700 1574 2740 verum
1633 2685 1796 2745 etiam
1845 2684 2012 2741 abiis
2049 2685 2142 2755 qui
2190 2684 2546 2755 philosophiae
2571 2686 2746 2741 studia
2776 2685 3031 2757 professi,
3073 2687 3313 2756 aequiore
3361 2699 3424 2740 ac
3453 2698 3689 2754 propen-

426 2772 574 2828 siore
592 2776 862 2846 ergadeos
882 2778 1066 2833 anima
1094 2778 1430 2843 viderentur,
1481 2786 1667 2849 utpote
1714 2778 1808 2848 qui
1851 2793 1959 2833 non
1998 2777 2105 2833 diis
2140 2780 2274 2850 ipsis
2302 2782 2540 2850 quoque,
2592 2781 2685 2835 sed
2716 2780 2978 2851 improbis
3033 2779 3370 2836 daemonibus
3423 2777 3685 2842 colendis,

426 2866 762 2935 pmeipiteni
794 2867 848 2921 in
880 2878 1125 2924 errorem
1155 2884 1318 2925 suum
1367 2870 1773 2926 multitudinem
1802 2872 2031 2942 egerint.
2069 2870 2227 2926 Enim
2260 2887 2392 2926 vero
2417 2873 2637 2929 disertis
2683 2874 2864 2930 verbis
2895 2871 3231 2945 Porphyrius
3266 2872 3486 2941 fatetur,
3539 2872 3687 2926 illam

424 2972 551 3013 cum
582 2960 762 3027 exiis,
799 2962 892 3032 qui
941 2962 1213 3033 sapientes
1245 2964 1606 3034 habebantur,
1652 2966 2079 3037 cogitationibus
2112 2969 2231 3024 suis
2268 2978 2667 3025 consentaneas
2687 2970 3088 3042 disputationes
3136 2970 3372 3037 audiret,
3407 2969 3461 3024 in
3494 2984 3593 3023 sua
3622 2967 3693 3023 de

427 3047 655 3107 nefariis
691 3052 1033 3111 daemonibus
1071 3056 1151 3112 sic
1207 3065 1471 3129 tanquam
1505 3059 1573 3114 de
1604 3061 1711 3116 diis
1737 3062 1996 3133 opinione
2028 3063 2203 3134 magis
2228 3063 2283 3117 in
2320 3064 2439 3118 dies
2472 3063 2752 3135 magisque
2783 3063 3155 3121 confirmatam
3189 3079 3331 3120 esse.
3367 3065 3545 3134 Atque
3576 3062 3693 3117 haec

424 3155 535 3196 non
558 3145 885 3202 auctoritate
914 3162 1049 3203 sane
1070 3150 1491 3221 testimonioque
1508 3160 1821 3207 nostrorum
1848 3162 2170 3226 arguuntur,
2195 3155 2290 3212 sed
2315 3155 2559 3226 ipsorum
2589 3157 2682 3227 qui
2700 3172 2791 3212 res
2816 3171 2946 3213 suas
2970 3157 3205 3227 penitus,
3228 3171 3293 3212 ac
3334 3157 3490 3227 longe
3520 3169 3686 3226 quam

425 3250 529 3291 nos
554 3238 760 3294 certius
790 3239 1237 3313 enucleatiusque
1269 3245 1636 3314 perviderant.
1683 3245 1966 3317 Siquidem
1999 3246 2089 3305 ille
2121 3249 2238 3320 ipse
2267 3251 2524 3321 scriptor,
2548 3250 2641 3320 qui
2670 3264 2778 3305 non
2813 3249 3181 3321 perfunctorie
3201 3265 3266 3306 ac
3290 3250 3482 3306 leviter
3518 3249 3696 3305 fuerat

423 3326 481 3381 in
507 3342 594 3389 ea.
634 3338 759 3399 qam
789 3330 985 3401 vulgus
1046 3333 1272 3400 latebat,
1334 3337 1722 3405 superstitione
1768 3348 2044 3405 versatus,
2078 3339 2360 3410 improbos
2397 3340 2673 3396 daemones
2716 3342 2916 3396 asserit
2966 3342 3099 3398 deos
3145 3355 3267 3398 esse
3311 3342 3472 3407 velle,
3519 3341 3693 3399 bono-

424 3435 663 3490 rumque
683 3421 825 3492 apud
858 3423 1109 3481 homines
1131 3425 1599 3484 existimationem
1629 3441 1922 3500 expetere;
1981 3442 2047 3487 ac
2078 3432 2336 3487 virtutem
2371 3446 2563 3487 eorum
2596 3432 2900 3505 principem
2948 3434 3153 3490 summi
3184 3432 3443 3491 Numinis
3490 3435 3691 3489 famam

425 3518 481 3567 et
512 3528 713 3570 nomen
740 3516 983 3573 ambire;

426 3642 431 3647 .
496 3605 964 3679 ~17‘Quanam
1024 3622 1189 3680 porro
1223 3608 1295 3665 sit
1348 3608 1521 3665 virtus
1580 3609 1671 3666 illa
1733 3613 2008 3685 princeps,

2185 3614 2283 3679 Τίς
2307 3631 2400 3671 ουν
2427 3617 2536 3689 ἄρα
2560 3618 2593 3690 ἡ
2616 3619 2939 3691 προεστῶσα
2962 3620 3141 3674 αὐτῶν
3163 3620 3423 3693 τυγχάνει
3441 3622 3693 3695 δύναμις,

427 3697 569 3756 idem
603 3700 1017 3770 ipseedeclarat,
1051 3701 1425 3772 improborum
1450 3701 1761 3757 daemonum
1804 3706 2011 3775 princia

426 3805 525 3862 pes
555 3790 783 3862 Serapin
827 3800 987 3863 atque
1029 3791 1268 3849 Hecaten
1303 3809 1426 3849 esse
1462 3794 1669 3862 dicens,
1702 3810 1827 3851 cum
1854 3796 2008 3853 Beel-

428 3883 603 3938 zebud
638 3883 706 3939 iis
730 3884 985 3941 omnibus
1010 3900 1246 3957 praeesse
1300 3885 1582 3957 Scriptura
1614 3888 1797 3943 divina
1841 3899 2007 3946 teste-

428 3978 540 4026 tur.
583 3972 725 4026 Audi
752 3988 882 4028 vero
912 3983 1195 4044 praeterea,
1227 3977 1682 4045 quemadmodum
1715 3977 1817 4034 hac
1842 3980 1910 4034 de
1948 3995 2008 4034 re

429 4062 486 4116 in
547 4064 687 4119 suis.
718 4064 787 4119 de
843 4065 1037 4121 hausta
1062 4082 1128 4123 ex
1154 4066 1403 4123 oraculis
1452 4068 1793 4140 philosophia
1848 4071 2005 4127 libris

427 4154 681 4210 disserat.
1048 4164 1051 4171 ‘

993 4247 1223 4305 CAPUT
1242 4249 1435 4306 XXIII.

429 4336 507 4392 De
533 4338 1150 4413 improbisdwmonibus,
1172 4353 1222 4396 et
1242 4344 1455 4413 quinam
1475 4344 1585 4397 sint
1598 4358 1779 4397 eorum
1806 4346 2007 4413 princi-

501 4422 585 4479 pes
604 4410 876 4489 {quodque
896 4414 1131 4467 omnium
1152 4410 1468 4469 anitualium
1486 4414 1655 4485 specie
1667 4410 1902 4472 homines
1922 4434 2014 4489 ag-

499 4480 834 4548 grediautur.

480 4644 857 4745 «(improbos
909 4651 1206 4718 daemones,
1258 4653 1459 4739 inquit,
1506 4652 1700 4726 Sarapi
1755 4656 2007 4715 subditos

426 4743 551 4829 esse
581 4743 731 4798 haud
760 4752 962 4799 temere
985 4745 1332 4814 suspicamur
1354 4763 1367 4801 :
1389 4747 1591 4820 quippe
1627 4748 1769 4803 hanc
1794 4747 1861 4802 ad
1885 4749 2007 4831 epi-

2117 3708 2147 3761 6
2174 3709 2337 3773 αὐτὸς
2368 3711 2532 3765 πάλιν
2562 3712 2907 3785 διασαφήσει,
2938 3715 3063 3779 τοὺς
3092 3715 3359 3788 ἄρχοντας
3390 3715 3497 3771 τῶν
3530 3732 3693 3789 mmo

2118 3801 2228 3875 ρῶν
2257 3802 2530 3874 δαιμόνων
2550 3805 2723 3875 λέγων
2744 3802 2887 3861 εἶναι
2913 3809 3004 3862 τὸν
3026 3809 3271 3881 Σάραπιν
3294 3809 3389 3863 καὶ
3410 3810 3508 3882 τὴν
3541 3808 3701 3865 Ἐκά-

2112 3909 2214 3964 την
2241 3894 2373 3966 ((52).
2418 3895 2482 3949 Ἦ
2512 3896 2569 3950 δὲ
2594 3898 2713 3952 θεία
2741 3898 2955 3972 Γραφὴ,
2986 3900 3078 3953 τὸν
3111 3900 3457 3966 Βεελζεϐούλ.
3496 3902 3694 3954 "Attatae

2110 3982 2177 4048 δ’,
2220 3986 2368 4051 ὅπως
2400 3988 2495 4041 καὶ
2527 3989 2655 4060 περὶ
2690 3989 2880 4045 τούτου
2913 3992 3114 4063 γράφει
3137 3993 3196 4046 ὲν
3222 3996 3333 4059 τοῖς
3353 3993 3481 4066 περὶ
3510 3993 3694 4066 τῆςὲκ

2109 4078 2303 4149 λογίων
2328 4081 2663 4153 φιλοσοφίας.

2632 4264 3026 4319 ΚΕΦΑᾹΔῘΟΝ
3065 4265 3190 4320 Kl".

2114 4351 2256 4430 "cpi
2304 4351 2425 4430 τῶν
2448 4354 2732 4430 grammar
2759 4356 3073 4430 δαιμότςων.
3104 4358 3200 4430 ora!
3232 4358 3389 4430 τίνες
3415 4357 3574 4411 εἰσιν
3594 4359 3693 4411 αὑ-

2186 4425 2305 4475 τῶν
2323 4426 2389 4476 ὀι
2432 4425 2758 4498 ἄρχοντες·
2792 4428 2903 4498 acui
2941 4426 3030 4479 ὅτι
3067 4427 3216 4483 πᾶσι
3258 4427 3420 4495 ζώοις
3460 4430 3693 4498 ὁμοιού-

2176 4508 2378 4631 sima
2391 4498 2444 4548 οἱ
2484 4497 2733 4565 πονηροὶ
2779 4495 3058 4566 δαίμονες
3098 4501 3386 4568 προσίασι
3428 4495 3552 4565 τοῖς
3583 4499 3691 4553 ἀν-

2382 4581 2457 4631 ις.

2198 4651 2440 4728 «Τοὺςδὴ
2464 4661 2731 4734 πονηροὺς
2748 4658 3009 4731 δαίμονας
3023 4658 3124 4715 οὐκ
3155 4659 3279 4731 είκῆ
3328 4660 3433 4714 ὑπὸ
3468 4660 3561 4714 τὸν
3590 4661 3695 4715 Σά-

2118 4761 2283 4817 ραπιν
2324 4747 2736 4821 ὑποπτεύομεν·
2784 4749 2895 4804 οὐδ’
2941 4751 3007 4806 ἑκ
3050 4751 3162 4805 τῶν
3203 4752 3485 4824 συμϐόλων
3534 4753 3693 4823 μόνον

429 4821 649 4889 nionem
696 4848 807 4887 non
858 4834 1233 4903 ejus‘tantum
1285 4837 1551 4909 symbolis
1574 4834 1650 4894 "et
1697 4824 2007 4912 insignibus

2112 4838 2555 4906 ἀναπεισθέντες,
2587 4841 2701 4895 ἀλλ’
2723 4843 2804 4895 ὅτι
2834 4842 2901 4897 τὰ
2929 4843 3261 4914 μειλίγματα
3277 4821 3377 4898 ’καὶ
3402 4843 3471 4897 τὰ
3489 4821 3695 4898 τούτων

428 4924 803 5005 adducti,_sed
837 4926 1004 4980 etiam
1039 4928 1187 5007 quod
1226 4908 1570 5001 quaecunque
1619 4931 1728 4986 vim
1777 4908 1873 4988 eos
1922 4932 2007 4988 vel

2111 4929 2451 5001 ἀποτρόπαια
2471 4932 2606 5004 πρὸς
2624 4933 2717 4986 τὸν
2730 4908 3016 4988 Πλούτωνα
3030 4908 3258 5003 γίνεται,
3271 4935 3348 5000 ὠς
3374 4938 3430 4989 ὲν
3452 4934 3530 5007 τῷ
3546 4934 3696 5008 πρώ-

429 4998 758 5071 conciliandi
784 5016 987 5070 habent
1018 5002 1103 5071 vel
1124 4998 1546 5085 averruncandi,
1601 5020 1668 5075 ad
1714 5019 2006 5078 Plutonem

431 5107 616 5187 omnia
632 5105 970 5189 referuntur,
990 5109 1453 5180 quemadmodum
1469 5113 1610 5168 libro
1627 5114 1807 5183 primo
1824 5121 2012 5170 osten-

431 5199 634 5255 dimus.
668 5199 834 5271 Atqui
861 5200 1005 5257 idem
1037 5215 1265 5271 prorsus
1300 5205 1397 5274 qui
1428 5203 1586 5260 Pluto
1605 5205 1741 5260 deus
1774 5205 1878 5260 iste
1901 5214 2007 5272 est,

430 5299 607 5362 eoque
635 5292 873 5348 maxime
915 5291 1259 5351 damonibus
1287 5295 1542 5367 imperat,
1571 5305 1831 5368 certaque
1859 5310 2011 5375 symg

505 5521 618 5601 (θθ)
647 5525 914 5601 plurium.
936 5524 1524 5601 Porphyrmxvlccatg,
1560 5530 1703 5601 quod
1745 5530 1935 5587 malui.

504 5594 621 5673 (6i)
649 5596 721 5648 Ἦ
745 5594 1445 5673 reapoeqtlbéa.pebuit,_
1461 5594 1676 5673 opinor,
1705 5604 1805 5673 τήν
1820 5619 1885 5655 τε
1916 5620 2006 5657 πε-

436 5666 734 5735 ριεστῶσαν
756 5666 935 5744 αὐτων
953 5668 1182 5744 δύναμιν
1211 5668 1395 5744 δοκεῖν
1414 5666 1545 5723 Θεδν
1588 5668 1725 5744 εἶναι
1760 5666 1862 5726 ’τὸν
1910 5673 2007 5744 μέ-

431 5749 619 5805 γιστον
637 5751 653 5762 “
679 5736 935 5806 praecedit
957 5736 1125 5804 enini,
1163 5741 1295 5811 φησὶ
1323 5742 1448 5805 τοὺς
1472 5743 1759 5812 πονηροὺς,
1787 5754 1891 5799 etc.

2104 5037 2184 5093 τῳ
2210 5021 2547 5094 ἐδείκνυμεν.
2586 5024 2644 5078 '0
2678 5025 2839 5089 αὐτὸς
2867 5025 2924 5080 δὲ
2953 5025 3032 5097 τῷ
3057 5027 3333 5082 Πλούτωνι
3363 5030 3392 5082 6
3423 5027 3565 5092 θεὸς,
3597 5027 3695 5082 καὶ

2109 5111 2199 5166 διὰ
2213 5111 2374 5167 τοῦτο
2400 5114 2637 5184 μάλιστα
2651 5115 2921 5187 δαιμόνων
2937 5117 3140 5188 ἄρχων,
3154 5119 3249 5171 καὶ
3265 5118 3508 5191 σύμϐολα
3520 5119 3696 5184 διδοὺς

2114 5203 2257 5276 πρὸς
2282 5204 2383 5274 τὴν
2406 5205 2611 5259 τούτων
2642 5206 2844 5261 ἔλασιν.
2881 5203 3045 5273 Οὗτος
3074 5210 3207 5279 γοῦν
3229 5213 3460 5278 καὶτοῖς
3489 5212 3698 5279 ἱκέταις

2114 5295 2404 5367 ἐδήλωσεν,
2435 5296 2512 5362 ὡς
2558 5299 2693 5353 πᾶσι
2718 5298 2878 5364 ζώοις
2911 5301 3259 5375 ὀμοιούμινοι
3287 5306 3546 5379 προσίασι
3583 5309 3699 5372 τοῖς

2210 5528 2302 5601 62)
2332 5528 2601 5599 Σάραπιν
2630 5533 2727 5587 καὶ
2757 5531 2873 5601 τὴν
2905 5533 3193 5617 ςεκάτην.
3247 5537 3423 5620 Supra
3553 5537 3658 5595 126
3678 5580 3696 5603 .

2210 5601 2277 5662 .l,
2309 5602 2481 5658 solius
2505 5599 2732 5657 Hecates
2758 5614 3021 5659 meminit.
3050 5606 3125 5661 De
3155 5607 3415 5662 Serapide
3494 5611 3696 5662 ornhv-

2113 5616 2164 5681 εἴ
2190 5599 2290 5682 il,
2309 5599 2732 5690 soliusﬂecates
2758 5599 3021 5690 meminit.
3155 5599 3415 5680 Serapide
3449 5599 3700 5690 Perplin

2111 5672 2229 5724 rius
2271 5672 2427 5794 inlitio
2458 5672 2599 5727 tituli
2635 5674 2938 5744 sequentis.
2965 5673 3042 5733 De
3081 5672 3454 5736 Hecate'vero
3494 5672 3695 5751 pagina

2111 5755 2314 5794 seuuen
2345 5755 2382 5794 ι.

2107 5755 2382 5813 sequenti.
