4156 6428
462 389 566 443 505

1593 388 1916 446 ΡΒΕΡΑΒ.
1960 387 2215 446 EVA‘NG.
2247 387 2376 444 LIB.
2419 387 2502 443 IV.

3605 375 3714 433 306

385 519 393 525 ·
463 500 770 572 ἀνθρώποις
789 517 805 533 ⁶
842 501 964 556 ὅθεν
989 501 1082 555 καὶ
1111 501 1239 574 παρ’
1265 502 1602 570 Αἰγυπτίοις,
1631 506 1725 558 καὶ
1755 505 1907 578 παρά
1927 505 2035 560 Φοί-

2142 507 2266 562 bola
2299 506 2513 569 tribuit,
2548 502 2750 574 quibus
2799 500 2970 557 averti
3008 500 3312 572 depellique
3352 495 3583 569 possint.
3632 497 3716 552 Ac

463 591 589 658 νιξι,
618 593 710 647 καὶ
733 593 870 658 ὅλως
896 594 1046 666 παρὰ
1074 597 1188 660 τοῖς
1203 594 1270 648 τά
1293 595 1412 649 θεῖα
1442 599 1623 665 σοφοῖς
1642 597 1675 668 ἢ
1694 598 1950 668 μάντεσιν
1977 599 2034 650 ἐν

464 687 574 748 τοῖς
627 685 791 755 ίεροτς
833 686 1278 758 ἐπιρῤήσσονται,
1327 689 1423 742 καὶ
1473 688 1588 753 ζῶα
1633 689 2042 761 προσουδίζεται

464 775 570 848 πρὸ
596 775 697 846 τῆς
727 775 1020 847 θρησκείας
1053 777 1162 830 τῶν
1191 776 1328 831 θεῶν
1353 794 1366 808 ·
1398 778 1788 845 ἐξελαυνόντων
1817 780 1926 833 τῶν
1969 783 2043 834 ἱε-

467 867 601 938 ρέων
629 868 850 932 τούτους
875 867 964 924 διὰ
1005 869 1099 922 τοῦ
1145 869 1326 924 δοῦναι
1356 870 1574 942 πνεῦμα
1619 871 1651 942 ἢ
1697 869 1834 943 αἷμα
1865 871 2038 937 ζώων,

463 957 555 1011 καὶ
587 957 674 1010 διὰ
701 957 803 1027 τῆς
826 957 922 1011 τοῦ
951 959 1111 1030 ἀέρος
1145 959 1378 1031 πληγῆς,
1410 961 1516 1026 ἵνα,
1553 961 1758 1016 τούτων
1782 963 2043 1018 ἀπελθόν-

462 1065 589 1114 των,
624 1049 896 1120 παρουσία
939 1049 1033 1105 τοῦ
1069 1050 1203 1104 Θεοῦ
1239 1051 1485 1122 γένηται.
1515 1055 1625 1107 Καὶ
1655 1049 1804 1118 οἶκος
1839 1055 1896 1108 δὲ
1933 1058 2042 1120 πᾶς

465 1139 680 1210 μεστὸς,
713 1141 808 1194 καὶ
835 1139 924 1194 διά
954 1141 1112 1195 τοῦτο
1143 1143 1574 1216 προκαθαίρουσι
1599 1147 1692 1200 καὶ
1721 1147 2040 1201 ἐκϐάλλουσι

459 1229 718 1295 τούτους,
767 1233 896 1285 ὅταν
943 1232 1064 1286 θεὸν
1110 1235 1480 1289 κατακαλῶσι.
1532 1239 1641 1291 Καὶ
1689 1238 1758 1292 τὰ
1814 1238 2042 1310 σώματα

457 1322 636 1376 τοίνυν
665 1341 730 1394 με
739 1325 836 1378 σλτά
855 1326 963 1380 ἀπὸ
978 1325 1202 1380 τούτων·
1225 1327 1320 1380 καὶ
1338 1327 1446 1400 γὰρ
1470 1329 1702 1400 μάλιστα
1725 1334 1844 1395 ταῖς
1861 1335 2040 1396 ποιαῖς

457 1417 686 1486 τροφαῖς
731 1417 1000 1488 χαίρουσι.
1036 1421 1372 1492 Σιτουμένων
1419 1420 1528 1493 γὰρ
1575 1421 1734 1492 ήμῶν
1783 1422 2040 1493 προσίασι

459 1507 554 1560 καὶ
608 1508 993 1579 προσιζάνουσι
1045 1510 1125 1581 τῷ
1180 1511 1428 1582 σώματι,
1483 1514 1578 1566 καὶ
1629 1513 1718 1566 διὰ
1769 1513 1930 1566 τοῦτο
1981 1516 2046 1567 ai

457 1598 692 1664 ἁγνεῖαι,
735 1601 796 1652 οὐ
843 1601 932 1654 διὰ
971 1602 1098 1665 τοὺς
1143 1603 1298 1668 θεοὺς
1331 1593 1780 1677 προηγουμένως,
1811 1605 1926 1660 ἀλλ’
1971 1607 2039 1660 ἵν’

457 1683 601 1742 οὗτοι
656 1691 957 1746 ἀποστῶσι.
996 1694 1249 1748 Μάλιστα
1297 1695 1355 1750 δὲ
1415 1697 1609 1767 αἵματι
1639 1697 1888 1768 χαίρουσι
1946 1699 2040 1752 καὶ

457 1783 578 1845 ταῖς
627 1782 1014 1856 ἀκαθαρσίαις,
1069 1786 1163 1839 καὶ
1223 1788 1555 1842 ἀπολαύουσι
1598 1789 1812 1842 τούτων
1862 1789 2040 1844 εἰσδύ-

2143 598 2260 654 suis
2281 598 2503 666 quidem
2533 595 2870 665 supplicibus
2887 593 3118 663 aperuit,
3147 606 3256 660 quo
3276 600 3433 660 pacto
3462 587 3714 642 animan—

2143 691 2280 746 tium
2303 690 2378 744 illi
2403 689 2634 744 formam
2668 703 2733 743 ac
2761 687 2997 758 speciem
3036 683 3246 744 mentiti
3294 683 3542 737 homines
3575 693 3711 733 con-

2141 782 2430 837 venirent:
2463 797 2572 852 quo
2607 780 2808 836 factum
2841 787 2902 835 ut
2937 778 3006 833 ab
3038 775 3310 846 Egyptiis
3340 789 3405 828 ac
3431 768 3713 828 thnici-

2141 877 2268 940 hus,
2288 887 2341 930 et
2368 877 2620 930 universe
2653 875 2722 929 ab
2761 873 3018 928 omnibus
3058 871 3381 941 religionum
3417 864 3623 936 peritis,
3655 869 3712 918 et

2141 964 2256 1019 lora
2291 965 2344 1020 in
2368 965 2582 1034 templis
2611 963 2900 1032 disrumpi,
2927 969 2981 1017 et
3007 961 3308 1016 animantes
3336 957 3402 1010 ad
3430 953 3714 1025 pavimen-

2142 1067 2280 1122 tum,
2306 1067 2597 1127 antequam
2627 1057 2852 1111 deorum
2882 1055 3056 1111 sacris
3089 1059 3412 1124 operentur,
3443 1048 3711 1110 allidisu-

2142 1150 2288 1205 leant
2323 1168 2337 1206 :
2375 1150 2556 1218 itaque
2585 1150 2859 1204 daemones
2897 1163 2927 1203 a
2958 1145 3335 1202 sacerdotibus
3367 1141 3567 1212 partim
3597 1138 3711 1208 spi-

2142 1243 2272 1306 ritu,
2297 1241 2492 1311 partim
2516 1240 2830 1295 animalium
2859 1239 3144 1309 sanguine,
3164 1234 3361 1307 partim
3379 1231 3522 1288 aeris
3542 1230 3712 1300 ipsius

2141 1332 2495 1403 percussione
2525 1332 2838 1401 abiguntur,
2866 1338 2926 1385 ut
2957 1329 3025 1384 iis
3059 1328 3246 1398 ejectis
3285 1340 3525 1396 praesens
3561 1322 3706 1377 Deus

2142 1423 2408 1478 interesse
2433 1423 2577 1477 velit.
2622 1421 2800 1477 Plenas
2845 1421 3113 1491 siquidem
3151 1431 3342 1473 eorum
3395 1423 3522 1471 sunt
3560 1412 3707 1467 aedes

2142 1513 2432 1578 universae,
2465 1528 2602 1582 quas
2647 1521 2771 1567 ante
2808 1521 3090 1583 pr0pterea
3134 1509 3268 1580 ipsis
3295 1505 3576 1578 ejiciendis
3612 1519 3711 1558 ex-

2143 1604 2312 1674 piant,
2357 1591 2590 1674 quoties
2627 1588 2732 1659 diis
2785 1585 3139 1674 supplicaturi
3197 1610 3345 1678 sunt.
3393 1597 3708 1664 Quinetiam

2143 1697 2465 1752 eorumdem
2496 1695 2653 1766 plena
2681 1706 2811 1750 sunt
2851 1709 3104 1765 corpora,
3128 1692 3274 1764 quod
3298 1681 3448 1746 eerto
3469 1687 3706 1760 quodam

2131 1788 2394 1844 ciborum
2413 1802 2614 1858 genere
2625 1787 2895 1858 praecipue
2913 1786 3271 1842 delectentur.
3292 1781 3476 1852 Itaque
3498 1794 3714 1835 accum-

460 1889 642 1938 νοντες
717 1877 831 1940 τοῖς
903 1878 1228 1948 χρωμένοις.
1294 1880 1468 1944 ’Ὀλως
1529 1870 1636 1952 γάρ
1693 1883 1727 1952 ἡ
1791 1881 2035 1945 ἐπίτασις

2140 1877 2397 1932 bentibus
2422 1857 2590 1932 nobis
2615 1857 2725 1930 non
2757 1875 3024 1931 accedunt
3057 1873 3161 1944 ipsi
3192 1872 3376 1938 modo,
3422 1871 3516 1927 sed
3544 1869 3710 1924 etiam

458 1963 559 2032 τῆς
623 1963 761 2036 πρός
821 1983 876 2018 τι
951 1968 1245 2039 ἐπιθυμίας
1313 1971 1408 2024 καὶ
1469 1973 1503 2042 ὴ
1564 1970 1662 2024 τοῦ
1734 1972 2049 2044 πνεύματος

457 2056 559 2127 τῆς
611 2057 844 2129 ὀρέξεως
879 2060 1024 2131 ὁρμὴ
1071 2060 1362 2132 ἀλλαχόθεν
1403 2063 1464 2115 ού
1511 2063 1861 2135 σφοδρύνεται
1905 2063 1940 2135 ἢ
1975 2066 2046 2118 ἐκ·

457 2149 556 2220 τῆς
581 2149 786 2204 τούτων
819 2154 1142 2224 παρουσίας,
1173 2154 1222 2207 οἳ
1250 2155 1343 2208 καὶ
1377 2157 1458 2219 είς
1489 2156 1737 2227 ἀσήμους
1768 2155 2040 2225 φθόγγους

459 2242 554 2295 καὶ
589 2241 765 2312 φύσας
797 2244 1163 2312 ἀναγκάζουσι
1209 2246 1335 2310 τοὺς
1379 2245 1697 2317 ἀνθρώπους
1742 2247 2038 2318 ἐμπίπτειν

458 2332 546 2386 διὰ
577 2333 678 2404 τῆς
709 2335 1159 2400 συναπολαύσεως
1201 2337 1300 2408 τῆς
1343 2339 1458 2408 μετ’
1503 2337 1681 2391 αὐτῶν
1724 2338 2034 2410 γινομένης.

464 2427 637 2479 ’Όπου
676 2426 1119 2499 γάρπνεύματος
1147 2427 1389 2493 πλείονος
1421 2429 1576 2500 ὁλκὴ,
1610 2430 1643 2502 ἢ
1673 2430 1772 2502 τῆς
1802 2431 2037 2501 γαστρὸς

457 2517 514 2582 ἐξ
563 2517 894 2587 ἡδυπαθείας
936 2517 1346 2590 πεπλησμένης,
1397 2519 1429 2592 ἢ
1477 2520 1578 2591 τῆς
1622 2520 1930 2592 προθυμίας
1967 2522 2035 2576 δι’

455 2608 648 2678 ἡδονῆς
694 2609 945 2662 ἐπίτασιν
995 2608 1360 2686 ἐκφυσὼσης,
1406 2609 1506 2678 καὶ⁴
1552 2611 1688 2664 πολὺ
1728 2611 1791 2665 τὸ
1839 2611 2036 2679 ἔξωθεν

457 2696 697 2770 σπὼσης,
727 2701 843 2752 ἐκεῖ
863 2699 1133 2768 παρουσία
1167 2699 1277 2754 τῶν
1311 2699 1566 2755 τοιούτων
1597 2701 1920 2773 πνευμάτων
1953 2720 2035 2757 σοι

451 2788 746 2860 δηλούσθω.
783 2791 945 2861 Ἀχρι
971 2790 1175 2844 τούτων
1215 2791 1390 2863 τολμᾷ
1429 2792 1592 2863 φύσις
1629 2792 1915 2865 ἀνθρώπου
1943 2794 2035 2848 εὐ-

453 2881 660 2955 ρίσκειν
704 2881 805 2946 τάς
850 2883 980 2955 περὶ
1012 2883 1181 2954 αὐτῆς
1210 2895 1237 2925 ι
1270 2884 1610 2949 συνεστώσας
1662 2884 1910 2954 παγίδαςσ
1941 2885 2036 2939 καὶ

451 2974 560 3046 γὰρ
615 2973 644 3025 6
703 2974 835 3039 Θεὸς
887 2975 1016 3029 ὅταν
1079 2974 1364 3047 είσκριθῇ,
1430 2975 1926 3041 πολυπλασιάξεται
1975 2974 2036 3029 τὸ

453 3065 690 3136 πνεῦμα.
723 3085 741 3115 ι
769 3068 952 3124 Ταῦτα
979 3067 1077 3138 μὲν
1095 3061 1187 3119 οὖν
1237 3067 1366 3139 περὶ
1408 3067 1516 3120 τῶν
1561 3067 1817 3137 πονηρῶν
1848 3067 2037 3139 δαιμόέ

453 3178 579 3223 νων,
610 3154 686 3214 ὧν
718 3176 882 3232 φησιν
922 3149 1157 3232 ἄρχοντα
1190 3155 1325 3214 εἶναι
1357 3160 1447 3215 τὸν
1491 3160 1756 3231 Σάραπιν·
1812 3161 1905 3214 καὶ
1934 3161 2034 3233 τὴν

465 3252 697 3324 Ἑκάτην
731 3251 789 3306 δὲ
834 3251 1040 3306 τούτων
1085 3252 1272 3323 ἄρχειν
1301 3253 1330 3305 6
1361 3252 1523 3315 αὐτὸς
1554 3252 1828 3316 διδάσκει,
1858 3252 2034 3321 λέγων

450 3342 624 3408 οὕτως
646 3361 660 3375 ·
697 3364 715 3395 ε
753 3345 844 3414 Μή
877 3361 1009 3397 ποτε
1040 3339 1184 3398 οὗτοί
1217 3345 1376 3408 εἰσιν,
1404 3337 1478 3397 ὧν
1501 3343 1662 3416 ἄρχει
1691 3343 1720 3395 6
1753 3345 1997 3417 Σάραπις
2017 3389 2032 3414 ,

453 3436 547 3489 καὶ
598 3435 686 3490 διὰ
731 3436 953 3504 τούτωνῖ
986 3437 1016 3480 ιι
1069 3435 1334 3508 σύμϐολον
1370 3439 1398 3489 6
1456 3437 1788 3509 τρικάρηνος
1845 3436 2050 3502 κύων,

455 3525 726 3581 τουτέστιν
777 3527 806 3579 6
859 3529 916 3580 ἐν
959 3529 1071 3591 τοῖς
1108 3526 1257 3599 τρισὶ
1307 3528 1626 3598 στοιχείοις,
1676 3528 1864 3594 ὕδατι,
1921 3531 2034 3601 γῇ,

453 3615 576 3686 ἀέρι
630 3615 864 3686 πονηρὸς
908 3616 1152 3686 δαίμων;
1205 3616 1300 3680 οὓς
1348 3617 1656 3670 καταπαύει
1707 3619 1736 3671 6
1781 3619 1948 3683 Θεὸς,
2003 3621 2032 3673 6

454 3694 592 3778 ἔχων
616 3707 718 3760 ὑπὸ
749 3710 927 3780 χεῖρα.
957 3711 1148 3781 Ἀρχει
1177 3710 1222 3763 δ’
1254 3710 1433 3764 αὐτῶν
1462 3711 1556 3764 καὶ
1582 3713 1616 3784 ἡ
1656 3712 1854 3785 Ἑκάτη
1893 3713 2028 3786 (65),

450 3795 526 3863 ὡς
575 3799 877 3870 συνέχουσα,
909 3799 970 3852 τὸ
1010 3801 1335 3873 τρίστοιχον.
1387 3821 1406 3855 ι
1453 3804 1565 3858 Καὶ
1617 3805 1780 3859 πάλιν
1827 3807 2026 3876 φησιν’

458 3905 476 3940 ι
517 3889 612 3941 Ἐν
643 3891 972 3962 χρηστήριον
995 3890 1075 3948 ἔτι
1108 3892 1393 3964 παραθεὶς,
1426 3895 1564 3968 ὅπερ
1594 3895 1729 3968 αὐτὴ
1757 3899 1790 3968 ἡ
1833 3899 2032 3970 Ἑκάτη

454 3977 766 4050 πεποίηται,
799 3971 1136 4035 καταπαύσω
1166 3982 1258 4036 τὸν
1291 3984 1421 4055 περὶ
1443 3984 1646 4057 ταύτης
1673 3985 1851 4054 λόγον.

2140 1975 2392 2022 nostrum
2437 1966 2506 2020 ad
2548 1979 2749 2036 corpus
2795 1963 3206 2028 adhaerescunt;
3251 1975 3374 2032 quae
3401 1973 3565 2016 causa
3605 1967 3709 2023 est,

2128 2058 2500 2130 .quamohrem
2529 2057 2880 2114 lustrationes
2907 2056 3152 2114 adhiberi
3173 2052 3577 2117 consueverint,
3605 2066 3710 2105 non

2139 2151 2328 2222 utique
2365 2159 2588 2222 pr0pter
2618 2149 2750 2205 deos
2778 2148 3146 2219 potissimum,
3175 2147 3269 2202 sed
3299 2147 3482 2217 potius
3510 2153 3568 2198 ut
3601 2143 3710 2198 dae-

2138 2257 2329 2299 mones
2362 2242 2613 2298 recedere
2635 2250 2797 2310 atque
2830 2239 2940 2294 alio
2967 2238 3203 2308 migrare
3230 2243 3515 2307 cogantur.
3545 2231 3715 2288 Cante-

2111 2323 2114 2326 ’
2137 2350 2262 2390 rum
2281 2335 2546 2405 sanguine
2562 2333 2861 2404 praesertim
2879 2331 3244 2400 sordibusque
3261 2328 3571 2399 capiuntur,
3586 2326 3710 2396 qui-

2136 2427 2243 2484 bus
2264 2435 2325 2482 ut
2353 2426 2462 2482 frui
2491 2427 2744 2492 liceat,in
2765 2433 2978 2488 eorum.
2997 2425 3092 2496 qui
3121 2424 3285 2479 rebus
3307 2421 3426 2476 istis
3457 2427 3708 2484 utuntur,

2137 2535 2258 2575 sese
2293 2534 2496 2590 corpus
2526 2520 2824 2576 insinuant.
2862 2517 3056 2574 Nullus
3089 2517 3236 2573 enim
3269 2509 3498 2571 omnino
3529 2521 3712 2568 motus

2135 2611 2352 2667 exsistit
2395 2611 2710 2683 cupiditatis
2754 2609 3148 2675 vehementior,
3181 2607 3365 2663 nullus
3416 2606 3472 2661 in
3501 2603 3710 2676 Spiritu

2141 2704 2299 2774 175
2331 2704 2677 2779 appetitionis
2702 2703 2955 2773 impetus,
2977 2701 3072 2772 qui
3096 2699 3312 2756 aliunde
3335 2712 3499 2768 quam
3519 2711 3586 2751 ex
3619 2711 3714 2751 eo-

2137 2811 2260 2850 rum
2297 2794 2588 2865 praesentia
2618 2793 2897 2848 incitetur.
2932 2789 3124 2860 Itaque
3155 2788 3408 2844 homines
3449 2786 3518 2841 ab
3552 2785 3620 2840 iis
3654 2784 3710 2838 in

2135 2887 2404 2943 obscuros
2427 2885 2728 2956 aliquando
2754 2897 2924 2939 sonos
2970 2881 3243 2950 ﬂatusque
3267 2887 3540 2950 coguntur
3568 2876 3710 2932 inci-

2136 2977 2266 3034 dere
2290 3020 2306 3046 ,
2340 2978 2487 3048 quod
2545 2978 2738 3032 eadem
2783 2974 2887 3042 ipsi
2926 2987 3148 3044 quoque
3195 2969 3555 3025 delectatione
3588 2983 3714 3038 per-

2136 3071 2409 3127 fruantur.
2443 3069 2547 3126 Uhi
2591 3070 2736 3126 enim
2769 3067 3010 3123 abundat
3035 3057 3282 3135 spiritus,
3317 3063 3432 3119 sive
3475 3062 3713 3134 quodeo

2135 3147 2324 3219 venter
2355 3163 2425 3218 ob
2446 3163 2712 3219 acriorem
2742 3159 3116 3216 delectationis
3149 3145 3370 3214 Sensum
3400 3155 3712 3233 impleatur.

2139 3254 2255 3311 sive
2281 3254 2428 3325 quod
2464 3253 2630 3308 ardor
2657 3253 2770 3323 ipse
2792 3260 2957 3321 atque
2978 3259 3146 3306 δέσεως
3174 3257 3394 3319 propter
3417 3245 3711 3316 voluptatis

2140 3343 2542 3399 vehementiam
2571 3342 2713 3398 emet
2743 3341 2908 3397 simul
2941 3339 3280 3404 interiorem,
3311 3337 3586 3406 simulque
3615 3351 3713 3391 ex-

2142 3438 2401 3493 teriorem
2440 3436 2666 3492 densius
2695 3435 3084 3506 copiosiusque
3111 3433 3314 3500 ducat;
3348 3432 3421 3486 ibi
3449 3430 3714 3487 continuo

2141 3534 2368 3605 spiritus
2403 3534 2527 3590 illos
2572 3543 2879 3604 praesentes
2903 3546 3027 3586 esse
3055 3529 3304 3601 judicare
3335 3536 3485 3584 certo
3506 3525 3710 3598 possis.

2139 3623 2319 3692 Atque
2340 3623 2606 3678 hactenus
2633 3625 2890 3678 humana:
2911 3631 3121 3676 natura:
3145 3621 3372 3692 laqueos
3397 3619 3452 3674 in
3479 3632 3540 3675 se
3568 3617 3713 3673 necti

2135 3715 2694 3787 solitosinvestigare
2725 3715 2809 3769 fas
2836 3723 2958 3770 est:
2991 3723 3107 3768 tum
3139 3713 3285 3768 enim
3336 3711 3419 3766 vel
3471 3709 3713 3765 maxime

2135 3806 2322 3878 augeri
2348 3808 2572 3877 spiritus
2600 3806 2717 3877 ipse
2745 3805 3052 3872 consuevit,
3079 3819 3215 3860 cum
3249 3803 3303 3858 in
3328 3802 3498 3858 Deum
3527 3801 3712 3857 curio-

2139 3899 2256 3953 sius
2284 3915 2350 3955 ac
2385 3899 2612 3971 propius
2665 3898 2982 3969 inquiritur.
3041 3917 3058 3951 ι
3088 3897 3214 3952 Haec
3242 3898 3333 3953 ille
3357 3897 3424 3952 de
3447 3895 3713 3967 improbis

2139 3988 2504 4053 daemonibus,
2537 4005 2772 4061 quorum
2818 3991 3120 4061 principem
3154 3989 3384 4058 Sarapin
3417 4004 3540 4044 esse
3594 3987 3709 4052 ait;

453 4077 532 4129 sic
556 4085 740 4130 tamen
773 4084 835 4131 ut
893 4075 1088 4130 iisdem
1117 4073 1352 4132 Hecaten
1394 4078 1559 4133 etiam
1601 4079 1870 4149 imperare
1906 4080 2120 4147 doceat,
2163 4081 2310 4138 hunc
2341 4083 2397 4138 in
2420 4081 2643 4138 modum
2674 4101 2690 4139 :
2736 4091 2754 4135 ι
2790 4081 2930 4138 Num
2964 4082 3122 4147 forte,
3153 4081 3348 4152 inquit,
3376 4081 3652 4136 daemones
3675 4079 3712 4132 ii

453 4175 603 4231 sunt,
641 4167 694 4221 in
735 4183 876 4237 quos
918 4165 1140 4239 Sarapis
1170 4169 1379 4226 obtinet
1407 4170 1796 4241 principatum,
1832 4187 2068 4243 quorum
2107 4183 2394 4244 propterea
2446 4175 2753 4246 symbolum
2779 4173 2850 4229 sit
2899 4173 3096 4242 triceps
3141 4173 3233 4227 ille
3275 4172 3451 4238 canis,
3475 4171 3582 4226 hoc
3625 4180 3710 4225 est

451 4264 736 4335 improbus
757 4264 992 4329 daemon,
1023 4263 1117 4334 qui
1147 4264 1322 4321 tribus
1352 4265 1410 4321 in
1450 4267 1734 4324 elementis
1759 4307 1775 4332 ,
1827 4283 1966 4340 aqua
2000 4309 2018 4337 ,
2058 4277 2203 4325 terra
2232 4278 2288 4325 et
2333 4284 2460 4325 aere
2499 4269 2795 4327 versatur?
2829 4283 2972 4338 quos
3006 4268 3194 4336 utique
3227 4267 3373 4320 Deus
3408 4265 3519 4328 ille,
3555 4263 3714 4334 cujus

453 4357 508 4411 in
543 4362 806 4426 potestate
839 4364 986 4417 sunt,
1024 4341 1170 4410 sistit
1215 4363 1270 4410 et
1322 4354 1562 4411 cohibet.
1617 4355 1886 4412 Caeterum
1917 4358 2111 4414 iisdem
2149 4359 2313 4413 etiam
2346 4359 2577 4429 imperat
2609 4357 2843 4424 Hecate,
2871 4356 3028 4424 cujus
3078 4354 3329 4410 videlicet
3358 4355 3582 4411 numine
3612 4357 3712 4409 tri-

452 4451 577 4520 plex
627 4448 774 4504 istud
822 4448 1152 4503 elementum
1214 4447 1545 4503 continetur.
1587 4467 1624 4501 ι.
1649 4451 1728 4508 Ac
1760 4465 1956 4506 rursus
1991 4471 2006 4508 :
2051 4467 2071 4503 ‹
2101 4449 2390 4518 Institutas,
2426 4452 2624 4522 inquit,
2652 4451 2720 4506 de
2753 4449 2950 4506 Hecate
3005 4445 3361 4519 disputationi
3413 4448 3581 4500 ﬁnem
3613 4447 3709 4500 im-

454 4557 672 4611 ponam,
703 4540 750 4595 si
790 4541 955 4597 modo
989 4557 1158 4596 unum
1213 4541 1318 4596 hoc
1366 4551 1627 4612 praeterea
1657 4544 1903 4615 ejusdem
1936 4560 2256 4616 responsum
2284 4546 2566 4602 addidero.

455 4633 577 4720 ’ξδ’
605 4633 720 4712 ἐγώ
741 4636 857 4704 εἰμι
877 4635 1032 4720 ,κόρη
1058 4634 1551 4720 πολυεράσμᾳτος,
1577 4639 2028 4720 οὐραξᾴέοοιτος,

2139 4639 2251 4720 illa
2284 4656 2376 4720 ego
2401 4638 2626 4695 caelestis
2651 4639 2804 4720 uaria
2832 4637 2926 4720 sub
2962 4623 3190 4720 imagine
3215 4636 3358 4704 virgo
3380 4672 3394 4696 ,

459 4706 778 4778 Ταιᾯῶεζις,
810 4706 1180 4778 τρικάρηνος,
1200 4706 1478 4778 ἀπηνὴς,
1523 4706 2028 4778 χρυσοϐέλεμνος,

455 4775 631 4843 Φοίϐη
675 4774 1108 4844 ἀπειροτεχνὴς
1153 4777 1308 4848 (6i),
1357 4774 1790 4847 φαεσίμϐροτος
1833 4774 2030 4834 Εὶλεῖὲ

460 4913 804 4989 Τριστοίχου
834 4914 1072 4989 φύσεως
1100 4914 1456 4989 συνθήματα
1485 4915 1704 4989 τρισσὰ
1737 4849 2028 4989 £33m-

451 4983 648 5055 ᾼιθέρι
674 4983 792 5055 μὲν
826 4987 1158 5051 πυρόεσσιν
1182 4984 1489 5055 ἐειδομένη
1516 4983 1807 5055 εἰδώλοις,

464 5052 631 5121 Ἠέρα
667 5053 719 5106 δ’
749 5055 1090 5123 ἀρ’)ἐννοῖσι
1121 5052 1536 5125 τροχάσμασιν
1560 5052 1987 5130 ἀμφικᾶθημαι.

521 5210 548 5239 ι
590 5197 675 5253 ῑσ.
707 5199 898 5271 αὐτήν.
975 5198 1008 5240 ι)
1045 5216 1133 5269 πο.
1163 5197 1320 5252 τοῦτο
1339 5198 1542 5256 αὐτῶν.

524 5339 636 5410 (63)
671 5339 781 5394 Καὶ
827 5340 867 5408 ή
912 5337 1144 5410 Ἑκάςη.
1186 5337 1305 5396 Huc
1343 5337 1738 5410 pertinentilla
1778 5336 2044 5410 Ηεείοιίί,⁵

453 5407 650 5476 quibus
684 5411 1014 5479 praecipuum
1047 5407 1558 5479 Hecatam—morem
1591 5408 1659 5463 ab
1696 5407 1828 5464 Jove
1867 5407 2024 5462 habi-

454 5489 566 5534 tum
601 5478 857 5543 ostEndit,
883 5496 911 5533 a
947 5495 1087 5533 vers.
1116 5479 1215 5532 Ml
1252 5478 1514 5548 Thcogon.
1545 5493 1564 5530 :

463 5549 524 5603 Ἡ
557 5549 608 5602 δ’
673 5548 1151 5617 ὐποκυσσαμένη
1218 5544 1477 5617 Ἑκάτὴν
1533 5544 1688 5687 τέκιῗ·
1726 5545 1844 5632 τὴν
1891 5544 2026 5612 περὶ

1677 5632 1918 5668 παντων

1677 5632 1721 5668 π
1723 5633 1918 5668 αντων

454 5687 604 5754 Ζεὺς
624 5685 916 5756 Κρονίδης
952 5686 1188 5754 τίμησε,
1218 5687 1401 5754 πόρεν
1423 5685 1489 5739 δέ
1512 5689 1564 5756 οἱ
1601 5684 1796 5754 ἀγλαὰ
1828 5684 2019 5756 δῶρα·

453 5753 680 5823 Μοῖρακ
703 5757 868 5827 ἔχειν
894 5757 1066 5827 γαίης
1091 5771 1154 5808 τε
1205 5756 1300 5808 καὶ
1323 5753 1663 5827 ἀτρυγέτοιο
1687 5753 2022 5827 θαλάσσης.

467 5827 524 5884 Ἡ
547 5829 614 5882 δὲ
636 5823 747 5884 καί
759 5823 1161 5895 ’ἀστερόεντος
1185 5827 1286 5880 ὑπ’
1306 5823 1567 5894 οὐρανοῦ
1587 5825 1803 5894 ἔμμορε
1831 5823 2024 5894 τιμῆς,

2139 4703 2397 4775 Ταανίὶια,
2429 4720 2584 4780 atque
2609 4711 2817 4778 triceps,
2847 4703 3094 4780 immitis,
3121 4717 3169 4761 et
3196 4703 3359 4780 aurea
3384 4703 3598 4780 uibrans

2141 4780 2383 4850 Spicula,
2419 4777 2768 4852 natorumque
2802 4796 2984 4850 expers
3010 4777 3209 4844 Diana,
3234 4777 3494 4844 simulque

2139 4917 2260 4972 Fax
2300 4916 2507 4971 Lucina
2532 4916 2844 4979 hominum;
2875 4914 3026 4987 cujus
3066 4913 3170 4987 tria
3201 4906 3672 4987 symbola,‘mundi

2139 4989 2308 5052 Tertia
2340 4989 2596 5042 elementa
2629 4978 2852 5040 notant:
2884 4978 3411 5055 ardentibus‘trtftera
3448 4978 3637 5049 [armis

2133 5049 2407 5113 Exlaibeo:
2437 5059 2637 5129 passim
2663 5056 3007 5112 candentibus
3038 5068 3164 5107 aera
3192 5049 3325 5118 bigis

2144 5333 2480 5400 Ἆθανάτοις
2505 5348 2569 5386 τε
2595 5332 2783 5389 θεοῖσι
2807 5331 3160 5400 τετιμημέννη
3183 5327 3314 5400 ἐστὶ
3337 5327 3627 5398 μάλιστα.

2131 5406 2332 5474 quibus
2365 5399 2487 5459 eam
2549 5403 2697 5456 omni
2732 5399 3012 5456 hominum
3067 5399 3254 5472 generi
3297 5410 3355 5455 et
3403 5400 3709 5455 conditioni

2129 5489 2365 5544 przeesse
2388 5475 2742 5528 demonstrat.

2204 5544 2316 5614 (64)
2376 5537 2836 5614 Ἀπειροτεχνξής.
2875 5537 3042 5605 Verti,
3095 5545 3446 5614 natorumque
3499 5554 3706 5614 expc-rs,

2131 5608 2580 5682 quasi'lcgeretur
2605 5613 3018 5685 ἀπειροτεκνής,
3035 5610 3116 5685 vel
3134 5608 3538 5685 ἀπειρρτεκνος,
3561 5608 3706 5676 quod

2133 5677 2311 5736 tamen
2359 5677 2653 5749 utrumque
2701 5677 2884 5732 rarum
2911 5677 2992 5732 cSt
3027 5695 3042 5734 :
3071 5677 3372 5749 ἀπειρωδίν
3391 5691 3445 5732 et
3484 5680 3707 5749 ἀπειρο-

2131 5751 2294 5822 λεχής
2315 5752 2471 5819 longe
2506 5747 2897 5822 frequentiora.
2938 5749 3030 5822 _Ac
3063 5747 3318 5803 fortassis
3347 5748 3704 5819 ἀπειρολεχής

2132 5817 2233 5892 ριέὸ
2254 5817 2651 5894 ’ἀπειροτεχνής
2676 5818 2780 5889 legi
2803 5817 3000 5890 possit.
