4156 6414
453 323 552 377 3H
1105 325 1384 384 EUSEBH
1427 329 1907 384 C£SABIENSIS
1943 324 2094 380 OPP.
2134 321 2316 377 PARS
2351 319 2415 376 ll.
2440 350 2514 364 -
2541 314 3048 375 APOLOGETICA.
3615 313 3725 368 51ιὲ

456 443 642 509 fuerit,
679 445 1138 514 quemadmodum
1182 448 1251 500 ab
1275 448 1374 501 illo
1396 458 1658 516 tempore,
1710 463 1816 502 non
1847 447 1973 501 diab

2077 445 2106 501 ι
2131 457 2189 492 τε
2239 440 2332 493 καὶ
2377 437 2643 500 δυνάστας
2674 436 2734 489 τὸ
2769 432 2998 488 παλαιὸν
3039 426 3107 502 ἦν
3138 432 3293 501 ὁρᾷν,
3339 428 3722 542 ἐθναρχίαςἾτε

455 535 572 587 lica:
603 534 766 588 modo
794 537 1200 604 superstitionis
1234 538 1398 603 ritus,
1436 539 1530 592 sed
1580 539 1742 592 etiam
1791 537 1973 592 distrat

2138 532 2231 585 καὶ
2260 531 2614 601 πολυαρχίας,
2644 528 2710 580 δι’
2751 528 2814 590 ἃς
2856 526 2948 578 ἐπὶ
2977 525 3103 586 τοὺς
3139 523 3256 575 κατ’
3281 521 3525 593 ἀλλήλων
3558 522 3721 632 πολέ-

450 625 728 696 quondam
755 642 819 681 ac
841 629 1165 698 multiplices
1191 632 1437 697 gentium
1470 631 1807 700 principatus
1828 629 1965 684 exsti

452 718 521 742 ne:
554 718 866 742 -..I.I..a2_---
897 722 1000 742 -1...
1047 721 1147 742 L.--
1175 722 1290 742 I---
1331 723 1654 742 -_-I,:_____-__
1704 720 1833 742 Μ-..
1865 721 1914 742 1--
1949 737 1972 742 _

2139 640 2271 694 μους
2296 621 2534 692 συνεχῶς
2563 618 2861 691 ὁρμῶντες,
2892 616 3119 685 δηώσεις
3151 613 3343 686 χωρῶν
3383 613 3476 666 καί⁵
3513 613 3721 667 πόλεων

2134 709 2453 742 aud-anui...-
2510 704 2977 742 λιυκηηινηλιμιηηιῖρ
3002 721 3057 742 τε
3093 705 3180 742 vni
3213 702 3587 742 ηἰνηηλοήηῖηι·
3609 702 3720 742 aut“:

449 718 524 771 cti
554 718 869 788 sublatique
893 722 1023 783 sint,
1046 721 1149 775 hoc
1175 722 1298 777 loco
1327 723 1681 792 subiungere.
1702 720 1838 775 Nam
1864 721 1916 774 in
1944 737 1973 775 ο

2134 709 2474 780 πολιορκίας,
2509 704 2977 777 άνδραποδισμούς
3002 721 3060 757 τε
3093 705 3187 756 καὶ
3212 702 3587 774 αἰχμαλωσίας
3609 702 3720 757 τῶν

447 808 592 878 pidis
613 819 772 864 antea
797 812 1056 880 pagisque
1084 812 1201 866 fere
1223 813 1454 883 singulis
1479 828 1656 884 reges,
1690 811 1928 883 tyranni.
1953 822 1973 866 t

2135 798 2525 872 πλησιοχώρων
2560 800 2649 852 ἀεὶ
2680 800 2774 852 καὶ
2803 797 3091 860 διαπαντὸς
3125 797 3406 868 ἐνήργουν,
3441 795 3579 867 πρὸς
3609 795 3718 848 τῶν

2165 893 2176 908 ο
2255 893 2267 908 I
2375 892 2397 908 α
2512 892 2526 908 Ι
2671 890 2687 908 ἱ
2740 891 2754 908 \
2800 889 2844 908 ,\
2910 907 2914 908 ν
2952 889 3025 908 -,_9
3061 888 3208 908 1\\1\
3252 906 3256 908 _
3335 887 3562 908 μιςμκηλ
3593 887 3667 908 ιιι-

449 901 664 970 parchaa
698 900 858 970 179
882 916 945 954 ac
970 901 1216 972 dynastas
1235 943 1250 968 ,
1274 901 1519 972 adeoque
1541 942 1558 967 ,
1597 903 1840 974 gentium
1894 917 1973 957 vat

2130 893 2346 945 οἰκείων
2370 892 2638 961 δαιμόνων
2670 890 2763 942 ἐπὶ
2792 889 2882 942 τὸν
2906 889 3025 942 κατ’
3052 888 3296 959 ἀλλήλων
3328 887 3564 959 πόλεμον
3588 887 3714 954 ἐξοιο

447 1008 513 1048 ac
533 992 774 1046 distincti
801 992 1113 1047 dominatus
1147 995 1314 1064 vulgo
1337 994 1702 1050 cernebantur
1727 1035 1743 1058 ,
1792 1009 1967 1063 quoru

2132 984 2472 1053 στρούμενοι.
2503 976 2602 1037 Ὧν
2625 980 2798 1044 οὕτως
2839 981 3091 1052 ἐχόντων,
3141 981 3198 1031 ἐν
3235 981 3394 1051 ὁποίᾳ
3429 982 3550 1032 τότε
3580 996 3712 1048 συγ-

445 1085 738 1140 ambitioue
765 1101 888 1140 eum
939 1085 1192 1141 homines
1236 1086 1445 1141 mutuis
1489 1102 1613 1141 sese
1645 1087 1799 1141 bellis
1829 1101 1973 1156 perpt

2127 1075 2280 1144 χύσει
2308 1073 2494 1128 κακῶν
2525 1072 2817 1143 συμφορῶν
2848 1089 2906 1124 τε
2935 1071 3250 1143 ἐπαλλήλων
3274 1073 3302 1124 6
3333 1074 3440 1134 πᾶς
3464 1072 3714 1143 ἐνίοχητο

443 1177 661 1244 tuisque
691 1185 970 1242 vexarent,
1003 1184 1121 1230 tum
1155 1177 1404 1248 regiones
1445 1178 1607 1231 etiam
1642 1177 1913 1246 urbesque
1941 1176 1973 1230 d

2129 1165 2261 1235 βίος,
2292 1168 2386 1220 καὶ
2427 1164 2576 1236 αὐτῷ
2615 1166 2698 1218 σοὶ
2733 1165 3057 1236 παραλείπω
3105 1168 3348 1218 σκοπεῖν.
3394 1165 3610 1217 Τούτων
3645 1164 3710 1238 δὴ

2155 1253 2181 1271 τ
2266 1257 2318 1271 ,λ
2375 1258 2386 1271 .
2525 1259 2537 1271 .
2608 1257 2620 1271 .
2817 1260 2829 1271 .
2913 1257 2939 1266 -
3029 1258 3040 1271 .
3167 1261 3192 1271 -
3312 1257 3328 1271 .
3380 1257 3436 1271 ,η
3573 1256 3631 1271 ς,

443 1265 701 1335 riperent,
739 1277 902 1336 atque
932 1266 1155 1323 assidue
1185 1268 1395 1322 vicinos
1429 1269 1635 1323 circum
1685 1267 1914 1338 populos
1967 1266 1973 1320 i

2123 1253 2216 1311 οὖν
2254 1257 2466 1328 ἁθρόως
2514 1257 2769 1311 ἁπάντων
2807 1257 2941 1328 ὁμοῦ
2992 1258 3089 1310 σὺν
3131 1261 3196 1328 τῇ
3241 1257 3485 1327 πολυθέῳ
3532 1256 3706 1349 πλάνη

437 1358 750 1413 servitutem
781 1359 1138 1425 abducerent,
1163 1358 1512 1414 familiarium
1538 1361 1724 1428 utique
1737 1369 1791 1413 et
1813 1361 1973 1414 intest

2125 1347 2371 1402 ἐκποδὼν
2405 1350 2810 1420 μεταστάντων,
2845 1350 2945 1402 οὐκ
2979 1349 3167 1403 ἄλλοτε
3208 1349 3240 1419 ἢ
3291 1348 3427 1421 μετά
3469 1349 3567 1420 τὴν
3610 1347 3706 1402 του

435 1463 634 1502 norum
670 1448 980 1504 daemonum
1021 1450 1259 1505 stimulis
1296 1450 1350 1504 in
1391 1451 1660 1518 ejusmodi
1708 1466 1914 1521 pugnas
1967 1472 1973 1500 ι

2123 1445 2375 1515 Σωτῆρος
2429 1443 2587 1514 ἡμῶν
2637 1443 2717 1506 εἰς
2757 1440 3076 1513 ἀνθρώπους
3117 1441 3443 1511 ἐπιδημίαν·
3484 1440 3600 1502 πῶς
3641 1441 3704 1494 οὔ

433 1542 814 1598 dimicationes
867 1544 1147 1598 concitati.
1198 1543 1331 1610 Quae
1365 1559 1486 1600 cum
1517 1545 1587 1598 ita
1623 1560 1681 1598 se
1713 1545 1973 1600 haberent

2120 1536 2226 1607 χρὴ
2260 1537 2319 1588 τὸ
2361 1536 2503 1606 μέγα
2550 1538 2846 1605 μυστήριον
2886 1535 2985 1605 τῆς
3019 1532 3232 1603 ἀληθῶς
3286 1532 3553 1603 σωτηρίου
3609 1532 3704 1585 καὶ

2157 1628 2169 1644 9
2321 1628 2336 1642 ι
2413 1628 2436 1638 ~
2511 1629 2523 1644 9
2613 1627 2631 1644 ο
2673 1627 2714 1642 θ’
2845 1627 2858 1644 α
2981 1625 3007 1644 n
3139 1625 3237 1644 !,v,,
3295 1621 3623 1644 _Q,OT,!A,!

433 1633 739 1701 eujusmodi
770 1635 988 1688 tandem
1013 1637 1279 1690 malorum
1302 1644 1357 1691 et
1383 1638 1752 1690 confertarum
1787 1637 1973 1692 calami

2117 1628 2478 1698 εὖαγγελικῆς
2500 1627 2820 1691 ἀποδείξεως
2838 1627 2938 1679 ὑπε
2948 1625 3079 1697 ρθαυ
3088 1625 3279 1696 μάζειν
3294 1642 3307 1689 ;
3324 1624 3391 1677 δι’
3407 1621 3473 1698 ἦς
3494 1625 3705 1696 ἀθρόως

432 1731 604 1777 tatum
627 1726 1038 1794 perturbatione
1065 1726 1350 1782 hominum
1375 1727 1485 1782 vita
1515 1727 1838 1796 jactaretur,
1867 1729 1973 1783 testi

2117 1721 2258 1775 κατὰ
2291 1723 2472 1774 πᾶσαν
2507 1719 2606 1791 τὴν
2651 1719 2762 1772 τῶν
2809 1717 3108 1789 ἀνθρώπων
3149 1717 3493 1788 οἰκουμένην,
3536 1733 3704 1787 προσ-

2077 1796 2085 1820 )
2260 1816 2270 1820 -
2474 1814 2487 1820 -
2628 1813 2639 1820 .
2730 1810 2754 1820 .-
2920 1809 2947 1820 Α
3043 1809 3059 1820 ι
3104 1812 3126 1820 -
3215 1810 3227 1820 ι
3267 1809 3288 1820 ι
3543 1808 3568 1820 ει
3677 1809 3691 1820 ι

429 1791 688 1872 ιηαηάιινῖη
723 1817 822 1873 tibi
852 1835 918 1874 ac
945 1821 1292 1875 statuendum
1326 1791 1596 1890 relinquo.
1622 1821 1824 1877 Eadem
1855 1839 1973 1878 vere

2077 1796 2085 1842 ί
2114 1816 2377 1886 ευκτήρια
2404 1814 2498 1867 καὶ
2533 1813 2652 1866 ναοὶ
2687 1810 2765 1882 τῷ
2792 1809 3126 1881 παμϐασιλεῖ
3146 1810 3238 1862 καὶ
3261 1808 3578 1880 δημιουργῷ
3608 1809 3703 1863 καὶ

426 1923 553 1962 eum
586 1917 712 1978 post
741 1911 910 1964 nostri
938 1911 1156 1966 demum
1197 1909 1505 1969 Servatoris
1550 1915 1843 1968 adventum
1881 1931 1973 1969 cur

2115 1906 2261 1976 μόνῳ
2287 1907 2394 1958 τῶν
2425 1905 2679 1958 ἁπάντων
2723 1902 2862 1974 Θεῷ,
2897 1902 2954 1955 έν
2990 1919 3048 1955 τε
3097 1902 3283 1954 πόλεσι
3325 1903 3418 1955 καὶ
3463 1902 3697 1972 κώμαις,

427 1997 522 2051 illo
555 1999 938 2070 multiplicium
968 2003 1194 2057 deorum
1226 2018 1413 2058 errore
1461 2020 1570 2058 uno
1605 2006 1748 2059 velut
1791 2006 1973 2075 agmin

2111 1997 2401 2068 βαρϐάρων
2429 2014 2487 2049 τε
2519 1995 2689 2049 ἐθνῶν
2712 1998 2769 2048 ἐν
2795 1995 3052 2066 ἐρημίαις
3072 1994 3424 2064 ἁφιερωμένα
3445 1993 3699 2065 συνέστη,

424 2088 711 2161 proﬂigata
738 2091 958 2160 iuerint,
990 2094 1115 2163 quis
1146 2110 1256 2149 non
1300 2095 1425 2164 jure
1459 2112 1714 2166 magnum
1748 2097 1852 2151 hoc
1882 2112 1972 2151 ver

2109 2089 2278 2159 βίϐλοι
2317 2107 2375 2142 τε
2419 2091 2511 2142 καὶ
2555 2087 2982 2157 ἀναγνώσματα,
3018 2086 3319 2157 μαθήματά
3363 2103 3421 2138 τε
3472 2089 3700 2141 παντοῖα

423 2183 682 2240 salutaris
716 2197 770 2240 et
799 2187 1122 2256 evangelicae
1157 2189 1640 2245 demonstrationis
1681 2191 2003 2260 mysterium

422 2289 638 2329 summa
664 2289 789 2330 cum
820 2277 1181 2334 admiratione
1236 2282 1538 2351 suspiciat,
1593 2297 1689 2351 per
1731 2298 1896 2350 quam
1950 2291 2004 2336 et

422 2371 630 2417 tantam
653 2365 786 2419 orbe
821 2366 1026 2434 passim
1059 2369 1316 2425 universo
1359 2387 1454 2444 per
1501 2371 1664 2426 urbes
1703 2380 1864 2440 atque
1909 2388 2003 2441 pa-

420 2468 539 2518 gos,
568 2451 679 2508 imo
711 2453 1070 2510 barbarorum
1100 2459 1261 2513 etiam
1309 2477 1372 2515 ac
1401 2461 1639 2530 gentium
1669 2462 1995 2516 solitudines

418 2543 786 2600 oratoriorum
827 2561 892 2602 ac
939 2549 1264 2618 templorum
1294 2555 1607 2620 praepotenti
1658 2566 1843 2606 rerum
1873 2567 1996 2607 om-

419 2633 569 2684 nium
604 2631 758 2704 Regi,
794 2637 1114 2705 architecto,
1137 2639 1347 2709 solique
1377 2639 1486 2694 Deo
1518 2641 1821 2696 dieatorutn
1853 2645 1995 2698 mul-

417 2723 704 2779 ttudiuem
734 2725 1051 2785 videamus.
1101 2737 1155 2783 et
1178 2729 1464 2796 librorum,
1524 2731 1840 2798 lectionum,
1898 2735 1995 2790 do-

415 2815 734 2883 ctrinarum,
767 2819 968 2888 quibus
1001 2823 1253 2889 perfecta:
1298 2823 1695 2894 cumulateque
1744 2827 1992 2892 virtutis,

414 2923 736 2980 morumque
769 2913 837 2967 ad
873 2928 1058 2969 veram
1089 2916 1342 2984 pietatem
1400 2932 1464 2971 ac
1511 2918 1824 2988 religionem
1861 2936 1991 2975 cou-

410 2999 821 3056 fnrmandorum
857 3005 1270 3060 accommodata
1312 3023 1420 3062 non
1467 3008 1629 3062 modo
1682 3009 1847 3077 viris,
1892 3011 1986 3066 sed

408 3091 573 3146 etiam
603 3094 924 3150 mulieribus
956 3112 1021 3152 ac
1056 3099 1239 3167 pueris
1271 3109 1534 3170 praecepta
1571 3102 1876 3171 tradantur,
1900 3105 1986 3158 in-

408 3181 616 3236 finitam
673 3185 854 3241 omnis
913 3187 1127 3256 generis
1184 3189 1396 3258 copiam
1452 3191 1789 3248 habeamus?
1833 3195 1985 3250 Adde

403 3284 653 3329 emortua
703 3276 921 3345 penitus
981 3277 1288 3336 daetnonum
1352 3283 1572 3338 oracula
1631 3295 1684 3340 et
1729 3288 1982 3344 vaticinia

404 3365 737 3420 conticuisse
772 3380 785 3416 :
819 3367 978 3434 adde,
1009 3383 1076 3422 ex
1108 3386 1217 3440 quo
1243 3372 1423 3427 divina
1451 3375 1564 3430 haec
1595 3385 1648 3430 et
1669 3380 1982 3450 evangeliea

402 3456 709 3512 Assertoris
737 3457 910 3511 nostri
951 3459 1126 3514 virtus
1153 3461 1322 3517 radiis
1349 3465 1464 3519 suis
1495 3466 1775 3522 hominum
1809 3487 1981 3541 genus

402 3559 564 3599 omne
593 3545 731 3600 lucis
762 3546 933 3602 instar
964 3548 1276 3615 illustravit,
1307 3569 1373 3607 eo
1399 3555 1516 3624 jam
1546 3573 1718 3627 usque
1745 3561 1980 3631 amplius

401 3635 583 3692 furere
613 3640 910 3706 neminem,
942 3650 1002 3696 ut
1025 3643 1334 3700 cbarissimi
1370 3651 1640 3720 cujusque
1667 3654 1932 3723 sanguine
1957 3696 1974 3723 ,

401 3729 795 3801 hominumque
815 3733 1191 3804 jugulatorum
1227 3739 1533 3807 sacriﬁciis,
1562 3742 1684 3797 illos
1723 3745 1888 3800 caedis
1922 3756 1977 3802 et

400 3821 612 3876 cruoris
640 3823 850 3890 avidos,
879 3837 932 3881 et
963 3825 1346 3886 infestissimos
1384 3832 1626 3889 humano
1652 3838 1834 3907 generi
1861 3839 1974 3895 da:-

398 3928 591 3971 mones
630 3915 846 3985 placare
891 3930 1156 3977 conetur:
1199 3924 1292 3994 qui
1325 3933 1503 3982 tamen
1546 3927 1685 3984 ritus
1725 3933 1969 3990 omnium

394 4005 522 4060 olim
554 4009 880 4078 sapientium
915 4022 1079 4084 atque
1124 4030 1310 4086 regum
1338 4055 1356 4083 ,
1399 4035 1538 4089 quos
1565 4022 1829 4080 daemonis
1865 4027 1970 4082 uti-

393 4113 500 4166 que
522 4097 678 4154 i'uror
705 4103 917 4172 agebat,
943 4106 1157 4162 animos
1188 4122 1503 4180 occuparat.
1535 4110 1602 4167 Et
1633 4130 1762 4170 vero
1795 4119 1968 4186 pessi-

394 4192 980 4270 morumdaemonum,
1036 4215 1106 4254 ex
1159 4215 1268 4268 quo
1325 4203 1609 4259 hominum
1648 4206 1962 4264 societatem

393 4280 647 4338 Servator
671 4294 857 4341 noster
890 4288 1093 4352 inierit,
1133 4291 1242 4345 vim
1275 4308 1340 4348 ac
1369 4283 1691 4362 potestatem
1727 4300 1964 4368 amplius

389 4374 592 4430 nullam
624 4391 764 4445 esse,
798 4379 883 4433 vel
910 4381 1140 4449 ipsemet
1175 4381 1533 4456 Porphyrius,
1566 4403 1799 4460 magnus
1830 4403 1963 4446 aela-

387 4467 456 4520 tis
487 4477 687 4522 nostrae
728 4469 1035 4526 daemonum
1063 4483 1345 4542 patronus,
1379 4479 1432 4532 in
1472 4494 1558 4544 eo,
1593 4482 1738 4550 quod
1774 4482 1963 4538 adver-

383 4573 480 4613 sus
507 4576 608 4615 nos
635 4565 978 4634 conscripsit,
1010 4567 1284 4624 volumine
1333 4571 1419 4625 his
1478 4574 1664 4628 verbis
1700 4583 1958 4631 testatum

383 4651 646 4722 reliquit:
681 4672 701 4706 ι
753 4653 820 4710 Et
853 4673 996 4712 nunc
1027 4658 1224 4713 mirum
1255 4699 1270 4726 ,
1321 4660 1518 4732 inquit,
1550 4664 1644 4718 ulli
1675 4665 1921 4724 videatur
1944 4711 1959 4735 ,

381 4743 653 4800 civitatem
680 4745 786 4802 hoc
815 4749 1008 4804 morbo
1038 4757 1117 4804 tot
1138 4750 1251 4819 jam
1278 4767 1452 4810 annos
1480 4755 1802 4821 conﬂictari,
1834 4773 1957 4812 eum

381 4832 730 4906 Esculapius
760 4840 1049 4910 caeterique
1092 4841 1167 4895 dii
1194 4841 1477 4897 hominum
1517 4861 1636 4901 sese
1664 4856 1960 4902 consuetu-

375 4925 490 4980 dini
528 4929 916 5001 consortioque
936 4932 1334 4988 subduxerint?
1362 4935 1440 4989 Ex
1475 4953 1585 5007 quo
1624 4939 1769 4993 enim
1797 4938 1956 4994 Jcsus

376 5017 479 5071 coli
512 5028 724 5089 emptus
759 5030 879 5087 est,
913 5037 1260 5078 communem
1299 5039 1363 5079 ac
1412 5028 1685 5095 publicam
1725 5029 1954 5085 deorum

373 5119 528 5172 opem
563 5123 724 5163 nemo
767 5112 959 5166 sensit.
995 5129 1016 5163 ι
1071 5109 1197 5166 Haec
1243 5113 1335 5170 ille
1375 5117 1557 5172 verbis
1612 5118 1855 5175 totidem.
1895 5119 1950 5174 Si

371 5211 503 5265 ergo
532 5199 614 5253 vel
641 5201 800 5258 istius
827 5203 1200 5274 confessione,
1233 5208 1393 5274 nihil,
1423 5225 1489 5263 ex
1510 5226 1620 5280 quo
1648 5209 1834 5266 Jesum
1866 5228 1954 5267 co-

372 5287 481 5342 lere
515 5302 816 5360 cteperunt,
841 5301 1150 5353 communis
1182 5315 1246 5354 ac
1274 5301 1506 5369 publicae
1553 5303 1778 5357 deorum
1832 5306 1951 5374 opis

370 5381 661 5452 quisquam
690 5396 946 5456 expertus
975 5399 1081 5454 est,
1110 5388 1428 5460 Esculapio
1456 5393 1619 5448 simul
1645 5410 1707 5450 ac
1738 5395 1952 5465 reliqua

374 5472 536 5544 180
565 5477 852 5533 numinum
886 5481 1045 5535 turba
1075 5497 1141 5536 ex
1178 5484 1462 5539 hominum
1509 5487 1770 5542 societate
1811 5490 1946 5544 sub-

2107 2181 2198 2234 καὶ
2227 2181 2565 2234 διδασκαλίαι
2607 2181 2734 2251 περὶ
2771 2183 2870 2250 τῆς
2908 2181 2988 2242 εἰς
3017 2179 3186 2250 ἄκρον
3214 2181 3414 2250 ἀρετῆς
3451 2181 3546 2234 καὶ
3575 2181 3702 2252 τρό-

2105 2289 2206 2325 που
2236 2272 2328 2325 τοῦ
2369 2273 2513 2325 κατὰ
2541 2272 2639 2342 τὴν
2685 2271 2860 2342 άληθῆ
2907 2271 3212 2324 θεοσέϐειαν
3257 2273 3697 2343 παραγγέλματα

2103 2365 2472 2434 περιέχουσαι,
2508 2364 2733 2434 ἀνδράσι
2759 2381 2816 2416 τε
2849 2363 2940 2417 καὶ
2973 2363 3209 2431 γυναιξὶ,
3247 2364 3341 2417 καὶ
3389 2366 3576 2417 παισὶν
3614 2367 3696 2429 εἰς

2103 2456 2336 2525 ἐπήκοον
2378 2456 2787 2527 παραδέδονται.
2831 2456 3020 2526 Νεκρὰ
3064 2455 3118 2507 δέ
3161 2455 3231 2507 τὰ
3275 2455 3382 2508 ἀπὸ
3422 2455 3692 2526 δαιμόνων

2101 2546 2279 2600 πάντα
2304 2548 2614 2619 χρηστήρια
2651 2565 2708 2600 τε
2751 2549 2843 2601 καὶ
2878 2547 3266 2618 μαντεύματα⁸
3306 2547 3428 2600 οὐδέ
3476 2565 3560 2611 τις
3609 2551 3693 2612 εἰς

2097 2638 2350 2690 τοσοῦτον
2379 2638 2679 2710 ἀνθρώπων
2710 2640 2918 2710 μέμηνε
2948 2640 3062 2701 νῦν,
3088 2639 3145 2706 ἐξ
3171 2632 3343 2712 οὗπερ
3375 2641 3453 2702 εἰς
3480 2640 3686 2703 πάντας

2099 2732 2276 2799 φωτὸς
2313 2731 2468 2800 δίκην
2503 2731 2804 2802 ἐξέλαμψεν
2832 2733 2865 2803 ἡ
2894 2731 2987 2784 τοῦ
3018 2733 3266 2802 Σωτῆρος
3309 2730 3464 2801 ἡμῶν
3503 2730 3684 2794 ἔνθεος

2097 2822 2191 2874 καὶ
2223 2823 2552 2895 εὐαγγελικὴ
2580 2823 2826 2894 δύναμις,
2853 2825 2928 2887 ώς
2963 2824 3164 2895 τολμᾷν
3196 2824 3272 2894 τῷ
3305 2822 3398 2876 τοῦ
3426 2823 3681 2893 φιλτάτου

2095 2915 2241 2986 φόνῳ
2285 2916 2377 2969 καὶ
2405 2919 2524 2980 ταῖς
2556 2916 2622 2969 δι’
2657 2917 3115 2989 ἀνθρωποθυσιῶν
3167 2920 3420 2987 σφαγαῖς,
3467 2916 3536 2969 τὰ
3588 2932 3684 2985 φο-

2093 3009 2218 3062 νικά
2253 3009 2346 3062 καί
2383 3009 2613 3080 φῦκαιμα
2648 3010 2739 3062 καὶ
2777 3009 3137 3081 μισάνθρωπα
3166 3009 3419 3079 δαιμόνια
3451 3007 3684 3074 ἐξιλεοῦ-

2094 3101 2250 3155 σθαι·
2284 3096 2371 3155 οἷα
2407 3104 2665 3174 πράττειν
2700 3105 2813 3166 τοῖς
2848 3103 3011 3156 πάλαι
3064 3106 3247 3171 σοφοῖς
3284 3120 3342 3156 τε
3391 3103 3484 3154 καὶ
3530 3101 3683 3169 βασι-

2093 3192 2240 3247 λεῦσι
2263 3193 2590 3264 δαιμονῶσιν
2635 3193 2711 3256 ώς
2755 3193 2970 3266 άληθῶς
3008 3195 3158 3264 φίλον
3202 3190 3291 3265 ἦν.
3335 3193 3470 3264 Περὶ
3501 3193 3556 3246 δέ
3584 3192 3683 3245 τοῦ

2095 3285 2292 3356 μηκέτι
2323 3285 2583 3342 δύνασθαί
2619 3304 2670 3339 τι
2702 3288 2796 3339 καὶ
2830 3287 3033 3357 ἰσχύειν
3069 3289 3196 3350 τοὺς
3230 3285 3462 3354 φαύλους
3488 3284 3678 3354 δαίμο-

2091 3393 2187 3440 νας
2222 3377 2360 3448 μετὰ
2384 3379 2482 3451 τὴν
2506 3379 2599 3432 τοῦ
2631 3381 2883 3452 Σωτῆρος
2907 3379 3062 3451 ἡμῶν
3087 3381 3166 3443 εἰς
3193 3378 3510 3451 ἀνθρώπους
3537 3378 3678 3448 πάρ-

2084 3467 2225 3535 οδον,
2261 3471 2356 3524 καὶ
2389 3472 2550 3534 αὐτὸς
2574 3475 2602 3526 ὁ
2634 3472 2758 3526 καθ’
2783 3475 2929 3544 ἡμᾶς
2973 3471 3080 3526 τῶν
3117 3473 3386 3543 δαιμόνων
3431 3471 3671 3542 προήγο-

2089 3577 2200 3632 ρος,
2234 3564 2290 3615 ἐν
2317 3565 2382 3634 τῇ
2416 3563 2536 3616 καθ’
2560 3565 2714 3635 ἡμῶν
2740 3568 2974 3637 συσκευῇ
3002 3565 3190 3618 τοῦτόν
3212 3583 3312 3618 που
3335 3564 3506 3633 λέγων
3531 3581 3673 3637 μαρ-

2083 3657 2238 3726 τυρεῖ
2262 3655 2354 3708 τὸν
2381 3657 2603 3728 τρόπον·
2635 3676 2652 3708 t
2676 3657 2812 3711 Νυνὶ
2833 3658 2889 3712 δέ
2905 3658 3295 3728 θαυμάζουσιν,
3325 3659 3371 3710 εί
3398 3657 3669 3711 τοσούτων

2082 3745 2220 3798 ἐτῶν
2249 3747 2540 3817 κατείληφε
2579 3749 2677 3821 τὴν
2727 3749 2877 3803 πόλιν
2920 3752 2952 3820 ἡ
2983 3751 3164 3814 νόσος,
3205 3749 3531 3820 Ἀσκληπιοῦ
3568 3750 3668 3821 μέν

2081 3839 2371 3911 ἐπιδημίας
2395 3842 2488 3894 καὶ
2521 3840 2627 3893 τῶν
2664 3841 2837 3894 ἄλλων
2868 3841 3004 3894 θεῶν
3051 3840 3238 3913 μηκέτ’
3269 3839 3456 3911 οὔσης.
3489 3841 3665 3912 Ἰησοῦ

2079 3931 2187 4003 γὰρ
2221 3933 2553 4005 τιμωμένου,
2604 3934 2859 4004 οὐδεμιᾶς
2905 3952 2989 3998 τις
3037 3935 3174 3988 θεῶν
3218 3934 3484 4005 δημοσίας
3521 3933 3665 4002 ὠφε-

2077 4022 2224 4088 λείας
2247 4025 2461 4097 ῇσθετο.
2507 4046 2525 4077 ι
2563 4027 2749 4080 Ταῦτα
2778 4029 3017 4098 ῥήμασιν
3053 4029 3236 4092 αὐτοῖς
3272 4029 3300 4080 6
3330 4027 3660 4099 Πορφύριος.

2075 4115 2136 4168 Εἰ
2168 4114 2231 4187 δὴ
2263 4112 2356 4170 οὖν
2392 4117 2532 4171 κατὰ
2553 4118 2707 4186 τήνδε
2733 4119 2832 4188 τὴν
2862 4118 3168 4190 ὁμολογίαν,
3209 4118 3381 4190 Ἰησοῦ
3412 4120 3664 4190 τιμωμέ-

2072 4224 2186 4271 νου,
2208 4208 2463 4280 οὑδεμιᾶς
2487 4227 2570 4273 τις
2601 4210 2738 4263 θεῶν
2759 4210 3021 4282 δημοσίας
3044 4211 3311 4280 ὠφελείας
3335 4212 3654 4284 ᾗσθετομη-

2071 4300 2181 4353 κέτ’
2213 4299 2377 4372 οὔσης
2437 4303 2561 4372 μητ*
2636 4301 2964 4374 Ἀσκληπιοῦ
3028 4304 3322 4375 ἐπιδημίας
3363 4321 3442 4367 τε,
3516 4307 3653 4375 μήτε

2069 4389 2177 4444 τῶν
2205 4392 2379 4446 ἄλλων
2416 4393 2582 4447 θεῶν’
2614 4393 2775 4446 πόθεν
2815 4394 2879 4466 δὴ
2910 4395 3094 4447 λοιπὸν
3126 4396 3186 4447 τὸ
3235 4395 3311 4460 ὡς
3353 4397 3480 4466 περί
3518 4395 3654 4449 θεῶν

1997 4521 2042 4576 D
2069 4483 2162 4535 καὶ
2194 4484 2388 4554 ἡρώων
2427 4487 2552 4557 περὶ
2585 4487 2764 4540 αὐτῶν
2806 4487 3012 4558 δόγμα;
3062 4488 3126 4541 Τί
3155 4487 3264 4560 γάρ
3301 4490 3422 4560 οὐχὶ
3453 4488 3653 4559 μᾶλλον

2065 4576 2133 4630 τά
2172 4578 2499 4649 Ἀσκληπιοῦ
2533 4580 2627 4632 καὶ
2663 4579 2773 4633 τῶν
2817 4580 2955 4632 θεῶν
3001 4582 3192 4650 κρατεῖ
3217 4581 3316 4651 τῆς
3355 4581 3526 4652 Ἰησοῦ
3557 4581 3648 4634 δυ-

2063 4669 2310 4739 νάμεως;
2345 4672 2391 4723 εἰ
2420 4670 2482 4742 δὴ
2507 4672 2536 4724 ὁ
2568 4671 2666 4741 μὲν
2697 4671 2910 4743 θνητὸς,
2946 4673 3020 4736 ώς
3052 4673 3116 4726 ἂν
3140 4676 3314 4742 φαῖεν,
3342 4673 3646 4744 ἄνθρωπος,

2063 4761 2223 4830 (τάχα
2257 4760 2300 4814 δ’
2336 4761 2404 4815 ἂν
2440 4761 2661 4828 εἴποιεν,
2692 4765 2772 4816 ὅτι
2813 4765 2906 4818 καὶ
2954 4765 3206 4836 πλάνος·)
3230 4767 3278 4819 οἰ
3318 4766 3373 4819 δὲ
3405 4766 3648 4838 σωτῆρες

2060 4854 2152 4905 καὶ
2181 4853 2329 4906 θεοίο
2363 4853 2476 4917 πῶς
2521 4851 2613 4908 οὖν
2658 4855 2857 4920 πάντες
2903 4856 3115 4928 ἀθρόως
3143 4858 3292 4929 αὐτῷ
3333 4860 3646 4932 Ἀσκληπιῷ

2058 4944 2379 5014 πεφεύγασι,
2433 4947 2502 5000 τὰ
2549 4947 2695 5000 νῶτα
2746 4947 2824 5018 τῷ
2881 4949 3081 5021 θνητῷ,
3133 4951 3227 5003 καί¹
3279 4953 3459 5004 πᾶσαν
3515 4951 3645 5021 ἑξῆς

2057 5036 2365 5109 ὑποχείριον
2390 5040 2488 5108 τὴν
2512 5038 2904 5112 ἀνθρωπότητα
2942 5042 3018 5114 τῷ
3064 5043 3255 5114 μηκέτ’
3290 5043 3423 5107 ὁντι,
3468 5043 3543 5109 ὡς
3574 5044 3644 5099 ἂν

2054 5127 2259 5182 εἴποιεν
2292 5131 2466 5194 αὐτοὶ,
2495 5132 2974 5203 παραδεδωκότες;
3016 5135 3077 5187 'O
3114 5135 3170 5188 δέ
3199 5136 3293 5192 καὶ
3322 5137 3457 5207 μετὰ
3485 5137 3642 5190 θάνα-

2050 5239 2142 5274 τον
2182 5221 2332 5296 παρὰ
2373 5225 2505 5276 πᾶσι
2536 5228 2647 5287 τοῖς
2675 5225 2882 5279 ἔθνεσιν
2921 5227 3192 5299 ὁσημέραι
3225 5227 3520 5291 διαιωνίζει
3555 5247 3638 5282 τι-

2052 5312 2323 5385 μώμενος,
2352 5316 2611 5388 ἄντικρυς
2643 5319 2740 5388 τῆς
2776 5319 2912 5389 μετὰ
2941 5318 3171 5373 θάνατον
3211 5320 3355 5391 ζωῆς
3382 5321 3443 5374 τὸ
3473 5325 3640 5396 ἐναρ-

2047 5405 2142 5473 γές
2184 5407 2277 5460 καί
2304 5407 2482 5462 ἔνθεον
2508 5412 2619 5472 τοῖς
2656 5411 2786 5474 οἵοις
2815 5428 2872 5464 τε
2912 5414 3141 5483 συνορᾷν
3174 5413 3632 5486 ἐπιδεικνύμενος.

2060 5499 2218 5553 Ἀλλὰ
2247 5501 2340 5553 καὶ
2360 5495 2439 5564 εἷς
2470 5501 2566 5565 ὢν,
2603 5502 2697 5556 καὶ
2727 5502 2798 5567 ὡς
2829 5504 2893 5558 ἄν
2929 5522 3014 5568 τις
3043 5505 3321 5572 ὑπολάϐοι,
3355 5507 3534 5578 μόνος,
3573 5509 3636 5562 τὸ

369 5577 514 5620 mota
545 5587 558 5622 :
598 5572 739 5626 unde
763 5575 978 5628 tandem
1006 5591 1141 5630 vana
1167 5577 1234 5633 de
1275 5579 1380 5634 illis
1417 5590 1674 5652 tanquam
1726 5584 1794 5638 de
1841 5585 1952 5641 diis.

2077 5589 2248 5660 πλῆθος
2279 5592 2386 5645 τῶν
2425 5593 2528 5646 ἀνά
2565 5597 2744 5647 πᾶσαν
2783 5595 2882 5666 τὴν
2924 5597 3248 5671 οἰκουμένην
3291 5598 3428 5652 θεῶν
3472 5601 3633 5654 ἐλαύ-

365 5668 460 5713 aut
503 5660 761 5720 heroibus
805 5666 1081 5737 subrepsit
1112 5670 1330 5741 Opinio?
1361 5673 1561 5740 Quidni
1592 5676 1737 5731 enim
1763 5679 1944 5747 potius

2077 5699 2154 5735 ει·
2185 5684 2277 5735 καὶ
2299 5684 2397 5746 τάς
2422 5701 2484 5752 γε
2509 5686 2672 5756 τιμὰς
2699 5660 2879 5740 αὑτῷν
2914 5660 3122 5742 ἀθετῷν
3160 5660 3368 5762 κρατεῖ,
3391 5692 3466 5757 ὡς
3501 5694 3629 5757 τοὺς

367 5747 666 5824 A‘Isculapii
695 5766 1128 5832 caeterorumque
1149 5763 1234 5820 vis
1269 5764 1522 5834 deorum,
1544 5764 1672 5824 Iesu
1700 5777 1942 5839 potesta-

2077 5771 2147 5826 μὲν
2175 5772 2327 5839 θεοὺς
2369 5747 2744 5846 μηκέτ“ἐἰναι,
2786 5779 2908 5850 μηδ’
2932 5747 3209 5853 ἐνεργεῖν,⁸
3231 5747 3368 5855 μηδέ
3399 5747 3487 5838 πδι
3519 5747 3625 5838 na:
