4156 6446
382 381 491 438 515

1533 372 1886 430 ῬΒᾸΕΡΑΒ.
1929 372 2182 428 EVANG.
2221 370 2354 425 LIB.
2397 368 2476 423 ν,

3554 365 3661 420 5M

385 498 757 573 ραφαίνεσθαι,
784 497 916 570 μηδέ
956 497 1201 568 συνήθως
1234 499 1354 561 ταῖς
1393 486 1612 552 πόλεσιν
1660 499 1937 568 ἐπιδημεῖν

2039 544 2042 556 ,
2071 506 2178 550 tem
2215 510 2280 550 ac
2312 507 2510 548 numen
2541 487 2770 546 evertit?
2792 485 3104 550 Enimvero,
3134 486 3182 542 si
3223 487 3390 542 homo
3423 484 3656 542 illetan-

375 593 461 647 ὅτι
486 591 560 662 μὴ
586 588 716 654 θεοὶ,
763 589 1013 660 δαίμονες
1037 589 1082 642 δ’
1117 585 1258 660 ἦσαν
1294 589 1554 661 πονηροί’
1594 589 1754 660 μόνου
1777 589 1832 641 δέ
1866 591 1962 642 αὑ-

374 683 494 749 τοῦ,
531 686 625 738 καὶ⁵
656 683 750 738 τοῦ
777 683 1237 755 καταπέμψαντος
1286 685 1451 738 αὐτὸν
1497 684 1632 738 Θεοῦ
1681 683 1790 737 τῶν
1823 682 1959 736 ὅλων

375 775 561 843 αὔξειν
586 776 854 848 ὁσημέραι
885 775 986 840 τὰς
1019 775 1206 847 τιμὰς,
1256 778 1350 830 καὶ
1398 777 1478 840 είς
1523 777 1704 847 μεῖζον
1740 777 1960 846 ἀρεταῖς

376 869 500 923 καθ’
529 869 656 939 ὅλης
677 869 778 936 τῆς
813 869 1230 942 ἀνθρωπότητος
1262 868 1586 923 ἐπιδιδόναι·
1622 868 1740 920 δέον
1781 867 1961 937 ἐμπαί

374 959 456 1014 λιν
481 961 606 1023 τοὺς
637 959 735 1031 μὲν
764 959 936 1024 θεοὺς,
980 963 1027 1014 εἰ
1055 961 1117 1032 δή
1153 979 1295 1025 τινες
1332 961 1501 1023 ὅντως
1541 956 1678 1032 ἦσαν
1716 958 1826 1012 τῶν
1859 957 1958 1010 ἐπὶ

373 1049 480 1120 γῆς
511 1049 826 1121 κηδεμόνες,
872 1049 967 1103 τοῦ
1016 1051 1116 1121 μὲν
1159 1051 1326 1122 ἄρδην
1371 1048 1812 1122 μεταστήσασθαι
1858 1049 1956 1118 τὴν

373 1137 602 1208 πλάνην,
635 1140 685 1190 εί
709 1139 815 1210 ἄρα
843 1156 927 1202 τις
950 1134 1048 1209 ἦν·
1080 1140 1276 1204 αὐτοὺς
1304 1140 1362 1192 δὲ
1389 1141 1488 1202 τὰς
1515 1137 1576 1203 ἐξ
1603 1137 1782 1190 αὐτῶν
1802 1137 1958 1207 θερα-

374 1228 532 1293 πείας
564 1246 625 1282 τε
655 1231 748 1283 καὶ
775 1229 1041 1299 ὠφελείας
1075 1231 1320 1301 ἀφθόνως
1359 1222 1673 1296 τοῖςπᾶσιν
1711 1229 1955 1301 ἐμπαρέ-

369 1338 504 1392 χειν.
543 1321 680 1376 Νυνὶ
721 1323 778 1376 δὲ
838 1324 1008 1388 τοῖςδε
1078 1326 1173 1378 καὶ
1213 1324 1358 1378 τοῦτ’
1405 1324 1815 1395 ἐπικεχείρηται
1856 1323 1954 1394 μὲν

371 1411 630 1477 πολλάκις
660 1413 748 1467 διὰ
790 1413 899 1468 τῶν
938 1415 1082 1470 κατὰ
1122 1417 1346 1488 χρόνους
1386 1417 1682 1488 ἀρχόντων,
1711 1415 1809 1486 τὴν
1857 1413 1952 1467 τοῦ

369 1505 624 1576 Σωτῆρος
649 1506 804 1578 ἡμῶν
835 1509 1200 1579 κραταιότατα
1243 1510 1666 1581 πολεμησάντων
1702 1507 1955 1560 διδασκα-

369 1593 514 1648 λίαν·
551 1595 830 1667 ἄπρακτον
856 1598 900 1650 δ’
925 1599 1074 1669 ὅμως
1112 1598 1338 1668 εὕραντο
1370 1600 1470 1670 τῆς
1496 1596 1864 1668 ἐγχειρήσεως
1891 1595 1954 1648 τδ

365 1685 551 1749 τέλος,
596 1685 975 1759 ὗπερνικώσης
1020 1691 1144 1753 τοὺς
1187 1691 1395 1754 πάντας
1450 1690 1537 1742 ἀεὶ
1578 1689 1678 1759 τῆς
1711 1687 1806 1742 τοῦ
1835 1688 1950 1739 Σω-

364 1775 532 1848 τῆρος
557 1777 713 1848 ἡμῶν
743 1779 926 1832 ἐνθέου
960 1780 1262 1852 δυνάμεως,
1297 1783 1391 1835 καὶ
1438 1781 1619 1843 πάσας
1663 1780 1766 1843 τὰς
1810 1777 1952 1832 κατά

2067 597 2183 642 tum
2213 594 2315 650 est,
2357 593 2417 639 ut
2445 583 2548 653 ipsi
2582 583 2868 652 garriunt,
2925 580 3092 635 morti
3145 578 3421 635 obnoxius
3449 576 3653 647 (impoo

2067 685 2272 733 storem
2307 676 2448 738 forte
2472 673 3136 730 aecireulatoremetiam
3181 669 3553 746 addiderint),
3596 669 3650 722 hi

2065 777 2258 824 contra
2286 777 2602 824 servatores
2622 784 2688 823 ac
2731 768 2829 833 dii,
2851 766 2946 838 qui
2974 766 3092 822 fieri
3119 765 3316 836 potuit,
3346 762 3427 817 uti
3461 760 3647 832 fugam

2064 861 2231 916 simul
2284 876 2476 917 omnes
2507 875 2634 915 cum
2670 858 2992 929 IEsculapio
3029 862 3407 927 capesserent,
3441 859 3643 906 morta~

2063 951 2210 1020 lique
2237 951 2468 1017 homini,
2491 952 2696 1021 quique
2727 951 2930 1016 nullus,
2956 957 3033 1010 ut,
3057 949 3360 1012 blaterant,
3414 942 3644 999 omnino

2060 1043 2172 1114 jam
2211 1042 2303 1108 sit,
2336 1057 2442 1103 non
2474 1051 2636 1113 terga-
2649 1041 2842 1097 darent
2858 1041 2975 1111 zipsi
3007 1041 3196 1106 modo,
3234 1038 3332 1106 sed
3355 1038 3518 1092 etiam
3543 1037 3646 1091 hu-

2063 1149 2286 1190 manum
2322 1143 2494 1205 genus
2514 1133 2683 1204 quasi
2702 1135 2944 1189 vinctum
2971 1134 3230 1202 deinceps
3256 1131 3645 1187 constrictum-

2061 1243 2169 1299 que
2200 1228 2481 1283 traderent
2506 1226 2865 1282 universum?
2896 1225 2967 1280 At
2983 1239 3114 1280 vero
3132 1222 3290 1279 Jesus
3312 1223 3404 1278 ille
3435 1229 3643 1287 noster,

2059 1321 2165 1376 hoc
2187 1320 2307 1390 ipso
2332 1333 2484 1385 sane,
2521 1319 2671 1389 quod
2697 1319 2865 1374 etiam
2889 1327 3013 1388 post
3037 1317 3246 1380 obitum
3269 1317 3422 1372 inter
3449 1330 3642 1371 omnes

2057 1412 2290 1483 populos
2349 1410 2608 1466 nominis
2640 1410 2740 1466 sui‘
2775 1411 2996 1465 cultum
3028 1411 3289 1480 'quotidie
3339 1403 3642 1480 propagare

2059 1501 2255 1571 pergit,
2284 1500 2651 1556 clarissimum
2685 1515 2923 1573 vereque
2951 1501 3197 1557 divinum
3233 1501 3323 1566 iis,
3358 1501 3452 1570 qui
3473 1500 3642 1554 modo

2059 1592 2256 1646 intueri
2298 1599 2550 1661 possunt,
2575 1592 2700 1646 vitae
2733 1599 2860 1661 post
2893 1605 3122 1648 mortem
3178 1608 3292 1648 suae
3329 1591 3517 1661 objicit
3547 1605 3638 1644 ar-

2058 1692 2391 1752 gumentum.
2427 1683 2518 1738 llle
2547 1683 2731 1754 igitur,
2765 1700 2910 1739 unus
2940 1685 3055 1755 ipse
3098 1700 3225 1740 cum
3255 1685 3360 1750 sit;
3383 1692 3548 1753 atque
3577 1692 3639 1737 ut

2058 1776 2326 1845 suspicari
2358 1777 2484 1846 quis
2515 1775 2657 1832 forte
2693 1784 2878 1847 queat,
2905 1777 3070 1846 plane
3100 1777 3272 1855 solus,
3306 1777 3634 1832 immensam

363 1866 466 1936 τῆς
494 1867 836 1932 διδασκαλίας
866 1869 1033 1923 αὐτοῦ
1077 1871 1186 1924 τῶν
1224 1870 1474 1942 πονηρῶν
1508 1868 1776 1938 δαιμόνων
1813 1869 1937 1921 ἐπα-

2048 1865 2196 1921 illam
2229 1874 2311 1922 tot
2333 1867 2565 1922 deorum
2609 1876 2724 1923 toto
2754 1869 3032 1939 quondam
3063 1869 3196 1924 orbe
3227 1867 3632 1924 dominantium

363 1957 654 2023 ναστάσεις
683 1953 1072 2032 καθαιροόσης,
1099 1960 1294 2024 αὐτούς
1337 1978 1397 2013 τε
1442 1959 1796 2030 ἐλαυνούσης·
1834 1958 1937 2012 δαί-

2053 1957 2458 2016 multitudinem
2491 1961 2840 2026 exterminat,
2869 1976 3043 2032 eaque
3087 1969 3357 2032 potestate
3387 1961 3629 2030 ipsorum

366 2067 536 2120 μονας
561 2051 658 2122 μὲν
687 2051 904 2125 ἀληθῶς
941 2053 1175 2123 φαύλους
1201 2054 1381 2119 ὄντας,
1409 2053 1618 2123 ψευδῶς
1645 2052 1701 2106 δὲ
1736 2069 1937 2122 νενομι-

2051 2043 2318 2108 honorem
2343 2058 2398 2105 et
2421 2049 2626 2106 cultum
2655 2053 2992 2123 contemptui
3023 2053 3369 2123 ludibrioque
3387 2051 3630 2121 subiicit,

363 2139 597 2211 σμένους
621 2139 760 2196 εἶναι
789 2143 967 2209 θεοὺς,
991 2145 1023 2216 ἢ
1059 2146 1154 2198 καὶ
1183 2145 1422 2213 ἀγαθοὺς
1449 2145 1728 2214 δαίμονας.

2050 2151 2240 2197 utnec
2271 2141 2368 2196 ulli
2397 2142 2634 2212 amplius
2659 2143 2734 2200 dii
2765 2142 2904 2205 sint,
2951 2157 3059 2198 nec:
3080 2143 3278 2197 virium
3330 2143 3630 2212 quidquam

363 2231 622 2300 habeant,
660 2250 761 2290 nec
804 2235 1016 2306 uspiam
1059 2236 1144 2289 vel
1177 2235 1366 2290 leviter
1408 2243 1724 2304 appareant,
1779 2246 1881 2286 nec
1925 2232 1978 2286 in
2020 2231 2301 2286 civitatum
2339 2241 2662 2296 conventus,
2705 2244 2765 2288 ut
2797 2234 2966 2300 olim,
3028 2248 3150 2289 sese
3205 2233 3440 2304 amplius
3487 2232 3627 2287 infe-

360 2334 508 2392 rant,
546 2336 732 2398 utpote
755 2329 850 2400 qui
878 2345 986 2385 non
1013 2330 1109 2393 dii,
1141 2330 1236 2384 sed
1263 2329 1388 2382 ntali
1413 2330 1686 2383 dmmones
1716 2336 1936 2382 essent:
1979 2335 2167 2381 contra
2215 2341 2346 2382 vero
2369 2327 2573 2382 ChriSti
2605 2331 2767 2385 unius
2793 2329 3078 2392 duntaxat,
3113 2329 3366 2400 ejusque,
3429 2344 3461 2384 a
3507 2344 3628 2398 quo

363 2417 568 2473 missus
621 2427 724 2486 est,
779 2421 873 2474 Dei
929 2435 1112 2474 rerum
1164 2419 1408 2473 omnium
1449 2417 1798 2487 praepotentis
1820 2417 2102 2473 veneratio
2152 2419 2326 2489 magis
2357 2417 2412 2472 in
2442 2418 2560 2474 dies
2589 2421 3182 2491 acmagis-augeatur,
3222 2436 3471 2490 novaque
3498 2436 3623 2475 cum

359 2510 669 2565 accessione
693 2512 995 2581 dignitatis,
1022 2512 1232 2568 radices
1259 2513 1314 2567 in
1367 2511 1694 2581 papulorum
1749 2512 1995 2566 omnium
2037 2512 2323 2567 mentibus
2344 2521 2469 2584 agat
2493 2513 2741 2570 altiores.
2783 2513 3081 2585 Oportebat
3113 2515 3302 2585 utique
3333 2515 3466 2569 deos
3500 2514 3626 2576 illos

357 2601 564 2668 petius,
624 2602 671 2658 si
731 2603 1034 2672 qui'rerum
1081 2606 1444 2659 humanarum
1474 2619 1600 2659 vere
1646 2619 1835 2660 curam
1883 2604 2168 2670 haberent,
2215 2617 2531 2661 nascentem
2584 2607 2730 2664 illius
2775 2623 3048 2675 errorem,
3093 2608 3140 2663 si
3167 2609 3291 2678 quis
3318 2608 3624 2663 existebat.

355 2691 601 2752 funditus
632 2699 952 2768 exstirpare,
983 2701 1102 2770 Opis
1159 2715 1289 2755 vero
1320 2700 1621 2771 auxiliique
1661 2701 1747 2756 sui
1786 2701 2067 2755 liberalem
2109 2716 2175 2756 ac
2214 2703 2484 2772 prolixam
2533 2705 2790 2758 omnibus
2833 2705 3048 2774 copiam
3108 2703 3310 2759 facere.
3346 2702 3512 2772 Atqui
3569 2700 3625 2757 id
3710 2750 3716 2756 .

351 2793 532 2848 conati
573 2795 790 2864 quidem
815 2797 1133 2868 saepissime
1175 2799 1251 2853 illi
1283 2807 1431 2864 sunt,
1471 2813 1596 2854 eum
1621 2798 1804 2854 varios
1830 2799 2000 2854 variis
2038 2799 2380 2868 temporibus
2431 2799 2793 2866 imperatores
2852 2800 2930 2855 ad
2960 2798 3270 2854 Servatoris
3319 2797 3492 2853 nostri
3527 2795 3628 2850 do-

353 2896 588 2944 ctrinam
624 2891 834 2947 viribus
872 2894 1129 2950 omnibus
1180 2895 1599 2966 oppugnandam
1649 2894 2071 2950 inflammarent.
2134 2893 2242 2949 Sed
2284 2895 2433 2950 inani
2479 2895 2641 2966 plane
2683 2896 2948 2964 irritoque
3008 2891 3429 2961 c0natu,'quod
3487 2889 3630 2944 divi-

353 2997 484 3036 num
514 2984 648 3040 illud
674 2985 982 3043 Assertoris
1023 2989 1196 3044 nostri
1236 3005 1437 3044 numen
1489 2989 1755 3045 illustrem
1786 3005 2001 3059 semper
2037 3004 2105 3044 ex
2150 2990 2406 3044 omnibus
2435 2990 2720 3046 victoriam
2751 2988 3063 3060 reportarit,
3094 2995 3430 3056 cunctosque
3451 2985 3629 3055 pessi-

350 3093 566 3134 morum
614 3081 921 3138 damonum
967 3085 1230 3140 adversus
1271 3087 1574 3142 doctrinam
1616 3101 1773 3141 suam
1819 3087 2055 3156 impetus
2086 3087 2368 3157 dissiparit
2389 3087 2566 3156 ,.[imo
2609 3087 2887 3143 daemones
2949 3087 3112 3140 etiam
3153 3084 3324 3154 ipsos,
3358 3082 3452 3153 qui
3500 3093 3628 3136 vere

350 3169 584 3240 improbi
607 3171 884 3228 daemones
911 3189 1036 3228 cum
1083 3185 1288 3236 essent,
1321 3174 1461 3231 falso
1490 3184 1672 3230 tamen
1702 3191 1802 3246 pro
1827 3175 1931 3232 diis
1970 3175 2242 3247 bonisque
2265 3177 2604 3232 daemonibus
2632 3177 2992 3238 habebantur,
3016 3175 3302 3246 expulerit.

879 3263 1107 3316 ΚΕΦΑΛ
1115 3263 1279 3317 AIUN
1327 3263 1402 3317 B'.

497 3351 593 3418 Τίς
622 3354 657 3405 ὁ
684 3353 903 3421 τρόπος
936 3351 1044 3422 τῆς
1079 3354 1432 3424 δαιμονικῆς
1457 3357 1780 3428 ἐνεργείας.

419 3439 540 3494 οἶδε
573 3438 704 3510 γοῦν
742 3442 1010 3514 περίγειοί
1063 3461 1206 3509 τινες
1247 3447 1400 3510 ὄντες
1425 3447 1520 3499 καὶ
1566 3447 1931 3518 καταχθόνιοι,

347 3533 439 3588 τόν
465 3549 524 3586 τε
555 3535 647 3588 ἐπὶ⁵
670 3537 773 3606 γῆς
802 3535 971 3609 βαρὺν
1013 3537 1110 3590 καὶ
1157 3536 1387 3611 ζοφερὸν
1415 3539 1556 3612 ἀέρα
1584 3538 1936 3611 περιπολοῦν-

345 3641 460 3690 τες,
493 3627 587 3680 καὶ
628 3628 687 3681 τὸ
730 3629 963 3694 σκότιον,
1021 3631 1117 3684 καὶ
1163 3630 1367 3700 γεῶδες
1423 3634 1738 3704 οἰκητήριον
1787 3631 1932 3704 ἔχειν

347 3721 826 3792 κατακεκριμένοι,
853 3721 918 3775 δι’
949 3721 1014 3784 ἃς
1045 3721 1272 3796 ὕστερον
1326 3723 1680 3796 ἀποδώσομεν
1727 3725 1926 3788 αἰτίαςο

343 3804 540 3874 τάφοις
568 3807 778 3878 νεκρῶν
831 3810 925 3863 καὶ
961 3811 1227 3882 μνήμασι,
1286 3812 1381 3865 καὶ
1431 3813 1582 3886 πάσῃ
1607 3817 1674 3885 τῇ
1712 3816 1945 3887 μυσαρᾷς

345 3896 440 3949 καὶ
460 3896 756 3968 ἀκαθάρτῳ
784 3897 884 3972 ὕλῃ
909 3900 1332 3973 φιλοχωροῦντες
1364 3903 1497 3974 (67),
1523 3905 1716 3976 αἵμασι
1742 3923 1800 3959 τε
1835 3908 1931 3961 καὶ

344 3986 584 4058 λύθροις,
611 3989 707 4042 καὶ
733 3991 1004 4045 παντοίων
1032 3993 1187 4056 ζώων
1223 3993 1461 4064 σώμασι,
1501 3999 1567 4068 τῇ
1597 4013 1657 4066 τε
1709 3999 1774 4052 ἐκ
1821 3999 1930 4052 τῶν

345 4081 834 4152 ἀναθυμιωμένων,
900 4085 995 4137 καὶ
1043 4087 1150 4139 ἀπὸ
1199 4087 1299 4158 τῆς
1340 4088 1445 4159 γῆς
1489 4088 1930 4161 ἐξατμιζομένων

344 4172 591 4227 ἀναδόσει
643 4174 948 4245 χαίροντες
1003 4177 1059 4230 οἵ
1107 4195 1166 4230 τε
1213 4177 1418 4232 τούτων
1465 4179 1724 4251 ἄρχοντες
1753 4181 1930 4253 ἀέριοι

347 4282 489 4330 τινες
523 4267 880 4338 ὑπάρχοντες,
918 4268 951 4321 ὓ
993 4269 1090 4322 καὶ
1126 4270 1472 4341 καταχθόνιοι
1501 4273 1781 4344 δυνάμεις,
1805 4275 1928 4328 ἐπεὶ

345 4359 653 4432 κατέμαθον
684 4361 745 4414 τὸ
772 4359 1112 4433 ἀνθρώπινον
1140 4363 1298 4432 γένος
1343 4364 1495 4418 κάτω
1540 4382 1643 4418 που
1680 4367 1809 4438 περὶ
1839 4382 1928 4420 νεο

344 4451 492 4522 κρῶν
518 4452 730 4524 ἀνδρῶν
781 4453 1054 4508 θεοποιίαν
1081 4453 1474 4525 ἰλυσπώμενον,
1505 4456 1716 4520 θυσίαις
1739 4475 1800 4510 τε
1833 4459 1927 4511 καὶ

342 4544 614 4611 κνίσσαις,
640 4548 762 4610 ταῖς
793 4547 855 4619 δὴ
880 4549 1116 4616 μάλιστα
1159 4550 1345 4614 αὐτοῖς
1387 4551 1808 4621 κεχαρισμέναις
1837 4551 1925 4606 διὰ

2553 3267 2710 3338 131
2755 3265 2986 3322 CAPUT
3025 3265 3089 3322 ll.

2166 3357 2425 3424 Quaenam
2452 3359 2752 3414 dwmonum
2791 3360 3098 3428 imposturte
3133 3361 3272 3412 ratio
3306 3359 3491 3429 fuerit.

2107 3448 2400 3504 Enimvero
2429 3465 2554 3505 cum
2580 3452 2724 3505 circa
2750 3451 3054 3520 graviorem
3085 3449 3254 3517 hunc,
3281 3449 3376 3519 qui
3415 3462 3446 3502 a
3473 3457 3619 3502 terra

2033 3540 2480 3609 proximeabest,
2507 3550 2562 3595 et
2581 3537 2952 3612 caliginosum
3009 3555 3190 3595 aerem
3219 3561 3234 3605 ,
3269 3547 3458 3610 utpote
3495 3553 3619 3592 om-

2033 3636 2166 3690 nino
2215 3637 2412 3690 terreni
2440 3639 2850 3702 volutarentur,
2900 3643 3064 3706 atque
3097 3635 3164 3690 ad
3212 3635 3618 3690 tenebricosum

2032 3729 2138 3784 hoc
2165 3737 2217 3783 et
2248 3738 2504 3785 terrestre
2526 3729 2888 3793 domicilium,
2920 3730 2991 3784 ob
3015 3745 3130 3794 eas,
3156 3743 3278 3799 quae
3301 3728 3471 3798 paulo
3493 3736 3618 3796 post
3648 3725 3650 3728 ’

2031 3833 2063 3872 a
2095 3819 2257 3874 nobis
2285 3819 2616 3887 afferentur,
2651 3835 2848 3875 causas
2886 3820 3142 3874 damnati“
3175 3809 3395 3884 essent;
3440 3818 3616 3872 adeo-

2030 3924 2137 3978 que
2165 3909 2231 3964 ad
2260 3911 2523 3976 tumulos,
2551 3910 2734 3974 busta,
2762 3926 2829 3965 ac
2877 3910 3143 3979 reliquam
3197 3909 3252 3962 id
3305 3923 3478 3977 genus
3528 3907 3616 3960 fu-

2029 4007 2240 4054 nestam
2292 4001 2673 4071 impuram‘que
2703 4001 2987 4054 materiam
3031 3999 3507 4062 adhaerescerent,
3559 4008 3615 4053 et

2030 4090 2297 4160 sanguine
2348 4105 2413 4144 ac
2447 4091 2621 4154 sanie,
2653 4093 2944 4160 omnisque
2989 4089 3205 4160 generis
3251 4088 3612 4142 animantium

2029 4182 2374 4252 corporibus,
2398 4197 2499 4237 nec
2550 4197 2660 4236 non
2707 4196 2890 4237 rerum
2928 4179 3298 4234 odoratarum-
3333 4177 3516 4233 sumtu
3550 4194 3616 4234 ac

2028 4290 2230 4344 vapore
2259 4275 2694 4341 delectarentur;
2759 4273 3035 4341 simulque
3075 4283 3266 4325 eorum
3294 4271 3571 4340 principes
3594 4311 3612 4337 ,

2029 4368 2142 4421 sive
2168 4367 2346 4422 aerias
2374 4365 2641 4436 quasdam
2665 4403 2682 4428 ,
2731 4365 2849 4420 sive
2882 4372 3128 4418 terrenas
3181 4368 3479 4431 potestates
3512 4377 3615 4416 vo-

2027 4474 2153 4513 care
2187 4457 2368 4524 malis,
2394 4473 2518 4512 cum
2550 4472 2723 4527 genus
2763 4458 3065 4511 humanum
3105 4452 3488 4524 indignissima
3513 4454 3616 4508 ho-

2029 4554 2236 4608 minum
2274 4561 2620 4608 mortuorum
2666 4550 3085 4607 consecratione
3112 4557 3438 4618 occupatum
3467 4588 3482 4613 ,
3528 4563 3613 4603 sa-

343 4640 525 4711 πάσης
555 4640 788 4710 σπουδῆς
818 4642 1235 4713 ἐκπονούμενον,
1269 4641 1497 4712 ἐγγύθεν
1534 4643 1770 4714 ἐφεδροι,
1829 4644 1928 4698 καὶ

2039 4645 2250 4700 critieiis
2276 4659 2342 4698 ac
2368 4644 2562 4699 nidore
2587 4643 2858 4705 carnium,
2882 4641 3084 4711 quibus
3117 4639 3208 4694 isti
3235 4639 3401 4694 rebus
3435 4647 3614 4694 tanto-

343 4735 594 4806 συνεργοὶ
625 4734 726 4805 τῆς
777 4735 984 4808 πλάνης
1014 4736 1288 4808 παρῆσαν,
1339 4738 1452 4800 τοῖς
1477 4736 1587 4790 τῶν
1625 4735 1928 4810 ἀνθρώπων

341 4817 531 4892 κακοῖς
586 4827 992 4900 ἐπεντρίϐοντες
1026 4829 1160 4899 (68),
1214 4829 1308 4884 καὶ
1351 4833 1479 4894 τοὺς
1534 4830 1796 4900 ἠλιθίους,
1833 4832 1927 4886 καὶ

338 4917 436 4981 τὰς
471 4918 650 4989 ψυχὰς
699 4921 950 4992 εὐχερεῖς
995 4921 1314 4986 ἀπατῶντες
1364 4922 1610 4996 κινήσεσί
1661 4941 1772 4976 τισι
1816 4923 1926 4979 τῶν

338 5007 562 5075 ξοάνων,
601 5011 638 5065 ἃ
688 5012 751 5082 δὴ
799 5014 892 5066 ἐπὶ
945 5014 1078 5084 τιμῇ
1122 5012 1231 5067 τῶν
1283 5016 1686 5086 κατοιχομένων
1713 5016 1924 5088 ἀνδρῶν

337 5103 474 5174 πρὸς
502 5103 613 5157 τῶν
633 5105 879 5158 παλαιῶν
907 5105 1230 5176 ἀφιέρωται,
1257 5107 1354 5159 καὶ
1396 5111 1519 5170 ταῖς
1547 5106 1636 5161 διὰ
1653 5108 1921 5180 χρησμῶν

336 5196 680 5263 φαντασίαις,
719 5196 1039 5268 θεραπείαις
1075 5215 1136 5254 τε
1188 5199 1478 5270 σωμάτων,
1510 5199 1548 5253 ά
1600 5199 1687 5253 διὰ
1718 5201 1818 5270 τῆς
1845 5203 1922 5255 οί-

335 5286 489 5351 κείας
537 5287 718 5342 αὐτῶν
777 5287 1097 5360 δαιμνικῆς
1160 5290 1440 5360 ἐνεργείας
1497 5292 1717 5360 ἀφανῶς
1764 5293 1919 5346 αὐτοὶ

337 5379 738 5450 λυμαινόμενοι,
770 5380 932 5434 πάλιν
969 5382 1018 5434 οἱ
1045 5381 1199 5435 αὐτοὶ
1246 5381 1334 5434 διὰ
1365 5384 1464 5454 τῆς
1497 5383 1557 5448 ἐξ
1589 5385 1766 5438 αὐτῶν
1793 5385 1916 5438 ἀνέ-

337 5486 472 5534 σεως
525 5470 842 5542 ἐλευθέρους
888 5471 997 5524 τῶν
1038 5471 1229 5524 παθῶν
1281 5473 1530 5539 ἠφίεσαν.
1593 5476 1672 5548 dt’
1717 5469 1794 5528 ὧν
1837 5475 1917 5528 ἔτι

341 5561 536 5629 μᾶλλον
568 5561 708 5615 κατά
740 5562 1004 5634 κρημνῶν
1027 5561 1222 5634 ἔφερον
1255 5565 1382 5627 τοὺς
1410 5545 1826 5635 δεισιδαίμονας,
1839 5566 1915 5630 ὡς

335 5653 530 5718 αὐτοὺς
561 5651 702 5708 εἶναι
727 5654 966 5725 νομίζειν
996 5655 1129 5709 ποτὲ
1161 5656 1260 5726 μὲν
1316 5657 1599 5728 οὐρανίους
1621 5658 1911 5730 δυνάμεις,

548 5768 1050 5856 φίλοχωρρρῦντες.
1079 5769 1279 5856 ἓξοηιη
1304 5772 1831 5856 ἐμφιλοχωροῦντεςτ

2023 4753 2153 4807 pere
2179 4739 2540 4804 delectantur,
2587 4735 2736 4790 omni
2768 4735 2952 4792 studio
2983 4748 3180 4789 vacare
3210 4730 3612 4787 animadverte-

2023 4837 2180 4883 rent:
2217 4829 2363 4882 illico
2395 4837 2595 4898 praesto
2625 4829 2850 4891 adesse,
2910 4825 3144 4880 fovendo
3175 4824 3349 4879 errori
3387 4837 3612 4892 operam

2023 4934 2225 4975 navare
2261 4937 2442 4983 suam,
2473 4921 2760 4975 hominum
2792 4920 2950 4976 malis
2978 4916 3363 4980 incumbe‘ndo,
3397 4930 3462 4969 ac
3496 4923 3610 4970 sto-

2022 5013 2163 5069 lidos
2195 5014 2489 5083 facilesque
2543 5014 2758 5070 animos
2810 5012 2998 5067 nescio
3043 5009 3243 5081 quibus
3284 5007 3612 5063 simulacro-

2024 5122 2172 5172 rum,
2209 5121 2331 5175 qua:
2358 5115 2570 5162 veteres
2600 5107 2656 5160 in
2686 5105 3072 5160 defunctorum
3119 5102 3382 5156 honorem
3413 5113 3612 5154 conse-

2024 5207 2266 5264 crarant,
2289 5198 2532 5254 motibus
2568 5199 2623 5252 in
2657 5197 2904 5251 fraudem
2938 5192 3266 5249 inducenda.
3298 5190 3513 5258 Quibus
3555 5198 3612 5244 et

2023 5291 2370 5346 oraculorum
2399 5293 2657 5360 speciem,
2689 5298 2742 5344 et
2773 5286 3123 5344 curationum
3150 5283 3366 5338 inanem
3416 5279 3602 5336 fucum

2023 5384 2317 5446 addebant,
2349 5398 2472 5438 eum
2525 5381 2618 5435 illa
2661 5381 2780 5449 ipsa
2831 5371 3087 5446 corpora,
3119 5389 3240 5445 quae
3289 5372 3501 5429 occulta
3551 5373 3606 5427 vi

2024 5477 2167 5531 male
2213 5475 2572 5544 torquebant,
2623 5473 2784 5526 iidem
2841 5469 3071 5524 remotis
3121 5466 3406 5522 maleficiis
3456 5463 3608 5519 omni

2022 5567 2372 5638 postmodum
2405 5565 2693 5621 vexatione
2721 5563 3037 5618 liberarent.
3067 5560 3246 5631 Atque
3277 5559 3394 5614 haec
3439 5552 3604 5622 sunt.

2019 5661 2222 5732 quibus
2255 5657 2509 5718 homines
2547 5659 2684 5716 adeo
2738 5653 3050 5728 praecipites
3082 5651 3350 5723 agebant,
3384 5645 3396 5698 Τ
3411 5655 3472 5704 ιιι
3507 5661 3606 5704 en:-

407 5838 516 5910 (68)
564 5841 1053 5908 Ἐπεντρίϐοντες.
1079 5839 1274 5908 Mont.,
1300 5838 1740 5914 ἐπεντρυῲῶντες
1761 5885 1774 5910 ,
1816 5844 2158 5900 insultantes.
