4156 6444
520 335 632 393 ﬁlii

1168 338 1440 396 EUSEBll
1471 337 1954 394 CESARIENSIS
1987 339 2135 396 OPl’.
2174 340 2360 396 PARS
2393 340 2458 396 II.
2499 368 2573 384 —-
2598 337 3107 398 APOLOGETICA.

3728 332 3847 389 316

511 456 678 512 modo
704 456 954 513 celestes
990 459 1255 527 quasdam
1299 473 1423 513 esse
1454 459 1685 513 virtutes
1711 499 1726 523 ,
1774 460 1938 514 modo
1969 475 2093 512 vera

2202 459 2294 512 καί
2320 477 2471 522 τινας
2496 459 2711 530 ἀληθῶς
2737 460 2914 521 θεοὺς.
2944 457 3076 512 ποτὲ
3104 458 3160 511 δὲ
3189 457 3290 521 τὰς
3332 456 3443 510 τῶν
3495 456 3842 526 τεθεοποιη-

510 550 760 615 numina,
805 551 1075 604 interdum
1121 550 1286 602 etiam
1336 551 1561 604 heroum
1616 550 1835 604 illorum
1881 551 2100 605 animos

510 647 783 707 putarent,
816 655 954 707 quos
988 640 1217 693 deorum
1272 641 1327 693 in
1362 642 1483 695 loco
1512 657 1855 711 numeroque
1886 643 2104 711 posuis-

509 740 649 782 sent.
682 728 818 782 Nam
870 731 942 784 ita
974 732 1194 785 demum
1248 733 1525 803 plerisque
1554 749 1686 789 sane
1736 735 1899 805 paulo
1932 736 2101 792 Itone-

509 822 647 875 stior
679 832 733 875 et
765 822 1031 877 illustrior
1083 826 1289 879 erroris
1328 826 1492 894 hujus
1519 867 1534 891 ,
1589 827 1819 881 deorum
1859 828 2105 882 multitu-

506 914 688 969 dinem
721 915 1045 979 invehentis,
1079 916 1290 985 species
1319 918 1432 971 fore
1462 918 1769 984 videbatur,
1796 935 1921 973 cum
1956 934 1987 973 a
2014 937 2102 975 rc—

505 1006 608 1062 bus
638 1007 776 1070 istis,
807 1022 929 1076 quae
958 1007 1062 1062 sub
1084 1016 1368 1077 aspectum
1404 1010 1629 1074 cadunt,
1664 1010 1733 1063 ad
1763 1010 2009 1077 ignotam
2047 1019 2103 1065 et

505 1099 797 1153 obscuram
822 1114 1011 1153 eorum
1035 1101 1129 1167 qui
1155 1100 1210 1153 in
1235 1100 1549 1155 simulacris
1573 1101 1982 1163 delitescebant,
2004 1118 2103 1155 na-

507 1198 686 1244 turam
722 1191 980 1260 cogitatio
1026 1193 1425 1258 traduceretur,
1456 1192 1648 1262 sicque
1670 1209 1872 1247 novum
1908 1210 2103 1264 super-

506 1282 714 1336 stitioni
740 1284 909 1337 robur
933 1282 1274 1355 adjungeret.
1308 1284 1424 1340 Hac
1452 1288 1537 1340 via
1569 1287 1771 1341 terreni
1801 1292 2099 1355 daemones,

503 1375 711 1446 quique
750 1376 896 1431 hunc
922 1392 1103 1432 aerem
1126 1379 1439 1434 insidebant
1475 1382 1665 1435 mundi
1703 1381 2000 1450 principes,
2034 1398 2101 1438 ac

501 1468 769 1538 spiritalia
798 1471 1075 1538 nequitiae,
1102 1473 1307 1542 quique
1340 1474 1555 1529 caeteris
1589 1475 1656 1527 ad
1693 1474 2097 1544 improbitatem

501 1574 566 1615 ac
589 1561 854 1616 malitiam
884 1579 1104 1619 omnem
1140 1566 1426 1635 praeihant,
1471 1583 1818 1622 summorum
1860 1569 1964 1623 sibi
1992 1585 2099 1622 nu-

502 1653 712 1708 minum
758 1656 1075 1726 opinionem
1108 1659 1250 1727 apud
1296 1674 1487 1715 omnes
1522 1671 1935 1729 compararunt.
1978 1661 2099 1726 Quo

500 1745 707 1800 factum
734 1786 749 1811 ,
801 1756 860 1801 nt
892 1748 1180 1804 hominum
1215 1766 1380 1805 sensu
1410 1752 1620 1821 pridem
1658 1754 1879 1822 vitaque
1909 1768 2098 1807 caren-

2208 551 2384 621 μένων
2412 552 2607 623 ἡρώων
2639 550 3136 622 ψυχάς.Ἐντεῦθεν
3160 549 3291 618 γοῦν
3326 550 3426 621 ἤδη
3484 548 3714 620 μείζων
3749 563 3845 612 τις

2204 643 2300 696 καὶ
2330 644 2631 714 σεμνοτέρα
2657 647 2768 706 τοῖς
2795 643 3007 705 πολλοῖς
3039 637 3180 694 εἶναι
3207 641 3487 710 ἐνομίζετο
3518 642 3557 711 ἡ
3591 640 3704 709 τῆς
3733 654 3845 692 που

2203 734 2394 787 λυθέου
2429 736 2634 805 πλάνης
2663 734 2957 804 ὑπόληψις,
2982 734 3414 804 μεταϐαινούσης
3439 733 3541 802 τῆς
3568 731 3844 794 διανοίας

2201 828 2310 880 ἀπὸ
2333 828 2440 881 τῶν
2464 828 2757 898 ὁρωμένων
2791 828 2884 880 ἐπὶ
2906 828 2967 880 τὸ
3000 828 3205 893 ἀφανὲς
3256 827 3365 879 τῶν
3416 823 3837 897 ὲγκρυπτομέ-

2202 936 2308 971 νων
2333 921 2446 983 τοῖς
2482 916 2714 983 ξοάνοις,
2749 919 2842 970 καὶ
2867 918 2968 987 τὴν
3020 916 3229 987 πλάνην
3262 917 3553 989 κραταιότε
3568 932 3669 986 ρον
3698 916 3838 966 ἐπι-

2202 1011 2499 1084 κυρούσης.
2533 1012 2690 1065 Οὕτω
2724 1012 2862 1082 ὃῆτα
2892 1011 3079 1064 λοιπὸν
3131 1011 3178 1063 οἱ
3206 1010 3476 1079 περίγειοι
3502 1008 3790 1077 δαίμονες
3816 1046 3837 1073 ,

2201 1105 2256 1156 οἵ
2279 1121 2339 1156 τε
2369 1105 2513 1172 ἀμφὶ
2541 1104 2632 1156 τὸν
2657 1104 2795 1174 ἀέρα
2836 1101 3305 1172 κοσμοκράτορες,
3335 1099 3428 1152 καὶ
3455 1099 3523 1152 τὰ
3554 1115 3836 1169 πνευμα-

2201 1193 2328 1246 τικὰ
2349 1195 2447 1263 τῆς
2480 1194 2767 1264 πονηρίας,
2798 1194 2853 1246 οἵ
2882 1210 2942 1246 τε
2974 1193 3067 1245 ἐπὶ
3128 1194 3291 1246 πᾶσιν
3340 1192 3524 1255 αὐτοῖς
3554 1193 3666 1262 τῆς
3715 1207 3831 1244 κα-

2202 1284 2325 1347 κίας
2362 1284 2609 1355 ἐξάρχων
2644 1284 2782 1337 θεῶν
2826 1283 2936 1353 (69)
2960 1284 3010 1335 oi
3048 1283 3291 1352 μέγιστοι
3328 1282 3477 1352 παρὰ
3495 1285 3615 1345 τοῖς
3645 1282 3833 1334 πᾶσιν

2201 1375 2534 1446 ἐνομίζοντο·
2571 1377 2606 1446 ἦ
2634 1393 2693 1429 τε
2721 1376 2831 1429 τῶν
2864 1376 3031 1430 πάλαι
3065 1374 3275 1446 νεκρῶν
3305 1376 3495 1445 μνήμη
3527 1373 3633 1443 τῆς
3694 1372 3833 1444 μεί-

2202 1465 2353 1531 ζονος
2400 1466 2621 1536 ἠξιοῦτο
2656 1467 2977 1540 θεραπείας·
3009 1460 3084 1520 ὧν
3112 1466 3212 1530 τὰς
3243 1466 3341 1536 μὲν
3375 1464 3482 1518 τῶν
3529 1463 3833 1534 σωμάτων

2204 1560 2345 1624 ίδέας
2374 1563 2422 1613 οἱ
2455 1560 2564 1614 τῶν
2597 1560 2741 1614 κατὰ
2795 1562 2981 1625 πόλεις
3024 1559 3415 1632 ἀφιερωμένων
3463 1558 3704 1611 είκόνων
3733 1558 3834 1627 φέ-

2202 1673 2316 1727 ρειν
2348 1656 2567 1708 ἐδόκουν
2591 1654 2771 1708 τύποι·
2800 1654 2899 1718 τὰς
2930 1654 2987 1707 δὲ
3012 1653 3187 1723 ψυχὰς
3218 1653 3312 1707 καὶ
3338 1653 3436 1716 τὰς
3464 1650 3696 1714 ἐνθέους
3719 1650 3829 1705 καὶ

2200 1746 2527 1815 ἀσωμάτους
2559 1746 2817 1817 δυνάμεις
2843 1747 2891 1799 oi
2924 1745 3118 1815 φαῦλοι
3168 1744 3420 1815 δαίμονες
3462 1741 3825 1816 καθυπεκρί-

499 1838 640 1892 tium
670 1841 934 1894 memoria
979 1842 1374 1911 prolixioribus
1421 1842 1613 1899 olliciis
1643 1844 1939 1908 coleretur,
1967 1860 2093 1900 eum

2198 1850 2348 1885 νοντο
2373 1834 2461 1887 διὰ
2489 1834 2688 1904 πολλῆς
2741 1835 2841 1905 τῆς
2893 1836 3295 1907 τερατοποιίας·
3339 1834 3432 1888 καὶ
3489 1833 3677 1887 αὐτῶν

500 1946 692 1984 eorum
719 1939 770 1985 et
798 1935 1044 2001 corporis
1079 1934 1238 2004 182
1271 1936 1507 2005 speciem
1541 1936 1843 2003 imaginum
1869 1952 1967 2004 per
1990 1953 2088 1990 ur—

503 2020 601 2075 bes
634 2033 1080 2078 couseeratarum
1110 2026 1297 2095 ﬁgura:
1338 2040 1731 2097 repraesentare
1760 2028 2094 2093 viderentur,

501 2125 557 2169 et
585 2117 800 2173 animos
830 2135 894 2174 ac
928 2121 1142 2176 divinas
1169 2124 1635 2193 incorporeasque
1662 2124 1896 2178 virtutes
1927 2124 2094 2178 multa

504 2209 904 2279 praestigiarum
963 2214 1017 2267 vi
1071 2216 1295 2284 pessimi
1368 2216 1646 2271 daemones
1707 2217 2093 2271 mentirentur.

499 2296 657 2353 Adde
688 2313 877 2368 porro,
910 2304 1005 2371 qui
1045 2318 1239 2357 eorum
1279 2320 1401 2359 sese
1428 2305 1786 2375 religionibus
1811 2306 2097 2375 sacrisque

500 2385 855 2453 devoverant,
890 2408 1087 2447 novam
1118 2394 1173 2447 in
1204 2394 1322 2449 dies
1363 2403 1529 2464 atque
1570 2395 1892 2464 ampliorem
1944 2410 2096 2449 vana:

502 2482 911 2549 superstitionis
934 2500 1148 2555 pompae
1176 2488 1414 2555 speciem
1464 2487 1762 2553 addidisse,
1793 2502 1859 2541 ac
1880 2496 2095 2541 vetera-

501 2568 657 2623 toriis
684 2570 1060 2643 maleﬁeisque
1083 2576 1296 2630 artibus
1326 2575 1513 2632 fucum
1539 2578 1745 2648 passim
1775 2578 2094 2633 hominibus

2201 1926 2309 1978 τῶν
2337 1927 2751 1998 θεραπευόντων
2810 1928 2906 1981 καὶ
2969 1929 3287 1998 ἱερωμένων
3329 1929 3539 1991 αὐτοῖς,
3596 1929 3699 1982 ἐπὶ
3752 1926 3820 1983 τὸ

2204 2019 2390 2090 μεῖζον
2416 2021 2503 2073 ἀεὶ
2536 2021 2626 2074 τὸν
2661 2022 2726 2074 ὲκ
2756 2021 2854 2089 τῆς
2902 2021 3205 2089 φαντασίας
3237 2020 3407 2089 τῦφον
3450 2021 3813 2089 ἀπαγὸντων.

2203 2112 2297 2164 καὶ
2323 2112 2388 2183 δὴ
2418 2114 2512 2165 καὶ
2541 2115 2826 2184 γοητικαῖς
2855 2114 3234 2182 κακοτεχνίαις
3259 2112 3326 2165 τὰ
3350 2111 3516 2165 πολλὰ
3540 2128 3814 2165 συσκευα-

2205 2203 2467 2273 ζομένων,
2503 2206 2602 2275 τῆς
2642 2206 2967 2260 καὶτούτων
2996 2204 3344 2268 διδασκαλίας
3389 2203 3571 2258 αὐτῶν
3634 2203 3809 2258 πάλιν

2204 2299 2310 2351 τῶν
2336 2299 2550 2366 φαύλων
2575 2298 2845 2369 δαιμόνων
2905 2301 3019 2363 τοῖς
3064 2298 3430 2369 θεραπεύουσι
3485 2314 3804 2370 προκαταρ-

2204 2389 2430 2456 ξάντων·
2456 2392 2509 2445 οἵ
2532 2409 2597 2460 γε
2623 2406 2649 2433 ι
2685 2392 2815 2461 γοῦν
2871 2392 2967 2447 καὶ
3029 2393 3129 2463 τῆς
3183 2392 3491 2465 ἀρχεκάκου
3540 2390 3803 2463 γοητείας

2203 2484 2369 2536 παντὶ
2387 2484 2466 2554 τῷ
2491 2485 2600 2538 τῶν
2622 2484 2928 2557 ἀνθρώπων
2962 2485 3061 2556 βίῳ
3090 2486 3434 2556 κατέστησαν
3465 2482 3651 2549 αίτιοι,
3682 2482 3799 2535 ὡσ-

2202 2577 2406 2649 περοῦν
2429 2581 2458 2631 ὁ
2492 2579 2599 2650 πρὸ
2623 2579 2812 2632 τούτου
2842 2579 3088 2649 διήλεγξε
3123 2578 3296 2647 λόγος.

500 2655 863 2733 fraudemque
926 2664 1146 2723 fecisse.
1194 2667 1345 2735 Quas
1370 2672 1534 2726 etiam
1590 2672 1657 2727 ad
1712 2686 1801 2727 res
1864 2672 2170 2728 cultoribus
2207 2673 2608 2744 clientibusque
2643 2674 2760 2729 suis
2800 2673 2974 2728 facem
3029 2673 3261 2743 improbi
3292 2671 3571 2726 daemones
3597 2665 3799 2739 praefe-

500 2757 718 2822 rebant,
753 2775 896 2830 quos
962 2765 1151 2835 utique
1196 2766 1582 2823 faseinationis
1638 2769 1827 2837 illius,
1876 2785 1999 2839 quae
2031 2770 2302 2824 malorutn
2342 2772 2590 2825 omnium
2622 2781 2785 2841 caput
2829 2770 2951 2836 fuit,
3009 2785 3240 2843 quaeque
3272 2770 3571 2826 humanum
3618 2780 3791 2839 genus

498 2851 743 2917 pervasit
787 2854 1103 2912 universum
1131 2898 1147 2923 ,
1204 2860 1447 2914 artiﬁces
1499 2862 1778 2918 exstitisse
1829 2860 2103 2931 superiori
2141 2861 2516 2931 disputatione
2549 2862 2912 2919 ostendimus.

1104 2951 1334 3006 CAPUT
1391 2953 1480 3009 lll.

2737 2956 3139 3011 ΚΕΦΑΛΑῙΟΝ
3182 2957 3257 3012 Γθ.

508 3049 698 3109 Varias
729 3072 792 3110 ac
832 3058 1155 3139 multipltces
1181 3061 1487 3139 ercorum
1532 3069 1783 3125 adversus
1831 3069 1958 3124 deos
2005 3087 2093 3125 su-

2201 3072 2330 3124 Ὄτι
2361 3070 2745 3138 πολυσχιδὴς
2788 3071 2885 3125 καὶ
2946 3067 3358 3139 πολυγκώμων
3402 3068 3441 3135 ἠ
3482 3067 3616 3134 περὶ
3642 3062 3796 3121 θεῶν

907 3134 1236 3198 perstitiouis
1266 3146 1437 3190 sectas
1485 3139 1673 3207 fuisse.

567 3210 709 3287 Ergo
743 3229 855 3273 tam
888 3222 1139 3277 scelerati
1182 3226 1272 3281 isti
1317 3243 1382 3283 ac
1429 3238 1697 3287 terrarum
1752 3236 1953 3292 accolae
1984 3236 2096 3293 dte-

497 3323 712 3375 munes,
746 3327 912 3381 quam
945 3315 1030 3369 vel
1078 3318 1215 3371 aerii
1252 3321 1335 3374 vel
1379 3326 1582 3379 terreni
1638 3328 1900 3397 spiritus,
1953 3346 2095 3401 quos

496 3401 687 3455 mundi
720 3413 958 3461 rectores
980 3446 995 3472 ,
1031 3423 1100 3463 ac
1126 3411 1400 3480 spiritales
1438 3418 1698 3487 nequitiae
1746 3423 2094 3493 principatus

497 3499 665 3582 atque
708 3504 1009 3562 potestates
1051 3499 1251 3556 divina:
1308 3503 1504 3561 littera:
1557 3522 1913 3582 nuncupant,
1967 3530 2094 3571 cum

498 3580 663 3636 modo
698 3583 969 3642 bonorum
998 3592 1286 3659 geniorum
1320 3609 1612 3664 personam
1664 3580 1991 3674 vultumque
2017 3606 2094 3661 si-

500 3674 789 3743 mularent,
820 3682 985 3736 modo
1017 3684 1327 3741 caelestium
1380 3690 1545 3745 etiam
1588 3692 1845 3764 deorum,
1869 3707 1965 3753 aut
1996 3704 2095 3756 he-

501 3782 659 3822 roum
700 3773 937 3840 speciem
973 3790 1037 3831 ac
1067 3775 1300 3833 formam
1337 3781 1667 3853 induerent,
1717 3793 1965 3860 adeoque
2005 3809 2095 3848 re-

500 3858 604 3914 bus
630 3861 763 3930 ipsis
792 3866 1050 3934 nequitiae
1091 3886 1206 3925 sua:
1238 3875 1518 3941 specimen
1552 3878 1733 3948 palam
1790 3858 1896 3951 ipsi
1947 3900 2093 3939 non-

497 3964 781 4044 nunquam
814 3964 980 4026 atque
1006 3971 1193 4028 aperte
1243 3967 1595 4023 ostenderent
1622 3989 1636 4025 :
1666 3971 1805 4026 nihil
1843 3974 2093 4044 profecto

498 4041 722 4110 mirum,
745 4045 791 4101 si
826 4048 1108 4119 multiplex
1139 4054 1427 4112 hominum
1459 4075 1582 4115 sese
1619 4062 1820 4118 animis
1844 4041 2011 4122 altius
2037 4069 2091 4123 in

495 4133 614 4190 dies
647 4152 804 4194 error
843 4139 1109 4200 insereret
1135 4164 1148 4200 :
1183 4162 1312 4202 cum
1337 4164 1433 4206 eos
1460 4153 1553 4207 alii
1579 4154 1733 4219 deos.
1764 4157 1963 4214 heroas
1993 4176 2091 4215 seu

494 4225 776 4286 daemonas
817 4234 934 4299 alii,
966 4238 1099 4293 deos
1147 4255 1279 4295 vero
1306 4257 1658 4315 nequaquam
1697 4263 1820 4305 esse
1850 4249 2090 4307 fateren-

496 4326 607 4386 tur,
640 4336 705 4377 ac
755 4325 1066 4412 daemonum
1116 4332 1361 4402 ipsorum
1411 4339 1550 4394 alios
1604 4340 1779 4398 bonos
1838 4346 2090 4414 specioso

2377 3145 2503 3210 τοῖς
2546 3145 2810 3217 Ἕλλησι
2847 3142 3118 3209 συνέστη
3154 3139 3612 3209 δεισιδαιμονία.

2270 3256 2490 3309 Τούτων
2539 3254 2831 3327 τοιγαροῦν
2887 3256 2996 3310 τῶν
3046 3253 3338 3327 μοχθηρῶν
3378 3253 3471 3307 καὶ
3500 3250 3793 3323 περιγείων

2195 3348 2489 3420 δαιμόνων,
2521 3348 2632 3401 τῶν
2685 3366 2744 3402 τε
2782 3348 2984 3419 ἀερίων
3013 3348 3108 3401 καὶ¹
3142 3346 3515 3418 καταχθονίων
3546 3343 3792 3414 πνευμά-

2195 3455 2325 3502 των,
2352 3437 2447 3503 oi);
2469 3439 2945 3510 κοσμοκράτορας,
2978 3437 3072 3492 καὶ
3108 3436 3487 3508 πνευματικὰς
3520 3434 3785 3505 πονηρίας

2197 3532 2370 3604 ἀρχάς
2396 3548 2456 3583 τε
2485 3530 2579 3584 καὶ
2608 3530 2860 3595 ἐξουσίας
2888 3531 2937 3583 οἱ
2967 3529 3101 3583 θεῖοι
3129 3529 3277 3597 λόγοι
3300 3525 3787 3602 προσαγορεύουσι,

2196 3623 2316 3676 τοτὲ
2355 3623 2453 3692 μὲν
2484 3624 2563 3685 είς
2599 3622 2842 3690 ἀγαθοὺς
2864 3621 3124 3692 δαίμονας
3152 3620 3620 3692 ὑποκρινομένων,
3670 3616 3790 3669 τοτὲ

2195 3713 2252 3767 δὲ
2282 3715 2364 3777 είς
2406 3712 2695 3783 οὐρανίους
2724 3711 2883 3774 θεοὺς
2938 3710 3453 3782 σχηματιζομένων,
3505 3708 3603 3762 καὶ
3630 3705 3791 3760 πάλιν

2195 3804 2383 3859 ἄλλοτε
2416 3806 2497 3867 είς
2523 3803 2711 3875 ἥρωας
2738 3800 3300 3873 μεταμορφουμένων,
3337 3797 3455 3850 ἔστι
3490 3796 3536 3850 δ’
3563 3797 3670 3866 ὅπη
3698 3796 3794 3850 ἀν-

2193 3912 2389 3967 τικρυς
2426 3894 2515 3948 διὰ
2539 3893 2648 3946 τῶν
2674 3892 2971 3964 δρωμένων
2997 3891 3096 3961 τῆς
3133 3888 3439 3961 μοχθηρίας
3485 3886 3548 3939 τὸ
3589 3885 3794 3955 δεῖγμα

2196 3985 2670 4059 παραφαινόντων·
2705 3982 2933 4045 ιίκότως
2980 3981 3150 4044 πολὺς
3186 3980 3215 4031 ό
3255 3977 3461 4041 πλάνος
3480 3974 3792 4048 ἀνθρώποις

2195 4076 2274 4131 ἔτι
2303 4076 2503 4147 μᾶλλον
2530 4074 2687 4146 ἐπῄει
2715 4073 2823 4127 τῶν
2852 4072 2951 4144 μὲν
2986 4071 3143 4134 θεοὺς
3168 4065 3330 4134 εἶναι,
3384 4068 3495 4122 τῶν
3518 4067 3577 4121 δὲ
3600 4066 3791 4137 ἥρωας

2196 4174 2290 4225 καὶ
2318 4171 2605 4241 δαίμονας,
2631 4167 2746 4221 ἀλλ’
2776 4168 2836 4220 οὐ
2868 4165 3027 4229 θεοὺς
3049 4164 3317 4235 ὑπάρχειν
3346 4160 3753 4234 ὁμολογούντων
3770 4177 3786 4191 ·

2195 4264 2290 4319 καὶ
2315 4263 2425 4315 τῶν
2444 4261 2716 4330 δαιμόνων
2740 4260 2866 4321 τοὺς
2904 4257 3003 4327 μὲν
3044 4254 3284 4323 ἀγαθοὺς
3321 4251 3787 4323 ὲπιφημιζόντων,

2193 4352 2301 4407 τῶν
2330 4353 2357 4393 h
2388 4352 2446 4404 δὲ
2487 4349 2797 4419 φαυλότατα
2839 4347 2952 4418 (70)
3011 4344 3434 4407 ἐπικαλούντων,
3480 4342 3620 4412 πλὴν
3653 4339 3790 4394 ἀλλὰ
3824 4356 3831 4361 ·

494 4412 738 4478 nomine,
765 4416 901 4472 alios
926 4408 1117 4477 contra
1142 4426 1378 4493 pessime
1399 4431 1756 4500 appellarent,
1785 4436 1865 4489 sic
1895 4447 2079 4493 tamen

2198 4444 2296 4498 δεῖν
2319 4443 2639 4514 φασκόντων
2672 4442 2768 4495 καὶ
2809 4440 2938 4502 τοὺς
2997 4436 3238 4507 φαύλους
3282 4434 3643 4500 ὲξιλεοῦσθαι,
3698 4434 3791 4487 διὰ

493 4516 557 4561 ιιι
587 4507 828 4567 nefarios
859 4515 1020 4570 etiam
1055 4519 1209 4587 illos,
1262 4524 1330 4578 ad
1380 4528 1744 4585 amoliendam
1779 4547 1970 4588 eorum
1996 4552 2088 4590 ve-

492 4601 792 4668 xationem,
825 4607 1108 4663 conciliari
1160 4614 1479 4687 placarique
1528 4622 1746 4679 vellent.
1787 4623 1974 4696 Itaque
2018 4629 2086 4682 li-

490 4699 635 4745 ctam
673 4693 823 4749 illam
855 4700 1144 4755 numinum
1175 4706 1513 4764 molitionem
1556 4713 1743 4782 plures
1782 4716 1836 4770 in
1879 4693 2086 4776 classes

491 4784 724 4839 divisam
756 4802 820 4842 ac
851 4800 1056 4845 sectam
1110 4794 1370 4853 habuere.
1422 4799 1605 4860 Prima
1657 4808 1902 4864 siderum
1965 4812 2087 4867 illo-

491 4892 613 4930 rum
641 4887 744 4941 est,
776 4897 898 4951 qua:
929 4896 1232 4943 cernuntur
1259 4890 1313 4944 in
1340 4895 1500 4960 caelo,
1521 4915 1662 4965 quos
1688 4902 1855 4955 etiam
1881 4903 2087 4972 princi-

491 4981 587 5037 pes
617 4972 861 5025 omnium
897 4973 1071 5041 θεούς,
1100 4980 1253 5043 deos,
1286 4985 1484 5051 partim
1514 5003 1543 5041 a
1591 4991 1757 5046 verbo
1781 4991 1948 5059 θέειν,
1979 4996 2085 5051 hoc

492 5069 576 5114 est
605 5078 847 5132 currere,
880 5071 1076 5136 partim
1117 5073 1187 5127 ab
1216 5075 1388 5131 altero
1429 5078 1678 5152 θεωρεῖν,
1707 5087 1852 5154 quod
1885 5096 2078 5155 estea,

492 5168 614 5222 quae
642 5158 745 5212 sub
777 5172 1056 5230 aspectum
1087 5167 1313 5235 eadunt,
1341 5176 1722 5244 contemplari,
1757 5178 1918 5249 cujus
1947 5196 2081 5236 con-

567 5304 592 5331 ιι
634 5292 739 5347 del.
778 5294 864 5364 γέ.
940 5296 971 5338 1)
1012 5296 1097 5352 ἷσ.
1140 5299 1289 5365 τούς.

557 5429 677 5511 ⁴ς69)
714 5431 1015 5512 Ἐξάρχων
1060 5438 1231 5493 θεῶν.
1290 5440 1528 5495 Omnino
1582 5443 1798 5511 legend.
1844 5446 2081 5512 videtur,

495 5498 756 5585 t‘ﬁﬁpxov,
777 5498 925 5572 quod
954 5508 1093 5562 idetu
1121 5520 1390 5585 est_atque
1416 5498 1681 5585 ὑπῆρχον,
1704 5498 1941 5583 itemque
1970 5498 2085 5573 (ιῖέὶ

498 5574 854 5644 tinguendum
905 5588 1027 5644 post
1066 5574 1317 5635 eamdem
1367 5574 1781 5642 vocet'uf'l’orro
1832 5574 2087 5643 Theodo-

498 5650 648 5729 ἔνεμε
692 5643 783 5729 lib.
814 5643 982 5729 uxﬂDe
1018 5647 1254 5729 (iraa-or.
1300 5653 1693 5722 aﬁ'ectionibus,
1738 5658 1860 5729 ipso
1895 5660 2083 5715 statim

498 5715 676 5789 initio,
705 5715 981 5789 si_n_tillima
1014 5718 1272 5789 disputat.

570 5781 684 5852 £70)
726 5782 851 5840 Τῶν
881 5786 949 5840 δὲ
976 5781 1343 5857 φαυξιότατα.
1378 5792 1609 5853 Montac.
1636 5840 1650 5869 ,
1684 5800 1809 5863 τοὺς
1859 5800 1913 5855 δὲ
1947 5818 2086 5870 φαυ-

2194 4538 2297 4601 τὰς
2329 4537 2388 4601 ἐξ
2416 4534 2594 4588 αὐτῶν
2617 4532 2839 4604 βλάϐας·
2899 4530 3042 4584 ὥστε
3084 4532 3182 4601 τὴν
3226 4530 3407 4582 πᾶσαν
3442 4528 3629 4590 αὐτοῖς
3681 4524 3794 4579 θεο-

2195 4629 2379 4683 ποιίαν
2407 4631 2487 4691 είς
2516 4627 2630 4698 εἴδη
2680 4625 2903 4679 πλείονα
2936 4624 3320 4677 καταπίπτειν·
3350 4620 3567 4693 πρῶτον
3603 4620 3701 4690 μὲν
3728 4618 3791 4672 τδ

2194 4723 2258 4776 ἐκ
2285 4722 2395 4775 τῶν
2435 4719 2778 4790 φαινομένων
2806 4716 2927 4772 κατ’
2953 4716 3181 4787 οὐρανὸν
3210 4715 3397 4784 φωστὴ
3408 4732 3538 4785 ρων,
3567 4711 3661 4775 οὓς
3694 4710 3789 4766 καί

2194 4833 2324 4886 φασι
2345 4816 2436 4869 διὰ
2458 4814 2517 4867 τὸ
2547 4813 2710 4876 θέειν,
2735 4813 2873 4883 ὅπερ
2903 4810 3022 4863 ἐστὶ
3046 4808 3280 4880 τρέχειν,
3304 4808 3394 4861 διά
3410 4824 3469 4859 τε
3491 4807 3553 4858 τὸ
3584 4805 3791 4869 αἰτίους

2195 4902 2333 4960 εἶναι
2354 4903 2449 4959 τοῦ
2475 4904 2703 4973 θεωρεῖν
2746 4900 2815 4954 τὰ
2856 4898 3133 4972 ὁρώμενα,
3193 4895 3444 4970 πρώτους
3474 4897 3630 4959 θεοὺς
3660 4897 3792 4965 ἀνη-

2191 4996 2503 5067 γορεῦσθαι·
2533 4994 2787 5064 δεύτερον
2815 4991 2874 5044 τὸ
2914 4989 3007 5044 διὰ.
3062 4990 3173 5059 (7i)
3208 4986 3307 5051 τὰς
3352 4989 3434 5051 εἰς
3482 4987 3573 5039 τὸν
3609 4984 3791 5040 κοινὸν

2192 5089 2326 5159 βίον,
2352 5087 2428 5152 ὥς
2456 5104 2639 5157 φασιν,
2664 5084 2987 5157 εὐεργεσίας
3011 5079 3485 5151 ἐκτετιμημένων,
3503 5079 3530 5132 ὃ
3546 5079 3609 5149 δὴ
3628 5078 3793 5142 ἐξάν-

2189 5181 2422 5255 θρὼπων
2438 5179 2795 5252 γεγεννῆσθαι
2813 5177 2908 5231 καὶ
2922 5175 3078 5230 αὐτοὶ
3094 5172 3441 5246 ὁμολογοῦσι,
3458 5173 3585 5236 τοὺς
3601 5170 3793 5227 καλου-

2189 5449 2465 5515 λοτάτους.

2262 5522 2374 5593 (71)
2408 5522 2477 5577 Τὸ
2508 5522 2627 5580 διά.
2665 5522 2903 5594 Legend.
2939 5525 3106 5580 credo
3134 5525 3219 5578 vel
3251 5525 3311 5579 τὸ
3345 5526 3409 5580 ὲκ
3430 5524 3540 5579 τῶν
3569 5519 3691 5594 διᾷ,
3727 5530 3790 5580 ut

2189 5592 2512 5666 paulo'_ante
2546 5592 2765 5666 πρῶτον
2790 5596 2887 5665 μὲν
2921 5597 2983 5649 τὸ
3015 5599 3079 5649 ὲκ
3108 5595 3239 5661 τῶν,
3270 5597 3353 5649 vel
3379 5598 3570 5650 saltem
3598 5592 3660 5645 τὸ
3679 5593 3790 5649 τῶν

2189 5663 2296 5716 διά.
2349 5664 2507 5729 Quod
2532 5666 2577 5719 si
2592 5663 2671 5719 'ne
2699 5663 2808 5719 τῶν
2837 5667 3059 5735 quidem
3090 5666 3292 5721 addere
3324 5666 3614 5734 placuerit,
3645 5680 3789 5718 τετι·

2195 5735 2456 5816 μημένων
2486 5736 2630 5806 quod
2655 5738 2925 5809 sequitur,
2980 5737 3035 5793 in
3063 5737 3427 5808 τετιμημένον
3461 5735 3784 5791 mutandum

2190 5816 2315 5862 el‘ll.
