4156 6462
357 411 465 467 317

1547 403 1873 462 ΡΒᾸΞΡΑΒ.
1913 404 2169 462 EVANG.
2207 394 2335 460 LIB.
2373 405 2437 459 Υ.

3529 407 3635 464 518

359 528 554 600 μένους
580 529 766 601 ἥρωας
796 529 1223 602 παραφέροντες,
1253 525 1527 598 Ἡρακλέα
1559 525 1654 578 καὶ
1681 522 1931 577 Διοσκού-

2040 524 2412 594 templationis
2451 532 2704 578 auctores
2735 522 2775 577 i‘i
2815 523 2946 589 sint,
2970 522 3287 579 nominatos
3316 538 3440 580 esse
3474 524 3639 580 dicti-

358 637 503 692 ρους,
518 621 766 676 Διόνυσόν
779 639 836 674 τε
855 623 947 676 καὶ
963 623 1085 684 τοὺς
1102 620 1250 691 παρὰ
1264 622 1373 681 τοῖς
1388 616 1681 688 βαρϐάροις
1694 616 1935 687 ὁμοίους·

357 709 417 776 ἐξ
447 704 520 763 ὧν
552 713 912 784 ἀφορίσαντες
944 712 1037 766 καὶ
1070 709 1501 780 διαστειλάμενοι
1543 706 1613 760 τὰ
1660 708 1788 778 περὶ
1827 704 1940 759 τῶν

355 801 537 857 αὐτῶν
568 805 893 875 αἰσχρότερα
930 803 1401 875 μνημονευόμενα,
1437 801 1618 873 τρίτον
1649 795 1790 861 εἶδος
1822 796 1941 849 θεο-

356 892 536 957 ποιίας
566 895 845 959 ὑπέθεντο,
884 894 1109 966 μυθικὸν
1147 894 1278 947 αὐτὸ
1321 891 1747 953 ἐπικαλέσαντες
1771 905 1784 918 ”
1817 887 1847 941 ὃ
1875 888 1938 960 δὴ

356 984 826 1054 ὲπαισχυνθέντες,
900 985 1105 1057 καίπερ
1167 983 1366 1054 ἀληθὲς
1432 984 1529 1035 καὶ
1582 979 1937 1033 παλαιότατον

354 1074 638 1144 τυγχάνον,
676 1075 768 1127 ἐπὶ
796 1075 855 1129 τὸ
890 1075 1282 1147 φυσικώτερον,
1312 1073 1387 1137 ὦς
1412 1089 1566 1142 φασι,
1598 1070 1938 1143 μεταϐεϐλή-

353 1184 481 1228 κασι
508 1168 946 1240 τροπικωτέραις
989 1167 1363 1240 ἀλληγορίαις,
1409 1164 1641 1237 θεωρίας
1676 1165 1738 1237 δή
1784 1182 1939 1227 τινας

354 1259 887 1331 εὑρεσιλογήσαντες.
927 1260 1070 1313 Ἀλλ’
1089 1260 1198 1315 οὐδ’
1226 1261 1307 1323 είς
1334 1258 1493 1311 τοῦτο
1526 1256 1735 1328 πλάνης
1754 1256 1939 1320 αὐτοῖς

354 1353 596 1421 άπήρκει
637 1352 899 1423 μετιέναι.
935 1352 1071 1424 ’Ἠδη
1118 1348 1175 1405 δὲ
1221 1352 1315 1404 καὶ
1358 1350 1519 1422 μέχρι
1563 1349 1672 1401 τῶν
1718 1348 1937 1401 οἰκείων

350 1442 541 1496 παθῶν
593 1444 656 1495 τὸ
719 1443 1014 1513 σεϐάσμιον
1058 1442 1153 1495 καὶ
1203 1439 1579 1511 προσκυνητὸν
1626 1439 1798 1509 ὄνομα
1841 1436 1936 1489 τοῦ

352 1532 492 1586 Θεοῦ
520 1533 938 1598 καταϐαλόντες,
971 1533 1229 1604 τέταρτον
1266 1532 1541 1595 θεοποιίας
1566 1530 1938 1601 προσεπενόη-

352 1642 452 1679 σαν
483 1624 717 1696 τρόπον,
747 1626 857 1679 οὐδ’
896 1626 1268 1697 ἀντιρρήσεως
1302 1624 1471 1692 ἄξιον,
1515 1623 1593 1694 τῷ
1633 1623 1729 1677 καὶ
1773 1622 1936 1676 αὐτὸν

356 1721 625 1790 προφανὲς
667 1718 970 1787 ἐπάγεσθαι
1010 1718 1071 1771 τὸ
1102 1714 1326 1788 αἶσχος·
1362 1719 1411 1771 εί
1450 1716 1513 1787 δή
1547 1732 1671 1769 τινα
1717 1716 1938 1786 Ἔρωτα

348 1810 442 1862 κα)⁸
498 1809 817 1881 Ἀφροδίτην
859 1808 953 1862 καὶ
1001 1807 1195 1872 Πόθον,
1250 1807 1349 1870 τὰς
1394 1805 1626 1877 αἰσχρὰς
1664 1807 1759 1858 καὶ
1808 1806 1938 1857 ἀκο-

346 1896 579 1962 λάστους
621 1897 799 1951 αὐτῶν
827 1895 1124 1967 ἐπιθυμίας
1153 1895 1310 1960 θεοὺς
1342 1895 1688 1958 ἀνειπόντες·
1721 1895 1816 1947 καὶ
1844 1893 1936 1945 τὸν

352 1989 450 2060 μὲν
479 1988 635 2056 λόγον
675 1988 902 2060 Ἑρμῆν,
943 1986 1035 2040 τὸν
1077 1986 1135 2040 δὲ
1167 1986 1428 2058 λογισμὸν
1474 1986 1707 2056 Ἀθηνᾶν
1739 1987 1931 2038 ἐπονο-

350 2062 655 2149 μάσαντεςο
692 2079 786 2132 καὶ
824 2077 1000 2132 ταῦτα
1032 2081 1098 2149 τῇ
1143 2078 1320 2149 οἰκείᾳ
1349 2077 1724 2149 παρειλήφασι
1755 2075 1936 2130 θεολο-

343 2170 462 2241 γίᾳ,
500 2169 577 2233 ὡς
609 2170 701 2223 καὶ
733 2169 793 2223 τὸ
836 2169 1086 2240 πέμπτον
1116 2171 1180 2223 ἐκ
1207 2169 1315 2222 τῶν
1343 2169 1402 2223 ὲν
1439 2168 1749 2241 ἀνθρώποις
1780 2154 1932 2236 γινοῖο

350 2262 526 2334 μένων
550 2262 890 2333 πραγμάτων
914 2263 1376 2333 ἀναπλασάμενοι.
1400 2262 1513 2325 Τὰς
1523 2262 1633 2333 γὰρ
1649 2260 1933 2332 ἐνεργείας

344 2343 445 2419 τάς
474 2370 532 2407 τε
578 2353 899 2425 πολεμικὰς,
945 2355 1041 2408 καὶ
1086 2354 1186 2417 τὰς
1216 2353 1469 2424 τεχνικὰς
1518 2354 1934 2426 ἀνειδωλοποιή-

347 2462 558 2509 σαντες,
592 2444 734 2508 θεοῖς
770 2446 1105 2515 ἀπένειμανο
1138 2447 1296 2516 ’Ἄρει
1328 2445 1425 2516 μὲν
1456 2444 1549 2497 καὶ
1590 2443 1791 2515 Ἀθηνᾷ
1833 2443 1932 2507 τὰς

346 2534 659 2606 πολεμικὰς,
697 2535 978 2606 Ἡφαίστῳ
1004 2535 1062 2589 δὲ
1089 2536 1180 2588 καί
1218 2552 1359 2588 τισιν
1393 2536 1599 2607 ἑτέροις
1626 2534 1726 2600 τὰς
1754 2552 1931 2607 τεχνι-

342 2626 463 2691 κάς.
514 2627 636 2681 Ἐπὶ
676 2627 810 2680 πᾶσι
841 2626 1055 2690 τούτοις
1080 2626 1239 2681 ἕκτον
1267 2628 1362 2681 καὶ
1405 2627 1635 2698 ἕϐδομον
1661 2623 1803 2691 εἶδος
1833 2629 1931 2682 αὐ·-

338 2720 452 2782 τεῖς
480 2718 542 2772 τὸ
578 2718 887 2789 δαιμονικὸν
932 2719 1300 2792 παρεισήχθη,
1339 2719 1923 2793 πλύτροπονσάληθῶς

340 2809 605 2880 τυγχάνον
645 2811 741 2864 καὶ
777 2811 1153 2884 πολύμορφον,
1192 2812 1314 2865 τοτὲ
1358 2812 1456 2882 μὲν
1501 2810 1657 2876 θεοὺς
1700 2813 1931 2882 ὑποκρι-

339 2906 584 2976 νόμενον,
618 2905 742 2958 τοτὲ
785 2904 841 2958 δὲ
873 2905 1051 2975 ψυχὰς
1077 2904 1438 2977 τεθνηκότων,
1472 2905 1567 2958 καὶ
1614 2904 1781 2976 μηδὲν
1831 2904 1930 2974 μὲν

341 2998 421 3059 είς
445 2996 648 3067 ἀρετὴν
674 2996 852 3066 ψυχῆς
883 2995 1344 3067 συμϐαλλόμενον,
1378 2994 1714 3059 ὲπιτωθάζον
1736 2994 1793 3046 δὲ
1818 2995 1926 3059 ἀεὶ,

335 3090 432 3158 καὶ
472 3088 618 3143 κατὰ
649 3087 914 3160 κρημνῶν
945 3087 1110 3157 φέρον
1137 3085 1226 3140 διὰ
1269 3086 1371 3157 τῆς
1402 3084 1685 3157 ἀπατηλοῦ
1719 3084 1929 3155 πλάνης

2046 623 2179 670 tant.
2210 616 2293 669 Ad
2329 616 2625 671 secundam
2646 618 2939 686 pertinent,
2975 617 3069 686 qui
3101 617 3217 671 suis
3244 656 3258 681 ,
3309 625 3369 671 ut
3409 618 3633 685 quidem

2042 708 2215 774 aiunt,
2252 708 2307 761 in
2339 708 2639 762 humanum
2668 724 2840 779 genus
2888 709 3098 764 meritis
3148 709 3202 763 id
3242 717 3369 763 sunt
3404 709 3634 763 honoris

2047 801 2370 867 consecuti,
2419 815 2560 870 quos
2608 801 2850 854 humano
2900 801 3167 871 sanguine
3206 812 3354 855 satos
3387 799 3631 854 fatentur

2042 888 2145 957 ipsi
2184 904 2442 959 quoque,
2480 890 2609 944 dum
2665 905 2797 945 suos
2841 888 2965 945 illos
3010 892 3227 952 heroas,
3262 891 3343 945 uti
3387 898 3631 955 vocant,

2040 980 2367 1048 llerculem,
2398 981 2777 1053 Tyndaridas,
2820 980 3127 1048 Bacchum,
3181 990 3235 1037 et
3287 983 3529 1053 reliquos
3578 984 3634 1039 id

2041 1091 2215 1146 genus
2244 1075 2580 1145 producunt,
2614 1075 2973 1130 barbarorum
3028 1090 3125 1130 ore
3173 1077 3435 1145 cultuque
3486 1076 3636 1133 cele-

2040 1166 2247 1221 bratos.
2287 1164 2446 1235 183
2475 1163 2720 1230 Quorum
2746 1181 2811 1220 ex
2844 1182 3007 1237 grege
3035 1166 3290 1236 sepositis
3314 1181 3378 1220 ac
3402 1167 3634 1222 seclusis

2040 1258 2129 1325 iis,
2164 1274 2286 1328 quae
2340 1259 2551 1328 majore
2606 1262 2674 1314 de
2724 1259 2832 1316 illis
2870 1275 2995 1314 cum
3054 1258 3281 1313 infamia
3317 1259 3633 1328 probroque

2039 1349 2393 1417 ferebantur,
2454 1351 2677 1405 tertium
2717 1351 2880 1408 nobis
2922 1350 3226 1406 divinitatis
3266 1366 3440 1420 genus
3475 1351 3630 1405 inve-

2038 1458 2189 1510 xere,
2215 1443 2360 1513 quod
2410 1442 2720 1498 fabulosum
2760 1444 2865 1514 ipsi
2909 1451 3317 1513 nuncuparunt.
3371 1442 3518 1497 ldem
3549 1451 3634 1497 ta-

2039 1551 2186 1600 men,
2215 1537 2363 1605 quod
2395 1536 2628 1591 nimium
2672 1536 2776 1591 sibi
2807 1536 3032 1603 pudoris
3077 1535 3315 1598 aﬂerret,
3341 1550 3531 1590 verum
3559 1535 3629 1590 li-

2038 1635 2213 1683 cetac
2239 1628 2702 1693 vetustissimum,
2740 1629 2806 1683 ad
2846 1644 3032 1684 rerum
3078 1628 3415 1683 naturalium
3460 1627 3633 1682 ratio-

2038 1732 2159 1785 nes,
2190 1726 2252 1773 ut
2279 1718 2601 1788 loquuntur,
2631 1717 2906 1787 allegoriis
2942 1732 3158 1773 morum
3192 1717 3458 1772 doctrinae
3490 1731 3631 1772 con-

2034 1808 2426 1879 junctioribus,
2454 1818 2509 1864 et
2531 1809 2740 1864 artibus
2766 1808 3185 1879 philosophandi
3233 1809 3391 1863 novis
3439 1809 3632 1864 tradu-

2037 1915 2163 1956 cere
2195 1910 2324 1956 sunt
2355 1916 2419 1954 ac
2456 1899 2784 1969 detorquere
2813 1900 3017 1955 conati.
3052 1897 3371 1972 Quanquam
3423 1912 3492 1952 ne
3522 1897 3631 1951 hoc

2035 1993 2255 2062 quidem
2282 1992 2488 2047 erroris
2508 1992 2563 2045 in
2579 1991 2748 2062 gradu
2776 1990 2971 2045 sistere
2994 1999 3311 2060 potuerunt.
3334 1989 3454 2043 .lam
3480 1989 3629 2043 enim

2035 2085 2104 2139 ad
2155 2084 2406 2154 proprias
2449 2083 2615 2138 etiam
2667 2083 2997 2152 cupiditates
3046 2082 3419 2138 venerandum
3492 2081 3628 2135 illud

2035 2174 2298 2243 omnique
2348 2174 2574 2244 dignum
2620 2173 2829 2228 honore
2867 2173 2964 2228 Dei
3012 2189 3212 2228 nomen
3263 2172 3626 2242 ahjeceruut:

2034 2274 2229 2338 quarta
2264 2266 2489 2336 insuper
2520 2265 2821 2322 divinitatis
2853 2265 3086 2321 conﬁcta
3118 2267 3321 2336 specie,
3346 2280 3512 2336 quam
3557 2280 3629 2319 ne

2034 2358 2408 2415 confutatione
2437 2358 2656 2428 quidem
2699 2359 2919 2429 dignam
2951 2359 3229 2426 existimo,
3262 2358 3410 2429 quod
3453 2373 3613 2414 suam

2033 2452 2266 2522 ipsamet
2293 2451 2684 2521 turpitudinem
2726 2467 2839 2521 prce
2863 2466 2922 2506 se
2955 2449 3129 2518 ferre,
3177 2459 3342 2521 atque
3374 2450 3623 2505 omnium

2033 2549 2089 2603 in
2121 2546 2296 2603 oculis
2328 2545 2564 2614 deﬁgere
2592 2543 2864 2598 videatur.
2922 2542 3136 2614 Quippe
3163 2583 3177 2608 ,
3221 2542 3512 2614 ﬂagitiosis
3545 2541 3622 2597 illi

2032 2637 2149 2694 suis
2196 2635 2612 2706 proiligatisque
2640 2632 2994 2699 libidinibus,
3025 2633 3246 2687 Amoris
3283 2631 3470 2687 nescio
3525 2646 3625 2688 cu-

2026 2730 2140 2800 jus,
2171 2726 2419 2790 Veneris,
2466 2733 2522 2780 et
2544 2722 2832 2793 Cupidinis
2881 2723 3039 2792 quasi
3088 2723 3316 2778 deorum
3352 2737 3625 2792 quorum—

2030 2823 2156 2877 dam
2189 2834 2389 2875 nomen
2417 2816 2681 2872 indidere.
2729 2815 2807 2871 Ac
2836 2815 2945 2869 vim
2971 2815 3184 2869 dicendi
3207 2815 3450 2884 quidem,
3471 2813 3616 2868 Mer-

2031 2907 2268 2973 curium,
2296 2904 2602 2960 disserendi
2657 2919 2825 2970 vero,
2877 2902 3176 2958 Minervam
3232 2904 3619 2972 appellarunt,

2030 2998 2304 3067 simulque
2339 3010 2496 3051 suam
2545 2994 2816 3064 ejusmodi
2862 3008 3084 3063 quoque
3134 2993 3302 3048 rebus
3335 2995 3622 3065 theologia:

2030 3087 2298 3143 rationem
2329 3086 2676 3153 assignantes
2702 3122 2717 3147 ,
2765 3082 3015 3152 quintqu
3066 3098 3133 3137 ex
3163 3082 3252 3149 iis,
3288 3098 3409 3152 quae
3441 3082 3624 3137 homi-

335 3180 517 3236 πάντα
539 3180 631 3234 τὸν
669 3179 1071 3251 δεισιδαίμοναα
1103 3179 1154 3246 ὃ,
1192 3178 1288 3232 καὶ
1333 3178 1465 3230 αὐτὸ
1510 3178 1688 3230 διόλου
1726 3178 1929 3246 φαῦλον

2032 3193 2165 3233 num
2192 3176 2251 3231 in
2276 3175 2444 3230 vitam
2475 3175 2758 3228 incurrere
2786 3172 2984 3237 solent,
3016 3188 3189 3243 genus
3219 3172 3619 3229 conﬂaverant.

335 3271 418 3336 ὃν,
452 3274 534 3336 εις
563 3271 657 3325 δύο
684 3271 967 3337 διελόντες,
1000 3268 1083 3333 εἴς
1104 3286 1163 3322 τε
1191 3268 1252 3321 τὸ
1283 3266 1596 3337 βλαπτικὸν,
1631 3268 1726 3322 καὶ
1752 3268 1832 3329 είς
1862 3268 1923 3321 τὸ

2032 3273 2140 3329 Res
2166 3269 2310 3325 enim
2337 3282 2445 3322 non
2467 3266 2633 3320 modo
2661 3266 2902 3331 bellicas,
2922 3265 3016 3321 sed
3041 3265 3205 3319 etiam
3237 3265 3618 3320 communium

337 3361 603 3435 ὠφελοῦν,
632 3362 854 3431 ἀγαθῶν
884 3363 977 3416 καὶ
1002 3360 1222 3430 φαύλων
1250 3361 1434 3423 αὐτοῖς
1461 3359 1738 3414 τεθείκασι
1764 3375 1926 3431 προσ-

334 3451 587 3523 ηγορίας.
620 3445 719 3505 Ὧν
751 3450 922 3513 οὕτως
946 3450 1199 3520 ἐχόντων,
1227 3451 1527 3517 ἀναγκαῖον
1553 3443 1693 3502 εἶναί
1721 3465 1809 3519 μοι
1838 3448 1925 3502 δο-

336 3545 442 3609 κεῖ,
486 3543 554 3596 τὰ
586 3542 711 3613 μηδ’
759 3542 1134 3614 ἀντιρρήσεως
1177 3539 1410 3612 δεόμενα
1457 3539 1922 3613 παρεκθεμὲνους,

333 3634 428 3685 τὸν
462 3633 592 3703 περὶ
632 3632 732 3703 τῆς
765 3630 1084 3702 δαιμονικῆς
1116 3628 1400 3701 ἐνεργείας
1440 3628 1731 3683 ἀκόλουθον
1772 3645 1922 3683 συνι-

331 3728 446 3779 δεῖν
471 3724 629 3794 λόγον
647 3740 663 3754 ⁸
699 3724 758 3778 ὃν
786 3725 853 3776 ὲκ
880 3723 1079 3794 μέρους
1100 3720 1589 3793 προθεωρήσαντες
1613 3722 1671 3774 ὲν
1705 3720 1786 3793 τῷ
1817 3722 1924 3795 πρὸ

329 3817 524 3871 τούτου
557 3815 974 3887 συγγράμματι,
1002 3813 1071 3866 τὰ
1093 3812 1354 3867 λείποντα
1381 3811 1479 3866 νῦν
1515 3812 1921 3885 ἀποπληρώσο-

333 3919 463 3975 μενρ
486 3902 610 3973 Φέρ’
637 3896 753 3965 οὖν,
781 3901 880 3973 ήδη
917 3900 1105 3955 λοιπὸν
1131 3900 1219 3952 ἐπ’
1245 3900 1416 3964 αὐτὰς
1454 3903 1795 3973 χωρήσωμεν
1822 3903 1920 3968 τὰς

2029 3381 2095 3422 ac
2127 3362 2430 3435 vulgarium
2462 3360 2662 3415 artium
2689 3359 2941 3429 proprias
2966 3359 3070 3414 diis
3099 3353 3426 3426 quibusdam
3461 3360 3621 3414 attri-

2027 3457 2238 3520 buunt,
2279 3453 2437 3507 Marti
2477 3451 2695 3521 quidem
2750 3451 2872 3505 illas
2924 3465 2990 3505 ac
3021 3449 3275 3505 Minerva:
3300 3490 3315 3514 ,
3371 3448 3619 3508 Vulcano

2021 3559 2203 3604 autem
2235 3554 2399 3615 atque
2425 3542 2549 3598 aliis
2575 3542 2904 3612 quibusdam
2945 3549 3192 3597 caeteras.
3231 3541 3445 3609 Quibus
3487 3558 3610 3598 om-

2019 3639 2184 3694 nibus
2213 3642 2428 3694 scztum
2470 3635 2551 3689 illi
2593 3634 3000 3704 septimumque
3024 3649 3196 3705 genus
3240 3634 3612 3704 addiderunt,

2018 3728 2163 3801 quod
2218 3735 2392 3782 totum
2448 3724 2760 3781 daemonum
2815 3732 2933 3791 est,
2992 3725 3206 3780 varium
3250 3725 3496 3796 profecto
3551 3744 3616 3784 ac

2018 3817 2322 3889 multiplex,
2347 3823 2513 3886 atque
2535 3813 2844 3884 ejusmodi,
2893 3814 3043 3885 quod
3072 3829 3197 3869 cum
3232 3816 3396 3871 modo
3427 3818 3615 3872 numi-

2019 3927 2176 3976 num,
2201 3910 2366 3964 modo
2413 3907 2660 3962 manium
2692 3906 2927 3977 speciem
2961 3906 3175 3972 induat,
3213 3917 3329 3963 tum
3360 3923 3489 3964 vero
3523 3910 3613 3964 ni-

330 3994 653 4061 ἁποδείξεις.
684 3994 847 4066 Θήσω
871 3993 931 4047 δὲ
964 3993 1188 4066 πρώτας
1224 3993 1325 4058 τὰς
1354 3995 1464 4048 ἀπὸ
1504 3995 1605 4066 τῆς
1640 3996 1919 4071 Πλουτάρ-

2032 4003 2094 4058 )il
2125 4002 2195 4058 ad
2229 4002 2488 4055 virtutem
2521 3998 2691 4054 animi
2725 3997 2991 4064 conferat,
3016 3998 3113 4055 sed
3152 3999 3337 4069 potius
3391 4000 3605 4055 homini

330 4105 431 4167 χοε)
462 4086 705 4171 ⁸γραφῆς,
744 4085 812 4157 ἢν
857 4085 1154 4156 πεποίηται
1199 4086 1328 4156 περὶ
1370 4083 1480 4140 τῶν
1526 4086 1920 4143 ἐκλελοιπότων

2032 4092 2403 4165 superstitione
2438 4090 2609 4145 semel
2635 4088 2876 4160 obligato
2906 4103 3187 4159 nunquam
3234 4105 3345 4144 non
3390 4089 3604 4154 illudat,

329 4179 708 4251 χρηστηρίωνο
739 4176 870 4232 ἔνθα
894 4177 1026 4249 περὶ
1060 4175 1156 4232 τοῦ
1184 4175 1441 4249 πονηρῶν
1479 4178 1750 4250 δαιμόνων
1778 4175 1917 4236 εἶναι

2032 4196 2068 4241 :t
2125 4183 2404 4240 continuis
2436 4195 2562 4236 eum
2607 4180 2749 4235 dolis
2807 4194 2873 4233 ac
2924 4178 3209 4235 fraudibus
3258 4180 3313 4234 in
3365 4196 3607 4252 praeceps

326 4270 398 4327 τὰ
420 4270 574 4344 παρὰ
599 4272 711 4334 τοῖς
737 4267 916 4324 ἔθνεσι
951 4268 1181 4340 μαντείά
1204 4285 1264 4322 τε
1293 4268 1387 4323 καὶ
1410 4271 1741 4344 χρηστήρια,
1763 4272 1915 4327 τόνδε

2032 4285 2166 4347 agat.
2194 4274 2343 4330 Idem
2377 4287 2564 4343 porro,
2594 4271 2720 4326 licet
2767 4270 2920 4324 omni
2953 4285 3021 4324 ex
3067 4278 3223 4339 parte
3254 4271 3606 4340 sceleratum,

328 4362 529 4435 γράφει
550 4363 643 4417 τὸν
667 4362 889 4434 τρόπον.

2032 4365 2159 4419 duas
2199 4362 2258 4416 in
2289 4360 2498 4431 species
2523 4400 2539 4427 ,
2593 4357 3030 4429 perniciosorum
3064 4357 3293 4413 alteram
3318 4400 3333 4424 ,
3376 4360 3606 4416 alteram

328 4457 707 4530 benigniorum
735 4456 1002 4524 divisere;
1039 4471 1106 4527 ac
1150 4456 1435 4526 prioribus,
1488 4457 1784 4524 malorum,
1827 4458 2097 4515 bonorum
2146 4472 2278 4515 vero
2340 4455 2737 4528 posterioribus
2771 4469 2970 4509 nomen
3018 4453 3284 4512 indidere.
3313 4453 3446 4521 Qua:
3481 4472 3605 4512 cum

324 4555 595 4623 ejusmodi
627 4554 774 4619 sint,
820 4553 872 4607 id
906 4552 1042 4607 mihi
1094 4568 1243 4608 nunc
1274 4553 1549 4623 agendum
1596 4553 1797 4624 video,
1846 4564 1908 4610 ut
1945 4552 2324 4626 praetermissis
2361 4552 2453 4620 iis,
2499 4567 2623 4622 qua:
2654 4567 2754 4606 sua
2799 4559 2994 4621 sponte
3026 4551 3344 4619 concidunt,
3385 4552 3607 4607 institu-

321 4657 437 4702 tam
479 4647 546 4718 de
583 4645 640 4701 vi
679 4646 997 4717 artibusque
1028 4644 1340 4700 daemonum
1387 4644 1817 4714 disputationem
1863 4661 2204 4717 persequar,
2260 4659 2538 4716 quamque
2570 4643 2712 4699 libro
2766 4643 3052 4713 superiore
3106 4643 3219 4712 jam
3275 4642 3466 4708 aﬁ‘eci,
3498 4644 3605 4700 hoc

324 4743 561 4812 denique
615 4752 918 4812 pertexam.
972 4740 1087 4817 Age
1150 4740 1336 4809 itaque
1383 4749 1547 4809 atque
1606 4740 1674 4795 ad
1726 4752 1903 4801 certas
1941 4741 2108 4812 (quod
2161 4756 2332 4795 unum
2379 4738 2652 4810 superest)
2702 4735 2965 4794 vanitatis
3029 4738 3196 4808 hujus
3246 4740 3605 4809 coarguenda

326 4837 564 4891 rationes
594 4837 901 4892 veniamus.
938 4835 1069 4889 Mihi
1099 4852 1260 4898 vero,
1321 4833 1602 4889 Plutarchi
1644 4843 1772 4890 ante
1805 4845 2032 4892 caeteros
2072 4834 2455 4891 auctoritatem
2512 4848 2709 4905 urgere
2733 4832 2914 4887 visum
2947 4840 3053 4896 est,
3093 4848 3158 4887 ex
3189 4847 3276 4897 eo,
3312 4848 3473 4901 quem
3532 4832 3604 4886 de

322 4926 587 4982 exhausta
632 4926 976 4982 oraculorum
1006 4925 1059 4980 vi
1099 4923 1337 4994 scripsit,
1378 4924 1561 4979 libello
1604 4927 1911 4995 repetitam.
1957 4923 2058 4980 Ubi
2115 4924 2381 4995 quidquid
2414 4938 2649 4994 usquam
2681 4922 3071 4978 vaticiniorum
3121 4924 3265 4993 apud
3295 4933 3484 4993 gentes
3517 4931 3603 4979 at-

324 5036 433 5093 que
451 5021 800 5081 oraculorum
819 5020 939 5085 fuit,
969 5019 1234 5088 improbis
1264 5020 1605 5078 daemonibus
1629 5022 1893 5094 assignat,
1933 5024 1990 5078 in
2022 5039 2171 5090 eum,
2206 5023 2301 5094 qui
2341 5022 2612 5094 sequitur,
2638 5021 2883 5075 modum.

847 5134 1247 5188 ΚΕΦΑΛΑΙΟΝ
1297 5135 1372 5190 Δ’.

2527 5135 2690 5208 134
2721 5132 2956 5190 CAPUT
2995 5132 3086 5188 IV.

323 5226 465 5298 Περὶ
486 5224 613 5301 ⁸’τρῗξ
644 5224 926 5294 πονηρῶν
960 5224 1272 5301 δαιμόνων-
1292 5222 1446 5297 εἶναι
1472 5227 1544 5301 τὰ
1589 5227 1750 5298 παρὰ
1780 5228 1905 5296 τοῖς

2032 5231 2286 5301 Quidquid
2332 5230 2705 5284 vaticiniorum
2731 5239 2887 5301 atque
2917 5224 3256 5280 oraculorum
3285 5228 3435 5301 apud
3466 5246 3585 5299 gen.

547 5290 751 5351 ἔθνεσι
783 5290 1034 5365 ,ἱιαντεῖά
1054 5290 1137 5350 ’τε
1178 5296 1277 5351 καὶ
1307 5290 1685 5367 χρηστήρια.⁷
1879 5290 1896 5296 ’

2032 5290 2049 5299 ’
2116 5290 2190 5356 tes
2222 5303 2348 5370 fuit,
2383 5300 2740 5370 improborum
2771 5290 3070 5350 (humanum
3107 5311 3236 5363 opus
3270 5290 3455 5365 fuisse.

417 5401 521 5461 «Εὖ
552 5410 648 5478 μὲν
673 5400 767 5460 οὖν
789 5405 919 5474 (71‘)
935 5403 1152 5475 λέγουσι
1167 5406 1262 5458 καὶ
1279 5408 1326 5457 οἱ
1345 5406 1612 5476 λέγοντες,
1643 5411 1727 5464 ὅτι
1757 5409 1900 5464 Πλά-

2082 5433 2101 5466 ‹
2136 5413 2398 5484 Equidem
2439 5427 2627 5467 eorum
2674 5426 2893 5479 quoque
2934 5407 3271 5477 probandam
3299 5451 3315 5476 ,
3365 5410 3542 5481 inquit
3571 5452 3588 5475 ,

321 5509 449 5559 των,
507 5494 570 5548 τδ
610 5497 730 5558 ταῖς
785 5490 1153 5564 γεννωμέναις
1200 5496 1480 5568 ποιότησιν
1536 5497 1898 5569 ὑποκείμενον

2032 5505 2308 5559 irationem
2334 5503 2608 5563 existimo,
2632 5500 2726 5570 qui
2769 5499 3220 5569 philosophorum
3251 5500 3525 5555 nationem
3555 5518 3588 5556 a

323 5588 582 5657 στοιχεῖον
631 5584 887 5657 ἐξευρὼν,
939 5584 1006 5655 ἦν
1051 5584 1183 5656 ὕλην
1229 5586 1340 5658 (72)
1393 5587 1638 5654 καλοῦσι,
1684 5589 1897 5643 πολλῶν

2032 5597 2249 5659 ’latoue,
2278 5594 2426 5665 quod
2466 5594 2795 5648 elementum
2842 5590 2975 5644 illud
3001 5631 3016 5657 ,
3076 5605 3242 5658 quam
3300 5593 3584 5649 materiam

321 5679 594 5751 ἀπήλλαξε
641 5679 737 5733 καὶ
786 5677 1034 5748 μεγάλων
1087 5679 1331 5752 ἀποριῶν
1368 5682 1495 5746 τοὺς
1541 5680 1893 5752 φιλοσόφουςο

394 5792 527 5865 ξΉθ)
558 5792 646 5870 Eii
815 5787 949 5870 οῇν.
973 5790 1254 5853 Plutarch.
1272 5795 1350 5853 De
1378 5797 1717 5856 oraculorum
1754 5796 1898 5870 defe-

384 5880 431 5931 s,
462 5862 583 5936 pag.
620 5864 723 5919 414
754 5862 815 5920 F.
838 5863 893 5917 2.
1249 5886 1303 5893 ηι

2003 5687 2108 5758 ipsi
2141 5694 2356 5753 vocant,
2393 5684 2716 5755 qualitatum
2767 5697 2980 5748 earum,
3010 5697 3133 5753 qua:
3165 5682 3399 5739 subinde
3426 5700 3586 5755 gene-

2034 5797 2180 5922 αἑίἵίὶ)
2208 5799 2319 5873 Ἢν
2364 5798 2543 5867 ὕλην.
2578 5795 2890 5865 Plutarcb.,
2925 5795 2953 5850 ὅ
2980 5795 3075 5852 νῦν
3119 5792 3252 5867 ὓλην
3286 5798 3377 5852 καὶ
3413 5796 3582 5867 φύσιν

1997 5887 2119 5924 καλ.
