4156 6426
532 377 643 436 323

1197 369 1471 429 EUSEBII
1497 367 1982 425 CIESARIENSIS
2008 365 2159 423 OPP.
2213 364 2403 421 PARS
2439 365 2505 421 Il.
2535 395 2605 407 —
2629 362 3131 420 APOLOGETICA.

3697 366 3806 423 524

533 502 619 552 tes
647 493 987 548 daemonibus
1031 491 1320 547 attributes
1367 490 1723 558 addictosque
1753 486 1927 543 fuisse
1950 502 2103 543 com-

2222 484 2320 549 iol';
2368 484 2612 557 δαίμοσι,
2669 484 2851 555 μόνοις
2887 483 2945 536 δὲ
2986 485 3099 547 τοῖς
3150 483 3376 552 φαύλοις
3424 482 3716 554 ὲλάτρευον
3755 488 3803 540 οε

532 586 805 658 probavit.
841 584 897 638 Si
929 584 1021 653 qui
1055 598 1181 637 vero
1214 583 1355 635 inter
1401 581 1536 635 istos
1590 582 1665 635 dii
1718 580 2106 641 censebantur,

534 686 596 731 ut
625 677 797 742 aiunt,
854 685 1047 728 natura
1076 673 1204 727 boni
1242 672 1404 742 186
1464 672 1726 726 scelestos
1766 672 1947 725 colere
1976 669 2110 737 quid

534 768 824 829 attinebat,
867 782 990 821 cum
1024 765 1213 833 utique
1259 778 1289 817 a
1342 764 1501 816 bonis
1536 763 1710 816 arceri
1758 777 1856 816 eos
1887 760 2112 829 expelli-

535 873 642 928 que
668 857 987 927 Oportet-et?
1014 854 1148 909 Nam
1183 854 1230 909 si
1260 870 1400 924 quos
1429 854 1689 923 prmsides
1712 854 1812 924 ipsi
1852 854 2026 907 bonos
2047 866 2113 905 ac

534 950 796 1004 tutelares
843 948 1184 1011 habuissent,
1231 961 1414 999 causa:
1468 943 1719 1013 profecto
1780 944 1920 997 nihil
1969 951 2107 1009 erat,

534 1038 890 1107 quamobrem
916 1050 1107 1089 eorum
1139 1034 1362 1087 numine
1392 1034 1756 1102 praesidioque
1783 1031 1907 1086 freti
1953 1031 2111 1086 dcte-

536 1129 713 1182 riores
746 1127 885 1181 alios
917 1126 1004 1180 vel
1037 1125 1197 1179 nauci
1231 1124 1495 1186 facerent,
1520 1134 1618 1178 aut
1639 1137 1770 1177 vero
1796 1121 1967 1177 castis
1996 1136 2113 1191 pre-

536 1220 693 1275 cibus
728 1227 892 1289 atque
918 1218 1058 1273 votis
1093 1216 1323 1273 infestas
1370 1217 1674 1286 noxiasque
1701 1215 1953 1279 virtutes,
2003 1228 2111 1268 non

530 1313 646 1382 jam
679 1312 960 1367 obscaenis
986 1310 1387 1382 ﬂagitiosisque
1422 1309 1760 1364 carminibus
1785 1314 2110 1363 averterent.

535 1400 657 1457 .Iam
689 1417 820 1456 vero
849 1418 975 1456 cum
1009 1402 1241 1456 istorum
1272 1400 1411 1455 nihil
1456 1415 1684 1471 prorsus
1733 1407 1975 1471 agerent,
2019 1397 2114 1454 sed

533 1493 662 1548 vita:
689 1493 1025 1562 turpitudine
1051 1508 1117 1548 ac
1153 1492 1475 1562 petulantia,
1516 1491 1807 1547 verborum
1838 1489 2115 1546 obscaeni-

537 1592 669 1646 tate,
699 1583 996 1638 crudarum
1022 1584 1271 1639 carnium
1305 1597 1428 1649 esu,
1463 1582 1841 1651 diseerpendis
1866 1591 2118 1636 mactan-

2210 577 2568 649 δεδηλωμένα
2578 620 2588 630 .
2599 578 2719 631 Ἔτι
2736 576 2792 630 δὲ
2811 575 3007 647 μᾶλλον
3018 574 3176 628 τοῦτο
3189 575 3473 628 πιστοῦται
3489 578 3517 628 ὁ
3530 576 3810 647 Πλοᾶταρ-

2213 684 2326 737 χος,
2363 672 2419 721 ἐν
2447 664 2526 732 οἷς
2546 685 2675 738 φησι
2706 668 2800 731 τὰς
2830 666 3064 737 μυθικὰς
3094 667 3170 729 ὡς
3207 668 3335 739 περὶ
3368 666 3506 719 θεῶν
3525 667 3807 739 διηγήσεις

2213 758 2404 825 λόγους
2454 753 2591 810 εἷναί
2640 774 2792 819 τινας
2841 756 2970 822 περὶ
3020 755 3308 826 δαιμόνων,
3338 756 3407 810 τά
3438 774 3497 809 τε
3519 760 3647 829 παρ’
3673 758 3807 810 "Ei.-

2215 850 2368 921 λησιν
2388 850 2623 921 ᾀδόμενα
2653 848 2944 918 γιγαντικά
2966 866 3086 901 τινα
3115 849 3208 900 καὶ
3238 849 3488 902 τιτανικᾶ
3518 848 3806 920 δαιμονικὰ

2215 936 2355 994 εἶναι
2382 941 2715 1011 διηγήματα,
2739 939 2815 1001 ὡς
2842 938 3161 1010 καινοτέραν
3190 939 3515 993 ὑποϐάλλειν
3541 939 3799 994 διάνοιαν.

2216 1034 2442 1103 Μήποτε
2470 1033 2577 1103 ἄρα
2611 1030 2836 1084 τοιαῦτα
2868 1026 2937 1102 ἦν
2965 1031 3034 1084 τὰ
3065 1031 3192 1103 περὶ
3224 1032 3332 1084 τῶν
3365 1033 3470 1106 πρὸ
3494 1033 3591 1087 τοῦ
3630 1048 3802 1088 κατα-

2217 1124 2461 1195 κλυσμοῦ
2504 1124 2775 1193 γιγάντων
2812 1126 2870 1178 ὲν
2908 1127 2975 1195 τῇ
3007 1124 3129 1195 θεία
3161 1124 3352 1197 Γραφῇ
3395 1126 3703 1197 λεγόμενας
3735 1126 3806 1179 τά

2215 1233 2275 1269 τε
2311 1215 2571 1288 περὶτῶν
2592 1216 2813 1279 τούτους
2838 1217 3266 1287 γεγεννηκότων,
3292 1218 3421 1287 περὶ
3450 1212 3524 1273 ὧν
3552 1219 3800 1292 εῖρηται’

2221 1327 2241 1360 ι
2279 1310 2500 1372 Ἰδόντες
2524 1308 2580 1361 δὲ
2606 1310 2655 1361 oi
2694 1308 2914 1376 ἄγγελοι
2935 1307 3031 1362 τοῦ
3068 1309 3202 1364 θεοῦ
3223 1311 3323 1374 τὰς
3359 1310 3665 1385 θυγατέρας
3696 1314 3803 1366 τῶν

2215 1398 2539 1471 ἀνθρώπων,
2561 1400 2648 1453 ὅτι
2672 1399 2833 1453 καλαί
2876 1401 3035 1465 είσιν,
3075 1400 3265 1456 ἔλαϐον
3296 1405 3510 1467 ἑαυτοῖς
3536 1406 3803 1473 γυναῖκας

2218 1492 2286 1544 ἐκ
2329 1492 2517 1545 πασῶν
2549 1484 2625 1545 ὧν
2683 1490 3028 1556 ἐξελέξαντοο
3077 1490 3173 1563 ἀφ’
3212 1488 3291 1551 ὧν
3347 1493 3713 1567 ἐγεννήθησαν
3752 1496 3800 1549 οἱ

2219 1584 2474 1653 γίγαντες
2500 1586 2548 1637 οἱ
2581 1586 2870 1655 ὀνομαστοὶ
2890 1585 2951 1652 ἐξ
2972 1587 3184 1652 αίῶνος.
3211 1606 3231 1639 ι
3274 1587 3431 1640 Εἴποι
3460 1588 3569 1660 γὰρ
3601 1587 3666 1641 ἄν
3694 1606 3797 1650 τις.

536 1674 731 1744 disque
761 1674 1100 1740 hominibus,
1153 1675 1450 1730 sceleratos
1494 1674 1773 1729 daemones
1811 1675 2114 1744 placarent,

2222 1672 2442 1737 τούτους
2474 1675 2716 1739 ἐκείνους
2769 1671 2950 1741 εἶναι,
2991 1679 3085 1732 καὶ
3131 1677 3199 1732 τά
3248 1678 3471 1732 ἐκείνων
3515 1680 3801 1751 πνεύματα

539 1768 638 1837 qui
663 1766 778 1821 ﬁeri
813 1775 1047 1837 poterat,
1079 1775 1140 1821 ut
1164 1766 1258 1836 qui
1288 1765 1559 1835 ejusmodi
1603 1767 1769 1821 rebus
1817 1766 2115 1822 scelerato-

2223 1764 2373 1835 παρὰ
2396 1767 2508 1829 τοῖς
2541 1766 2679 1836 μετὰ
2710 1766 2885 1821 ταῦτα
2915 1768 3222 1841 ἀνθρώποις
3255 1769 3676 1841 τεθεοποιημένα
3707 1771 3802 1826 καὶ

537 1874 661 1915 rum
694 1859 922 1930 gratiam
958 1860 1220 1928 aucupari
1247 1867 1604 1925 conarentur,
1637 1858 1801 1913 iidem
1835 1874 1962 1914 cum
1997 1858 2118 1928 ipso

2222 1857 2317 1921 τὰς
2354 1858 2579 1911 ἐκείνων
2616 1860 2829 1930 μάχας,
2863 1861 2964 1925 τάς
3015 1839 3073 1915 τε
3108 1861 3243 1935 πρὸς
3274 1839 3553 1935 ἀλλήλους
3583 1864 3804 1919 διαστά-

537 1967 759 2021 quoque
810 1968 993 2006 rerum
1047 1954 1293 2005 omnium
1331 1958 1664 2020 prtcpotente
1709 1948 1841 2015 Deo,
1869 1958 1965 2003 aut
1992 1964 2117 2019 qua:

2222 1966 2357 2012 σεις,
2393 1949 2488 2003 καὶ
2538 1951 2662 2013 τοὺς
2696 1952 2998 2022 πολέμους,
3046 1953 3195 2007 ταῦτ’
3246 1949 3384 2007 εἶναι
3431 1955 3499 2008 τά
3550 1954 3626 2020 ὡς
3672 1955 3803 2028 περὶ

538 2059 812 2112 nusquam
866 2044 936 2098 ab
980 2044 1098 2114 ejus
1144 2054 1279 2098 nutu
1322 2045 1634 2105 discedunt,
1667 2043 1981 2103 virtutibus,
2020 2050 2117 2097 aut

2222 2038 2358 2092 Θεῶν
2394 2039 2754 2110 μυθευόμενα.
2802 2044 2965 2111 Λέγει
3005 2044 3050 2097 δ’
3078 2040 3171 2098 οὖν
3210 2046 3239 2097 ὁ
3280 2045 3624 2119 Πλούταρχος
3666 2048 3723 2100 ὲν
3753 2039 3801 2113 ᾧ

539 2134 765 2189 omnino
791 2149 915 2188 cum
943 2134 1105 2188 bonis
1128 2133 1255 2187 ullis
1284 2133 1598 2187 societatem
1621 2130 1860 2184 inirent?
1882 2128 2113 2197 Quippe,

2224 2129 2477 2195 συνέταξε
2521 2129 2663 2200 λόγῳ
2711 2132 2839 2203 περὶ
2876 2132 2983 2185 τῶν
3026 2132 3185 2186 Κατὰ
3217 2133 3330 2200 τὴν
3367 2135 3527 2189 ’Ἶσιν
3550 2134 3646 2188 καὶ
3675 2134 3800 2198 τοὺς

540 2233 758 2280 constat
790 2225 936 2278 enim
960 2225 1104 2293 apud
1133 2238 1348 2287 omnes,
1384 2223 1477 2291 qui
1507 2224 1561 2276 in
1596 2237 1663 2276 eo
1687 2237 1869 2276 rerum
1897 2235 2114 2291 genere,

2222 2220 2532 2289 Αἰγυπτίων
2566 2220 2741 2285 θεοὺς,
2770 2224 2955 2287 αὐτοῖς
2977 2226 3183 2295 ῥήμασι
3221 2225 3414 2279 ταῦτα.

540 2330 663 2383 quae
695 2315 959 2385 improbis
986 2316 1255 2386 placeant,
1285 2329 1505 2385 Operam
1551 2314 1903 2383 studiumque
1929 2319 2118 2382 ponat,
2173 2313 2424 2366 eumdem
2479 2313 2638 2368 bonis
2688 2316 2925 2370 amicum
2954 2332 3076 2371 esse
3103 2317 3253 2371 nullo
3281 2318 3443 2372 modo
3467 2334 3648 2387 posse.
3687 2316 3801 2371 Ma-

540 2419 667 2465 neat
694 2410 879 2481 igitur,
914 2426 1021 2465 non
1058 2412 1162 2465 diis
1208 2411 1340 2465 olim
1388 2410 1616 2465 bonisve
1645 2408 2008 2472 dazmonibus,
2051 2406 2145 2462 sed
2196 2408 2460 2477 improbis
2509 2409 2777 2463 duntaxat
2827 2412 3054 2481 populos
3100 2412 3238 2467 istos
3266 2412 3471 2466 cultum
3514 2412 3806 2465 honorem-

541 2518 648 2574 que
680 2504 958 2559 tribuisse.
1016 2504 1194 2575 Atque
1235 2505 1285 2559 id
1324 2505 1501 2574 ipsum
1560 2502 1884 2557 Plutarchus
1937 2501 2140 2557 certius
2189 2503 2350 2556 etiam
2405 2505 2734 2574 graviusque
2779 2507 3087 2574 contirmat,
3143 2507 3273 2562 dum
3310 2508 3465 2562 ﬁctas
3517 2507 3639 2561 illas
3689 2521 3799 2561 non

541 2612 701 2653 secus
740 2613 803 2653 ac
849 2597 915 2653 de
971 2597 1078 2653 diis
1126 2598 1491 2661 narrationes,
1522 2598 1674 2653 aliud
1730 2597 1865 2651 nihil
1908 2610 2072 2666 quam
2122 2610 2290 2664 puros
2343 2606 2503 2665 putos
2543 2595 2610 2650 de
2662 2598 2909 2666 ipsismet
2955 2598 3295 2654 daemonibus
3341 2614 3624 2654 sermones
3673 2615 3798 2653 esse

542 2699 793 2757 testatur,
849 2690 1095 2761 adeoque
1128 2691 1295 2760 hujus
1343 2692 1503 2760 plane
1537 2692 1749 2761 generis
1807 2705 1946 2752 esse,
1988 2688 2251 2760 quidquid
2316 2690 2384 2745 de
2451 2690 2784 2761 gigantibus,
2841 2694 2956 2749 sive
3023 2693 3282 2749 titanibus
3329 2692 3641 2750 Graecorum
3703 2708 3799 2747 ore

542 2788 868 2857 scriptisque
903 2787 1142 2855 jactatur
1167 2807 1180 2841 :
1208 2788 1410 2859 quibus
1453 2788 1508 2841 in
1544 2788 1802 2842 omnibus
1837 2787 2007 2841 secuti
2049 2786 2185 2839 nihil
2227 2786 2317 2840 isti
2373 2784 2595 2850 fuerint,
2645 2799 2842 2857 praeter
2898 2788 3137 2860 aliquam
3197 2803 3456 2844 sensuum
3505 2787 3796 2858 cogitatio-

541 2899 783 2953 numque
816 2885 1133 2939 novitatem.
1158 2885 1298 2951 Quid
1330 2885 1375 2940 si
1409 2895 1589 2939 autem
1621 2884 1687 2938 ad
1722 2899 1785 2937 ea
1815 2884 2107 2952 pertinent,
2174 2897 2295 2951 quae
2327 2881 2396 2936 de
2449 2882 2761 2952 gigantibus
2803 2899 3101 2955 eorumque
3145 2885 3459 2955 parentibus
3503 2894 3628 2938 ante
3656 2883 3800 2937 dilu-

540 2978 687 3033 vium
715 2995 882 3035 sacra:
915 2981 1109 3036 litterae
1139 2981 1286 3036 hunc
1320 2981 1374 3035 in
1416 2980 1639 3035 modum
1672 2978 2148 3034 commemorant?
2191 2977 2437 3033 Videam
2475 2988 2648 3033 autem
2681 2980 2784 3049 lilii
2814 2980 2913 3035 Dei
2951 2982 3095 3051 ﬁlias
3146 2982 3436 3046 hominum,
3470 2978 3608 3050 quod
3632 2981 3802 3033 essent

539 3074 794 3139 vulchrw,
857 3085 1167 3146 acceperunt
1216 3076 1318 3131 sibi
1369 3092 1559 3130 uxores
1600 3090 1663 3129 ex
1709 3074 1973 3138 omnibus,
2008 3089 2141 3144 quas
2192 3073 2456 3144 elegerant
2493 3090 2513 3128 :
2539 3076 2812 3145 exquibus
2859 3077 2973 3129 nati
2998 3085 3121 3130 sunt
3151 3077 3387 3146 gigantes
3417 3074 3515 3128 viri
3554 3073 3745 3142 famosi
3770 3088 3803 3125 a

539 3168 736 3224 seculo
761 3168 827 3223 ⁸⁸.
862 3168 1044 3226 Facile
1095 3172 1238 3226 enim
1275 3171 1399 3241 quis
1440 3171 1661 3234 dixerit,
1718 3170 1841 3224 illos
1886 3169 2032 3239 ipsos
2075 3168 2427 3239 profanorum
2487 3169 2773 3225 hominum
2829 3171 3080 3242 gigantas
3122 3186 3243 3226 esse
3299 3185 3537 3242 quorum
3588 3168 3804 3222 animos

540 3264 747 3331 posteri
777 3265 1003 3319 deorum
1057 3266 1113 3319 in
1162 3281 1452 3320 numerum
1504 3266 1845 3336 classemque
1874 3266 2191 3342 retulerint;
2234 3266 2478 3337 adeoque
2515 3279 2734 3322 mutuas
2782 3266 3011 3322 istorum
3046 3284 3279 3339 pugnas,
3331 3267 3711 3323 dimicationes
3751 3273 3805 3318 et

542 3354 682 3409 bella
741 3355 941 3413 fabulis
984 3359 1052 3414 iis
1099 3360 1419 3415 adumbrata
1454 3375 1598 3428 esse,
1633 3377 1771 3432 quas
1820 3369 2082 3433 tanquam
2116 3361 2182 3415 de
2219 3362 2325 3417 diis
2376 3360 2794 3418 circumferunt.
2847 3364 2917 3417 At
2959 3363 3339 3430 Plutarchum,
3384 3364 3439 3417 in
3495 3378 3585 3428 eo,
3636 3376 3798 3432 quem

545 3451 625 3509 De
676 3451 942 3517 Iside,ac
1001 3455 1210 3511 caeteris
1263 3453 1641 3525 Egyptiorum
1700 3456 1805 3512 diis
1848 3456 2086 3527 scripsit,
2139 3456 2345 3524 libello,
2377 3458 2671 3530 ipsissimis
2693 3458 2870 3513 verbis
2896 3457 3209 3527 loquentem
3243 3458 3551 3513 audiamus.

1064 3566 1222 3636 ιε’]
1270 3564 1499 3619 CAPUT
1555 3563 1621 3619 v.

2750 3568 3145 3622 ΚΕΦΑΛΑῘΟΝ
3194 3568 3268 3620 Ε’.

549 3680 588 3740 ,ζ
606 3690 797 3739 ﬂentes
823 3679 1123 3733 dmmonum
1151 3678 1403 3730 historias
1429 3677 1687 3747 fabulosis
1719 3694 1821 3730 non
1852 3680 2014 3733 secus
2060 3694 2119 3732 ac

2224 3678 2364 3747 Περὶ
2391 3679 2500 3734 τοῦ
2534 3682 2960 3746 λανθανούσης
2996 3679 3294 3747 δαιμόνων
3317 3677 3607 3748 περιέχειν
3633 3681 3796 3734 ἱστο-

862 3754 926 3803 de
956 3750 1058 3801 diis
1084 3749 1481 3801 narrationibus
1526 3750 1806 3803 contineri.

596 3884 645 3947 ‘r
678 3865 923 3930 Rectius,
961 3864 1159 3933 inquit,
1214 3862 1552 3925 existimant,
1586 3862 1680 3932 qui
1709 3877 1832 3934 quae
1891 3861 2125 3930 vulgatis

549 3958 618 4014 de
661 3955 944 4028 Typhone,
975 3953 1189 4009 Osiride
1221 3964 1276 4008 et
1311 3952 1453 4007 Iside
1485 3953 1729 4007 historiis
1761 3952 2127 4018 celebrantur,

550 4065 612 4104 ea
642 4065 746 4103 non
781 4048 943 4102 deum
978 4053 1074 4099 aut
1112 4044 1419 4107 hominum,
1455 4043 1548 4097 sed
1578 4056 1898 4112 magnorum
1924 4041 2125 4096 daemo-

553 4156 683 4196 num
739 4138 1054 4192 aﬂ‘ectiones
1099 4145 1154 4189 et
1203 4150 1365 4190 casus
1405 4133 1577 4189 fuisse
1613 4134 1820 4199 volunt,
1847 4148 1988 4204 quos
2020 4133 2123 4203 ipsi

552 4244 770 4299 quoque
795 4227 971 4291 Plato,
1004 4225 1359 4297 Pythagoras,
1395 4224 1730 4279 Xenocrates
1765 4236 1820 4281 et
1859 4224 2125 4297 Chrysip-

552 4336 654 4390 pus
686 4328 893 4373 vcteres
918 4318 1091 4372 secuti
1127 4316 1427 4385 theologos,
1481 4317 1794 4371 hominibus
1822 4318 1983 4389 longe
2028 4331 2123 4371 va-

554 4410 811 4464 lentiores
846 4408 1036 4473 fuisse,
1076 4406 1372 4477 multisque
1401 4408 1649 4477 partibus
1679 4418 1888 4463 natura:
1921 4418 2123 4463 nostra:

552 4501 698 4554 vires
731 4513 1021 4568 superasse
1056 4506 1346 4552 testantur.
1393 4497 1662 4553 Caeterum
1722 4515 1894 4570 genus
1947 4499 2122 4569 quod-

554 4590 681 4644 dam
717 4589 785 4643 iis
809 4589 1109 4642 divinitatis
1136 4588 1462 4655 attribuunt,
1496 4605 1604 4643 non
1658 4589 1935 4646 sincerum
1991 4590 2124 4645 illud

555 4691 611 4737 et
640 4682 709 4735 ab
740 4681 889 4733 omni
924 4680 1182 4734 mistioue
1212 4690 1509 4744 secretum,
1558 4682 1650 4737 sed
1693 4698 1762 4737 ex
1799 4683 1997 4737 animae
2028 4698 2127 4737 na-

554 4784 677 4829 tura
706 4773 1067 4843 corporjsque
1088 4787 1248 4827 sensu
1275 4774 1606 4850 voluptatem
1631 4774 1835 4843 pariter
1853 4774 2125 4829 laborem-

555 4879 663 4934 que
698 4863 962 4917 subeunte
989 4871 1379 4931 temperatum:
1405 4879 1472 4917 ex
1498 4880 1606 4932 quo
1636 4864 1745 4928 tlat,
1772 4873 1832 4919 ut
1862 4865 2123 4935 quidquid

554 4958 760 5011 alterna
795 4956 1082 5024 utriusque
1110 4955 1486 5009 vicissitudine
1514 4956 1943 5025 perturbationis
1979 4957 2126 5011 exci-

2318 3750 2459 3817 ρίας
2486 3751 2590 3816 τὰς
2610 3754 2868 3820 μυθικὰς
2892 3752 2973 3817 ὡς
3005 3752 3139 3818 περὶ
3170 3749 3320 3803 θεῶν
3361 3748 3688 3818 διηγήσεις.

2300 3880 2319 3912 ι
2357 3861 2572 3915 Βέλτιον
2613 3858 2706 3916 οὖν
2748 3862 2859 3934 (88)
2895 3865 2943 3916 οἱ
2976 3862 3103 3934 περὶ
3149 3862 3406 3930 Τυφῶνα,
3444 3863 3540 3915 καὶ
3586 3864 3801 3937 Ὄσιριν

2223 3952 2317 4005 καὶ
2349 3954 2485 4008 Ἶσιν
2512 3955 2864 4026 ἱστορούμενα
2901 3956 3039 4027 μήτε
3071 3953 3209 4008 θεῶν
3242 3954 3386 4025 πάθη
3422 3956 3556 4025 μήτε
3589 3954 3802 4028 ἀνθρώ-

2225 4062 2361 4111 πων,
2394 4047 2528 4100 ἀλλὰ
2559 4047 2828 4117 δαιμόνων
2864 4047 3114 4118 μεγάλων
3154 4042 3293 4100 εἶναι
3335 4044 3664 4116 νομίζοντες,
3707 4045 3802 4109 οὓς

2227 4141 2322 4194 καὶ
2365 4140 2588 4193 Πλάτων
2639 4142 2732 4195 καὶ
2771 4141 3112 4212 Πυθαγόρας,
3155 4140 3250 4194 καὶ
3293 4138 3653 4209 Ξενοκράτης,
3706 4141 3802 4192 καὶ

2225 4231 2566 4305 Χρύσιππος,
2594 4234 2852 4303 ἑπόμενοι
2876 4236 2988 4296 τοῖς
3019 4232 3186 4287 πάλαι
3221 4231 3508 4298 θεολόγοις,
3554 4230 3802 4301 ὲρῤιομε-

2224 4324 2509 4394 νεστέρους
2525 4324 2620 4378 ἀνθ
2630 4324 2824 4394 ρώπων
2842 4326 3057 4392 λέγουσι
3085 4324 3383 4394 γεγονέναι,
3416 4325 3510 4377 καὶ
3537 4321 3705 4391 πολλῇ
3729 4323 3799 4393 τῇ

2224 4413 2451 4483 δυνάμει
2492 4413 2590 4485 τὴν
2620 4414 2780 4483 φύσιν
2826 4414 3234 4486 ὑπερφέροντας
3261 4414 3416 4486 ἡμῶν
3438 4427 3451 4441 ’
3485 4413 3545 4465 τὸ
3573 4413 3630 4465 δὲ
3657 4411 3799 4465 θεῖον

2225 4504 2327 4557 οὐκ
2373 4505 2570 4575 ἀμιγὲς
2602 4506 2723 4558 οὐδὲ
2763 4505 2999 4577 ἄκρατον
3033 4506 3273 4576 ἔχοντας,
3313 4504 3450 4558 ἀλλὰ
3495 4505 3589 4557 καὶ
3619 4503 3799 4575 ψυχῆς

2227 4596 2405 4665 φύσει,
2438 4599 2531 4651 καὶ
2560 4597 2808 4668 σώματος
2849 4597 3098 4668 αἰσθήσει
3130 4596 3457 4668 συνειληχὸς,
3493 4594 3682 4667 ἡδονὴν
3713 4595 3803 4648 δε-

2226 4689 2430 4760 χομένῃ
2458 4690 2551 4742 καὶ
2581 4691 2680 4743 ὅσα
2717 4688 2942 4753 ταύταις
2974 4688 3232 4758 γινόμενα
3268 4699 3295 4728 ι
3328 4688 3449 4749 ταῖς
3482 4684 3805 4756 μεταϐολαῖς

2228 4778 2397 4850 πάθη,
2428 4781 2555 4843 τοὺς
2585 4780 2685 4850 μὲν
2713 4780 2933 4851 μᾶλλον,
2967 4781 3093 4841 τοὺς
3124 4778 3169 4831 δ’
3198 4775 3361 4850 ἦττον
3399 4776 3801 4845 ἐπιταράττειν.

2231 4870 2474 4923 Γίνονται
2501 4871 2609 4942 γὰρ
2647 4871 2722 4933 ὡς
2761 4872 2819 4923 ὲν
2867 4868 3173 4939 ἀνθρώποις
3206 4869 3300 4921 καὶ
3329 4866 3577 4938 δαίμοσιν
3605 4866 3806 4939 ἀρετῆς

2231 4962 2482 5033 διαφοραὶ
2507 4964 2600 5017 καὶ
2630 4962 2846 5025 κακίας.
2876 4961 2957 5014 Τὰ
2986 4963 3094 5033 γὰρ
3125 4958 3414 5029 γιγαντικά
3440 4958 3534 5012 καὶ
3558 4955 3806 5010 τιτανικὰ

556 5054 722 5109 tatur,
764 5045 817 5099 id
846 5046 983 5099 alios
1025 5044 1246 5113 quidem
1279 5046 1677 5110 vehementius,
1727 5046 1900 5101 levius
1943 5056 2119 5101 autem

2234 5054 2365 5122 παρ’
2397 5052 2650 5123 Ἓλλησιν
2691 5052 2946 5123 ᾀδόμενα,
2980 5052 3075 5103 καὶ
3116 5048 3305 5102 πολλαί
3349 5064 3493 5110 τινες
3525 5046 3636 5117 (89)
3680 5045 3805 5098 ἄθε-

556 5140 693 5193 alios
739 5136 949 5191 allicere
982 5137 1345 5192 consueverit.
1383 5134 1661 5205 Siquidem
1698 5149 1757 5191 ut
1790 5139 1843 5192 in
1894 5139 2126 5193 homini-

558 5230 681 5294 bus,
718 5230 797 5285 sic
820 5229 982 5284 etiam
1018 5228 1071 5281 in
1100 5228 1439 5282 daemonibus
1471 5243 1570 5282 sua
1611 5238 1737 5283 sunt
1775 5230 2002 5295 .virtutis
2033 5230 2131 5283 im-

557 5322 947 5392 probitatisque
996 5320 1336 5375 discrimina.
1391 5319 1535 5375 Nihil
1584 5322 1728 5375 enim
1785 5323 2076 5378 admodum
2107 5364 2122 5387 ,

559 5428 681 5483 quae
705 5429 735 5467 a
771 5412 974 5468 Grmcis
1004 5414 1072 5467 de
1112 5412 1423 5483 gigantibus
1464 5428 1527 5466 ac
1556 5415 1816 5470 titanibus
1841 5416 1954 5484 jam
1996 5416 2125 5471 olim

557 5506 841 5561 decantata
878 5514 1027 5567 sunt,
1069 5519 1170 5561 nec
1202 5520 1309 5560 non
1346 5507 1617 5575 pleraeque
1662 5524 1748 5563 res
1799 5508 2006 5563 nefarie
2034 5526 2127 5580 ge-

628 5597 677 5631 ”
714 5595 849 5653 Gen.
881 5612 958 5663 vt,
987 5597 1042 5650 2.

632 5700 660 5729 ι
699 5687 784 5740 ῑσ.
818 5684 1085 5755 γίγνεται.

558 5778 746 5921 ν.
772 5777 1033 5915 getiam“
1069 5774 1202 5833 οὖν.
1250 5776 1529 5834 Plutarch.
1580 5778 1656 5836 De
1691 5779 1841 5867 Jside
1873 5792 1924 5839 et
1960 5782 2127 5855 Osir.,

2231 5161 2355 5212 σμοι
2386 5144 2631 5215 πράξεις,
2670 5144 2765 5197 καὶ
2804 5140 3055 5205 Πυθῶνος
3096 5138 3398 5204 ἀντιτάξεις
3430 5137 3567 5209 πρὸς
3612 5134 3806 5189 Ἀπόλ-

2228 5236 2396 5301 λωνα,
2427 5235 2595 5304 φυγαί
2622 5252 2682 5288 τε
2715 5236 2993 5299 Διονύσου,
3031 5234 3125 5287 καὶ
3154 5232 3351 5287 πλάναι
3389 5231 3673 5301 Δήμητρος
3718 5227 3810 5280 οὐ-

2229 5329 2316 5383 δὲν
2347 5329 2697 5383 ἀπολείπουσι
2727 5329 2832 5382 τῶν
2860 5328 3185 5400 Ὀσιριακῶν
3200 5325 3293 5379 καὶ
3310 5320 3699 5393 Τυφωνιακῶν,
3732 5312 3809 5372 ὧν

2232 5422 2384 5494 παρὰ
2434 5424 2600 5476 πᾶσιν
2649 5420 2761 5492 (90)
2819 5421 3041 5489 ἀναίδην
3093 5420 3270 5487 ἔξεστι
3333 5412 3808 5489 μυθολογουμένων

2234 5513 2471 5576 ἀκούειν,
2527 5515 2627 5567 ὅσα
2679 5531 2759 5577 τε,
2824 5515 3100 5584 μυστικοῖς
3161 5512 3325 5576 ἱεροῖς
3382 5502 3809 5580 παρακαλυπτό-

2306 5781 2417 5853 (89)
2455 5779 2567 5837 Kal
2598 5779 2822 5853 πολέαι
2852 5796 3027 5853 rarae.
3064 5779 3233 5853 Plut.,
3278 5776 3372 5832 καὶ
3400 5775 3613 5848 Κρόνου
3640 5772 3807 5839 τινός.

2311 5850 2424 5926 (90)
2462 5851 2629 5920 Παρὰ
2659 5850 2865 5907 πᾶσιν.
2898 5850 3066 5920 Plut.,
3096 5851 3263 5904 πᾶσιν
3294 5856 3525 5904 tantum.
