  <div class='ocr_page' id='page_1' title='image "/cluster/home/n/w/nwhite01/storage/ocr_20150623/21:no.3/coo.31924054873017/180.png"; bbox 0 0 4156 6452; ppageno 0'>
   <div class='ocr_carea' id='block_1_1' title="bbox 399 428 504 484">
    <p class='ocr_par' dir='ltr' id='par_1_1' title="bbox 399 428 504 484">
     <span class='ocr_line' id='line_1_1' title="bbox 399 428 504 484; baseline 0.01 -2"><span class='ocrx_word' id='word_1_1' title='bbox 399 428 504 484; x_wconf 67' lang='lat'><strong>5&#39;29</strong></span> 
     </span>
    </p>
   </div>
   <div class='ocr_carea' id='block_1_2' title="bbox 1519 424 2398 481">
    <p class='ocr_par' dir='ltr' id='par_1_2' title="bbox 1519 424 2398 481">
     <span class='ocr_line' id='line_1_2' title="bbox 1519 424 2398 481; baseline 0 -3"><span class='ocrx_word' id='word_1_2' title='bbox 1519 424 1841 480; x_wconf 67' lang='grc' dir='ltr'><strong>ΡῐὶίΕΡΑΒ.</strong></span> <span class='ocrx_word' id='word_1_3' title='bbox 1883 424 2132 481; x_wconf 78' lang='lat' dir='ltr'><strong>EVANG.</strong></span> <span class='ocrx_word' id='word_1_4' title='bbox 2171 424 2297 480; x_wconf 85' lang='lat' dir='ltr'><strong>LIB.</strong></span> <span class='ocrx_word' id='word_1_5' title='bbox 2335 424 2398 479; x_wconf 72' lang='grc' dir='ltr'><strong>γ.</strong></span> 
     </span>
    </p>
   </div>
   <div class='ocr_carea' id='block_1_3' title="bbox 3518 421 3625 480">
    <p class='ocr_par' dir='ltr' id='par_1_3' title="bbox 3518 421 3625 480">
     <span class='ocr_line' id='line_1_3' title="bbox 3518 421 3625 480; baseline -0.028 0"><span class='ocrx_word' id='word_1_6' title='bbox 3518 421 3625 480; x_wconf 78' lang='lat'><strong>330</strong></span> 
     </span>
    </p>
   </div>
   <div class='ocr_carea' id='block_1_4' title="bbox 397 541 1950 618">
    <p class='ocr_par' dir='ltr' id='par_1_4' title="bbox 397 545 1950 618">
     <span class='ocr_line' id='line_1_4' title="bbox 397 545 1950 618; baseline 0 -20"><span class='ocrx_word' id='word_1_7' title='bbox 397 547 634 614; x_wconf 75' lang='grc' dir='ltr'><strong>φανέντα</strong></span> <span class='ocrx_word' id='word_1_8' title='bbox 663 546 792 600; x_wconf 74' lang='grc' dir='ltr'>ποτε</span> <span class='ocrx_word' id='word_1_9' title='bbox 827 547 938 609; x_wconf 85' lang='grc' dir='ltr'>τοῖς</span> <span class='ocrx_word' id='word_1_10' title='bbox 971 549 1092 599; x_wconf 82' lang='grc' dir='ltr'>κατ’</span> <span class='ocrx_word' id='word_1_11' title='bbox 1127 545 1296 618; x_wconf 80' lang='grc' dir='ltr'>ἀγρὸν</span> <span class='ocrx_word' id='word_1_12' title='bbox 1345 546 1702 614; x_wconf 83' lang='grc' dir='ltr'>γεωπονοῦσι.</span> <span class='ocrx_word' id='word_1_13' title='bbox 1733 546 1798 598; x_wconf 81' lang='grc' dir='ltr'>Τί</span> <span class='ocrx_word' id='word_1_14' title='bbox 1831 546 1950 616; x_wconf 57' lang='grc' dir='ltr'>χρῆι</span> 
     </span>
    </p>
   </div>
   <div class='ocr_carea' id='block_1_5' title="bbox 2045 541 3626 618">
    <p class='ocr_par' dir='ltr' id='par_1_5' title="bbox 2071 541 3626 615">
     <span class='ocr_line' id='line_1_5' title="bbox 2071 541 3626 615; baseline 0 -16"><span class='ocrx_word' id='word_1_15' title='bbox 2071 558 2364 614; x_wconf 84' lang='lat' dir='ltr'><strong>coarguere</strong></span> <span class='ocrx_word' id='word_1_16' title='bbox 2395 541 2582 604; x_wconf 91' lang='lat' dir='ltr'><strong>statui,</strong></span> <span class='ocrx_word' id='word_1_17' title='bbox 2615 549 2674 596; x_wconf 89' lang='lat' dir='ltr'><strong>ut</strong></span> <span class='ocrx_word' id='word_1_18' title='bbox 2708 541 2821 597; x_wconf 89' lang='lat' dir='ltr'><strong>suis</strong></span> <span class='ocrx_word' id='word_1_19' title='bbox 2849 542 2949 612; x_wconf 85' lang='lat' dir='ltr'><strong>ipsi</strong></span> <span class='ocrx_word' id='word_1_20' title='bbox 2977 543 3098 599; x_wconf 88' lang='lat' dir='ltr'><strong>telis</strong></span> <span class='ocrx_word' id='word_1_21' title='bbox 3140 542 3454 615; x_wconf 76' lang='lat' dir='ltr'><strong>sagittisque</strong></span> <span class='ocrx_word' id='word_1_22' title='bbox 3490 558 3626 599; x_wconf 88' lang='lat' dir='ltr'><strong>con-</strong></span> 
     </span>
    </p>
   </div>
   <div class='ocr_carea' id='block_1_6' title="bbox 397 636 1963 707">
    <p class='ocr_par' dir='ltr' id='par_1_6' title="bbox 397 636 1963 707">
     <span class='ocr_line' id='line_1_6' title="bbox 397 636 1963 707; baseline -0.002 -16"><span class='ocrx_word' id='word_1_23' title='bbox 397 636 596 705; x_wconf 81' lang='grc' dir='ltr'>ἀγαθδν</span> <span class='ocrx_word' id='word_1_24' title='bbox 614 637 742 690; x_wconf 76' lang='grc' dir='ltr'>ὄντα</span> <span class='ocrx_word' id='word_1_25' title='bbox 770 640 1068 707; x_wconf 82' lang='grc' dir='ltr'>παρασχεῖν</span> <span class='ocrx_word' id='word_1_26' title='bbox 1099 637 1131 706; x_wconf 76' lang='grc' dir='ltr'><strong>ἢ</strong></span> <span class='ocrx_word' id='word_1_27' title='bbox 1160 638 1375 700; x_wconf 84' lang='grc' dir='ltr'>πάντως</span> <span class='ocrx_word' id='word_1_28' title='bbox 1404 636 1607 705; x_wconf 81' lang='grc' dir='ltr'><strong>ἀγαθοῦ</strong></span> <span class='ocrx_word' id='word_1_29' title='bbox 1657 653 1801 699; x_wconf 87' lang='grc' dir='ltr'>τινος</span> <span class='ocrx_word' id='word_1_30' title='bbox 1825 653 1963 706; x_wconf 86' lang='grc' dir='ltr'>παρ-</span> 
     </span>
    </p>
   </div>
   <div class='ocr_carea' id='block_1_7' title="bbox 398 725 1962 799">
    <p class='ocr_par' dir='ltr' id='par_1_7' title="bbox 398 725 1962 799">
     <span class='ocr_line' id='line_1_7' title="bbox 398 725 1962 799; baseline -0.002 -18"><span class='ocrx_word' id='word_1_31' title='bbox 398 729 584 782; x_wconf 82' lang='grc' dir='ltr'>ουσίαν</span> <span class='ocrx_word' id='word_1_32' title='bbox 634 731 746 792; x_wconf 87' lang='grc' dir='ltr'>τοῖς</span> <span class='ocrx_word' id='word_1_33' title='bbox 779 730 875 799; x_wconf 88' lang='grc' dir='ltr'>τῆς</span> <span class='ocrx_word' id='word_1_34' title='bbox 904 729 1220 797; x_wconf 75' lang='grc' dir='ltr'>θεοερανείας</span> <span class='ocrx_word' id='word_1_35' title='bbox 1255 728 1349 781; x_wconf 81' lang='grc' dir='ltr'><strong>τοῦ</strong></span> <span class='ocrx_word' id='word_1_36' title='bbox 1389 728 1592 796; x_wconf 77' lang='grc' dir='ltr'>ἀγαθοῦ</span> <span class='ocrx_word' id='word_1_37' title='bbox 1625 725 1962 797; x_wconf 84' lang='grc' dir='ltr'>κατηξιωμέ-</span> 
     </span>
    </p>
   </div>
   <div class='ocr_carea' id='block_1_8' title="bbox 397 815 1958 890">
    <p class='ocr_par' dir='ltr' id='par_1_8' title="bbox 397 815 1958 890">
     <span class='ocr_line' id='line_1_8' title="bbox 397 815 1958 890; baseline -0.002 -18"><span class='ocrx_word' id='word_1_38' title='bbox 397 836 534 884; x_wconf 84' lang='grc' dir='ltr'>νοις;</span> <span class='ocrx_word' id='word_1_39' title='bbox 574 815 700 890; x_wconf 69' lang='grc' dir='ltr'><strong>’Ἆρ’</strong></span> <span class='ocrx_word' id='word_1_40' title='bbox 730 815 822 873; x_wconf 85' lang='grc' dir='ltr'><strong>οῦν</strong></span> <span class='ocrx_word' id='word_1_41' title='bbox 852 820 1093 890; x_wconf 80' lang='grc' dir='ltr'>ὑπῆρξεν</span> <span class='ocrx_word' id='word_1_42' title='bbox 1125 819 1326 888; x_wconf 75' lang='grc' dir='ltr'>ἀγαθόν</span> <span class='ocrx_word' id='word_1_43' title='bbox 1357 837 1406 873; x_wconf 80' lang='grc' dir='ltr'><strong>τι</strong></span> <span class='ocrx_word' id='word_1_44' title='bbox 1458 822 1566 881; x_wconf 80' lang='grc' dir='ltr'>τοῖς</span> <span class='ocrx_word' id='word_1_45' title='bbox 1603 818 1819 881; x_wconf 83' lang='grc' dir='ltr'>θεαταῖς</span> <span class='ocrx_word' id='word_1_46' title='bbox 1866 816 1958 870; x_wconf 87' lang='grc' dir='ltr'><strong>τοῦ</strong></span> 
     </span>
    </p>
   </div>
   <div class='ocr_carea' id='block_1_9' title="bbox 396 906 1958 979">
    <p class='ocr_par' dir='ltr' id='par_1_9' title="bbox 396 906 1958 979">
     <span class='ocr_line' id='line_1_9' title="bbox 396 906 1958 979; baseline -0.002 -17"><span class='ocrx_word' id='word_1_47' title='bbox 396 909 598 977; x_wconf 85' lang='grc' dir='ltr'>ἀγαθοῦ</span> <span class='ocrx_word' id='word_1_48' title='bbox 635 909 905 978; x_wconf 80' lang='grc' dir='ltr'>δαίμονος,</span> <span class='ocrx_word' id='word_1_49' title='bbox 939 909 973 979; x_wconf 83' lang='grc' dir='ltr'>ἢ</span> <span class='ocrx_word' id='word_1_50' title='bbox 1020 909 1188 963; x_wconf 85' lang='grc' dir='ltr'>κακὸν</span> <span class='ocrx_word' id='word_1_51' title='bbox 1214 910 1460 978; x_wconf 80' lang='grc' dir='ltr'><strong>εἰλήχασι</strong></span> <span class='ocrx_word' id='word_1_52' title='bbox 1509 908 1757 978; x_wconf 85' lang='grc' dir='ltr'>δαίμονα,</span> <span class='ocrx_word' id='word_1_53' title='bbox 1813 906 1958 977; x_wconf 77' lang='grc' dir='ltr'>ἔργῳ</span> 
     </span>
    </p>
   </div>
   <div class='ocr_carea' id='block_1_10' title="bbox 395 999 1955 1072">
    <p class='ocr_par' dir='ltr' id='par_1_10' title="bbox 395 999 1955 1072">
     <span class='ocr_line' id='line_1_10' title="bbox 395 999 1955 1072; baseline -0.001 -21"><span class='ocrx_word' id='word_1_54' title='bbox 395 1001 492 1068; x_wconf 82' lang='grc' dir='ltr'><strong>τῆς</strong></span> <span class='ocrx_word' id='word_1_55' title='bbox 522 1000 716 1071; x_wconf 84' lang='grc' dir='ltr'>πείρας</span> <span class='ocrx_word' id='word_1_56' title='bbox 741 1000 1064 1072; x_wconf 78' lang='grc' dir='ltr'>ῂσθημένοι;</span> <span class='ocrx_word' id='word_1_57' title='bbox 1109 1001 1244 1072; x_wconf 79' lang='grc' dir='ltr'>Φησὶ</span> <span class='ocrx_word' id='word_1_58' title='bbox 1275 1000 1404 1067; x_wconf 87' lang='grc' dir='ltr'>γοῦν</span> <span class='ocrx_word' id='word_1_59' title='bbox 1432 1003 1460 1053; x_wconf 92' lang='lat'><strong>6</strong></span> <span class='ocrx_word' id='word_1_60' title='bbox 1487 999 1784 1070; x_wconf 80' lang='grc' dir='ltr'>θαυμάσιος</span> <span class='ocrx_word' id='word_1_61' title='bbox 1815 999 1955 1068; x_wconf 88' lang='grc' dir='ltr'>μάρ-</span> 
     </span>
    </p>
   </div>
   <div class='ocr_carea' id='block_1_11' title="bbox 395 1088 1958 1164">
    <p class='ocr_par' dir='ltr' id='par_1_11' title="bbox 395 1088 1958 1164">
     <span class='ocr_line' id='line_1_11' title="bbox 395 1088 1958 1164; baseline -0.001 -22"><span class='ocrx_word' id='word_1_62' title='bbox 395 1108 487 1154; x_wconf 85' lang='grc' dir='ltr'><strong>τυς</strong></span> <span class='ocrx_word' id='word_1_63' title='bbox 512 1093 636 1155; x_wconf 84' lang='grc' dir='ltr'>τοὺς</span> <span class='ocrx_word' id='word_1_64' title='bbox 663 1093 759 1164; x_wconf 82' lang='grc' dir='ltr'>τῆς</span> <span class='ocrx_word' id='word_1_65' title='bbox 779 1092 992 1162; x_wconf 77' lang='grc' dir='ltr'>ἀγαθῆς</span> <span class='ocrx_word' id='word_1_66' title='bbox 1019 1091 1220 1162; x_wconf 84' lang='grc' dir='ltr'>ταύτης</span> <span class='ocrx_word' id='word_1_67' title='bbox 1249 1091 1374 1155; x_wconf 81' lang='grc' dir='ltr'>θέας</span> <span class='ocrx_word' id='word_1_68' title='bbox 1395 1092 1728 1161; x_wconf 70' lang='grc' dir='ltr'><strong>ἠξιωμένους</strong></span> <span class='ocrx_word' id='word_1_69' title='bbox 1759 1088 1958 1159; x_wconf 81' lang='grc' dir='ltr'>ἄθρουν</span> 
     </span>
    </p>
   </div>
   <div class='ocr_carea' id='block_1_12' title="bbox 2067 633 3623 705">
    <p class='ocr_par' dir='ltr' id='par_1_12' title="bbox 2067 633 3623 705">
     <span class='ocr_line' id='line_1_12' title="bbox 2067 633 3623 705; baseline 0.001 -17"><span class='ocrx_word' id='word_1_70' title='bbox 2067 635 2159 689; x_wconf 81' lang='lat' dir='ltr'><strong>ﬁxi</strong></span> <span class='ocrx_word' id='word_1_71' title='bbox 2185 636 2529 689; x_wconf 86' lang='lat' dir='ltr'><strong>erubescant.</strong></span> <span class='ocrx_word' id='word_1_72' title='bbox 2559 633 2635 687; x_wconf 82' lang='lat' dir='ltr'><strong>Ex</strong></span> <span class='ocrx_word' id='word_1_73' title='bbox 2658 649 2766 704; x_wconf 93' lang='lat' dir='ltr'><strong>quo</strong></span> <span class='ocrx_word' id='word_1_74' title='bbox 2798 649 2929 688; x_wconf 83' lang='lat' dir='ltr'><strong>sane</strong></span> <span class='ocrx_word' id='word_1_75' title='bbox 2965 635 3018 690; x_wconf 97' lang='lat' dir='ltr'><strong>id</strong></span> <span class='ocrx_word' id='word_1_76' title='bbox 3045 650 3416 705; x_wconf 86' lang='lat' dir='ltr'><strong>assequemur,</strong></span> <span class='ocrx_word' id='word_1_77' title='bbox 3446 644 3506 689; x_wconf 91' lang='lat' dir='ltr'><strong>ut</strong></span> <span class='ocrx_word' id='word_1_78' title='bbox 3530 651 3623 690; x_wconf 84' lang='lat' dir='ltr'><strong>su-</strong></span> 
     </span>
    </p>
   </div>
   <div class='ocr_carea' id='block_1_13' title="bbox 2067 726 3619 797">
    <p class='ocr_par' dir='ltr' id='par_1_13' title="bbox 2067 726 3619 797">
     <span class='ocr_line' id='line_1_13' title="bbox 2067 726 3619 797; baseline 0 -17"><span class='ocrx_word' id='word_1_79' title='bbox 2067 729 2235 795; x_wconf 89' lang='lat' dir='ltr'><strong>scepti</strong></span> <span class='ocrx_word' id='word_1_80' title='bbox 2253 726 2554 797; x_wconf 83' lang='lat' dir='ltr'><strong>argumenti</strong></span> <span class='ocrx_word' id='word_1_81' title='bbox 2581 727 2972 781; x_wconf 82' lang='lat' dir='ltr'><strong>demonstratio</strong></span> <span class='ocrx_word' id='word_1_82' title='bbox 2994 742 3060 780; x_wconf 84' lang='lat' dir='ltr'><strong>ex</strong></span> <span class='ocrx_word' id='word_1_83' title='bbox 3089 741 3275 781; x_wconf 90' lang='lat' dir='ltr'><strong>eorum</strong></span> <span class='ocrx_word' id='word_1_84' title='bbox 3306 726 3619 796; x_wconf 86' lang='lat' dir='ltr'><strong>deprompta</strong></span> 
     </span>
    </p>
   </div>
   <div class='ocr_carea' id='block_1_14' title="bbox 2067 817 3621 888">
    <p class='ocr_par' dir='ltr' id='par_1_14' title="bbox 2067 817 3621 888">
     <span class='ocr_line' id='line_1_14' title="bbox 2067 817 3621 888; baseline -0.001 -17"><span class='ocrx_word' id='word_1_85' title='bbox 2067 832 2252 880; x_wconf 90' lang='lat' dir='ltr'><strong>sensu,</strong></span> <span class='ocrx_word' id='word_1_86' title='bbox 2283 819 2375 888; x_wconf 87' lang='lat' dir='ltr'><strong>qui</strong></span> <span class='ocrx_word' id='word_1_87' title='bbox 2405 817 2509 872; x_wconf 86' lang='lat' dir='ltr'><strong>diis</strong></span> <span class='ocrx_word' id='word_1_88' title='bbox 2536 819 2687 872; x_wconf 87' lang='lat' dir='ltr'><strong>chari</strong></span> <span class='ocrx_word' id='word_1_89' title='bbox 2732 833 2794 872; x_wconf 86' lang='lat' dir='ltr'><strong>ac</strong></span> <span class='ocrx_word' id='word_1_90' title='bbox 2840 817 3078 886; x_wconf 84' lang='lat' dir='ltr'><strong>religiosi</strong></span> <span class='ocrx_word' id='word_1_91' title='bbox 3109 819 3458 887; x_wconf 88' lang='lat' dir='ltr'><strong>putabantur,</strong></span> <span class='ocrx_word' id='word_1_92' title='bbox 3499 817 3621 886; x_wconf 82' lang='lat' dir='ltr'><strong>qui--</strong></span> 
     </span>
    </p>
   </div>
   <div class='ocr_carea' id='block_1_15' title="bbox 2066 907 3622 977">
    <p class='ocr_par' dir='ltr' id='par_1_15' title="bbox 2066 907 3622 977">
     <span class='ocr_line' id='line_1_15' title="bbox 2066 907 3622 977; baseline 0 -17"><span class='ocrx_word' id='word_1_93' title='bbox 2066 922 2173 977; x_wconf 91' lang='lat' dir='ltr'><strong>que</strong></span> <span class='ocrx_word' id='word_1_94' title='bbox 2201 909 2430 962; x_wconf 83' lang='lat' dir='ltr'><strong>solerter</strong></span> <span class='ocrx_word' id='word_1_95' title='bbox 2454 917 2507 961; x_wconf 91' lang='lat' dir='ltr'><strong>et</strong></span> <span class='ocrx_word' id='word_1_96' title='bbox 2539 917 2790 962; x_wconf 83' lang='lat' dir='ltr'><strong>accurate</strong></span> <span class='ocrx_word' id='word_1_97' title='bbox 2816 909 3075 962; x_wconf 85' lang='lat' dir='ltr'><strong>doctrinae</strong></span> <span class='ocrx_word' id='word_1_98' title='bbox 3101 923 3214 962; x_wconf 81' lang='lat' dir='ltr'><strong>suae</strong></span> <span class='ocrx_word' id='word_1_99' title='bbox 3257 907 3494 961; x_wconf 86' lang='lat' dir='ltr'><strong>rationes</strong></span> <span class='ocrx_word' id='word_1_100' title='bbox 3527 921 3622 960; x_wconf 83' lang='lat' dir='ltr'><strong>ex-</strong></span> 
     </span>
    </p>
   </div>
   <div class='ocr_carea' id='block_1_16' title="bbox 2079 997 3621 1068">
    <p class='ocr_par' dir='ltr' id='par_1_16' title="bbox 2079 997 3621 1068">
     <span class='ocr_line' id='line_1_16' title="bbox 2079 997 3621 1068; baseline -0.001 -17"><span class='ocrx_word' id='word_1_101' title='bbox 2079 999 2382 1067; x_wconf 87' lang='lat' dir='ltr'><strong>plorarunt,</strong></span> <span class='ocrx_word' id='word_1_102' title='bbox 2419 999 2564 1054; x_wconf 90' lang='lat' dir='ltr'><strong>omni</strong></span> <span class='ocrx_word' id='word_1_103' title='bbox 2599 1015 2665 1054; x_wconf 76' lang='lat' dir='ltr'><strong>ex</strong></span> <span class='ocrx_word' id='word_1_104' title='bbox 2705 1008 2857 1068; x_wconf 88' lang='lat' dir='ltr'><strong>parte</strong></span> <span class='ocrx_word' id='word_1_105' title='bbox 2887 999 3123 1067; x_wconf 86' lang='lat' dir='ltr'><strong>perfecta</strong></span> <span class='ocrx_word' id='word_1_106' title='bbox 3163 999 3250 1058; x_wconf 88' lang='lat' dir='ltr'><strong>sit,</strong></span> <span class='ocrx_word' id='word_1_107' title='bbox 3285 1008 3444 1067; x_wconf 85' lang='lat' dir='ltr'><strong>atque</strong></span> <span class='ocrx_word' id='word_1_108' title='bbox 3474 997 3621 1066; x_wconf 87' lang='lat' dir='ltr'><strong>ejus-</strong></span> 
     </span>
    </p>
   </div>
   <div class='ocr_carea' id='block_1_17' title="bbox 2066 1088 3622 1159">
    <p class='ocr_par' dir='ltr' id='par_1_17' title="bbox 2066 1088 3622 1159">
     <span class='ocr_line' id='line_1_17' title="bbox 2066 1088 3622 1159; baseline 0.001 -17"><span class='ocrx_word' id='word_1_109' title='bbox 2066 1088 2214 1142; x_wconf 88' lang='lat' dir='ltr'><strong>modi</strong></span> <span class='ocrx_word' id='word_1_110' title='bbox 2246 1103 2410 1157; x_wconf 89' lang='lat' dir='ltr'><strong>quam</strong></span> <span class='ocrx_word' id='word_1_111' title='bbox 2456 1105 2556 1144; x_wconf 90' lang='lat' dir='ltr'><strong>nec</strong></span> <span class='ocrx_word' id='word_1_112' title='bbox 2579 1089 2820 1144; x_wconf 77' lang='lat' dir='ltr'><strong>refellere</strong></span> <span class='ocrx_word' id='word_1_113' title='bbox 2850 1091 2974 1158; x_wconf 87' lang='lat' dir='ltr'><strong>ipsi,</strong></span> <span class='ocrx_word' id='word_1_114' title='bbox 3006 1104 3103 1144; x_wconf 93' lang='lat' dir='ltr'><strong>nec</strong></span> <span class='ocrx_word' id='word_1_115' title='bbox 3125 1088 3379 1159; x_wconf 77' lang='lat' dir='ltr'><strong>defugere</strong></span> <span class='ocrx_word' id='word_1_116' title='bbox 3407 1096 3500 1142; x_wconf 90' lang='lat' dir='ltr'><strong>aut</strong></span> <span class='ocrx_word' id='word_1_117' title='bbox 3526 1088 3622 1143; x_wconf 87' lang='lat' dir='ltr'><strong>de-</strong></span> 
     </span>
    </p>
   </div>
   <div class='ocr_carea' id='block_1_18' title="bbox 393 1178 1950 1252">
    <p class='ocr_par' dir='ltr' id='par_1_18' title="bbox 393 1178 1320 1252">
     <span class='ocr_line' id='line_1_18' title="bbox 393 1178 1320 1252; baseline 0.001 -17"><span class='ocrx_word' id='word_1_118' title='bbox 393 1181 617 1237; x_wconf 85' lang='grc' dir='ltr'>θάνατον</span> <span class='ocrx_word' id='word_1_119' title='bbox 646 1184 956 1251; x_wconf 80' lang='grc' dir='ltr'>ὑπομεῖναι,</span> <span class='ocrx_word' id='word_1_120' title='bbox 994 1182 1166 1252; x_wconf 81' lang='grc' dir='ltr'>λέγων</span> <span class='ocrx_word' id='word_1_121' title='bbox 1198 1178 1320 1237; x_wconf 80' lang='grc' dir='ltr'>ὦδε.</span> 
     </span>
    </p>
   </div>
   <div class='ocr_carea' id='block_1_19' title="bbox 2045 1178 3621 1252">
    <p class='ocr_par' dir='ltr' id='par_1_19' title="bbox 2064 1178 3621 1248">
     <span class='ocr_line' id='line_1_19' title="bbox 2064 1178 3621 1248; baseline -0.001 -15"><span class='ocrx_word' id='word_1_122' title='bbox 2064 1179 2279 1248; x_wconf 89' lang='lat' dir='ltr'><strong>precari</strong></span> <span class='ocrx_word' id='word_1_123' title='bbox 2335 1179 2565 1248; x_wconf 87' lang='lat' dir='ltr'><strong>possint.</strong></span> <span class='ocrx_word' id='word_1_124' title='bbox 2612 1178 2679 1233; x_wconf 89' lang='lat' dir='ltr'><strong>Et</strong></span> <span class='ocrx_word' id='word_1_125' title='bbox 2727 1194 2792 1233; x_wconf 93' lang='lat' dir='ltr'><strong>eo</strong></span> <span class='ocrx_word' id='word_1_126' title='bbox 2847 1179 3063 1248; x_wconf 90' lang='lat' dir='ltr'><strong>quidem</strong></span> <span class='ocrx_word' id='word_1_127' title='bbox 3117 1179 3234 1234; x_wconf 87' lang='lat' dir='ltr'><strong>loco</strong></span> <span class='ocrx_word' id='word_1_128' title='bbox 3287 1178 3621 1246; x_wconf 88' lang='lat' dir='ltr'><strong>Porpbvrius</strong></span> 
     </span>
    </p>
   </div>
   <div class='ocr_carea' id='block_1_20' title="bbox 391 1267 3618 1341">
    <p class='ocr_par' dir='ltr' id='par_1_20' title="bbox 391 1267 3618 1341">
     <span class='ocr_line' id='line_1_20' title="bbox 391 1267 3618 1341; baseline -0.002 -16"><span class='ocrx_word' id='word_1_129' title='bbox 391 1289 578 1329; x_wconf 87' lang='lat' dir='ltr'><strong>omnes</strong></span> <span class='ocrx_word' id='word_1_130' title='bbox 600 1277 917 1339; x_wconf 87' lang='lat' dir='ltr'><strong>obtestatur,</strong></span> <span class='ocrx_word' id='word_1_131' title='bbox 949 1289 1017 1329; x_wconf 90' lang='lat' dir='ltr'><strong>ne</strong></span> <span class='ocrx_word' id='word_1_132' title='bbox 1042 1274 1264 1328; x_wconf 90' lang='lat' dir='ltr'><strong>deorum</strong></span> <span class='ocrx_word' id='word_1_133' title='bbox 1297 1287 1493 1327; x_wconf 89' lang='lat' dir='ltr'><strong>arcana</strong></span> <span class='ocrx_word' id='word_1_134' title='bbox 1551 1271 1801 1341; x_wconf 88' lang='lat' dir='ltr'><strong>prodere,</strong></span> <span class='ocrx_word' id='word_1_135' title='bbox 1862 1283 2092 1340; x_wconf 78' lang='lat' dir='ltr'><strong>quaeque</strong></span> <span class='ocrx_word' id='word_1_136' title='bbox 2145 1267 2390 1323; x_wconf 90' lang='lat' dir='ltr'><strong>dicturus</strong></span> <span class='ocrx_word' id='word_1_137' title='bbox 2437 1276 2540 1335; x_wconf 89' lang='lat' dir='ltr'><strong>est,</strong></span> <span class='ocrx_word' id='word_1_138' title='bbox 2592 1267 2795 1338; x_wconf 90' lang='lat' dir='ltr'><strong>passim</strong></span> <span class='ocrx_word' id='word_1_139' title='bbox 2841 1278 3005 1338; x_wconf 89' lang='lat' dir='ltr'><strong>atque</strong></span> <span class='ocrx_word' id='word_1_140' title='bbox 3071 1269 3126 1322; x_wconf 94' lang='lat' dir='ltr'><strong>in</strong></span> <span class='ocrx_word' id='word_1_141' title='bbox 3178 1269 3366 1338; x_wconf 72' lang='lat' dir='ltr'><strong>vulgus</strong></span> <span class='ocrx_word' id='word_1_142' title='bbox 3427 1269 3618 1323; x_wconf 83' lang='lat' dir='ltr'><strong>ell‘erre</strong></span> 
     </span>
    </p>
   </div>
   <div class='ocr_carea' id='block_1_21' title="bbox 391 1361 3621 1436">
    <p class='ocr_par' dir='ltr' id='par_1_21' title="bbox 391 1361 3621 1436">
     <span class='ocr_line' id='line_1_21' title="bbox 391 1361 3621 1436; baseline 0 -19"><span class='ocrx_word' id='word_1_143' title='bbox 391 1364 574 1431; x_wconf 88' lang='lat' dir='ltr'><strong>velint,</strong></span> <span class='ocrx_word' id='word_1_144' title='bbox 605 1365 699 1420; x_wconf 91' lang='lat' dir='ltr'><strong>sed</strong></span> <span class='ocrx_word' id='word_1_145' title='bbox 721 1366 921 1434; x_wconf 86' lang='lat' dir='ltr'><strong>potius,</strong></span> <span class='ocrx_word' id='word_1_146' title='bbox 957 1373 1015 1420; x_wconf 92' lang='lat' dir='ltr'><strong>ut</strong></span> <span class='ocrx_word' id='word_1_147' title='bbox 1071 1380 1135 1420; x_wconf 87' lang='lat' dir='ltr'><strong>ea</strong></span> <span class='ocrx_word' id='word_1_148' title='bbox 1199 1366 1483 1436; x_wconf 80' lang='lat' dir='ltr'><strong>diligenter</strong></span> <span class='ocrx_word' id='word_1_149' title='bbox 1544 1365 1836 1429; x_wconf 87' lang='lat' dir='ltr'><strong>occultent,</strong></span> <span class='ocrx_word' id='word_1_150' title='bbox 1898 1362 2214 1433; x_wconf 90' lang='lat' dir='ltr'><strong>interposito</strong></span> <span class='ocrx_word' id='word_1_151' title='bbox 2283 1362 2446 1416; x_wconf 90' lang='lat' dir='ltr'><strong>etiam</strong></span> <span class='ocrx_word' id='word_1_152' title='bbox 2492 1361 2850 1432; x_wconf 87' lang='lat' dir='ltr'><strong>jurejurando</strong></span> <span class='ocrx_word' id='word_1_153' title='bbox 2901 1362 3083 1434; x_wconf 88' lang='lat' dir='ltr'><strong>adigit.</strong></span> <span class='ocrx_word' id='word_1_154' title='bbox 3139 1364 3456 1432; x_wconf 78' lang='lat' dir='ltr'><strong>Cujusmodi</strong></span> <span class='ocrx_word' id='word_1_155' title='bbox 3492 1378 3621 1431; x_wconf 87' lang='lat' dir='ltr'><strong>ergo</strong></span> 
     </span>
    </p>
   </div>
   <div class='ocr_carea' id='block_1_22' title="bbox 391 1453 3618 1525">
    <p class='ocr_par' dir='ltr' id='par_1_22' title="bbox 391 1453 3618 1525">
     <span class='ocr_line' id='line_1_22' title="bbox 391 1453 3618 1525; baseline -0 -15"><span class='ocrx_word' id='word_1_156' title='bbox 391 1456 477 1510; x_wconf 74' lang='lat' dir='ltr'><strong>illa</strong></span> <span class='ocrx_word' id='word_1_157' title='bbox 505 1453 844 1512; x_wconf 82' lang='lat' dir='ltr'><strong>sunt?Pana</strong></span> <span class='ocrx_word' id='word_1_158' title='bbox 873 1458 1122 1514; x_wconf 88' lang='lat' dir='ltr'><strong>videlicet</strong></span> <span class='ocrx_word' id='word_1_159' title='bbox 1149 1457 1345 1512; x_wconf 91' lang='lat' dir='ltr'><strong>Bacchi</strong></span> <span class='ocrx_word' id='word_1_160' title='bbox 1373 1472 1586 1513; x_wconf 88' lang='lat' dir='ltr'><strong>servum</strong></span> <span class='ocrx_word' id='word_1_161' title='bbox 1614 1457 1785 1512; x_wconf 90' lang='lat' dir='ltr'><strong>fuisse</strong></span> <span class='ocrx_word' id='word_1_162' title='bbox 1826 1463 2035 1521; x_wconf 88' lang='lat' dir='ltr'><strong>narrat,</strong></span> <span class='ocrx_word' id='word_1_163' title='bbox 2105 1455 2345 1525; x_wconf 89' lang='lat' dir='ltr'><strong>quicum</strong></span> <span class='ocrx_word' id='word_1_164' title='bbox 2393 1470 2459 1509; x_wconf 81' lang='lat' dir='ltr'><strong>ex</strong></span> <span class='ocrx_word' id='word_1_165' title='bbox 2506 1457 2660 1511; x_wconf 90' lang='lat' dir='ltr'><strong>bonis</strong></span> <span class='ocrx_word' id='word_1_166' title='bbox 2716 1457 3054 1510; x_wconf 64' lang='lat' dir='ltr'><strong>dmmonibus</strong></span> <span class='ocrx_word' id='word_1_167' title='bbox 3099 1473 3239 1510; x_wconf 89' lang='lat' dir='ltr'><strong>unus</strong></span> <span class='ocrx_word' id='word_1_168' title='bbox 3306 1465 3468 1521; x_wconf 89' lang='lat' dir='ltr'><strong>esset,</strong></span> <span class='ocrx_word' id='word_1_169' title='bbox 3534 1458 3618 1509; x_wconf 80' lang='lat' dir='ltr'><strong>vi-</strong></span> 
     </span>
    </p>
   </div>
   <div class='ocr_carea' id='block_1_23' title="bbox 399 1547 3614 1623">
    <p class='ocr_par' dir='ltr' id='par_1_23' title="bbox 399 1547 3614 1623">
     <span class='ocr_line' id='line_1_23' title="bbox 399 1547 3614 1623; baseline -0.002 -17"><span class='ocrx_word' id='word_1_170' title='bbox 399 1553 634 1607; x_wconf 87' lang='lat' dir='ltr'><strong>dendum</strong></span> <span class='ocrx_word' id='word_1_171' title='bbox 681 1554 972 1623; x_wconf 77' lang='lat' dir='ltr'><strong>aliquando</strong></span> <span class='ocrx_word' id='word_1_172' title='bbox 1039 1569 1158 1610; x_wconf 83' lang='lat' dir='ltr'><strong>sese</strong></span> <span class='ocrx_word' id='word_1_173' title='bbox 1197 1553 1449 1623; x_wconf 82' lang='lat' dir='ltr'><strong>agricolis</strong></span> <span class='ocrx_word' id='word_1_174' title='bbox 1480 1553 1804 1623; x_wconf 88' lang='lat' dir='ltr'><strong>quibusdam</strong></span> <span class='ocrx_word' id='word_1_175' title='bbox 1848 1550 2159 1622; x_wconf 73' lang='lat' dir='ltr'><strong>praebuerit.</strong></span> <span class='ocrx_word' id='word_1_176' title='bbox 2184 1548 2325 1616; x_wconf 84' lang='lat' dir='ltr'><strong>Quid</strong></span> <span class='ocrx_word' id='word_1_177' title='bbox 2388 1549 2813 1619; x_wconf 78' lang='lat' dir='ltr'><strong>exspectandum</strong></span> <span class='ocrx_word' id='word_1_178' title='bbox 2858 1550 3001 1604; x_wconf 89' lang='lat' dir='ltr'><strong>aliud</strong></span> <span class='ocrx_word' id='word_1_179' title='bbox 3058 1565 3087 1602; x_wconf 91' lang='lat' dir='ltr'><strong>a</strong></span> <span class='ocrx_word' id='word_1_180' title='bbox 3127 1554 3267 1604; x_wconf 84' lang='lat' dir='ltr'><strong>bono</strong></span> <span class='ocrx_word' id='word_1_181' title='bbox 3334 1547 3458 1610; x_wconf 85' lang='lat' dir='ltr'><strong>fuit.</strong></span> <span class='ocrx_word' id='word_1_182' title='bbox 3509 1548 3614 1602; x_wconf 89' lang='lat' dir='ltr'><strong>nisi</strong></span> 
     </span>
    </p>
   </div>
   <div class='ocr_carea' id='block_1_24' title="bbox 389 1640 3616 1720">
    <p class='ocr_par' dir='ltr' id='par_1_24' title="bbox 389 1640 3616 1720">
     <span class='ocr_line' id='line_1_24' title="bbox 389 1640 3616 1720; baseline -0.002 -21"><span class='ocrx_word' id='word_1_183' title='bbox 389 1655 448 1700; x_wconf 89' lang='lat' dir='ltr'><strong>ut</strong></span> <span class='ocrx_word' id='word_1_184' title='bbox 476 1663 612 1718; x_wconf 91' lang='lat' dir='ltr'><strong>quos</strong></span> <span class='ocrx_word' id='word_1_185' title='bbox 637 1649 811 1703; x_wconf 90' lang='lat' dir='ltr'><strong>bonus</strong></span> <span class='ocrx_word' id='word_1_186' title='bbox 840 1648 930 1705; x_wconf 90' lang='lat' dir='ltr'><strong>ille</strong></span> <span class='ocrx_word' id='word_1_187' title='bbox 953 1649 1095 1705; x_wconf 87' lang='lat' dir='ltr'><strong>Deus</strong></span> <span class='ocrx_word' id='word_1_188' title='bbox 1149 1657 1445 1718; x_wconf 89' lang='lat' dir='ltr'><strong>conspectu</strong></span> <span class='ocrx_word' id='word_1_189' title='bbox 1485 1663 1587 1704; x_wconf 90' lang='lat' dir='ltr'><strong>suo</strong></span> <span class='ocrx_word' id='word_1_190' title='bbox 1626 1649 1962 1720; x_wconf 89' lang='lat' dir='ltr'><strong>dignaretur,</strong></span> <span class='ocrx_word' id='word_1_191' title='bbox 2004 1645 2060 1700; x_wconf 91' lang='lat' dir='ltr'><strong>in</strong></span> <span class='ocrx_word' id='word_1_192' title='bbox 2122 1660 2216 1700; x_wconf 88' lang='lat' dir='ltr'><strong>eos</strong></span> <span class='ocrx_word' id='word_1_193' title='bbox 2260 1646 2519 1700; x_wconf 89' lang='lat' dir='ltr'><strong>continuo</strong></span> <span class='ocrx_word' id='word_1_194' title='bbox 2562 1645 2690 1699; x_wconf 89' lang='lat' dir='ltr'><strong>boni</strong></span> <span class='ocrx_word' id='word_1_195' title='bbox 2735 1641 2935 1712; x_wconf 91' lang='lat' dir='ltr'><strong>aliquid</strong></span> <span class='ocrx_word' id='word_1_196' title='bbox 2973 1642 3345 1697; x_wconf 84' lang='lat' dir='ltr'><strong>redundaret?</strong></span> <span class='ocrx_word' id='word_1_197' title='bbox 3425 1640 3616 1696; x_wconf 87' lang='lat' dir='ltr'><strong>Utrum</strong></span> 
     </span>
    </p>
   </div>
   <div class='ocr_carea' id='block_1_25' title="bbox 388 1737 3619 1812">
    <p class='ocr_par' dir='ltr' id='par_1_25' title="bbox 388 1737 3619 1812">
     <span class='ocr_line' id='line_1_25' title="bbox 388 1737 3619 1812; baseline -0.001 -20"><span class='ocrx_word' id='word_1_198' title='bbox 388 1738 562 1807; x_wconf 74' lang='lat' dir='ltr'><strong>igitun</strong></span> <span class='ocrx_word' id='word_1_199' title='bbox 581 1742 708 1796; x_wconf 88' lang='lat' dir='ltr'><strong>boni</strong></span> <span class='ocrx_word' id='word_1_200' title='bbox 748 1743 1010 1798; x_wconf 65' lang='lat' dir='ltr'><strong>daemonis</strong></span> <span class='ocrx_word' id='word_1_201' title='bbox 1066 1743 1464 1812; x_wconf 87' lang='lat' dir='ltr'><strong>spectatoribus</strong></span> <span class='ocrx_word' id='word_1_202' title='bbox 1508 1741 1639 1797; x_wconf 92' lang='lat' dir='ltr'><strong>boni</strong></span> <span class='ocrx_word' id='word_1_203' title='bbox 1675 1740 1958 1811; x_wconf 89' lang='lat' dir='ltr'><strong>quidpiam</strong></span> <span class='ocrx_word' id='word_1_204' title='bbox 1997 1739 2176 1795; x_wconf 86' lang='lat' dir='ltr'><strong>evenit</strong></span> <span class='ocrx_word' id='word_1_205' title='bbox 2209 1757 2223 1807; x_wconf 90' lang='lat'><strong>;</strong></span> <span class='ocrx_word' id='word_1_206' title='bbox 2257 1755 2325 1794; x_wconf 91' lang='lat' dir='ltr'><strong>an</strong></span> <span class='ocrx_word' id='word_1_207' title='bbox 2351 1737 2528 1809; x_wconf 88' lang='lat' dir='ltr'><strong>potius</strong></span> <span class='ocrx_word' id='word_1_208' title='bbox 2558 1738 2613 1791; x_wconf 90' lang='lat' dir='ltr'><strong>in</strong></span> <span class='ocrx_word' id='word_1_209' title='bbox 2647 1737 2848 1792; x_wconf 86' lang='lat' dir='ltr'><strong>malum</strong></span> <span class='ocrx_word' id='word_1_210' title='bbox 2907 1752 2965 1790; x_wconf 93' lang='lat' dir='ltr'><strong>se</strong></span> <span class='ocrx_word' id='word_1_211' title='bbox 3004 1737 3303 1791; x_wconf 80' lang='lat' dir='ltr'><strong>daemonem</strong></span> <span class='ocrx_word' id='word_1_212' title='bbox 3365 1737 3619 1791; x_wconf 76' lang='lat' dir='ltr'><strong>incidisse</strong></span> 
     </span>
    </p>
   </div>
   <div class='ocr_carea' id='block_1_26' title="bbox 406 1828 3619 1902">
    <p class='ocr_par' dir='ltr' id='par_1_26' title="bbox 406 1828 3619 1902">
     <span class='ocr_line' id='line_1_26' title="bbox 406 1828 3619 1902; baseline 0.002 -20"><span class='ocrx_word' id='word_1_213' title='bbox 406 1830 648 1897; x_wconf 84' lang='lat' dir='ltr'><strong>periculo</strong></span> <span class='ocrx_word' id='word_1_214' title='bbox 665 1830 763 1900; x_wconf 87' lang='lat' dir='ltr'><strong>ipsi</strong></span> <span class='ocrx_word' id='word_1_215' title='bbox 797 1846 898 1886; x_wconf 87' lang='lat' dir='ltr'><strong>suo</strong></span> <span class='ocrx_word' id='word_1_216' title='bbox 925 1832 1274 1888; x_wconf 86' lang='lat' dir='ltr'><strong>didicerunt?</strong></span> <span class='ocrx_word' id='word_1_217' title='bbox 1304 1830 1495 1886; x_wconf 87' lang='lat' dir='ltr'><strong>Tradit</strong></span> <span class='ocrx_word' id='word_1_218' title='bbox 1537 1830 1798 1885; x_wconf 88' lang='lat' dir='ltr'><strong>nimirum</strong></span> <span class='ocrx_word' id='word_1_219' title='bbox 1864 1830 2016 1885; x_wconf 88' lang='lat' dir='ltr'><strong>testis</strong></span> <span class='ocrx_word' id='word_1_220' title='bbox 2078 1828 2350 1900; x_wconf 85' lang='lat' dir='ltr'><strong>egregius,</strong></span> <span class='ocrx_word' id='word_1_221' title='bbox 2396 1836 2663 1898; x_wconf 89' lang='lat' dir='ltr'><strong>quotquot</strong></span> <span class='ocrx_word' id='word_1_222' title='bbox 2712 1829 2801 1884; x_wconf 92' lang='lat' dir='ltr'><strong>ille</strong></span> <span class='ocrx_word' id='word_1_223' title='bbox 2845 1828 2987 1884; x_wconf 83' lang='lat' dir='ltr'><strong>felici</strong></span> <span class='ocrx_word' id='word_1_224' title='bbox 3033 1831 3261 1902; x_wconf 61' lang='lat' dir='ltr'><strong>latoque</strong></span> <span class='ocrx_word' id='word_1_225' title='bbox 3313 1833 3619 1902; x_wconf 76' lang='lat' dir='ltr'><strong>spectaculo</strong></span> 
     </span>
    </p>
   </div>
   <div class='ocr_carea' id='block_1_27' title="bbox 397 1918 2482 1994">
    <p class='ocr_par' dir='ltr' id='par_1_27' title="bbox 397 1918 2482 1994">
     <span class='ocr_line' id='line_1_27' title="bbox 397 1918 2482 1994; baseline -0.004 -12"><span class='ocrx_word' id='word_1_226' title='bbox 397 1926 589 1994; x_wconf 85' lang='lat' dir='ltr'><strong>dignos</strong></span> <span class='ocrx_word' id='word_1_227' title='bbox 634 1923 934 1988; x_wconf 86' lang='lat' dir='ltr'><strong>habuisset,</strong></span> <span class='ocrx_word' id='word_1_228' title='bbox 976 1937 1072 1978; x_wconf 93' lang='lat' dir='ltr'><strong>eos</strong></span> <span class='ocrx_word' id='word_1_229' title='bbox 1113 1922 1180 1976; x_wconf 89' lang='lat' dir='ltr'><strong>ad</strong></span> <span class='ocrx_word' id='word_1_230' title='bbox 1230 1937 1398 1975; x_wconf 89' lang='lat' dir='ltr'><strong>unum</strong></span> <span class='ocrx_word' id='word_1_231' title='bbox 1429 1935 1622 1976; x_wconf 91' lang='lat' dir='ltr'><strong>omnes</strong></span> <span class='ocrx_word' id='word_1_232' title='bbox 1669 1919 1954 1990; x_wconf 89' lang='lat' dir='ltr'><strong>repentino</strong></span> <span class='ocrx_word' id='word_1_233' title='bbox 1988 1918 2210 1973; x_wconf 91' lang='lat' dir='ltr'><strong>interitu</strong></span> <span class='ocrx_word' id='word_1_234' title='bbox 2235 1918 2482 1988; x_wconf 90' lang='lat' dir='ltr'><strong>periisse.</strong></span> 
     </span>
    </p>
   </div>
   <div class='ocr_carea' id='block_1_28' title="bbox 913 2013 1431 2080">
    <p class='ocr_par' dir='ltr' id='par_1_28' title="bbox 913 2013 1431 2080">
     <span class='ocr_line' id='line_1_28' title="bbox 913 2013 1431 2080; baseline -0.002 -14"><span class='ocrx_word' id='word_1_235' title='bbox 913 2013 1301 2066; x_wconf 78' lang='grc' dir='ltr'><strong>ΚΕΦΑΛΑΙΟΝ</strong></span> <span class='ocrx_word' id='word_1_236' title='bbox 1340 2015 1431 2080; x_wconf 59' lang='grc' dir='ltr'><strong>(Γ.</strong></span> 
     </span>
    </p>
   </div>
   <div class='ocr_carea' id='block_1_29' title="bbox 396 2123 1956 2194">
    <p class='ocr_par' dir='ltr' id='par_1_29' title="bbox 396 2123 1956 2194">
     <span class='ocr_line' id='line_1_29' title="bbox 396 2123 1956 2194; baseline -0.003 -12"><span class='ocrx_word' id='word_1_237' title='bbox 396 2127 490 2194; x_wconf 82' lang='grc' dir='ltr'>Ὠς</span> <span class='ocrx_word' id='word_1_238' title='bbox 527 2124 786 2182; x_wconf 82' lang='grc' dir='ltr'>θανάτου</span> <span class='ocrx_word' id='word_1_239' title='bbox 819 2125 1114 2193; x_wconf 75' lang='grc' dir='ltr'>ποιητικοί</span> <span class='ocrx_word' id='word_1_240' title='bbox 1139 2127 1296 2178; x_wconf 68' lang='grc' dir='ltr'>εἰσιν</span> <span class='ocrx_word' id='word_1_241' title='bbox 1322 2127 1376 2178; x_wconf 79' lang='grc' dir='ltr'>οἱ</span> <span class='ocrx_word' id='word_1_242' title='bbox 1408 2124 1719 2194; x_wconf 76' lang='grc' dir='ltr'>λεγόμενοι</span> <span class='ocrx_word' id='word_1_243' title='bbox 1757 2123 1956 2179; x_wconf 78' lang='grc' dir='ltr'>αὐτῶν</span> 
     </span>
    </p>
   </div>
   <div class='ocr_carea' id='block_1_30' title="bbox 895 2195 1435 2263">
    <p class='ocr_par' dir='ltr' id='par_1_30' title="bbox 895 2195 1435 2263">
     <span class='ocr_line' id='line_1_30' title="bbox 895 2195 1435 2263; baseline 0 -15"><span class='ocrx_word' id='word_1_244' title='bbox 895 2195 1102 2263; x_wconf 75' lang='grc' dir='ltr'>ἀγαθοὶ</span> <span class='ocrx_word' id='word_1_245' title='bbox 1132 2195 1435 2262; x_wconf 80' lang='grc' dir='ltr'>δαίμονες.</span> 
     </span>
    </p>
   </div>
   <div class='ocr_carea' id='block_1_31' title="bbox 463 2301 1955 2379">
    <p class='ocr_par' dir='ltr' id='par_1_31' title="bbox 463 2301 1955 2379">
     <span class='ocr_line' id='line_1_31' title="bbox 463 2301 1955 2379; baseline -0.004 -18"><span class='ocrx_word' id='word_1_246' title='bbox 463 2328 482 2361; x_wconf 74' lang='grc' dir='ltr'><strong>ι</strong></span> <span class='ocrx_word' id='word_1_247' title='bbox 516 2308 651 2379; x_wconf 85' lang='grc' dir='ltr'>Ἤδη</span> <span class='ocrx_word' id='word_1_248' title='bbox 681 2307 738 2361; x_wconf 83' lang='grc' dir='ltr'>δὲ</span> <span class='ocrx_word' id='word_1_249' title='bbox 763 2305 858 2359; x_wconf 68' lang='grc' dir='ltr'>καὶ</span> <span class='ocrx_word' id='word_1_250' title='bbox 877 2307 934 2358; x_wconf 80' lang='grc' dir='ltr'><strong>ἐν</strong></span> <span class='ocrx_word' id='word_1_251' title='bbox 967 2305 1143 2367; x_wconf 82' lang='grc' dir='ltr'>ἄλλοις</span> <span class='ocrx_word' id='word_1_252' title='bbox 1174 2305 1221 2357; x_wconf 83' lang='grc' dir='ltr'><strong>οἱ</strong></span> <span class='ocrx_word' id='word_1_253' title='bbox 1256 2304 1353 2374; x_wconf 86' lang='grc' dir='ltr'><strong>μὲν</strong></span> <span class='ocrx_word' id='word_1_254' title='bbox 1380 2301 1764 2372; x_wconf 88' lang='grc' dir='ltr'>ἀνεδείχθησαν</span> <span class='ocrx_word' id='word_1_255' title='bbox 1793 2301 1955 2374; x_wconf 83' lang='grc' dir='ltr'>θερά-</span> 
     </span>
    </p>
   </div>
   <div class='ocr_carea' id='block_1_32' title="bbox 390 2390 1953 2462">
    <p class='ocr_par' dir='ltr' id='par_1_32' title="bbox 390 2390 1953 2462">
     <span class='ocr_line' id='line_1_32' title="bbox 390 2390 1953 2462; baseline -0.006 -10"><span class='ocrx_word' id='word_1_256' title='bbox 390 2398 579 2461; x_wconf 84' lang='grc' dir='ltr'>ποντές</span> <span class='ocrx_word' id='word_1_257' title='bbox 605 2414 786 2460; x_wconf 85' lang='grc' dir='ltr'>τινων,</span> <span class='ocrx_word' id='word_1_258' title='bbox 825 2395 900 2459; x_wconf 85' lang='grc' dir='ltr'>ὡς</span> <span class='ocrx_word' id='word_1_259' title='bbox 938 2397 966 2448; x_wconf 90' lang='lat'><strong>6</strong></span> <span class='ocrx_word' id='word_1_260' title='bbox 1001 2394 1116 2447; x_wconf 87' lang='grc' dir='ltr'><strong>Πάν</strong></span> <span class='ocrx_word' id='word_1_261' title='bbox 1154 2393 1247 2446; x_wconf 89' lang='grc' dir='ltr'><strong>τοῦ</strong></span> <span class='ocrx_word' id='word_1_262' title='bbox 1284 2393 1536 2446; x_wconf 85' lang='grc' dir='ltr'>Διονύσου</span> <span class='ocrx_word' id='word_1_263' title='bbox 1559 2407 1572 2420; x_wconf 92' lang='grc'><strong>·</strong></span> <span class='ocrx_word' id='word_1_264' title='bbox 1607 2391 1870 2462; x_wconf 74' lang='grc' dir='ltr'><strong>δεδήλωκε</strong></span> <span class='ocrx_word' id='word_1_265' title='bbox 1896 2390 1953 2442; x_wconf 85' lang='grc' dir='ltr'>δὲ</span> 
     </span>
    </p>
   </div>
   <div class='ocr_carea' id='block_1_33' title="bbox 387 2482 1954 2557">
    <p class='ocr_par' dir='ltr' id='par_1_33' title="bbox 387 2482 1954 2557">
     <span class='ocr_line' id='line_1_33' title="bbox 387 2482 1954 2557; baseline -0.007 -13"><span class='ocrx_word' id='word_1_266' title='bbox 387 2490 542 2544; x_wconf 84' lang='grc' dir='ltr'>τοῦτο</span> <span class='ocrx_word' id='word_1_267' title='bbox 562 2489 589 2540; x_wconf 98' lang='lat'><strong>6</strong></span> <span class='ocrx_word' id='word_1_268' title='bbox 614 2489 671 2541; x_wconf 81' lang='grc' dir='ltr'>ὲν</span> <span class='ocrx_word' id='word_1_269' title='bbox 699 2485 1026 2557; x_wconf 86' lang='grc' dir='ltr'>Βραγχίδαις</span> <span class='ocrx_word' id='word_1_270' title='bbox 1065 2483 1334 2538; x_wconf 81' lang='grc' dir='ltr'>Ἀπόλλων</span> <span class='ocrx_word' id='word_1_271' title='bbox 1363 2482 1438 2554; x_wconf 75' lang='lat'><strong>(3)</strong></span> <span class='ocrx_word' id='word_1_272' title='bbox 1465 2482 1553 2536; x_wconf 90' lang='grc' dir='ltr'><strong>διά</strong></span> <span class='ocrx_word' id='word_1_273' title='bbox 1575 2482 1799 2535; x_wconf 82' lang='grc' dir='ltr'>τούτων.</span> <span class='ocrx_word' id='word_1_274' title='bbox 1839 2483 1954 2534; x_wconf 81' lang='grc' dir='ltr'><strong>Ἐν-</strong></span> 
     </span>
    </p>
   </div>
   <div class='ocr_carea' id='block_1_34' title="bbox 386 2571 1952 2650">
    <p class='ocr_par' dir='ltr' id='par_1_34' title="bbox 386 2571 1952 2650">
     <span class='ocr_line' id='line_1_34' title="bbox 386 2571 1952 2650; baseline -0.007 -16"><span class='ocrx_word' id='word_1_275' title='bbox 386 2583 482 2634; x_wconf 84' lang='grc' dir='ltr'>νέα</span> <span class='ocrx_word' id='word_1_276' title='bbox 549 2578 656 2650; x_wconf 87' lang='grc' dir='ltr'>γὰρ</span> <span class='ocrx_word' id='word_1_277' title='bbox 725 2576 1025 2648; x_wconf 82' lang='grc' dir='ltr'>εὑρέθησαν</span> <span class='ocrx_word' id='word_1_278' title='bbox 1085 2575 1477 2637; x_wconf 82' lang='grc' dir='ltr'>ἀποθανόντες·</span> <span class='ocrx_word' id='word_1_279' title='bbox 1539 2571 1952 2642; x_wconf 80' lang='grc' dir='ltr'>πυνθανομένων</span> 
     </span>
    </p>
   </div>
   <div class='ocr_carea' id='block_1_35' title="bbox 385 2655 1950 2738">
    <p class='ocr_par' dir='ltr' id='par_1_35' title="bbox 385 2655 1950 2738">
     <span class='ocr_line' id='line_1_35' title="bbox 385 2655 1950 2738; baseline -0.005 -14"><span class='ocrx_word' id='word_1_280' title='bbox 385 2670 513 2738; x_wconf 84' lang='grc' dir='ltr'>γοῦν</span> <span class='ocrx_word' id='word_1_281' title='bbox 541 2669 648 2722; x_wconf 80' lang='grc' dir='ltr'>τῶν</span> <span class='ocrx_word' id='word_1_282' title='bbox 677 2668 768 2721; x_wconf 81' lang='grc' dir='ltr'><strong>τὸν</strong></span> <span class='ocrx_word' id='word_1_283' title='bbox 793 2667 960 2738; x_wconf 81' lang='grc' dir='ltr'>ἀγρὸν</span> <span class='ocrx_word' id='word_1_284' title='bbox 986 2666 1277 2721; x_wconf 78' lang='grc' dir='ltr'>οἰκούντων</span> <span class='ocrx_word' id='word_1_285' title='bbox 1301 2665 1398 2736; x_wconf 74' lang='grc' dir='ltr'>τὴν</span> <span class='ocrx_word' id='word_1_286' title='bbox 1421 2665 1620 2727; x_wconf 80' lang='grc' dir='ltr'>αἰτίαν,</span> <span class='ocrx_word' id='word_1_287' title='bbox 1658 2662 1890 2735; x_wconf 75' lang='grc' dir='ltr'>ἔχρησεν</span> <span class='ocrx_word' id='word_1_288' title='bbox 1920 2655 1950 2716; x_wconf 89' lang='lat'><strong>6</strong></span> 
     </span>
    </p>
   </div>
   <div class='ocr_carea' id='block_1_36' title="bbox 387 2762 526 2825">
    <p class='ocr_par' dir='ltr' id='par_1_36' title="bbox 387 2762 526 2825">
     <span class='ocr_line' id='line_1_36' title="bbox 387 2762 526 2825; baseline 0 -9"><span class='ocrx_word' id='word_1_289' title='bbox 387 2762 526 2825; x_wconf 81' lang='grc' dir='ltr'>θεός·</span> 
     </span>
    </p>
   </div>
   <div class='ocr_carea' id='block_1_37' title="bbox 383 2953 1948 3030">
    <p class='ocr_par' dir='ltr' id='par_1_37' title="bbox 383 2953 1948 3030">
     <span class='ocr_line' id='line_1_37' title="bbox 383 2953 1948 3030; baseline -0.006 -13"><span class='ocrx_word' id='word_1_290' title='bbox 383 2961 769 3030; x_wconf 80' lang='grc' dir='ltr'>Χρυσόκερως</span> <span class='ocrx_word' id='word_1_291' title='bbox 794 2959 1124 3028; x_wconf 76' lang='grc' dir='ltr'>βλοσυροῖο</span> <span class='ocrx_word' id='word_1_292' title='bbox 1157 2959 1444 3030; x_wconf 73' lang='grc' dir='ltr'>Διονύσου</span> <span class='ocrx_word' id='word_1_293' title='bbox 1480 2955 1774 3030; x_wconf 45' lang='grc' dir='ltr'>θεράπων.</span> <span class='ocrx_word' id='word_1_294' title='bbox 1789 2953 1948 3019; x_wconf 75' lang='grc' dir='ltr'><strong>Πὰν,</strong></span> 
     </span>
    </p>
   </div>
   <div class='ocr_carea' id='block_1_38' title="bbox 387 3023 1774 3097">
    <p class='ocr_par' dir='ltr' id='par_1_38' title="bbox 387 3023 1774 3097">
     <span class='ocr_line' id='line_1_38' title="bbox 387 3023 1774 3097; baseline -0.006 -11"><span class='ocrx_word' id='word_1_295' title='bbox 387 3023 620 3086; x_wconf 75' lang='grc' dir='ltr'>Βάίνων</span> <span class='ocrx_word' id='word_1_296' title='bbox 648 3023 915 3097; x_wconf 66' lang='grc' dir='ltr'>ὖλῆἐντα</span> <span class='ocrx_word' id='word_1_297' title='bbox 943 3023 1068 3083; x_wconf 80' lang='grc' dir='ltr'>κάτ’</span> <span class='ocrx_word' id='word_1_298' title='bbox 1111 3029 1310 3096; x_wconf 80' lang='grc' dir='ltr'>οὔρεα,</span> <span class='ocrx_word' id='word_1_299' title='bbox 1348 3027 1497 3095; x_wconf 78' lang='grc' dir='ltr'>χειρὶ</span> <span class='ocrx_word' id='word_1_300' title='bbox 1529 3023 1774 3097; x_wconf 72' lang='grc' dir='ltr'>κρατᾳιῇ</span> 
     </span>
    </p>
   </div>
   <div class='ocr_carea' id='block_1_39' title="bbox 397 3094 1949 3171">
    <p class='ocr_par' dir='ltr' id='par_1_39' title="bbox 397 3094 1949 3171">
     <span class='ocr_line' id='line_1_39' title="bbox 397 3094 1949 3171; baseline -0.005 -16"><span class='ocrx_word' id='word_1_301' title='bbox 397 3101 648 3155; x_wconf 74' lang='grc' dir='ltr'>Ῥάϐδον</span> <span class='ocrx_word' id='word_1_302' title='bbox 678 3094 838 3171; x_wconf 77' lang='grc' dir='ltr'>ἔχεν,</span> <span class='ocrx_word' id='word_1_303' title='bbox 872 3099 1040 3171; x_wconf 80' lang='grc' dir='ltr'>ἑτέρῃ</span> <span class='ocrx_word' id='word_1_304' title='bbox 1070 3098 1138 3171; x_wconf 74' lang='grc' dir='ltr'>δὲ</span> <span class='ocrx_word' id='word_1_305' title='bbox 1162 3094 1299 3166; x_wconf 73' lang='grc' dir='ltr'>λιγὺ</span> <span class='ocrx_word' id='word_1_306' title='bbox 1324 3094 1660 3171; x_wconf 49' lang='grc' dir='ltr'>πῂείουσςιγ</span> <span class='ocrx_word' id='word_1_307' title='bbox 1690 3094 1949 3171; x_wconf 56' lang='grc' dir='ltr'>ἔμαρπτε</span> 
     </span>
    </p>
   </div>
   <div class='ocr_carea' id='block_1_40' title="bbox 386 3164 1948 3240">
    <p class='ocr_par' dir='ltr' id='par_1_40' title="bbox 386 3164 1948 3240">
     <span class='ocr_line' id='line_1_40' title="bbox 386 3164 1948 3240; baseline -0.007 -14"><span class='ocrx_word' id='word_1_308' title='bbox 386 3173 641 3240; x_wconf 76' lang='grc' dir='ltr'>Σύριτγα</span> <span class='ocrx_word' id='word_1_309' title='bbox 678 3164 1317 3240; x_wconf 45' lang='grc' dir='ltr'>τίλαςρυρὴὶθςνύμφῄσι</span> <span class='ocrx_word' id='word_1_310' title='bbox 1353 3165 1430 3240; x_wconf 65' lang='grc' dir='ltr'><strong>δὲ·Δ</strong></span> <span class='ocrx_word' id='word_1_311' title='bbox 1460 3165 1650 3240; x_wconf 70' lang='grc' dir='ltr'>θυμὸν</span> <span class='ocrx_word' id='word_1_312' title='bbox 1682 3164 1948 3232; x_wconf 74' lang='grc' dir='ltr'>ἔθελγεν·</span> 
     </span>
    </p>
   </div>
   <div class='ocr_carea' id='block_1_41' title="bbox 399 3235 1728 3308">
    <p class='ocr_par' dir='ltr' id='par_1_41' title="bbox 399 3235 1728 3308">
     <span class='ocr_line' id='line_1_41' title="bbox 399 3235 1728 3308; baseline -0.006 -14"><span class='ocrx_word' id='word_1_313' title='bbox 399 3235 545 3305; x_wconf 73' lang='grc' dir='ltr'><strong>’0ξῦ</strong></span> <span class='ocrx_word' id='word_1_314' title='bbox 562 3235 631 3294; x_wconf 78' lang='grc' dir='ltr'>δὲ</span> <span class='ocrx_word' id='word_1_315' title='bbox 659 3235 914 3308; x_wconf 68' lang='grc' dir='ltr'>συρίξας</span> <span class='ocrx_word' id='word_1_316' title='bbox 933 3235 1137 3308; x_wconf 71' lang='grc' dir='ltr'>μέλος,</span> <span class='ocrx_word' id='word_1_317' title='bbox 1167 3235 1382 3308; x_wconf 75' lang='grc' dir='ltr'>ἀνέρας</span> <span class='ocrx_word' id='word_1_318' title='bbox 1400 3235 1728 3308; x_wconf 53' lang='grc' dir='ltr'>ἐπτοίησεν</span> 
     </span>
    </p>
   </div>
   <div class='ocr_carea' id='block_1_42' title="bbox 394 3302 1946 3380">
    <p class='ocr_par' dir='ltr' id='par_1_42' title="bbox 394 3302 1946 3380">
     <span class='ocr_line' id='line_1_42' title="bbox 394 3302 1946 3380; baseline -0.008 -16"><span class='ocrx_word' id='word_1_319' title='bbox 394 3302 755 3380; x_wconf 64' lang='grc' dir='ltr'>’Υλοτόμουζι</span> <span class='ocrx_word' id='word_1_320' title='bbox 782 3302 1029 3380; x_wconf 48' lang='lat' dir='ltr'><strong>adhuc,</strong></span> <span class='ocrx_word' id='word_1_321' title='bbox 1067 3302 1286 3380; x_wconf 75' lang='grc' dir='ltr'>θάμϐορ</span> <span class='ocrx_word' id='word_1_322' title='bbox 1314 3305 1532 3380; x_wconf 39' lang='grc' dir='ltr'><strong>(ξ’-ἔχεν</strong></span> <span class='ocrx_word' id='word_1_323' title='bbox 1557 3302 1946 3380; x_wconf 65' lang='grc' dir='ltr'>εἰσορίξωντας</span> 
     </span>
    </p>
   </div>
   <div class='ocr_carea' id='block_1_43' title="bbox 385 3371 1946 3447">
    <p class='ocr_par' dir='ltr' id='par_1_43' title="bbox 385 3371 1946 3447">
     <span class='ocr_line' id='line_1_43' title="bbox 385 3371 1946 3447; baseline -0.006 -13"><span class='ocrx_word' id='word_1_324' title='bbox 385 3371 672 3447; x_wconf 66' lang='grc' dir='ltr'>Δαίμονος</span> <span class='ocrx_word' id='word_1_325' title='bbox 696 3371 1024 3447; x_wconf 69' lang='grc' dir='ltr'>ὀρνυμένοὺ</span> <span class='ocrx_word' id='word_1_326' title='bbox 1050 3371 1302 3447; x_wconf 61' lang='grc' dir='ltr'>κρὺερρέν</span> <span class='ocrx_word' id='word_1_327' title='bbox 1325 3371 1505 3443; x_wconf 77' lang='grc' dir='ltr'>δέμας</span> <span class='ocrx_word' id='word_1_328' title='bbox 1534 3371 1946 3447; x_wconf 66' lang='grc' dir='ltr'>οἱστρήεγτος.</span> 
     </span>
    </p>
   </div>
   <div class='ocr_carea' id='block_1_44' title="bbox 387 3440 1945 3516">
    <p class='ocr_par' dir='ltr' id='par_1_44' title="bbox 387 3440 1945 3516">
     <span class='ocr_line' id='line_1_44' title="bbox 387 3440 1945 3516; baseline -0.006 -14"><span class='ocrx_word' id='word_1_329' title='bbox 387 3440 502 3506; x_wconf 69' lang='lat' dir='ltr'><strong>Kal</strong></span> <span class='ocrx_word' id='word_1_330' title='bbox 520 3451 594 3503; x_wconf 74' lang='grc' dir='ltr'>νύ</span> <span class='ocrx_word' id='word_1_331' title='bbox 620 3440 687 3503; x_wconf 66' lang='grc' dir='ltr'><strong>θέε</strong></span> <span class='ocrx_word' id='word_1_332' title='bbox 706 3440 926 3513; x_wconf 62' lang='grc' dir='ltr'>πάντας</span> <span class='ocrx_word' id='word_1_333' title='bbox 945 3440 1172 3516; x_wconf 73' lang='grc' dir='ltr'>ἐμαρψε</span> <span class='ocrx_word' id='word_1_334' title='bbox 1190 3440 1364 3510; x_wconf 73' lang='grc' dir='ltr'>τέλος</span> <span class='ocrx_word' id='word_1_335' title='bbox 1378 3440 1629 3516; x_wconf 64' lang='grc' dir='ltr'>κρυεροῦ</span> <span class='ocrx_word' id='word_1_336' title='bbox 1650 3440 1945 3506; x_wconf 83' lang='grc' dir='ltr'>θανάτοιο,</span> 
     </span>
    </p>
   </div>
   <div class='ocr_carea' id='block_1_45' title="bbox 381 3513 1783 3587">
    <p class='ocr_par' dir='ltr' id='par_1_45' title="bbox 381 3513 1783 3587">
     <span class='ocr_line' id='line_1_45' title="bbox 381 3513 1783 3587; baseline -0.005 -17"><span class='ocrx_word' id='word_1_337' title='bbox 381 3521 450 3571; x_wconf 81' lang='lat' dir='ltr'><strong>El</strong></span> <span class='ocrx_word' id='word_1_338' title='bbox 476 3524 558 3587; x_wconf 77' lang='grc' dir='ltr'><strong>μή</strong></span> <span class='ocrx_word' id='word_1_339' title='bbox 588 3523 639 3572; x_wconf 76' lang='grc' dir='ltr'>οἱ</span> <span class='ocrx_word' id='word_1_340' title='bbox 673 3520 848 3571; x_wconf 73' lang='grc' dir='ltr'>κότον</span> <span class='ocrx_word' id='word_1_341' title='bbox 875 3513 1158 3571; x_wconf 25' lang='grc' dir='ltr'><strong>αὶνῦνίέγὶ</strong></span> <span class='ocrx_word' id='word_1_342' title='bbox 1193 3515 1529 3587; x_wconf 66' lang='grc' dir='ltr'>στήθεσσιν·</span> <span class='ocrx_word' id='word_1_343' title='bbox 1553 3513 1783 3587; x_wconf 63' lang='grc' dir='ltr'>ἔχουσα</span> 
     </span>
    </p>
   </div>
   <div class='ocr_carea' id='block_1_46' title="bbox 390 3581 1802 3658">
    <p class='ocr_par' dir='ltr' id='par_1_46' title="bbox 390 3581 1802 3658">
     <span class='ocr_line' id='line_1_46' title="bbox 390 3581 1802 3658; baseline -0.006 -16"><span class='ocrx_word' id='word_1_344' title='bbox 390 3581 647 3657; x_wconf 74' lang='grc' dir='ltr'>Ἄρτεμις</span> <span class='ocrx_word' id='word_1_345' title='bbox 677 3587 960 3658; x_wconf 75' lang='grc' dir='ltr'>ἀγροτέρη</span> <span class='ocrx_word' id='word_1_346' title='bbox 982 3587 1219 3639; x_wconf 77' lang='grc' dir='ltr'>παῦσεν</span> <span class='ocrx_word' id='word_1_347' title='bbox 1239 3581 1454 3653; x_wconf 76' lang='grc' dir='ltr'>μένεος</span> <span class='ocrx_word' id='word_1_348' title='bbox 1482 3581 1802 3650; x_wconf 79' lang='grc' dir='ltr'>κρατεροῖο·</span> 
     </span>
    </p>
   </div>
   <div class='ocr_carea' id='block_1_47' title="bbox 391 3720 1939 3791">
    <p class='ocr_par' dir='ltr' id='par_1_47' title="bbox 391 3720 1939 3791">
     <span class='ocr_line' id='line_1_47' title="bbox 391 3720 1939 3791; baseline -0.003 -15"><span class='ocrx_word' id='word_1_349' title='bbox 391 3724 503 3776; x_wconf 72' lang='lat' dir='ltr'><strong>“llr</strong></span> <span class='ocrx_word' id='word_1_350' title='bbox 517 3723 611 3777; x_wconf 77' lang='grc' dir='ltr'>καὶ</span> <span class='ocrx_word' id='word_1_351' title='bbox 636 3722 750 3791; x_wconf 77' lang='grc' dir='ltr'><strong>χρὴ</strong></span> <span class='ocrx_word' id='word_1_352' title='bbox 775 3723 1073 3787; x_wconf 71' lang='grc' dir='ltr'>λίσσεσθ’,</span> <span class='ocrx_word' id='word_1_353' title='bbox 1087 3723 1187 3775; x_wconf 78' lang='grc' dir='ltr'><strong>ἵνα</strong></span> <span class='ocrx_word' id='word_1_354' title='bbox 1207 3734 1303 3775; x_wconf 90' lang='grc' dir='ltr'><strong>σοι</strong></span> <span class='ocrx_word' id='word_1_355' title='bbox 1326 3720 1898 3790; x_wconf 75' lang='grc' dir='ltr'>γίγνοιτ’ἐπαρωγός.</span> <span class='ocrx_word' id='word_1_356' title='bbox 1919 3739 1939 3771; x_wconf 71' lang='grc' dir='ltr'><strong>ι</strong></span> 
     </span>
    </p>
   </div>
   <div class='ocr_carea' id='block_1_48' title="bbox 397 3826 1942 3906">
    <p class='ocr_par' dir='ltr' id='par_1_48' title="bbox 397 3826 1942 3906">
     <span class='ocr_line' id='line_1_48' title="bbox 397 3826 1942 3906; baseline 0.001 -18"><span class='ocrx_word' id='word_1_357' title='bbox 397 3836 661 3906; x_wconf 81' lang='grc' dir='ltr'>’Δκήκοας</span> <span class='ocrx_word' id='word_1_358' title='bbox 689 3829 775 3886; x_wconf 70' lang='grc' dir='ltr'>οἷα</span> <span class='ocrx_word' id='word_1_359' title='bbox 797 3834 890 3887; x_wconf 86' lang='grc' dir='ltr'><strong>τοῦ</strong></span> <span class='ocrx_word' id='word_1_360' title='bbox 913 3834 1183 3904; x_wconf 85' lang='grc' dir='ltr'>δαίμονος,</span> <span class='ocrx_word' id='word_1_361' title='bbox 1217 3826 1279 3889; x_wconf 72' lang='grc' dir='ltr'>οὖ</span> <span class='ocrx_word' id='word_1_362' title='bbox 1323 3851 1484 3904; x_wconf 83' lang='grc' dir='ltr'>φησιν</span> <span class='ocrx_word' id='word_1_363' title='bbox 1517 3833 1743 3902; x_wconf 82' lang='grc' dir='ltr'>ἀγαθοῦ,</span> <span class='ocrx_word' id='word_1_364' title='bbox 1791 3836 1851 3888; x_wconf 83' lang='grc' dir='ltr'>τό</span> <span class='ocrx_word' id='word_1_365' title='bbox 1882 3854 1942 3889; x_wconf 81' lang='grc' dir='ltr'><strong>τε</strong></span> 
     </span>
    </p>
   </div>
   <div class='ocr_carea' id='block_1_49' title="bbox 387 3925 1945 3997">
    <p class='ocr_par' dir='ltr' id='par_1_49' title="bbox 387 3925 1945 3997">
     <span class='ocr_line' id='line_1_49' title="bbox 387 3925 1945 3997; baseline 0.001 -17"><span class='ocrx_word' id='word_1_366' title='bbox 387 3927 573 3997; x_wconf 81' lang='grc' dir='ltr'>σχῆμα</span> <span class='ocrx_word' id='word_1_367' title='bbox 618 3926 711 3979; x_wconf 73' lang='grc' dir='ltr'><strong>καὶ</strong></span> <span class='ocrx_word' id='word_1_368' title='bbox 759 3925 856 3988; x_wconf 79' lang='grc' dir='ltr'>τὰς</span> <span class='ocrx_word' id='word_1_369' title='bbox 890 3925 1114 3996; x_wconf 80' lang='grc' dir='ltr'>πράξεις</span> <span class='ocrx_word' id='word_1_370' title='bbox 1163 3927 1192 3978; x_wconf 92' lang='lat'><strong>6</strong></span> <span class='ocrx_word' id='word_1_371' title='bbox 1235 3928 1294 3978; x_wconf 75' lang='grc' dir='ltr'>ἐν</span> <span class='ocrx_word' id='word_1_372' title='bbox 1342 3925 1664 3996; x_wconf 81' lang='grc' dir='ltr'>Βραγχίδαις</span> <span class='ocrx_word' id='word_1_373' title='bbox 1713 3927 1945 3992; x_wconf 75' lang='grc' dir='ltr'>ἐδίδαξεν</span> 
     </span>
    </p>
   </div>
   <div class='ocr_carea' id='block_1_50' title="bbox 396 4013 1946 4085">
    <p class='ocr_par' dir='ltr' id='par_1_50' title="bbox 396 4013 1946 4085">
     <span class='ocr_line' id='line_1_50' title="bbox 396 4013 1946 4085; baseline 0.003 -17"><span class='ocrx_word' id='word_1_374' title='bbox 396 4015 666 4068; x_wconf 81' lang='grc' dir='ltr'>Ἀπόλλων</span> <span class='ocrx_word' id='word_1_375' title='bbox 691 4032 705 4080; x_wconf 90' lang='grc'><strong>;</strong></span> <span class='ocrx_word' id='word_1_376' title='bbox 739 4013 848 4067; x_wconf 81' lang='grc' dir='ltr'>Θέα</span> <span class='ocrx_word' id='word_1_377' title='bbox 872 4013 935 4085; x_wconf 81' lang='grc' dir='ltr'>δὴ</span> <span class='ocrx_word' id='word_1_378' title='bbox 964 4016 1057 4067; x_wconf 67' lang='grc' dir='ltr'><strong>καλ⁵</strong></span> <span class='ocrx_word' id='word_1_379' title='bbox 1095 4013 1202 4068; x_wconf 84' lang='grc' dir='ltr'><strong>τῶν</strong></span> <span class='ocrx_word' id='word_1_380' title='bbox 1230 4015 1428 4069; x_wconf 81' lang='grc' dir='ltr'>λοιπῶν</span> <span class='ocrx_word' id='word_1_381' title='bbox 1461 4015 1530 4068; x_wconf 78' lang='grc' dir='ltr'>τὰ</span> <span class='ocrx_word' id='word_1_382' title='bbox 1561 4020 1781 4083; x_wconf 88' lang='grc' dir='ltr'>γενναῖα</span> <span class='ocrx_word' id='word_1_383' title='bbox 1813 4035 1946 4072; x_wconf 86' lang='grc' dir='ltr'>κατ-</span> 
     </span>
    </p>
   </div>
   <div class='ocr_carea' id='block_1_51' title="bbox 383 4099 1947 4179">
    <p class='ocr_par' dir='ltr' id='par_1_51' title="bbox 383 4099 1947 4179">
     <span class='ocr_line' id='line_1_51' title="bbox 383 4099 1947 4179; baseline 0.001 -19"><span class='ocrx_word' id='word_1_384' title='bbox 383 4106 696 4179; x_wconf 83' lang='grc' dir='ltr'>ορθώματα,</span> <span class='ocrx_word' id='word_1_385' title='bbox 730 4099 804 4158; x_wconf 81' lang='grc' dir='ltr'>ὧν</span> <span class='ocrx_word' id='word_1_386' title='bbox 844 4104 907 4176; x_wconf 82' lang='grc' dir='ltr'>δὴ</span> <span class='ocrx_word' id='word_1_387' title='bbox 953 4105 1118 4157; x_wconf 75' lang='grc' dir='ltr'>ἕνεκα</span> <span class='ocrx_word' id='word_1_388' title='bbox 1144 4106 1240 4176; x_wconf 82' lang='grc' dir='ltr'>τὴν</span> <span class='ocrx_word' id='word_1_389' title='bbox 1263 4107 1507 4179; x_wconf 73' lang='grc' dir='ltr'>οὐράνιον</span> <span class='ocrx_word' id='word_1_390' title='bbox 1535 4108 1947 4172; x_wconf 86' lang='grc' dir='ltr'>ἀπολελοιπότες</span> 
     </span>
    </p>
   </div>
   <div class='ocr_carea' id='block_1_52' title="bbox 383 4195 1941 4270">
    <p class='ocr_par' dir='ltr' id='par_1_52' title="bbox 383 4195 1941 4270">
     <span class='ocr_line' id='line_1_52' title="bbox 383 4195 1941 4270; baseline 0.001 -18"><span class='ocrx_word' id='word_1_391' title='bbox 383 4198 682 4270; x_wconf 77' lang='grc' dir='ltr'>διατριϐὴν,</span> <span class='ocrx_word' id='word_1_392' title='bbox 732 4197 827 4265; x_wconf 81' lang='grc' dir='ltr'>τὴν</span> <span class='ocrx_word' id='word_1_393' title='bbox 889 4199 984 4250; x_wconf 82' lang='grc' dir='ltr'><strong>σὺν</strong></span> <span class='ocrx_word' id='word_1_394' title='bbox 1039 4195 1342 4267; x_wconf 84' lang='grc' dir='ltr'>ἀνθρώποις</span> <span class='ocrx_word' id='word_1_395' title='bbox 1399 4198 1941 4270; x_wconf 80' lang='grc' dir='ltr'>ἀντικατηλλάξαντο.</span> 
     </span>
    </p>
   </div>
   <div class='ocr_carea' id='block_1_53' title="bbox 385 4286 1942 4360">
    <p class='ocr_par' dir='ltr' id='par_1_53' title="bbox 385 4286 1942 4360">
     <span class='ocr_line' id='line_1_53' title="bbox 385 4286 1942 4360; baseline -0.001 -16"><span class='ocrx_word' id='word_1_396' title='bbox 385 4290 606 4353; x_wconf 86' lang='grc' dir='ltr'>Πάντως</span> <span class='ocrx_word' id='word_1_397' title='bbox 633 4290 804 4359; x_wconf 83' lang='grc' dir='ltr'>δήπου</span> <span class='ocrx_word' id='word_1_398' title='bbox 836 4288 974 4358; x_wconf 80' lang='grc' dir='ltr'>χρῆν</span> <span class='ocrx_word' id='word_1_399' title='bbox 1011 4288 1206 4350; x_wconf 76' lang='grc' dir='ltr'>αὐτοὺς</span> <span class='ocrx_word' id='word_1_400' title='bbox 1244 4286 1596 4359; x_wconf 78' lang='grc' dir='ltr'>σωφροσύνης</span> <span class='ocrx_word' id='word_1_401' title='bbox 1627 4290 1942 4360; x_wconf 85' lang='grc' dir='ltr'>κατάρχειν,</span> 
     </span>
    </p>
   </div>
   <div class='ocr_carea' id='block_1_54' title="bbox 383 4373 1944 4451">
    <p class='ocr_par' dir='ltr' id='par_1_54' title="bbox 383 4373 1944 4451">
     <span class='ocr_line' id='line_1_54' title="bbox 383 4373 1944 4451; baseline -0.002 -16"><span class='ocrx_word' id='word_1_402' title='bbox 383 4382 479 4436; x_wconf 73' lang='grc' dir='ltr'><strong>καὶ</strong></span> <span class='ocrx_word' id='word_1_403' title='bbox 505 4381 574 4434; x_wconf 88' lang='grc' dir='ltr'><strong>τά</strong></span> <span class='ocrx_word' id='word_1_404' title='bbox 600 4373 848 4450; x_wconf 85' lang='grc' dir='ltr'>λυσιτελῆ</span> <span class='ocrx_word' id='word_1_405' title='bbox 883 4380 978 4433; x_wconf 76' lang='grc' dir='ltr'><strong>καὶ</strong></span> <span class='ocrx_word' id='word_1_406' title='bbox 1003 4379 1251 4449; x_wconf 80' lang='grc' dir='ltr'>ὠφέλιμα</span> <span class='ocrx_word' id='word_1_407' title='bbox 1277 4381 1391 4442; x_wconf 87' lang='grc' dir='ltr'>τοῖς</span> <span class='ocrx_word' id='word_1_408' title='bbox 1425 4379 1730 4451; x_wconf 84' lang='grc' dir='ltr'>ἀνθρώποις</span> <span class='ocrx_word' id='word_1_409' title='bbox 1762 4381 1944 4433; x_wconf 84' lang='grc' dir='ltr'>ὑποτί-</span> 
     </span>
    </p>
   </div>
   <div class='ocr_carea' id='block_1_55' title="bbox 384 4466 1943 4541">
    <p class='ocr_par' dir='ltr' id='par_1_55' title="bbox 384 4466 1943 4541">
     <span class='ocr_line' id='line_1_55' title="bbox 384 4466 1943 4541; baseline -0.001 -14"><span class='ocrx_word' id='word_1_410' title='bbox 384 4472 593 4527; x_wconf 82' lang='grc' dir='ltr'>θεσθαι.</span> <span class='ocrx_word' id='word_1_411' title='bbox 625 4473 686 4524; x_wconf 82' lang='grc' dir='ltr'><strong>Οἱ</strong></span> <span class='ocrx_word' id='word_1_412' title='bbox 709 4471 765 4523; x_wconf 81' lang='grc' dir='ltr'><strong>δὲ</strong></span> <span class='ocrx_word' id='word_1_413' title='bbox 792 4470 994 4523; x_wconf 83' lang='grc' dir='ltr'>τούτων</span> <span class='ocrx_word' id='word_1_414' title='bbox 1026 4471 1123 4540; x_wconf 80' lang='grc' dir='ltr'><strong>μὲν</strong></span> <span class='ocrx_word' id='word_1_415' title='bbox 1143 4470 1316 4523; x_wconf 75' lang='grc' dir='ltr'>οὐδέν·</span> <span class='ocrx_word' id='word_1_416' title='bbox 1339 4470 1502 4524; x_wconf 82' lang='grc' dir='ltr'>ἄκουε</span> <span class='ocrx_word' id='word_1_417' title='bbox 1523 4471 1566 4523; x_wconf 76' lang='grc' dir='ltr'>δ’</span> <span class='ocrx_word' id='word_1_418' title='bbox 1587 4466 1675 4525; x_wconf 76' lang='grc' dir='ltr'>οἷα</span> <span class='ocrx_word' id='word_1_419' title='bbox 1699 4473 1943 4541; x_wconf 77' lang='grc' dir='ltr'>ἐκφαίνει</span> 
     </span>
    </p>
   </div>
   <div class='ocr_carea' id='block_1_56' title="bbox 383 4559 1943 4633">
    <p class='ocr_par' dir='ltr' id='par_1_56' title="bbox 383 4559 1943 4633">
     <span class='ocr_line' id='line_1_56' title="bbox 383 4559 1943 4633; baseline -0.001 -16"><span class='ocrx_word' id='word_1_420' title='bbox 383 4564 416 4618; x_wconf 89' lang='lat'><strong>6</strong></span> <span class='ocrx_word' id='word_1_421' title='bbox 444 4562 513 4614; x_wconf 88' lang='grc' dir='ltr'><strong>τά</strong></span> <span class='ocrx_word' id='word_1_422' title='bbox 538 4562 877 4633; x_wconf 77' lang='grc' dir='ltr'>ἀρρητότερα</span> <span class='ocrx_word' id='word_1_423' title='bbox 899 4559 1007 4612; x_wconf 83' lang='grc' dir='ltr'><strong>τῶν</strong></span> <span class='ocrx_word' id='word_1_424' title='bbox 1035 4561 1288 4630; x_wconf 70' lang='grc' dir='ltr'>ἀρρήτων</span> <span class='ocrx_word' id='word_1_425' title='bbox 1317 4559 1690 4631; x_wconf 87' lang='grc' dir='ltr'>διηρευνηκὼς</span> <span class='ocrx_word' id='word_1_426' title='bbox 1709 4562 1805 4614; x_wconf 73' lang='grc' dir='ltr'><strong>καὶ</strong></span> <span class='ocrx_word' id='word_1_427' title='bbox 1836 4562 1943 4616; x_wconf 81' lang='grc' dir='ltr'><strong>τῶν</strong></span> 
     </span>
    </p>
   </div>
   <div class='ocr_carea' id='block_1_57' title="bbox 2520 2009 3081 2080">
    <p class='ocr_par' dir='ltr' id='par_1_57' title="bbox 2520 2009 3081 2080">
     <span class='ocr_line' id='line_1_57' title="bbox 2520 2009 3081 2080; baseline 0 -14"><span class='ocrx_word' id='word_1_428' title='bbox 2520 2009 2679 2080; x_wconf 81' lang='lat'><strong>190</strong></span> <span class='ocrx_word' id='word_1_429' title='bbox 2719 2010 2944 2066; x_wconf 83' lang='lat' dir='ltr'><strong>CAPUT</strong></span> <span class='ocrx_word' id='word_1_430' title='bbox 2992 2011 3081 2066; x_wconf 79' lang='lat' dir='ltr'><strong>vr.</strong></span> 
     </span>
    </p>
   </div>
   <div class='ocr_carea' id='block_1_58' title="bbox 2059 2121 3617 2194">
    <p class='ocr_par' dir='ltr' id='par_1_58' title="bbox 2059 2121 3617 2194">
     <span class='ocr_line' id='line_1_58' title="bbox 2059 2121 3617 2194; baseline 0.003 -18"><span class='ocrx_word' id='word_1_431' title='bbox 2059 2121 2282 2176; x_wconf 80' lang='lat' dir='ltr'><strong>Mortem</strong></span> <span class='ocrx_word' id='word_1_432' title='bbox 2323 2121 2445 2178; x_wconf 87' lang='lat' dir='ltr'><strong>illos</strong></span> <span class='ocrx_word' id='word_1_433' title='bbox 2477 2123 2614 2191; x_wconf 85' lang='lat' dir='ltr'><strong>ipsos</strong></span> <span class='ocrx_word' id='word_1_434' title='bbox 2649 2124 2984 2187; x_wconf 78' lang='lat' dir='ltr'><strong>consciscere,</strong></span> <span class='ocrx_word' id='word_1_435' title='bbox 3023 2125 3113 2194; x_wconf 85' lang='lat' dir='ltr'><strong>qui</strong></span> <span class='ocrx_word' id='word_1_436' title='bbox 3162 2125 3282 2178; x_wconf 90' lang='lat' dir='ltr'><strong>boni</strong></span> <span class='ocrx_word' id='word_1_437' title='bbox 3322 2125 3386 2178; x_wconf 91' lang='lat' dir='ltr'><strong>ab</strong></span> <span class='ocrx_word' id='word_1_438' title='bbox 3417 2127 3482 2180; x_wconf 84' lang='lat' dir='ltr'><strong>iis</strong></span> <span class='ocrx_word' id='word_1_439' title='bbox 3506 2127 3617 2180; x_wconf 72' lang='lat' dir='ltr'><strong>da:-</strong></span> 
     </span>
    </p>
   </div>
   <div class='ocr_carea' id='block_1_59' title="bbox 2561 2194 3106 2262">
    <p class='ocr_par' dir='ltr' id='par_1_59' title="bbox 2561 2194 3106 2262">
     <span class='ocr_line' id='line_1_59' title="bbox 2561 2194 3106 2262; baseline 0.006 -18"><span class='ocrx_word' id='word_1_440' title='bbox 2561 2208 2736 2246; x_wconf 86' lang='lat' dir='ltr'><strong>mones</strong></span> <span class='ocrx_word' id='word_1_441' title='bbox 2781 2194 3106 2262; x_wconf 83' lang='lat' dir='ltr'><strong>appellentur</strong></span> 
     </span>
    </p>
   </div>
   <div class='ocr_carea' id='block_1_60' title="bbox 2132 2304 3612 2376">
    <p class='ocr_par' dir='ltr' id='par_1_60' title="bbox 2132 2304 3612 2376">
     <span class='ocr_line' id='line_1_60' title="bbox 2132 2304 3612 2376; baseline 0.008 -22"><span class='ocrx_word' id='word_1_442' title='bbox 2132 2323 2150 2354; x_wconf 78' lang='grc' dir='ltr'><strong>ι</strong></span> <span class='ocrx_word' id='word_1_443' title='bbox 2189 2304 2366 2374; x_wconf 88' lang='lat' dir='ltr'><strong>Atque</strong></span> <span class='ocrx_word' id='word_1_444' title='bbox 2405 2305 2506 2375; x_wconf 90' lang='lat' dir='ltr'><strong>ipsi</strong></span> <span class='ocrx_word' id='word_1_445' title='bbox 2557 2305 2801 2375; x_wconf 91' lang='lat' dir='ltr'><strong>quidem,</strong></span> <span class='ocrx_word' id='word_1_446' title='bbox 2849 2307 3022 2376; x_wconf 91' lang='lat' dir='ltr'><strong>inquit</strong></span> <span class='ocrx_word' id='word_1_447' title='bbox 3064 2307 3174 2372; x_wconf 88' lang='lat' dir='ltr'><strong>ille,</strong></span> <span class='ocrx_word' id='word_1_448' title='bbox 3208 2309 3312 2365; x_wconf 82' lang='lat' dir='ltr'><strong>alio</strong></span> <span class='ocrx_word' id='word_1_449' title='bbox 3346 2325 3526 2366; x_wconf 90' lang='lat' dir='ltr'><strong>rerum</strong></span> <span class='ocrx_word' id='word_1_450' title='bbox 3559 2313 3612 2367; x_wconf 90' lang='lat' dir='ltr'><strong>in</strong></span> 
     </span>
    </p>
   </div>
   <div class='ocr_carea' id='block_1_61' title="bbox 2055 2395 3614 2465">
    <p class='ocr_par' dir='ltr' id='par_1_61' title="bbox 2055 2395 3614 2465">
     <span class='ocr_line' id='line_1_61' title="bbox 2055 2395 3614 2465; baseline 0.005 -17"><span class='ocrx_word' id='word_1_451' title='bbox 2055 2408 2250 2464; x_wconf 88' lang='lat' dir='ltr'><strong>genere</strong></span> <span class='ocrx_word' id='word_1_452' title='bbox 2290 2395 2676 2450; x_wconf 90' lang='lat' dir='ltr'><strong>nonnullorum</strong></span> <span class='ocrx_word' id='word_1_453' title='bbox 2723 2396 2913 2451; x_wconf 89' lang='lat' dir='ltr'><strong>famuli</strong></span> <span class='ocrx_word' id='word_1_454' title='bbox 2948 2400 3226 2454; x_wconf 85' lang='lat' dir='ltr'><strong>constituti</strong></span> <span class='ocrx_word' id='word_1_455' title='bbox 3265 2410 3412 2465; x_wconf 86' lang='lat' dir='ltr'><strong>sunt,</strong></span> <span class='ocrx_word' id='word_1_456' title='bbox 3451 2403 3614 2458; x_wconf 90' lang='lat' dir='ltr'><strong>veluti</strong></span> 
     </span>
    </p>
   </div>
   <div class='ocr_carea' id='block_1_62' title="bbox 2051 2484 3612 2557">
    <p class='ocr_par' dir='ltr' id='par_1_62' title="bbox 2051 2484 3612 2557">
     <span class='ocr_line' id='line_1_62' title="bbox 2051 2484 3612 2557; baseline 0.006 -19"><span class='ocrx_word' id='word_1_457' title='bbox 2051 2484 2189 2552; x_wconf 90' lang='lat' dir='ltr'><strong>Pan,</strong></span> <span class='ocrx_word' id='word_1_458' title='bbox 2235 2501 2398 2557; x_wconf 88' lang='lat' dir='ltr'><strong>quem</strong></span> <span class='ocrx_word' id='word_1_459' title='bbox 2445 2486 2643 2542; x_wconf 89' lang='lat' dir='ltr'><strong>Bacchi</strong></span> <span class='ocrx_word' id='word_1_460' title='bbox 2682 2502 2899 2544; x_wconf 89' lang='lat' dir='ltr'><strong>servum</strong></span> <span class='ocrx_word' id='word_1_461' title='bbox 2946 2489 3117 2546; x_wconf 85' lang='lat' dir='ltr'><strong>fuisse</strong></span> <span class='ocrx_word' id='word_1_462' title='bbox 3157 2492 3241 2547; x_wconf 90' lang='lat' dir='ltr'><strong>his</strong></span> <span class='ocrx_word' id='word_1_463' title='bbox 3277 2494 3522 2550; x_wconf 84' lang='lat' dir='ltr'><strong>versibus</strong></span> <span class='ocrx_word' id='word_1_464' title='bbox 3557 2495 3612 2548; x_wconf 89' lang='lat' dir='ltr'><strong>in</strong></span> 
     </span>
    </p>
   </div>
   <div class='ocr_carea' id='block_1_63' title="bbox 2051 2575 3612 2649">
    <p class='ocr_par' dir='ltr' id='par_1_63' title="bbox 2051 2575 3612 2649">
     <span class='ocr_line' id='line_1_63' title="bbox 2051 2575 3612 2649; baseline 0.006 -20"><span class='ocrx_word' id='word_1_465' title='bbox 2051 2575 2377 2632; x_wconf 86' lang='lat' dir='ltr'><strong>Branchidis</strong></span> <span class='ocrx_word' id='word_1_466' title='bbox 2403 2577 2597 2649; x_wconf 83' lang='lat' dir='ltr'><strong>Apollo</strong></span> <span class='ocrx_word' id='word_1_467' title='bbox 2623 2581 2960 2648; x_wconf 87' lang='lat' dir='ltr'><strong>pronuntiat.</strong></span> <span class='ocrx_word' id='word_1_468' title='bbox 2999 2580 3134 2636; x_wconf 88' lang='lat' dir='ltr'><strong>Nam</strong></span> <span class='ocrx_word' id='word_1_469' title='bbox 3169 2599 3290 2638; x_wconf 91' lang='lat' dir='ltr'><strong>cum</strong></span> <span class='ocrx_word' id='word_1_470' title='bbox 3319 2600 3509 2640; x_wconf 90' lang='lat' dir='ltr'><strong>novem</strong></span> <span class='ocrx_word' id='word_1_471' title='bbox 3537 2589 3612 2640; x_wconf 90' lang='lat' dir='ltr'><strong>si-</strong></span> 
     </span>
    </p>
   </div>
   <div class='ocr_carea' id='block_1_64' title="bbox 2052 2668 3609 2743">
    <p class='ocr_par' dir='ltr' id='par_1_64' title="bbox 2052 2668 3609 2743">
     <span class='ocr_line' id='line_1_64' title="bbox 2052 2668 3609 2743; baseline 0.006 -22"><span class='ocrx_word' id='word_1_472' title='bbox 2052 2668 2167 2722; x_wconf 89' lang='lat' dir='ltr'><strong>mili</strong></span> <span class='ocrx_word' id='word_1_473' title='bbox 2211 2678 2390 2723; x_wconf 90' lang='lat' dir='ltr'><strong>morte</strong></span> <span class='ocrx_word' id='word_1_474' title='bbox 2429 2671 2676 2725; x_wconf 81' lang='lat' dir='ltr'><strong>sublatos</strong></span> <span class='ocrx_word' id='word_1_475' title='bbox 2718 2673 3070 2740; x_wconf 87' lang='lat' dir='ltr'><strong>reperissent,</strong></span> <span class='ocrx_word' id='word_1_476' title='bbox 3107 2675 3282 2743; x_wconf 90' lang='lat' dir='ltr'><strong>deque</strong></span> <span class='ocrx_word' id='word_1_477' title='bbox 3325 2676 3403 2730; x_wconf 91' lang='lat' dir='ltr'><strong>rei</strong></span> <span class='ocrx_word' id='word_1_478' title='bbox 3443 2692 3609 2732; x_wconf 83' lang='lat' dir='ltr'><strong>causa</strong></span> 
     </span>
    </p>
   </div>
   <div class='ocr_carea' id='block_1_65' title="bbox 2051 2758 3612 2832">
    <p class='ocr_par' dir='ltr' id='par_1_65' title="bbox 2051 2758 3612 2832">
     <span class='ocr_line' id='line_1_65' title="bbox 2051 2758 3612 2832; baseline 0.007 -20"><span class='ocrx_word' id='word_1_479' title='bbox 2051 2758 2293 2827; x_wconf 90' lang='lat' dir='ltr'><strong>ejusdem</strong></span> <span class='ocrx_word' id='word_1_480' title='bbox 2325 2760 2440 2828; x_wconf 88' lang='lat' dir='ltr'><strong>agri</strong></span> <span class='ocrx_word' id='word_1_481' title='bbox 2474 2761 2663 2814; x_wconf 87' lang='lat' dir='ltr'><strong>incolae</strong></span> <span class='ocrx_word' id='word_1_482' title='bbox 2695 2763 2973 2816; x_wconf 90' lang='lat' dir='ltr'><strong>oraculum</strong></span> <span class='ocrx_word' id='word_1_483' title='bbox 3001 2765 3426 2832; x_wconf 88' lang='lat' dir='ltr'><strong>consuluissent,</strong></span> <span class='ocrx_word' id='word_1_484' title='bbox 3468 2769 3612 2823; x_wconf 90' lang='lat' dir='ltr'><strong>hunc</strong></span> 
     </span>
    </p>
   </div>
   <div class='ocr_carea' id='block_1_66' title="bbox 2051 2848 2908 2922">
    <p class='ocr_par' dir='ltr' id='par_1_66' title="bbox 2051 2848 2908 2922">
     <span class='ocr_line' id='line_1_66' title="bbox 2051 2848 2908 2922; baseline 0.006 -20"><span class='ocrx_word' id='word_1_485' title='bbox 2051 2848 2105 2902; x_wconf 89' lang='lat' dir='ltr'><strong>in</strong></span> <span class='ocrx_word' id='word_1_486' title='bbox 2137 2851 2360 2904; x_wconf 89' lang='lat' dir='ltr'><strong>modum</strong></span> <span class='ocrx_word' id='word_1_487' title='bbox 2382 2849 2575 2919; x_wconf 78' lang='lat' dir='ltr'><strong>Apollo</strong></span> <span class='ocrx_word' id='word_1_488' title='bbox 2608 2853 2908 2922; x_wconf 88' lang='lat' dir='ltr'><strong>respondit,</strong></span> 
     </span>
    </p>
   </div>
   <div class='ocr_carea' id='block_1_67' title="bbox 2050 2958 3380 3033">
    <p class='ocr_par' dir='ltr' id='par_1_67' title="bbox 2050 2958 3380 3033">
     <span class='ocr_line' id='line_1_67' title="bbox 2050 2958 3380 3033; baseline 0.005 -21"><span class='ocrx_word' id='word_1_489' title='bbox 2050 2958 2168 3033; x_wconf 69' lang='lat' dir='ltr'><strong>Pan</strong></span> <span class='ocrx_word' id='word_1_490' title='bbox 2194 2961 2326 3013; x_wconf 81' lang='lat' dir='ltr'><strong>torvi</strong></span> <span class='ocrx_word' id='word_1_491' title='bbox 2350 2959 2547 3014; x_wconf 85' lang='lat' dir='ltr'><strong>Bacchi</strong></span> <span class='ocrx_word' id='word_1_492' title='bbox 2581 2962 2837 3033; x_wconf 79' lang='lat' dir='ltr'><strong>famulus,</strong></span> <span class='ocrx_word' id='word_1_493' title='bbox 2863 2963 2948 3016; x_wconf 82' lang='lat' dir='ltr'><strong>cui</strong></span> <span class='ocrx_word' id='word_1_494' title='bbox 2976 2979 3172 3017; x_wconf 84' lang='lat' dir='ltr'><strong>cornua</strong></span> <span class='ocrx_word' id='word_1_495' title='bbox 3207 2965 3380 3033; x_wconf 82' lang='lat' dir='ltr'><strong>fronte</strong></span> 
     </span>
    </p>
   </div>
   <div class='ocr_carea' id='block_1_68' title="bbox 2049 3031 3428 3098">
    <p class='ocr_par' dir='ltr' id='par_1_68' title="bbox 2049 3031 3428 3098">
     <span class='ocr_line' id='line_1_68' title="bbox 2049 3031 3428 3098; baseline 0.004 -16"><span class='ocrx_word' id='word_1_496' title='bbox 2049 3031 2227 3082; x_wconf 85' lang='lat' dir='ltr'><strong>Aurea</strong></span> <span class='ocrx_word' id='word_1_497' title='bbox 2251 3041 2593 3098; x_wconf 85' lang='lat' dir='ltr'><strong>consurgunt,</strong></span> <span class='ocrx_word' id='word_1_498' title='bbox 2617 3032 2792 3085; x_wconf 73' lang='lat' dir='ltr'><strong>derisis</strong></span> <span class='ocrx_word' id='word_1_499' title='bbox 2820 3033 2946 3085; x_wconf 84' lang='lat' dir='ltr'><strong>dum</strong></span> <span class='ocrx_word' id='word_1_500' title='bbox 2974 3031 3240 3088; x_wconf 75' lang='lat' dir='ltr'><strong>montibus</strong></span> <span class='ocrx_word' id='word_1_501' title='bbox 3263 3044 3428 3098; x_wconf 88' lang='lat' dir='ltr'><strong>errat,</strong></span> 
     </span>
    </p>
   </div>
   <div class='ocr_carea' id='block_1_69' title="bbox 2049 3098 3444 3172">
    <p class='ocr_par' dir='ltr' id='par_1_69' title="bbox 2049 3098 3444 3172">
     <span class='ocr_line' id='line_1_69' title="bbox 2049 3098 3444 3172; baseline 0.006 -22"><span class='ocrx_word' id='word_1_502' title='bbox 2049 3098 2119 3172; x_wconf 57' lang='lat' dir='ltr'><strong>Et</strong></span> <span class='ocrx_word' id='word_1_503' title='bbox 2145 3099 2344 3172; x_wconf 79' lang='lat' dir='ltr'><strong>virgam</strong></span> <span class='ocrx_word' id='word_1_504' title='bbox 2367 3099 2556 3172; x_wconf 49' lang='lat' dir='ltr'><strong>elegitra</strong></span> <span class='ocrx_word' id='word_1_505' title='bbox 2586 3103 2850 3172; x_wconf 78' lang='lat' dir='ltr'><strong>quatiens,</strong></span> <span class='ocrx_word' id='word_1_506' title='bbox 2881 3103 3198 3172; x_wconf 82' lang='lat' dir='ltr'><strong>blandosque</strong></span> <span class='ocrx_word' id='word_1_507' title='bbox 3225 3105 3444 3159; x_wconf 86' lang='lat' dir='ltr'><strong>sinistra</strong></span> 
     </span>
    </p>
   </div>
   <div class='ocr_carea' id='block_1_70' title="bbox 2046 3166 3507 3246">
    <p class='ocr_par' dir='ltr' id='par_1_70' title="bbox 2046 3166 3507 3246">
     <span class='ocr_line' id='line_1_70' title="bbox 2046 3166 3507 3246; baseline 0.008 -27"><span class='ocrx_word' id='word_1_508' title='bbox 2046 3166 2115 3246; x_wconf 52' lang='lat' dir='ltr'><strong>Et</strong></span> <span class='ocrx_word' id='word_1_509' title='bbox 2147 3166 2328 3246; x_wconf 77' lang='lat' dir='ltr'><strong>molles</strong></span> <span class='ocrx_word' id='word_1_510' title='bbox 2361 3170 2554 3246; x_wconf 73' lang='lat' dir='ltr'><strong>inﬂans</strong></span> <span class='ocrx_word' id='word_1_511' title='bbox 2581 3166 2834 3236; x_wconf 77' lang='lat' dir='ltr'><strong>calamos,</strong></span> <span class='ocrx_word' id='word_1_512' title='bbox 2867 3166 3507 3246; x_wconf 13' lang='lat' dir='ltr'><strong>nymphasque,rvirosque</strong></span> 
     </span>
    </p>
   </div>
   <div class='ocr_carea' id='block_1_71' title="bbox 2047 3235 3374 3307">
    <p class='ocr_par' dir='ltr' id='par_1_71' title="bbox 2047 3235 3374 3307">
     <span class='ocr_line' id='line_1_71' title="bbox 2047 3235 3374 3307; baseline 0.006 -16"><span class='ocrx_word' id='word_1_513' title='bbox 2047 3235 2321 3291; x_wconf 68' lang='lat' dir='ltr'><strong>deenda:</strong></span> <span class='ocrx_word' id='word_1_514' title='bbox 2347 3235 2505 3307; x_wconf 75' lang='lat' dir='ltr'><strong>sylva:</strong></span> <span class='ocrx_word' id='word_1_515' title='bbox 2529 3241 2752 3294; x_wconf 84' lang='lat' dir='ltr'><strong>intentos</strong></span> <span class='ocrx_word' id='word_1_516' title='bbox 2779 3235 3338 3299; x_wconf 44' lang='lat' dir='ltr'><strong>modula&#39;mine&#39;mulcet</strong></span> <span class='ocrx_word' id='word_1_517' title='bbox 3356 3261 3374 3298; x_wconf 92' lang='lat'><strong><em>:</em></strong></span> 
     </span>
    </p>
   </div>
   <div class='ocr_carea' id='block_1_72' title="bbox 1976 3307 3371 3402">
    <p class='ocr_par' dir='ltr' id='par_1_72' title="bbox 1976 3307 3371 3402">
     <span class='ocr_line' id='line_1_72' title="bbox 1976 3307 3371 3402; baseline 0.007 -45"><span class='ocrx_word' id='word_1_518' title='bbox 1976 3344 2018 3402; x_wconf 62' lang='grc' dir='ltr'>ϐ</span> <span class='ocrx_word' id='word_1_519' title='bbox 2052 3307 2484 3402; x_wconf 37' lang='grc' dir='ltr'>ᾕιιοηξιῇξιειειὶι</span> <span class='ocrx_word' id='word_1_520' title='bbox 2509 3325 2622 3362; x_wconf 82' lang='lat' dir='ltr'><strong>ecce</strong></span> <span class='ocrx_word' id='word_1_521' title='bbox 2646 3311 3154 3402; x_wconf 41' lang='lat' dir='ltr'><strong>animif‘imgrovida</strong></span> <span class='ocrx_word' id='word_1_522' title='bbox 3175 3315 3371 3402; x_wconf 55' lang='lat' dir='ltr'><strong>passim</strong></span> 
     </span>
    </p>
   </div>
   <div class='ocr_carea' id='block_1_73' title="bbox 2055 3376 3479 3447">
    <p class='ocr_par' dir='ltr' id='par_1_73' title="bbox 2055 3376 3479 3447">
     <span class='ocr_line' id='line_1_73' title="bbox 2055 3376 3479 3447; baseline 0.006 -20"><span class='ocrx_word' id='word_1_523' title='bbox 2055 3376 2358 3447; x_wconf 58' lang='lat' dir='ltr'><strong>Ijraacipitis</strong></span> <span class='ocrx_word' id='word_1_524' title='bbox 2394 3378 2507 3447; x_wconf 80' lang='lat' dir='ltr'><strong>fera</strong></span> <span class='ocrx_word' id='word_1_525' title='bbox 2536 3380 2767 3432; x_wconf 87' lang='lat' dir='ltr'><strong>membra</strong></span> <span class='ocrx_word' id='word_1_526' title='bbox 2803 3380 2898 3432; x_wconf 86' lang='lat' dir='ltr'><strong>Dei</strong></span> <span class='ocrx_word' id='word_1_527' title='bbox 2929 3376 3054 3432; x_wconf 77' lang='lat' dir='ltr'><strong>dum</strong></span> <span class='ocrx_word' id='word_1_528' title='bbox 3083 3376 3235 3436; x_wconf 88' lang='lat' dir='ltr'><strong>turba</strong></span> <span class='ocrx_word' id='word_1_529' title='bbox 3263 3385 3479 3437; x_wconf 80' lang='lat' dir='ltr'><strong>videret.</strong></span> 
     </span>
    </p>
   </div>
   <div class='ocr_carea' id='block_1_74' title="bbox 2053 3444 3483 3520">
    <p class='ocr_par' dir='ltr' id='par_1_74' title="bbox 2053 3444 3483 3520">
     <span class='ocr_line' id='line_1_74' title="bbox 2053 3444 3483 3520; baseline 0.007 -23"><span class='ocrx_word' id='word_1_530' title='bbox 2053 3444 2413 3520; x_wconf 61' lang='lat' dir='ltr'><strong>qontinuoque</strong></span> <span class='ocrx_word' id='word_1_531' title='bbox 2437 3464 2619 3520; x_wconf 73' lang='lat' dir='ltr'><strong>omnes</strong></span> <span class='ocrx_word' id='word_1_532' title='bbox 2647 3449 2817 3520; x_wconf 88' lang='lat' dir='ltr'><strong>simul</strong></span> <span class='ocrx_word' id='word_1_533' title='bbox 2839 3466 3025 3518; x_wconf 85' lang='lat' dir='ltr'><strong>aspera</strong></span> <span class='ocrx_word' id='word_1_534' title='bbox 3056 3451 3224 3504; x_wconf 85' lang='lat' dir='ltr'><strong>Parca</strong></span> <span class='ocrx_word' id='word_1_535' title='bbox 3256 3455 3483 3520; x_wconf 77' lang='lat' dir='ltr'><strong>tulisset,</strong></span> 
     </span>
    </p>
   </div>
   <div class='ocr_carea' id='block_1_75' title="bbox 2053 3513 3289 3586">
    <p class='ocr_par' dir='ltr' id='par_1_75' title="bbox 2053 3513 3289 3586">
     <span class='ocr_line' id='line_1_75' title="bbox 2053 3513 3289 3586; baseline 0.006 -20"><span class='ocrx_word' id='word_1_536' title='bbox 2053 3513 2131 3586; x_wconf 85' lang='lat' dir='ltr'><strong>1_Vi</strong></span> <span class='ocrx_word' id='word_1_537' title='bbox 2156 3513 2342 3586; x_wconf 69' lang='lat' dir='ltr'><strong>samum</strong></span> <span class='ocrx_word' id='word_1_538' title='bbox 2374 3519 2514 3569; x_wconf 87' lang='lat' dir='ltr'><strong>irato</strong></span> <span class='ocrx_word' id='word_1_539' title='bbox 2549 3517 2702 3571; x_wconf 88' lang='lat' dir='ltr'><strong>bilem</strong></span> <span class='ocrx_word' id='word_1_540' title='bbox 2734 3519 2828 3570; x_wconf 86' lang='lat' dir='ltr'><strong>sub</strong></span> <span class='ocrx_word' id='word_1_541' title='bbox 2849 3513 3054 3586; x_wconf 76' lang='lat' dir='ltr'><strong>pectore</strong></span> <span class='ocrx_word' id='word_1_542' title='bbox 3079 3538 3289 3574; x_wconf 84' lang='lat' dir='ltr'><strong>versans</strong></span> 
     </span>
    </p>
   </div>
   <div class='ocr_carea' id='block_1_76' title="bbox 2048 3583 3396 3659">
    <p class='ocr_par' dir='ltr' id='par_1_76' title="bbox 2048 3583 3396 3659">
     <span class='ocr_line' id='line_1_76' title="bbox 2048 3583 3396 3659; baseline 0.007 -23"><span class='ocrx_word' id='word_1_543' title='bbox 2048 3583 2377 3659; x_wconf 50' lang='lat' dir='ltr'><strong>iamdudum</strong></span> <span class='ocrx_word' id='word_1_544' title='bbox 2412 3589 2630 3656; x_wconf 84' lang='lat' dir='ltr'><strong>agrestis</strong></span> <span class='ocrx_word' id='word_1_545' title='bbox 2677 3583 2918 3656; x_wconf 84' lang='lat' dir='ltr'><strong>rapidum</strong></span> <span class='ocrx_word' id='word_1_546' title='bbox 2958 3590 3131 3643; x_wconf 84' lang='lat' dir='ltr'><strong>Diana</strong></span> <span class='ocrx_word' id='word_1_547' title='bbox 3165 3593 3396 3659; x_wconf 83' lang='lat' dir='ltr'><strong>furorem</strong></span> 
     </span>
    </p>
   </div>
   <div class='ocr_carea' id='block_1_77' title="bbox 2049 3653 3359 3727">
    <p class='ocr_par' dir='ltr' id='par_1_77' title="bbox 2049 3653 3359 3727">
     <span class='ocr_line' id='line_1_77' title="bbox 2049 3653 3359 3727; baseline 0.007 -21"><span class='ocrx_word' id='word_1_548' title='bbox 2049 3653 2288 3727; x_wconf 71' lang='lat' dir='ltr'><strong>§_ister_et.</strong></span> <span class='ocrx_word' id='word_1_549' title='bbox 2319 3653 2472 3727; x_wconf 79' lang='lat' dir='ltr'><strong>Hanc</strong></span> <span class='ocrx_word' id='word_1_550' title='bbox 2500 3659 2630 3711; x_wconf 83' lang='lat' dir='ltr'><strong>uotis</strong></span> <span class='ocrx_word' id='word_1_551' title='bbox 2657 3653 2819 3725; x_wconf 77' lang='lat' dir='ltr'><strong>igitur</strong></span> <span class='ocrx_word' id='word_1_552' title='bbox 2847 3660 3058 3725; x_wconf 85' lang='lat' dir='ltr'><strong>placare</strong></span> <span class='ocrx_word' id='word_1_553' title='bbox 3086 3653 3359 3727; x_wconf 72' lang='lat' dir='ltr'><strong>memento,</strong></span> 
     </span>
    </p>
   </div>
   <div class='ocr_carea' id='block_1_78' title="bbox 2054 3723 3529 3797">
    <p class='ocr_par' dir='ltr' id='par_1_78' title="bbox 2054 3723 3529 3797">
     <span class='ocr_line' id='line_1_78' title="bbox 2054 3723 3529 3797; baseline 0.005 -20"><span class='ocrx_word' id='word_1_554' title='bbox 2054 3723 2122 3777; x_wconf 90' lang='lat' dir='ltr'><strong>Ut</strong></span> <span class='ocrx_word' id='word_1_555' title='bbox 2153 3725 2305 3779; x_wconf 81' lang='lat' dir='ltr'><strong>rebus</strong></span> <span class='ocrx_word' id='word_1_556' title='bbox 2338 3725 2433 3779; x_wconf 89' lang='lat' dir='ltr'><strong>tibi</strong></span> <span class='ocrx_word' id='word_1_557' title='bbox 2465 3723 2772 3795; x_wconf 76' lang='lat' dir='ltr'><strong>prwsidium</strong></span> <span class='ocrx_word' id='word_1_558' title='bbox 2803 3723 2983 3797; x_wconf 65' lang='lat' dir='ltr'><strong>sponte</strong></span> <span class='ocrx_word' id='word_1_559' title='bbox 3012 3730 3176 3783; x_wconf 82' lang='lat' dir='ltr'><strong>addat</strong></span> <span class='ocrx_word' id='word_1_560' title='bbox 3205 3747 3258 3784; x_wconf 78' lang='lat' dir='ltr'><strong>in</strong></span> <span class='ocrx_word' id='word_1_561' title='bbox 3291 3723 3473 3787; x_wconf 76' lang='lat' dir='ltr'><strong>arctis.</strong></span> <span class='ocrx_word' id='word_1_562' title='bbox 3509 3752 3529 3784; x_wconf 76' lang='grc' dir='ltr'><strong>ι</strong></span> 
     </span>
    </p>
   </div>
   <div class='ocr_carea' id='block_1_79' title="bbox 2044 3834 3602 3914">
    <p class='ocr_par' dir='ltr' id='par_1_79' title="bbox 2044 3834 3602 3914">
     <span class='ocr_line' id='line_1_79' title="bbox 2044 3834 3602 3914; baseline 0.009 -25"><span class='ocrx_word' id='word_1_563' title='bbox 2044 3834 2278 3891; x_wconf 86' lang='lat' dir='ltr'><strong>Audiisti</strong></span> <span class='ocrx_word' id='word_1_564' title='bbox 2323 3837 2629 3907; x_wconf 90' lang='lat' dir='ltr'><strong>cujusmodi</strong></span> <span class='ocrx_word' id='word_1_565' title='bbox 2663 3839 2908 3909; x_wconf 88' lang='lat' dir='ltr'><strong>corporis</strong></span> <span class='ocrx_word' id='word_1_566' title='bbox 2955 3841 3227 3909; x_wconf 89' lang='lat' dir='ltr'><strong>habitum,</strong></span> <span class='ocrx_word' id='word_1_567' title='bbox 3266 3859 3468 3914; x_wconf 88' lang='lat' dir='ltr'><strong>quasve</strong></span> <span class='ocrx_word' id='word_1_568' title='bbox 3507 3864 3602 3903; x_wconf 89' lang='lat' dir='ltr'><strong>ac-</strong></span> 
     </span>
    </p>
   </div>
   <div class='ocr_carea' id='block_1_80' title="bbox 2047 3928 3603 4002">
    <p class='ocr_par' dir='ltr' id='par_1_80' title="bbox 2047 3928 3603 4002">
     <span class='ocr_line' id='line_1_80' title="bbox 2047 3928 3603 4002; baseline 0.008 -21"><span class='ocrx_word' id='word_1_569' title='bbox 2047 3929 2222 3983; x_wconf 88' lang='lat' dir='ltr'><strong>tiones</strong></span> <span class='ocrx_word' id='word_1_570' title='bbox 2248 3928 2412 3993; x_wconf 92' lang='lat' dir='ltr'><strong>bono,</strong></span> <span class='ocrx_word' id='word_1_571' title='bbox 2445 3929 2523 3983; x_wconf 90' lang='lat' dir='ltr'><strong>uti</strong></span> <span class='ocrx_word' id='word_1_572' title='bbox 2551 3939 2728 3997; x_wconf 87' lang='lat' dir='ltr'><strong>vocat,</strong></span> <span class='ocrx_word' id='word_1_573' title='bbox 2754 3931 2985 3986; x_wconf 70' lang='lat' dir='ltr'><strong>daemoni</strong></span> <span class='ocrx_word' id='word_1_574' title='bbox 3017 3933 3210 4002; x_wconf 86' lang='lat' dir='ltr'><strong>Apollo</strong></span> <span class='ocrx_word' id='word_1_575' title='bbox 3254 3936 3308 3988; x_wconf 92' lang='lat' dir='ltr'><strong>in</strong></span> <span class='ocrx_word' id='word_1_576' title='bbox 3340 3935 3603 3993; x_wconf 86' lang='lat' dir='ltr'><strong>Branchi-</strong></span> 
     </span>
    </p>
   </div>
   <div class='ocr_carea' id='block_1_81' title="bbox 2046 4017 3603 4096">
    <p class='ocr_par' dir='ltr' id='par_1_81' title="bbox 2046 4017 3603 4096">
     <span class='ocr_line' id='line_1_81' title="bbox 2046 4017 3603 4096; baseline 0.01 -26"><span class='ocrx_word' id='word_1_577' title='bbox 2046 4017 2130 4072; x_wconf 91' lang='lat' dir='ltr'><strong>dis</strong></span> <span class='ocrx_word' id='word_1_578' title='bbox 2152 4019 2447 4072; x_wconf 80' lang='lat' dir='ltr'><strong>attribuat?</strong></span> <span class='ocrx_word' id='word_1_579' title='bbox 2485 4017 2694 4075; x_wconf 87' lang='lat' dir='ltr'><strong>Videsis</strong></span> <span class='ocrx_word' id='word_1_580' title='bbox 2728 4034 2889 4089; x_wconf 88' lang='lat' dir='ltr'><strong>porro</strong></span> <span class='ocrx_word' id='word_1_581' title='bbox 2918 4036 3005 4076; x_wconf 90' lang='lat' dir='ltr'><strong>res</strong></span> <span class='ocrx_word' id='word_1_582' title='bbox 3033 4037 3064 4076; x_wconf 90' lang='lat' dir='ltr'><strong>a</strong></span> <span class='ocrx_word' id='word_1_583' title='bbox 3103 4023 3313 4078; x_wconf 82' lang='lat' dir='ltr'><strong>caeteris</strong></span> <span class='ocrx_word' id='word_1_584' title='bbox 3345 4027 3603 4096; x_wconf 62' lang='lat' dir='ltr'><strong>praelate</strong></span> 
     </span>
    </p>
   </div>
   <div class='ocr_carea' id='block_1_82' title="bbox 2046 4107 3605 4186">
    <p class='ocr_par' dir='ltr' id='par_1_82' title="bbox 2046 4107 3605 4186">
     <span class='ocr_line' id='line_1_82' title="bbox 2046 4107 3605 4186; baseline 0.01 -25"><span class='ocrx_word' id='word_1_585' title='bbox 2046 4123 2111 4161; x_wconf 93' lang='lat' dir='ltr'><strong>ac</strong></span> <span class='ocrx_word' id='word_1_586' title='bbox 2140 4107 2420 4178; x_wconf 85' lang='lat' dir='ltr'><strong>magniﬁce</strong></span> <span class='ocrx_word' id='word_1_587' title='bbox 2447 4119 2648 4178; x_wconf 84' lang='lat' dir='ltr'><strong>gestas,</strong></span> <span class='ocrx_word' id='word_1_588' title='bbox 2673 4124 2812 4178; x_wconf 90' lang='lat' dir='ltr'><strong>quas</strong></span> <span class='ocrx_word' id='word_1_589' title='bbox 2831 4110 2907 4164; x_wconf 88' lang='lat' dir='ltr'><strong>illi</strong></span> <span class='ocrx_word' id='word_1_590' title='bbox 2936 4112 3063 4166; x_wconf 92' lang='lat' dir='ltr'><strong>dum</strong></span> <span class='ocrx_word' id='word_1_591' title='bbox 3088 4127 3463 4186; x_wconf 87' lang='lat' dir='ltr'><strong>sequerentur,</strong></span> <span class='ocrx_word' id='word_1_592' title='bbox 3490 4137 3605 4177; x_wconf 73' lang='lat' dir='ltr'><strong>cm-</strong></span> 
     </span>
    </p>
   </div>
   <div class='ocr_carea' id='block_1_83' title="bbox 2044 4199 3602 4268">
    <p class='ocr_par' dir='ltr' id='par_1_83' title="bbox 2044 4199 3602 4268">
     <span class='ocr_line' id='line_1_83' title="bbox 2044 4199 3602 4268; baseline 0.01 -15"><span class='ocrx_word' id='word_1_593' title='bbox 2044 4199 2232 4254; x_wconf 85' lang='lat' dir='ltr'><strong>lestcm</strong></span> <span class='ocrx_word' id='word_1_594' title='bbox 2271 4202 2415 4254; x_wconf 88' lang='lat' dir='ltr'><strong>ultro</strong></span> <span class='ocrx_word' id='word_1_595' title='bbox 2466 4217 2589 4256; x_wconf 87' lang='lat' dir='ltr'><strong>cum</strong></span> <span class='ocrx_word' id='word_1_596' title='bbox 2638 4202 2876 4257; x_wconf 88' lang='lat' dir='ltr'><strong>humana</strong></span> <span class='ocrx_word' id='word_1_597' title='bbox 2934 4206 3244 4261; x_wconf 88' lang='lat' dir='ltr'><strong>societatem</strong></span> <span class='ocrx_word' id='word_1_598' title='bbox 3295 4222 3602 4268; x_wconf 85' lang='lat' dir='ltr'><strong>commuta-</strong></span> 
     </span>
    </p>
   </div>
   <div class='ocr_carea' id='block_1_84' title="bbox 2045 4290 3602 4373">
    <p class='ocr_par' dir='ltr' id='par_1_84' title="bbox 2045 4290 3602 4373">
     <span class='ocr_line' id='line_1_84' title="bbox 2045 4290 3602 4373; baseline 0.008 -27"><span class='ocrx_word' id='word_1_599' title='bbox 2045 4301 2193 4346; x_wconf 87' lang='lat' dir='ltr'><strong>runt.</strong></span> <span class='ocrx_word' id='word_1_600' title='bbox 2224 4290 2330 4348; x_wconf 89' lang='lat' dir='ltr'><strong>Eos</strong></span> <span class='ocrx_word' id='word_1_601' title='bbox 2366 4291 2608 4363; x_wconf 85' lang='lat' dir='ltr'><strong>profecto</strong></span> <span class='ocrx_word' id='word_1_602' title='bbox 2635 4294 2912 4350; x_wconf 76' lang='lat' dir='ltr'><strong>modestia:</strong></span> <span class='ocrx_word' id='word_1_603' title='bbox 2941 4312 3006 4350; x_wconf 87' lang='lat' dir='ltr'><strong>ac</strong></span> <span class='ocrx_word' id='word_1_604' title='bbox 3035 4301 3402 4367; x_wconf 64' lang='lat' dir='ltr'><strong>temperantiae</strong></span> <span class='ocrx_word' id='word_1_605' title='bbox 3449 4305 3602 4373; x_wconf 88' lang='lat' dir='ltr'><strong>prin-</strong></span> 
     </span>
    </p>
   </div>
   <div class='ocr_carea' id='block_1_85' title="bbox 2045 4383 3602 4452">
    <p class='ocr_par' dir='ltr' id='par_1_85' title="bbox 2045 4383 3602 4452">
     <span class='ocr_line' id='line_1_85' title="bbox 2045 4383 3602 4452; baseline 0.007 -16"><span class='ocrx_word' id='word_1_606' title='bbox 2045 4383 2192 4451; x_wconf 91' lang='lat' dir='ltr'><strong>cipes</strong></span> <span class='ocrx_word' id='word_1_607' title='bbox 2220 4397 2282 4437; x_wconf 94' lang='lat' dir='ltr'><strong>ac</strong></span> <span class='ocrx_word' id='word_1_608' title='bbox 2313 4384 2623 4452; x_wconf 87' lang='lat' dir='ltr'><strong>magistros,</strong></span> <span class='ocrx_word' id='word_1_609' title='bbox 2654 4383 2976 4452; x_wconf 89' lang='lat' dir='ltr'><strong>utiliumque</strong></span> <span class='ocrx_word' id='word_1_610' title='bbox 3006 4400 3188 4440; x_wconf 90' lang='lat' dir='ltr'><strong>rerum</strong></span> <span class='ocrx_word' id='word_1_611' title='bbox 3215 4397 3467 4446; x_wconf 85' lang='lat' dir='ltr'><strong>auctores</strong></span> <span class='ocrx_word' id='word_1_612' title='bbox 3497 4392 3602 4447; x_wconf 88' lang='lat' dir='ltr'><strong>hu-</strong></span> 
     </span>
    </p>
   </div>
   <div class='ocr_carea' id='block_1_86' title="bbox 2044 4473 3603 4546">
    <p class='ocr_par' dir='ltr' id='par_1_86' title="bbox 2044 4473 3603 4546">
     <span class='ocr_line' id='line_1_86' title="bbox 2044 4473 3603 4546; baseline 0.008 -20"><span class='ocrx_word' id='word_1_613' title='bbox 2044 4487 2208 4526; x_wconf 92' lang='lat' dir='ltr'><strong>mano</strong></span> <span class='ocrx_word' id='word_1_614' title='bbox 2229 4473 2410 4542; x_wconf 89' lang='lat' dir='ltr'><strong>generi</strong></span> <span class='ocrx_word' id='word_1_615' title='bbox 2437 4475 2889 4544; x_wconf 65' lang='lat' dir='ltr'><strong>esse~oportebat,</strong></span> <span class='ocrx_word' id='word_1_616' title='bbox 2924 4491 3156 4546; x_wconf 83' lang='lat' dir='ltr'><strong>quarum</strong></span> <span class='ocrx_word' id='word_1_617' title='bbox 3196 4487 3377 4535; x_wconf 89' lang='lat' dir='ltr'><strong>tamen</strong></span> <span class='ocrx_word' id='word_1_618' title='bbox 3412 4497 3482 4537; x_wconf 89' lang='lat' dir='ltr'><strong>ne</strong></span> <span class='ocrx_word' id='word_1_619' title='bbox 3514 4497 3603 4539; x_wconf 83' lang='lat' dir='ltr'><strong>ve-</strong></span> 
     </span>
    </p>
   </div>
   <div class='ocr_carea' id='block_1_87' title="bbox 2044 4561 3600 4643">
    <p class='ocr_par' dir='ltr' id='par_1_87' title="bbox 2044 4561 3600 4643">
     <span class='ocr_line' id='line_1_87' title="bbox 2044 4561 3600 4643; baseline 0.009 -27"><span class='ocrx_word' id='word_1_620' title='bbox 2044 4561 2260 4632; x_wconf 88' lang='lat' dir='ltr'><strong>stigium</strong></span> <span class='ocrx_word' id='word_1_621' title='bbox 2284 4563 2502 4632; x_wconf 89' lang='lat' dir='ltr'><strong>quidem</strong></span> <span class='ocrx_word' id='word_1_622' title='bbox 2533 4563 2698 4617; x_wconf 92' lang='lat' dir='ltr'><strong>ullum</strong></span> <span class='ocrx_word' id='word_1_623' title='bbox 2723 4566 3091 4622; x_wconf 90' lang='lat' dir='ltr'><strong>ostenderunt.</strong></span> <span class='ocrx_word' id='word_1_624' title='bbox 3114 4568 3193 4625; x_wconf 87' lang='lat' dir='ltr'><strong>Ac</strong></span> <span class='ocrx_word' id='word_1_625' title='bbox 3219 4571 3349 4627; x_wconf 90' lang='lat' dir='ltr'><strong>mihi</strong></span> <span class='ocrx_word' id='word_1_626' title='bbox 3379 4574 3600 4643; x_wconf 88' lang='lat' dir='ltr'><strong>quidem</strong></span> 
     </span>
    </p>
   </div>
   <div class='ocr_carea' id='block_1_88' title="bbox 383 4647 1950 4731">
    <p class='ocr_par' dir='ltr' id='par_1_88' title="bbox 383 4647 1943 4724">
     <span class='ocr_line' id='line_1_88' title="bbox 383 4647 1943 4724; baseline 0 -19"><span class='ocrx_word' id='word_1_627' title='bbox 383 4654 706 4724; x_wconf 74' lang='grc' dir='ltr'>ἀπορρήτων</span> <span class='ocrx_word' id='word_1_628' title='bbox 731 4650 976 4717; x_wconf 76' lang='grc' dir='ltr'>ἀξιωθεὶς</span> <span class='ocrx_word' id='word_1_629' title='bbox 993 4649 1092 4719; x_wconf 82' lang='grc' dir='ltr'>τῆς</span> <span class='ocrx_word' id='word_1_630' title='bbox 1106 4647 1376 4716; x_wconf 85' lang='grc' dir='ltr'>γνώσεως.</span> <span class='ocrx_word' id='word_1_631' title='bbox 1402 4650 1535 4703; x_wconf 87' lang='grc' dir='ltr'>Τοτὲ</span> <span class='ocrx_word' id='word_1_632' title='bbox 1562 4651 1658 4720; x_wconf 84' lang='grc' dir='ltr'>μὲν</span> <span class='ocrx_word' id='word_1_633' title='bbox 1677 4647 1769 4704; x_wconf 82' lang='grc' dir='ltr'><strong>οὖν</strong></span> <span class='ocrx_word' id='word_1_634' title='bbox 1793 4669 1943 4714; x_wconf 88' lang='grc' dir='ltr'>τινας</span> 
     </span>
    </p>
   </div>
   <div class='ocr_carea' id='block_1_89' title="bbox 2045 4647 3600 4731">
    <p class='ocr_par' dir='ltr' id='par_1_89' title="bbox 2047 4651 3600 4728">
     <span class='ocr_line' id='line_1_89' title="bbox 2047 4651 3600 4728; baseline 0.01 -24"><span class='ocrx_word' id='word_1_635' title='bbox 2047 4651 2322 4704; x_wconf 87' lang='lat' dir='ltr'><strong>curiosum</strong></span> <span class='ocrx_word' id='word_1_636' title='bbox 2372 4651 2522 4706; x_wconf 90' lang='lat' dir='ltr'><strong>illum</strong></span> <span class='ocrx_word' id='word_1_637' title='bbox 2582 4653 2974 4721; x_wconf 84' lang='lat' dir='ltr'><strong>exploratorem</strong></span> <span class='ocrx_word' id='word_1_638' title='bbox 3024 4657 3172 4721; x_wconf 89' lang='lat' dir='ltr'><strong>audi,</strong></span> <span class='ocrx_word' id='word_1_639' title='bbox 3222 4660 3316 4728; x_wconf 90' lang='lat' dir='ltr'><strong>qui</strong></span> <span class='ocrx_word' id='word_1_640' title='bbox 3371 4663 3600 4719; x_wconf 87' lang='lat' dir='ltr'><strong>abditis-</strong></span> 
     </span>
    </p>
   </div>
   <div class='ocr_carea' id='block_1_90' title="bbox 384 4741 1944 4812">
    <p class='ocr_par' dir='ltr' id='par_1_90' title="bbox 384 4741 1944 4812">
     <span class='ocr_line' id='line_1_90' title="bbox 384 4741 1944 4812; baseline -0.001 -15"><span class='ocrx_word' id='word_1_641' title='bbox 384 4743 492 4798; x_wconf 77' lang='grc' dir='ltr'>τῶν</span> <span class='ocrx_word' id='word_1_642' title='bbox 515 4741 732 4811; x_wconf 81' lang='grc' dir='ltr'>ἀγαθῶν</span> <span class='ocrx_word' id='word_1_643' title='bbox 758 4741 958 4794; x_wconf 72' lang='grc' dir='ltr'>τούτων</span> <span class='ocrx_word' id='word_1_644' title='bbox 970 4741 1236 4810; x_wconf 81' lang='grc' dir='ltr'>δαιμόνων</span> <span class='ocrx_word' id='word_1_645' title='bbox 1257 4743 1418 4811; x_wconf 68' lang='grc' dir='ltr'>φησὶν</span> <span class='ocrx_word' id='word_1_646' title='bbox 1441 4743 1727 4812; x_wconf 78' lang='grc' dir='ltr'>ἐρωτικαῖς</span> <span class='ocrx_word' id='word_1_647' title='bbox 1741 4743 1944 4811; x_wconf 77' lang='grc' dir='ltr'>ἡδυπα-</span> 
     </span>
    </p>
   </div>
   <div class='ocr_carea' id='block_1_91' title="bbox 387 4827 1943 4906">
    <p class='ocr_par' dir='ltr' id='par_1_91' title="bbox 387 4827 1943 4906">
     <span class='ocr_line' id='line_1_91' title="bbox 387 4827 1943 4906; baseline -0.001 -20"><span class='ocrx_word' id='word_1_648' title='bbox 387 4833 557 4898; x_wconf 82' lang='grc' dir='ltr'>θείαις</span> <span class='ocrx_word' id='word_1_649' title='bbox 577 4832 982 4906; x_wconf 80' lang='grc' dir='ltr'>ὑπηρετεῖσθαι·</span> <span class='ocrx_word' id='word_1_650' title='bbox 999 4827 1125 4882; x_wconf 86' lang='grc' dir='ltr'>τοτὲ</span> <span class='ocrx_word' id='word_1_651' title='bbox 1142 4832 1186 4885; x_wconf 81' lang='grc' dir='ltr'>δ’</span> <span class='ocrx_word' id='word_1_652' title='bbox 1199 4832 1284 4886; x_wconf 80' lang='grc' dir='ltr'><strong>ὲτέ</strong></span> <span class='ocrx_word' id='word_1_653' title='bbox 1294 4849 1418 4904; x_wconf 92' lang='grc' dir='ltr'>ρους</span> <span class='ocrx_word' id='word_1_654' title='bbox 1447 4834 1743 4906; x_wconf 76' lang='grc' dir='ltr'>τυμπάνων</span> <span class='ocrx_word' id='word_1_655' title='bbox 1761 4833 1943 4898; x_wconf 74' lang='grc' dir='ltr'>αὐλοῖς</span> 
     </span>
    </p>
   </div>
   <div class='ocr_carea' id='block_1_92' title="bbox 457 5002 1942 5076">
    <p class='ocr_par' dir='ltr' id='par_1_92' title="bbox 457 5002 1942 5076">
     <span class='ocr_line' id='line_1_92' title="bbox 457 5002 1942 5076; baseline 0.001 -16"><span class='ocrx_word' id='word_1_656' title='bbox 457 5003 620 5076; x_wconf 58' lang='grc' dir='ltr'><strong>(3)Ὶό</strong></span> <span class='ocrx_word' id='word_1_657' title='bbox 647 5002 717 5076; x_wconf 58' lang='grc' dir='ltr'><strong>ἐνῇ</strong></span> <span class='ocrx_word' id='word_1_658' title='bbox 741 5002 1093 5076; x_wconf 78' lang='grc' dir='ltr'>Βραγχίδαις</span> <span class='ocrx_word' id='word_1_659' title='bbox 1125 5003 1452 5076; x_wconf 71' lang='grc' dir='ltr'>Ἀπόλλων.</span> <span class='ocrx_word' id='word_1_660' title='bbox 1499 5003 1575 5058; x_wconf 90' lang='lat' dir='ltr'><strong>De</strong></span> <span class='ocrx_word' id='word_1_661' title='bbox 1618 5005 1942 5071; x_wconf 87' lang='lat' dir='ltr'><strong>Branchide,</strong></span> 
     </span>
    </p>
   </div>
   <div class='ocr_carea' id='block_1_93' title="bbox 387 5074 1941 5155">
    <p class='ocr_par' dir='ltr' id='par_1_93' title="bbox 387 5074 1941 5155">
     <span class='ocr_line' id='line_1_93' title="bbox 387 5074 1941 5155; baseline -0.008 -13"><span class='ocrx_word' id='word_1_662' title='bbox 387 5074 861 5155; x_wconf 46' lang='lat'><strong>580.3(303&#39;1313‘18</strong></span> <span class='ocrx_word' id='word_1_663' title='bbox 903 5074 1382 5155; x_wconf 33' lang='lat' dir='ltr'><strong>Apollineumulti</strong></span> <span class='ocrx_word' id='word_1_664' title='bbox 1431 5076 1630 5155; x_wconf 76' lang='lat' dir='ltr'><strong>multa,</strong></span> <span class='ocrx_word' id='word_1_665' title='bbox 1663 5085 1941 5143; x_wconf 89' lang='lat' dir='ltr'><strong>recentes,</strong></span> 
     </span>
    </p>
   </div>
   <div class='ocr_carea' id='block_1_94' title="bbox 384 5142 1940 5283">
    <p class='ocr_par' dir='ltr' id='par_1_94' title="bbox 384 5142 1940 5283">
     <span class='ocr_line' id='line_1_94' title="bbox 384 5142 1940 5268; baseline 0.003 -72"><span class='ocrx_word' id='word_1_666' title='bbox 384 5144 617 5268; x_wconf 40' lang='lat' dir='ltr'><strong>antiqui.</strong></span> <span class='ocrx_word' id='word_1_667' title='bbox 659 5142 837 5196; x_wconf 85' lang='lat' dir='ltr'><strong>Verbo</strong></span> <span class='ocrx_word' id='word_1_668' title='bbox 872 5145 952 5226; x_wconf 77' lang='lat' dir='ltr'><strong>sic</strong></span> <span class='ocrx_word' id='word_1_669' title='bbox 980 5144 1137 5199; x_wconf 89' lang='lat' dir='ltr'><strong>habe.</strong></span> <span class='ocrx_word' id='word_1_670' title='bbox 1179 5142 1522 5225; x_wconf 83' lang='lat' dir='ltr'><strong>Quadruplex</strong></span> <span class='ocrx_word' id='word_1_671' title='bbox 1561 5146 1677 5216; x_wconf 91' lang='lat' dir='ltr'><strong>ejus</strong></span> <span class='ocrx_word' id='word_1_672' title='bbox 1723 5142 1940 5228; x_wconf 79' lang='lat' dir='ltr'><strong>nomen,</strong></span> 
     </span>
     <span class='ocr_line' id='line_1_95' title="bbox 443 5211 1940 5283; baseline -0.001 -14"><span class='ocrx_word' id='word_1_673' title='bbox 443 5215 656 5277; x_wconf 81' lang='lat' dir='ltr'><strong>lleSlllS,</strong></span> <span class='ocrx_word' id='word_1_674' title='bbox 685 5211 1048 5283; x_wconf 77' lang='lat' dir='ltr'><strong>Branchtdes.</strong></span> <span class='ocrx_word' id='word_1_675' title='bbox 1083 5229 1178 5268; x_wconf 90' lang='lat' dir='ltr'><strong>seu</strong></span> <span class='ocrx_word' id='word_1_676' title='bbox 1212 5213 1577 5268; x_wconf 80' lang='lat' dir='ltr'><strong>Branchiades</strong></span> <span class='ocrx_word' id='word_1_677' title='bbox 1599 5254 1614 5277; x_wconf 90' lang='lat'><strong>,</strong></span> <span class='ocrx_word' id='word_1_678' title='bbox 1645 5213 1940 5283; x_wconf 79' lang='lat' dir='ltr'><strong>Philesms,</strong></span> 
     </span>
    </p>
   </div>
   <div class='ocr_carea' id='block_1_95' title="bbox 386 5281 1943 5356">
    <p class='ocr_par' dir='ltr' id='par_1_95' title="bbox 386 5281 1943 5356">
     <span class='ocr_line' id='line_1_96' title="bbox 386 5281 1943 5356; baseline -0.001 -17"><span class='ocrx_word' id='word_1_679' title='bbox 386 5293 443 5356; x_wconf 81' lang='lat' dir='ltr'><strong>et</strong></span> <span class='ocrx_word' id='word_1_680' title='bbox 470 5283 794 5356; x_wconf 80' lang='lat' dir='ltr'><strong>Didymaeus.</strong></span> <span class='ocrx_word' id='word_1_681' title='bbox 828 5281 1067 5356; x_wconf 83' lang='lat' dir='ltr'><strong>Primum</strong></span> <span class='ocrx_word' id='word_1_682' title='bbox 1095 5283 1518 5356; x_wconf 83' lang='lat' dir='ltr'><strong>vetustissimum</strong></span> <span class='ocrx_word' id='word_1_683' title='bbox 1549 5281 1943 5356; x_wconf 62' lang='lat' dir='ltr'><strong>fuit,_s_equen-L</strong></span> 
     </span>
    </p>
   </div>
   <div class='ocr_carea' id='block_1_96' title="bbox 386 5353 1942 5423">
    <p class='ocr_par' dir='ltr' id='par_1_96' title="bbox 386 5353 1942 5423">
     <span class='ocr_line' id='line_1_97' title="bbox 386 5353 1942 5423; baseline 0.002 -15"><span class='ocrx_word' id='word_1_684' title='bbox 386 5355 464 5408; x_wconf 87' lang='lat' dir='ltr'><strong>tia</strong></span> <span class='ocrx_word' id='word_1_685' title='bbox 493 5353 601 5408; x_wconf 84' lang='lat' dir='ltr'><strong>duo</strong></span> <span class='ocrx_word' id='word_1_686' title='bbox 642 5353 830 5406; x_wconf 72' lang='lat' dir='ltr'><strong>mediae</strong></span> <span class='ocrx_word' id='word_1_687' title='bbox 855 5353 1009 5423; x_wconf 86' lang='lat' dir='ltr'><strong>quasi</strong></span> <span class='ocrx_word' id='word_1_688' title='bbox 1044 5354 1365 5423; x_wconf 80' lang='lat' dir='ltr'><strong>vetustatis,</strong></span> <span class='ocrx_word' id='word_1_689' title='bbox 1404 5362 1660 5423; x_wconf 86' lang='lat' dir='ltr'><strong>quartum</strong></span> <span class='ocrx_word' id='word_1_690' title='bbox 1689 5353 1942 5423; x_wconf 83' lang='lat' dir='ltr'><strong>idemque</strong></span> 
     </span>
    </p>
   </div>
   <div class='ocr_carea' id='block_1_97' title="bbox 385 5422 1940 5493">
    <p class='ocr_par' dir='ltr' id='par_1_97' title="bbox 385 5422 1940 5493">
     <span class='ocr_line' id='line_1_98' title="bbox 385 5422 1940 5493; baseline 0.001 -16"><span class='ocrx_word' id='word_1_691' title='bbox 385 5432 754 5492; x_wconf 85' lang='lat' dir='ltr'><strong>postremum,</strong></span> <span class='ocrx_word' id='word_1_692' title='bbox 781 5422 1072 5493; x_wconf 62' lang='lat' dir='ltr'><strong>recentius.</strong></span> <span class='ocrx_word' id='word_1_693' title='bbox 1104 5422 1384 5493; x_wconf 79' lang='lat' dir='ltr'><strong>Milesius,</strong></span> <span class='ocrx_word' id='word_1_694' title='bbox 1414 5422 1558 5493; x_wconf 87' lang='lat' dir='ltr'><strong>quod</strong></span> <span class='ocrx_word' id='word_1_695' title='bbox 1605 5425 1660 5476; x_wconf 92' lang='lat' dir='ltr'><strong>in</strong></span> <span class='ocrx_word' id='word_1_696' title='bbox 1704 5422 1940 5493; x_wconf 86' lang='lat' dir='ltr'><strong>Milesio-</strong></span> 
     </span>
    </p>
   </div>
   <div class='ocr_carea' id='block_1_98' title="bbox 387 5489 1939 5561">
    <p class='ocr_par' dir='ltr' id='par_1_98' title="bbox 387 5489 1939 5561">
     <span class='ocr_line' id='line_1_99' title="bbox 387 5489 1939 5561; baseline -0.002 -13"><span class='ocrx_word' id='word_1_697' title='bbox 387 5489 512 5548; x_wconf 73' lang='lat' dir='ltr'><strong>rum</strong></span> <span class='ocrx_word' id='word_1_698' title='bbox 558 5493 841 5561; x_wconf 85' lang='lat' dir='ltr'><strong>agro,_abs</strong></span> <span class='ocrx_word' id='word_1_699' title='bbox 866 5489 1046 5546; x_wconf 79' lang='lat' dir='ltr'><strong>Mileto</strong></span> <span class='ocrx_word' id='word_1_700' title='bbox 1074 5493 1266 5548; x_wconf 84' lang='lat' dir='ltr'><strong>stadiis</strong></span> <span class='ocrx_word' id='word_1_701' title='bbox 1290 5489 1461 5548; x_wconf 77' lang='lat' dir='ltr'><strong>ferme</strong></span> <span class='ocrx_word' id='word_1_702' title='bbox 1481 5507 1541 5547; x_wconf 89' lang='lat' dir='ltr'><strong>cc</strong></span> <span class='ocrx_word' id='word_1_703' title='bbox 1569 5494 1786 5548; x_wconf 89' lang='lat' dir='ltr'><strong>oracula</strong></span> <span class='ocrx_word' id='word_1_704' title='bbox 1815 5491 1939 5548; x_wconf 84' lang='lat' dir='ltr'><strong>fun-</strong></span> 
     </span>
    </p>
   </div>
   <div class='ocr_carea' id='block_1_99' title="bbox 389 5559 1941 5626">
    <p class='ocr_par' dir='ltr' id='par_1_99' title="bbox 389 5559 1941 5626">
     <span class='ocr_line' id='line_1_100' title="bbox 389 5559 1941 5626; baseline 0.001 -11"><span class='ocrx_word' id='word_1_705' title='bbox 389 5564 571 5626; x_wconf 90' lang='lat' dir='ltr'><strong>deret,</strong></span> <span class='ocrx_word' id='word_1_706' title='bbox 599 5559 670 5615; x_wconf 50' lang='lat' dir='ltr'><strong>_ut</strong></span> <span class='ocrx_word' id='word_1_707' title='bbox 709 5559 918 5614; x_wconf 88' lang='lat' dir='ltr'><strong>Plinius</strong></span> <span class='ocrx_word' id='word_1_708' title='bbox 949 5571 1140 5616; x_wconf 90' lang='lat' dir='ltr'><strong>auctor</strong></span> <span class='ocrx_word' id='word_1_709' title='bbox 1180 5571 1264 5618; x_wconf 88' lang='lat' dir='ltr'><strong>est</strong></span> <span class='ocrx_word' id='word_1_710' title='bbox 1295 5577 1363 5625; x_wconf 91' lang='lat' dir='ltr'><strong>v,</strong></span> <span class='ocrx_word' id='word_1_711' title='bbox 1395 5562 1486 5617; x_wconf 73' lang='lat'><strong>29.</strong></span> <span class='ocrx_word' id='word_1_712' title='bbox 1517 5561 1871 5625; x_wconf 85' lang='lat' dir='ltr'><strong>Branchides,</strong></span> <span class='ocrx_word' id='word_1_713' title='bbox 1909 5577 1941 5616; x_wconf 90' lang='lat' dir='ltr'><strong>a</strong></span> 
     </span>
    </p>
   </div>
   <div class='ocr_carea' id='block_1_100' title="bbox 388 5631 1938 5701">
    <p class='ocr_par' dir='ltr' id='par_1_100' title="bbox 388 5631 1938 5701">
     <span class='ocr_line' id='line_1_101' title="bbox 388 5631 1938 5701; baseline 0 -15"><span class='ocrx_word' id='word_1_714' title='bbox 388 5632 661 5694; x_wconf 86' lang='lat' dir='ltr'><strong>Brancho,</strong></span> <span class='ocrx_word' id='word_1_715' title='bbox 687 5631 951 5701; x_wconf 86' lang='lat' dir='ltr'><strong>Apollinis</strong></span> <span class='ocrx_word' id='word_1_716' title='bbox 979 5633 1059 5686; x_wconf 81' lang='lat' dir='ltr'><strong>vel</strong></span> <span class='ocrx_word' id='word_1_717' title='bbox 1087 5631 1220 5694; x_wconf 79' lang='lat' dir='ltr'><strong>ﬁlio,</strong></span> <span class='ocrx_word' id='word_1_718' title='bbox 1264 5633 1349 5687; x_wconf 86' lang='lat' dir='ltr'><strong>vel</strong></span> <span class='ocrx_word' id='word_1_719' title='bbox 1375 5631 1675 5692; x_wconf 85' lang='lat' dir='ltr'><strong>amoribus,</strong></span> <span class='ocrx_word' id='word_1_720' title='bbox 1705 5647 1938 5701; x_wconf 87' lang='lat' dir='ltr'><strong>quocum</strong></span> 
     </span>
    </p>
   </div>
   <div class='ocr_carea' id='block_1_101' title="bbox 389 5700 1939 5784">
    <p class='ocr_par' dir='ltr' id='par_1_101' title="bbox 389 5700 1939 5784">
     <span class='ocr_line' id='line_1_102' title="bbox 389 5700 1939 5784; baseline -0.002 -29"><span class='ocrx_word' id='word_1_721' title='bbox 389 5701 665 5757; x_wconf 84' lang='lat' dir='ltr'><strong>divinandi</strong></span> <span class='ocrx_word' id='word_1_722' title='bbox 696 5710 863 5784; x_wconf 69' lang='lat' dir='ltr'><strong>artem</strong></span> <span class='ocrx_word' id='word_1_723' title='bbox 886 5700 1075 5782; x_wconf 73' lang='lat' dir='ltr'><strong>Apollo</strong></span> <span class='ocrx_word' id='word_1_724' title='bbox 1095 5700 1829 5784; x_wconf 50' lang='lat' dir='ltr'><strong>prolixe&#39;eominunicavera&#39;t.</strong></span> <span class='ocrx_word' id='word_1_725' title='bbox 1856 5701 1939 5784; x_wconf 69' lang='lat' dir='ltr'><strong>Ab</strong></span> 
     </span>
    </p>
   </div>
   <div class='ocr_carea' id='block_1_102' title="bbox 391 5770 1935 5912">
    <p class='ocr_par' dir='ltr' id='par_1_102' title="bbox 391 5770 1935 5912">
     <span class='ocr_line' id='line_1_103' title="bbox 391 5770 1935 5852; baseline -0.001 -27"><span class='ocrx_word' id='word_1_726' title='bbox 391 5785 724 5851; x_wconf 71' lang='lat' dir='ltr'><strong>eoquoque,</strong></span> <span class='ocrx_word' id='word_1_727' title='bbox 751 5770 858 5852; x_wconf 76' lang='lat' dir='ltr'><strong>loci</strong></span> <span class='ocrx_word' id='word_1_728' title='bbox 886 5771 1006 5838; x_wconf 87' lang='lat' dir='ltr'><strong>ejus</strong></span> <span class='ocrx_word' id='word_1_729' title='bbox 1033 5772 1266 5851; x_wconf 79' lang='lat' dir='ltr'><strong>populis,</strong></span> <span class='ocrx_word' id='word_1_730' title='bbox 1299 5770 1724 5850; x_wconf 73' lang='lat' dir='ltr'><strong>Branchidarum</strong></span> <span class='ocrx_word' id='word_1_731' title='bbox 1748 5774 1935 5852; x_wconf 71' lang='lat' dir='ltr'><strong>appel-</strong></span> 
     </span>
     <span class='ocr_line' id='line_1_104' title="bbox 393 5838 1933 5912; baseline -0.001 -17"><span class='ocrx_word' id='word_1_732' title='bbox 393 5838 541 5902; x_wconf 72' lang='lat' dir='ltr'><strong>latio,</strong></span> <span class='ocrx_word' id='word_1_733' title='bbox 567 5839 854 5905; x_wconf 79' lang='lat' dir='ltr'><strong>Philesms,</strong></span> <span class='ocrx_word' id='word_1_734' title='bbox 886 5841 1103 5892; x_wconf 84' lang='grc' dir='ltr'>ἀπὸτων</span> <span class='ocrx_word' id='word_1_735' title='bbox 1119 5839 1654 5912; x_wconf 75' lang='grc' dir='ltr'>φιλημάτων,‹μιι1)ιιε</span> <span class='ocrx_word' id='word_1_736' title='bbox 1683 5855 1798 5894; x_wconf 74' lang='lat' dir='ltr'><strong>suis</strong></span> <span class='ocrx_word' id='word_1_737' title='bbox 1829 5841 1933 5894; x_wconf 80' lang='lat' dir='ltr'><strong>Illis</strong></span> 
     </span>
    </p>
   </div>
   <div class='ocr_carea' id='block_1_103' title="bbox 707 5930 1342 5993">
    <p class='ocr_par' dir='ltr' id='par_1_103' title="bbox 707 5930 1342 5993">
     <span class='ocr_line' id='line_1_105' title="bbox 707 5930 1342 5993; baseline -0.009 0"><span class='ocrx_word' id='word_1_738' title='bbox 707 5932 977 5993; x_wconf 50' lang='lat' dir='ltr'><strong>Puncta</strong></span> <span class='ocrx_word' id='word_1_739' title='bbox 1016 5930 1136 5990; x_wconf 77' lang='lat' dir='ltr'><strong>Gn.</strong></span> <span class='ocrx_word' id='word_1_740' title='bbox 1172 5930 1342 5990; x_wconf 76' lang='lat' dir='ltr'><strong>XXI.</strong></span> 
     </span>
    </p>
   </div>
   <div class='ocr_carea' id='block_1_104' title="bbox 2047 4741 3600 4812">
    <p class='ocr_par' dir='ltr' id='par_1_104' title="bbox 2047 4741 3600 4812">
     <span class='ocr_line' id='line_1_106' title="bbox 2047 4741 3600 4812; baseline 0.01 -18"><span class='ocrx_word' id='word_1_741' title='bbox 2047 4741 2185 4795; x_wconf 90' lang='lat' dir='ltr'><strong>sima</strong></span> <span class='ocrx_word' id='word_1_742' title='bbox 2211 4757 2440 4812; x_wconf 83' lang='lat' dir='ltr'><strong>quaeque</strong></span> <span class='ocrx_word' id='word_1_743' title='bbox 2468 4758 2660 4798; x_wconf 90' lang='lat' dir='ltr'><strong>arcana</strong></span> <span class='ocrx_word' id='word_1_744' title='bbox 2695 4745 2944 4810; x_wconf 90' lang='lat' dir='ltr'><strong>rimatus,</strong></span> <span class='ocrx_word' id='word_1_745' title='bbox 2979 4762 3168 4804; x_wconf 86' lang='lat' dir='ltr'><strong>eorum</strong></span> <span class='ocrx_word' id='word_1_746' title='bbox 3209 4751 3369 4806; x_wconf 89' lang='lat' dir='ltr'><strong>etiam</strong></span> <span class='ocrx_word' id='word_1_747' title='bbox 3406 4755 3600 4809; x_wconf 74' lang='lat' dir='ltr'><strong>intelli-</strong></span> 
     </span>
    </p>
   </div>
   <div class='ocr_carea' id='block_1_105' title="bbox 2045 4833 3598 4909">
    <p class='ocr_par' dir='ltr' id='par_1_105' title="bbox 2045 4833 3598 4909">
     <span class='ocr_line' id='line_1_107' title="bbox 2045 4833 3598 4909; baseline 0.009 -24"><span class='ocrx_word' id='word_1_748' title='bbox 2045 4833 2232 4902; x_wconf 85' lang='lat' dir='ltr'><strong>gentia</strong></span> <span class='ocrx_word' id='word_1_749' title='bbox 2286 4835 2547 4890; x_wconf 88' lang='lat' dir='ltr'><strong>donatum</strong></span> <span class='ocrx_word' id='word_1_750' title='bbox 2595 4851 2655 4892; x_wconf 89' lang='lat' dir='ltr'><strong>se</strong></span> <span class='ocrx_word' id='word_1_751' title='bbox 2708 4851 2829 4893; x_wconf 90' lang='lat' dir='ltr'><strong>esse</strong></span> <span class='ocrx_word' id='word_1_752' title='bbox 2875 4840 3158 4909; x_wconf 80' lang='lat' dir='ltr'><strong>gloriatur.</strong></span> <span class='ocrx_word' id='word_1_753' title='bbox 3211 4840 3474 4897; x_wconf 85' lang='lat' dir='ltr'><strong>Nimirum</strong></span> <span class='ocrx_word' id='word_1_754' title='bbox 3533 4863 3598 4901; x_wconf 79' lang='lat' dir='ltr'><strong>ex</strong></span> 
     </span>
    </p>
   </div>
   <div class='ocr_carea' id='block_1_106' title="bbox 2044 5009 3598 5086">
    <p class='ocr_par' dir='ltr' id='par_1_106' title="bbox 2044 5009 3598 5086">
     <span class='ocr_line' id='line_1_108' title="bbox 2044 5009 3598 5086; baseline 0.008 -24"><span class='ocrx_word' id='word_1_755' title='bbox 2044 5009 2321 5086; x_wconf 71' lang='lat' dir='ltr'><strong>amoribus</strong></span> <span class='ocrx_word' id='word_1_756' title='bbox 2346 5009 2538 5086; x_wconf 79' lang='lat' dir='ltr'><strong>Apollo</strong></span> <span class='ocrx_word' id='word_1_757' title='bbox 2570 5009 2961 5086; x_wconf 79' lang='lat' dir='ltr'><strong>blandiebatur.</strong></span> <span class='ocrx_word' id='word_1_758' title='bbox 2993 5011 3318 5086; x_wconf 72' lang='lat' dir='ltr'><strong>Didymteus.</strong></span> <span class='ocrx_word' id='word_1_759' title='bbox 3343 5015 3424 5068; x_wconf 87' lang='lat' dir='ltr'><strong>vel</strong></span> <span class='ocrx_word' id='word_1_760' title='bbox 3453 5019 3598 5086; x_wconf 86' lang='lat' dir='ltr'><strong>quod</strong></span> 
     </span>
    </p>
   </div>
   <div class='ocr_carea' id='block_1_107' title="bbox 2041 5077 3598 5155">
    <p class='ocr_par' dir='ltr' id='par_1_107' title="bbox 2041 5077 3598 5155">
     <span class='ocr_line' id='line_1_109' title="bbox 2041 5077 3598 5155; baseline 0.006 -23"><span class='ocrx_word' id='word_1_761' title='bbox 2041 5077 2193 5133; x_wconf 81' lang='lat' dir='ltr'><strong>Jovis</strong></span> <span class='ocrx_word' id='word_1_762' title='bbox 2237 5080 2311 5133; x_wconf 88' lang='lat' dir='ltr'><strong>ibi</strong></span> <span class='ocrx_word' id='word_1_763' title='bbox 2366 5077 2583 5155; x_wconf 66' lang='lat' dir='ltr'><strong>socius,</strong></span> <span class='ocrx_word' id='word_1_764' title='bbox 2626 5077 3183 5155; x_wconf 69' lang='lat' dir='ltr'><strong>geminuinque_adeo</strong></span> <span class='ocrx_word' id='word_1_765' title='bbox 3218 5099 3416 5137; x_wconf 87' lang='lat' dir='ltr'><strong>numen</strong></span> <span class='ocrx_word' id='word_1_766' title='bbox 3460 5077 3598 5155; x_wconf 74' lang='lat' dir='ltr'><strong>pra:-</strong></span> 
     </span>
    </p>
   </div>
   <div class='ocr_carea' id='block_1_108' title="bbox 2040 5149 3598 5220">
    <p class='ocr_par' dir='ltr' id='par_1_108' title="bbox 2040 5149 3598 5220">
     <span class='ocr_line' id='line_1_110' title="bbox 2040 5149 3598 5220; baseline 0.006 -18"><span class='ocrx_word' id='word_1_767' title='bbox 2040 5158 2184 5203; x_wconf 87' lang='lat' dir='ltr'><strong>esset</strong></span> <span class='ocrx_word' id='word_1_768' title='bbox 2234 5150 2455 5220; x_wconf 89' lang='lat' dir='ltr'><strong>oraculo</strong></span> <span class='ocrx_word' id='word_1_769' title='bbox 2484 5169 2508 5220; x_wconf 13' lang='grc' dir='ltr'><strong>εξ</strong></span> <span class='ocrx_word' id='word_1_770' title='bbox 2533 5149 2658 5204; x_wconf 86' lang='lat' dir='ltr'><strong>nam</strong></span> <span class='ocrx_word' id='word_1_771' title='bbox 2695 5161 2750 5204; x_wconf 89' lang='lat' dir='ltr'><strong>et</strong></span> <span class='ocrx_word' id='word_1_772' title='bbox 2778 5149 2989 5220; x_wconf 81' lang='lat' dir='ltr'><strong>Jupiter</strong></span> <span class='ocrx_word' id='word_1_773' title='bbox 3017 5150 3322 5219; x_wconf 68' lang='lat' dir='ltr'><strong>Didymaeus</strong></span> <span class='ocrx_word' id='word_1_774' title='bbox 3368 5149 3598 5212; x_wconf 72' lang='lat' dir='ltr'><strong>vocaba-</strong></span> 
     </span>
    </p>
   </div>
   <div class='ocr_carea' id='block_1_109' title="bbox 2040 5218 3598 5289">
    <p class='ocr_par' dir='ltr' id='par_1_109' title="bbox 2040 5218 3598 5289">
     <span class='ocr_line' id='line_1_111' title="bbox 2040 5218 3598 5289; baseline 0.007 -19"><span class='ocrx_word' id='word_1_775' title='bbox 2040 5226 2129 5272; x_wconf 90' lang='lat' dir='ltr'><strong>tur</strong></span> <span class='ocrx_word' id='word_1_776' title='bbox 2153 5236 2166 5272; x_wconf 91' lang='lat'><strong>:</strong></span> <span class='ocrx_word' id='word_1_777' title='bbox 2190 5219 2274 5272; x_wconf 90' lang='lat' dir='ltr'><strong>vel</strong></span> <span class='ocrx_word' id='word_1_778' title='bbox 2303 5221 2446 5288; x_wconf 86' lang='lat' dir='ltr'><strong>quod</strong></span> <span class='ocrx_word' id='word_1_779' title='bbox 2479 5218 2672 5289; x_wconf 82' lang='lat' dir='ltr'><strong>deinde</strong></span> <span class='ocrx_word' id='word_1_780' title='bbox 2704 5218 3086 5289; x_wconf 74' lang='lat' dir='ltr'><strong>communibus</strong></span> <span class='ocrx_word' id='word_1_781' title='bbox 3121 5218 3300 5289; x_wconf 84' lang='lat' dir='ltr'><strong>templi</strong></span> <span class='ocrx_word' id='word_1_782' title='bbox 3323 5231 3377 5276; x_wconf 87' lang='lat' dir='ltr'><strong>et</strong></span> <span class='ocrx_word' id='word_1_783' title='bbox 3413 5239 3598 5281; x_wconf 85' lang='lat' dir='ltr'><strong>sacro-</strong></span> 
     </span>
    </p>
   </div>
   <div class='ocr_carea' id='block_1_110' title="bbox 2036 5287 3598 5360">
    <p class='ocr_par' dir='ltr' id='par_1_110' title="bbox 2036 5287 3598 5360">
     <span class='ocr_line' id='line_1_112' title="bbox 2036 5287 3598 5360; baseline 0.006 -18"><span class='ocrx_word' id='word_1_784' title='bbox 2036 5301 2160 5360; x_wconf 80' lang='lat' dir='ltr'><strong>rum</strong></span> <span class='ocrx_word' id='word_1_785' title='bbox 2205 5287 2504 5360; x_wconf 85' lang='lat' dir='ltr'><strong>honoribus</strong></span> <span class='ocrx_word' id='word_1_786' title='bbox 2548 5288 2741 5358; x_wconf 84' lang='lat' dir='ltr'><strong>Apollo</strong></span> <span class='ocrx_word' id='word_1_787' title='bbox 2783 5287 2964 5351; x_wconf 85' lang='lat' dir='ltr'><strong>Pater,</strong></span> <span class='ocrx_word' id='word_1_788' title='bbox 3015 5287 3402 5360; x_wconf 75' lang='lat' dir='ltr'><strong>Branchusque</strong></span> <span class='ocrx_word' id='word_1_789' title='bbox 3451 5295 3598 5352; x_wconf 81' lang='lat' dir='ltr'><strong>ﬁlius</strong></span> 
     </span>
    </p>
   </div>
   <div class='ocr_carea' id='block_1_111' title="bbox 2037 5358 3596 5427">
    <p class='ocr_par' dir='ltr' id='par_1_111' title="bbox 2037 5358 3596 5427">
     <span class='ocr_line' id='line_1_113' title="bbox 2037 5358 3596 5427; baseline 0.006 -17"><span class='ocrx_word' id='word_1_790' title='bbox 2037 5358 2365 5422; x_wconf 88' lang='lat' dir='ltr'><strong>colerentur,</strong></span> <span class='ocrx_word' id='word_1_791' title='bbox 2417 5359 2528 5412; x_wconf 90' lang='lat' dir='ltr'><strong>imo</strong></span> <span class='ocrx_word' id='word_1_792' title='bbox 2576 5368 2630 5413; x_wconf 89' lang='lat' dir='ltr'><strong>et</strong></span> <span class='ocrx_word' id='word_1_793' title='bbox 2687 5373 2881 5427; x_wconf 74' lang='lat' dir='ltr'><strong>magna</strong></span> <span class='ocrx_word' id='word_1_794' title='bbox 2928 5369 3040 5412; x_wconf 89' lang='lat' dir='ltr'><strong>tum</strong></span> <span class='ocrx_word' id='word_1_795' title='bbox 3081 5375 3204 5414; x_wconf 86' lang='lat' dir='ltr'><strong>esse</strong></span> <span class='ocrx_word' id='word_1_796' title='bbox 3247 5358 3596 5420; x_wconf 76' lang='lat' dir='ltr'><strong>oraculorum</strong></span> 
     </span>
    </p>
   </div>
   <div class='ocr_carea' id='block_1_112' title="bbox 2035 5427 3598 5493">
    <p class='ocr_par' dir='ltr' id='par_1_112' title="bbox 2035 5427 3598 5493">
     <span class='ocr_line' id='line_1_114' title="bbox 2035 5427 3598 5493; baseline 0.006 -13"><span class='ocrx_word' id='word_1_797' title='bbox 2035 5427 2323 5493; x_wconf 87' lang='lat' dir='ltr'><strong>utriusque</strong></span> <span class='ocrx_word' id='word_1_798' title='bbox 2369 5429 2702 5482; x_wconf 88' lang='lat' dir='ltr'><strong>communio.</strong></span> <span class='ocrx_word' id='word_1_799' title='bbox 2749 5427 2874 5482; x_wconf 87' lang='lat' dir='ltr'><strong>Inde</strong></span> <span class='ocrx_word' id='word_1_800' title='bbox 2913 5427 3194 5493; x_wconf 86' lang='lat' dir='ltr'><strong>fortassis,</strong></span> <span class='ocrx_word' id='word_1_801' title='bbox 3228 5441 3280 5485; x_wconf 90' lang='lat' dir='ltr'><strong>et</strong></span> <span class='ocrx_word' id='word_1_802' title='bbox 3331 5433 3450 5489; x_wconf 91' lang='lat' dir='ltr'><strong>loco</strong></span> <span class='ocrx_word' id='word_1_803' title='bbox 3495 5451 3598 5489; x_wconf 85' lang='lat' dir='ltr'><strong>no-</strong></span> 
     </span>
    </p>
   </div>
   <div class='ocr_carea' id='block_1_113' title="bbox 2039 5494 3596 5573">
    <p class='ocr_par' dir='ltr' id='par_1_113' title="bbox 2039 5494 3596 5573">
     <span class='ocr_line' id='line_1_115' title="bbox 2039 5494 3596 5573; baseline 0.006 -24"><span class='ocrx_word' id='word_1_804' title='bbox 2039 5510 2186 5573; x_wconf 61' lang='lat' dir='ltr'><strong>men,</strong></span> <span class='ocrx_word' id='word_1_805' title='bbox 2218 5494 2464 5573; x_wconf 80' lang='lat' dir='ltr'><strong>_Didyma._</strong></span> <span class='ocrx_word' id='word_1_806' title='bbox 2480 5494 2865 5573; x_wconf 74' lang='lat' dir='ltr'><strong>_Sa_ne_Plinius</strong></span> <span class='ocrx_word' id='word_1_807' title='bbox 2895 5497 3014 5573; x_wconf 84' lang='lat' dir='ltr'><strong>l._v,</strong></span> <span class='ocrx_word' id='word_1_808' title='bbox 3046 5513 3094 5551; x_wconf 87' lang='lat' dir='ltr'><strong>c.</strong></span> <span class='ocrx_word' id='word_1_809' title='bbox 3130 5499 3219 5561; x_wconf 75' lang='grc'><strong>29,</strong></span> <span class='ocrx_word' id='word_1_810' title='bbox 3253 5512 3307 5554; x_wconf 91' lang='lat' dir='ltr'><strong>et</strong></span> <span class='ocrx_word' id='word_1_811' title='bbox 3333 5500 3596 5573; x_wconf 77' lang='lat' dir='ltr'><strong>Pompon.</strong></span> 
     </span>
    </p>
   </div>
   <div class='ocr_carea' id='block_1_114' title="bbox 2049 5563 3597 5642">
    <p class='ocr_par' dir='ltr' id='par_1_114' title="bbox 2049 5563 3597 5642">
     <span class='ocr_line' id='line_1_116' title="bbox 2049 5563 3597 5642; baseline 0.006 -26"><span class='ocrx_word' id='word_1_812' title='bbox 2049 5564 2254 5642; x_wconf 38' lang='grc' dir='ltr'>καθ’).</span> <span class='ocrx_word' id='word_1_813' title='bbox 2287 5563 2333 5628; x_wconf 69' lang='grc' dir='ltr'><strong>ι,</strong></span> <span class='ocrx_word' id='word_1_814' title='bbox 2361 5581 2418 5642; x_wconf 78' lang='lat' dir='ltr'><strong>c._</strong></span> <span class='ocrx_word' id='word_1_815' title='bbox 2443 5565 2531 5642; x_wconf 64' lang='grc' dir='ltr'>Π,</span> <span class='ocrx_word' id='word_1_816' title='bbox 2555 5563 2886 5642; x_wconf 50' lang='lat' dir='ltr'><strong>Didymmum</strong></span> <span class='ocrx_word' id='word_1_817' title='bbox 2914 5567 3067 5621; x_wconf 87' lang='lat' dir='ltr'><strong>aiunt</strong></span> <span class='ocrx_word' id='word_1_818' title='bbox 3091 5581 3341 5642; x_wconf 62' lang='lat' dir='ltr'><strong>vocatum</strong></span> <span class='ocrx_word' id='word_1_819' title='bbox 3383 5563 3597 5642; x_wconf 68' lang='lat' dir='ltr'><strong>postea,</strong></span> 
     </span>
    </p>
   </div>
   <div class='ocr_carea' id='block_1_115' title="bbox 2047 5634 3596 5702">
    <p class='ocr_par' dir='ltr' id='par_1_115' title="bbox 2047 5634 3596 5702">
     <span class='ocr_line' id='line_1_117' title="bbox 2047 5634 3596 5702; baseline 0.009 -16"><span class='ocrx_word' id='word_1_820' title='bbox 2047 5635 2140 5702; x_wconf 89' lang='lat' dir='ltr'><strong>qui</strong></span> <span class='ocrx_word' id='word_1_821' title='bbox 2191 5634 2519 5702; x_wconf 81' lang='lat' dir='ltr'><strong>Branchides</strong></span> <span class='ocrx_word' id='word_1_822' title='bbox 2559 5634 2687 5688; x_wconf 85' lang='lat' dir='ltr'><strong>olim</strong></span> <span class='ocrx_word' id='word_1_823' title='bbox 2741 5635 3040 5690; x_wconf 87' lang='lat' dir='ltr'><strong>dicebatur.</strong></span> <span class='ocrx_word' id='word_1_824' title='bbox 3089 5635 3155 5690; x_wconf 86' lang='lat' dir='ltr'><strong>Et</strong></span> <span class='ocrx_word' id='word_1_825' title='bbox 3209 5634 3596 5700; x_wconf 60' lang='lat' dir='ltr'><strong>recentioribus</strong></span> 
     </span>
    </p>
   </div>
   <div class='ocr_carea' id='block_1_116' title="bbox 2043 5701 3596 5778">
    <p class='ocr_par' dir='ltr' id='par_1_116' title="bbox 2043 5701 3596 5778">
     <span class='ocr_line' id='line_1_118' title="bbox 2043 5701 3596 5778; baseline 0.008 -23"><span class='ocrx_word' id='word_1_826' title='bbox 2043 5701 2195 5778; x_wconf 64' lang='lat' dir='ltr'><strong>plura</strong></span> <span class='ocrx_word' id='word_1_827' title='bbox 2228 5704 2434 5778; x_wconf 69' lang='lat' dir='ltr'><strong>dabunt</strong></span> <span class='ocrx_word' id='word_1_828' title='bbox 2480 5701 3042 5778; x_wconf 63' lang='lat' dir='ltr'><strong>Bulengerusnoster</strong></span> <span class='ocrx_word' id='word_1_829' title='bbox 3077 5707 3168 5761; x_wconf 89' lang='lat' dir='ltr'><strong>lib.</strong></span> <span class='ocrx_word' id='word_1_830' title='bbox 3206 5723 3224 5760; x_wconf 88' lang='grc' dir='ltr'><strong>ι</strong></span> <span class='ocrx_word' id='word_1_831' title='bbox 3269 5709 3345 5764; x_wconf 86' lang='lat' dir='ltr'><strong>De</strong></span> <span class='ocrx_word' id='word_1_832' title='bbox 3369 5714 3596 5778; x_wconf 74' lang='lat' dir='ltr'><strong>oracul.,</strong></span> 
     </span>
    </p>
   </div>
   <div class='ocr_carea' id='block_1_117' title="bbox 2043 5771 3597 5846">
    <p class='ocr_par' dir='ltr' id='par_1_117' title="bbox 2043 5771 3597 5846">
     <span class='ocr_line' id='line_1_119' title="bbox 2043 5771 3597 5846; baseline 0.007 -20"><span class='ocrx_word' id='word_1_833' title='bbox 2043 5787 2094 5827; x_wconf 89' lang='lat' dir='ltr'><strong>c.</strong></span> <span class='ocrx_word' id='word_1_834' title='bbox 2123 5771 2175 5831; x_wconf 85' lang='lat'><strong>9.</strong></span> <span class='ocrx_word' id='word_1_835' title='bbox 2207 5783 2262 5828; x_wconf 89' lang='lat' dir='ltr'><strong>et</strong></span> <span class='ocrx_word' id='word_1_836' title='bbox 2292 5772 2614 5828; x_wconf 84' lang='lat' dir='ltr'><strong>Boissardus</strong></span> <span class='ocrx_word' id='word_1_837' title='bbox 2636 5771 2711 5828; x_wconf 81' lang='lat' dir='ltr'><strong>De</strong></span> <span class='ocrx_word' id='word_1_838' title='bbox 2733 5773 3070 5839; x_wconf 81' lang='lat' dir='ltr'><strong>divinatione,</strong></span> <span class='ocrx_word' id='word_1_839' title='bbox 3099 5791 3217 5846; x_wconf 83' lang='lat' dir='ltr'><strong>cap.</strong></span> <span class='ocrx_word' id='word_1_840' title='bbox 3242 5781 3308 5831; x_wconf 82' lang='lat' dir='ltr'><strong>de</strong></span> <span class='ocrx_word' id='word_1_841' title='bbox 3335 5771 3597 5836; x_wconf 60' lang='lat' dir='ltr'><strong>Brancho;</strong></span> 
     </span>
    </p>
   </div>
   <div class='ocr_carea' id='block_1_118' title="bbox 3265 5939 3331 5999">
    <p class='ocr_par' dir='ltr' id='par_1_118' title="bbox 3265 5939 3331 5999">
     <span class='ocr_line' id='line_1_120' title="bbox 3265 5939 3331 5999; baseline 0.045 -3"><span class='ocrx_word' id='word_1_842' title='bbox 3265 5939 3331 5999; x_wconf 78' lang='grc'>11</span> 
     </span>
    </p>
   </div>
  </div>
