4162 6478
586 457 689 513 559

591 573 753 645 193
768 571 911 627 Idem
930 571 1057 627 alibi
1087 572 1365 630 missionis
1388 572 1530 628 banc
1549 572 1660 629 edit
1689 574 1979 636 rationem,

588 680 825 760 {Vaiades
870 700 899 736 ο
933 682 1184 760 Phoebum
1224 700 1343 760 cunt
1369 682 1540 760 Musis
1586 685 1770 760 solvite
1798 684 2078 760 Nymphae,

584 754 890 807 Arcitenens
917 754 1056 808 vobis
1080 761 1238 810 cantu
1260 755 1548 810 celebretur
1562 757 1774 826 Apollo.

586 843 935 917 Rursumque
955 846 1106 913 alibi,

586 934 779 990 Tollite
799 936 918 1006 jam
944 946 1107 1002 serta,
1132 954 1196 992 ac
1219 939 1363 992 niueo
1393 940 1614 1009 vestigia
1642 956 1758 995 rore

584 1072 829 1146 Spargite
851 1091 872 1128 :
894 1091 1015 1133 mox
1035 1076 1251 1131 inducta
1278 1075 1411 1132 leves
1437 1077 1563 1131 mihi
1591 1077 1732 1132 linea
1752 1095 1961 1150 gressus

588 1210 865 1278 Expediat.
910 1210 1125 1267 Dextra
1186 1214 1440 1267 insertans
1483 1214 1758 1267 subducite
1824 1215 2084 1276 laurum;

586 1280 718 1336 Cum
742 1282 963 1352 geminis
988 1282 1226 1353 geminas
1250 1283 1424 1339 oculis
1448 1284 1728 1355 abstergite
1756 1300 1932 1345 nares,

586 1412 1049 1484 Atqueltonittcm,
1066 1415 1260 1487 osocit’,
1291 1430 1431 1472 nunc
1452 1417 1665 1472 tandem
1690 1417 1914 1472 mittite
1944 1418 2152 1472 terris.»

582 1524 796 1593 Quibus
839 1527 1022 1585 allatis
1058 1529 1203 1585 idem
1240 1539 1452 1597 auctor,
1503 1547 1524 1583 ι
1549 1530 1733 1586 Linea:
1759 1530 2043 1596 nimirum,
2070 1529 2158 1585 in-

583 1617 719 1686 quit,
744 1632 857 1689 quo
888 1619 1041 1676 abire
1066 1620 1262 1691 possit,
1292 1630 1353 1677 ut
1378 1621 1726 1688 inducantur,
1756 1619 1983 1693 ﬂagitat,
2010 1621 2157 1691 quod

584 1709 652 1765 iis
693 1711 1024 1768 constrictus
1064 1720 1381 1770 teneretur:
1409 1729 1513 1771 nec
1554 1714 1622 1770 iis
1650 1714 1835 1783 modo,
1862 1714 1957 1771 sed
1990 1714 2156 1771 etiam

584 1799 793 1870 reique
828 1801 1060 1859 vestitus
1103 1802 1566 1874 conﬁguratione,
1611 1805 1759 1875 quod
1802 1813 2154 1861 evocatorum

1218 457 1495 516 EUSEBll
1529 457 2009 517 CASSARIENSIS
2043 456 2193 515 OPP.
2236 457 2415 512 PARS
2454 456 2515 513 11.
2551 486 2620 496 —-
2661 452 3159 510 APOLOGETlCA.

2186 576 2232 633 Α
2260 571 2370 624 Καὶ
2402 568 2561 623 πάλιν
2588 567 2772 622 ἄλλοτε
2798 567 3057 619 ἀπόλυσιν
3084 564 3250 617 ἔδωκε
3284 562 3535 633 τοιαύτην
3553 576 3568 592 ·

3727 447 3836 506 διο

2258 680 2510 745 Ναϊάδες
2538 680 2783 746 νύμφαι,
2814 680 3079 742 Μούσαις
3100 677 3255 745 μέγα
3274 687 3297 715 ³
3321 674 3499 728 λύετε
3526 672 3763 738 Φοῖϐον,

2262 752 2572 821 ’ᾼδουσαι,
2596 748 2765 811 θειαὶ,
2798 747 3164 815 ἑκατηϐόλον
3212 746 3574 805 Ἀπόλλωνα.

2258 843 2370 897 Καὶ
2399 841 2560 896 πάλιν
2801 852 2932 909 φησι

2256 930 2494 988 Λύσατέ
2527 948 2630 1001 μοι
2667 928 3009 999 στεφάνους
3033 968 3049 991 ,
3086 928 3188 985 καί
3238 944 3356 996 μευ
3429 924 3834 1061 πόῖαὲευῆδρτι

3679 1014 3764 1061 κφ

2268 1071 2525 1129 Ῥἁνατε,
2561 1087 2658 1133 και
2729 1069 2996 1140 γραμμὰς
3061 1067 3458 1134 (incute/grate,
3499 995 3837 1207 κιῗῖῖὲξὲό-

2257 1212 2463 1287 Χεζρός
2492 1209 2802 1287 δεξιτερῆς
2854 1207 3095 1287 ﬁdem?
3124 1205 3361 1287 κλάδοις,
3412 1205 3591 1287 ᾷρατε
3617 1205 3812 1273 χερσὶ,

2263 1276 2497 1353 Ψῆχετε
2569 1276 2916 1350 ὀφθαλμοὺς
2953 1276 3258 1347 διδύμους,
3291 1276 3468 1345 ῥῖνάς
3516 1290 3832 1416 cgita-ggnu-

2260 1424 2465 1490 Ἄρατε
2492 1420 2658 1493 φῶτα
2686 1420 2930 1491 ruinae?
2954 1416 3433 1484 ἀναστήσαντες,
3458 1415 3701 1480 ἑταῖροι.
3740 1433 3761 1465 ι

2262 1527 2357 1598 Οἷς
2389 1533 2630 1603 ἐπιλέγει
2669 1534 2699 1586 ὁ
2741 1530 3124 1602 συγγραφεύςο
3160 1548 3180 1582 ι
3216 1529 3326 1592 Τὰς
3356 1527 3621 1600 γραμμὰς
3658 1525 3837 1579 τοίνυν

2260 1624 2690 1697 παρακελεύεται
2722 1623 3065 1692 ἀπαλείφειν,
3095 1620 3183 1674 ἵνα
3205 1618 3441 1690 ἀπέλθῃ⁶
3478 1619 3684 1680 ταύτας
3721 1615 3832 1685 γάρ

2258 1719 2499 1789 κρατεῖν,
2529 1717 2625 1770 καὶ
2653 1716 2833 1786 μέντοι
2868 1714 2962 1768 καὶ
2991 1712 3053 1765 τὸ
3075 1710 3202 1766 ἄλλο
3231 1710 3415 1781 σχῆμα
3434 1708 3533 1779 τῆς
3547 1705 3832 1775 ἐνδύσεως,

2257 1807 2347 1863 διὰ
2373 1808 2437 1861 τὸ
2475 1807 2664 1879 φέρειν
2701 1806 3055 1875 είκονίσματα
3084 1801 3194 1856 τῶν
3220 1799 3571 1871 κεκλημένων
3612 1797 3770 1852 θεῶν.
3809 1815 3830 1848 ι

584 1893 873 1949 numinum
900 1896 1138 1966 speciem
1168 1904 1333 1967 atque
1365 1896 1659 1968 imaginem
1686 1912 1798 1967 pra:
1827 1912 1888 1954 se
1910 1896 2096 1954 l'erret.
2130 1915 2149 1950 ι

2260 1897 2534 1969 Δεδεῖχθαι
2575 1897 2762 1967 σαφῶς
2792 1896 3030 1968 ἠγοῦμαι
3059 1894 3146 1949 διὰ
3172 1891 3399 1957 τούτων,
3428 1892 3510 1945 ὅτι
3549 1890 3715 1980 μηδὲν
3776 1888 3841 1942 τὸ

584 1981 847 2052 Equidem
883 1985 972 2041 his
1003 1987 1261 2044 omnibus
1314 1988 1472 2059 plane
1529 1988 1838 2045 conlectum
1879 1988 2156 2054 existimo,

585 2075 721 2131 nihil
756 2090 987 2146 prorsus
1027 2087 1125 2135 aut
1158 2078 1272 2135 Deo
1310 2080 1569 2151 dignum,
1609 2090 1705 2137 aut
1740 2081 2033 2147 excellens,
2065 2090 2161 2137 aut

586 2183 713 2225 vere
743 2169 987 2226 divinum
1020 2171 1079 2227 in
1119 2171 1403 2244 spiritibus
1433 2172 1544 2230 illis
1588 2173 1848 2241 residere,
1875 2189 2015 2245 quos
2043 2182 2160 2230 tan-

587 2266 699 2312 tam
745 2258 814 2315 ad
845 2259 1208 2317 humilitatem
1243 2262 1483 2333 abjectos
1523 2262 1734 2331 videas,
1770 2272 1834 2320 ut
1872 2278 1902 2322 a
1933 2263 2159 2335 plebeiis

586 2348 751 2405 etiam
791 2364 856 2406 ac
899 2351 1135 2409 sordidis
1170 2352 1487 2411 hominibus
1527 2354 1887 2412 detrahantur
1931 2370 1965 2411 e
1993 2356 2157 2423 calo,

587 2438 751 2507 idque
800 2439 870 2494 ab
918 2440 1026 2496 illis
1070 2442 1195 2507 ﬂat,
1242 2457 1352 2498 non
1400 2444 1547 2515 quod
1593 2446 1779 2517 aliquo
1810 2446 2029 2503 virtutis
2065 2455 2160 2502 aut

586 2528 867 2598 sapientiae
892 2530 1073 2588 studio
1098 2540 1377 2602 praestent,
1401 2534 1495 2590 sed
1519 2537 1939 2606 supervacaneis
1960 2536 2160 2595 dunta-

591 2630 687 2675 xat
717 2623 1082 2694 inanibusque
1122 2624 1415 2696 praestigiis
1444 2635 1500 2680 et
1528 2627 1877 2685 cantionibus
1921 2627 2157 2685 abutan-

589 2724 699 2768 tur.
748 2711 931 2779 Quare
976 2728 1153 2785 neque
1177 2713 1514 2787 Pythagoras
1554 2716 1646 2772 ille
1676 2716 1946 2785 Rhodius,
1981 2734 2159 2791 neque

504 2842 511 2849 .
589 2804 637 2861 is
669 2805 855 2872 etiam,
884 2806 980 2876 qui
1022 2806 1117 2861 tali
1156 2822 1282 2861 eum
1330 2808 1641 2865 testimonio
1682 2809 2022 2877 cohonestet,
2056 2826 2157 2868 ne-

585 2911 693 2968 que
718 2896 857 2952 alius
888 2897 1111 2953 omnino
1137 2900 1428 2970 quisquam
1457 2915 1657 2957 nomen
1691 2902 1758 2958 iis
1781 2902 2006 2959 deorum
2034 2903 2159 2974 jure

585 2989 889 3060 meritoque
935 2990 1214 3057 tribuerit,
1263 2990 1374 3047 imo
1413 3007 1513 3048 nec
1547 2994 1817 3050 bonorum
1848 2995 2157 3052 daemonum

587 3089 734 3139 certe
759 3082 1001 3153 quidem,
1030 3083 1125 3153 qui
1162 3083 1233 3138 ab
1256 3083 1573 3140 hominibus
1603 3094 1659 3141 et
1690 3086 1851 3143 morti
1879 3087 2156 3153 obnoxiis.

583 3179 639 3226 et
678 3174 1165 3246 praestigiatoribus
1205 3189 1272 3239 ac
1304 3175 1585 3242 maleﬁcis,
1628 3192 1737 3233 non
1771 3193 1868 3235 sua
1914 3179 2021 3249 ipsi
2055 3194 2155 3236 ve-

2258 1987 2488 2043 καθόλου
2512 1987 2836 2061 θεοπρεπὲς,
2902 1988 3039 2059 μήτε
3070 1985 3232 2058 μέγα,
3271 1985 3411 2056 μήτε
3451 1981 3666 2054 άληθῶς
3695 1979 3838 2034 θεῖον

2260 2080 2435 2136 ἔνεστι
2476 2084 2590 2145 τοῖς
2642 2082 2721 2145 είς
2752 2079 3006 2134 τοσοῦτον
3047 2077 3431 2147 ταπεινότητος
3478 2090 3840 2129 καταπεπτω-

2259 2170 2381 2227 κόσι
2402 2170 2727 2242 πνεύμασιν,
2755 2170 2832 2235 ὡς
2860 2173 2974 2235 τοῖς
3004 2168 3266 2239 τυχοῦσιν
3289 2166 3597 2239 ἀνθρώποις
3637 2163 3839 2219 ὑποσύτ

2263 2261 2472 2334 ρισθαι,
2502 2260 2860 2316 καθέλκεσθαί
2885 2277 2945 2316 τε
2965 2262 3028 2316 οὐ
3058 2261 3127 2314 δι’
3145 2259 3349 2332 ἀρετῆς
3368 2259 3463 2313 καὶ
3492 2256 3682 2327 σοφίας
3709 2255 3840 2310 ἀνάο

2259 2352 2439 2425 ληψιν,
2471 2352 2584 2406 ἀλλ’
2615 2354 2664 2405 εἰ
2719 2353 2877 2424 μόνον
2940 2352 3009 2406 τὰ
3068 2352 3168 2423 τῆς
3227 2350 3516 2423 περιέργου
3588 2351 3837 2420 γοητεῖας

2263 2443 2571 2514 μετέλθοιεν
2629 2460 2689 2496 τε
2735 2443 2829 2497 καὶ
2867 2442 3263 2515 διαπράξοιντο.
3297 2439 3423 2495 υθτ*
3459 2436 3553 2496 οὖν
3591 2439 3769 2511 ὀρθῶς
3810 2439 3841 2491 ό

2272 2535 2471 2599 Ῥόδιος
2491 2534 2835 2607 Πυθαγόρας,
2869 2534 2983 2590 οὔθ’
3005 2537 3035 2589 ὁ
3071 2534 3248 2607 τούτῳ
3289 2535 3492 2604 ταύτην
3539 2530 3839 2603 παρασχὼν

2258 2629 2359 2701 τὴν
2389 2629 2713 2701 μαρτυρίαν,
2739 2628 2852 2684 οὔθ’
2878 2628 3127 2685 ὁστισοῦν
3159 2627 3468 2700 ἀνθρώπιον
3491 2624 3646 2687 θεοὺς
3668 2640 3840 2694 προσ-

2258 2717 2402 2771 είποι
2450 2717 2516 2772 ἂν
2546 2718 2801 2788 εὐλόγως⁸
2836 2718 2951 2773 ἀλλ’
2974 2718 3097 2773 οὐδὲ
3124 2717 3359 2787 ἀγαθοὺς
3384 2714 3661 2785 δαίμονας,
3708 2712 3839 2776 τοὺς

2260 2809 2366 2864 ὑπὸ
2391 2808 2602 2881 θνητῶν
2631 2810 2954 2882 ἀνθρώπων,
2983 2810 3079 2864 καὶ
3107 2807 3282 2864 ταῦτα
3306 2810 3515 2879 γοήτων
3542 2845 3558 2870 ,
3590 2805 3653 2858 ού
3695 2801 3837 2873 κατᾷ

2260 2897 2482 2969 γνώμην
2509 2899 2736 2965 οικειαν,
2765 2899 2857 2972 βία
2882 2900 2938 2956 δι
2966 2901 3060 2955 καὶ
3087 2898 3300 2970 ἀνάγκη
3335 2896 3670 2969 συρομένους
3693 2932 3711 2959 ,
3740 2892 3838 2947 καὶ

2263 2989 2398 3062 μηδὲ
2433 2991 2533 3063 τῆς
2575 2993 2683 3045 τῶν
2718 2992 2934 3063 δεσμῶν
2984 2989 3302 3055 ἀπολύσεως
3327 2989 3425 3062 τὴν
3468 2987 3717 3053 ἐξουσίαν
3751 2988 3838 3053 ἐφ’

2261 3084 2471 3148 ἑαυτοῖς
2497 3084 2731 3156 ἔχοντας.
2773 3085 2837 3138 Ei
2870 3082 2979 3155 γὰρ
3010 3082 3074 3155 δὴ
3099 3083 3356 3138 ἀδίαστον
3384 3082 3476 3136 ml.
3523 3080 3840 3148 ἀκατανάγ-

2261 3192 2478 3242 καστον,
2503 3178 2599 3231 καὶ
2629 3176 2847 3234 πάντων
2876 3178 3150 3249 κρεῖττον,
3197 3176 3298 3242 τὴν
3347 3174 3508 3243 φύσιν
3549 3171 3758 3235 ἀπαθὲς
3780 3170 3843 3227 ὃν

586 3265 814 3329 luntate,
847 3266 941 3321 sed
970 3266 1022 3321 vi
1045 3267 1280 3337 quadam
1310 3276 1365 3323 et
1388 3269 1713 3325 necessitate
1750 3272 2157 3341 pertrabantur,

2263 3266 2357 3321 καὶ
2387 3265 2669 3339 ἐλεύθερον
2690 3267 2752 3321 τὸ
2779 3267 2932 3320 Θεῖον
2953 3282 2967 3295 °
2996 3265 3113 3329 πῶς
3147 3264 3214 3319 ἂν
3242 3256 3358 3317 εἷεν
3382 3263 3515 3329 θεοὶ,
3548 3259 3842 3333 μαγγανεί-

588 3373 655 3414 ac
684 3373 752 3414 ne
780 3359 1042 3416 redeundi
1069 3359 1289 3429 quidem
1331 3359 1422 3430 jus
1457 3377 1525 3417 ex
1557 3377 1616 3417 se
1642 3363 1777 3433 ipsis
1808 3376 1903 3420 aut
1931 3364 2161 3421 faculta-

592 3466 697 3507 tem
737 3451 992 3506 habeant.
1042 3450 1365 3518 Enimvero,
1400 3453 1446 3507 si
1481 3452 1748 3523 ejusmodi
1791 3470 1993 3510 numen
2039 3470 2163 3512 esse

586 3542 782 3610 debet,
819 3544 910 3599 cui
953 3559 1055 3600 nec
1094 3542 1179 3601 vis
1228 3543 1431 3621 afferri,
1473 3560 1574 3601 nec
1616 3548 1820 3617 imponi
1862 3551 2161 3608 necessitas

587 3634 699 3688 ulla
757 3634 965 3703 possit,
1024 3635 1282 3705 quodque
1331 3636 1497 3691 rebus
1553 3636 1826 3694 universis
1889 3639 2053 3695 altius
2105 3649 2161 3697 et

589 3727 901 3798 augustius,
952 3735 1205 3781 naturam
1251 3735 1307 3782 et
1347 3727 1418 3782 ab
1457 3728 1609 3783 omni
1649 3729 1887 3799 patiendi
1922 3731 2159 3789 solutam

587 3816 868 3887 periculo,
910 3826 964 3872 et
1000 3816 1253 3873 libertate
1305 3818 1588 3888 praeditam
1646 3819 1841 3876 habeat
1874 3837 1888 3874 :
1934 3832 1994 3879 tu
2025 3823 2179 3885 deos,

588 3907 825 3977 appelles
882 3908 1056 3976 istos,
1110 3910 1206 3979 qui
1249 3910 1335 3965 vel
1380 3909 1649 3979 ejusmodi
1705 3911 2041 3982 ﬁgurarum,
2092 3914 2160 3969 li-

587 4015 848 4069 nearum,
905 4001 1316 4072 imaginumque
1361 4003 1630 4059 machinis
1670 4004 1899 4073 deduci,
1937 4006 2022 4062 vel
2063 4021 2159 4063 co-

586 4107 881 4161 ronarum,
931 4101 987 4149 et
1024 4091 1220 4149 ﬂorum
1261 4109 1328 4149 ex
1357 4103 1515 4150 terra:
1538 4096 1845 4154 visceribus
1889 4099 2156 4155 exsisten-

583 4185 721 4240 tium
772 4184 1077 4251 illecebris,
1126 4185 1209 4241 vel
1251 4185 1501 4243 barbaris
1533 4188 1861 4258 quibusdam
1898 4192 2158 4263 omnique

584 4273 979 4344 signiﬁcatione
1049 4275 1363 4332 carentibus
1420 4277 1572 4333 sonis
1634 4292 1699 4333 ac
1756 4280 1986 4337 vocibus
2042 4282 2158 4339 ine.

585 4368 758 4433 scari,
819 4367 1063 4437 adeoque
1124 4368 1619 4437 abjectissimorum
1663 4372 1829 4428 etiam
1872 4373 2156 4433 hominum

584 4458 873 4515 arbitrium
931 4460 1087 4529 sequi
1152 4469 1456 4531 nutumque
1520 4463 1757 4531 soleant,
1819 4475 1880 4520 ut
1926 4466 2157 4537 quibus-

584 4551 711 4605 dam
764 4551 922 4621 quasi
976 4551 1207 4607 vinculis
1278 4566 1559 4608 servorum
1628 4556 1802 4611 instar
1851 4559 2156 4630 mancipio-

2264 3377 2352 3425 αις
2419 3362 2541 3425 ταῖς
2574 3361 2662 3416 διὰ
2694 3360 2911 3415 τοιῶνδε
2956 3360 3252 3431 σχημάτων
3290 3359 3385 3414 καὶ
3425 3356 3703 3430 γραμμῶν
3742 3354 3840 3408 καὶ

2262 3451 2467 3518 τύπων,
2485 3454 2769 3522 στεφάνοις
2788 3470 2847 3507 τε
2871 3454 3091 3516 καὶτοῖς
3112 3450 3221 3506 ἀπὸ
3240 3451 3344 3521 γῆς
3358 3449 3565 3513 ἄνθεσι,
3584 3447 3677 3502 καί
3698 3462 3842 3511 τισιν

2261 3542 2438 3607 ἄλλοις
2451 3544 2683 3616 ἀσήμοις
2696 3544 2793 3599 καὶ
2826 3543 3123 3617 βαρὸάροις
3145 3544 3300 3614 ἤχοις
3318 3558 3378 3595 τε
3402 3541 3497 3595 καὶ
3518 3542 3718 3610 φωναῖς
3737 3555 3839 3608 κη-

2262 3634 2529 3706 λούμενοι,
2542 3636 2637 3690 ita!
2648 3638 2759 3700 τοῖς
2768 3635 3020 3708 τυχοῦσιν
3032 3632 3340 3704 ἀνθρώποις
3349 3630 3684 3704 χειρούμενοι
3698 3628 3831 3700 (20),

2262 3726 2356 3780 καὶ
2387 3725 2626 3797 ὡσπερεὶ
2672 3726 2890 3797 δεσμοῖς
2939 3723 3425 3796 καταδουλούμενοι
3445 3763 3460 3787 ,
3503 3722 3643 3778 ὥστε
3700 3719 3835 3791 μηδὲ

2258 3817 2359 3889 τὴν
2402 3817 2745 3883 αὐτεξούσιον
2788 3819 2880 3872 καὶ
2914 3817 3304 3890 προαιρετικὴν
3360 3815 3553 3881 σώζειν
3591 3814 3674 3883 ἐφ’
3704 3813 3833 3865 ἐναυ-

2258 3911 2369 3974 τοῖς
2382 3909 2637 3981 δύναμινς
2666 3910 2790 3975 Πῶς
2807 3911 2852 3964 δ’
2874 3910 2941 3965 ἂν
2963 3909 3067 3964 κᾶν
3094 3908 3287 3978 ἀγαθοὶ
3306 3907 3559 3977 δαίμονες
3577 3902 3839 3978 λεχθεῖεν,

2261 4000 2355 4073 βίᾳ
2398 4001 2493 4056 καὶ
2532 4001 2744 4075 ἀνάγκῃ
2798 4000 3247 4072 κατασπώμενοι;
3290 3999 3355 4051 Τί
3403 3997 3514 4069 γὰρ
3566 3995 3628 4049 τὸ
3666 3994 3839 4048 αἴτιον

2257 4094 2385 4158 τοὺς
2412 4094 2442 4135 ιι
2484 4094 2736 4159 ἄκοντας,
2779 4094 2900 4165 οὐχὶ
2930 4094 2987 4153 δὲ
3029 4090 3405 4159 αὐτεξουσίους
3451 4091 3592 4160 σφᾶς
3643 4085 3840 4147 αὐτοὺς

2256 4189 2371 4252 τοῖς
2404 4186 2651 4258 βοηθείας
2678 4185 2950 4257 δεομένοις
2982 4184 3309 4249 ὲπιδιδόναις
3342 4183 3405 4235 Εἰ
3435 4184 3545 4252 γὰρ
3577 4181 3665 4232 ἐπ’
3705 4179 3842 4246 ἀγα-

2258 4276 2337 4349 θῷ
2383 4277 2658 4333 ποιοῦνται
2676 4278 2776 4350 τὴν
2808 4276 3041 4347 πάροδον
3085 4275 3279 4346 ἀγαθοὶ
3326 4274 3497 4337 ὄντες,
3542 4270 3637 4325 καὶ
3682 4270 3840 4339 εἴπερ

2257 4389 2341 4435 τις
2368 4366 2437 4441 ἦν
2477 4370 2539 4435 ἐξ
2563 4370 2742 4423 αὐτῶν
2773 4368 2949 4440 ψυχῆς
2975 4368 3233 4438 ὠφέλεια,
3265 4366 3404 4439 χρῆν
3444 4364 3615 4435 δήπου
3650 4378 3841 4434 προαι-

2260 4463 2405 4537 ρέσει
2423 4463 2486 4516 τὸ
2511 4462 2709 4532 ἀγαθὸν
2734 4459 3090 4526 ἀσπάζεσθαι,
3118 4460 3412 4527 φθάνοντας
3438 4457 3554 4518 ταῖς
3576 4452 3843 4513 εὐποιίαις

2259 4555 2384 4617 τοὺς
2430 4552 2734 4624 δεομένους,
2788 4550 2924 4605 ἀλλὰ
2972 4550 3046 4622 μὴ
3093 4548 3404 4621 περιμένειν
3460 4545 3726 4614 ἀνάγκην.
3776 4542 3839 4594 Ei

582 4656 819 4712 rumque
847 4642 1153 4709 constricti,
1193 4658 1261 4699 ne
1296 4645 1564 4716 integram
1591 4648 1813 4717 quidem
1837 4664 1903 4707 ac
1927 4651 2154 4708 liberam

2260 4644 2305 4698 δ’
2336 4645 2398 4699 ού
2446 4643 2608 4700 καλὸν
2652 4640 2741 4715 ἦν,
2792 4642 2901 4697 οὐδ’
2951 4642 3191 4711 ὠφελοῦν
3231 4639 3294 4694 τὸ
3336 4638 3727 4710 πραττόμενον,
3761 4632 3843 4686 διὸ

582 4735 827 4790 solvendi
875 4736 1305 4809 expediendique
1353 4738 1440 4795 sui
1482 4746 1807 4811 potestatem
1847 4743 2159 4800 retineant?

588 4826 748 4897 197
781 4824 863 4881 Tu
889 4827 1066 4883 bonos
1091 4828 1255 4885 etiam
1297 4830 1571 4888 daemones
1604 4831 1886 4890 arbitreris
1917 4850 2034 4903 eos,
2060 4836 2157 4907 qui

582 4920 634 4973 vi
664 4928 877 4974 tantum
908 4934 973 4976 ac
995 4921 1323 4978 necessitate
1349 4921 1655 4989 ducantur?
1680 4920 1823 4990 Quid
1857 4924 2001 4979 enim
2024 4941 2157 4981 cau-

582 5027 658 5069 ea:
682 5020 787 5077 est,
820 5012 1179 5083 quamobrem
1214 5013 1367 5069 inviti
1397 5030 1461 5073 ac
1495 5025 1882 5086 repugnantes,
1912 5033 2021 5072 non
2056 5032 2154 5075 sua

580 5101 685 5173 ipsi
747 5111 942 5172 sponte
1001 5104 1317 5160 hominibus
1370 5106 1576 5165 auxilio
1630 5120 1732 5162 suo
1784 5109 2153 5179 indigentibus

578 5210 739 5264 opem
782 5193 993 5252 ferant?
1038 5194 1174 5252 Nam
1223 5198 1271 5253 si
1323 5198 1574 5255 beneﬁcii
1624 5198 1937 5257 conferendi
1979 5201 2153 5271 gratia

580 5295 845 5359 tanquam
876 5290 1006 5347 boni
1042 5291 1384 5358 advenirent,
1427 5303 1524 5348 aut
1547 5293 1594 5351 si
1623 5293 1694 5348 ab
1722 5292 1791 5349 iis
1819 5292 1873 5347 in
1903 5294 2150 5351 animum

582 5380 833 5435 utilitatis
861 5382 1068 5452 aliquid
1109 5382 1552 5452 proficisceretur
1598 5397 1695 5440 eos
1724 5385 1916 5454 utique
1945 5384 2151 5442 bonum

649 5594 677 5622 ι
711 5598 800 5649 γρ.
845 5582 999 5649 μίγα.
1074 5579 1101 5619 b
1141 5580 1225 5632 ῖσ.
1254 5579 1367 5631 τοῦ.

651 5735 767 5804 (20)
808 5740 1112 5816 Τυχοῦςιν
1126 5741 1455 5816 ἀνθρώποις
1478 5700 2156 5816 χερροῑξιιειςοι.-Ε.Ιοηιρειδ

580 5811 874 5866 Alexandr.
894 5806 956 5863 in
996 5806 1260 5879 Protrepi.
1282 5829 1298 5865 :
1323 5811 1503 5875 Μάγοι
1531 5808 1587 5860 δὲ
1620 5808 1740 5878 ἤδη,
1770 5806 2021 5879 ᾲσεϐείας
2046 5806 2151 5879 τῆς

583 5880 735 5951 σφῶν
787 5880 966 5939 αὐτῶν
1015 5876 1278 5948 ὑπηρέται
1330 5881 1591 5949 δαίμονας
1629 5876 1908 5955 αὐχοῦσιν,
1944 5876 2158 5950 οἰκέτας

1448 5590 1467 5616 ο
1516 5578 1852 5648 ἵσ.γίνεται,
1929 5578 1958 5618 ά
1997 5581 2079 5632 ῖσ.
2116 5581 2185 5633 οἱ.

2263 4739 2397 4811 μηδὲ
2447 4739 2586 4792 κατὰ
2628 4735 2853 4808 γνώμην
2902 4735 3084 4798 αὐτοῖς
3122 4732 3363 4803 γίνεσθαι
3396 4742 3445 4795 ε,
3492 4730 3587 4782 καὶ
3629 4728 3745 4790 πῶς
3776 4724 3843 4779 ἂν

2258 4829 2451 4900 ἀγαθοὶ
2482 4824 2609 4892 εἷεν,
2636 4828 2698 4881 τὸ
2731 4828 2806 4899 μὴ
2839 4827 3001 4882 καλὸν
3030 4825 3162 4899 μηδὲ
3196 4823 3469 4896 συμφέρον
3493 4821 3842 4893 πράττοντεςὶ

2259 4922 2377 4987 πῶς
2415 4922 2473 4977 δὲ
2506 4921 2879 4994 θαυμάζεσθαι
2921 4920 3081 4985 ἄξιοι,
3116 4921 3211 4974 καὶ
3243 4918 3561 4990 θεραπείαις
3589 4914 3728 4970 θεῶν
3764 4933 3846 4967 τι·

2263 5016 2496 5088 μᾶσθαι,
2562 5017 2609 5068 εί
2640 5014 2667 5055 ἀ
2702 5017 2794 5069 καὶ
2842 5016 2953 5077 τοῖς
3008 5012 3231 5084 τυχοῦσι
3283 5011 3442 5082 γόησι
3503 5008 3597 5062 τὸν
3644 5006 3846 5080 τρόπον

2264 5106 2694 5171 πανωλεστάτοις
2742 5104 3261 5176 καταδουλούμενοι,
3316 5102 3411 5156 καὶ
3460 5101 3524 5154 τὸ
3573 5100 3647 5171 μὴ
3683 5097 3846 5152 καλὸν

2263 5198 2396 5270 μηδὲ
2429 5200 2703 5270 συμφέρον
2733 5196 2886 5269 παρὰ
2915 5196 3138 5268 γνώμην
3171 5194 3429 5267 πράττειν
3467 5189 3848 5260 ἀναγκαζόμε-

2259 5304 2359 5352 νοι,
2398 5287 2652 5359 ἀγόμενοι
2681 5303 2741 5339 τε
2782 5287 2877 5340 καὶ⁵
2924 5284 3331 5355 καθελκόμενοι,
3365 5283 3426 5335 οὐ
3460 5277 3530 5334 δι’
3559 5277 3769 5349 ἁποχὴν
3817 5286 3844 5316 ο

2262 5383 2613 5457 σωφροσύνης
2650 5382 2973 5456 ἀνθρώπων,
3020 5381 3139 5435 οὐδὲ
3181 5379 3380 5452 ἀρετῆς
3418 5377 3599 5448 χάριν,
3633 5374 3669 5446 ἦ
3700 5388 3846 5436 τινος

2269 5592 2289 5620 ο
2334 5581 2416 5633 Ir.
2454 5581 2742 5652 ἀποδοχήν.

2267 5737 2462 5800 αὐτοὺς
2493 5737 2705 5798 ἑαυτοῖς
2730 5736 3202 5807 καταγράψαντες,
3234 5731 3851 5807 τοὺςᾼκατηναγκασμέ-

2262 5825 2382 5869 νους
2411 5807 2625 5871 δούλους
2651 5810 2768 5871 ταῖς
2805 5803 3080 5871 ἐπαοιδαῖς
3110 5824 3170 5860 πε
3184 5803 3486 5868 ποιτκότες.
