4162 6408
413 366 511 422 Ml

1580 360 1901 417 PRAEPAR.
1944 360 2193 416 EVANG.
2234 360 2361 415 LIB.
2395 361 2459 416 ν.

3554 362 3662 419 542

420 482 617 553 μέρους
641 481 973 552 φιλοσοφίας,
1000 481 1240 552 μεθόδοις
1259 480 1317 535 δὲ
1339 483 1549 554 γοήτων
1575 481 1777 551 ἀπειρη
1788 480 1995 551 μέναις;

2102 479 2234 534 illud
2272 480 2416 536 ultro
2459 481 2767 551 complecti,
2814 483 3201 554 beneﬁciisque
3248 484 3365 539 suis
3414 483 3662 553 indigen-

413 572 480 636 ἀς
508 573 725 637 ὁαύτὸς
765 568 919 636 αὖθις
965 572 1315 643 συγγραφεὺς
1348 572 1407 625 ὲν
1436 573 1504 641 τῇ
1538 570 1674 641 πρὸς
1722 568 1814 622 τὸν
1847 570 1996 639 εἰρη-

418 662 578 733 μένοι
606 664 899 732 Αίγύπτιον
928 662 1210 734 ἐπιστολῇ,
1254 663 1331 727 ὼς
1380 663 1447 717 ἂν
1496 664 1747 734 προφήτῃ
1789 660 1996 732 τάληθῆ

415 754 511 809 καὶ
559 756 843 826 ἀπόρρητα
893 754 1233 826 κινούμενος,
1284 754 1521 809 τέθειται
1543 772 1554 783 ·
1608 755 1735 816 τοὺς
1784 752 1996 821 λόγους,

415 844 538 899 καθ’
570 844 663 909 οὓς
706 845 880 900 ταῦτα
923 846 1282 909 συντελοῦσιν,
1316 844 1409 908 οὓς
1440 843 1589 910 ἄξιον
1616 856 1642 886 ι
1670 844 1799 916 παρ’
1831 840 1997 896 αὐτοῦ

416 936 742 1007 διδαχθῆναι.
790 938 1123 993 Πυνθάνεται
1164 938 1295 1007 γοῦν
1339 932 1442 992 ὧδέ
1477 954 1595 1001 πως
1640 933 1862 1007 ἀπορῶν
1904 932 1999 987 καὶ

2101 570 2236 624 tium
2285 585 2550 640 occupare
2595 579 2759 640 vota,
2820 587 2927 628 non
2978 588 3107 629 vero
3157 574 3287 628 dum
3338 579 3663 643 cogerentur

2101 669 2416 731 exspectare
2444 670 2736 732 oporteret.
2770 660 2866 717 Sin
2902 672 3085 719 autem
3122 663 3258 719 nihil
3281 662 3506 718 omnino
3530 660 3664 716 boni

2101 762 2197 807 aut
2226 753 2378 809 utilis
2408 761 2584 809 totum
2624 754 2767 811 istuc
2793 756 2977 822 habet,
3008 771 3184 826 eoque
3214 766 3408 826 praeter
3444 754 3663 809 illorum

2100 843 2435 898 voluntatem
2457 857 2792 913 sensumque
2812 845 3106 915 contingit;
3129 846 3254 915 quis
3277 844 3410 899 deos
3431 841 3666 914 appellet

2099 948 2219 998 eos,
2241 933 2338 1003 qui
2371 935 2517 1005 quod
2548 950 2651 991 nec
2678 935 2969 991 honestum
2998 949 3100 992 nec
3135 936 3269 991 utile
3294 937 3369 991 sit
3396 932 3666 989 eiﬁciant?

414 1024 607 1096 λέγων.
2105 1034 2201 1079 aut
2227 1025 2354 1096 quis
2385 1027 2605 1082 eosdem
2638 1026 2775 1081 tanti
2820 1036 2990 1099 putet,
3028 1028 3323 1085 dearumve
3364 1028 3513 1083 cultu
3544 1039 3667 1095 pro-

416 1120 743 1188 sequendos,
787 1122 883 1192 qui
926 1133 983 1177 et
1011 1122 1212 1177 vilibus
1254 1129 1311 1177 et
1366 1119 1822 1191 proﬁigatissimae
1867 1116 1992 1172 vitae.
2029 1116 2292 1173 maleficis
2322 1118 2574 1173 servilem
2598 1118 2653 1173 in
2682 1121 2906 1175 modum
2958 1119 3199 1186 obedire,
3237 1120 3492 1190 quodque
3556 1131 3659 1173 nec

416 1212 627 1278 deceat,
676 1230 779 1272 nec
808 1230 1140 1286 quemquam
1164 1215 1319 1285 juvet
1361 1221 1553 1269 contra
1596 1219 1832 1266 mentem
1882 1209 1986 1280 ipsi
2025 1223 2182 1263 suam
2247 1219 2503 1279 praestare
2559 1219 2828 1281 cogantur
2854 1229 2868 1266 :
2894 1221 3196 1282 postremo,
3226 1227 3335 1265 non
3370 1213 3441 1265 ob
3471 1211 3659 1265 mode-

417 1307 579 1362 stiam
630 1309 716 1364 vel
778 1308 1192 1379 temperantiam
1256 1308 1538 1363 hominum
1593 1306 1875 1376 aliquam,
1917 1318 2026 1357 non
2095 1301 2313 1359 virtutis
2354 1313 2449 1360 aut
2490 1304 2661 1375 partis
2708 1305 2874 1361 ullius
2917 1305 3275 1378 philosophiae
3325 1304 3521 1375 gratia,
3570 1302 3665 1357 sed

415 1402 656 1460 infandis
681 1404 1138 1475 praestigiatorum
1169 1403 1377 1463 artibus
1409 1410 1465 1458 et
1504 1399 1773 1476 machinis
1840 1398 2215 1454 deducantur?
2245 1397 2419 1468 Atque
2457 1400 2580 1455 illas
2633 1401 2799 1457 etiam
2837 1399 3203 1472 Porphyrius,
3280 1400 3424 1453 inea
3487 1412 3656 1466 quam

417 1498 487 1554 ad
508 1497 791 1553 laudatum
821 1495 1140 1569 Egyptium
1180 1495 1394 1563 scribit,
1437 1493 1693 1562 epistola,
1729 1506 1890 1548 veras
1950 1490 2162 1546 scilicet
2204 1499 2370 1560 atque
2419 1506 2653 1547 arcanas
2716 1494 2860 1564 apud
2924 1502 3100 1548 vatem
3148 1506 3371 1545 movens
3401 1490 3664 1559 qurestio-

417 1606 536 1656 nes,
599 1589 905 1660 proposuit,
942 1588 1218 1645 hominem
1265 1587 1593 1647 obtestatus,
1666 1585 1749 1639 uti
1804 1598 1947 1650 sese,
2009 1583 2210 1653 quibus
2253 1584 2356 1640 ista
2397 1586 2700 1655 perticiant,
2746 1587 2989 1642 rationes
3038 1587 3248 1641 doceat.
3300 1583 3453 1641 Illum
3503 1585 3668 1657 igitur

417 1686 565 1740 hunc
601 1686 656 1739 in
686 1684 912 1739 modum
943 1697 1145 1752 anceps
1177 1682 1460 1752 animique
1486 1679 1689 1735 dubius
1722 1678 1984 1735 consulit.

978 1776 1371 1840 ΚΕΦΔΛΑΙΟΝ
1407 1777 1464 1829 1'.

2705 1768 2937 1825 CAPUT
2981 1768 3021 1823 Χ
3034 1810 3048 1823 .

423 1890 689 1955 Ὀποίαις
725 1888 1001 1959 μεθόδοις
1032 1891 1085 1943 οἱ
1130 1887 1446 1959 θαυμᾴσιοι
1475 1888 1673 1943 αὐτῶν
1713 1887 1833 1941 θεοὶ
1872 1885 1995 1953 τοῖς

2103 1886 2306 1953 Quibus
2377 1886 2583 1941 artibus
2644 1901 3122 1959 egregtaAnumtua
3193 1884 3669 1955 priestigiatoribus

877 1960 1094 2029 γόησιν
1120 1957 1572 2014 ὑποτάττονται.

493 2090 512 2124 ι
555 2070 703 2124 Πάνυ
744 2069 803 2123 δέ
851 2086 919 2142 με
966 2068 1205 2144 θράττει,
1255 2069 1400 2133 πῶς,
1452 2070 1527 2133 ὡς
1572 2069 1851 2141 κρείττους
1888 2083 1997 2120 πα-

417 2161 842 2234 ρακαλούμενοι,
907 2160 1290 2213 ὲπιτάττονται
1341 2159 1418 2222 ὡς
1480 2160 1714 2232 χείρους
1776 2161 1869 2212 καὶ
1919 2158 1998 2211 δί-

414 2268 569 2305 καιον
599 2248 739 2306 εἶναι
770 2248 1047 2317 ἀξιοῦντες
1077 2252 1168 2305 τὸν
1200 2250 1523 2323 θεράποντα,
1557 2251 1626 2304 τὰ
1654 2251 1811 2306 ἄδικα
1844 2251 1995 2304 αὐτοὶ

415 2343 815 2407 κελευσθέντες,
849 2342 980 2415 δρᾷν
1007 2342 1354 2414 ὑπομένουσι·
1402 2345 1496 2396 καὶ
1528 2341 1751 2413 καθαρῷ
1786 2342 1886 2414 μὲν
1920 2341 1995 2412 μὴ

412 2434 525 2488 δντι
569 2434 629 2499 ἐξ
678 2433 1007 2505 ἀφροδισίων
1052 2432 1154 2487 οὐκ
1199 2432 1266 2488 ἂν
1309 2431 1560 2487 καλοῦντι
1604 2432 1992 2497 ὑπακούσαιεν,

411 2525 562 2577 αὐτοὶ
604 2524 661 2578 δὲ
702 2525 854 2594 ἄγειν
884 2525 965 2589 είς
998 2524 1290 2598 παράνομα
1322 2524 1610 2597 ἀφροδίσια
1653 2524 1779 2588 τοὺς
1807 2525 1995 2595 τυχόν-

408 2632 508 2679 τας
538 2616 637 2669 οὐκ
668 2616 905 2670 ὀκνοῦσι.
936 2616 1045 2670 Καὶ
1077 2616 1185 2670 ἀπὸ
1216 2616 1475 2688 ἐμψύχων
1521 2616 1621 2688 μὲν
1652 2616 1862 2687 ἀποχῆς
1901 2634 1995 2670 κε-

407 2705 619 2759 λεύουσι
649 2705 759 2758 δεῖν
798 2701 937 2760 εἶναι
968 2708 1096 2771 τοὺς
1147 2707 1451 2777 ὑποφήτας,
1499 2708 1587 2761 ἴνα
1624 2704 1698 2779 μὴ
1739 2709 1853 2771 τοῖς
1887 2706 1994 2760 ἀπὸ

406 2793 518 2849 τῶν
548 2795 816 2866 σωμάτων
866 2797 1058 2867 ἀτμοῖς
1101 2795 1427 2868 χραίνωνται
1447 2813 1461 2827 ·
1511 2797 1666 2851 αὐτοὶ
1714 2796 1772 2850 δὲ
1801 2796 1993 2867 ἀτμοῖς

407 2884 609 2939 θυσιῶν
652 2887 768 2949 τοῖς
795 2886 904 2940 ἀπὸ
936 2885 1089 2950 ζώων
1122 2886 1353 2957 μάλιστα
1384 2885 1744 2951 δελεάζονται,
1793 2886 1888 2939 καὶ
1909 2903 1997 2940 νε-

406 2976 541 3048 κροῦ
577 2977 677 3048 μὲν
709 2976 874 3049 ἀθιγῆ
917 2977 1027 3031 δεῖν
1065 2973 1204 3032 εἶναι
1238 2976 1329 3031 τὸν
1360 2977 1623 3049 ὲπόπτην,
1656 2975 1744 3031 διὰ
1786 2976 1996 3050 νεκρῶν

404 3067 464 3120 δὲ
495 3067 564 3121 τὰ
593 3067 764 3122 πολλά
795 3067 948 3133 ζώων
979 3070 1035 3123 αἱ
1078 3068 1372 3138 θεαγωγίαι
1413 3068 1769 3123 ὲκτελοῦνται.
1810 3067 1997 3145 Πολλῴ

2695 1956 3069 2024 subjiciuntur.

2175 2089 2194 2121 ι
2223 2069 2305 2124 Me
2338 2069 2555 2139 quidem
2598 2079 2712 2131 tum
2736 2070 3109 2134 vehementer,
3142 2079 3339 2138 inquit,
3375 2084 3501 2139 angi
3533 2084 3663 2124 sen—

2100 2162 2194 2223 tio,
2239 2159 2331 2214 ubi
2379 2175 2591 2215 mecum
2645 2160 2761 2230 ipse
2802 2168 3017 2230 reputo,
3068 2157 3162 2229 qui
3212 2158 3327 2212 ﬁeri
3362 2159 3553 2227 possit,
3606 2166 3671 2216 ut

2097 2266 2329 2321 quorum
2373 2250 2536 2305 veluti
2589 2250 2969 2321 angustiarum
3018 2264 3082 2305 ac
3130 2250 3461 2304 diviniorum
3505 2265 3674 2320 opem.

2097 2343 2476 2412 imploremus,
2506 2340 2544 2395 ii
2571 2349 2753 2396 tamen
2787 2341 3013 2412 perinde
3042 2350 3102 2396 ut
3126 2340 3448 2397 humiliores
3478 2357 3543 2397 ac
3574 2340 3670 2395 de;

2096 2433 2331 2488 teriores
2360 2430 2615 2487 obediant
2642 2448 2656 2486 :
2683 2430 2885 2502 quique
2907 2432 3134 2488 clientes
3160 2432 3261 2502 ipsi
3285 2447 3416 2488 suos
3438 2432 3669 2504 aequita-

2097 2533 2207 2580 tem
2254 2524 2437 2581 colere
2473 2523 2664 2592 velint,
2703 2525 2924 2580 eosdem
2965 2524 3185 2596 injustis
3225 2524 3469 2595 imperiis
3501 2525 3667 2582 obse-

2096 2617 2191 2687 qui
2214 2632 2324 2672 nou
2356 2616 2558 2687 pudeat
2587 2634 2602 2671 :
2635 2615 2879 2687 adeoque
2906 2631 3033 2672 cum
3068 2631 3261 2671 eorum
3293 2625 3419 2672 vota
3450 2631 3670 2687 preces-

2096 2721 2203 2775 que
2244 2704 2554 2774 repudient,
2583 2704 2677 2776 qui
2721 2703 2791 2759 ad
2823 2719 2946 2761 sese
2989 2704 3173 2760 minus
3208 2706 3306 2762 abs
3336 2721 3395 2760 re
3432 2722 3666 2765 venerea

2096 2797 2219 2867 puri
2259 2796 2613 2863 accesserint,
2640 2794 2832 2852 obvios
2857 2811 3105 2867 quosque
3137 2805 3318 2851 tamen
3363 2797 3655 2853 nefandam

2098 2887 2155 2944 in
2185 2903 2437 2944 venerem
2482 2902 2643 2959 agere
2684 2901 2795 2942 non
2820 2887 3161 2943 erubescant.
3192 2886 3367 2943 Porro
3394 2899 3547 2946 vates
3588 2890 3667 2945 illi

2098 2980 2319 3052 quidem
2363 2979 2797 3050 interpretesque
2842 2992 2977 3035 suos
3015 2978 3181 3034 rebus
3209 2980 3466 3038 animatis
3495 2982 3669 3037 absti-

2100 3086 2233 3127 nere
2263 3070 2478 3142 iubent,
2508 3086 2578 3127 ne
2620 3070 2902 3141 corporeis
2945 3069 3383 3126 exbalationibus
3414 3072 3668 3127 inﬁciann

406 3160 465 3219 δὲ
508 3159 713 3215 τούτων
757 3158 1095 3232 ἀλογώτερον
1133 3159 1194 3213 τὸ
1232 3160 1304 3231 μὴ
1352 3160 1588 3231 δαίμονι,
1644 3161 1694 3213 εί
1730 3159 1902 3232 τύχοι,
1955 3159 1988 3231 ἢ

2101 3172 2189 3219 tur
2218 3162 2651 3219 :sacriliciorum
2683 3170 2890 3226 tamen,
2918 3176 3039 3231 qua:
3061 3177 3124 3217 ex
3152 3163 3527 3220 animantibus
3549 3165 3667 3223 ﬁeri

404 3251 550 3324 ψυχῇ
596 3250 939 3323 τεθνηκότος,
971 3250 1120 3323 αὐτῷ
1167 3250 1225 3305 δὲ
1261 3250 1339 3322 τῷ
1374 3250 1583 3321 βασιλεῖ
1621 3252 1784 3323 Ἡλίῳ
1814 3252 1848 3323 ἢ
1903 3251 1998 3304 Σε-

405 3342 564 3418 λήνῃ,
606 3345 641 3415 ἡ
685 3361 793 3397 τινι
816 3343 927 3397 τῶν
967 3345 1086 3398 κατ’
1138 3344 1367 3417 οὐρανὸν
1396 3343 1700 3416 ἀνθρώπων
1734 3354 1764 3394 b
1798 3343 1876 3415 τῷ
1906 3361 2000 3397 τυ-

408 3435 560 3507 χόντι
606 3436 947 3509 ὑποχείριον,
994 3435 1224 3500 ἀπειλὰς
1290 3436 1670 3510 προσφέροντα
1719 3435 1997 3506 ὲκφοὸεῖν,

407 3527 736 3600 ψευδόμενον
786 3528 853 3581 ἵν’
900 3516 1097 3582 ἐκεῖνοι
1145 3526 1503 3598 ἀληθεύσωσι.
1555 3527 1628 3579 Τὸ
1672 3527 1782 3599 γὰρ
1813 3527 1993 3596 λέγειν

406 3612 542 3688 (Si),
592 3618 675 3671 ὃτι
716 3617 807 3671 τὸν
852 3616 1080 3691 οὐρανὺν
1136 3616 1494 3689 προσαράξει,
1537 3619 1632 3672 καὶ
1675 3617 1745 3671 τὰ
1778 3617 1997 3688 κρυπτά

405 3708 506 3779 τῆς
550 3709 746 3773 Ἴσιδος
787 3710 1032 3779 ἐκφανεῖ,
1066 3710 1160 3763 καὶ
1186 3709 1250 3764 τὸ
1276 3711 1335 3764 ὲν
1377 3709 1582 3780 Ἀϐύδῳ
1608 3710 1720 3780 (22)
1749 3710 1998 3782 ἀπόρρη-

403 3812 498 3852 τον
536 3798 721 3865 δείξει,
758 3801 852 3854 καὶ
895 3801 995 3874 τὴν
1030 3800 1188 3873 βάριν
1233 3801 1421 3872 στήσει
1454 3800 1585 3872 (23),
1619 3803 1713 3855 κα)⁸
1758 3801 1826 3855 τὰ
1863 3801 1996 3875 μέλη

406 3886 502 3963 τοῦ
567 3888 828 3961 Ὀσίριδος
871 3890 1217 3944 διασκεδάσει
1283 3889 1362 3960 τῷ
1422 3889 1678 3960 Τυφῶνι,
1732 3891 1852 3944 τίνα
1900 3892 1999 3963 οὐχ

408 3958 520 4051 (at)
552 3958 856 4052 ὑπερϐολὴν
893 3978 1190 4050 ὲκπληξίας
1257 3958 1356 4050 μιν
1413 3979 1492 4050 τῷ
1518 3958 1526 3960 ἡ
1551 3980 1897 4054 ἀπειλοῦντι,
1956 3958 1993 4034 ἃ

410 4077 548 4146 μήτε
592 4070 721 4138 εἶδε,
759 4074 896 4143 μήτε
933 4070 1178 4138 δύναται,
1227 4072 1564 4137 καταλείπει,
1613 4072 1999 4145 ταπεινότητος

403 4164 463 4219 δὲ
492 4167 604 4227 τοῖς
641 4162 932 4217 δεδοικόσιν
971 4162 1115 4215 οὕτω
1146 4162 1301 4215 κενὸν
1334 4161 1497 4230 φόϐον
1540 4165 1634 4216 καὶ
1679 4163 1995 4235 πλάσματα,

404 4255 482 4319 ὡς
515 4254 708 4325 κομιδῇ
751 4254 938 4319 παῖδες
977 4254 1224 4325 ἀνόητοι;
1258 4253 1452 4306 Καίτοι
1482 4254 1578 4307 καὶ
1614 4255 1921 4327 Χαιρήμων
1969 4256 2000 4309 ὀ

400 4346 881 4417 ἱερογραμματεὺς
913 4344 1217 4416 ἀναγράφει
1250 4341 1440 4408 ταῦτα,
1481 4343 1557 4408 ὡς
1605 4346 1701 4399 δια)⁵
1745 4347 1876 4417 παρ’
1906 4346 1999 4399 Δί-

404 4437 657 4505 γυπτίοις
708 4435 1097 4508 θρυλλούμενα·
1152 4434 1244 4489 καὶ
1298 4434 1471 4489 ταῦτά
1496 4452 1660 4505 φασιν
1708 4432 1846 4491 εἶναι
1892 4436 1989 4490 καὶ

2099 3255 2294 3320 solent,
2332 3253 2630 3326 vaporibus
2666 3252 2906 3308 maxime
2942 3253 3257 3323 capiuntur,
3286 3269 3351 3310 ac
3391 3265 3669 3313 mortuum
3726 3284 3741 3297 -

2102 3346 2263 3416 198
2284 3346 2504 3416 quidem
2552 3346 2622 3400 ab
2664 3358 2949 3401 sacrorum
2994 3359 3219 3400 suorum
3264 3344 3667 3414 inspectoribus

2098 3436 2247 3506 tangi
2296 3434 2453 3491 nefas
2499 3450 2622 3492 esse
2664 3443 2948 3502 statuunt;
2984 3435 3139 3490 caesis
3193 3444 3376 3490 tamen
3431 3437 3667 3491 victimis

2097 3525 2326 3581 deorum
2352 3525 2704 3581 evocationes
2732 3533 2941 3594 partem
2989 3526 3283 3581 maximam
3312 3539 3665 3598 peraguntur.

2098 3614 2366 3686 Quodque
2387 3616 2634 3671 omnium
2658 3611 3116 3672 absurdissimum
3146 3626 3251 3684 est,
3279 3632 3386 3672 non
3406 3621 3518 3688 jam
3548 3619 3667 3673 vul-

2098 3709 2215 3779 gari
2264 3707 2504 3777 cuipiam
2552 3707 2818 3773 daemoni,
2865 3719 2959 3764 aut
3002 3706 3244 3763 defuncti
3287 3710 3516 3776 animae,
3569 3710 3667 3766 sed

2098 3800 2317 3871 ipsimet
2365 3801 2466 3857 soli
2520 3802 2759 3858 siderum
2803 3801 3059 3873 principi,
3102 3802 3278 3871 lunae,
3330 3804 3666 3875 reliquisque

2098 3893 2206 3948 diis
2247 3893 2584 3956 ctelestibus,
2634 3894 2801 3949 homo
2853 3894 3029 3951 cuivis
3082 3890 3346 3965 e'populi
3399 3895 3529 3951 faece
3567 3897 3666 3951 ob-

2100 3987 2299 4042 noxius
2320 3986 2499 4040 minas
2525 3984 2777 4051 intentat,
2802 3993 2968 4056 atque
2992 3996 3053 4039 ut
3070 4000 3165 4040 eos
3186 3985 3253 4040 ad
3282 4000 3410 4041 vera
3437 3985 3667 4047 dicenda

2101 4077 2429 4146 compellat,-
2478 4076 2677 4131 falsum
2727 4091 3038 4148 vanumque
3080 4086 3346 4132 terrorem
3406 4079 3663 4137 ostendit.

2099 4168 2235 4225 Nam
2276 4170 2523 4226 futurum
2567 4169 2927 4237 denuntiare,
2981 4170 3195 4225 uti'vel
3246 4170 3445 4225 caelum
3486 4170 3664 4240 ipsum

2100 4264 2331 4333 quatiat,
2361 4263 2446 4318 vel
2467 4261 2623 4319 Isidis
2649 4277 2849 4317 arcana
2876 4260 3185 4332 patefaciat,
3218 4261 3302 4315 vel
3322 4260 3467 4329 quod
3490 4262 3663 4332 Abydi

2101 4354 2374 4410 occultum
2408 4354 2559 4419 latet,
2593 4353 2856 4423 dictuque
2888 4350 3043 4407 nefas
3080 4360 3183 4414 est,
3225 4350 3280 4404 in
3323 4351 3497 4406 lucem
3537 4367 3667 4421 pro-

2102 4444 2262 4510 ferat,
2290 4444 2375 4499 vel
2408 4443 2744 4516 Egyptiacae
2765 4444 2920 4499 navis
2954 4459 3174 4501 cursum
3205 4444 3466 4509 inhibeat,
3502 4446 3585 4499 vel
3609 4446 3665 4501 in

404 4526 476 4581 τὰ
522 4525 748 4580 τοιαῦτα
792 4525 1209 4597 βιαστικώτατα.
1265 4524 1438 4579 Abt-al
1474 4525 1536 4579 δὲ
1562 4526 1620 4579 αι
1650 4527 1826 4597 εὐχαὶ,
1872 4526 1995 4581 τίνα

2099 4532 2382 4605 Typhonis
2412 4536 2642 4605 gratiam
2673 4533 2907 4591 Osiridis
2929 4534 3173 4590 membra
3203 4534 3437 4606 disjiciat
3465 4554 3476 4589 :
3504 4536 3665 4605 quid-

406 4617 588 4687 εχουσι
620 4616 796 4685 λόγον,
828 4617 921 4671 τὸν
948 4615 1008 4681 ἐξ
1043 4615 1185 4680 ίλύος
1225 4614 1569 4685 ἀναφανέντα
1598 4615 1870 4683 λέγουσαι,
1902 4617 1996 4670 καὶ

404 4711 501 4765 ἐπὶ
525 4710 599 4781 τῷ
641 4710 799 4781 λωτῷ
838 4710 1168 4782 καθήμενον,
1196 4710 1290 4762 καὶ
1314 4708 1409 4762 ἐπὶ
1443 4707 1624 4761 πλοῖον
1653 4707 1997 4778 ναυτιλλόμε-

408 4820 519 4868 νον,
555 4802 649 4856 καὶ
675 4802 796 4856 καθ’
823 4802 972 4874 ὥραν
1005 4802 1105 4866 τὰς
1138 4800 1351 4873 μορφὰς
1379 4799 1699 4870 ἀμείϐοντα,
1733 4801 1825 4853 καὶ
1854 4799 1994 4854 κατά

409 4895 597 4960 ζωδιον
630 4892 1268 4965 μετασχηματιζόμενον;
1300 4889 1458 4945 Οὕτω
1496 4891 1606 4959 γάο
1635 4906 1797 4959 φασιν
1838 4892 1995 4954 αὺτο-

480 5039 512 5074 ι
547 5047 639 5102 7p.
684 5028 872 5095 ἀξιῶν,
900 5029 1013 5085 sine
1035 5027 1149 5092 οῦς.
1223 5026 1254 5069 ιι
1289 5044 1379 5097 γρ.
1412 5025 1713 5097 ἄνθρωπον.

489 5164 606 5237 (Si)
650 5165 719 5219 Τὸ
748 5161 1110 5237 γὰρνλέγειὴε
1148 5161 1275 5237 Haec
1319 5161 1436 5237 ipsa
1485 5161 1669 5237 laudat
1697 5160 1986 5237 Jamblich.

415 5229 513 5290 lib;
552 5229 631 5290 De
654 5229 939 5302 mysteriis.
966 5229 1114 5302 'Audi
1164 5233 1270 5287 hoc
1319 5229 1502 5288 furore
1532 5229 1821 5299 furentem,
1849 5232 1991 5302 apud

413 5303 648 5360 Statium
684 5301 935 5359 Thebaid.
971 5320 1047 5367 tv,
1078 5301 1383 5357 Tiresiam:

415 5373 622 5439 Testor,
652 5375 751 5438 ait,
780 5374 947 5437 divos,
970 5373 1157 5442 quibus
1182 5372 1321 5424 hunc
1342 5371 1668 5442 sacravimus
1688 5371 1881 5441 ignem,

414 5446 674 5514 Laevaque
702 5443 963 5514 convulsa:
985 5441 1229 5496 dedimus
1259 5441 1525 5514 carchesia
1549 5452 1703 5497 terra:
1725 5455 1744 5493 :

410 5514 539 5568 lam
576 5510 771 5583 nequeo
811 5513 1036 5583 tolerare
1058 5527 1297 5583 putaram.
1322 5510 1583 5583 Qqssusue
1610 5510 1854 5566 sacerdos

413 5585 620 5639 Audior
648 5579 673 5637 ?
701 5586 801 5646 An,
834 5582 1019 5645 rabido
1037 5580 1223 5649 jubeat
1254 5581 1299 5634 si
1332 5579 1583 5634 Thessala
1617 5593 1797 5647 cantu,

414 5652 593 5719 Ibitis,
623 5663 674 5707 et
704 5652 966 5722 Scythicis
990 5666 1188 5722 quoque
1214 5651 1471 5722 medicata
1504 5651 1706 5719 pruinis

413 5724 625 5794 (iolchis
658 5719 797 5794 aget,
827 5721 1031 5790 trepida
1065 5719 1332 5794 pallebunt
1365 5719 1593 5794 Tartara
1625 5723 1810 5794 rnatu?

415 5789 767 5868 Sperniteﬁe,
794 5808 972 5848 moueo
998 5800 1086 5846 :et
1112 5791 1257 5844 nobis
1286 5791 1467 5848 sa’vire
1493 5789 1748 5862 facultas.

2100 4638 2226 4679 nam
2261 4625 2512 4692 obsecro,
2543 4624 2628 4681 vel
2659 4640 2935 4681 summum
2973 4625 3042 4681 ad
3074 4635 3351 4696 stuporem
3375 4634 3541 4696 sque
3572 4641 3667 4681 ve-

2096 4715 2339 4771 cordiam
2396 4716 2538 4785 ista,
2595 4732 2717 4788 qua:
2764 4734 2940 4789 neque
2985 4720 3171 4786 novit,
3227 4734 3403 4789 neque
3453 4718 3665 4775 efficere

2095 4815 2292 4877 potest,
2328 4809 2706 4876 comminanti,
2746 4810 2831 4864 vel
2861 4810 3176 4866 numinibus
3210 4826 3332 4880 quae
3357 4809 3578 4865 ﬁctitius
3610 4820 3665 4869 ct

2095 4898 2274 4963 inanis
2307 4899 2410 4955 iste
2437 4907 2611 4955 terror
2639 4900 2993 4957 leviculorum
3030 4901 3321 4955 ousionum
3356 4914 3510 4956 more
3537 4915 3662 4970 pcr-

2092 5167 2301 5222 Scimus
2331 5167 2490 5226 enim,
2514 5177 2565 5220 et
2591 5165 2842 5235 quidquid
2867 5166 2975 5219 dici
3003 5166 3245 5235 noscique
3271 5166 3486 5232 timetis,

2095 5236 2163 5290 Et
2191 5235 2403 5290 turbare
2434 5235 2686 5299 Hecaten,
2713 5246 2819 5289 etc.

2165 5304 2278 5375 (22)
2324 5305 2391 5359 Τὸ
2424 5305 2494 5358 ἐν
2519 5305 2748 5371 Ἀϐύδῳ.
2787 5304 3103 5373 Abydenum
3136 5304 3238 5359 hoc
3271 5316 3537 5361 secretum
3564 5307 3664 5363 ad-

2094 5376 2202 5430 huc
2235 5391 2322 5429 me
2355 5376 2501 5428 latet.

2133 5393 2202 5433 uc
2235 5391 2322 5429 me
2356 5383 2501 5428 latet.

2166 5445 2277 5515 (25)
2323 5445 2440 5511 Τὴν
2461 5442 2646 5516 ,ϐάριν
2663 5443 2920 5516 στήσει.-
2944 5443 3098 5516 Baris
3132 5446 3463 5516 Egyptiaca:
3506 5462 3662 5501 navis

2095 5513 2265 5585 genus
2315 5524 2420 5577 est,
2455 5514 2859 5586 qutxi_tametsi
2910 5513 3073 5586 latius
3116 5513 3341 5582 pateret,
3395 5520 3664 5586 praecipue

2100 5580 2549 5658 i'amcn,_e_t__xa'c:
2574 5580 2791 5658 fgﬁoxtjv,
2823 5598 2956 5658 eam
2990 5580 3351 5654 signiﬁcabat,
3379 5580 3663 5658 quasque-

2096 5655 2275 5708 tanuis
2308 5652 2432 5707 Isidi
2460 5651 2678 5721 publice
2697 5652 2999 5707 dicabatur.

2164 5723 2277 5794 (24)
2320 5724 2439 5775 Οὐκ
2472 5721 2755 5776 delendum
2782 5732 2963 5777 monet
2996 5721 3246 5794 Vigcrus.
