4162 6424
507 333 614 392 345

1153 340 1424 398 EUSEBII
1465 339 1947 396 CAESARIENSIS
1985 340 2139 397 OPP.
2183 340 2365 394 PARS
2403 339 2465 395 ll.
2506 371 2577 380 —
2618 338 3115 395 APOLOGETICA.

3654 337 3762 390 ΞΗ

505 452 689 517 cellat,
721 467 992 508 summam
1014 453 1083 509 ad
1115 454 1474 511 humilitatem
1511 456 1780 526 reliquum
1818 455 1980 512 fecit?
2003 456 2061 510 Et

2174 459 2423 510 σιτεῖσθαι
2462 456 2778 524 ἀγνοοῦντες
2824 458 2904 509 ὅτι
2955 458 3018 508 τὸ
3063 456 3191 508 ἴδιον
3230 455 3399 518 πάθος
3440 456 3538 525 τῆς
3582 457 3762 509 αὐτῶν

503 551 688 597 tamen
746 547 860 599 haec
898 545 1080 600 omnia
1133 545 1450 601 Chammon
1508 561 1661 601 sacer
1713 547 1804 601 ille
1853 547 2068 614 scriba,

502 643 764 706 tanquam
809 636 1186 708 Egyptiorum
1229 639 1438 708 pridem
1477 640 1661 694 omnia
1707 655 1800 694 ore
1845 639 2069 710 jactata,

500 729 850 798 conscripsit,
877 745 998 796 quae
1026 730 1246 799 quidem
1276 729 1355 784 uti
1380 730 1624 799 ejusdem
1658 746 1878 800 quoque
1909 746 2071 800 gene-

499 819 582 875 ris
603 829 819 884 caetera,
843 821 911 874 ad
932 821 1039 874 vim
1065 821 1170 876 diis
1193 821 1524 877 aﬁ‘erendam
1549 823 1927 892 potentissima
1950 839 2072 878 esse

459 909 771 966 .dictitant.
818 909 937 964 Jam
983 926 1111 966 vero
1153 927 1341 982 preces
1385 921 1549 981 atque
1588 921 1733 978 vota,
1769 913 1898 981 quid
1952 921 2071 966 tan-

497 1001 623 1054 dem
670 1001 898 1055 ratiouis
945 1002 1164 1066 habent,
1210 1002 1412 1072 quibus
1459 1005 1710 1057 eumdem
1758 1003 1928 1057 solem
1976 1011 2070 1055 aut

497 1091 697 1147 limosa
730 1107 798 1147 ex
852 1093 1049 1162 palude
1083 1108 1384 1164 emergere,
1422 1105 1516 1148 aut
1544 1095 1656 1148 loto
1688 1094 1944 1158 insidere,
1978 1103 2070 1148 aut

496 1185 717 1257 navigio
745 1187 993 1256 provehi,
1017 1197 1110 1242 aut
1137 1187 1366 1257 singulis
1391 1188 1541 1243 horis
1564 1187 1796 1242 formam
1825 1202 2071 1242 commu-

496 1287 638 1342 tare,
670 1294 735 1333 ac
765 1279 948 1334 varios
990 1293 1086 1349 per
1115 1278 1330 1348 singula
1362 1278 1569 1333 zodiaci
1599 1279 1753 1349 signa
1777 1279 1958 1333 vultus
1993 1279 2072 1332 in-

493 1372 664 1425 duere
707 1369 1178 1424 commemorant?
1225 1367 1437 1440 Quippe
1472 1370 1632 1424 talem
1665 1384 1696 1423 a
1742 1369 1900 1424 nobis
1942 1383 2070 1423 eum

494 1459 666 1514 videri
701 1462 1080 1532 pronuntiant,
1109 1477 1286 1533 neque
1309 1462 1616 1532 intelligunt
1637 1462 1919 1531 prOprium
1948 1476 2072 1516 sese

495 1552 574 1604 illi
617 1553 966 1623 cogitationis
1011 1571 1124 1610 sua:
1169 1555 1359 1609 vitium
1397 1564 1453 1610 et
1494 1569 1739 1608 errorem
1791 1554 2064 1624 aﬁingere.

440 1705 448 1712 ξ
493 1644 598 1709 Qui
631 1645 677 1699 si
706 1645 774 1700 ad
801 1648 1157 1718 symbolicam
1183 1648 1486 1702 orationem
1517 1646 1881 1717 confugerint,
1910 1648 2067 1717 quasi

491 1733 763 1802 ejusmodi
818 1736 964 1791 notis
1006 1737 1173 1792 varize
1221 1737 1353 1792 solis
1394 1735 1683 1791 facultates
1731 1736 2067 1790 adumbratze

2173 551 2469 619 φαντασίας
2514 549 2705 619 ἐκείνῳ
2760 547 3182 619 προσάπτουσιν.
3224 547 3286 599 Εἰ
3325 547 3381 599 δὲ
3422 545 3764 616 συμϐολικῶς

2171 641 2384 709 λέγεται
2417 641 2608 704 ταῦτα,
2637 640 2746 692 τῶν
2780 639 2987 692 ἐκείνου
3016 639 3295 708 δυνάμεων
3322 637 3450 690 ὄντα
3486 637 3761 708 σύμϐολα,

2169 734 2270 803 τὴν
2293 733 2587 803 ἑρμηνείαν
2608 732 2714 782 τῶν
2741 729 3023 800 συμϐόλων
3059 727 3390 780 εἰπάτωσαν·
3431 727 3588 797 δῆλον
3630 727 3764 800 γάρ,

2171 826 2266 888 ὠς,
2299 827 2346 877 εἰ
2369 824 2462 876 τοῦ
2489 823 2640 894 ἡλίου
2664 818 2735 892 ἦν
2755 823 2816 874 τὸ
2841 821 3030 884 πάθος,
3071 819 3317 890 καθάπερ
3344 821 3401 872 ὲν
3439 821 3559 882 ταῖς
3587 817 3766 873 ἐκλείο

2169 916 2313 984 ψεσι,
2343 916 2506 966 πᾶσιν
2532 913 2596 966 ἂν
2621 911 2775 981 ὡφθη
2805 910 2997 963 ταυτὸν
3024 912 3135 972 τοῖς
3151 911 3230 972 εἰς
3252 909 3413 963 αὐτὸν
3436 909 3762 972 ἀτενίζουσιο

2170 1009 2235 1060 Τί
2269 1007 2324 1059 δὲ
2355 1007 2448 1058 καὶ
2478 1005 2548 1058 τὰ
2577 1005 2762 1074 ἄσημα
2795 1002 3040 1072 βούλεται
3067 1002 3328 1071 ὀνόματα,
3358 1003 3451 1054 καὶ
3487 1002 3595 1054 τῶν
3624 1003 3759 1073 ἀσή-

2173 1117 2288 1168 μων
2321 1099 2387 1150 τά
2422 1097 2671 1169 βάρὸαρα
2706 1097 2813 1167 πρὸ
2854 1095 2962 1148 τῶν
2996 1097 3212 1165 ἑκάστῳ
3249 1095 3501 1158 οξκείωνς
3545 1095 3608 1148 Ei
3651 1095 3763 1166 γὰρ

2170 1192 2305 1262 πρὸς
2344 1190 2404 1242 τὺ
2437 1189 2834 1260 σημαινόμενον
2858 1189 3036 1257 ἀφορᾷ
3062 1187 3122 1239 τὸ
3157 1185 3380 1248 ἀκοῦον,
3419 1186 3698 1256 αὐτάρκης
3725 1189 3764 1258 ἡ

2169 1283 2307 1354 αὐτή
2336 1283 2568 1354 μένουσα
2601 1281 2774 1334 ἔννοια
2797 1279 3053 1350 δηλῶσαι,
3085 1277 3187 1332 κᾶν
3215 1277 3492 1332 ὁποιονοῦν
3515 1278 3757 1349 ὑπάρχῃ.

2168 1375 2425 1445 τοῦνομα.
2462 1375 2536 1427 Ού
2562 1375 2670 1444 γάρ
2707 1389 2808 1424 που
2836 1372 2930 1425 καὶ
2956 1371 2985 1422 ὀ
3018 1369 3348 1440 καλούμενος
3378 1370 3671 1438 Αίγύπτιος
3693 1366 3762 1440 ἦν

2168 1469 2246 1538 τῷ
2290 1467 2453 1536 γένει·
2500 1464 2624 1518 εἰδὲ
2647 1464 2740 1516 καὶ
2771 1463 3089 1530 Αἰγύπτιος,
3122 1461 3234 1515 ἀλλ’
3251 1460 3369 1514 οὔτι
3394 1479 3457 1529 γε
3488 1463 3760 1534 Αἰγυπτίᾳ

2169 1559 2446 1631 χρώμενος
2485 1559 2658 1627 φωνῇ,
2702 1556 2812 1609 οὐδ’
2843 1553 3157 1625 ἀνθρωπεία
3183 1553 3319 1617 ὅλως
3352 1553 3650 1624 χρώμενος.
3687 1554 3759 1608 Ἦ

2167 1652 2276 1721 γὰρ
2319 1650 2528 1719 γοήτων
2559 1644 2627 1718 ἦν
2666 1647 2843 1699 πάντα
2880 1646 3228 1716 τεχνάσματα
3264 1645 3458 1708 ταῦτα,
3492 1647 3585 1698 καὶ
3627 1658 3759 1716 προ-

2168 1741 2498 1812 καλύμματα
2521 1740 2610 1794 διά
2628 1738 2735 1792 τῶν
2758 1737 3236 1808 ὲπιφημιζομένων
3258 1736 3336 1806 τῷ
3347 1737 3488 1807 Θείῳ
3503 1737 3612 1790 τῶν
3628 1736 3759 1808 περὶ

493 1821 832 1890 habeantur;
867 1833 1119 1879 notarum
1163 1840 1293 1895 ergo
1322 1838 1546 1880 suarum
1575 1822 1687 1876 vim
1714 1822 1788 1875 illi
1826 1821 1984 1876 nobis
2009 1831 2061 1876 et

2166 1833 2311 1901 ἡμᾶς
2347 1831 2648 1901 γινομένων
2670 1828 2875 1889 παθῶν,
2899 1829 2932 1898 ἡ
2955 1828 3258 1898 λελήθαμεν
3279 1828 3526 1892 ἐιναντίας
3551 1830 3759 1892 ἑννοίας

491 1913 944 1983 signiﬁcationem
977 1919 1243 1987 aperiant.
1275 1915 1591 1980 Enimvero,
1625 1915 1670 1970 si
1701 1913 2061 1985 quemadmo-

2169 1916 2379 1983 ἔχοντες
2412 1915 2540 1984 περὶ
2567 1911 2658 1965 τοῦ
2687 1911 2864 1975 Θείου,
2918 1911 2950 1982 ἢ
2979 1912 3108 1964 αὐτὸ
3153 1911 3228 1980 τῷ
3262 1911 3375 1964 ὄντι
3417 1911 3704 1966 διάκειται.
3731 1931 3753 1964 ι

503 2008 634 2062 dum
684 2007 738 2061 in
782 2009 1184 2064 defectionibus
1227 2009 1512 2080 contingit,
1560 2008 1799 2078 aliquam
1872 2005 1954 2062 sol
1999 2007 2113 2074 ipse
2182 2008 2543 2059 mutationum
2603 2007 2829 2058 istarum
2874 2002 3114 2063 subiret,
3156 2002 3295 2055 idem
3348 2002 3417 2055 ab
3468 2002 3765 2057 omnibust.

491 2099 586 2168 qui
625 2100 814 2156 oeulos
857 2101 914 2155 in
939 2117 1064 2154 eum
1114 2101 1479 2166 intenderent.
1509 2100 1739 2156 omnino
1787 2099 2086 2155 videretur.
2127 2096 2268 2160 Jam,
2303 2112 2563 2165 quorsum
2636 2104 2714 2148 tot
2758 2093 3155 2163 signiﬁcatione
3217 2092 3456 2148 carentia
3497 2093 3766 2152 nomina?

497 2206 760 2260 quorsum
783 2207 849 2246 ex
882 2192 1074 2248 iisdem
1100 2193 1332 2248 barbara
1360 2193 1620 2264 pleraque
1641 2191 2070 2262 congruentibus
2109 2205 2172 2245 ac
2195 2190 2531 2260 singulorum
2560 2187 2794 2257 propriis
2826 2185 3194 2256 anteponunt?
3249 2182 3386 2238 Nam
3423 2183 3471 2240 si
3539 2200 3746 2241 numen

492 2282 624 2337 dum
659 2299 848 2339 vocem
920 2285 1162 2348 exaudit,
1215 2284 1337 2354 ejus
1397 2284 1466 2339 ad
1531 2283 1984 2354 signiﬁcationem
2043 2283 2282 2352 respicn,
2333 2280 2574 2351 profecto
2632 2278 2960 2334 cuicuimodi
3007 2292 3207 2332 nomen
3259 2276 3443 2342 fuerit,
3487 2278 3535 2332 si
3583 2279 3750 2333 modo

491 2375 682 2430 eadem
729 2377 996 2432 sententia
1042 2379 1324 2443 manserit,
1362 2379 1497 2434 satis
1535 2393 1632 2448 per
1666 2393 1787 2433 sese
1821 2393 1936 2434 rem
1971 2377 2061 2431 illa
2101 2385 2267 2430 totam
2303 2375 2526 2444 aperiet.
2563 2372 2672 2428 Nec
2697 2373 2842 2428 enim
2879 2372 2948 2439 is,
3014 2372 3230 2442 opinor,
3282 2387 3444 2443 quem
3500 2379 3758 2437 evocant,

493 2463 787 2538 Egyptius
849 2477 968 2522 erat
1024 2483 1256 2539 genere;
1295 2485 1416 2534 nec,
1457 2471 1506 2526 si
1550 2481 1690 2535 erat,
1749 2472 1933 2542 lingua
1975 2480 2157 2524 tamen
2200 2467 2544 2539 A‘ngptiaca,
2594 2466 2676 2520 vel
2726 2465 2950 2520 omnino
3005 2463 3244 2518 humana
3300 2479 3434 2519 voce
3477 2465 3755 2520 utebatur.

490 2559 728 2632 Quippe,
747 2571 842 2619 aut
863 2562 1008 2616 cnim
1033 2564 1490 2634 praestigiatorum
1513 2573 1659 2619 artes
1682 2565 1800 2620 istae
1829 2573 1978 2631 sunt,
2001 2573 2055 2619 et
2092 2562 2343 2634 quaedam
2392 2576 2604 2625 earum,
2625 2576 2762 2630 quas
2816 2559 2920 2630 ipsi
2970 2557 3229 2627 patimur,
3247 2565 3664 2626 qumquetamen
3686 2558 3758 2614 ab

491 2651 685 2708 iisDeo
707 2653 1041 2720 tribuuntur,
1064 2657 1425 2710 mutationum
1450 2657 1763 2725 involucra;
1788 2667 1883 2713 aut
1905 2658 2060 2713 aliter
2098 2657 2277 2728 plane,
2301 2671 2471 2726 quam
2490 2671 2549 2710 re
2571 2656 2687 2726 ipsa
2705 2653 2919 2719 habeat,
2937 2654 3004 2709 de
3025 2652 3313 2708 Divinitate
3332 2652 3619 2708 sentimus.
3647 2671 3668 2704 ι

498 2747 663 2821 199
689 2749 814 2804 Haec
846 2751 954 2820 ille,
988 2750 1188 2824 quibus
1215 2754 1432 2819 iterum,
1461 2769 1582 2824 qua:
1609 2763 1911 2825 sequuntur
1936 2795 1952 2821 ,
2002 2753 2070 2809 ad

490 2838 805 2911 Egyptium
833 2841 1022 2898 eadem
1047 2859 1170 2898 cum
1195 2846 1362 2900 animi
1389 2845 1736 2902 fluctuatione
1758 2847 2065 2918 perscribit.

495 2949 514 2982 ι
555 2929 651 2985 Sin
691 2941 871 2986 autem
899 2975 914 2998 ,
947 2934 1122 3005 inquit
1150 2978 1164 3000 ,
1195 2952 1262 2992 ex
1292 2937 1396 2993 diis
1423 2938 1514 2993 alii
1545 2940 1680 2994 nihil
1711 2941 1936 2994 omnino
1967 2955 2066 3008 pa-

488 3020 701 3074 tiuntur
727 3060 743 3085 ,
778 3021 869 3076 alii
907 3024 1018 3092 pati
1066 3025 1268 3095 aliquid
1305 3028 1599 3099 aliquando
1644 3040 1908 3099 possunt;
1939 3029 2065 3099 qui-

487 3112 590 3165 bus
617 3111 782 3166 etiam
813 3122 1026 3168 veretra
1049 3129 1107 3169 se
1133 3131 1229 3186 per
1260 3117 1394 3173 istos
1434 3119 1642 3189 erigere
1661 3160 1676 3186 ,
1719 3118 2064 3189 obscenaque

395 3263 414 3281 ο
490 3204 734 3257 carmina
767 3204 996 3260 solemni
1025 3207 1132 3261 ritu
1162 3223 1359 3265 canere
1384 3211 1638 3266 dictitant
1668 3230 1681 3266 :
1711 3211 1902 3267 inanes
1947 3211 2061 3266 uti-

487 3307 595 3363 que
654 3294 880 3349 deorum
927 3298 1276 3356 evocatioues
1322 3302 1566 3371 fuerint,
1617 3303 1818 3374 quibus
1864 3318 1924 3358 se
1969 3312 2063 3358 aut

486 3397 679 3438 eorum
711 3401 868 3456 opem
912 3387 1206 3458 implorare
1230 3433 1249 3459 ,
1277 3404 1371 3450 aut
1415 3395 1754 3452 iracundiam
1801 3397 2018 3468 placare
2044 3439 2060 3464 ,

487 3485 585 3529 aut
631 3477 967 3547 expiationes
1023 3479 1310 3539 instituere
1368 3487 1732 3556 proﬁtentur,
1783 3489 2062 3560 multoque

488 3568 716 3637 proinde
746 3573 916 3642 magis
939 3589 1022 3640 ea,
1052 3575 1255 3644 quibus
1286 3578 1417 3648 ipsis
1447 3581 1824 3636 necessitatem
1856 3581 2062 3652 imponi

485 3661 696 3715 volunt.
726 3661 881 3728 Quod
913 3665 1056 3720 enim
1092 3667 1202 3736 pati
1231 3683 1339 3723 non
1391 3679 1609 3740 potest,
1644 3670 1784 3726 idem
1816 3687 1916 3727 nec
1961 3673 2060 3728 de-

488 3753 717 3808 mulceri
753 3772 993 3827 quoque,
1032 3775 1132 3814 nec
1167 3760 1283 3831 cogi
1314 3769 1508 3832 potest.
1569 3783 1587 3816 ι
1622 3764 1880 3834 idemque
1909 3765 2063 3820 dein-

485 3859 616 3915 ceps
645 3863 661 3902 :
699 3866 716 3899 ι
760 3847 1074 3919 Pcrperam,
1107 3853 1305 3923 inquit,
1342 3856 1411 3909 ab
1440 3856 1509 3911 iis
1548 3857 1812 3927 sapientia
1842 3859 2057 3925 colitur,

485 3939 580 4009 qui
606 3948 698 3994 aut
736 3941 1044 3998 inveniendi
1073 3944 1286 4015 fugitivi
1329 3949 1492 4015 servi,
1524 3958 1618 4002 aut
1654 3949 1868 4004 emendi
1901 3949 2014 4019 agri
2042 3992 2058 4015 ,

484 4039 580 4085 aut
607 4033 920 4102 nuptiarum
956 4035 1226 4092 interdum
1258 4077 1276 4104 ,
1321 4049 1414 4094 aut
1475 4049 1796 4096 mercatum
1841 4043 2013 4112 gratia
2039 4080 2056 4105 ,

483 4123 723 4178 divinam
753 4135 993 4182 mentem
1042 4130 1333 4185 sollicitare
1375 4145 1440 4186 ac
1481 4130 1708 4203 fatigare
1733 4133 1928 4187 solent.
1963 4131 2059 4187 Sin

483 4223 690 4284 autem,
718 4232 840 4272 cum
869 4218 1044 4274 eidem
1075 4221 1355 4291 sapientiae
1386 4237 1494 4277 non
1519 4222 1749 4278 remisse
1779 4223 2059 4293 negligen-

479 4315 670 4376 terque
703 4309 985 4365 studeatur
1009 4352 1024 4378 ,
1059 4312 1153 4382 qui
1180 4323 1361 4367 tamen
1411 4313 1513 4382 ipsi
1541 4315 1677 4368 dant
1721 4329 1943 4384 operam
1971 4353 1985 4376 ,
2020 4313 2058 4367 ii

478 4399 694 4454 Creteris
723 4401 942 4470 quidem
993 4403 1047 4457 in
1079 4405 1246 4460 rebus
1276 4405 1562 4460 verissima
1597 4406 1801 4469 omnia,
1831 4407 1898 4460 de
1935 4405 2058 4460 feli-

2247 2750 2414 2803 Ταῦτ’
2456 2748 2647 2814 εἰπὼν,
2694 2748 2857 2804 πάλιν
2899 2748 3098 2818 ἀπορεῖ
3142 2747 3276 2819 πρὸς
3317 2746 3408 2800 τὸν
3455 2745 3759 2814 Αίγύπτιον

2177 2842 2370 2910 λέγων·
2405 2859 2424 2892 ι
2463 2841 2526 2894 El
2565 2841 2621 2893 δὲ
2662 2841 2712 2893 οἱ
2758 2840 2856 2910 μὲν
2895 2838 3143 2902 ἀπαθεῖς,
3181 2840 3228 2890 οἱ
3261 2838 3318 2891 δὲ
3355 2837 3640 2909 ἐμπαθεῖς,
3668 2831 3754 2902 οἷς

2174 2933 2260 2986 διὰ
2288 2933 2494 2986 τούτων
2527 2933 2661 3002 φασὶ
2704 2931 2935 3001 φαλλοὺς
2979 2931 3213 2992 ἱστάναι,
3250 2932 3343 2984 καὶ
3370 2927 3636 2982 ποιεῖσθαι
3665 2930 3754 2983 αι-

2177 3024 2684 3097 σχρορῂμοσύνας,
2743 3024 2960 3094 μάταιοι
3000 3026 3056 3076 al
3095 3022 3232 3076 θεῶν
3267 3022 3482 3092 κλήσεις
3511 3021 3745 3087 ἔσονται,

2176 3116 2540 3188 προσκλήσεις
2591 3115 2770 3170 αὐτῶν
2827 3114 3314 3185 ἐπαγγελλόμεναι,
3379 3114 3472 3166 καὶ
3529 3115 3751 3186 μήνιδος

2165 3207 2449 3274 ὲξιλάσεις,
2475 3210 2569 3262 καὶ
2597 3208 2870 3273 ἐκθύσεις,
2907 3208 3003 3263 καὶ
3031 3206 3112 3259 ἐτι
3147 3207 3347 3277 μᾶλλον
3379 3208 3435 3259 αἱ
3459 3205 3752 3277 λεγόμεναι

2163 3304 2398 3372 ἀνάγκαι
2421 3302 2576 3356 θεῶν.
2595 3302 2892 3374 Ἀκὴλητον
2921 3300 3030 3370 γάρ
3056 3299 3150 3354 καὶ
3173 3299 3451 3364 ἀϐίαστον,
3473 3301 3567 3353 καὶ
3589 3299 3751 3353 ἀκατι

2163 3397 2503 3463 ανάγκαστον
2530 3395 2590 3447 τὸ
2630 3392 2860 3456 ἀπαθές,
2903 3410 2923 3444 ›
2951 3393 3062 3446 Καὶ
3109 3391 3270 3446 πάλιν
3315 3391 3443 3462 ἑξῆς
3483 3390 3748 3460 ἐπιλέγειο

2169 3505 2189 3538 ι
2223 3487 2416 3557 Μάτην
2461 3487 2644 3548 αὐτοῖς
2683 3487 2716 3556 ἡ
2761 3484 2922 3553 σοφία
2951 3483 3268 3554 ὲξὴσκηται,
3313 3483 3440 3554 περῖ⁵
3475 3482 3746 3553 δραπέτου

2162 3578 2451 3649 εὑρέσεως,
2477 3577 2518 3648 ἡ
2541 3577 2742 3648 χωρίου
2789 3575 3003 3646 ὠνῆς,ἢ
3033 3575 3235 3646 γάμου,
3266 3577 3314 3628 εί
3355 3573 3527 3644 τύχοι,
3566 3573 3600 3645 ἡ
3650 3575 3750 3645 ἑμ-

2163 3670 2375 3742 πορίας,
2400 3669 2491 3723 τὸν
2517 3669 2656 3723 θεῖον
2686 3668 2811 3723 νοῦν
2844 3668 3302 3739 ἐνοχλήσασιν.,Εἰ
3326 3667 3369 3720 δ’
3390 3667 3451 3720 ού
3494 3668 3746 3737 παρεῖται

2165 3762 2283 3832 μὲν,
2314 3765 2362 3815 oi.
2385 3761 2440 3815 δὲ
2465 3762 2715 3824 συνόντες
2751 3762 2879 3833 περὶ
2915 3761 3012 3830 μὲν
3040 3761 3146 3814 τῶν
3173 3760 3346 3814 ἀλλων
3374 3758 3747 3830 τάληθέστατα

2162 3851 2402 3920 λέγουσι,
2450 3853 2579 3924 περὶ
2628 3853 2685 3906 δὲ
2739 3851 3086 3921 εὐδαιμονίας
3137 3851 3289 3906 οὐδὲν
3328 3850 3588 3920 ἀσφαλὲς,
3635 3850 3745 3903 οὐδ’

2162 3943 2444 4013 ἐχέγγυον·
2481 3944 2581 3996 οὐκ
2609 3939 2749 4014 ἦσαν
2787 3945 2895 4016 ἀρα
2924 3941 3047 3996 οὔτε
3085 3942 3215 4006 θεοὶ,
3259 3941 3370 3995 οὒτ’
3400 3941 3596 4011 ἀγαθοὶ⁵
3625 3941 3744 3995 δαί-

2165 4052 2346 4106 μονες,
2394 4034 2507 4088 ἀλλ’
2549 4035 2582 4106 ἡ
2615 4036 2822 4099 ἐκεῖνος
2858 4038 2893 4090 ὁ,
2927 4037 3214 4106 λεγόμενος
3249 4034 3470 4097 πλάνος.
3507 4054 3527 4086 ι
3559 4033 3745 4088 Ταῦτα

2165 4127 2264 4197 μὲν
2295 4123 2388 4181 οὖν
2417 4127 2510 4182 ἐπὶ
2537 4126 2790 4180 τοσοῦτον
2823 4129 2918 4181 καὶ⁵
2946 4128 3055 4183 ἀπὸ
3079 4127 3280 4197 ταύτης
3309 4126 3615 4197 προκείσθω
3643 4126 3742 4196 τῆς

2161 4221 2470 4293 Πορφυρίου
2503 4222 2742 4292 γραφῆς.
2778 4221 2889 4275 Καὶ
2928 4223 3034 4294 μὴν
3058 4223 3152 4276 καὶ
3180 4220 3491 4275 διδάσκαλοι
3516 4221 3613 4291 τῆς
3640 4237 3742 4272 κα·-

2160 4313 2412 4382 κοτέχνου
2455 4313 2710 4383 γοητείας
2743 4313 2896 4366 αὐτοί
2927 4330 2991 4381 γε
3030 4314 3238 4384 πρῶτοι
3277 4315 3325 4366 οἱ
3363 4314 3596 4380 γενναῖοι
3631 4310 3745 4365 θεοὶ

2159 4404 2523 4475 κατέστησαν.
2554 4405 2724 4458 Πόθεν
2755 4405 2863 4477 γάρ
2892 4403 3202 4476 ἀνθρώποις
3243 4403 3416 4458 ταῦτα
3455 4403 3637 4474 παρῆν
3663 4405 3742 4455 si-

478 4486 644 4542 citate
674 4503 804 4542 vero
839 4493 1016 4546 securi
1047 4493 1204 4557 nihil,
1237 4493 1451 4563 ﬁdeque
1479 4494 1627 4565 digni
1652 4496 2053 4564 respondeant:

2166 4496 2328 4561 δέναι,
2363 4496 2398 4565 ἢ
2429 4495 2537 4549 τῶν
2566 4496 2835 4567 δαιμόνων
2877 4496 3057 4550 αὐτῶν
3095 4496 3164 4548 τὰ
3193 4496 3324 4566 περὶ
3362 4494 3569 4548 ἑαυτῶν
3604 4494 3743 4558 ὲξειυ

479 4578 731 4646 sequitur
772 4581 997 4634 omnino
1047 4598 1222 4653 neque
1267 4583 1398 4639 deos
1444 4585 1608 4652 illos,
1656 4601 1832 4657 neque
1880 4587 2055 4643 bonos

477 4668 643 4723 etiam
678 4667 978 4736 daemones,
1007 4675 1100 4729 sed
1143 4689 1267 4729 eum
1300 4678 1482 4745 potius
1513 4676 1716 4746 fuisse,
1748 4693 1911 4747 quem
1951 4679 2054 4732 im-

477 4770 754 4830 postorem
786 4777 1070 4820 vocamus.
1110 4786 1130 4819 ›
1172 4767 1349 4837 Atque
1381 4769 1495 4825 hcce
1524 4785 1590 4825 ex
1616 4772 1776 4825 citata
1804 4769 2050 4842 Porphy-

478 4855 545 4910 rii
572 4856 802 4927 epistola
829 4861 1091 4928 producta
1125 4861 1410 4919 suﬁiciant.
1442 4862 1562 4919 Jam
1594 4880 1723 4920 vero
1764 4879 1874 4919 non
1917 4864 2055 4919 alios

477 4949 548 5004 ab
589 4949 745 5007 initio
793 4954 1051 5010 maleﬁcae
1083 4957 1218 5013 artis
1263 4961 1555 5029 magistros
1582 4999 1597 5024 ,
1629 4975 1794 5030 quam
1824 4961 2056 5028 ipsamet

475 5044 691 5114 egregia
738 5047 963 5101 numina
1012 5049 1180 5105 fuisse
1227 5061 1459 5108 constat.
1511 5051 1616 5118 Qui
1669 5052 1814 5106 enim
1863 5051 2052 5106 isthzec

479 5133 732 5191 homines
767 5138 925 5193 aliter
953 5155 1116 5196 nosse
1149 5143 1458 5212 potuissent
1482 5182 1498 5207 ,
1525 5143 1634 5198 nisi
1663 5142 1938 5199 daemones
1984 5144 2051 5199 iis

475 5237 565 5277 res
594 5224 694 5293 ipsi
730 5242 858 5282 suas
887 5232 1251 5300 aperuissent,
1279 5242 1333 5288 et
1357 5234 1557 5304 quibus
1582 5235 1787 5304 quique
1820 5233 2050 5289 vinculis

471 5317 942 5389 constringantur,
985 5322 1362 5380 indicassent?
1393 5324 1576 5395 Neque
1625 5341 1754 5380 vero
1801 5333 2046 5380 nostram

476 5401 617 5458 hanc
643 5409 944 5465 orationem
975 5429 1098 5468 esse
1132 5424 1288 5483 putes
1315 5433 1328 5476 ;
1357 5418 1557 5486 quippe
1597 5415 1692 5485 qui
1745 5415 1880 5470 nihil
1910 5415 2045 5470 isto-

2165 4587 2392 4651 πόντων,
2426 4588 2518 4640 καὶ
2547 4589 2673 4651 τοὺς
2703 4587 3076 4658 καταδέσμους
3110 4589 3230 4640 κατ’
3264 4586 3506 4657 ἀλλήλων
3550 4584 3744 4657 ἐξηγο-

2167 4679 2468 4749 ρευκότων;
2512 4679 2662 4750 Μηδὲ
2701 4678 2889 4732 τοῦτον
2919 4679 2974 4731 δὲ
3004 4680 3272 4750 ἡμέτερον
3301 4673 3444 4732 εἶναι
3472 4678 3564 4732 τὸν
3589 4679 3745 4746 λόγον

2161 4770 2317 4842 ἡγοῦ·
2353 4771 2505 4824 οὐδὲν
2529 4771 2640 4842 γὰρ
2661 4771 2863 4824 τούτων
2896 4773 3057 4842 ἡμεῖς
3084 4770 3450 4842 ὁμολογοῦμεν
3472 4770 3594 4824 οὔτε
3627 4771 3745 4823 ἐπί-

2164 4861 2413 4926 στασθαι,
2449 4861 2571 4914 οὔτε
2617 4861 2813 4926 θέλειν,
2856 4861 2994 4930 πλὴν
3034 4863 3114 4924 είς
3159 4862 3377 4934 ἔλεγχον
3424 4861 3525 4930 τῆς
3567 4861 3742 4913 αὐτῶν

2161 4954 2410 5016 ἀτοπίας,
2451 4953 2545 5005 καὶ
2583 4953 2858 5024 ἡμετέραν
2891 4952 3028 5023 ὁμοῦ
3074 4953 3173 5022 τῆς
3212 4952 3415 5004 τούτων
3459 4953 3744 5021 ἀναχωρή-

2159 5063 2297 5108 σεως
2340 5044 2658 5113 ἀπολογίαν,
2699 5045 2728 5097 δ
2763 5044 2967 5097 τούτων
3012 5046 3143 5115 ἡμῖν
3192 5043 3460 5114 παρήχθω
3510 5042 3741 5112 μάρτυς,

2159 5139 2322 5208 σοφὸς
2346 5137 2426 5192 ὢν
2460 5139 2518 5190 ὲν
2546 5142 2658 5202 τοῖς
2695 5139 3013 5210 γνωρίμοις,
3050 5138 3144 5190 καὶ
3178 5137 3357 5190 πάντα
3393 5134 3635 5205 ἀκριϐῶς
3672 5134 3742 5188 τὰ

2155 5230 2330 5281 οἰκεῖα
2365 5227 2520 5292 είδὼς
2559 5244 2618 5280 τε
2653 5229 2748 5281 καὶ
2785 5227 3194 5298 ὑποτιθέμενος.
3231 5226 3402 5288 Δύτὸς
3440 5222 3533 5278 οὖν
3568 5227 3626 5278 ὲν
3670 5227 3739 5295 τῇ

2154 5319 2456 5394 δηλωθείσῃ
2495 5319 2604 5374 τῶν
2644 5318 2837 5388 λογίων
2881 5321 3167 5389 συναγωγῇ
3206 5317 3377 5371 ταῦτα
3419 5316 3566 5384 λέγει
3605 5313 3741 5384 πρὸς

2155 5414 2320 5481 λέξινι

473 5512 594 5552 rum
625 5516 656 5555 a
686 5503 844 5559 nobis
873 5516 966 5560 aut
996 5508 1217 5579 intelligi
1245 5519 1340 5563 aut
1364 5509 1542 5578 expeti
1573 5508 1861 5566 fateamur.
1931 5509 2166 5564 Tantum
2223 5525 2351 5579 ergo
2381 5508 2578 5578 partim
2650 5525 2717 5564 aa
2780 5523 3186 5578 coarguendam
3236 5507 3471 5562 istorum
3527 5517 3729 5557 vecor-

473 5590 664 5656 diam,
709 5599 904 5665 partim
976 5601 1044 5655 ad
1112 5603 1390 5668 nostram,
1442 5604 1537 5674 qui
1587 5620 1689 5661 nos
1745 5619 1937 5659 eorum
2008 5601 2380 5658 communioni
2428 5616 2492 5656 ac
2541 5598 2785 5657 societati
2858 5601 3260 5666 subduximus,
3319 5596 3733 5659 defensionem,

479 5686 622 5742 idem
657 5701 688 5740 a
723 5688 881 5743 nobis
933 5692 1086 5747 testis
1113 5693 1449 5762 producatur
1474 5735 1490 5759 ,
1539 5697 1633 5768 qui
1679 5706 1735 5753 et
1762 5695 1980 5767 sapiens
2026 5709 2056 5749 a
2094 5694 2208 5750 suis
2238 5692 2470 5747 habetur
2496 5731 2510 5755 ,
2580 5701 2632 5747 et
2700 5707 2892 5747 omnes
2930 5692 3210 5762 religionis
3255 5692 3443 5761 patria:
3493 5687 3736 5742 rationes

479 5786 732 5836 accurate
747 5793 854 5833 non
880 5783 1044 5839 modo
1067 5786 1241 5853 novit,
1264 5787 1356 5845 sed
1377 5787 1542 5847 etiam
1572 5789 1842 5862 exposuit.
1871 5788 1962 5847 Ille
1983 5788 2146 5860 igitur
2168 5788 2221 5843 in
2244 5784 2462 5841 laudata
2479 5783 2827 5841 oraculorum
2852 5784 3188 5850 collectione,
3219 5782 3284 5838 ad
3309 5782 3528 5838 verbum
3549 5779 3734 5846 habet,

476 5886 599 5946 qua
625 5884 946 5947 sequuntur.
