4162 6422
337 363 444 427 τω
1462 356 1790 415 ΡΒΑΞΡᾹΚ.
1828 353 1893 410 El

1999 353 2080 411 iG.
2125 353 2252 408 LIB.
2297 353 2370 410 Υ..

1935 479 1984 533 Α

847 475 1240 529 ΚΕΦΛΛΑῘΟΝ
1295 475 1377 528 IA'

342 590 460 644 Ὅτι
492 589 547 641 ol
581 587 876 656 δαίμονες,
911 588 1018 654 οὓς
1042 588 1118 655 δὴ
1143 587 1316 653 θεοὺς
1345 584 1779 656 ὑπειλήφασιν,
1808 583 1913 637 άν-

445 655 717 726 θρώπουίς
745 657 1029 722 ἐδίδαξαν
1063 660 1170 725 τὰς
1195 657 1418 722 οἰκείας
1448 655 1803 724 περιεργίας,

411 851 434 887 c
469 834 545 887 Οὐ
580 834 739 905 μόνον
765 833 822 886 δὲ
846 834 944 904 τὴν
974 833 1251 886 πολιτείαν
1280 831 1458 885 αὐτῶν
1484 830 1637 884 αὐτοὶ
1671 826 1913 900 μεμηνὺ-

337 941 469 980 κασι
487 927 580 978 καὶ
602 926 668 978 τὰ
689 925 824 979 ἄλλα
844 926 911 978 τὰ
935 925 1220 997 εἰρημένα,
1244 924 1377 977 ἀλλὰ
1397 924 1492 976 καὶ
1509 923 1618 976 τίσι
1641 922 1908 992 χαίρουσι,

338 1017 433 1070 καὶ
483 1015 828 1087 κρατοῦνται,
877 1016 1278 1086 ὑπηγόρευσαν,
1323 1015 1417 1068 καὶ
1471 1014 1578 1084 μὴν
1627 1012 1724 1065 καὶ
1769 1011 1911 1064 τίσιν

337 1105 752 1174 ἀναγκάζονται.
779 1107 912 1160 Τίνα
931 1107 989 1159 δὲ
1009 1107 1088 1160 δεῖ
1109 1107 1275 1170 θύειν,
1311 1106 1402 1158 καὶ
1424 1108 1487 1158 ἐκ
1515 1105 1670 1167 ποίας
1701 1102 1912 1174 ἡμέρας

338 1199 714 1270 ἐκτρέπεσθαι·
749 1200 810 1252 τό
843 1216 901 1253 τε
942 1198 1128 1269 σχῆμα
1164 1198 1272 1251 τῶν
1308 1197 1638 1267 ἀγαλμάτων
1669 1193 1912 1247 ποδαπὸν

335 1290 398 1361 δὴ
433 1293 622 1344 ποιεῖν·
657 1290 810 1344 αὐτοί
838 1308 896 1343 τε
933 1290 1107 1353 ποίοις
1145 1290 1385 1360 σχήμασι
1427 1288 1726 1356 φαίνονται,
1760 1284 1817 1338 ἐν
1851 1301 1910 1338 τε

337 1381 510 1445 ποίοις
539 1381 872 1454 διατρίϐουσι
907 1382 1121 1445 τόποιςο
1141 1383 1233 1436 καὶ
1249 1381 1384 1444 ὅλως
1413 1380 1470 1432 ἓν
1502 1378 1652 1432 οὐδέν
1687 1379 1855 1439 ἐστιν,
1885 1375 1912 1427 ὃ

338 1472 412 1543 μὴ
447 1475 576 1546 παρ’
604 1474 782 1528 αὐτῶν
817 1475 1077 1546 μαθόντες
1099 1477 1149 1529 οἱ
1174 1474 1473 1545 ἄνθρωποι,
1504 1471 1675 1534 οὕτως
1714 1471 1912 1533 αὐτοὺς

334 1565 613 1637 ἐτίμησαν.
663 1567 879 1622 Πολλῶν
914 1567 960 1620 δ’
987 1567 1156 1620 ὄντων
1186 1566 1222 1620 ἃ.
1253 1565 1456 1618 τούτων
1488 1565 1603 1615 ἐστὶ
1634 1578 1912 1632 παραστα-

329 1658 478 1724 τικὰ,
524 1659 678 1728 ὀλίγα
719 1662 783 1712 ὲκ
824 1659 932 1714 τῶν
975 1658 1183 1713 πολλῶν
1228 1656 1638 1728 παραθήσομεν,
1695 1653 1781 1705 ἵνα
1835 1652 1909 1722 μὴ

329 1748 646 1824 ἀμάρτυρον
677 1751 768 1805 τὸν
797 1751 952 1820 λόγον
983 1751 1388 1820 καταλίπωμεν.
1427 1771 1446 1801 ι

3501 345 3608 403 546

2608 463 2841 522 CAPUT
2881 462 2974 519 XL

2014 577 2295 632 Dtemoues
2323 575 2487 643 ipsos,
2519 577 2610 644 qui
2632 576 2850 629 deorum
2885 575 2996 630 loco
3020 573 3352 640 habeantur,
3381 588 3484 644 quo
3513 588 3607 628 su-

2085 647 2459 718 perstitionum
2512 643 2618 699 ritu
2680 662 2858 701 secum
2949 645 3036 716 agi
3095 644 3306 711 vellent,
3367 643 3605 699 homines

2087 717 2348 770 docuisse.

2091 848 2112 881 ι
2150 828 2336 899 Neque
2373 838 2582 884 tantum
2611 870 2626 894 ,
2665 829 2881 900 inquit,
2930 827 3186 900 proprias
3230 826 3469 883 instituti
3516 829 3604 887 sui

2013 922 2280 989 rationes,
2312 931 2407 976 aut
2429 931 2650 988 caetera,
2679 938 2804 992 quas
2827 921 3083 991 superius
3113 935 3142 974 a
3179 919 3337 974 nobis
3363 933 3604 974 comme-

2014 1026 2226 1069 morata
2263 1023 2414 1078 sunt,
2441 1030 2631 1069 verum
2655 1015 2858 1085 quibus
2885 1014 2991 1083 ipsi
3019 1013 3186 1068 rebus
3216 1021 3312 1067 aut
3335 1012 3602 1067 delecten-

2014 1115 2103 1160 tur
2154 1115 2250 1160 aut
2279 1107 2615 1172 vinciantur,
2654 1106 2768 1162 imo
2821 1107 3024 1176 quibus
3076 1107 3242 1162 etiam
3295 1112 3601 1175 cogantur,

2013 1198 2355 1253 indicarunt.
2416 1197 2630 1266 Quibus
2651 1199 2783 1256 item
2819 1199 3020 1254 hostiis
3047 1213 3162 1254 rem
3194 1211 3408 1254 sacram
3437 1193 3555 1252 ﬁeri
3583 1234 3602 1262 ,

2013 1291 2177 1360 200
2203 1307 2341 1362 quos
2366 1291 2486 1346 dies
2517 1291 2694 1346 caveri
2723 1330 2738 1355 ,
2790 1305 2955 1360 quam
2990 1291 3044 1344 in
3078 1289 3312 1346 formam
3360 1305 3426 1344 ac
3477 1303 3601 1360 spe-

2013 1382 2152 1437 ciem
2175 1382 2470 1438 simulacra
2501 1381 2839 1454 conﬁgurari
2881 1389 3172 1452 oporteat;
3219 1396 3462 1452 quonam
3494 1380 3598 1450 ipsi

2011 1485 2108 1526 ore
2154 1471 2455 1541 habituque
2494 1481 2828 1542 appareant,
2865 1471 3066 1542 quibus
3117 1471 3170 1526 in
3225 1471 3358 1526 locis
3394 1469 3598 1526 assidui

2013 1561 2142 1618 sint.
2190 1562 2436 1634 Denique
2467 1564 2602 1618 nihil
2631 1564 2860 1618 omnino
2905 1571 2989 1619 est
3015 1605 3029 1629 ,
3072 1564 3219 1633 quod
3272 1577 3380 1618 non
3415 1561 3482 1618 ab
3531 1561 3598 1616 iis

2013 1650 2264 1706 homines
2307 1653 2381 1705 ita
2434 1651 2728 1707 didicerint
2756 1694 2770 1717 ,
2823 1653 2899 1706 uti
2956 1667 3025 1707 ex
3073 1668 3263 1708 eorum
3311 1653 3598 1722 praeceptis

2013 1740 2373 1811 doctrinaque
2419 1743 2686 1798 duntaxat
2733 1743 3008 1799 solemnes
3051 1751 3238 1814 postea
3285 1745 3340 1798 in
3388 1744 3456 1798 iis
3499 1758 3597 1798 co-

327 1839 505 1899 lendis
535 1843 675 1898 ritus
705 1843 1040 1899 adhiberent.
1077 1843 1210 1909 Qua:
1253 1857 1376 1898 cum
1421 1839 1759 1913 argumentis
1825 1833 2079 1905 pluribus
2130 1835 2435 1904 iisdemque
2482 1833 2806 1891 certissimis
2870 1836 3131 1892 illustrari
3174 1837 3420 1906 possint,
3492 1847 3597 1891 nos

327 1945 510 1990 tamen
557 1951 589 1991 e
617 1935 807 1992 multis
831 1951 1006 2005 pauca
1038 1937 1202 1990 modo
1232 1935 1575 2005 proferemus
1600 1973 1616 1998 ,
1646 1947 1715 1987 ne
1756 1927 1907 1984 omni
1945 1927 2254 1982 orationem
2323 1928 2465 1983 hanc
2531 1926 2848 1984 testimonio
2875 1936 2929 1982 et
2954 1929 3279 1983 auctoritate
3308 1928 3594 1998 spoliatam

326 2027 614 2098 reliquisse
637 2028 939 2083 videamur.
974 2047 994 2080 ι

839 2120 1238 2178 ΚΕΦΔΛΑΙΟΝ
1286 2121 1388 2174 nr.
1477 2188 1481 2196 η

327 2233 456 2288 Ὅτι
490 2233 588 2288 καὶ
615 2233 689 2288 τὰ
711 2232 1020 2304 ἀγάλματα
1040 2234 1306 2304 μαγικῶς
1332 2231 1502 2288 αὐτοὶ
1528 2227 1902 2286 κατασκευά-

880 2305 1000 2365 ζειν
1034 2305 1339 2368 ἐδίδαξαν.

399 2411 418 2444 ι
450 2394 569 2447 Ὅτι
594 2395 652 2448 δὲ
673 2395 853 2449 καὶτὰ
872 2396 1164 2466 ἀγάλματα
1190 2395 1344 2448 αὐτοὶ
1368 2391 1628 2446 ὑπέθεντο
1649 2390 1765 2453 πῶς
1793 2387 1900 2461 χρὴ

322 2486 514 2547 ποιεῖν,
548 2485 640 2536 καὶ
675 2487 739 2538 ὲκ
774 2485 933 2548 ποίας
961 2485 1112 2555 ὕλης,
1146 2482 1374 2554 δηλώσει
1400 2481 1469 2536 τὰ
1497 2481 1598 2551 τῆς
1642 2478 1896 2546 Ἑκάτης,

319 2572 514 2644 ἔχοντα
541 2575 728 2630 τοῦτον
756 2576 846 2629 τὸν
873 2576 1092 2648 τρόπον’

328 2749 506 2821 Ἄλλᾲ
528 2751 685 2804 τέλει
717 2751 940 2816 ξόανον
962 2751 1426 2821 κεκαθαρμένον,
1451 2750 1533 2818 ὣς
1558 2765 1630 2805 σε
1650 2746 1890 2812 διδάξω.

314 2818 595 2891 Πηγάνου
625 2821 696 2885 ἐξ
728 2823 951 2891 άπρίοιο
983 2821 1166 2891 δέμας
1181 2818 1364 2886 uolet,
1392 2822 1486 2891 ἠδ’
1511 2823 1820 2888 ἐπικόσμει

315 2890 569 2948 Ζώοισιν
595 2890 870 2946 λεπτοῖσι
899 2890 1283 2959 κατοικιδίοις
1313 2891 1747 2956 σκαλαϐώταις·

313 2961 591 3032 Σμύρνης
605 2962 703 3015 καὶ
719 2964 1034 3032 ᾳτύρακος,
1047 2961 1315 3016 λιϐάνοιό
1326 2979 1389 3016 τε
1400 2965 1662 3032 μίγματα
1677 2961 1894 3028 τρίψας

313 3027 440 3118 fit
458 3027 683 3118 “(rem
707 3027 933 3118 ,ίεδοίσιε
968 3033 1064 3118 θεαὶ
1081 3033 1382 3118 ,ἀθροίίξας
1401 3027 1524 3086 θτέδ
1545 3027 1754 3118 FW”

310 3099 640 3165 Αῠξουσαν
659 3101 838 3166 τέλει,
867 3102 1050 3168 αὐτὸς
1068 3099 1292 3172 ἐπευχό
1291 3121 1475 3173 μενος
1491 3099 1656 3169 τήνδ’
1677 3099 1888 3171 εὐχήν.

309 3188 421 3244 Εἶτ’
451 3192 716 3259 ἐξέδωκεν
744 3195 931 3268 εὐχὴν,
958 3192 1162 3260 ὲδίδαξέ
1186 3213 1246 3248 τε
1275 3195 1474 3260 πόσους
1501 3194 1733 3266 ληπτέον
1761 3211 1893 3247 σκα-

307 3281 574 3348 λασώτας·

311 3461 524 3545 ἶροςσαι
551 3465 776 3545 μρρφαί
801 3482 922 3545 μοι,
947 3463 1388 3545 τάᾳσοιςιζώοις
1414 3483 1489 3545 ονε
1522 3467 1769 3545 κελεύω,

305 3532 418 3585 Καὶ
450 3532 686 3603 σφόδρα
720 3532 908 3588 ταῦτα
947 3535 1124 3590 τέλει·
1153 3535 1391 3606 δάφνης
1420 3536 1488 3590 δέ
1508 3553 1609 3607 μοι
1640 3539 1884 3607 αὐτογε-

309 3673 492 3746 Οτκου
524 3673 672 3746 ἐμοῦ
703 3673 946 3746 χώρημα
977 3677 1152 3730 ποίειο
1183 3676 1280 3730 καὶ
1321 3675 1615 3746 ἀγάλματι
1639 3605 1884 3730 Εἶρέὲἐέ

302 3744 494 3809 Κείνῳ
509 3744 933 3814 ἐπευχόμενος,
953 3745 1026 3799 δι’
1043 3747 1241 3801 ὕπνον
1263 3744 1878 3818 ὲμέτοιίάναθρήσεις.

303 3836 416 3890 Καὶ
448 3835 608 3890 πάλιν
639 3835 828 3890 ἄλλοτε
857 3837 1079 3908 ἄγαλμα
1104 3838 1286 3902 αὐτοῖς
1313 3837 1542 3904 ἐξέδωκε
1573 3836 1834 3894 τοιοῦτον.
1857 3857 1876 3890 ι

819 3989 1216 4042 ΚΕΦΑΛΑΙΟΝ
1262 3990 1359 4043 ll".

304 4079 436 4132 Ὅτι
479 4079 580 4134 καὶ
612 4077 719 4146 τὰς
766 4079 1189 4212 Μρφὰςὲεῖἓῦἔν
1217 4079 1451 4142 ξοάνων
1495 4081 1666 4136 αὐτοὶ
1717 4082 1884 4136 κατέ-

405 4259 424 4292 ι
445 4243 553 4297 Καὶ
590 4242 721 4317 περὶ
765 4241 873 4296 τῶν
927 4243 1243 4314 σχημάτων,
1297 4243 1445 4307 ὅπως
1497 4245 1880 4312 φαντάζονται,

299 4334 454 4390 αὐτοὶ
500 4333 899 4406 μεμηνύκασινο
935 4335 1030 4403 ἀφ’
1057 4327 1131 4388 ὧν
1159 4335 1254 4387 καὶ
1291 4333 1363 4388 τὰ
1404 4334 1699 4405 ἀγάλματα
1741 4336 1883 4390 οὕτω

299 4425 620 4497 καθιδρύθη.
657 4426 820 4495 Λέγει
849 4424 980 4495 γοῦν
1033 4425 1063 4477 ὁ
1096 4425 1361 4496 Σάραπις,
1411 4426 1534 4482 ιδὼν
1567 4427 1660 4484 τὸν
1703 4429 1879 4495 Πᾶνα,

295 4520 426 4589 περὶ
449 4516 668 4571 ἑαυτοῦ·

294 4691 519 4766 φαιδρὴ
547 4691 1040 4766 μὲνᾼκατὰνδῶμα
1062 4693 1201 4766 θεοῦ
1227 4693 1672 4766 καταλάμςτεται
1699 4696 1877 4766 αὐγὴ.

291 4756 474 4836 Ἦτὶθε
496 4756 627 4836 γάρ,
659 4756 1022 4836 ἠντιϐόληοε
1037 4765 1226 4836 μέγας
1266 4768 1419 4831 θεός·
1453 4756 1628 4820 ἐἶδεν
1649 4756 1809 4836 ἐμεῖο

290 4832 518 4906 Χάρητος
529 4833 951 4903 ἀμαιμάκετον,
964 4832 1320 4906 λαμπηδόνα
1331 4832 1879 4905 φλογμοτύραννον,

289 4904 646 4972 Βόστρυχον
671 4906 740 4958 ἐκ
774 4904 1051 4974 κεφαλῆς
1093 4905 1331 4973 νεάτης,
1384 4904 1880 4994 χαροποῖσέΙμετ-

302 5044 504 5112 Ἀμφὶς
554 5044 913 5114 ίαινόμενον,
951 5045 1247 5116 πλοχμοῒς
1284 5046 1335 5100 θ’
1364 5047 1574 5116 ἱεροῖσι

359 5137 472 5189 Καὶ
511 5138 540 5190 ὀ
579 5135 696 5190 Πὰν
728 5137 861 5210 περὶ
899 5138 1092 5192 ἑαυτοῦ
1153 5137 1322 5210 ὕμνον
1387 5139 1625 5205 ἐδίδαξεν
1679 5142 1868 5214 έχοντα

285 5225 462 5292 οὕτως
477 5243 492 5260 ·

285 5321 552 5394 Εὔκομαι
569 5321 792 5394 βροτρς
819 5323 1011 5394 γεγὼς
1030 5323 1181 5377 Πανὶ
1205 5323 1498 5394 συμφύτῳ
1524 5323 1658 5390 θεῷ,

283 5391 693 5460 Δισσοκέρατι,
724 5391 1067 5459 δισσόποδι,
1101 5391 1512 5463 τραγοονκελεῖ,
1543 5393 1859 5464 τρυφῶντι.

2603 2103 2834 2160 CAPUT
2879 2104 2999 2160 XII.

2003 2219 2241 2274 Eosdem
2270 2236 2604 2290 magicorum
2632 2221 2830 2274 artium
2857 2260 2873 2286 ,
2905 2218 3092 2290 quibus
3134 2218 3426 2274 simulacra
3463 2237 3590 2276 con-

2429 2290 2711 2359 ﬂarentur,
2740 2291 2979 2344 doctores
3002 2290 3186 2359 fuisse.

2081 2401 2101 2436 ι
2139 2382 2206 2438 Et
2234 2383 2457 2454 quidem
2483 2383 2600 2453 ipsa
2631 2397 2853 2454 quoque
2881 2383 3198 2449 simulacra,
3232 2385 3590 2454 quemadmo-

1999 2473 2131 2529 dum
2179 2488 2358 2544 quave
2405 2488 2473 2527 ex
2504 2473 2732 2528 materia
2783 2472 3115 2528 conformari
3166 2475 3468 2544 deberent,
3518 2477 3588 2532 ab

1999 2564 2198 2623 iisdem
2253 2565 2515 2621 traditum
2566 2564 2738 2621 fuisse
2794 2565 2879 2620 vel
2931 2580 2997 2621 ex.
3053 2568 3302 2636 sequenti
3355 2567 3585 2625 Hecates

1997 2674 2268 2728 responso
2295 2658 2644 2728 intelligetur.

1996 2751 2206 2806 Purum
2246 2752 2455 2805 absolve
2496 2751 2626 2804 mihi
2645 2750 3014 2816 simulacrum,
3042 2751 3198 2821 quale
3242 2751 3438 2807 docebo

1997 2821 2254 2892 Sylvestri
2275 2839 2302 2875 e
2330 2833 2454 2875 ruta
2479 2837 2690 2874 sacrum
2715 2823 2842 2873 mihi
2863 2822 3053 2943 perlici:
3081 2837 3272 2890 corpus
3293 2838 3312 2875 :

1997 2895 2223 2943 Accedat
2254 2892 2423 2943 tenuis
2449 2891 2737 2943 mediisque
2761 2892 2942 2943 uenali
2981 2907 3041 2943 us
3065 2906 3251 2943 errans

1996 2891 2223 2946 Accedat
2254 2892 2423 2946 tenuis
2449 2891 2737 2961 mediisque
2761 2891 3041 2961 penatibus
3065 2906 3251 2945 errans

1996 2961 2206 3026 Stellio,
2236 2977 2388 3031 quem
2414 2959 2669 3030 styracis,
2702 2960 2952 3031 myrrhae,
2979 2961 3251 3031 thurisque
3273 2959 3454 3017 Sabari

1997 3029 2547 3094 Futura-crescentis
2583 3031 2860 3084 commisce
2883 3030 2953 3083 ad
2971 3029 3174 3083 lumina
3204 3030 3419 3086 Phoebes
3437 3046 3458 3084 :

1996 3101 2239 3171 Dumque
2258 3101 2426 3154 instas
2445 3101 2610 3169 operi,
2629 3098 2790 3152 simul
2807 3101 2916 3152 [nec
2932 3099 3062 3152 mihi
3084 3102 3294 3171 concipe
3319 3111 3464 3156 vota.

1994 3191 2132 3246 Tum
2164 3193 2336 3262 ipsam
2369 3205 2586 3262 quoque
2614 3191 2724 3246 voti
2751 3190 3039 3246 formulam
3058 3193 3363 3262 praescribit
3383 3193 3580 3250 simul-

1992 3299 2101 3355 que
2141 3284 2320 3351 docet,
2366 3292 2502 3354 quot
2557 3282 2829 3354 ejusmodi
2892 3283 3220 3338 animalcula
3280 3283 3584 3342 admiscere

1994 3384 2261 3446 oporteat.

1913 3461 1956 3520 C
1990 3467 2128 3530 Quot
2152 3467 2280 3519 mihi
2297 3477 2417 3520 sunt
2435 3465 2644 3536 formaz,
2665 3473 2742 3519 tot
2765 3465 2925 3536 misce
2945 3465 3280 3536 animalcula
3299 3465 3492 3523 dextra

1990 3536 2238 3601 Sedulus,
2270 3547 2426 3606 atque
2450 3536 2593 3590 ultro
2614 3535 2878 3590 nascentis
2903 3535 3120 3589 brachia
3140 3536 3282 3590 lauri

1988 3668 2054 3723 In
2078 3681 2317 3724 nostram
2337 3683 2552 3723 contexo
2572 3667 2789 3722 domum
2813 3683 2832 3722 :
2860 3668 2938 3723 sic
2972 3667 3142 3722 multa
3165 3679 3408 3738 precatus

1991 3738 2244 3810 Eﬁigiem,
2269 3740 2440 3794 somni
2466 3739 2680 3794 tandem
2710 3754 2792 3792 me
2827 3747 3056 3808 tempore
3091 3755 3291 3794 cernes.

1989 3827 2308 3900 Eademque
2353 3829 2485 3886 alibi
2530 3828 2712 3886 simile
2755 3829 3031 3900 quoddam
3079 3831 3363 3887 simulacri
3403 3847 3578 3904 genus

1989 3922 2270 3978 indicavit.
2310 3940 2330 3975 ι

2493 3993 2650 4062 201
2689 3992 2922 4048 CAPUT
2948 3993 3089 4048 xm.

1991 4080 2146 4152 lpsas
2181 4100 2384 4154 quoque
2408 4085 2820 4166 simulacrorum
2852 4087 3054 4156 ﬁguras
3096 4087 3160 4140 ab
3191 4086 3259 4140 iis
3283 4085 3574 4142 delineatas

2733 4172 2894 4212 ιιιδεε.

2707 4157 2894 4225 fuisse.

2067 4261 2086 4294 ι
2119 4241 2236 4298 lmo
2265 4259 2418 4309 vero,
2445 4260 2697 4315 quaenam
2729 4256 2991 4316 praeterea
3019 4245 3300 4301 simulacri
3327 4246 3573 4317 conligu-

1991 4331 2149 4386 randi
2193 4332 2333 4387 ratio
2355 4348 2479 4388 esse
2504 4333 2724 4398 debeat,
2759 4335 2833 4388 ita
2879 4334 3238 4399 tradiderunt,
3274 4343 3335 4389 ut
3361 4349 3482 4390 eam
3513 4336 3570 4391 in
3685 4359 3692 4366 ν

1991 4423 2294 4478 statuendis
2358 4424 2692 4494 imaginibus
2757 4424 2977 4481 ﬁctores
3033 4433 3220 4494 postea
3284 4425 3572 4497 diligenter

1987 4514 2379 4582 expresserim.
2432 4516 2502 4570 Et
2558 4513 2787 4586 Sarapis
2842 4515 3063 4586 quidem
3093 4515 3213 4581 ita,
3260 4531 3388 4573 cum
3420 4515 3569 4576 Pana

1988 4607 2235 4673 vidisset,
2266 4606 2335 4662 de
2362 4608 2544 4678 seipso
2572 4608 2838 4678 loquitur.

1990 4698 2140 4772 l_._wta
2169 4715 2309 4754 meos
2336 4698 2430 4772 lua:
2453 4700 2683 4754 irradiat
2704 4700 2981 4772 complexa
3005 4713 3240 4772 penates,

2003 4770 2150 4842 l’enit
2171 4772 2359 4842 quippe
2396 4771 2598 4842 ingens,
2628 4769 2892 4842 subiitque
2921 4773 2989 4825 ad
3005 4769 3201 4828 limina
3221 4788 3436 4839 numen,

1989 4839 2435 4914 inuictum’robur
2455 4839 2727 4914 nostrum,
2748 4839 3071 4914 ﬂammaque
3092 4853 3354 4911 potentem

1984 4911 2323 4978 Splendorem
2347 4921 2549 4980 aspexit
2574 4927 2592 4965 :
2623 4913 2820 4965 crinem
2849 4929 2881 4965 a
2904 4911 3190 4968 cervicibus
3218 4914 3365 4976 altis,

1985 4979 2090 5051 Qui
2115 4984 2315 5035 circum
2341 4982 2593 5051 ﬂagranti
2618 4998 2802 5036 errans
2823 4982 3030 5036 lascivit
3050 4985 3106 5036 in
3131 5001 3220 5036 ore

1982 5050 2296 5118 Socratique
2316 5050 2439 5120 pilis
2462 5053 2620 5106 menti
2645 5068 2699 5105 se
2719 5053 2988 5107 advolvere
3011 5054 3186 5123 gestit.

2055 5144 2168 5199 lmo
2185 5139 2301 5198 Pan
2324 5141 2590 5214 ejusmodi
2651 5157 2871 5214 quoque
2925 5144 2992 5200 de
3039 5145 3220 5215 seipso
3293 5145 3559 5216 hymnum

1979 5234 2216 5299 edocuit,

1983 5324 2091 5396 Oro
2117 5326 2361 5379 mortalis
2385 5335 2534 5379 satus
2562 5325 2715 5379 Pana
2740 5336 3025 5396 cognatum,
3044 5326 3218 5392 deum,

1966 5394 2266 5460 Bzcoruem,
2291 5396 2546 5464 bipedem,
2573 5396 2776 5448 hircino
2802 5390 2976 5460 crure,
3009 5390 3386 5452 lascivientem.

289 5480 399 5535 Καὶ
461 5479 530 5534 τὰ
560 5480 874 5541 -άκόλουθα,
934 5485 1044 5538 Καὶ
1073 5487 1108 5556 ἡ
1150 5486 1346 5557 Ἑκάτη
1392 5487 1450 5541 δὲ
1497 5489 1623 5558 περὶ
1667 5485 1865 5555 ἑαυτῆς

1999 5483 2042 5538 St
2071 5501 2193 5554 qua:
2221 5494 2547 5556 sequuntur.
2582 5485 2784 5542 Hecate
2805 5495 3060 5556 prasterea
3083 5487 3152 5543 de
3177 5503 3235 5542 se
3265 5487 3380 5558 ipsa
3403 5489 3558 5552 hunc

282 5567 427 5623 οὕτω
455 5570 641 5643 φησίνο

1976 5576 2032 5630 in
2065 5577 2286 5632 modum
2317 5578 2534 5646 cecinit,

286 5661 430 5730 Ἤδη
452 5665 648 5732 μοισύ
680 5682 746 5734 γε
773 5665 969 5721 πάντα
997 5667 1171 5722 ποίει·
1193 5667 1418 5734 ξόανον
1447 5681 1471 5712 ι
1502 5668 1570 5722 δὲ
1593 5669 1662 5724 ἐν
1709 5666 1870 5734 αὐτῷ

1999 5669 2176 5725 Iuncta
2197 5671 2324 5726 mihi
2357 5671 2540 5727 molire
2568 5688 2746 5738 manu,
2779 5673 3089 5746 frugumque
3113 5675 3339 5743 potentis

360 5787 388 5855 ε
425 5777 508 5833 la’.
546 5776 740 5849 ξοάνῳ.
