4162 6490
426 410 534 468 549

1529 407 1852 465 ΡῐίιιΕΡΑῐί.
1895 407 2146 465 EVANG.
2183 407 2311 464 LIB.
2354 409 2397 465 ν

3587 413 3697 475 530

425 526 560 596 γία;
606 525 775 588 Ποίας
816 525 859 579 δ’
888 524 1050 579 εἰκὼν
1081 525 1263 580 ἐνθέου
1289 526 1485 595 γένοιτ’
1528 525 1596 580 ἂν
1640 527 1924 598 δυνάμεως
1968 528 1995 597 ἡ

2108 541 2175 581 ex
2229 527 2492 583 maleﬁcis
2536 526 2825 599 prtestigiis
2874 527 3092 585 auferre
3137 530 3395 601 possint?
3425 530 3697 598 Quidnam

423 618 535 672 τῶν
567 616 785 670 τοιῶνδε
824 618 1120 688 σχημάτων
1154 616 1474 688 μόρφωσιε;
1507 616 1573 669 Τί
1618 617 1666 671 δ’
1711 615 1774 669 οὐ
1806 613 2006 686 μᾶλλον

427 709 756 781 φιλοσοφεῖν,
789 708 823 780 ἢ
867 708 1124 780 μαγεύειν
1173 708 1265 762 καὶ
1305 707 1373 762 τὰ
1416 708 1761 780 ἀπειρημένα
1791 705 2008 761 διώκειν

426 798 813 872 συμϐουλεύειν
839 800 1028 874 ἐχρῆν,
1061 799 1156 855 τοῦ
1185 801 1307 855 κατ’
1329 802 1530 873 ἀρετὴν
1561 800 1655 854 καὶ
1685 798 2007 871 φιλοσοφίαν

423 895 626 967 τρόπου
650 892 787 965 πρὸς
806 893 1100 965 εὐδαίμονα
1122 895 1217 947 καὶ
1249 894 1519 965 μακάριον
1553 893 1666 964 βίον
1696 894 2005 965 αὐτάρκους

423 988 815 1060 τυγχάνοντοςς
863 987 921 1042 Ὁ
966 988 1043 1053 δὲ,
1080 988 1365 1042 ἐπιτείνων
1396 988 1488 1041 τὸν
1525 988 1725 1042 οἰκεῖον
1762 986 2002 1058 ἔλεγχον,

424 1079 751 1154 προστίθησι
781 1082 895 1144 τοῖς
918 1078 1230 1151 εἰρημένοις
1261 1080 1357 1133 καὶ
1388 1078 1579 1132 ταῦτα.

2113 617 2228 674 Deo
2277 628 2493 687 gratum
2538 620 2735 675 habeat
2781 635 2976 676 vecors
3027 631 3082 677 et
3140 623 3337 677 stolida
3392 622 3697 678 inanimum

2112 710 2535 767 simulacrorum
2560 711 2926 780 superstitio?
2949 712 3252 782 Cujusnam
3286 727 3453 784 porro
3497 714 3698 770 divine

2111 803 2399 873 potestatis
2453 803 2719 874 imagines
2765 788 2977 859 censeri
3019 805 3293 870 debeant,
3341 806 3547 877 eﬂigies
3593 805 3698 862 hoc

2112 908 2309 965 genere
2343 893 2795 964 conﬁgurationis
2827 898 3144 964 expressae?
3180 897 3262 950 An
3291 912 3403 951 non
3455 898 3699 953 colendae

2111 984 2477 1056 philosophiae
2503 985 2687 1055 potius
2712 1026 2726 1051 ,
2773 1000 2940 1056 quam
2988 989 3325 1059 magicarum
3355 1004 3421 1043 ac
3452 988 3699 1058 prohibi-

2112 1085 2291 1132 tarum
2335 1077 2537 1133 artium
2583 1077 2761 1133 studia
2815 1080 3213 1147 consectandi,
3263 1091 3519 1137 auctores
3570 1081 3697 1137 illos

421 1181 587 1242 atque
627 1170 941 1227 hortatores
992 1184 1116 1227 esse
1170 1170 1461 1240 oportuit?
1510 1169 1650 1225 Cum
1705 1167 2007 1240 praesertim
2044 1166 2171 1223 vitae
2202 1167 2345 1223 ratio
2370 1183 2439 1222 ex
2470 1166 2691 1222 virtutis
2756 1183 2822 1225 ac
2886 1170 3245 1242 philosophiae
3285 1173 3569 1245 praeceptis
3610 1173 3698 1230 in-

421 1263 613 1319 stituta
641 1302 657 1330 ,
708 1262 777 1318 ad
835 1261 977 1318 bene
1021 1262 1288 1335 beateque
1343 1261 1637 1317 vivendum
1689 1261 1826 1317 satis
1877 1275 2000 1317 esse
2038 1257 2557 1330 possit?Caeterum
2599 1258 2744 1315 idem
2805 1260 2923 1332 ipse
2986 1279 3172 1320 rerum
3214 1279 3441 1321 suarum
3463 1264 3695 1322 ulterius

420 1353 797 1412 confutatione
824 1355 1089 1427 producta
1117 1397 1133 1422 ,
1167 1355 1546 1425 superioribus
1571 1399 1587 1424 ,
1634 1371 1757 1427 qua:
1800 1363 2236 1427 consequuntur,
2271 1354 2538 1427 adjungit.

949 1449 1346 1503 ΚΕΦΔΛΑΙΟΝ
1368 1449 1469 1502 IE'.

598 1541 729 1595 Ὀτι
760 1540 990 1607 καὶτὰς
1017 1542 1301 1611 ἀψύχους
1328 1540 1485 1606 ὔλας
1511 1539 1818 1609 φιλοῦσιν.

496 1650 516 1683 ι
551 1630 670 1685 Ὀτι
697 1630 756 1684 δὲ
782 1628 997 1700 φιλοῦσι
1024 1629 1094 1683 τὰ
1134 1629 1380 1700 σύμϐολα
1404 1630 1513 1684 τῶν
1541 1631 1926 1701 χαρακτήρων,
1961 1630 1996 1700 ἡ
2032 1664 2074 1718 Β

431 1723 635 1797 Ἑκάτη
668 1720 1092 1794 παραϐάλλουσα
1124 1719 1260 1793 πρὸς
1291 1720 1328 1775 ἃ.
1355 1720 1601 1790 φιλοῦσιν
1624 1722 1672 1773 οί
1702 1720 1998 1795 ἄνθρωποι,

422 1817 707 1888 μεμήνυκε
733 1814 823 1868 διὰ
851 1813 1058 1868 τούτων
1076 1829 1091 1843 ·

423 1993 521 2057 Τίς
541 1992 766 2060 ,ϐροτὸς
787 1992 860 2046 οὐ
886 1989 1190 2060 πεπόθηκε
1220 1987 1604 2060 χαρακτῆρας
1631 1987 1998 2060 ἐπιέσασθαι,

417 2058 681 2131 Χρυσὸῦ.
719 2062 820 2131 καὶ
859 2059 1118 2131 χαλκοῦν
1166 2059 1266 2131 καὶ
1308 2059 1571 2131 ἀργύρου
1610 2058 2001 2131 αἰγλήεντοςῖ

422 2132 518 2197 Τίς
552 2130 622 2184 δὲ
660 2131 733 2191 τὰ
754 2130 808 2185 δ’
850 2127 923 2186 οὖ
944 2128 1157 2200 φιλέει,
1193 2127 1311 2183 τῶν
1351 2128 1429 2198 δὴ
1473 2129 2004 2269 κωύπεῆῖνεῖὼὲφε-

1536 2268 1543 2269 ,
1678 2267 1687 2269 Α
1910 2236 1927 2263 ν

414 2273 518 2337 Εὶς
546 2269 618 2324 ἓν
647 2271 1033 2341 ἀγειράμενος
1054 2270 1193 2340 εἴρω
1221 2268 1588 2338 πολυμοιρέα
1609 2267 1859 2337 editur;

420 2362 495 2417 Οὐ
548 2362 708 2433 μόνον
754 2363 800 2415 δ’
847 2363 931 2417 ὅτι
984 2361 1127 2431 φίλοι
1176 2363 1227 2415 οί
1275 2361 1622 2433 χαρακτῆρες
1666 2358 1995 2429 δεδήλωκεν,

416 2455 530 2508 ἀλλ’
569 2457 651 2509 ὅτι
690 2455 803 2518 καὶ,
835 2455 971 2527 ὅπερ
1005 2453 1233 2524 ἔφαμεν,
1253 2454 1450 2516 ,αὐτοῖς
1484 2463 1511 2492 α
1542 2451 1995 2523 περιγράφονται,

415 2548 507 2601 καί
539 2549 677 2602 είσιν
714 2542 826 2600 οἷον
861 2548 921 2599 ὲν
951 2544 1081 2617 ἱερῷ
1109 2545 1294 2617 χωρίῳ
1319 2547 1387 2616 τῇ
1418 2544 1756 2625 ὑποκειμένῃ
1787 2542 1956 2597 εἰκόνι
1979 2559 1994 2572 ο

413 2637 475 2689 ού
515 2635 625 2707 γὰρ
652 2636 746 2689 ἐπὶ
772 2635 876 2706 γῆς
904 2632 1167 2705 ὀχεῖσθαι,
1198 2633 1313 2687 ἀλλ’
1356 2635 1450 2687 ἐπὶ
1489 2633 1594 2706 γῆς
1625 2634 1777 2704 ἱερᾶς
1806 2632 1999 2705 ἐδυνή-

413 2728 586 2799 θησαν
608 2745 622 2758 ο
658 2727 781 2799 ιερὰ
809 2728 864 2781 δὲ
904 2729 939 2799 ή
970 2728 1154 2781 εἰκόνα
1188 2726 1429 2799 φέρουσα
1462 2724 1608 2790 θεοῦ,
1636 2720 1706 2799 ἧς
1735 2727 1998 2799 ἀρθείσης

410 2818 627 2874 λέλυται
652 2820 717 2873 τὸ
741 2819 976 2893 κρατοῦν
1001 2820 1094 2873 ἐπὶ
1124 2819 1227 2890 γῆς
1253 2819 1315 2873 τὸ
1348 2817 1508 2872 θεῖον.
1542 2837 1563 2870 ι
1590 2817 1689 2871 Διὰ
1719 2817 1851 2887 γοῦν
1880 2817 1998 2885 τούς-

408 2930 519 2968 των
564 2912 805 2986 ἡγοῦμαι
846 2912 1035 2984 σαφῶς
1072 2912 1418 2985 ἐληλέγχθαι,
1448 2913 1527 2976 ὼς
1567 2911 1677 2984 ἄρα
1725 2911 1996 2982 περίγειοί

2701 1447 2933 1506 CAPUT
2968 1449 3087 1505 XV.

2253 1540 2475 1593 Eosdem
2498 1541 2741 1599 inanima
2772 1559 2978 1615 quoque
3002 1543 3230 1597 materia
3269 1543 3547 1598 delectari.

2182 1646 2202 1679 ι
2244 1628 2475 1684 Eosdem
2504 1669 2520 1697 ,
2557 1630 2779 1701 inquit,
2810 1643 3074 1703 praaterea
3116 1633 3493 1689 characterum
3523 1634 3691 1691 etiam

2101 1720 2249 1775 notis
2273 1721 2549 1788 delectari,
2581 1722 2782 1779 Hecate
2815 1725 3064 1781 instituta
3094 1742 3220 1781 cum
3245 1726 3335 1788 iis,
3366 1742 3503 1797 quas
3528 1727 3691 1799 vulgo

2101 1808 2356 1866 homines
2378 1821 2674 1883 expetunt,
2703 1817 3143 1888 comparatione,
3187 1817 3337 1873 hunc
3377 1820 3433 1873 in
3465 1818 3690 1875 modum
3806 1892 3813 1899 ι

2099 1902 2439 1971 pronuntiat,

2099 1988 2203 2045 Cui
2233 2008 2337 2046 non
2366 1995 2584 2048 mortali
2599 1995 2872 2065 jucundus
2898 1998 2955 2051 in
2976 2014 3080 2052 cere
3099 1998 3392 2064 character,

2098 2065 2599 2136 Argentoveniteas,
2631 2076 2724 2119 aut
2752 2067 2895 2136 fulvo
2924 2067 3207 2136 impressus
3231 2071 3284 2122 in
3309 2088 3438 2124 auro
3463 2073 3488 2125 ἓ

2099 2129 2201 2185 Cui
2224 2148 2324 2187 non
2346 2131 2511 2188 chara
2528 2129 2893 2207 homini,'qute
2913 2129 3119 2192 caelitus
3142 2139 3253 2208 ipse
3276 2140 3602 2211 gubernans,

2098 2261 2347 2322 Diversa:
2384 2267 2657 2322 hominum
2685 2267 2887 2323 soleam
2905 2278 3210 2325 connectere
3243 2281 3411 2327 sortes
3435 2272 3461 2326 .9

2096 2352 2287 2426 Neque
2308 2365 2521 2413 tantum
2549 2359 2686 2415 istos
2720 2359 2826 2415 sibi
2853 2361 3203 2418 characteres
3231 2363 3467 2433 placere,
3497 2379 3682 2420 verum

2098 2446 2264 2503 etiam
2295 2449 2363 2505 iis
2391 2464 2534 2515 sese,
2564 2450 2643 2504 uti
2670 2449 2786 2520 jam
2809 2450 3071 2519 diximus,
3115 2451 3519 2519 circumscribi,
3550 2455 3685 2510 sub-

2092 2540 2347 2612 iectaque
2373 2541 2634 2612 imagine,
2667 2557 2826 2598 sacro
2853 2543 3020 2599 veluti
3054 2544 3335 2601 domicilio
3363 2588 3379 2613 ,
3416 2548 3687 2603 contineri

2096 2632 2417 2689 declaravit.
2446 2631 2560 2689 Nec
2600 2634 2746 2689 enim
2794 2644 2961 2703 terra,
2994 2635 3101 2690 nisi
3135 2651 3293 2692 sacra
3318 2635 3521 2706 fuerit,
3551 2639 3685 2696 deos

2096 2722 2242 2778 ferre
2275 2738 2342 2778 ac
2364 2724 2638 2780 sustinere
2658 2733 2863 2796 queat:
2897 2740 3053 2781 sacra
3083 2736 3265 2782 autem
3294 2728 3388 2784 illa
3415 2737 3519 2797 est,
3563 2744 3688 2801 quae

2096 2812 2339 2869 divinam
2385 2812 2531 2883 capit
2562 2812 2855 2884 imaginem
2884 2832 2898 2868 :
2930 2828 3103 2883 eaque
3131 2814 3347 2869 sublata
3368 2853 3383 2876 ,
3410 2815 3497 2882 id,
3535 2816 3686 2885 quod

2096 2903 2153 2957 in
2188 2902 2351 2959 terris
2372 2918 2574 2959 numen
2601 2904 2894 2971 retinebat,
2920 2904 3068 2959 illico
3091 2904 3432 2960 dissolvitur.
3467 2924 3489 2958 ι
3523 2904 3686 2978 204.

409 3024 556 3070 τινες
588 3008 685 3060 καὶ
712 3006 1029 3076 φιλοπαθεῖς
1070 3005 1324 3077 δαίμονες
1349 3003 1566 3074 ἥλωσαν
1598 2996 1798 3057 ⁸αύτῶν
1842 3003 1995 3068 ὄντες

2098 2991 2196 3049 llis
2223 2993 2479 3063 equidem
2520 2993 2801 3050 evidenter
2829 2992 3139 3051 confectum
3195 2997 3456 3055 existimo
3480 3038 3497 3065 ,
3534 2999 3687 3055 aliud

410 3100 463 3154 οί
486 3099 597 3155 θεοί
614 3116 629 3130 ο
657 3099 737 3153 διό
767 3116 858 3169 μοι
882 3097 1024 3151 δοκῶ
1057 3097 1294 3170 σώφρονι
1322 3094 1568 3167 λογισμῷ
1590 3095 1688 3167 τὴν
1720 3095 1992 3168 ἀποστρο-

412 3193 519 3265 φὴν
556 3191 737 3246 αὐτῶν
767 3190 1116 3263 πεποιῆσθαι.
1157 3190 1321 3262 ὐρᾷς
1348 3188 1481 3259 γοῦν
1526 3187 1603 3251 ὼς
1630 3190 1852 3260 κρατεῖν
1887 3187 1991 3242 αὐ-

410 3288 537 3349 τοὺς
578 3284 637 3339 ἐν
675 3300 787 3337 τισι
829 3283 937 3354 γῆς
978 3282 1199 3354 χωρίοις
1243 3280 1372 3345 τοὺς
1415 3278 1559 3335 κατὰ
1590 3278 1823 3351 μαγείαν
1857 3279 1992 3348 φασὶ

410 3372 634 3437 τύπους,
667 3372 762 3426 καὶ
800 3373 927 3435 τοὺς
962 3370 1204 3424 τοιούσδε
1241 3370 1595 3443 χαρακτῆρας
1615 3386 1630 3400 ·
1666 3369 1804 3433 δέον,
1834 3369 1992 3439 εἴπερ

410 3464 520 3537 ἄρα
546 3463 688 3518 θετόν
725 3481 778 3517 τι
801 3459 870 3535 ἦν
911 3460 1150 3534 ἀληθῶς,
1184 3462 1305 3533 μηδ’
1336 3460 1543 3533 ἀλλαχῆ
1572 3478 1649 3533 πη
1691 3458 1992 3514 ἐπιϐαίνειν

411 3555 445 3625 ἢ
477 3557 535 3610 ὲν
576 3554 712 3626 μόνῃ
743 3552 920 3625 ψυχῆς
957 3551 1185 3624 διανοίᾳ,
1220 3551 1315 3605 καὶ
1359 3550 1535 3623 ταύτῃ
1567 3547 1770 3613 παντὸς
1815 3546 1990 3618 ῥύπου

412 3645 508 3700 καὶ
541 3644 722 3716 πάσης
754 3644 970 3716 κηλίδος
1008 3641 1419 3717 κεκαθαρμένη,
1456 3640 1781 3714 σωφροσύνῃ
1806 3656 1866 3692 τε
1896 3640 1992 3693 καὶ

409 3735 743 3809 δικαιοσύνῃ,
796 3735 891 3789 καὶ
928 3736 1050 3799 ταῖς
1089 3733 1275 3797 ἄλλαις
1325 3733 1547 3806 ἀρεταῖς
1578 3730 1988 3804 κεκοσμημένη.

410 3827 629 3882 Τούτων
656 3827 763 3897 γὰρ
801 3828 859 3879 ἐν
888 3824 1177 3896 ἀνθρώπου
1208 3823 1375 3896 ψυχῇ,
1403 3824 1478 3888 ὡς
1509 3826 1566 3877 ἐν
1611 3823 1827 3894 ἀληθῶς
1861 3821 1992 3893 ἱερῷ

411 3919 618 3992 χωρίῳ,
663 3917 1168 3989 προῦποκειμένων,
1215 3918 1440 3979 εἰκότως
1473 3915 1540 3970 ἂν
1584 3916 1803 3975 ἐπέλθοι
1843 3914 1989 3969 θείου

411 4011 731 4082 Πνεύματος
762 4009 1065 4082 παρουσία·
1097 4008 1191 4063 καὶ
1229 4008 1413 4062 οὐκέτι
1453 4007 1612 4079 χρεία
1633 4008 1731 4079 τῆς
1761 4007 1991 4063 κακοτέ-

410 4117 535 4172 χνου
564 4098 840 4171 γοητείας,
875 4097 985 4151 τῶν
1010 4098 1090 4161 είς
1119 4097 1383 4168 ὑποδοχὴν
1406 4095 1517 4169 (28)
1543 4096 1637 4150 τοῦ
1672 4096 1819 4151 θείου
1850 4096 1991 4151 κατὰ

409 4191 509 4265 τὴν
532 4192 787 4263 ἐνάρετον
812 4191 908 4245 καὶ
939 4189 1182 4261 φιλόθεον
1209 4190 1384 4261 ψυχὴν
1413 4189 1991 4263 προηυτρεπισμένων.

412 4285 577 4339 Ὠστε
597 4283 893 4356 διαρρήδην
918 4283 979 4348 ἐξ
999 4282 1255 4337 ἁπάντων
1275 4281 1480 4336 τούτων
1508 4282 1818 4353 περιγείους
1838 4281 1993 4347 τινὰς

2097 3085 2236 3141 nihil
2290 3100 2459 3156 quam
2522 3092 2813 3143 terrestres
2876 3088 3145 3158 quosdam
3196 3097 3250 3142 et
3297 3088 3686 3158 cupiditatibus

2093 3178 2338 3233 irretitos
2390 3177 2668 3233 daemones
2714 3177 2925 3247 fuisse,
2972 3194 3112 3255 quos
3156 3179 3250 3236 isti
3284 3180 3512 3235 deorum
3562 3180 3684 3237 loco

2094 3271 2403 3326 habuerunt
2427 3289 2441 3324 :
2466 3284 2644 3340 eoque
2667 3269 2805 3324 mihi
2833 3286 2965 3325 sane
2987 3270 3174 3327 videor
3200 3272 3269 3327 ab
3289 3287 3480 3328 eorum
3506 3272 3681 3341 cultu,

2093 3371 2313 3418 maturo
2358 3361 2418 3419 in
2476 3361 2670 3432 primis
2732 3375 2979 3433 sanoque
3037 3364 3312 3429 consilio,
3362 3363 3683 3420 descivisse.

2092 3451 2259 3509 Vides
2287 3454 2434 3508 enim
2469 3455 2605 3524 ipse,
2637 3453 2715 3510 uti
2739 3469 2834 3510 eos
2864 3455 3193 3525 quihusdam
3232 3456 3288 3510 in
3316 3462 3475 3510 terrae
3503 3455 3642 3510 locis
3663 3494 3682 3523 ,

2092 3547 2429 3616 magicarum
2461 3548 2788 3617 ﬁgurarum,
2821 3557 2986 3619 atque
3008 3548 3061 3604 id
3094 3564 3267 3619 genus
3297 3547 3681 3606 characterum

2090 3635 2327 3691 vinculis
2368 3636 2598 3693 detineri
2649 3637 2969 3695 fateantur:
3021 3655 3145 3696 cum
3175 3682 3191 3708 ,
3237 3640 3285 3696 si
3333 3654 3461 3695 vere
3509 3638 3682 3695 divini

2091 3727 2390 3798 quidquam
2428 3729 2711 3798 haberent,
2737 3746 3008 3801 nusquam
3046 3732 3196 3801 ipsos
3224 3730 3377 3796 alibi,
3423 3746 3590 3802 quam
3620 3731 3680 3786 in

2091 3829 2273 3875 mente
2312 3834 2424 3875 non
2473 3828 2686 3876 tantum
2718 3821 2789 3876 ab
2830 3822 3089 3879 omnibus
3132 3824 3387 3879 sordibus
3420 3823 3682 3895 omnique

2091 3908 2211 3964 labe
2249 3918 2515 3981 purgata,
2555 3911 2650 3966 sed
2693 3912 2858 3966 etiam
2910 3913 3315 3983 temperantiae,
3358 3912 3677 3985 aequitatis,

2092 4007 2286 4055 αξιοι-ο
2296 4016 2525 4070 rumque
2543 4003 2810 4058 virtutum
2829 4003 3167 4058 ornamentis
3185 4004 3472 4069 instructa,
3491 4004 3675 4065 sedem

2092 4091 2283 4161 utique
2315 4106 2380 4147 ac
2399 4092 2740 4148 domicilium
2782 4093 3019 4164 deligere
3047 4103 3344 4164 oporteret.
3392 4094 3497 4151 Ubi
3524 4096 3675 4151 enim

2092 4183 2200 4238 illae
2243 4183 2411 4239 semel
2443 4183 2686 4239 hominis
2733 4185 2979 4239 animum
3016 4196 3277 4255 tanquam
3319 4186 3542 4256 aliquod
3581 4201 3676 4242 sa-

2092 4273 2334 4330 crarium
2364 4276 2705 4344 occuparint,
2736 4275 2929 4330 eodem
2954 4290 3076 4331 sese
3107 4276 3303 4330 merito
3332 4276 3550 4331 divinus
3585 4275 3678 4332 ille

410 4375 752 4441 ἁλίσκεσθαι,
790 4374 1108 4445 φιλοπαθεῖς
1147 4392 1208 4428 τε
1240 4375 1336 4429 καὶ
1366 4373 1778 4445 φιλοσωμάτους
1812 4373 1990 4446 ύπάρ-

2096 4365 2321 4436 spiritus
2362 4364 2710 4420 insinuabit:
2752 4379 2855 4421 nec
2907 4364 3182 4421 mentibus
3246 4365 3349 4432 iis,
3391 4380 3515 4436 qua:
3559 4367 3675 4438 jam

409 4487 529 4543 χειν
570 4468 851 4539 δαίμονας,
884 4468 1012 4530 τοὺς
1046 4466 1174 4536 περὶ
1212 4457 1288 4519 ὧν
1325 4464 1451 4537 ἄρτι
1498 4464 1773 4537 ἐλέγομεν.
1828 4463 1990 4523 Ἀλλὰ

409 4561 520 4633 γὰρ
545 4560 671 4631 ἑξῆς
697 4558 929 4621 τούτοις,
952 4555 1117 4611 ἄκουε
1137 4550 1227 4609 οἷα
1247 4556 1276 4609 ὁ
1297 4555 1459 4619 αὐτὸς
1485 4553 1831 4625 συγγραφεύς
1854 4570 1988 4626 φησι

418 4651 542 4723 περὶ
587 4648 681 4704 τοῦ
721 4646 1092 4703 ἐκλελοιπέναι
1128 4644 1309 4699 αὐτῶν
1351 4643 1421 4700 τὰ
1464 4642 1714 4715 βοώμενα
1750 4643 1990 4714 χρηστή-

416 4754 526 4804 pta.

2094 4456 2161 4510 ad
2188 4456 2473 4512 honestam
2504 4470 2626 4512 sese
2658 4472 2723 4512 ac
2742 4456 3054 4528 religiosam
3081 4457 3207 4513 vitae
3233 4473 3561 4530 morumque
3586 4473 3676 4517 ra—

2095 4550 2299 4606 tionem
2347 4549 2748 4609 conformarint
2772 4594 2788 4621 ,
2840 4555 3240 4626 praestigiarum
3286 4534 3675 4614 maleﬁciis‘ad

2092 4642 2474 4713 excipiendum
2517 4659 2722 4701 numen
2769 4661 2908 4717 opus
2939 4654 3204 4718 praeterea
3232 4646 3420 4704 fuerit.
3453 4650 3675 4716 Maneat

2095 4734 2263 4805 igitur
2292 4772 2308 4799 ,
2354 4735 2444 4791 his
2485 4735 2747 4793 omnibus
2790 4738 3118 4795 testimoniis
3165 4747 3315 4796 certo
3356 4739 3674 4811 liquidoque

414 4829 847 4901 comprobatum,
890 4827 959 4884 de
989 4827 1189 4898 quibus
1240 4826 1419 4881 adhuc
1453 4842 1481 4880 a
1533 4824 1692 4880 nobis
1739 4825 2076 4895 disputatum
2109 4836 2216 4894 est,
2250 4842 2348 4884 eos
2405 4842 2515 4883 non
2551 4828 2690 4885 alios
2730 4845 2875 4897 esse,
2928 4846 3095 4903 quam
3157 4832 3456 4899 daemones,
3510 4841 3673 4887 terra!

414 4931 462 4980 et
510 4920 902 4991 cupiditatibus
943 4933 1351 4990 corporumque
1396 4917 1678 4973 amoribus
1726 4918 1986 4988 illigatos.
2027 4916 2185 4975 Nunc
2241 4934 2394 4988 vero,
2429 4922 2741 4993 cujusmodi
2769 4937 2832 4980 ea
2860 4923 2992 4989 sint,
3021 4940 3143 4996 quae
3185 4925 3259 4981 de
3318 4925 3668 4995 oraculorum
3777 4936 3783 4943 '

412 5020 678 5092 ipsorum,
694 5028 817 5085 qua:
832 5014 903 5069 ab
919 5013 987 5070 iis
1009 5029 1183 5084 usque
1204 5014 1341 5069 adeo
1356 5012 1558 5083 iactata
1577 5021 1726 5079 sunt,
1749 5010 2059 5069 defectione
2086 5012 2227 5069 idem
2259 5015 2880 5089 Porphyriusdeinceps
2907 5018 3158 5085 attexuit,
3191 5033 3405 5075 mecum
3427 5019 3665 5092 attende,

922 5129 1323 5183 ΚΕΦΑΛΑΙΟΝ
1362 5131 1478 5198 ις’.

411 5225 548 5295 Περὶ
610 5223 732 5278 τῶν
782 5222 1222 5295 ἐκλελοιπότων
1285 5224 1667 5295 χρηστηρίων
1722 5225 1989 5294 ἔχρησεν

893 5293 1077 5357 αὐτὸς
1108 5295 1142 5345 ό
1174 5292 1504 5347 Ἀπόλλων.

415 5404 434 5438 ι
481 5384 655 5455 Ἀμφὶ
679 5383 749 5437 δὲ
768 5381 882 5455 (29)
927 5384 1102 5437 Πυθὼ
1128 5385 1182 5437 οὶ
1220 5383 1489 5453 κααρίηγ
1515 5402 1579 5439 τε
1599 5387 1984 5455 μαντεύματα

939 5510 949 5518 ,
1670 5456 1909 5527 [Φοίϐου

479 5535 510 5567 ιι
548 5541 640 5594 τρ.
677 5522 849 5578 αὐτοί.

484 5638 599 5709 (28)
645 5636 768 5713 Τῶν
802 5639 891 5713 εὶς
928 5637 1257 5708 ὑποδοχήν.
1290 5640 1441 5694 Alter
1471 5658 1502 5713 e
1534 5657 1809 5713 manuscr.
1842 5658 1986 5713 prae-

407 5708 611 5781 claram
639 5709 779 5781 huic
812 5709 1124 5781 loconavat
1169 5724 1431 5781 operam;
1488 5710 1616 5781 legit
1670 5708 1984 5777 enimfcatg

408 5780 486 5852 είς
526 5777 793 5852 ὑποδοχὴν
820 5777 914 5832 τοῦ
940 5777 1104 5845 θείου,
1135 5779 1277 5852 κατᾲ
1307 5780 1405 5850 τὴν
1434 5777 1685 5852 ἐνάρετον
1708 5782 1981 5852 καὶδφιλό-

411 5845 531 5901 θεον
568 5845 783 5913 ποᾶξιν,
820 5845 1387 5917 ποοπυτοεπισμέναις
1435 5845 1664 5916 ψυείαἴςο
1712 5845 1981 5927 mentibus

2744 5132 2927 5188 APUT
2961 5133 3100 5188 XVI.

2744 5132 2927 5188 APUT
2961 5133 3008 5188 X
3061 5134 3100 5188 Ι.

2088 5221 2166 5276 De
2195 5224 2533 5279 oraculorum
2553 5132 2843 5295 defectione
2865 5133 3162 5296 Apollinem
3188 5228 3362 5298 ipsum
3386 5227 3661 5301 cecinit“,

2088 5393 2110 5428 ε
2159 5374 2353 5448 Pythia
2378 5383 2517 5450 quod
2541 5391 2759 5451 spectat,
2782 5382 3051 5453 Clariique
3080 5385 3297 5441 oracula
3321 5385 3528 5458 Phoebi,

2090 5640 2216 5701 illis.
2243 5657 2365 5716 quae
2389 5656 2509 5696 sese
2527 5641 2640 5716 jam
2666 5643 2732 5697 ad
2755 5643 3132 5716 excipiendum
3162 5663 3386 5716 numen,
3414 5650 3659 5708 honesta

2092 5726 2156 5765 ac
2178 5712 2460 5784 religiosae
2488 5714 2615 5784 vitae
2649 5714 2955 5784 rationibus
2983 5719 3372 5784 compararint.

2165 5780 2278 5861 (2.9)
2305 5780 2503 5861 ’.Ἀμφὶ
2544 5781 2650 5861 6έᾲ
2676 5783 3009 5861 corruptum
3046 5780 3241 5861 locum
3299 5790 3657 5861 manuscripti

2089 5850 2287 5908 foedius
2316 5852 2575 5908 lacerant.
2606 5851 2723 5909 Non
2753 5850 3093 5913 incommode
3119 5858 3167 5912 οἱ
3196 5868 3436 5917 mutetur
3453 5859 3509 5927 in
3538 5850 3652 5930 car,“
