4162 6428
306 392 416 451 353

835 505 1062 561 ΚΕΦΑΛ
1070 506 1235 561 ΑΙΟΝ
1268 506 1366 560 ΙΖ’.

307 619 450 691 Περὶ
498 620 606 675 τοῦ
643 618 741 674 καὶ
781 619 1076 691 θνήσκειν
1124 619 1266 691 τοὺς
1308 618 1619 690 δαίμονας,
1661 617 1768 684 οὓς
1808 617 1886 687 δὴ

800 691 881 756 ὡς
916 690 1091 755 θεοὺς
1128 688 1390 759 τιμῶσιν.

382 821 403 856 ι
446 802 521 857 Τὸ
551 803 650 875 μὲν
696 803 987 873 ἐφεστάναι
1027 802 1139 873 (56)
1177 805 1293 866 τοῖς
1320 802 1696 876 χρηστηρίοις,
1741 801 1884 872 εἷπε,

307 895 384 967 μὴ
414 892 590 957 θεοὺς,
636 888 718 956 οἷς
756 892 1103 964 ἀπηλλάχθαι
1145 891 1255 946 τῶν
1296 894 1424 965 περὶ
1454 892 1559 965 γῆν
1596 895 1884 968 προσήκει,

303 985 440 1040 άλλά
480 984 740 1056 δαίμονας
789 984 1069 1056 ὑπηρέτας
1117 984 1276 1050 θεῶν,
1308 986 1368 1039 οὐ
1402 986 1550 1040 δοκεῖ
1580 1003 1668 1058 μοι
1699 987 1886 1051 κακῶς

302 1076 613 1144 ἀξιούσθαυ
670 1076 731 1130 τὸ
780 1075 839 1129 δὲ
884 1078 1001 1140 τοῖς
1044 1076 1263 1148 δαίμοσι
1314 1077 1545 1142 τούτοις,
1604 1080 1885 1151 μονονουχὶ

302 1169 505 1241 ράγδην
559 1168 937 1240 λαμϐάνοντας
988 1170 1055 1223 ὲκ
1102 1169 1211 1224 τῶν
1259 1170 1409 1225 ἐπῶν
1465 1169 1558 1225 τοῦ
1623 1172 1887 1243 Ἐμπεδο-

299 1259 510 1327 κλέους,
549 1261 845 1333 ἀμαρτίας,
882 1261 973 1313 καὶ
1008 1260 1164 1325 ἄτας,
1206 1261 1300 1314 καὶ
1334 1262 1544 1327 πλάνας
1588 1261 1884 1334 θεηλάτους

297 1352 601 1424 ἐπιφέρειν,
634 1352 1000 1416 τελευτῶντας
1029 1352 1087 1406 δὲ
1121 1354 1216 1407 καὶ
1255 1353 1518 1419 θανάτους
1546 1354 1738 1427 ὥσπερ
1785 1357 1882 1410 ἀν-

297 1444 532 1517 θρώπων
563 1444 935 1512 ὑποτίθεσθαι,
973 1444 1307 1518 θρασύτερον
1339 1447 1579 1518 ἡγοῦμαι
1609 1449 1705 1501 καὶ
1749 1448 1883 1520 βαρ-

297 1536 685 1610 ϐαρικώτερον.
749 1535 1064 1610 Ἦρώτησεν
1128 1534 1220 1593 οὖν
1274 1538 1302 1592 ό
1351 1539 1733 1613 Κλεόμϐροτος
1785 1541 1883 1596 τὸν

295 1629 581 1696 Φίλιππον,
607 1631 754 1694 ὅστις
783 1632 889 1701 εἴη.
925 1631 1020 1683 καὶ
1053 1630 1218 1684 πόθεν
1243 1631 1271 1684 ό
1295 1631 1513 1695 νεανίας
1532 1649 1546 1661 υ
1576 1632 1881 1703 πυθόμενος

294 1720 351 1774 δὲ
375 1720 613 1792 τοῦνομα
645 1721 739 1774 καὶ
765 1720 863 1793 τὴν
896 1720 1071 1784 πόλιν,
1112 1720 1246 1774 Οὐδὲ
1279 1720 1657 1794 αὑτοὺς,’ἐφη,
1684 1721 1883 1777 λανθά-

294 1830 476 1883 νομεν,
523 1807 569 1866 ὦ
618 1811 956 1885 Ἡρακλέων,
985 1812 1044 1866 ὲν
1089 1812 1270 1882 λόγοις
1299 1812 1586 1882 γεγονότες
1633 1813 1876 1879 ἀτόποις.

1436 388 1758 447 ΡΒᾸΞΡΑΒ.
1808 387 2063 447 EVANG.
2103 388 2233 446 LIB.
2275 389 2339 445 ν.

1916 511 1966 567 Α

3477 389 3583 448 354

2554 499 2790 559 CAPUT
2828 500 2995 558 XVII.

1989 619 2068 675 De
2086 620 2306 676 interitu
2335 619 2657 686 dcemonum,
2687 636 2818 691 quos
2835 620 3054 674 deorum
3084 617 3200 674 loco
3223 625 3568 675 uenerantur.

2063 820 2083 854 ι
2118 800 2384 872 Equidem
2414 802 2560 873 quod
2592 801 2854 867 oraculis,
2899 803 3096 873 inquit,
3124 817 3234 859 non
3259 802 3371 874 jam
3393 802 3526 860 deos
3548 840 3569 869 ,

1987 893 2080 963 qui
2111 908 2143 948 a
2177 892 2342 947 rebus
2374 875 2606 948 terrenis
2637 894 2832 948 secreti
2864 908 2990 949 esse
3021 894 3275 959 debeant,
3330 894 3425 950 sed
3459 895 3572 950 dat-

1988 999 2178 1041 moncs
2208 984 2394 1055 potius
2421 985 2650 1040 deorum
2677 986 3036 1042 administros
3070 1001 3305 1056 praeesse
3337 995 3569 1056 statuat,

1986 1075 2042 1132 id
2076 1076 2210 1130 mihi
2229 1090 2517 1146 perperam
2566 1074 2749 1132 facere
2783 1093 2890 1132 non
2947 1078 3185 1133 videtur.
3223 1077 3281 1132 In
3345 1078 3570 1136 eosdem

1985 1176 2167 1224 tamen
2197 1168 2494 1234 daemones,
2530 1174 2739 1222 tantum
2767 1183 2874 1223 non
2908 1168 3112 1239 impetu
3139 1169 3305 1239 206
3330 1169 3572 1239 quodam

1984 1260 2217 1331 arreptis
2247 1257 2595 1329 Empedoclis
2634 1258 2778 1314 hanc
2811 1259 2867 1314 in
2894 1274 3008 1314 rem
3054 1262 3325 1327 versibus,
3359 1261 3569 1331 lapsus,

1984 1351 2343 1416 calamitates,
2379 1366 2710 1422 erroresque
2742 1351 3007 1407 divinitus
3053 1351 3337 1408 immissos
3364 1367 3569 1423 conge-
3607 1418 3615 1428 _

1982 1459 2126 1509 rere,
2153 1452 2434 1514 postremo
2487 1459 2681 1500 eorum
2715 1445 2880 1500 etiam
2913 1444 3137 1515 perinde
3186 1453 3353 1514 atque
3384 1444 3568 1500 homi-

1980 1553 2111 1593 num
2146 1539 2400 1597 interitus
2433 1557 2895 1607 commemorare,
2950 1542 3004 1597 id
3044 1556 3174 1597 vero
3209 1556 3333 1597 cum
3390 1540 3567 1596 auda-

1981 1630 2102 1685 cius
2126 1645 2270 1696 esse,
2322 1640 2439 1687 tum
2497 1630 2812 1689 barbariam
2872 1634 3104 1688 nimium
3162 1632 3313 1688 olere
3361 1633 3564 1688 sentio.

1981 1723 2362 1781 Cleombrotus
2395 1727 2562 1798 igitur
2587 1768 2601 1793 ,
2641 1729 2765 1799 quis
2816 1727 3060 1794 tandem,
3113 1735 3169 1782 et
3219 1725 3374 1797 cujas
3418 1734 3569 1783 esset

1981 1814 2322 1882 adolescens,
2350 1831 2416 1873 ex
2445 1817 2697 1889 Philippo
2755 1818 2987 1889 quarit,
3042 1818 3317 1889 simulque
3361 1831 3566 1873 nomen

307 1905 444 1959 Ἀλλ’
468 1906 568 1960 οὐκ
587 1904 703 1959 ἐστι
724 1904 853 1977 περὶ
876 1904 1217 1977 πραγμάτων
1241 1905 1493 1977 μεγάλων
1518 1907 1594 1979 μὴ
1617 1906 1870 1978 μεγάλαις

1983 1922 2049 1963 ac
2086 1908 2362 1964 civitatem
2393 1918 2454 1964 ut
2492 1910 2734 1978 audivit,
2771 1926 2839 1967 ne
2872 1911 2978 1981 ipsi
3012 1911 3256 1980 quidem,
3292 1909 3367 1963 mi
3393 1895 3566 1965 Hera—

294 1998 783 2069 προσχρησάμενον
804 1999 1021 2069 ἀρχαῖς,
1058 1998 1151 2050 ἐπὶ
1177 1997 1239 2050 τὸ
1259 1998 1408 2062 είκὸς
1436 2001 1502 2071 τῇ
1534 1998 1663 2073 δόξῃ
1686 2000 1870 2072 προελ-

1980 2000 2120 2069 cleo,
2156 2016 2259 2057 nos
2284 2002 2341 2056 in
2368 2002 2640 2059 absurdus
2670 2003 2932 2059 incidisse
2977 2003 3376 2074 disputationes
3407 2003 3563 2074 igno»

296 2088 429 2146 θεῖν.
466 2090 537 2142 Σὺ
569 2089 627 2143 δὲ
661 2089 886 2143 σεαυτὸν
918 2089 1176 2161 λέληθας,
1212 2090 1240 2143 ὃ
1281 2090 1438 2154 δίδως
1473 2090 1583 2162 (57)
1616 2092 1870 2164 ἀφαιρού-

1977 2104 2188 2160 ramus,
2223 2093 2402 2165 inquit
2430 2113 2445 2150 :
2482 2096 2577 2150 sed
2611 2095 2730 2150 ﬁeri
2774 2092 3020 2165 profecto
3074 2109 3185 2149 non
3219 2100 3397 2163 potest
3426 2131 3444 2160 ,
3500 2098 3564 2149 ut

297 2199 475 2253 μενος.
539 2181 850 2253 Ὀμολογεῖς
905 2182 1013 2255 γάρ
1060 2179 1199 2239 εἷναι
1245 2183 1506 2255 δαίμονας
1524 2201 1538 2215 ⁸
1576 2184 1655 2256 τῷ
1696 2185 1753 2239 δὲ
1803 2187 1870 2260 μὴ

1977 2186 2284 2257 qui'rerum
2317 2186 2373 2240 in
2405 2201 2731 2257 magnarum
2783 2186 3130 2251 tractatione,
3170 2187 3388 2257 magnis
3420 2199 3561 2255 quo-

295 2274 534 2343 φαύλους
565 2273 752 2339 ἀξιοῦν
792 2270 949 2340 εἶναι,
986 2274 1121 2347 μηδὲ
1167 2274 1415 2346 θνητοὺς,
1444 2277 1545 2330 οὐκ
1577 2275 1656 2330 ἔτι
1690 2276 1870 2348 δαίμο-

1976 2291 2084 2346 que
2110 2275 2397 2347 principiis
2422 2291 2558 2331 usus
2585 2291 2692 2330 non
2720 2273 2908 2341 fuerit,
2964 2273 3014 2328 is
3044 2274 3285 2345 aliquam
3322 2273 3388 2328 ad
3414 2273 3562 2328 veri-

293 2382 393 2428 νας
438 2366 747 2434 φυλάττεις.
783 2365 899 2419 Τίνι
941 2365 1050 2437 γὰρ
1082 2364 1190 2418 τῶν
1235 2364 1374 2419 θεῶν
1416 2366 1782 2438 διαφέρουσιν,
1826 2370 1870 2423 εί

1976 2367 2391 2423 similitudinem
2455 2367 2733 2438 opinando
2791 2366 3095 2437 perveniat.
3166 2363 3557 2422 Verumtamen

292 2457 389 2510 xui.
427 2457 547 2511 κατ’
595 2457 782 2512 οὐσίαν
825 2457 888 2511 τὸ
932 2456 1229 2529 ἄφθαρτον,
1274 2457 1368 2511 καὶ
1414 2459 1535 2511 κατ’
1569 2459 1770 2532 ἀρετὴν
1814 2460 1870 2514 τὸ

1976 2461 2119 2516 idem
2156 2461 2254 2517 abs
2285 2470 2337 2517 te
2361 2462 2479 2517 dari
2517 2461 2681 2517 simul
2708 2476 2773 2516 ac
2810 2476 2997 2531 negari
3034 2475 3145 2514 non
3179 2458 3371 2514 sentis.
3418 2456 3557 2513 Nam

291 2548 501 2612 ἀπαθὲς
546 2548 640 2601 καὶ
688 2548 1069 2621 ἀναμάρτητον
1111 2547 1329 2619 ἕχουσι;
1378 2549 1523 2620 Πρὸς
1566 2550 1739 2604 ταῦτα
1779 2550 1870 2605 τοῦ

1974 2553 2069 2623 qui
2101 2553 2377 2608 dwmones
2422 2567 2545 2609 esse
2598 2552 2899 2617 conﬁteris,
2952 2554 3099 2609 idem
3135 2566 3271 2609 sane
3303 2566 3432 2607 cum
3459 2550 3557 2605 im-

302 2637 675 2711 Ἡρακλέωνος
708 2643 882 2712 σιωπῇ
916 2640 1320 2712 διανοουμένου,
1360 2643 1497 2715 πρὸς
1523 2643 1686 2697 αὐτὸν
1724 2646 1752 2698 ό
1784 2644 1877 2697 Φί-

288 2730 488 2795 λιππος
511 2748 525 2762 ⁸
573 2730 730 2785 Ἀλλά
764 2732 1000 2801 φαύλους
1050 2734 1147 2804 μὲν
1176 2733 1433 2804 δαίμονας
1466 2735 1566 2788 οὐκ
1612 2735 1872 2806 Ἐμπεδο-

289 2821 424 2894 κλῆς
469 2821 648 2893 μόνον,
683 2816 728 2876 ὧ
767 2823 1104 2896 Ἡρακλέων,
1131 2824 1414 2889 ἀπέλιπεν,
1446 2824 1580 2878 άλλά
1608 2827 1701 2879 καὶ
1727 2826 1871 2880 Πλά-

287 2930 419 2980 των,
453 2915 548 2968 καὶ
577 2914 939 2986 Ξενοκράτης,
966 2915 1058 2968 καὶ
1096 2916 1436 2987 Χρύσιππος,
1475 2918 1570 2969 καὶ
1599 2917 1873 2987 Δημόκρι-

288 3023 379 3070 τος
405 3007 699 3079 εὐχόμενος
726 3007 962 3076 εὐλόγων
988 3005 1220 3060 εἰδώλων
1247 3007 1358 3078 (58)
1383 3008 1686 3079 τυγχάνειν,
1713 3006 1872 3077 δῆλος

289 3095 354 3171 ἦν
394 3101 558 3173 ἕτερα
598 3099 946 3172 δυστράπελα
986 3100 1082 3152 καὶ
1118 3099 1368 3170 μοχθηρά
1402 3100 1515 3170 (59)
1546 3099 1866 3169 γινώσκων,

1973 2646 2176 2715 probos
2206 2645 2330 2700 illos
2363 2660 2429 2700 ac
2456 2646 2715 2701 mortales
2745 2660 2866 2701 esse
2895 2660 3003 2699 non
3035 2644 3120 2700 vis
3140 2684 3155 2709 ,
3180 2658 3250 2699 ne
3278 2642 3555 2698 daemones

1975 2737 2193 2807 quidem
2227 2737 2464 2806 amplius
2495 2752 2619 2792 esse
2651 2735 2919 2792 defendis.
2953 2734 3012 2790 Si
3045 2735 3193 2790 enim
3229 2748 3326 2789 eos
3379 2740 3434 2788 et
3486 2734 3555 2788 ab

1974 2828 2195 2883 interitu
2232 2838 2523 2895 natura,et
2563 2830 2736 2884 virtus
2764 2828 2834 2884 ab
2864 2828 3015 2882 omni
3049 2825 3461 2897 perturbatione
3491 2839 3554 2882 ac

1973 2929 2197 2991 peccato
2221 2921 2484 2985 vindicat,
2508 2919 2640 2990 quid
2673 2920 2789 2987 jam
2822 2920 2971 2989 ipsos
2999 2918 3143 2972 inter
3184 2933 3250 2973 ac
3283 2918 3416 2972 deos
3470 2915 3552 2970 in-

1975 3011 2201 3068 tererit?
2225 3009 2352 3066 Haec
2377 3026 2563 3066 secum
2616 3008 2949 3064 Heracleone
2978 3008 3194 3063 silentio
3224 3013 3511 3078 reputante
3536 3048 3553 3073 ,

1974 3103 2136 3174 Atqui
2166 3118 2277 3158 non
2300 3102 2653 3173 Empedocles
2688 3111 2919 3168 tantum,
2960 3101 3138 3172 inquit
3169 3100 3235 3156 ad
3269 3115 3397 3155 eum
3426 3098 3553 3154 Pbiv

288 3192 477 3264 ἔχοντα
495 3194 843 3265 προαιρέσεις
863 3192 1017 3256 τινάς
1038 3193 1128 3247 καὶ
1143 3192 1339 3264 ὁρμάς.
1359 3193 1496 3263 Περὶ
1515 3192 1572 3246 δὲ
1593 3192 1689 3246 τοῦ
1708 3192 1870 3246 θανά-

1974 3195 2177 3266 lippus,
2203 3196 2511 3250 daemonum
2558 3195 2962 3265 improbitatem
2997 3234 3013 3261 ,
3061 3208 3095 3249 o
3129 3192 3415 3259 Heracleo,
3458 3190 3552 3248 sed

296 3302 381 3338 του
410 3284 519 3337 τῶν
546 3283 806 3337 τοιούτων
839 3285 1051 3353 ἀκήκοα
1078 3282 1235 3351 λόγον
1261 3281 1451 3354 ἀνδρὸς
1485 3282 1584 3336 οὐκ
1607 3283 1868 3354 ἄφρονος,

288 3376 404 3430 δὺδὲ
445 3375 724 3441 ἀλαζόνος.
758 3375 1074 3447 Αἰμιλιανοῦ
1112 3376 1221 3447 γὰρ
1250 3375 1344 3429 τοῦ
1380 3377 1642 3447 ῥήτορος,
1681 3369 1743 3429 οὗ
1776 3377 1873 3430 καὶ

290 3471 444 3541 ἡμῶν
470 3470 599 3525 ἔνιοι
635 3471 1010 3542 διακηκόασιν,
1050 3470 1376 3542 Ἐπιθέρσης
1408 3466 1476 3542 ἦν
1505 3470 1709 3542 πατὴρ,
1740 3471 1871 3543 ἐμὸς

287 3563 513 3635 πολίτης
564 3565 660 3617 καὶ
704 3563 1022 3628 διδάσκαλος
1064 3563 1487 3637 γραμματικῶν.
1533 3558 1702 3627 Οὗτος
1732 3562 1866 3634 ἔφη,

293 3657 417 3711 ποτὲ
442 3657 619 3711 πλέων
634 3657 715 3721 είς
737 3657 987 3721 Ἰταλίαν,
1010 3657 1266 3730 ἐπιϐῆναι
1285 3657 1417 3728 νηὸς
1435 3656 1713 3729 ἐμπορικὰ
1732 3657 1872 3730 χρή-

288 3768 436 3822 ματα
470 3751 564 3804 καὶ
613 3751 837 3822 συχνοὺς
884 3750 1149 3815 ἐπιϐάτας
1198 3748 1458 3823 ἀγούσης.
1504 3748 1775 3822 Ἐσπέρας
1823 3749 1869 3803 δ’

287 3841 387 3913 ἤδη
412 3841 539 3909 περὶ
565 3839 663 3904 τὰς
700 3840 979 3911 Ἐχινάδας
1007 3842 1203 3912 νήσους
1231 3839 1504 3912 ἀποϐῆναι
1531 3839 1594 3893 τὸ
1626 3838 1867 3912 πνεῦμα,

286 3934 381 3989 καὶ
404 3933 504 4005 τὴν
528 3931 663 3987 ναῦν
691 3932 1087 4004 διαφερομένην
1120 3931 1347 4003 πλησίον
1370 3931 1625 4001 γενέσθαι
1648 3931 1865 3997 Παξῶν.

297 4024 690 4098 Ἐγρηγορέναι
721 4025 778 4079 δὲ
805 4026 930 4090 τοὺς
971 4024 1257 4090 πλείστους
1281 4025 1373 4078 καὶ
1396 4024 1593 4087 πίνειν,
1618 4025 1740 4078 ἐπεὶ
1779 4024 1868 4077 δε-

286 4117 637 4190 δειπνηκότες
668 4113 809 4190 ἦσαν
830 4117 963 4189 (40)·
992 4114 1249 4188 ἐξαίφνης
1273 4116 1330 4170 δὲ
1356 4115 1540 4187 φωνῆς
1571 4116 1679 4170 ἀπὸ
1703 4115 1866 4188 νήσου

288 4211 394 4265 τῶν
428 4211 620 4277 Παξῶν
659 4210 1016 4282 ἀκουσθῆναι,
1048 4207 1299 4280 Θαμνοῦν
1326 4206 1436 4280 (41)
1459 4225 1603 4273 τινος
1632 4207 1726 4279 βοῇ
1770 4225 1870 4262 κα-

285 4303 521 4369 λοῦντος,
548 4304 688 4359 ὥστε
718 4302 1018 4375 θαυμάζειν
1037 4319 1052 4334 ο
1088 4304 1117 4356 ὁ
1154 4301 1264 4376 γὰρ
1286 4301 1536 4374 Θαμνοῢς
1570 4303 1868 4373 Αἰγύπτιος

287 4390 352 4466 ἧν
410 4394 783 4468 κυϐερνήτης,
845 4394 969 4448 οὐδὲ
1026 4392 1136 4448 τῶν
1191 4393 1538 4466 ἐμπλεόντων
1591 4393 1867 4466 γνώριμος

286 4665 393 4748 loci
424 4663 606 4748 .hujus
656 4664 985 4736 principium
1035 4665 1235 4727 attulit,
1277 4678 1438 4732 quem
1489 4663 1578 4717 hic
1626 4667 1861 4733 pertexit

611 4803 809 4877 δίδως.
834 4806 928 4860 ita
970 4804 1273 4868 Plutarch.,
1305 4812 1361 4858 et
1406 4803 1564 4869 bene,
1608 4817 1733 4858 cum
1781 4804 1862 4859 δί-

285 4875 409 4939 δως
440 4875 722 4945 perperam
754 4876 1040 4945 legeretur.

297 5015 325 5018 η
358 4946 468 5018 (ξε)
508 4946 797 5018 Ερὺλόγων
825 4944 1103 5018 εἰδώλων.
1147 4943 1313 5018 Pittt_.,
1349 4942 1452 5018 sub
1480 4941 1693 5018 initium
1727 4941 1863 5018 Pan.

284 5015 329 5071 li
348 5012 562 5088 ,Ἑνὶιὶιῆ
585 5031 604 5069 :
626 5014 960 5088 Δημόκριτος
988 5016 1086 5088 μὲν
1102 5014 1237 5088 γὰρ,
1266 5016 1460 5088 inquit,
1483 5012 1737 5088 εὔχεσθαί
1756 5032 1861 5088 φης-

286 5103 350 5165 σι.
369 5088 499 5151 δεῖν,
538 5071 956 5165 ὅπωςέύλόγων
975 5071 1206 5165 ἐξείρξῳύ
1227 5071 1630 5165 τυγχάνῶμένζ
1650 5086 1738 5138 καὶ

288 5157 544 5230 σύμφορα
570 5157 667 5210 καὶ
691 5156 763 5209 τά
788 5157 1004 5281 χρηστὰ
1032 5156 1231 5227 μᾶλλον
1254 5159 1385 5228 ἡμῖν
1431 5157 1497 5208 ὲκ
1538 5156 1631 5208 τοῦ
1671 5156 1859 5227 περιέ-

288 5244 491 5293 χοντος,
521 5226 555 5293 ἢ
583 5226 653 5280 τά
675 5227 785 5293 φαῦ
883 5229 978 5284 καὶ
1006 5226 1077 5281 τὰ
1100 5227 1263 5281 σκαιά
1295 5227 1658 5293 συμφέρηται.
1682 5225 1858 5293 Quam

286 5226 491 5299 κοντος,
521 5226 555 5310 ἢ)
583 5226 653 5280 τά
675 5226 854 5310 φαῦλα
883 5226 978 5284 καὶ
1006 5226 1077 5281 τὰ
1100 5226 1658 5310 σικαιάσυμφέρηται.
1682 5226 1856 5293 Quam

286 5307 1045 5378 tatnen_e)us_precat_t_onem,
1076 5306 1136 5353 ut
1180 5309 1568 5378 supersn'ttone
1617 5296 1856 5378 plenam,

286 5378 342 5424 et
382 5366 709 5440 philosopho
752 5369 1029 5438 indignam
1078 5367 1348 5437 repudiat.
1391 5366 1522 5420 Vide
1553 5366 1856 5447 sequentia.

286 5437 463 5494 Porro
492 5440 637 5493 hunc
660 5437 841 5492 locum
887 5439 1043 5492 docte
1068 5448 1122 5493 et
1151 5447 1403 5492 accurate
1431 5436 1705 5494 leander
1734 5437 1856 5492 illu-

288 5447 463 5495 l’orro
492 5447 637 5493 hunc
660 5447 841 5492 locum
887 5447 1043 5492 docte
1068 5448 1122 5493 et
1151 5447 1403 5492 accurate
1432 5447 1705 5508 .ltylantler
1734 5447 1859 5492 illu-

288 5518 448 5572 strat.
487 5524 554 5564 ex
602 5507 804 5573 Tullio,
830 5508 990 5577 epist.
1022 5506 1108 5575 16,
1137 5509 1213 5563 lib
1264 5524 1354 5574 xv,
1376 5506 1453 5560 Ad
1495 5506 1780 5576 familiam,
1806 5516 1861 5560 et

286 5579 385 5637 lib.
421 5597 438 5634 ι
467 5579 550 5634 De
583 5588 780 5633 natura
811 5579 984 5643 deor.;
1012 5579 1103 5633 ubi
1129 5577 1325 5633 Orator
1350 5580 1466 5633 haec
1495 5578 1634 5631 inter
1666 5586 1859 5632 caetera

289 5657 426 5706 sect.
469 5649 565 5704 12!
599 5667 613 5704 :
647 5647 780 5701 Mihi
810 5649 1022 5719 quidem
1067 5650 1229 5719 etiam
1273 5647 1612 5701 Democritus
1669 5657 1859 5719 nutare

286 5721 497 5774 videtur
525 5721 580 5773 in
604 5729 800 5773 natura
822 5716 1062 5773 deorum.
1085 5718 1218 5773 Tum
1242 5719 1382 5772 enim
1401 5726 1573 5772 censet
1601 5716 1857 5786 imagines

286 5791 565 5845 divinitate
593 5790 872 5859 pra'ditas,
902 5790 1071 5844 inesse
1111 5789 1439 5843 universitati
1471 5803 1647 5859 rerum
1688 5800 1708 5839 :
1736 5795 1860 5859 tum

287 5856 600 5919 animantes
624 5859 686 5932 (τ.
723 5860 1012 5930 animatas)
1040 5861 1318 5929 imagines,
1341 5873 1457 5928 qute
1499 5856 1576 5915 rel
1612 5857 1860 5926 prodesse

440 4876 722 4945 perperam
754 4876 1040 4945 legeretur.

355 4592 474 4718 (36)]
513 4593 583 4648 Τὸ
608 4592 728 4663 μὲν
756 4592 1103 4662 ἐφεστάναι.
1146 4590 1323 4663 Supra
1378 4601 1564 4646 noster
1610 4591 1713 4647 184
1746 4594 1860 4663 jam

355 4667 393 4718 :i
479 4663 606 4718 nius
659 4664 985 4718 nrinciniutn
1035 4665 1235 4718 attulit.
1277 4678 1438 4718 auem
1489 4663 1578 4717 hic
1626 4667 1861 4718 pertexit

1972 4589 2118 4644 nobis
2149 4589 2355 4651 solent;
2389 4585 2408 4657 (

1972 4661 2103 4718 [haec
2128 4658 2406 4718 δυστράπε

1972 3289 2135 3344 etiam
2161 3287 2337 3351 Plato,
2374 3286 2729 3354 Xenocrates,
2784 3299 2840 3343 et
2887 3287 3249 3358 Chrysippus,
3295 3292 3554 3341 testatam

1972 3379 2259 3449 reliquere.
2295 3377 2438 3444 Quin
2471 3378 2588 3449 ipse
2634 3393 2854 3449 quoque
2889 3376 3256 3444 Democritus,
3303 3391 3431 3432 cum
3490 3383 3556 3431 ut

1970 3486 2126 3541 aequa
2159 3469 2262 3525 sibi
2296 3470 2673 3540 contingerent
2702 3470 2841 3525 idola
2866 3479 3205 3541 precaretur,
3236 3468 3416 3540 palam
3443 3469 3556 3537 uti-

1971 3576 2080 3632 que
2103 3561 2211 3616 alia
2245 3575 2304 3616 se
2331 3562 2579 3631 quaedam
2608 3562 2797 3632 iniqua
2826 3563 3032 3633 pariter
3059 3571 3116 3619 et
3146 3561 3416 3633 improba,
3447 3577 3552 3618 nec

1971 3670 2080 3710 non
2107 3653 2335 3725 privatis
2368 3654 2571 3724 agitata
2617 3653 3006 3723 cupiditatibus
3050 3668 3348 3725 agnoscere
3381 3650 3552 3721 proﬁ-

1971 3746 2206 3801 tebatur.
2242 3743 2469 3800 Mortem
2505 3758 2699 3799 eorum
2750 3743 2898 3816 quod
2948 3746 3162 3810 attinet,
3209 3744 3432 3799 memini
3462 3757 3554 3799 me

1970 3834 2205 3906 aliquem
2239 3835 2511 3904 ejusmodi
2566 3849 2877 3889 sermonem
2929 3834 3141 3900 audire,
3175 3834 3278 3889 viri
3311 3845 3412 3887 nec
3465 3829 3555 3886 in-

1970 3927 2106 3983 sulsi
2132 3943 2230 3983 nec
2259 3926 2584 3996 arrogantis.
2619 3924 2951 3981 xEmilianus
2983 3926 3188 3994 rhetor,
3220 3943 3386 3999 quem
3410 3947 3552 3989 non-

1969 4020 2103 4076 nulli
2131 4035 2350 4090 quoque
2378 4028 2622 4075 vestrum
2678 4020 2921 4085 audiere,
2980 4016 3324 4089 Epitbersem
3352 4038 3553 4094 paren-

1967 4122 2077 4170 tem
2130 4113 2339 4179 ltabuit,
2396 4127 2508 4182 quo
2541 4119 2595 4166 et
2648 4112 2921 4182 populari,
2949 4117 3006 4166 et
3057 4111 3113 4164 in
3173 4114 3550 4182 grammaticis

1968 4213 2301 4275 praeceptore
2326 4218 2449 4258 sum
2479 4216 2636 4258 usus.
2689 4200 2741 4257 ls
2772 4200 3052 4267 narrabat,
3086 4218 3213 4258 cum
3249 4204 3304 4257 in
3336 4202 3550 4261 Italiam

1969 4295 2269 4367 aliquando
2296 4293 2423 4349 navi
2476 4291 2675 4361 opibus
2729 4291 3154 4362 vectoribusque
3185 4291 3550 4354 refertissima

1967 4391 2268 4462 navigaret,
2298 4389 2401 4445 sub
2432 4402 2714 4458 vesperam
2745 4387 2815 4442 ad
2853 4384 3164 4443 Echinadas
3186 4386 3397 4445 insulas
3422 4403 3548 4446 ven-

2420 4584 2655 4657 εὖλογχα
2684 4584 2800 4640 haec
2829 4583 3027 4639 εῐλωλα
3057 4584 3221 4657 sunt)
3255 4585 3335 4640 vel
3366 4601 3548 4642 nocere

1965 4661 2103 4732 (haec
2128 4655 2509 4732 δυστράπελα)
2530 4655 2695 4722 ;tum
2717 4657 2951 4732 ingentes
2983 4655 3244 4732 quaedam
3266 4659 3546 4728 imagines,

1964 4725 2278 4800 tantasque,"
2293 4737 2353 4800 at
2375 4725 2677 4800 uniuersum
2700 4725 2957 4800 mundum
2997 4725 3423 4800 complectantur
3446 4742 3545 4800 etp-7

1963 4796 2243 4855 trimec'us.
2278 4797 2411 4864 Quae
2441 4798 2654 4869 quidem
2679 4799 2860 4869 omnia
2888 4806 3011 4851 sunt
3039 4799 3219 4867 patria
3238 4796 3547 4869 pertinet-ili

1960 4887 2122 4953 quam
2153 4865 2475 4953 Democrito"
2496 4867 2762 4953 dignigra.
2794 4866 2941 4953 (Vide,
2963 4876 3018 4922 et
3041 4865 3191 4953 sect.

1960 4935 2203 5010 ejusdem
2233 4937 2518 5011 Plutarch.
2549 4935 2603 4992 in
2640 4935 2885 5008 Sympos.
2923 4952 3087 5006 quam
3120 4936 3388 5006 imagines
3419 4937 3544 4992 ista:

1961 5011 2118 5066 nihili
2143 5012 2354 5074 tierent,
2393 5011 2634 5079 ostendit
2671 5010 2755 5079 his
2790 5007 2972 5063 verbis
3007 5026 3033 5079 τί
3054 5005 3543 5079 τῶνδε-Δημοκρι-

1959 5080 2142 5143 τείων,
2176 5081 2369 5150 inquit,
2390 5078 2649 5150 εἰδώλων,
2670 5078 2863 5149 ῶσπερ
2883 5078 3136 5150 Αἰγιέων,
3161 5077 3195 5146 ἢ
3218 5077 3543 5150 Μεγαρέων,

1959 5151 2191 5276 ἀριθὲιὸς
2216 5146 2412 5215 ούδεὶς,
2442 5149 2563 5204 οὐδὲ
2594 5149 2770 5219 λόγος.
2816 5146 2936 5214 Quo
2965 5150 3033 5203 de
3061 5148 3216 5212 loco,
3249 5146 3542 5203 vide'infra

1960 5237 2015 5276 ιι.
2043 5221 2077 5274 2
2117 5222 2149 5276 4
2177 5238 2227 5274 tn
2261 5230 2375 5275 not.
2452 5270 2459 5276 ι
3246 5228 3255 5236 ’

2177 5228 2227 5274 in
2261 5230 2375 5275 not.
2452 5270 2459 5275 λ
3246 5228 3255 5236 ’

1960 5237 2015 5293 p.
2043 5237 2149 5276 περ
2177 5238 2227 5274 tn
2261 5237 2375 5275 net.
2452 5270 2459 5281 ,

2031 5291 2144 5364 (59)
2184 5288 2490 5364 Μοχθηρά,
2517 5297 2623 5344 etc.
2663 5287 2947 5364 Plutarch.
2975 5286 3050 5341 ita
3080 5286 3300 5364 melius,
3317 5287 3541 5364 polen-

1961 5355 2369 5433 ράξγὶνώσκων
2380 5355 2595 5433 ”έχοντα
2626 5357 2974 5433 προαιρέσεις
3004 5355 3163 5433 τινὲς.
3186 5355 3506 5433 καὶ

2032 5423 2144 5501 (⁷40)
2198 5423 2850 5501 Ἐπεὶνδὲδειπνηόιότές
2882 5423 3065 5499 ἦσαν.
3108 5424 3275 5494 Plut”
3298 5423 3540 5494 brevius,

1960 5499 2143 5557 Πίνειν
2170 5501 2269 5567 ἔτι,
2299 5499 2737 5571 δεδειπνηκότας.

2032 5573 2144 5645 (41)
2185 5565 2479 5645 Θαμιςοῦν.
2508 5565 2688 5645 _Plut_.,
2718 5566 2957 5639 Θαμοῦν,
2993 5576 3063 5645 et
3086 5565 3284 5645 deinde
3323 5565 3538 5645 ραμους

1958 5636 2295 5724 constanter.
2322 5641 2462 5724 Nonn
2474 5639 2683 5724 abludit
2704 5636 2913 5724 nomen
2943 5637 3096 5724 urbis
3128 5636 3529 5724 .Egyptii_

1959 5714 2233 5782 berrimae,
2267 5726 2391 5782 quae
2422 5710 2627 5782 Θμουϊς
2665 5709 2798 5782 olim
2840 5708 3146 5782 dicebatur.
3171 5706 3425 5782 Plato
3457 5721 3535 5762 reo

1960 5799 2081 5864 gem
2131 5777 2442 5857 Egyptium
2472 5777 2747 5853 'agnoscit
2779 5780 2833 5834 in
2869 5778 3116 5836 Phtrdro.
3166 5777 3391 5839 Gnaei»
3443 5793 3544 5832 no-

1965 5869 2133 5911 nunc.
