4162 6416
577 390 682 445 335

1215 380 1486 437 EUSEBII
1525 374 2009 435 CrESAllIENSlS
2047 373 2197 430 OPP.
2242 372 2424 427 PARS
2464 370 2526 426 ΙΙ.
2567 402 2637 412 —-
2672 368 3175 427 APOLOGETICA.

3740 368 3846 422 3556

580 516 692 558 tum
724 515 942 557 omnem
979 495 1159 552 subito
1174 478 1498 553 concidisse,
1518 490 1886 560 jactatamque
1916 487 2097 542 navim
2126 501 2157 538 a

2272 480 2326 555 ἣν
2381 484 2593 548 πολλοῖς
2640 483 2733 537 ἀπ’
2783 482 3063 553 ὀνόματος.
3123 482 3215 545 Δὶς
3263 482 3362 549 μὲν
3403 476 3498 533 οὖν
3548 481 3843 551 κληθέντα,

576 594 739 649 Paxis
762 608 870 646 non
919 587 1110 659 procul
1157 584 1419 639 abfuisse.
1474 582 1574 636 llic
1624 595 1757 635 vero
1804 579 2156 649 vigilantibus

577 686 871 757 plerisque,
897 696 961 735 ac
993 693 1149 733 cmna
1187 674 1435 732 conlecta
1468 674 1779 728 bibentibus
1802 713 1818 738 ,
1870 669 2155 740 cujusdam

576 781 801 846 repente
823 786 1011 827 vocem
1046 785 1115 824 ex
1162 769 1353 823 eadem
1402 766 1578 821 insula
1632 764 1945 819 Thamnum
1985 762 2157 816 incla-

577 864 783 919 mantis
806 860 1119 915 exauditam
1155 872 1279 913 esse
1307 875 1320 910 :
1354 872 1477 927 qua:
1518 870 1606 910 res
1632 854 1888 911 omnibus
1917 853 2159 908 admira-

579 955 784 1008 tionem
827 952 1014 1014 movit,
1045 963 1171 1004 eum
1215 947 1499 1003 Thamnus
1552 945 1644 1000 ille
1679 945 1969 1018 IEgyptius
2017 952 2162 1000 esset

579 1044 737 1099 navis
766 1043 1122 1111 gubernator,
1156 1054 1321 1109 quem
1355 1039 1517 1109 pauci
1544 1038 1920 1109 navigantium
1950 1036 2019 1091 de
2065 1050 2161 1090 no-

579 1135 728 1190 mine
753 1141 1041 1189 noverant.
1071 1130 1140 1186 Et
1183 1129 1338 1185 illum
1367 1130 1586 1201 quidem
1638 1129 1806 1186 semel
1852 1129 2163 1199 iterumque

578 1235 835 1281 vocatum
859 1224 1101 1287 siluisse,
1121 1221 1281 1277 tertio
1296 1221 1514 1277 demum
1542 1221 1760 1276 vocanti
1789 1219 2158 1289 respondisse.

582 1317 722 1373 Tum
755 1318 991 1371 alterum
1022 1315 1213 1384 majori
1244 1330 1409 1384 quam
1439 1320 1599 1368 antea
1631 1328 1783 1378 voce,
1825 1309 1927 1366 Ubi
1962 1311 2029 1365 ad
2060 1311 2163 1365 l’a-

580 1409 732 1465 lodes
756 1406 998 1472 veneris,
1051 1421 1312 1477 magnum
1365 1404 1568 1459 Panem
1624 1405 1895 1460 interiisse
1947 1402 2159 1458 nuntia.

582 1500 705 1567 Quo
740 1499 930 1554 audito
955 1510 1184 1553 cunctos
1217 1499 1568 1554 vehementer
1620 1497 1882 1552 attonitos
1935 1497 2165 1552 haesisse

583 1591 865 1656 narrabat,
893 1605 1131 1659 cumque
1173 1590 1316 1644 inter
1373 1605 1495 1645 sese
1552 1597 1878 1657 quaererent,
1934 1598 2164 1659 przesta-

584 1693 740 1740 retne
764 1683 913 1738 dicto
935 1681 1219 1737 audientes
1250 1695 1391 1744 esse,
1424 1680 1585 1751 207
1616 1695 1686 1734 an
1717 1679 1901 1751 potius
1929 1695 2044 1734 rem
2077 1689 2164 1736 to-

583 1785 701 1832 tam
725 1775 1025 1845 negligere,
1070 1773 1378 1827 Thamnum
1409 1772 1482 1827 ita
1511 1772 1795 1837 statuisse,
1847 1773 1894 1827 si
1938 1773 2161 1843 quidem

582 1868 852 1937 aspiraret
877 1872 1097 1928 ventus,
1121 1864 1303 1920 locum
1330 1863 1549 1919 silentio
1574 1862 1920 1934 praetervehi,
1954 1864 2039 1919 sin
2061 1864 2164 1919 ibi-

584 1962 707 2017 dem
742 1960 977 2017 malacia
1025 1960 1403 2030 contingeret,
1430 1974 1553 2029 quae
1582 1957 1833 2013 audierat
1879 1959 2156 2015 nuntiare.

583 2050 728 2125 Ergo
760 2069 885 2108 eum
913 2068 980 2108 eo
1014 2060 1308 2123 provectus
1337 2059 1504 2118 esset,
1556 2065 1689 2105 aura
1722 2049 2045 2106 eoueidente
2074 2064 2166 2106 se-

584 2145 824 2213 datoque
854 2143 1016 2209 mari,
1071 2141 1384 2198 Thamnum
1414 2156 1479 2197 ex
1511 2141 1681 2211 puppi
1710 2182 1727 2208 ,
1772 2141 2056 2198 conversis
2098 2141 2167 2197 ad

586 2244 785 2290 terram
804 2234 1001 2301 oculis,
1020 2248 1137 2289 rem
1168 2235 1245 2287 uti
1274 2233 1521 2288 audierat
1542 2233 1891 2297 inclamasse,
1912 2231 2166 2304 Magnum

587 2325 841 2381 videlicet
870 2324 1072 2381 Panem
1098 2326 1321 2382 obiisse.
1358 2324 1534 2391 Quam
1560 2324 1684 2394 ejus
1726 2337 1945 2390 vocem,
1973 2325 2167 2396 ingen-

588 2425 697 2472 tem
720 2417 865 2472 illico
886 2431 1124 2489 eumque
1169 2417 1533 2472 admiratione
1569 2415 1819 2482 mistum,
1846 2431 1955 2470 non
1984 2415 2166 2483 unius,

589 2507 685 2564 sed
713 2510 1009 2564 multorum
1032 2508 1195 2563 simul
1222 2509 1482 2578 gemitum
1504 2510 1803 2579 excepisse.
1824 2506 1957 2563 Rem
1984 2523 2167 2577 porro,

589 2599 792 2669 quippe
824 2614 947 2670 qua:
976 2608 1276 2669 praesentes
1327 2599 1593 2669 plurimos
1620 2606 1789 2655 testes
1844 2599 2166 2665 habuisset,

591 2689 779 2745 Romae
799 2690 948 2746 brevi
981 2690 1275 2746 admodum
1302 2698 1548 2762 tempore
1580 2690 1882 2761 vulgatam,
1922 2691 2171 2761 adeoque

592 2781 900 2837 Thamnum
922 2782 1101 2853 ipsum
1125 2800 1156 2838 a
1182 2781 1403 2838 Tiberio
1421 2784 1638 2838 Caesare
1665 2791 1948 2838 evocatum
1968 2780 2167 2837 fuisse:

590 2888 655 2928 ac
683 2872 962 2928 Tiberium
992 2873 1212 2943 quidem
1243 2887 1365 2928 eam
1398 2874 1648 2928 narranti
1681 2872 1842 2928 ﬁdem
1879 2871 2167 2936 habuisse,

590 2971 654 3019 ut
676 2978 743 3020 ex
772 2978 955 3018 rerum
980 2964 1333 3034 antiquarum
1360 2963 1551 3033 peritis
1571 3004 1587 3030 ,
1616 2963 1711 3034 qui
1744 2970 1861 3018 tum
1909 2960 2169 3031 frequen-

593 3062 674 3111 tes
704 3055 948 3122 aderant,
980 3069 1207 3126 ecquem
1245 3054 1352 3125 ipsi
1405 3052 1610 3110 Panem
1645 3054 1797 3109 illum
1822 3068 1945 3109 esse
1996 3051 2169 3108 senti-

590 3155 734 3212 rent,
762 3146 1048 3218 diligenter
1084 3146 1479 3211 sciscitaretur,
1530 3160 1628 3201 eos
1674 3154 1857 3201 autem
1911 3142 2167 3199 Mercurii
2195 3173 2240 3234 ε

595 3239 1001 3311 l‘enelopesque
1035 3238 1205 3293 lilium
1236 3239 1541 3308 auspicatos
1596 3251 1739 3294 esse.
1798 3236 2071 3293 (laterum
2102 3250 2169 3293 ex

594 3332 685 3394 iis,
716 3331 810 3400 qui
841 3330 1199 3400 disputationi
1238 3331 1367 3385 huic
1395 3332 1725 3393 intererant.
1764 3338 1931 3385 testes
1960 3328 2171 3400 Philip-

594 3436 700 3503 pus
729 3422 1025 3477 nonnullos
1046 3421 1303 3489 habebat,
1341 3423 1435 3492 qui
1469 3421 1829 3477 IEmilianum
1862 3436 2049 3476 senem
2082 3438 2175 3475 au-

593 3514 829 3569 dierant.
859 3512 961 3569 Hic
990 3513 1227 3584 subjecit
1271 3512 1602 3581 Demetrius,
1658 3513 1959 3569 insularum
1985 3552 2001 3576 .
2051 3529 2175 3583 quae

595 3604 889 3660 Britanniae
925 3604 1195 3675 adjacent,
1233 3604 1526 3674 plerasque
1569 3604 1815 3660 desertas
1843 3603 2046 3674 passim
2079 3619 2173 3659 oc-

594 3710 835 3760 currere,
867 3709 1100 3765 quarum
1127 3691 1403 3749 nonnulla
1432 3695 1765 3758 daemonum,
1805 3701 1902 3748 aut
1946 3693 2173 3749 heroum

596 3786 792 3843 insulae
813 3786 1190 3845 nominentur.
1238 3783 1413 3840 Porro
1443 3799 1504 3841 se
1533 3784 1744 3840 visendi
1775 3784 1956 3840 studio
1989 3826 2005 3852 ,
2059 3786 2174 3856 regi

596 3880 890 3950 aliquando
917 3880 971 3934 in
1008 3879 1344 3934 desertarum
1371 3878 1679 3948 proximam
1707 3878 1984 3947 naviganti
2012 3880 2175 3934 comi-

598 3981 707 4027 tem
737 3972 1074 4041 adjunxisse,
1106 3986 1270 4042 quam
1306 3970 1466 4040 pauci
1500 3968 1799 4024 admodum
1848 3971 2171 4033 incolerent,

596 4065 689 4121 sed
714 4066 805 4135 qui
835 4063 1111 4119 Britannis
1147 4062 1288 4119 sacri
1309 4076 1499 4116 omnes
1524 4070 1701 4127 erant,
1736 4070 1791 4115 et
1817 4062 1886 4117 ab
1914 4062 2065 4116 omni
2089 4062 2173 4116 di-

596 4158 841 4226 reptione
868 4156 1179 4226 injuriaque
1203 4154 1326 4211 tuti.
1358 4152 1463 4209 Ubi
1500 4154 1737 4223 primum
1773 4168 1840 4209 eo
1873 4156 2166 4223 appulsum

593 4258 757 4313 esset,
783 4247 984 4304 {cedam
1019 4256 1238 4318 repente
1265 4254 1510 4303 coortam
1534 4245 1589 4299 in
1610 4245 1750 4300 caelo
1769 4251 2173 4314 tempestatem,

597 4338 787 4392 crebra
813 4336 978 4393 simul
1015 4335 1284 4407 prodigia,
1316 4345 1605 4391 ventorum
1640 4335 1931 4405 procellas,
1967 4333 2176 4404 igneos-

597 4444 705 4499 que
733 4430 982 4483 turbines
1013 4427 1332 4497 contigisse.
1369 4425 1616 4490 Quorum
1640 4425 1725 4479 vis
1777 4425 1871 4480 ubi
1931 4424 2177 4479 remisis.

2195 1826 2242 1882 Β

2261 577 2555 647 σιωπῆσαι,
2602 577 2662 629 τὸ
2716 576 2773 628 δὲ
2829 575 3010 646 τρίτον
3066 571 3375 627 ὑπακοῦσαι
3429 571 3504 641 τῷ
3554 572 3842 627 καλοῦντν

2260 671 2353 723 καὶ
2413 670 2620 723 ἐκεῖνον
2669 667 3014 721 ὲπιτείναντα
3073 665 3255 736 φωνὴν
3324 666 3533 718 είπεῖν·
3609 665 3849 721 ὐπόταν

2259 766 2391 836 γένῃ
2443 762 2584 818 κατά
2637 761 2701 816 τὸ
2747 760 3031 823 Παλῶδες,
3104 756 3440 825 ἀπάγγειλον
3489 757 3574 810 δτι
3644 755 3763 810 Πάν
3818 759 3850 810 ὁ

2263 856 2437 928 μέγας
2486 854 2765 925 τέθνηκεν.
2833 852 3006 906 Τοῦτο
3070 849 3409 912 ἀκούσαντας
3471 847 3578 918 ἔφη
3634 847 3851 912 πάντας

2261 947 2600 1017 ἐκπλαγῆναι
2622 986 2637 1010 ,
2712 945 2806 999 καὶ
2876 943 3117 1004 διδόντας
3186 941 3400 1002 ἑαυτοῖς
3466 938 3627 1008 λόγον
3645 979 3661 1003 ,
3735 940 3849 992 εἴτε

2262 1039 2486 1111 ποιῆσαι
2551 1038 2759 1110 βέλτιον
2811 1031 2880 1108 ἦν
2930 1033 2992 1088 τὸ
3058 1030 3534 1104 προστεταγμένον
3598 1029 3712 1083 εἴτε
3773 1028 3853 1101 μὴ

2264 1128 2763 1201 πολυπραγμονεῖν,
2793 1124 2909 1178 ἀλλ’
2939 1123 3056 1194 ὲᾷν,
3079 1120 3221 1174 οὕτω
3241 1119 3440 1188 γνῶναι
3457 1113 3553 1170 τὸν
3572 1113 3852 1185 Θαμνοῦνο

2262 1225 2312 1276 εἰ
2374 1221 2473 1293 μὲν
2530 1219 2617 1291 εἴη
2669 1216 2919 1287 πνεῦμα,
2985 1211 3291 1285 παραπλεῖν
3343 1208 3576 1281 ἡσυχίαν
3632 1206 3852 1277 ἔχοντα,

2263 1313 2525 1385 νηνεμίας
2563 1323 2587 1351 α
2628 1310 2720 1363 καὶ
2773 1308 3013 1378 γαλήνης
3069 1304 3199 1374 περὶ
3242 1302 3333 1357 τὸν
3391 1299 3557 1353 τόπον
3616 1297 3855 1368 γενομέ-

2260 1424 2393 1478 νης,
2421 1406 2681 1466 ἀνειπεῖν,
2726 1401 2763 1456 ά
2794 1402 3045 1471 ηκουσεν,
3085 1398 3175 1461 Ὠς
3206 1390 3298 1448 οὖν
3343 1392 3568 1463 ἐγένετο
3601 1389 3746 1444 κατά
3791 1388 3855 1440 τὸ

2263 1496 2539 1560 Παλῶδες,
2572 1493 2696 1547 οὗτε
2730 1491 3038 1563 πνεύματος
3066 1489 3238 1553 δντος,
3287 1483 3411 1539 οὕτε
3438 1482 3739 1547 κλύδωνος,
3789 1481 3856 1533 έκ

2263 1590 2520 1663 πρύμνης
2544 1587 2808 1658 βλέποντα
2839 1582 2930 1637 τὸν
2950 1579 3197 1652 Θαμνοῦν
3220 1577 3355 1648 πρὸς
3380 1576 3479 1648 τὴν
3504 1575 3638 1646 γῆν,
3656 1572 3854 1638 είπεῖν,

2262 1683 2452 1753 ὥσπερ
2477 1681 2730 1751 ηκουσεν,
2759 1678 2841 1730 ὅτι
2866 1674 2979 1728 ῐΙάν
2998 1672 3028 1725 ό
3057 1671 3229 1742 μέγας
3256 1667 3540 1738 τέθνηκεν,
3565 1665 3804 1735 ὀφθῆναι
3828 1664 3857 1703 ιι

2264 1772 2321 1826 δὲ
2355 1771 2698 1840 παυσάμενον
2726 1765 2909 1826 αὑτὸν,
2943 1762 3037 1818 καὶ
3066 1758 3315 1830 γενέσθαι
3357 1757 3529 1828 μέγαν
3562 1756 3667 1826 ούχ
3716 1754 3850 1828 ἐνὸς,

2264 1864 2402 1920 ἀλλά
2433 1861 2643 1916 πολλῶν
2678 1856 3000 1929 στεναγμὸν,
3054 1855 3169 1925 ἀμα
3216 1849 3527 1921 θαυμασμῷ
3581 1848 3863 1920 μεμιγμέ-

2265 1974 2376 2010 νον.
2416 1948 2518 2008 Οἶα
2539 1953 2598 2006 δὲ
2630 1949 2840 2005 πολλῶν
2880 1944 3185 2017 ἀνθρώπων
3241 1941 3551 2014 παρόντων,
3596 1939 3739 2010 ταχὺ
3766 1936 3859 1991 τὸν

2266 2047 2425 2116 λόγον
2452 2049 2511 2100 ὲν
2542 2047 2610 2115 τῇ
2653 2042 2840 2112 Ῥώμῃ
2875 2036 3257 2107 σκεδασθῆναι,
3291 2033 3387 2087 καὶ⁵
3413 2030 3674 2103 Θαμνοῦν
3703 2029 3860 2099 γενέ-

2270 2140 2392 2194 σθαι
2420 2137 2808 2210 μετάπεμπτον
2838 2131 2943 2185 ὑπὸ
2961 2128 3054 2182 τοῦ
3078 2126 3330 2198 Τιϐερίου
3382 2123 3688 2196 Καίσαρος·
3713 2119 3859 2175 οὕτω

2265 2230 2325 2284 δὲ
2352 2227 2637 2285 πιστεῦσαι
2668 2224 2747 2296 τῷ
2772 2222 2914 2292 λόγῳ
2932 2220 3024 2274 τὸν
3058 2217 3325 2290 Τιϐέριον,
3359 2215 3502 2268 ὥστε
3552 2210 3858 2268 διαπυνθά-

2267 2320 2455 2377 νεσθαι
2475 2319 2571 2375 καὶ
2601 2318 2784 2388 ζητεῖν
2816 2313 2944 2380 περὶ
2972 2309 3067 2366 τοῦ
3106 2308 3303 2372 Πανός·
3343 2304 3587 2369 εἰκάζειν
3618 2303 3679 2357 δὲ
3728 2303 3858 2365 τοὺς

2269 2412 2399 2485 περὶ
2421 2410 2583 2466 αὑτὸν
2608 2408 2919 2479 φιλολόγους
2946 2403 3172 2474 συχνοὺς
3201 2400 3362 2464 ὖντας
3385 2397 3477 2453 τδν
3494 2451 3505 2464 ,
3523 2395 3587 2463 ἐξ
3648 2393 3855 2485 Ἑρμοῦ

2386 2500 2703 2574 Πηνελόπης
2728 2495 3111 2568 γεγενημένον.
3148 2494 3207 2547 '0
3241 2492 3339 2564 μὶν
3360 2485 3454 2545 οῦν
3482 2488 3748 2551 Φίλιππος
3771 2480 3854 2538 εί-

2269 2612 2332 2665 χι
2358 2594 2468 2649 τῶν
2507 2592 2788 2663 παρόντων
2818 2589 2992 2652 ἐνίους
3039 2586 3341 2658 μάρτυρας,
3402 2577 3720 2652 Αἰμιλιανοῦ
3754 2574 3851 2630 τοῦ

2269 2686 2524 2758 γέροντος
2549 2680 2871 2753 ἀκηκοότας·
2896 2680 2924 2732 ό
2949 2677 3006 2731 δὲ
3028 2675 3332 2748 Δημήτριος
3350 2672 3453 2742 ἔφη
3470 2669 3578 2724 τῶν
3600 2669 3731 2740 περὶ
3750 2666 3852 2758 την

2271 2752 2570 2849 ίῖρετανίαν
2593 2752 2774 2846 νήσων
2798 2768 2938 2825 εἶναι
2964 2769 3162 2831 πολλὰς
3188 2767 3427 2839 ἐρήμους
3455 2761 3751 2833 σποράδας,
3769 2752 3848 2813 ὧν

2272 2866 2417 2931 ὲνίας
2447 2864 2716 2937 δαιμόνων
2753 2862 2848 2917 καὶ
2877 2859 3070 2933 ἡρώων
3108 2855 3483 2929 ὀνομάζεσθαι·
3519 2850 3751 2905 πλεῦσαι
3786 2849 3850 2903 δὲ

2271 2957 2432 3023 αὐτὸς
2457 2955 2695 3029 ἱστορίας
2718 2955 2813 3010 καὶ
2834 2954 2963 3017 θέας
2989 2952 3153 3006 ἕνεκα
3188 2949 3389 3022 πομπῇ
3433 2944 3527 2999 τοῦ
3582 2940 3854 3015 βασιλέως

2272 3053 2353 3116 είς
2382 3050 2480 3123 τὴν
2502 3049 2730 3119 ἔγγιστα
2778 3046 3039 3118 κειμένην
3069 3042 3178 3097 τῶν
3226 3030 3470 3113 ἐρήμων,
3509 3037 3740 3110 ἔχουσαν
3790 3033 3856 3088 ού

2273 3142 2501 3204 πολλοὺς
2534 3138 2907 3202 ἐποικοῦντας,
2947 3134 3125 3208 ἱεροὺς
3153 3132 3211 3186 δὲ
3244 3133 3340 3185 καὶ
3368 3129 3599 3198 ἀσύλους
3643 3127 3862 3192 ubiut;

2280 3235 2387 3290 ὑπὸ
2416 3231 2525 3289 τῶν
2554 3228 2837 3305 Βρετανῶν
2860 3227 3040 3291 ὄντας.
3079 3227 3231 3296 ’Ᾱφιγ
3244 3222 3404 3295 μένου
3452 3222 3509 3276 δε
3530 3219 3697 3276 αὐτοῦ
3727 3236 3864 3273 νεωιι

2281 3329 2389 3390 στὶ,
2429 3324 2689 3396 σύγχυσιν
2714 3321 2953 3396 μεγάλην
2982 3320 3109 3392 περὶ
3136 3319 3227 3372 τὸν
3246 3317 3406 3389 ἀέρα,
3448 3314 3543 3369 καὶ
3556 3310 3864 3385 ,διοσημίας

2281 3417 2482 3480 πολλὰς
2519 3414 2792 3487 γενέσθαι,
2816 3412 2908 3467 καί
2928 3410 3214 3481 πνεύματα
3263 3404 3708 3478 καταρραγῆναι,
3765 3401 3867 3456 καὶ

2279 3511 2466 3563 πεσεῖν
2522 3503 2867 3579 πρηστῆρας.
2913 3502 3067 3557 ’Eml
3117 3500 3163 3554 δ’
3202 3497 3468 3570 ἐλώφησε,
3509 3494 3695 3565 λέγειν
3738 3493 3869 3557 τοὺς

2280 3601 2551 3675 νησιώτας
2570 3600 2653 3653 ὃτι
2680 3598 2788 3651 τῶν
2818 3593 3143 3668 κρειττόνων
3174 3589 3319 3655 τινὸς
3347 3587 3586 3658 ἔκλειψις
3608 3585 3866 3656 γέγονενι

2292 3694 2380 3759 Ὧς
2408 3694 2517 3765 γὰρ
2562 3690 2753 3763 λύχνος
2802 3686 3190 3757 ἀναπτόμενος,
3244 3683 3429 3753 φάναι,
3483 3676 3659 3734 δεινὸν
3710 3677 3871 3732 οὐδὲν

2280 3790 2412 3860 ἔχει,
2443 3783 2798 3855 σϐεννύμενος
2829 3781 2887 3835 δὲ
2936 3779 3150 3843 πολλοῖς
3196 3772 3436 3847 λυπηρός
3463 3774 3634 3827 ἑστιν·
3687 3769 3876 3833 οὕτως

2280 3881 2334 3933 αί
2368 3876 2596 3950 μεγάλαι
2619 3874 2788 3945 ψυχαὶ
2812 3872 2912 3934 τὰς
2942 3871 3040 3942 μὲν
3079 3868 3413 3939 ἀναλάμψεις
3465 3865 3720 3936 εὐμενεῖς
3773 3860 3876 3917 καὶ

2281 3969 2525 4033 ἀλύπους
2550 3967 2784 4038 ἔχουσιν,
2836 3966 2893 4018 al
2918 3963 2975 4017 δὲ
3007 3962 3219 4026 σϐέσεις
3274 3959 3453 4014 αὐτῶν
3490 3956 3585 4011 καὶ
3634 3954 3872 4027 φθοραὶ,

2282 4061 2540 4124 πολλάκις
2564 4060 2682 4130 μὲν,
2714 4056 2790 4121 ὡς
2816 4055 2933 4120 νῦν,
2988 4053 3273 4124 πνεύματα
3320 4050 3415 4106 καὶ
3462 4046 3710 4121 χαλάζας
3738 4045 3876 4120 τρέ-

2283 4171 2441 4226 φουσι
2472 4151 2605 4223 (42),
2663 4148 2920 4212 πολλάκις
2970 4147 3027 4201 δὲ
3062 4146 3327 4217 λοιμικοῖς
3378 4136 3573 4196 πάθεσι
3597 4139 3696 4194 τὸν
3728 4138 3877 4226 ἀέρα

2282 4221 2707 4316 εραρμάττουσιν.
2766 4241 2913 4294 Ἐκεῖ
2949 4237 3130 4310 μέντοι
3180 4236 3307 4308 μίαν
3333 4230 3470 4289 εῖναι
3515 4232 3705 4302 νῆσον,
3742 4232 3804 4284 ὲν
3837 4221 3877 4304 ᾗ

2280 4338 2372 4391 τὸν
2398 4320 2605 4408 Κρόνον
2636 4333 2955 4405 καθεῖρχθαι
2979 4329 3384 4403 φρουρούμενον
3432 4324 3537 4378 ὑπὸ
3563 4322 3662 4377 τοῦ
3693 4323 3878 4395 Βριάο

2285 4446 2390 4501 ρεω
2420 4427 2765 4483 καθεύδοντα·
2796 4420 2992 4496 δεσμὸν
3016 4422 3126 4494 γὰρ
3154 4420 3302 4491 αὐτῷ
3344 4418 3434 4472 τὸν
3483 4414 3649 4471 ὕπνον
3683 4432 3881 4487 μεμη-

598 4529 680 4576 set
710 4558 726 4584 ,
754 4520 960 4576 dixisse
992 4517 1282 4583 insulares,
1312 4519 1547 4587 aliquem
1588 4532 1652 4572 ex
1685 4517 1945 4571 heroibus
1974 4516 2172 4571 exstin-

2280 4521 2567 4594 χανῆσθαι.
2600 4519 2835 4581 Πολλοὺς
2860 4517 2918 4571 δὲ
2947 4515 3075 4587 περὶ
3101 4513 3261 4567 αὐτὸν
3282 4508 3421 4565 εἶναι
3444 4509 3711 4594 δαίμονας
3733 4508 3882 4561 ὀπα-

596 4622 747 4669 otum
783 4626 927 4668 esse.
955 4609 1425 4677 Quemadmodum
1462 4611 1633 4675 enim,
1666 4610 1988 4679 inquiebant
2015 4649 2032 4675 ,
2091 4620 2174 4662 tu-

597 4717 762 4760 cerna
792 4702 922 4757 dum
945 4701 1119 4765 ardet,
1151 4702 1285 4756 nihil
1308 4700 1621 4755 detrimenti
1652 4697 1847 4755 atferre
1876 4700 2035 4763 solet,
2073 4715 2174 4756 nec

597 4804 781 4853 tamen
805 4794 924 4850 sine
953 4792 1251 4847 multorum
1284 4792 1534 4847 molestia
1549 4790 1920 4861 exstinguitur
1947 4808 1962 4845 :
1998 4790 2079 4845 sic
2098 4790 2178 4844 in-

598 4896 785 4960 gentes
825 4885 1023 4941 anima:
1072 4883 1309 4954 benigno
1339 4884 1559 4953 quidem
1590 4892 1645 4938 et
1681 4883 1909 4937 innoxio
1965 4882 2178 4953 fulgore

597 4980 903 5044 collucent;
932 4985 990 5033 at
1015 4976 1260 5041 easdem,
1278 4978 1323 5032 si
1356 4978 1580 5046 quando
1604 4975 1880 5045 exstingui
1903 4990 1970 5031 ac
1994 4976 2175 5045 perire

598 5071 907 5140 contigerit,
940 5079 1056 5125 tum
1086 5085 1229 5140 saepe
1249 5078 1443 5124 ventos
1481 5084 1544 5123 ac
1569 5068 1857 5137 procellas,
1894 5068 1972 5122 uti
2004 5082 2171 5134 nunc,

599 5166 860 5230 excitare,
897 5178 1043 5235 saepe
1097 5177 1261 5217 auras
1311 5161 1635 5232 pestilentiae
1685 5172 1895 5213 veneno
1952 5159 2176 5214 inlicere

599 5264 1020 5312 consueverunt.
1055 5253 1169 5310 lllic
1197 5268 1362 5325 porro
1386 5252 1622 5307 insulam
1669 5249 1963 5321 quamdam
2012 5265 2132 5306 esse
2155 5288 2171 5312 ,

600 5349 694 5402 ubi
722 5349 962 5404 vinetum
994 5346 1293 5403 Saturnum
1327 5348 1546 5416 altoque
1585 5358 1776 5399 somno
1821 5346 2171 5412 consopitum

604 5438 854 5493 Briareus
874 5440 1145 5495 custodiat
1171 5457 1183 5492 :
1213 5452 1412 5491 novum
1445 5436 1591 5491 enim
1625 5434 1732 5489 hoc
1779 5433 1957 5489 somni
1986 5433 2176 5487 vincu-

604 5532 715 5585 lum
747 5531 1010 5586 adversus
1039 5547 1163 5585 enm
1205 5531 1575 5601 excogitatum
1603 5527 1794 5583 fuisse.
1821 5524 2009 5581 Eidem
2046 5538 2179 5579 vero

675 5697 702 5727 ⁸
743 5687 869 5741 add.
892 5685 970 5740 δέ.
1042 5687 1074 5728 δ
1110 5688 1196 5743 Io’.
1224 5689 1286 5742 ού
1312 5686 1531 5758 φθῆναι.

2277 4592 2403 4678 δοὺς
2436 4614 2528 4668 καὶ
2575 4612 2930 4685 θεράποντας.
2965 4626 2983 4658 ι
3024 4604 3272 4660 Τοσαῦτα
3318 4603 3374 4656 δὲ
3428 4603 3457 4654 ό
3490 4592 3879 4670 Πλούταρχος.

2292 4698 2646 4779 Ἕπιτηρῆσαι
2671 4704 2727 4759 δὲ
2754 4703 2903 4770 ἄξιον
2927 4701 3017 4754 τὸν
3050 4696 3262 4769 καιρὸν,
3297 4698 3356 4750 ὲν
3395 4687 3440 4763 ᾧ
3483 4708 3619 4764 φησι
3648 4690 3750 4745 τὸν
3777 4690 3886 4745 θάι-

2279 4818 2438 4855 νατον
2464 4797 2741 4870 γεγονέναι
2769 4794 2863 4849 τοῦ
2888 4794 3160 4865 δαίμονος.
3190 4785 3357 4853 Οὗτος
3401 4786 3461 4841 δι
3513 4780 3585 4856 ἦν
3628 4784 3659 4837 ὁ
3721 4781 3883 4839 κατά

2279 4893 2547 4965 Τιϐέριον,
2570 4890 2690 4944 καθ’
2724 4888 2784 4942 δν
2807 4889 2835 4941 ό
2862 4882 3127 4958 ἡμέτερος
3157 4882 3365 4952 Σωτὴρ,
3400 4877 3500 4944 τὰς
3528 4878 3625 4965 σὺν
3649 4876 3888 4965 ἀνθρώ-

2282 4962 2755 5049 ποιςνποιούμενος
2790 4973 3094 5044 διατριῦἀς,
3130 4972 3239 5025 πᾶν
3264 4967 3419 5039 γένος
3446 4962 3721 5035 δαιμόνων
3754 4964 3886 5030 ἑξε-

2278 5070 2492 5126 λαύνειν
2514 5068 2607 5121 τοῦ
2639 5066 2746 5121 τῶν
2769 5063 3068 5137 ἀνθρώταυν
3097 5059 3510 5129 ἀναγέγραπται
3539 5052 3677 5124 βίου·
3723 5052 3885 5105 ὥστε

2279 5162 2380 5235 ήδη
2412 5160 2563 5224 τινὰς
2593 5160 2701 5212 τῶν
2727 5154 2992 5229 δαιμόνων
3033 5154 3345 5223 γονυπετεῖν
3389 5146 3574 5210 αὐτὸν,
3622 5143 3723 5198 καὶ
3754 5143 3886 5196 ίκε-

2278 5251 2457 5306 τεύειν
2488 5253 2561 5322 μὴ
2592 5249 2670 5321 τῷ
2698 5246 3044 5321 περιμένοντι
3073 5244 3270 5307 αὐτοὺς
3298 5239 3559 5313 ταρτάρῳ
3586 5235 3889 5305 παραδοῦ·

2279 5359 2388 5396 ναι.
2412 5342 2593 5413 Ἔχεις
2620 5336 2710 5393 οὖν
2736 5341 2830 5394 καὶ⁵
2848 5338 2948 5408 τῆς
2962 5337 3069 5390 τῶν
3086 5332 3355 5406 δαιμόνων
3378 5326 3756 5400 καθαιρέσεως
3782 5325 3887 5377 τὸν

2280 5431 2489 5503 χρόνον,
2515 5430 2615 5483 οὐκ
2645 5428 2832 5483 ἄλλοτε
2866 5427 2927 5491 ἐξ
2977 5424 3171 5488 αίῶνος
3216 5419 3612 5494 ίστορηθείσης·
3668 5414 3886 5487 ῶσπερ

2280 5520 2372 5577 οὖν
2406 5523 2497 5576 καὶ
2525 5522 2621 5593 τῆς
2651 5519 3095 5593 ἀνθρωποθυσίας
3124 5517 3236 5572 τῶν
3286 5513 3456 5569 ἐθνῶν
3484 5511 3585 5582 τὴν
3624 5506 3891 5563 κατάλυο

679 5800 790 5873 (Η)
832 5798 1097 5867 Καλάᾶις
1138 5800 1441 5871 τρέφουσι.
1482 5799 1788 5864 Plutarch,
1834 5795 2000 5862 ζάλας
2026 5791 2309 5867 τρέπουσι.
