4162 6430
279 439 383 495 557
1448 434 1770 491 ΡΒᾸΞΡΛΒ.
1816 436 1874 491 E‘

1972 436 2062 494 WG.
2102 438 2230 495 LIB.
2276 439 2338 493 γ.
3440 434 3545 490 558

283 569 371 605 σιν
389 552 491 605 οὐκ
511 550 697 606 ἄλλοτε
724 551 757 623 ἦ
783 550 920 621 μετά
948 550 1007 603 τὸ
1038 549 1297 621 προελθὸν
1315 552 1394 614 εἰς
1420 553 1627 617 πάντας
1657 553 1867 626 ἀνθρώ-

1974 555 2211 613 famulos
2290 555 2752 627 administrosque
2821 557 3095 611 daunoncs
3150 566 3348 626 praesto
3421 564 3545 606 esse

284 660 421 705 παυς
453 645 710 712 κήρυγμα
742 641 841 712 τῆς
871 641 1230 711 εὖαγγελικῆς
1258 640 1604 704 διδασκαλίας
1633 660 1862 714 γεγενη-

1972 663 2133 717 quam
2159 648 2449 718 plurimos.
2487 668 2506 701 ι
2569 647 2844 705 Hactenus
2880 647 3230 713 Plutarchus.
3270 647 3373 701 Sed
3406 661 3542 716 ope-

290 733 478 805 μένην.
508 733 691 787 Ταῦτα
717 733 817 805 μὲν
846 730 939 787 οὖν
966 735 1097 805 ἡμῖν
1127 730 1234 787 ἀπὸ
1283 735 1381 804 τῆς
1426 734 1697 807 νεωτέρας
1725 737 1866 789 ἱστο-

1972 752 2046 792 ra:
2076 738 2308 807 pretium
2340 737 2526 805 fuerit,
2554 747 2768 809 tempus
2801 739 3113 801 observare,
3140 752 3251 807 qno
3278 734 3544 791 daemonis

289 825 415 896 ριας
440 825 769 896 ὲληλέγχθω.

1973 828 2135 885 istius
2169 830 2448 887 interitum
2479 831 2773 901 contigisse
2820 838 3030 886 narrat.
3060 828 3118 885 ld
3174 829 3322 884 enim
3373 828 3546 897 impe-

286 925 446 971 rante
479 915 697 971 Tiberio
733 915 899 987 208
931 915 1134 973 factum
1191 923 1308 982 est,
1344 929 1456 986 quo
1501 923 1742 986 tempore
1810 917 2139 975 daemonesa
2185 919 2473 976 Servatore
2512 931 2705 977 nostro
2732 921 2875 975 inter
2917 919 3169 975 homines
3208 925 3401 988 agente
3427 917 3544 986 jam

287 1018 405 1063 tum
471 1023 538 1062 ex
603 1009 841 1062 humana
873 1008 984 1062 vita
1019 1006 1143 1078 pelli
1186 1008 1420 1079 ejicique
1456 1010 1688 1079 coepisse
1730 1009 1915 1067 divina
1966 1014 2157 1069 scribit
2182 1012 2409 1069 historia
2439 1036 2449 1070 :
2481 1028 2606 1069 cum
2636 1012 2800 1068 etiam
2829 1026 2968 1081 genu
3000 1011 3140 1065 flexo
3161 1008 3407 1064 nonnulli
3429 1008 3545 1079 jam

286 1118 413 1156 eum
478 1102 852 1169 obsecrarent,
891 1102 970 1156 uti
1001 1116 1070 1157 ne
1100 1102 1541 1171 exspectantibus
1567 1117 1688 1159 sese
1733 1101 1924 1161 inferis
1963 1106 2256 1163 addiceret.
2283 1104 2425 1178 Ergo
2454 1112 2659 1161 certum
2682 1118 2901 1175 quoque
2934 1119 2998 1157 ac
3019 1101 3301 1157 definitum
3332 1113 3547 1170 tempus

288 1193 456 1248 habes
488 1193 969 1248 exterminatorum
1030 1194 1359 1259 daemonum,
1398 1209 1538 1266 quos
1571 1204 1698 1251 ante
1748 1196 1882 1252 illud
1925 1214 2206 1271 nunquam
2248 1215 2315 1255 ex
2368 1197 2519 1254 omni
2557 1196 2820 1253 memoria
2870 1193 3086 1266 fugatos
3112 1207 3233 1249 esse
3266 1192 3548 1264 legimus:

291 1283 749 1354 quemadmodum
807 1300 910 1339 nec
966 1297 1093 1340 ante
1154 1286 1422 1341 sublatam
1477 1285 1649 1343 fuisse
1705 1290 2043 1348 ostendimus
2101 1307 2448 1348 communem
2510 1290 2654 1362 apud
2702 1289 2930 1359 gentiles
2990 1286 3402 1342 mactandornm
3450 1286 3552 1341 ho-

288 1371 499 1425 minum
560 1371 1035 1437 consuetudinem,
1069 1389 1233 1443 quam
1283 1375 1603 1445 evangelicae
1644 1376 1906 1434 doctrina:
1942 1381 2256 1450 praedicatio
2313 1380 2631 1437 'universum
2677 1379 2864 1434 orbem
2921 1376 3323 1448 complevisset.
3373 1376 3552 1447 Atque
3602 1428 3608 1433 .

286 1466 404 1522 haec
435 1468 793 1538 coarguenda:
861 1468 1169 1523 daemonum
1209 1467 1386 1525 fraudi
1420 1486 1487 1526 ex
1516 1472 1883 1529 recentiorum
1921 1475 2167 1534 historiis
2194 1479 2510 1550 deprompta
2547 1475 2837 1533 suiliciant.

827 1583 1227 1638 ΚΕΦΑΛΑΙΟΝ
1260 1586 1369 1641 Iﬂ'.

286 1694 425 1762 Περὶ
452 1692 572 1748 τῶν
607 1692 770 1762 παρὰ
823 1693 947 1771 τοῖς
1002 1695 1280 1762 παλαιοῖς
1329 1697 1591 1771 Ἕλλησι
1629 1716 1865 1771 μνημο-

692 1763 1031 1832 γευομένων
1066 1768 1465 1834 χρηστηρίων.

370 1874 508 1928 Ἀλλ’
535 1875 657 1927 ἐπεὶ
678 1874 754 1945 μὴ
786 1878 899 1939 τοῖς
930 1878 1064 1931 πᾶσι
1102 1876 1356 1949 γνώριμα
1389 1879 1648 1949 τυγχάνει
1676 1880 1743 1935 τά
1791 1883 1871 1934 εε-

2534 1589 2766 1647 CAPUT
2803 1587 2994 1644 XVIII.

2067 1706 2146 1761 De
2172 1706 2407 1761 oraculis
2434 1702 3063 1828 priscorulmbGrmcorum
3088 1697 3469 1770 pmdicatione

2610 1792 2664 1828 ce
2690 1792 2715 1828 e
2754 1784 2907 1827 ratis.

2610 1784 2907 1829 celebratis.

2046 1887 2204 1945 Nune
2219 1903 2372 1946 vero.
2395 1888 2658 1957 quoniam
2679 1885 2784 1941 ista
2803 1898 2911 1940 non
2929 1881 3186 1938 omnibus
3209 1893 3387 1949 usque
3413 1877 3552 1932 adeo

291 1968 522 2041 ρημένα,
552 1964 611 2021 εὗ
643 1986 732 2038 μοι
772 1970 922 2023 δοκεῖ
947 1970 1195 2023 ἐντεῦθεν
1236 1972 1329 2023 ἐπὶ
1361 1972 1430 2025 τὰ
1460 1974 1596 2026 πᾶσι
1631 1970 1872 2045 πρόδηλα

1974 1989 2103 2034 nota
2132 1986 2279 2043 sunt,
2315 1979 2449 2032 libet
2481 1977 2608 2032 inde
2656 1974 2726 2029 ad
2759 1987 2824 2029 ea
2850 1970 3123 2042 progredi,
3156 1984 3277 2039 quae
3311 1967 3553 2036 antiqui-

286 2061 402 2122 τοῖς
430 2057 731 2128 φιλολόγοις
765 2059 1084 2131 μεταόἧναι,
1129 2061 1224 2113 καὶ
1252 2062 1377 2126 τοὺς
1404 2063 1768 2127 παλαιτάτους
1795 2063 1874 2134 τῷ

289 2150 470 2221 χρόνῳ
496 2151 779 2222 χρησμοὺς
810 2150 1082 2215 ἐξετάσαι,
1112 2153 1217 2206 ἀνὰ
1269 2154 1445 2223 στόμα
1502 2156 1721 2209 πάντων
1758 2156 1876 2208 Ἐλ-

290 2242 467 2313 λήνων
508 2242 819 2312 ᾀδομένους,
871 2244 975 2297 κάν
1021 2246 1142 2309 ταῖς
1188 2245 1330 2299 κατᾶ
1379 2242 1535 2301 πόλιν
1568 2248 1874 2318 διατριϐαῖς

291 2344 405 2404 ταῖς
433 2341 525 2393 ἐπὶ
555 2340 773 2412 παιδείᾳ
823 2341 1048 2409 φοιτῶσι
1102 2342 1582 2413 παραδιδομένους.
1632 2343 1873 2396 Ἀνωθεν

289 2433 468 2485 τοίνυν
496 2431 776 2485 ἀναλαϐὼν
795 2433 895 2496 τὰς
919 2434 1150 2497 παλαιὰς
1176 2434 1431 2505 ἱστορίας,
1462 2435 1756 2504 ἐπίσκεψαι
1784 2431 1874 2489 οἷα

288 2528 318 2579 6
346 2524 544 2587 Πύθιος
579 2524 881 2594 Ἀθηναίοις
903 2525 1010 2594 χρᾷ
1035 2524 1207 2595 λοιμῷ
1227 2525 1495 2579 πιεσθεϊσι
1517 2526 1607 2579 διά
1633 2527 1734 2596 τὴν
1760 2528 1874 2580 Ἀν-

286 2614 496 2686 δρόγεω
548 2614 824 2685 τελευτήν.
867 2615 1196 2685 Ἐλοίμωξαν
1242 2617 1299 2670 δὲ
1360 2617 1561 2681 πάντες
1601 2618 1872 2690 Ἀθηναῖοι

286 2708 353 2759 δι’
384 2706 501 2770 ἑνὸς
525 2706 716 2778 ἀνδρὸς
744 2706 997 2769 θάνατον,
1032 2706 1134 2776 τῆς
1154 2706 1201 2759 δ’
1252 2709 1317 2761 ὲκ
1344 2706 1454 2762 τῶν
1481 2708 1623 2763 θεῶν
1646 2711 1872 2763 ἐπικου-

290 2796 411 2869 ρίας
431 2800 611 2867 τυχεῖν
639 2798 842 2867 ἠξίουν·
882 2796 936 2851 τί
966 2799 1085 2852 ποτ’
1105 2793 1199 2853 οὖν
1239 2801 1269 2853 6
1322 2800 1505 2873 σωτὴρ
1541 2802 1724 2865 αὐτοῖς
1778 2803 1873 2855 καὶ

289 2886 412 2949 θεὸς
435 2889 726 2958 παραινεῖς
772 2887 925 2958 Τάχα
951 2905 1053 2941 που
1100 2886 1187 2950 τὶς
1237 2888 1481 2959 οἰήσεται
1528 2888 1873 2959 δικαιοσύνης

286 2976 384 3030 τοῦ
418 2977 603 3031 λοιποῦ
637 2977 733 3031 καὶ
756 2976 1163 3050 φιλανθρωπίας
1202 2978 1557 3048 ἐπιμέλεσθαι
1577 3020 1592 3043 ,
1628 2981 1721 3034 καὶ
1776 2980 1875 3050 τῆς

288 3069 454 3139 ἄλλης
484 3069 708 3140 ἀρετῆς,
731 3069 765 3139 ἢ
795 3072 1076 3140 μετανοεῖν
1131 3070 1224 3124 ἐπὶ
1281 3070 1360 3141 τῷ
1418 3071 1872 3142 πλημμελήματι,

290 3161 383 3215 καί
405 3180 458 3215 τι
481 3160 591 3214 τῶν
616 3160 779 3215 ὁσίων
827 3152 920 3214 καὶ
975 3161 1216 3215 εὐσεϐῶν
1270 3161 1529 3229 ἐκτελεῖν,
1574 3163 1650 3226 ὡς
1673 3163 1740 3216 ἂν
1768 3163 1875 3217 τῶν

290 3252 431 3307 θεῶν
451 3251 658 3315 τούτοις
689 3252 1073 3321 ἱλασκομένων.
1132 3251 1288 3307 Ἀλλὰ
1322 3253 1528 3308 τούτων
1552 3256 1649 3325 μὲν
1685 3250 1754 3325 ἦν
1779 3255 1873 3308 οὐ-
1901 3287 1942 3345 C

288 3343 399 3398 δέν.
431 3343 497 3397 Τί
521 3342 627 3415 γὰρ
655 3342 720 3413 δὴ
745 3344 840 3395 καὶ
869 3342 1031 3413 μέλον
1072 3338 1139 3414 ἦν
1167 3343 1371 3398 τούτων
1416 3348 1530 3409 τοῖς
1551 3345 1875 3416 θαυμασίοις

290 3438 454 3501 θεοῖς,
486 3436 684 3507 μᾶλλον
709 3434 765 3489 δὲ
819 3438 931 3499 τοῖς
986 3437 1371 3507 παμπονήροις
1397 3437 1653 3509 δαίμοσι;
1702 3439 1873 3492 Πάλιν

288 3526 384 3584 οὖν
409 3529 477 3583 τὰ
533 3529 716 3591 αὐτοῖς
763 3526 997 3597 συγγενῆ
1057 3528 1150 3581 καὶ
1193 3530 1389 3591 οἰκεῖα,
1420 3527 1489 3582 τὰ
1528 3529 1731 3601 ἀνηλεῆ
1783 3532 1876 3584 καὶ⁹

288 3621 420 3694 ὠμά
460 3622 556 3675 καὶ⁵
582 3619 958 3692 ἀπάνθρωπα,
1012 3618 1197 3690 λοιμὸν
1247 3621 1339 3674 ἐπὶ
1382 3621 1556 3693 λοιμῷ
1579 3639 1735 3691 φασι,
1780 3624 1876 3677 καὶ

291 3713 557 3775 θανάτους
603 3711 697 3765 ἐπὶ
750 3710 984 3783 θανάτῳ.
1049 3710 1276 3766 Κελεύει
1334 3712 1466 3781 γοῦν
1512 3714 1543 3766 6
1601 3713 1873 3768 Ἀπόλλων

291 3804 448 3865 ἔτους
517 3801 746 3856 ἑκάστου
809 3802 1047 3870 πέμπειν
1102 3802 1301 3865 αὐτοὺς
1363 3801 1472 3856 τῶν
1516 3802 1677 3861 ,ἰδίων
1742 3803 1874 3858 παί-

289 3895 399 3949 δων
454 3894 690 3966 ἀρρενας
756 3892 990 3965 ἐφήϐους
1042 3886 1182 3947 έπτά
1212 3933 1228 3957 ,
1309 3893 1404 3947 καὶ
1459 3894 1688 3966 θηλειῶν
1753 3897 1873 3949 ἰσα-

294 3983 521 4057 ρίθμους
592 3980 893 4053 παρθένους
916 4020 930 4043 ,
982 3979 1097 4033 ἀνθ’
1143 3980 1262 4043 ἐνὸς
1328 3981 1459 4034 δέκα
1516 3982 1612 4036 καὶ
1676 3982 1873 4037 τέσσα-

294 4094 395 4150 ρας
447 4074 720 4137 ἀναιτίους
763 4072 857 4125 καὶ
902 4072 1281 4144 ἀπράγμονας,
1307 4073 1407 4127 οὐκ
1434 4072 1687 4140 εἰσάπαξ,
1739 4075 1874 4129 ἀλλά

293 4167 390 4220 καὶ
422 4164 562 4219 κατὰ
592 4163 700 4217 πᾶν
726 4161 845 4225 ἔτος
884 4160 1287 4232 τυθησομένους
1317 4162 1375 4217 ἐν
1402 4163 1594 4236 Κρήτῃ
1614 4163 1767 4236 παρὰ
1795 4164 1875 4236 τῷ

293 4252 493 4313 Μίνωϊ.
533 4255 700 4307 Ὥστε
735 4252 829 4305 καὶ
858 4251 1019 4324 μέχρι
1051 4251 1161 4307 τῶν
1187 4251 1281 4306 τοῦ
1319 4254 1639 4326 Σωκράτους
1668 4255 1874 4326 χρόνων

292 4349 458 4405 πλέον
488 4347 522 4417 ἢ
555 4345 928 4409 πεντακοσίοις
974 4343 1199 4416 ὕστερον
1236 4345 1412 4399 ἐτεσιν
1442 4347 1471 4400 6
1501 4347 1674 4412 δεινὸς
1719 4340 1875 4413 οὗτος

292 4443 390 4497 καὶ
419 4436 913 4510 ἀπανθρωπότατος
927 4437 1131 4509 δασμὸς
1150 4438 1374 4509 μνήμην
1404 4441 1534 4511 παρ’
1574 4440 1877 4511 Ἀθηναίοις

291 4533 633 4604 διεφύλαττε.
690 4528 861 4582 Τοῦτο
899 4529 956 4582 δὲ
992 4524 1060 4600 ἦν
1102 4529 1209 4602 ἄρα
1248 4530 1311 4583 τὸ
1342 4529 1435 4584 καὶ
1469 4531 1748 4602 Σωκράτει
1775 4531 1875 4605 τὴν

1975 2071 2102 2125 tatis
2132 2068 2442 2125 studiosum
2474 2067 2685 2137 fugiant
2738 2064 3038 2127 neminem,
3079 2076 3146 2116 ac
3190 2071 3552 2117 vetusussinn

1972 2161 2071 2217 aevi
2110 2159 2332 2216 oracula
2392 2158 2679 2229 diligenter
2722 2166 2979 2211 excutere
3007 2193 3022 2219 ,
3083 2168 3207 2222 quae
3233 2150 3549 2206 Graecorum

1971 2250 2176 2320 passim
2208 2249 2455 2304 omnium
2484 2262 2582 2302 ore
2603 2246 2829 2316 iactata,
2860 2244 2930 2300 iis
2954 2243 3142 2306 etiam,
3175 2241 3271 2310 qui
3298 2238 3551 2307 discipli-

1972 2358 2057 2398 na:
2083 2356 2252 2398 causa
2312 2340 2525 2397 cunctis
2553 2338 2611 2394 in
2644 2337 2873 2394 urbibus
2901 2334 3253 2400 conveniunt,
3285 2330 3553 2387 ineulcari

1972 2435 2173 2491 solent.
2209 2432 2291 2489 Tu
2320 2447 2454 2503 ergo
2497 2439 2713 2489 veteres
2742 2429 2813 2485 ab
2845 2429 3054 2484 ultimis
3090 2440 3265 2497 usque
3295 2425 3553 2495 tempori-

1970 2526 2127 2581 ribus
2181 2522 2445 2580 historias
2493 2529 2769 2591 repetens,
2812 2519 3056 2590 expende
3108 2517 3187 2573 sis
3243 2513 3554 2586 cujusmodi

1970 2616 2418 2679 Atheniensibus,
2454 2612 2603 2685 gravi
2632 2612 2701 2668 ab
2730 2610 3019 2680 Androgeo
3043 2607 3267 2664 interitu
3293 2606 3555 2677 pestilen»

1973 2707 2048 2763 tia
2078 2705 2452 2763 laborantibus
2492 2717 2817 2774 responsum
2849 2701 2982 2756 olim
3031 2698 3264 2770 Pythius
3295 2696 3552 2753 ediderit.

1973 2798 2186 2869 Quippe
2218 2798 2602 2863 Athenienses,
2622 2793 2864 2851 hominis
2886 2793 2958 2848 ob
2980 2791 3147 2847 unius
3163 2799 3418 2854 mortem,
3437 2789 3552 2844 unis

1972 2890 2118 2947 versi
2144 2891 2247 2945 hac
2282 2889 2374 2945 lue
2425 2887 2641 2950 vexati,
2692 2885 2919 2941 deorum
2959 2898 3121 2954 opem
3162 2882 3305 2938 votis
3331 2895 3396 2936 ac
3424 2895 3553 2951 pre-

1974 2980 2132 3036 cibus
2161 2978 2546 3050 implorabant.
2579 2975 2721 3043 Quid
2751 2975 2917 3047 igitur
2952 2974 3023 3029 iis
3072 2972 3289 3028 consilii
3317 2980 3374 3026 et
3421 2971 3554 3026 Scr-

1974 3081 2129 3125 vator
2164 3080 2218 3125 et
2244 3069 2424 3125 Deus?
2450 3068 2529 3123 uti
2558 3067 2873 3138 aequitatem
2896 3065 3148 3121 videlicet
3172 3072 3337 3133 atque
3366 3062 3552 3117 buma-

1975 3162 2226 3225 nitatem,
2259 3168 2592 3229 caeterasque
2616 3158 2845 3213 virtutes
2877 3156 2933 3211 iu
2963 3167 3242 3226 posterum
3276 3154 3552 3221 colerent;

1976 3260 2072 3308 aut
2092 3251 2341 3308 criminis
2367 3249 2589 3306 adducti
2619 3248 2941 3319 pmnitentia
2976 3248 3118 3304 sacri
3142 3246 3349 3316 aliquid
3377 3259 3443 3300 ac
3469 3260 3552 3299 rc-

1977 3343 2157 3415 ligiosi
2182 3343 2419 3403 obirent.
2443 3341 2644 3412 quibus
2673 3339 2836 3396 rebus
2861 3340 3091 3395 deorum
3116 3337 3346 3395 offensio
3359 3353 3552 3409 procu-

1974 3436 2086 3491 rari
2112 3435 2270 3491 solet.
2296 3432 2442 3489 Nihil
2472 3433 2676 3489 minus.
2713 3431 2985 3499 Quorsum
3012 3432 3158 3487 enim
3193 3432 3299 3488 ista
3324 3431 3552 3502 pracla-

1974 3527 2054 3584 ris
2080 3526 2419 3589 numinibus,
2448 3524 2531 3580 vel
2565 3524 2749 3594 potius
2780 3524 3169 3581 consceleratis
3201 3523 3553 3580 daemonibus

1974 3631 2123 3673 curae
2147 3617 2302 3672 sint?
2331 3615 2466 3672 Rem
2489 3615 2656 3688 igitur
2685 3613 2899 3671 affinem
2924 3615 3029 3671 sibi
3055 3631 3251 3673 rursus
3272 3624 3327 3670 et
3346 3630 3553 3686 cogna-

1976 3718 2111 3777 tam,
2137 3709 2245 3765 hoe
2272 3716 2358 3765 est
2392 3709 2463 3765 ab
2494 3707 2647 3763 omni
2671 3707 3068 3765 misericordiae
3097 3723 3264 3764 sensu
3291 3708 3552 3774 alienam,

1974 3812 2032 3858 et
2061 3801 2401 3858 immanitate
2428 3799 2787 3869 teterrimam,
2819 3811 3027 3871 pestem
3079 3810 3252 3871 peste,
3284 3800 3556 3857 mortibus

1974 3901 2206 3949 mortem
2240 3890 2512 3948 cumulari
2540 3890 2749 3945 volunt.
2783 3886 2948 3945 Jubet
2991 3889 3252 3944 nimirum
3311 3888 3552 3958 Apollo,

1975 3982 2094 4039 suis
2120 3997 2151 4037 e
2172 3981 2359 4038 liberis
2391 3994 2569 4035 mares
2600 3978 2670 4033 ab
2693 3978 2761 4034 iis
2790 3987 2997 4048 septem
3027 3978 3330 4048 quotannis
3365 3979 3551 4048 impu-

1974 4074 2132 4130 beres
2164 4074 2345 4140 mitti,
2373 4072 2716 4143 feminasque
2738 4072 2976 4142 virgines
3001 4073 3223 4129 totidem
3251 4090 3265 4138 ;
3297 4088 3398 4142 pro
3445 4089 3553 4129 uno

1974 4165 2412 4237 quatuordecim,
2446 4165 2698 4221 insontes
2722 4180 2916 4221 omnes
2940 4165 3260 4235 nulliusque
3289 4163 3554 4223 facinoris

1975 4258 2249 4325 conscios,
2281 4257 2447 4328 idque
2479 4273 2589 4312 non
2619 4256 2787 4313 semel
2820 4265 3064 4323 tantum,
3116 4256 3213 4311 sed
3266 4252 3433 4326 209
3462 4272 3558 4311 an-

1976 4351 2063 4405 nis
2095 4348 2327 4421 singulis
2359 4347 2502 4419 apud
2529 4345 2763 4401 Minoem
2793 4344 3177 4400 immolandos.
3207 4344 3385 4414 Atque
3411 4346 3553 4415 apud

1975 4439 2333 4495 Athenienses
2358 4435 2695 4492 acerbissimi
2733 4449 2796 4491 ac
2822 4434 3089 4489 dirissimi
3119 4433 3306 4489 tributi
3339 4449 3552 4488 memo-
3582 4504 3585 4507 Α

1977 4532 2080 4599 ria,
2103 4531 2169 4587 ad
2203 4538 2415 4586 aetatem
2454 4542 2632 4599 usque
2662 4525 2908 4583 Socratis
2947 4541 3122 4582 annos
3148 4526 3407 4597 deinceps
3436 4541 3551 4580 am-

292 4623 564 4695 ἀναόολὴν
605 4623 699 4676 τοῦ
760 4621 989 4675 θανάτου
1039 4612 1427 4691 πεποιημένον.
1492 4620 1687 4692 Τίθησι
1743 4621 1874 4688 γοῦν

1977 4625 2122 4695 plius
2151 4624 2477 4695 quingentos
2508 4619 2848 4676 servabatur.
2879 4617 3014 4674 Nam
3050 4619 3101 4674 id
3126 4620 3295 4675 etiam
3316 4620 3368 4674 in
3386 4635 3553 4675 causa

292 4714 453 4787 ὁμοῦ,
503 4716 597 4768 καὶ
623 4714 912 4783 ἀπελέγχει
958 4712 1050 4766 τὸν
1089 4712 1333 4784 χρησμὸν
1361 4706 1421 4764 εὖ
1456 4710 1600 4781 μάλα
1632 4728 1716 4775 τις
1765 4712 1874 4765 τῶν

294 4811 433 4864 νέων
465 4807 573 4880 (45)
612 4807 848 4879 ἀνδρικῷ
877 4804 1142 4876 λογισμῷ,
1196 4805 1409 4876 γοήτων
1458 4804 1630 4876 φορὰν
1664 4803 1773 4876 (44)
1814 4806 1873 4857 ὲν

292 4900 479 4972 οἰκείῳ
514 4900 904 4970 συγγράμματι
934 4897 1316 4968 πεποιημένος.
1349 4888 1424 4949 Οὗ
1456 4896 1551 4949 καὶ
1579 4894 1746 4949 αὑτοῦ
1764 4893 1873 4948 τῶν

295 4995 509 5065 φωνῶν,
544 4992 681 5047 ἀλλὰ
717 4989 793 5063 μὴ
812 4991 920 5044 τῶν
948 4991 1096 5063 ἐμῶν
1126 4991 1310 5046 ἄκουε,
1337 4989 1473 5062 πρὸς
1498 4989 1590 5043 τὸν
1612 5006 1874 5062 χρησμφ,

293 5080 385 5143 δὸν
404 5082 519 5141 ’ὧδέ
545 5104 662 5150 πως
689 5084 1129 5155 ἀποτεινομένου.

370 5265 479 5336 (45)
525 5266 620 5336 Τις
647 5263 768 5318 τῶν
783 5262 956 5336 νέων.
996 5264 1312 5336 (Εηοιηευε
1336 5263 1563 5336 ῖιιεᾼεει,
1592 5278 1754 5334 quem
1787 5265 1871 5318 in-

295 5334 404 5401 fra,
439 5334 491 5405 p.
523 5335 650 5398 2l5,~
683 5334 891 5405 cap.gl,
924 5335 1247 5405 nominatim
1276 5334 1530 5405 appellat,
1553 5335 1718 5389 homo
1744 5350 1870 5390 acer

295 5420 364 5459 ac
390 5403 700 5469 vehemens,
730 5403 825 5474 qui
853 5420 975 5459 cum
1006 5405 1058 5457 in
1089 5403 1361 5458 fraudem’
1380 5406 1449 5458 ab
1482 5405 1704 5460 oraculo
1730 5419 1869 5474 quo-

297 5476 425 5528 dam
456 5474 710 5529 inductus
734 5484 899 5539 esset,
930 5474 1277 5528 oraculorum
1312 5474 1541 5530 istorum
1572 5476 1866 5530 vanitatem

297 5545 546 5598 omnium
576 5546 633 5613 in
663 5543 843 5597 oculis
866 5544 1098 5613 deligere
1127 5545 1333 5599 statuit.

376 5614 484 5684 (44)
516 5612 760 5679 ι’σήτων
786 5611 998 5685 φοράν-ζ
1022 5614 1445 5685 ita‘omnes.__At
1462 5628 1581 5685 pag.
1599 5612 1724 5679 215,
1742 5628 1790 5668 c.
1809 5613 1877 5679 2,-

299 5679 440 5738 altér
466 5679 542 5737 ἐι
590 5679 839 5737 manusc.
862 5679 1036 5737 habet
1073 5681 1297 5751 φθορᾶς.
1341 5679 1645 5752 Utrumque
1687 5691 1866 5737 tamen

298 5752 697 5824 repudiandum
729 5752 943 5806 videtur
963 5762 1024 5824 ret
1052 5754 1370 5824 mutandum
1401 5754 1454 5807 in
1486 5754 1693 5824 φωρᾶς.
1726 5752 1869 5824 Qum

296 5821 429 5886 vox,
455 5823 908 5893 praestigiatorum
959 5821 1431 5893 investigationem
1471 5821 1737 5893 _el_quas_i
1771 5822 1868 5875 de-

297 5889 717 5963 prehénsioném
740 5890 1027 5963 significat.
1062 5889 1349 5959 Queniodo
1380 5889 1861 5965 legit‘Theodoret.

1976 4715 2100 4781 fuit,
2138 4713 2496 4785 quamobrem
2540 4711 2607 4767 ad
2647 4711 2858 4781 aliquot
2889 4709 3009 4773 dies
3054 4720 3287 4767 mortem
3338 4710 3553 4767 Socrati

1974 4808 2305 4865 distulerint.
2337 4804 2622 4877 Ejusmodi
2652 4819 2976 4875 responsum
3006 4819 3036 4858 a
3071 4805 3376 4860 recentiore
3408 4819 3552 4872 quo-

1972 4902 2121 4965 dam,
2160 4899 2254 4969 qui
2284 4897 2501 4969 longam
2530 4896 2902 4951 maleficorum
2934 4897 3130 4951 seriem
3164 4896 3431 4967 singulari
3485 4895 3553 4949 li-

1971 4994 2072 5049 bro
2104 4992 2297 5056 texuit,
2323 5005 2434 5045 non
2472 4989 2795 5060 producitur
2820 4987 3006 5054 modo,
3037 4988 3129 5043 sed
3196 4989 3360 5042 etiam
3390 5001 3549 5056 pera-

1971 5087 2048 5141 cri
2106 5100 2171 5139 ac
2217 5083 2447 5139 robusta
2496 5079 2869 5150 disputatione
2921 5080 3191 5134 luculente
3252 5080 3547 5133 admodum

1971 5270 2066 5325 lib.
2098 5284 2151 5323 γι
2183 5268 2258 5322 De
2279 5267 2494 5331 Grmcor
2522 5268 2813 5333 affection.,
2841 5281 2895 5333 ρ.
2918 5263 3007 5327 86,
3034 5262 3125 5322 22,
3153 5262 3245 5317 ubi
3269 5264 3337 5333 de
3361 5260 3547 5317 (Eno-

1971 5270 2066 5325 lib.
2098 5284 2151 5323 v1
2183 5269 2258 5322 De
2279 5269 2494 5331 Grmcor
2522 5286 2554 5321 a
2599 5269 2813 5327 estiam,
2841 5281 2895 5333 ρ.
2918 5269 3007 5327 86,
3034 5269 3125 5322 22,
3153 5269 3245 5317 ubi
3269 5269 3336 5316 de
3361 5269 3544 5317 (lino-

1970 5355 2098 5395 mao
2130 5359 2143 5394 :
2177 5339 2290 5392 Καὶ
2326 5338 2389 5391 τὸ
2412 5337 2523 5409 μὲν
2558 5269 3157 5409 ἵύγγραμμα,ηἰιιιιιιίι,
3191 5332 3386 5409 Φωράν
3412 5336 3544 5409 γοή-

1969 5428 2077 5463 των
2105 5409 2377 5479 ὠνόμασε,
2408 5400 2458 5462 id
2490 5400 2593 5472 est;
2625 5400 2692 5479 ἆῤ
2707 5400 3207 5479 ’διιὶιὶη-ἱίίείάξοριιε,
3233 5400 3547 5479 Ρῇῳειίρἱ-

1972 5492 2145 5534 torum
2169 5471 2624 5545 deprehensionem
2650 5475 2941 5545 inscripsit.
2961 5471 3075 5525 Erit
3095 5471 3263 5539 igitur
3285 5473 3397 5545 hic,
3414 5471 3545 5545 γσῆέ

1972 5495 2145 5534 torum
2169 5495 2200 5532 a
2269 5495 2624 5532 renenstonem
2650 5495 2941 5541 Inscripsit.
2961 5495 3075 5525 ιιι-ιι
3097 5495 3263 5539 Igitur
3285 5495 3397 5537 ulc,
3414 5495 3545 5545 γοη-

1967 5562 2076 5605 των
2097 5495 2288 5631 φωρῗὲν
2306 5550 2366 5601 ὲν
2390 5548 2583 5628 οἰκείῳ.
2628 5544 3021 5666 συγγράμᾶματι
3045 5544 3432 5624 πεποιημένος,
3448 5544 3545 5628 qui

1968 5621 2228 5666 necnhan
2250 5618 2387 5666 libro
2405 5625 2860 5666 praestigiatorum
2916 5614 3365 5666 enrehensronem
3381 5623 3541 5666 msu-

1968 5614 2229 5693 peculiari
2249 5618 2397 5693 libro
2405 5614 2860 5693 praestigiatorum
2880 5614 3365 5693 deprehensionem
3381 5614 3541 5693 i_nst_i-

1969 5682 2105 5753 tuit;
2132 5698 2186 5742 et
2212 5703 2332 5758 pag.
2368 5682 2495 5753 ΞΠ),
2525 5682 2879 5758 τόῐκατά-τῆς
2898 5682 3006 5758 τῶν
3026 5683 3236 5758 γοήτων
3256 5684 3465 5758 φωρᾶς,
3483 5685 3541 5738 in

1969 5776 2069 5816 sua
2097 5752 2193 5812 illa
2213 5752 2690 5828 'wastigiatorum
2737 5752 3139 5828 deprehendens
3173 5752 3546 5823 perseduitur,

1967 5840 2101 5900 etp.
2134 5827 2263 5895 254,
2297 5828 2389 5883 ubi
2422 5822 2609 5884 eadem
2637 5838 2761 5894 quae
2787 5822 3182 5878 Theodoretns.
