4162 6418
620 364 728 420 359

1255 368 1521 424 EUSEBII
1561 371 2042 430 CESARIENSIS
2078 376 2228 432 OPP.
2265 379 2445 436 PARS
2483 381 2546 436 II.
2583 413 2651 423 --
2687 385 3186 445 APOLOGETICA.

3752 400 3859 454 suo

624 480 951 548 coarguitur.
977 481 1114 536 Audi
1149 497 1277 553 ergo
1299 498 1408 537 non
1444 499 1639 551 meam,
1672 487 1766 541 sed
1813 488 1958 544 illius
2008 492 2308 549 orationem
2332 511 2593 556 aoversus
2617 504 2821 558 oraculi
2847 504 3012 574 hujus
3038 515 3312 563 auctorem
3347 525 3492 566 num:
3531 512 3584 567 in
3643 528 3858 574 modum

624 570 944 626 invehentis.

1197 661 1422 719 CAPUT
1465 665 1608 721 XIX.

616 769 880 850 Adversus
918 771 1394 850 Apollinem.“un
1427 788 1621 850 septem
1651 781 2006 837 adolescentes
2041 785 2190 850 puel-

687 839 868 918 lasque
899 839 1115 918 totidem
1146 839 1779 918 iuACretamj'ugulandos
1811 853 1874 904 ab
1905 839 2191 907 Athenien-

686 911 829 962 sibus
861 913 1000 964 mitti
1031 913 1262 966 iusserit.

693 1024 863 1092 «Quid
899 1037 1102 1094 autem,
1132 1030 1330 1101 inquit,
1352 1049 1534 1090 nonne
1567 1038 1946 1107 Athenienses,
1977 1041 2191 1098 Andro-

616 1133 715 1188 geo
742 1119 905 1174 caedis
953 1129 1226 1188 auctores,
1259 1139 1323 1179 ac
1368 1137 1588 1198 propter
1616 1145 1735 1184 eam
1771 1134 2077 1201 pestilentia
2110 1134 2190 1188 Ia-

614 1210 890 1273 borantes,
920 1226 1042 1266 sese
1075 1213 1323 1269 criminis
1357 1219 1580 1273 admissi
1616 1224 1880 1289 poenitere
1939 1223 2188 1279 lateban-

614 1298 742 1352 tur?
771 1310 864 1353 aut
893 1301 938 1354 si
969 1317 1037 1355 ne
1074 1301 1127 1356 id
1155 1303 1397 1372 quidem,
1439 1325 1618 1364 nonne
1647 1322 1828 1368 tamen
1854 1316 2036 1369 verius
2060 1316 2184 1380 luit,

615 1389 759 1444 hanc
792 1400 853 1445 ut
883 1392 949 1445 iis
977 1394 1350 1462 paenitentiam
1386 1398 1683 1469 imperares
1710 1445 1728 1470 ,
1781 1421 1945 1476 quam
1981 1421 2039 1462 ut
2083 1409 2187 1464 hoc

613 1484 870 1552 responsi
901 1483 1062 1542 dares
1083 1527 1098 1551 ,

618 1641 751 1719 Tum
781 1659 868 1696 vos
901 1643 1238 1719 dirajames,
1264 1647 1782 1719 atque_inelementia
1816 1652 1978 1719 pestis

617 1713 848 1775 Deseret,
874 1729 936 1765 ac
972 1715 1148 1768 tristes
1187 1713 1372 1769 melior
1401 1717 1541 1771 Deus
1568 1732 1723 1775 exuet
1749 1713 1857 1776 iras
1887 1738 1907 1776 :

613 1782 747 1857 Qum
772 1793 938 1835 vestro
971 1799 998 1836 e
1041 1800 1281 1848 numero,
1313 1786 1622 1856 scelerisque
1649 1790 1862 1857 piacula
1900 1793 2057 1846 vestri
2077 1831 2094 1856 ,

613 1851 744 1930 Quae
777 1868 890 1905 sors
923 1869 1121 1922 cunque
1148 1864 1304 1922 petet,
1337 1873 1429 1930 seu
1452 1851 1582 1930 33qu
1603 1851 1703 1930 seu
1730 1861 1928 1925 femina
1974 1851 2147 1930 cedat,

610 1923 847 1989 Corpora
875 1933 1062 1990 pontus
1089 1933 1203 1993 aget
1234 1927 1411 1996 magni
1440 1925 1641 1982 Minois
1671 1923 1741 1982 ad
1775 1932 1976 1987 urbem.

2221 681 2270 738 Α
2821 683 3211 738 ΚΕΦΔΛΑῘΟΝ
3239 687 3336 739 ΙΘ¹.

2290 793 2445 858 Πρὸς
2476 794 2581 877 τόν·
2626 793 2887 877 Ἀπόλλω
2909 801 3285 877 κελεύσαντα
3325 801 3422 877 δὶς
3445 803 3614 877 sxw
3651 807 3855 877 παῖδάς

2362 880 2423 947 fe
2579 866 2761 947 κιξριζς
2780 871 3292 947 ρξςίαγηςνομένους
3311 865 3715 942 ἐκπέμπεσθαι
3741 865 3856 947 τοῖξ

2358 934 2589 1000 Κρησὶν
2616 935 2733 988 ὑπὸ
2780 934 3119 1004 Ἀθηναίων⁸

2365 1063 2384 1095 ι
2424 1047 2488 1099 Τί
2542 1048 2589 1100 δ’
2634 1051 2734 1102 οὐκ
2788 1051 3077 1122 Ἀθηναῖοι,
3113 1057 3203 1108 τὸν
3248 1057 3574 1129 Ἀνδρόγεων
3606 1061 3863 1116 ἀποκτεί-

2291 1152 2498 1198 ναντες,
2553 1138 2648 1190 καὶ
2691 1138 3053 1209 λοιμώξαντες
3085 1145 3177 1197 ἐπὶ
3199 1146 3390 1216 τούτῳ,
3426 1144 3576 1200 εἷπον
3598 1150 3664 1202 ἂν
3695 1168 3859 1220 μετα-

2259 1229 2466 1302 .νοεῖν;
2523 1227 2555 1297 ἢ
2588 1227 2666 1298 μὴ
2717 1230 2999 1296 λεγόντων,
3039 1234 3099 1286 οὗ
3144 1252 3205 1288 σε
3252 1238 3526 1308 προσῆκον
3558 1235 3627 1309 ἦν
3663 1243 3851 1297 εἰπεῖν.

2289 1323 2620 1386 μετανοεῖτε,
2672 1321 2894 1391 μᾶλλον,
2935 1325 3006 1394 ἡ·

2288 1642 2512 1717 Λοιμοῦ
2537 1642 2849 1717 καὶ-λιμοῦ
2888 1643 3062 1717 τέλος
3088 1645 3353 1717 ἔσσεται,
3383 1646 3462 1716 ἦν
3491 1663 3602 1717 περ
3629 1650 3850 1707 ἑαυτῶν

2287 1714 2509 1788 ξῴμαΐ
2690 1713 2928 1788 Ῠκλῄρου
2948 1715 3260 1788 λᾶρῤεν-καὶ
3284 1713 3438 1784 θῆλὺ
3466 1713 3681 1788 retines

2285 1786 2603 1859 ᾂξένωζὶείς
2627 1783 2745 1859 (ἰζα
2771 1784 2906 1836 δῖαν
2926 1785 3430 1859 ἀποστέᾉιοντες,
3459 1783 3730 1859 ἀμοιϐὴν,

2292 1852 2414 1906 Τῶν
2438 1854 2662 1906 ἀδίκων
2682 1855 2872 1922 ἔργων
2888 1870 2901 1884 ο
2933 1855 3086 1907 οὕτω
3106 1855 3241 1921 θεὸς
3267 1857 3439 1923 ἵλαος
3475 1852 3664 1914 garrit.

608 2030 763 2086 Mitto
787 2031 930 2086 enim
957 2047 1054 2088 vos
1079 2033 1150 2088 ob
1175 2049 1344 2088 unum
1378 2035 1667 2110 Androgeo
1699 2040 1926 2097 Athenis
1979 2042 2167 2098 delun-

2290 2025 2392 2077 Ἐὦ
2418 2025 2527 2096 γάρ
2547 2026 2627 2092 τὸ,
2675 2027 2974 2098 Ἀνδρόγεω
3015 2031 3114 2100 μὲν
3155 2030 3437 2104 Ἀθήνῃσιν
3473 2035 3850 2103 ἀποθανόντες,

608 2131 754 2177 etum
784 2123 1161 2179 vehementius
1217 2129 1584 2193 commoveri,
1617 2137 1697 2185 tot
1727 2132 1848 2187 aliis
1893 2143 1946 2188 et
1977 2135 2180 2205 ubique

607 2214 850 2282 gentium
896 2223 951 2268 et
1001 2215 1247 2284 quotidie
1295 2219 1698 2283 morientibus,
1750 2223 2176 2283 obdormiscere.

605 2304 919 2372 Enimvero,
949 2309 1093 2378 quod
1125 2311 1292 2380 probe
1326 2313 1518 2379 scires,
1550 2313 1792 2371 Minoem
1823 2334 1918 2388 per
1957 2321 2009 2376 id
2040 2331 2177 2377 tem-

605 2412 732 2466 pus,
761 2406 817 2453 et
851 2399 1018 2455 maris
1049 2400 1336 2470 imperium
1369 2413 1571 2468 tenere,
1603 2416 1658 2461 et
1689 2409 1889 2478 ingenti
1913 2421 2178 2482 potestate

605 2488 894 2557 praeditum
925 2505 1065 2555 esse,
1094 2503 1146 2544 et
1173 2492 1242 2546 ab
1276 2495 1530 2548 universa
1558 2495 1765 2554 Graecia
1798 2501 1900 2554 coli
1931 2503 2176 2574 adeoque

603 2581 1042 2636 amantissimum
1068 2583 1340 2652 :equitatis
1371 2601 1434 2640 ac
1463 2587 1827 2656 legislaturem
1863 2595 2129 2662 optimum
2157 2634 2172 2659 ,

603 2672 734 2740 quin
765 2673 926 2727 etiam
963 2673 1032 2728 ab
1070 2673 1305 2731 Homero
1334 2686 1389 2732 et
1425 2680 1603 2748 magni
1659 2679 1809 2737 lovis
1849 2686 2080 2754 socium,
2121 2696 2176 2743 et

603 2762 744 2832 apud
795 2761 998 2818 inferos
1019 2763 1258 2832 judicem
1293 2768 1532 2823 habitum
1565 2786 1628 2825 ac
1645 2772 1991 2841 praedicatum
2017 2791 2171 2832 esse:

601 2853 805 2908 idcirco
837 2853 933 2908 has
974 2854 1070 2908 tibi
1104 2870 1293 2924 poenas
1326 2859 1380 2912 in
1411 2860 1651 2916 hominis
1682 2864 1913 2931 gratiam
1947 2867 2172 2937 exigen-

601 2946 698 3000 das
722 2946 948 3014 putasti.
983 2943 1184 3000 Verum
1210 2948 1313 3003 ista
1340 2964 1559 3020 quoque
1591 2953 1950 3011 nihilominus
2004 2975 2168 3029 quam

596 3051 697 3092 vos
717 3037 822 3107 ipsi
850 3045 1112 3108 praetereo
1147 3058 1162 3093 :
1205 3057 1312 3095 non
1356 3051 1566 3098 tantum
1600 3046 1764 3116 210
1793 3049 1955 3105 caedis
1979 3062 2172 3107 aucto-

597 3129 750 3183 ribus
776 3130 1203 3198 praatermissis,
1264 3132 1581 3191 innocentes
1627 3138 1778 3192 vobis
1831 3153 2040 3196 certum
2099 3143 2165 3197 ad

601 3220 831 3273 exitium
867 3221 1144 3291 ablegatos
1169 3236 1289 3277 esse
1318 3240 1333 3287 ;
1371 3241 1555 3280 verum
1585 3228 1747 3282 etiam
1798 3231 1865 3284 ad
1898 3232 2164 3302 ejusmodi

594 3311 774 3364 virum
807 3313 1104 3382 ablegatos,
1140 3329 1301 3382 quem
1337 3331 1682 3373 communem
1724 3321 2006 3378 hominum
2042 3341 2163 3380 om-

596 3401 748 3456 nium
776 3403 1012 3472 judicem
1049 3419 1234 3459 creare
1263 3411 1600 3476 statueratis,
1639 3412 1733 3480 qui
1767 3421 2038 3469 tamenne
2062 3417 2164 3473 hac

597 3493 818 3561 quidem
876 3494 930 3548 in
971 3510 1138 3550 causa
1204 3512 1388 3552 veram
1431 3503 1751 3556 sententiam
1779 3503 1918 3559 ferre
1953 3509 2163 3576 potuis-

595 3593 700 3639 set.
731 3585 800 3638 At
833 3595 967 3654 quot
1009 3588 1228 3642 tandem
1264 3604 1296 3643 a
1327 3591 1482 3647 vobis
1529 3593 1757 3662 juvenes
1786 3597 2027 3654 Athenas
2065 3615 2161 3655 eo-

594 3692 716 3730 rum
765 3679 817 3731 in
853 3678 1028 3732 locum
1077 3681 1342 3734 summitti
1371 3693 1662 3752 oporteret,
1706 3703 1844 3756 quos
1877 3699 1936 3743 ut
1966 3705 2162 3760 paren-

594 3770 783 3824 taretis
812 3770 1118 3840 Androgeo,
1147 3771 1351 3827 nefarie
1362 3773 1692 3844 jugulastis?
1723 3795 1740 3828 ι
1772 3776 1960 3842 Porro,
1995 3796 2157 3850 quam

2283 2119 2424 2185 ὑμᾶς
2457 2121 2805 2186 ἀγανακτεῖν,
2834 2122 2940 2173 τῶν
2962 2122 3018 2175 δὲ
3050 2124 3316 2177 τοσούτων
3345 2128 3437 2179 καὶ
3468 2131 3799 2200 πανταχόθεν
3822 2145 3849 2173 ι

2281 2208 2374 2260 καὶ
2409 2210 2658 2274 πάντοτε,
2697 2212 2995 2267 καθεύδειν.
3045 2213 3236 2269 Καίτοι
3295 2217 3468 2282 εἰδὼς,
3506 2220 3587 2272 ὃτι
3620 2221 3849 2276 ἐθαλασ-

2283 2300 2535 2370 σοκράτει
2557 2303 2676 2354 τότε
2702 2305 2731 2356 6
2772 2304 2978 2368 Μίνως,
3009 2308 3101 2360 καὶ
3131 2307 3272 2377 μέγα
3313 2308 3554 2372 ἐδύνατο,
3584 2313 3677 2363 καὶ
3702 2315 3850 2368 πᾶσα

2280 2393 2314 2462 ή
2358 2392 2547 2456 Ἑλλὰς
2585 2395 2746 2448 αὐτὸν
2797 2396 3115 2468 ἐθεράπευε,
3165 2399 3260 2452 καὶ
3289 2396 3356 2470 ἦν
3393 2402 3487 2455 καὶ
3521 2402 3609 2456 διὰ
3640 2403 3796 2459 τοῦτο
3819 2405 3848 2446 δ

2277 2481 2639 2548 δικαιότατος,
2677 2486 2771 2538 καὶ
2795 2487 3089 2558 νομοθέτης
3109 2489 3336 2556 ἀγαθὸς,
3361 2491 3453 2543 καὶ
3491 2490 3711 2563 Ὁμήρῳ
3732 2493 3849 2546 ἐδό-

2277 2590 2362 2626 κει
2393 2573 2514 2637 Διὸς
2561 2577 2796 2644 μεγάλου
2827 2573 2964 2632 εἶναι
2997 2579 3273 2650 ὀαριστής,
3311 2582 3404 2634 καὶ⁵
3447 2582 3752 2649 ἀποθανὼν,
3789 2587 3848 2637 ἐν

2277 2663 2402 2734 ᾅδου
2427 2664 2685 2737 δικαστής
2705 2684 2718 2696 ·
2750 2667 2842 2721 καὶ
2878 2670 2941 2720 σὺ
2977 2670 3062 2722 διὰ
3099 2670 3243 2724 τοῦθ’
3277 2671 3414 2742 ὑπὲρ
3439 2671 3604 2725 αὑτοῦ
3635 2674 3733 2737 τάς
3768 2675 3843 2728 δί-

2277 2774 2378 2820 κας
2401 2758 2601 2821 ταύτας
2644 2760 3023 2831 εἰσεπράττου.
3065 2762 3225 2818 Ἀλλὰ
3263 2765 3579 2834 παραλείπω
3602 2784 3665 2834 γε
3692 2767 3842 2820 οὐδὲν

2274 2845 2435 2920 ἦττον
2472 2853 2643 2907 ταῦτα
2685 2855 2839 2925 ὑμῶν
2866 2873 2878 2885 ο
2909 2859 3001 2910 καί
3043 2858 3150 2923 ὅτι,
3194 2858 3319 2922 τοὺς
3348 2863 3523 2928 φονεῖς
3561 2862 3840 2926 ἐάσαντες,

2271 2945 2399 3008 τοὺς
2430 2946 2582 2999 οὐδὲν
2626 2947 2831 3010 αἰτίους
2885 2947 3120 3018 πέμπειν
3158 2950 3433 3004 ἐκελεύετε
3462 2951 3840 3024 ἀποθανουμέ-

2272 3054 2395 3102 νους
2416 3055 2429 3068 ·
2463 3041 2556 3093 καὶ
2584 3041 2723 3094 τοῦτ’
2750 3043 2836 3094 ἐπ’
2863 3043 3051 3115 ἄνδρα,
3098 3044 3156 3097 δν
3189 3044 3562 3099 ἀναδεικνύναι
3590 3047 3842 3116 ἐμέλλετε

2271 3131 2446 3184 κοινὸν
2491 3133 2794 3204 ἀνθρώπων
2832 3136 3109 3206 δικαστὴν,
3145 3136 3203 3200 ὃς
3231 3137 3338 3189 οὐδ’
3375 3137 3505 3190 αὐτὸ
3527 3137 3686 3191 τοῦτο
3716 3139 3844 3209 ἡπί-

2271 3237 2434 3275 στατο
2449 3222 2684 3277 δικάσαι.
2715 3224 2902 3280 Καίτοι
2930 3229 3128 3290 πόσους
3164 3228 3320 3299 ὑμεῖς
3343 3230 3392 3280 οί
3429 3228 3540 3282 θεοὶ
3573 3230 3694 3283 ἀντὶ
3720 3230 3843 3284 τού-

2268 3331 2376 3367 των
2401 3317 2510 3368 τῶν
2552 3318 2731 3388 κορῶν
2764 3329 2789 3359 °
2833 3319 3028 3372 δίκαιοι
3068 3320 3305 3390 πέμπειν
3345 3322 3466 3374 ἐστέ
3517 3321 3839 3394 Ἀθηναίοις,

2269 3407 2361 3471 οὒς
2384 3408 2581 3474 ἀδίκως
2608 3411 2748 3482 ὑπὲρ
2796 3412 3090 3483 Ἀνδρόγεω
3118 3411 3469 3466 ἀπεκτείνατε
3491 3429 3504 3476 ;
3529 3432 3548 3463 ι
3585 3413 3642 3468 '0
3673 3414 3717 3468 δ’
3742 3416 3840 3469 αὐ-

2267 3499 2358 3563 τὸς
2389 3498 2540 3565 οὗτος
2580 3506 2948 3574 συγγραφεὺς,
2992 3506 3211 3569 ὁπόσοις
3245 3507 3272 3559 6
3323 3505 3590 3561 Ἀπόλλων
3623 3506 3710 3561 διά
3739 3508 3838 3578 τῆς

2266 3593 2374 3647 τῶν
2403 3597 2664 3667 χρησμῶν
2683 3597 3010 3666 ἀμφιϐολίας
3039 3599 3267 3653 θανάτου
3295 3601 3462 3664 αῖτιος
3492 3599 3703 3667 γέγονε,
3737 3598 3836 3669 τήν

2267 3683 2410 3753 ἀμφὶ
2439 3687 2563 3749 τοὺς
2608 3687 2980 3760 Ἡρακλείδας,
3016 3688 3299 3743 ἀναλαϐὼν
3325 3688 3583 3760 ἱστορίαν,
3624 3685 3836 3739 εὐθύνει

2267 3783 2438 3852 λέγων
2480 3785 2671 3847 οὕτως.

596 3861 784 3916 multis
813 3863 1008 3930 Apollo
1031 3878 1420 3933 responsorum
1452 3870 1806 3940 ambiguitate
1866 3889 2054 3930 necem
2105 3879 2369 3946 attulerit,
2406 3883 2662 3952 replicata
2691 3880 3098 3936 IIeraclidarum
3137 3876 3388 3939 historia,
3420 3875 3561 3930 idem
3600 3872 3835 3944 scriptor

595 3955 840 4021 sequenti
864 3955 1109 4010 oratione
1135 3959 1396 4028 coarguit.

1185 4069 1412 4126 CAPUT
1461 4072 1579 4130 XX.

688 4177 941 4236 Pluribus
981 4183 1278 4264 Anollittem
1317 4203 1685 4264 responsorum
1711 4194 2059 4264 ambiguitate

1077 4257 1260 4308 mortis
1289 4273 1502 4311 causam
1526 4260 1708 4329 fuisse.

662 4379 681 4412 ι
721 4363 786 4416 Ει
813 4368 1092 4434 quoniam,
1145 4367 1340 4438 inquit,
1373 4371 1515 4428 hanc
1541 4376 1702 4429 semel
1729 4375 2007 4448 attigimus
2038 4379 2152 4435 dis-

2787 4080 3178 4137 ΚΕΦΑΛΑΙΟΝ
3211 4080 3296 4133 Κ’.

2271 4201 2363 4266 Ὠς
2387 4196 2634 4271 πομῷν
2668 4195 2934 4271 pararat)
2983 4193 3492 4271 remreualttoc‘d.
3527 4190 3836 4244 Ἁπόλλων

2495 4268 2592 4321 διὰ
2623 4265 2730 4335 τῆς
2752 4264 2868 4318 τῶν
2897 4262 3181 4333 χρησμῶν
3209 4262 3583 4332 ἀμφιϐολίας.

2333 4405 2353 4438 ι
2402 4385 2553 4440 Ἐπεὶ
2576 4384 2633 4437 δέ
2662 4399 2774 4445 πως
2795 4380 3142 4451 ἐπεμνήσθην
3167 4378 3316 4432 τοῦδε
3345 4377 3437 4431 τοῦ
3469 4378 3649 4445 λόγου,
3667 4375 3831 4448 φέρε,

585 4457 941 4525 putationem,
961 4473 1079 4527 age,
1111 4460 1218 4515 huc
1233 4477 1452 4531 quoque
1480 4473 1809 4534 spectantem
1837 4467 2120 4526 Heraclida
2139 4501 2154 4512 -

2268 4479 2325 4533 τά
2348 4477 2656 4547 καθήκοντα
2673 4473 2863 4527 διέλθω
2882 4470 2974 4524 τοῦ
2997 4470 3135 4525 κατὰ
3168 4471 3292 4533 τοὺς
3330 4468 3680 4540 Ἡρακλείδας
3708 4468 3835 4539 διη-

586 4567 707 4606 rum
727 4553 1006 4608 historiam
1028 4571 1434 4626 persequemur.
1455 4558 1524 4615 Iis
1547 4562 1690 4615 enim
1712 4578 1834 4617 cum
1857 4565 2150 4635 aliquando

2268 4573 2517 4643 γήματος.
2583 4563 2740 4622 Οὗτοι
2801 4566 2907 4638 γάρ
2965 4565 3084 4617 ποθ’
3141 4563 3458 4635 ὡρμημένοι
3532 4561 3672 4617 κατά
3731 4563 3836 4617 τὸν

581 4658 681 4718 per
702 4643 963 4699 Isthmum
1004 4649 1056 4700 in
1084 4645 1514 4717 Peloponnesum
1545 4653 1847 4723 irrumpere
1873 4657 2149 4711 molienti-

580 4734 707 4801 bus,
739 4734 941 4791 frustra
979 4748 1206 4793 conatus
1241 4740 1503 4810 laborque
1537 4744 1816 4810 cessisset,
1848 4747 2151 4802 Aristoma-

580 4825 719 4880 chus
747 4826 942 4881 Aridaai
967 4827 1129 4895 ﬁlius,
1177 4831 1320 4900 quod
1373 4843 1525 4901 pater
1560 4835 1613 4887 in
1642 4835 1827 4890 eadem
1857 4836 2152 4908 irruptione

578 4918 891 4982 occidisset,
925 4920 990 4972 ad
1021 4930 1073 4975 te
1102 4923 1250 4976 venit
1281 4922 1347 4976 de
1378 4925 1729 4993 suscipiendo
1763 4927 1958 4983 itinere
2013 4945 2144 4984 con-

574 5009 822 5066 sulturus
847 5027 859 5063 :
889 5009 1078 5064 eadem
1103 5011 1269 5077 enim,
1296 5028 1400 5085 qua
1429 5022 1581 5081 pater
1612 5025 1737 5069 ante
1791 5030 1945 5082 suus,
1992 5018 2145 5087 cupi-

573 5098 742 5153 ditate
771 5099 1072 5154 tenebatur.
1105 5098 1218 5156 Hoc
1250 5113 1430 5156 autem
1474 5104 1571 5157 abs
1598 5112 1648 5157 te
1678 5107 1924 5176 responsi
1956 5108 2103 5174 tulit,

572 5206 680 5262 Per
703 5208 933 5279 liquidas
966 5210 1144 5279 fauces
1185 5213 1418 5281 palmam
1446 5213 1540 5266 tibi
1567 5216 1784 5269 numina
1817 5227 2131 5273 monstrant.

572 5317 625 5376 Is
648 5337 777 5375 vero
807 5337 902 5392 per
958 5321 1224 5378 Isthmum
1290 5325 1540 5380 similiter
1581 5326 1882 5396 irruptione
1915 5338 2138 5397 tentata,

572 5415 865 5483 pugnando
897 5415 1169 5472 occubuit.
1205 5415 1343 5470 Tum
1379 5416 1562 5471 infelix
1597 5416 1866 5473 Temenus
1897 5420 2139 5490 ejusdem

571 5505 718 5559 ﬁlius
767 5521 832 5560 eo
881 5508 1244 5574 proficiscitur
1273 5548 1287 5571 ,
1344 5524 1409 5563 ex
1473 5508 1936 5579 infortunatorum
1973 5513 2140 5582 stirpe

572 5597 784 5660 tertius,
809 5597 900 5666 qui
923 5598 1016 5651 tibi
1045 5599 1230 5652 eadem
1262 5615 1382 5667 quae
1408 5600 1790 5656 Aristomacho
1811 5605 1948 5672 patri
1977 5619 2129 5672 spon-

641 5807 667 5840 ι
705 5816 788 5865 ππ.
825 5801 1138 5868 πανταχόθι.
1216 5801 1245 5842 ιο
1286 5799 1372 5853 lo‘.
1410 5800 1501 5853 ἐπὶ
1533 5801 1724 5869 τούτῳ.
1802 5812 1822 5840 ε
1867 5801 1951 5854 lc.
1988 5800 2217 5868 κούρων.

2267 4660 2498 4731 Ἰσθμὸν,
2547 4657 2815 4711 εἰσὸαλεῖν
2867 4657 2947 4718 είς
2999 4655 3437 4724 Πελοπόννησον,
3485 4653 3828 4725 ἐσφάλησαν.

2265 4753 2650 4825 Ἀριστόμαχος
2677 4748 2768 4804 οὖν
2821 4751 2849 4802 6
2888 4749 3175 4819 Ἀριδαίου,
3221 4746 3437 4799 ἐπειδὰν
3477 4749 3506 4800 6
3558 4745 3831 4818 Ἀριδαῖος

2251 4847 2527 4918 ἐτεθνήκει
2555 4846 2613 4898 ἐν
2636 4846 2702 4914 τῇ
2749 4841 2986 4912 εἰσϐολῇ,
3023 4841 3237 4911 ἔρχεται
3274 4840 3636 4910 ἀκουσόμενος
3671 4839 3837 4908 παρὰ

2253 4938 2347 4992 σοῦ
2380 4937 2506 5008 περὶ
2533 4936 2629 5005 τῆς
2650 4933 2768 4988 ὁδοῦ
2791 4951 2805 4964 ο
2846 4932 3106 5002 ἐπεθύμει
3130 4929 3185 4983 δὲ
3215 4929 3402 5002 ὥσπερ
3432 4930 3526 4983 καὶ
3557 4931 3585 4982 6
3611 4928 3829 5001 πατήρ.

2251 5031 2322 5084 Σὺ
2348 5029 2392 5082 δ’
2417 5027 2564 5098 αὐτῷ
2591 5027 2765 5096 λέγεις
2782 5042 2796 5056 ⁸

2242 5221 2432 5288 Νίκην
2456 5231 2554 5274 σοι
2581 5220 2865 5288 φαίνουσι
2887 5217 3004 5272 θεοὶ
3030 5216 3104 5270 δι’
3127 5215 3286 5270 ὁδοῖο
3309 5216 3668 5285 στενύῃρων.

2242 5335 2351 5387 Καὶ
2383 5333 2442 5397 δς
2481 5334 2620 5386 κατά
2666 5332 2756 5385 τὸν
2803 5331 3013 5402 Ἰσθμὸν
3055 5330 3312 5400 ὥρμησεν
3349 5331 3664 5400 ἐπιχειρεῖν,
3714 5330 3825 5384 καὶ

2243 5426 2390 5496 μάχῃ
2422 5426 2661 5496 τελευτᾷ.
2695 5424 2892 5477 Τούτου
2918 5422 2972 5475 δὲ
3000 5423 3110 5486 υἱὸς
3139 5421 3213 5474 ὢν
3237 5425 3266 5476 ὁ
3286 5424 3527 5494 Τήμενος
3552 5419 3818 5474 κακοδαί-

2243 5532 2378 5583 μων,
2400 5509 2531 5584 ἦκεν
2559 5517 2622 5566 ὲκ
2666 5513 3068 5582 κακοδαιμόνων
3093 5513 3270 5580 τρίτος
3288 5529 3300 5542 ·
3327 5513 3390 5564 σὺ
3411 5511 3454 5564 δ’
3486 5509 3632 5579 αὑτῷ
3662 5525 3820 5562 mo-

2239 5607 2472 5677 εγγυᾷς,
2525 5605 2559 5660 ἃ
2610 5607 2705 5660 καὶ
2772 5606 3147 5676 Ἀριστομάχῳ
3183 5603 3260 5673 τῷ
3304 5603 3490 5674 πατρὶ,
3563 5601 3655 5654 καὶ
3706 5599 3828 5658 ὅσα
