4162 6444
398 342 494 397 361

1552 337 1883 394 ‘PllASP.-\R.
1925 340 2179 396 EVANG.
2236 338 2367 393 UB.
2395 336 2465 392 Ὗ.

3535 349 3638 403 362

385 456 539 510 ἄλλα.
580 452 846 517 Κάκεῖνὸς
886 471 986 518 σοι,
1022 454 1126 525 ἔφη
1176 452 1330 523 (Μ’),
1382 450 1645 514 πεισθεὶς,
1697 452 1962 506 ἀπέθανεν

2069 452 2215 506 denti
2272 451 2587 513 obsecutus,
2646 448 2813 503 simili
2857 466 3095 522 quoque,
3148 452 3280 508 dum
3322 454 3637 527 irrumpere

387 550 445 601 ὲν
504 549 571 618 τῇ
624 547 860 618 εἰσϐολῇ.
911 549 1019 601 Καὶ
1058 550 1123 603 σὺ
1166 548 1332 619 ἔφης·
1371 547 1444 600 Οὐ
1491 546 1632 599 κατά
1666 546 1769 616 γῆν
1820 547 1962 614 λέγω

390 640 707 711 στενυγρὴν,
768 640 901 695 ἀλλὰ
950 639 1093 693 κατὰ
1127 639 1225 710 τὴν
1257 637 1654 709 εὐρυγάστορα.
1711 638 1962 691 Ἐπειδὰν

387 731 623 802 χαλεπὸν
649 728 714 802 ἦν
747 734 920 786 εἰπεῖν
960 732 1102 787 κατά
1143 731 1242 803 τὴν
1284 731 1581 796 θάλασσαν,
1604 731 1853 794 κάκεῖνος
1875 730 1962 801 ᾔει

388 822 529 876 κατὰ
560 822 656 894 τὴν
684 823 976 889 θάλασσαν,
1017 824 1173 888 δόξαν
1201 824 1502 894 ἐμποιήσας
1515 835 1565 885 ι,
1595 822 1678 876 ὃτι
1703 822 1840 876 κατὰ
1859 822 1963 891 γῆν

389 916 566 981 είσίοι,
604 915 701 968 καὶ
727 916 889 986 μέσον
935 916 1413 988 στρατοπεδεύεται
1447 913 1712 968 ναυϐάτου
1748 915 1841 967 καὶ
1872 930 1963 967 το·-

389 1008 573 1072 παίου,
628 1009 721 1062 καὶ
770 1008 1095 1066 διακοντίζει
1135 1009 1348 1080 Κάρνον
1397 1008 1630 1078 ἱππότην
1655 1006 1960 1078 Φυλάνδρου

387 1098 479 1152 τὸν
525 1098 791 1153 Αἰτωλόν·
837 1094 917 1165 εὖ,
968 1100 1090 1170 ἐμοὶ
1144 1099 1303 1163 δοκεῖ,
1357 1096 1546 1152 ποιῶν.
1596 1098 1706 1150 Καὶ
1744 1095 1963 1150 ἐπειδὰν

391 1186 725 1259 συνεκύρησε
763 1188 916 1252 νόσος
959 1189 1182 1261 πλησία,
1223 1189 1316 1242 καὶ
1348 1186 1617 1241 ἀπέθανεν
1655 1186 1965 1258 Ἀριστόδη-

390 1294 512 1350 μος,
529 1278 689 1331 πάλιν
721 1278 1116 1350 ἐπανεχώρουν,
1152 1279 1245 1333 καὶ
1280 1280 1309 1332 6
1348 1279 1593 1349 Τήμενος
1647 1276 1816 1330 ἐλθὼν
1861 1278 1967 1331 ἀπ-

387 1369 669 1440 εμέμφετο
686 1374 753 1442 τῇ
796 1372 1065 1442 ἀποτυχίᾳ
1084 1388 1096 1401 ’
1129 1371 1223 1424 acati.
1258 1372 1509 1441 ήκουσεν,
1536 1369 1618 1422 ὅτι
1646 1367 1836 1439 ποινὴν
1871 1369 1966 1422 ἀν-

382 1460 628 1530 εμάξατο
667 1462 760 1515 τοῦ
793 1463 937 1516 θείου
988 1463 1244 1533 ἀγγέλου,
1280 1463 1373 1515 καὶ
1410 1462 1470 1515 τὸ
1500 1462 1640 1533 ὑπὲρ
1675 1463 1773 1532 τῆς
1800 1463 1963 1533 εὐχῆς

281 1579 291 1587 -
398 1551 691 1606 Ἀπόλλωνι
742 1554 966 1626 Καρνίῳ
1036 1555 1246 1627 ποίημα
1296 1554 1357 1608 τὸ
1416 1554 1505 1608 διά
1563 1552 1658 1608 τοῦ
1700 1553 1959 1626 χρησμοῦ

388 1642 544 1714 λέγον
576 1664 591 1677 ο

2072 543 2285 608 nititur,
2325 550 2500 596 morte
2534 541 2692 611 perit.
2734 539 2834 596 Hic
2857 550 2937 609 tu,
2973 541 3091 597 Non
3142 559 3239 614 per
3266 553 3489 613 terram,
3547 548 3638 601 in-

2072 635 2217 705 quis,
2246 644 2533 704 angusmm
2569 633 2956 704 humidamque
2987 635 3138 701 dico,
3169 637 3261 691 sed
3288 651 3383 705 per
3411 637 3518 692 late
3540 654 3640 707 pa-

2072 736 2191 782 tens
2220 743 2392 781 mare.
2430 726 2700 792 Quoniam
2730 727 3017 781 molestum
3044 736 3183 791 erat,
3214 742 3309 797 per
3356 744 3507 782 mare
3536 744 3634 784 no-

2070 818 2321 872 minatim
2348 818 2547 883 dicere,
2585 817 2743 888 idque
2776 818 2823 874 si
2854 818 3083 884 diceres,
3117 817 3360 872 futurum
3415 818 3639 874 videbas

2073 910 2150 963 uti
2191 909 2522 963 maritimum
2550 911 2650 963 iter
2678 909 2771 964 ille
2801 910 3134 980 susciperet;
3160 909 3301 963 hanc
3323 909 3372 963 ei
3399 918 3638 963 mentem

2070 1001 2329 1071 injecisti,
2376 1010 2436 1056 ιιι
2478 1003 2725 1058 terrestri
2775 1003 2969 1057 itinere
3021 1004 3123 1058 sibi
3178 1002 3635 1072 proﬁciscendum

2069 1101 2304 1162 putaret.
2334 1091 2519 1161 Itaque
2548 1104 2768 1146 nautam
2790 1097 2931 1147 inter
2956 1109 3020 1148 ac
3049 1102 3359 1148 terrestrem
3402 1093 3634 1157 medius,

2070 1197 2252 1240 castra
2312 1193 2567 1250 metatur,
2621 1194 2676 1239 et
2705 1186 2944 1239 Carnum
2982 1184 3218 1254 equitem
3255 1183 3497 1238 Ailtolum
3546 1198 3639 1252 ge-

2072 1289 2223 1341 nere,
2254 1273 2552 1345 Phylandri
2590 1274 2759 1328 ﬁlium
2780 1274 2965 1343 jaculo
2992 1273 3212 1342 trajicit.
3249 1271 3363 1327 Nec
3412 1272 3637 1342 injuria,

2072 1376 2131 1421 ut
2187 1365 2321 1419 mihi
2361 1365 2580 1434 quidem
2612 1365 2843 1419 videtur.
2897 1364 3036 1419 Cum
3088 1373 3269 1419 autem
3317 1365 3638 1432 repentinus

2070 1455 2332 1509 continuo
2347 1454 2571 1508 morbus
2598 1454 2912 1525 ingruisset,
2941 1471 3114 1525 eoque
3140 1456 3389 1510 sublatus
3419 1454 3639 1510 Aristo-

2070 1551 2263 1602 demus
2294 1546 2507 1613 fuisset,
2561 1548 2739 1617 iisque
2776 1558 3064 1618 propterea
3095 1547 3336 1603 reversis
3367 1588 3383 1615 ,
3441 1549 3639 1602 iterum

2073 1642 2346 1697 Temenus
2376 1641 2441 1696 de
2464 1642 2661 1698 infesto
2703 1659 2834 1698 casu
2884 1650 3221 1712 quereretur,
3278 1642 3383 1699 hoc
3410 1657 3642 1711 respon-

386 1755 509 1795 sum
536 1738 765 1808 accepit,
806 1752 901 1793 eas
935 1737 1032 1792 abs
1061 1752 1181 1793 sese
1225 1739 1298 1794 ob
1327 1740 1710 1810 interemptum
1752 1737 2008 1793 nuntium
2045 1734 2289 1790 divinum
2320 1748 2519 1803 poenas
2553 1737 2814 1805 expetitas
2875 1734 3084 1802 fuisse;
3127 1735 3398 1807 simulque
3419 1749 3641 1791 carmen

378 1831 613 1896 audivit,
631 1838 944 1901 quovotum
959 1830 1195 1900 Apollini
1210 1830 1411 1885 Carnio
1451 1844 1770 1900 nuncupare
1806 1826 2081 1897 conceptis
2122 1824 2280 1893 211
2356 1824 2562 1879 oraculi
2594 1826 2776 1880 verbis
2809 1824 3125 1894 jubebatur,

387 1949 668 2019 Ἄγγελον
697 1946 985 2016 ἡμέτερον
1009 1948 1246 2014 κτείνας
1273 1946 1575 2017 ἀνεμάξαο
1599 1945 1839 2014 ποινήν.

386 2061 455 2116 Τί
484 2055 598 2125 οὖν,
631 2061 794 2133 φησὶν
822 2063 850 2114 6
872 2062 1151 2134 Τήμενος;
1176 2062 1229 2116 τί
1252 2061 1357 2133 χρὴ
1394 2061 1600 2127 ποιεῖν;
1630 2060 1727 2114 καὶ
1750 2058 1875 2124 ’πῶς
1900 2058 1966 2114 ἂν

389 2151 571 2206 ἱλασαί
579 2168 684 2223 μην
711 2153 854 2224 ὑμᾶς
873 2170 890 2220 ;

382 2349 582 2423 Εὕχεο
606 2350 835 2424 Καρνῖῳ
870 2350 1097 2410 τελέειν
1126 2354 1308 2421 σέϐας
1340 2354 1682 2410 Ἀπόλλωνι.

378 2456 461 2520 ”⁷Ω
507 2467 815 2541 μιαρώτατε
858 2470 955 2523 καὶ
1000 2467 1448 2540 ἀναισχυντότατε
1492 2469 1673 2540 μάντι.
1721 2463 1841 2523 Εῖτ’
1864 2466 1965 2522 οὐκ

384 2556 676 2629 ἠπίστασο,
718 2563 800 2615 ὅτι
840 2561 1267 2633 διαμαρτήσεται
1308 2560 1407 2632 τῆς
1449 2559 1751 2632 στενυγρῆς
1794 2561 1824 2614 6
1864 2559 1965 2633 τὴν

376 2652 686 2722 νστενυγρὴν
718 2651 984 2717 ἀκούσαςς
1026 2650 1163 2704 Ἀλλ’
1209 2652 1358 2706 οὐδὲν
1395 2645 1558 2723 ἦττον
1602 2650 1964 2723 ἐπιστάμενος

385 2744 545 2813 Χρᾷςν
591 2741 778 2796 ἔπειτα
825 2744 1086 2815 περιορᾷς
1125 2742 1575 2816 διαμαρτάνοντα.
1615 2743 1751 2797 Ἀλλ’
1797 2744 1965 2816 ἀμφί-

385 2830 542 2898 ϐολος
572 2833 607 2905 ἡ
646 2833 930 2906 στενυγρὴ,
980 2835 1127 2899 ὅπως
1164 2837 1449 2907 νικήσαντι
1481 2835 1581 2906 μὲν
1627 2836 1799 2900 αἴτιος
1823 2831 1962 2891 εἶναι

378 2923 551 2996 ’δοκῇς
581 2925 759 2997 νίκης,
789 2924 1074 2998 ἡττηθέντι
1107 2927 1163 2979 δὲ
1196 2927 1362 2998 μηδὲν
1404 2926 1575 2991 αἴτιος
1601 2922 1736 2981 εἶναι
1771 2928 1961 2998 ἥττης,

383 3007 516 3089 ἔχῃς
541 3012 599 3070 δὲ
629 3018 928 3086 ἀποφυγεῖν
956 3017 1049 3070 ἐπὶ
1089 3016 1187 3089 τὴν
1226 3018 1617 3090 εὐρυγάστορα.
1667 3018 1804 3071 Ἀλλ’
1830 3013 1964 3090 ἧκεν

384 3105 672 3179 ἄνθρωπος
717 3107 809 3160 ἐπὶ
854 3107 955 3179 τὴν
1001 3108 1399 3181 εὐρυγάστορα,
1458 3109 1552 3163 καὶ
1602 3108 1702 3163 οὐκ
1752 3108 1961 3181 ἔτυχεν.

385 3195 628 3272 Εὕρηται
668 3200 830 3255 πάλιν
858 3203 939 3265 είς
983 3202 1292 3274 ἀποφυγὴν,
1324 3201 1538 3274 Κάρνος
1569 3199 1799 3270 ἄγγελος
1826 3202 1964 3255 ἀπο-

1994 1935 2043 1996 Β
2068 1942 2254 2014 Legati
2283 1943 2378 1997 has
2409 1944 2577 1998 nostri
2603 1944 2760 1998 solvis
2790 1959 2885 2013 pro
2928 1944 3182 2013 sanguine
3206 1959 3405 2014 partas.

2075 2057 2219 2126 Quid
2265 2072 2395 2128 ergo
2433 2072 2640 2123 rerum,
2674 2057 2857 2127 inquit
2892 2055 3201 2125 Temenus,
3250 2058 3368 2113 ﬁeri
3406 2057 3506 2114 abs
3548 2074 3641 2114 me

2078 2150 2317 2221 oportet?
2346 2158 2442 2205 aut
2471 2165 2579 2220 qua
2608 2158 2844 2205 vestram
2874 2148 3233 2206 otfensionem
3269 2151 3481 2207 ratione
3504 2165 3638 2222 pro-

2070 2238 2309 2297 curabo?

2071 2354 2270 2411 Carnio
2299 2352 2522 2425 supplex
2552 2349 2748 2410 Phwa
2776 2370 2930 2410 sacra
2960 2357 3173 2427 concipe
3199 2367 3338 2413 vota.
3364 2346 3372 2353 ’

2071 2466 2214 2536 Quid
2266 2476 2324 2523 tu
2389 2475 2564 2534 vates,
2613 2467 2998 2526 scelestissime
3030 2481 3193 2541 atque
3233 2471 3640 2542 impudentissi-

2073 2560 2190 2616 me?
2211 2557 2524 2625 Nesciebas,
2548 2576 2670 2616 cum
2703 2573 2947 2634 angustae
2971 2564 3179 2620 semitae
3204 2580 3415 2637 nomen,
3431 2564 3639 2619 audiis—

2069 2662 2174 2721 set,
2232 2653 2477 2709 futurum
2515 2662 2575 2709 ut
2599 2654 2653 2709 in
2693 2656 2812 2726 ejus
2851 2657 3062 2713 delectu
3107 2657 3419 2713 aberraret?
3454 2656 3537 2713 Tu
3578 2658 3639 2713 id

2070 2753 2253 2801 tamen
2284 2746 2452 2816 probe
2481 2746 2659 2802 sciens
2684 2747 2792 2802 hoc
2820 2748 3070 2816 responsi
3103 2747 3235 2804 dare
3263 2763 3373 2803 non
3405 2748 3635 2817 desinis,

2070 2855 2309 2910 eumque
2341 2839 2451 2894 falli
2488 2847 2677 2909 postea
2708 2849 2763 2895 et
2789 2840 3047 2896 aberrare
3074 2842 3229 2897 sinis.
3254 2841 3323 2896 At
3352 2841 3636 2906 nimirum,

2071 2931 2326 3002 ambigua
2355 2918 2513 2986 callis
2542 2931 2760 3001 angusti
2794 2946 2929 2986 voce
2954 2932 3059 2988 hoc
3103 2932 3442 3003 sequebaris,
3485 2941 3547 2989 ut
3587 2935 3637 2990 si

2069 3021 2335 3086 vinceret,
2370 3021 2614 3075 victoriae
2644 3029 2836 3075 auctor
2865 3021 3162 3082 haberere;
3193 3021 3277 3078 sin
3306 3022 3654 3092 vinceretur,

2069 3127 2295 3167 causam
2346 3111 2511 3182 hujus
2560 3105 2731 3167 cladis
2790 3112 2997 3167 nullam
3050 3114 3370 3180 sustineres,
3407 3114 3539 3170 dum
3569 3116 3639 3169 ad

2069 3201 2179 3257 late
2218 3204 2454 3273 patentis
2485 3202 2656 3257 maris
2716 3202 3225 3274 interpretationem
3286 3205 3634 3278 confugeres.

388 3287 580 3346 θανών.
625 3292 816 3346 Καίτοι
863 3293 1002 3355 πῶς,
1032 3287 1077 3346 ὧ
1106 3294 1385 3366 κράτιστε,
1426 3294 1455 3346 6
1497 3292 1792 3364 κηδόμενος
1824 3291 1962 3347 οὓτω

2073 3294 2270 3351 Verum
2313 3303 2367 3350 et
2410 3295 2590 3351 isthuc
2612 3310 2831 3366 quoque
2872 3296 2980 3352 late
3022 3307 3215 3368 patens
3251 3313 3401 3353 mare
3445 3299 3636 3368 subiit,

384 3383 481 3439 τοῦ
509 3385 745 3458 Κάρνου,
776 3384 955 3448 ἄλλοις
984 3386 1079 3456 μὲν
1102 3383 1262 3441 αὐτὸν
1292 3383 1665 3456 θεοφορεῖσθαι
1694 3382 1960 3450 ἐκέλευες,

384 3478 566 3550 ἑαυτῷ
592 3480 649 3532 δὲ
688 3478 779 3543 ob;
814 3480 908 3532 καὶ
933 3478 1050 3532 δέον
1084 3477 1278 3543 σώζειν
1320 3478 1414 3531 ἕνα
1441 3477 1571 3531 ὄντα
1601 3478 1836 3548 Κάρνον,
1862 3478 1961 3531 αὐ-

383 3571 477 3627 τόν
503 3588 563 3625 τε
596 3573 884 3644 περιεῖδες,
918 3572 1013 3626 καὶ
1047 3570 1428 3626 ὲναποθανόντι
1474 3566 1622 3641 αὐτῷ
1660 3570 1963 3641 Ὁμηρικὴν

386 3663 540 3718 νόσον
564 3663 813 3727 ἐνέϐαλες
829 3664 857 3703 b
880 3666 963 3727 είς
984 3664 1044 3716 τὸ
1065 3663 1287 3733 πλῆθος,
1306 3664 1399 3717 καὶ¹
1417 3662 1580 3733 εὐχὰς
1599 3665 1691 3716 ἐπὶ
1726 3665 1793 3735 τῇ
1823 3662 1962 3733 νόσῳ

384 3754 620 3825 ἀφηγοῢς
642 3755 705 3807 Εἰ
729 3754 773 3806 δ’
792 3754 1079 3825 εὐχόμενος
1095 3755 1244 3809 οὐδὲν
1271 3755 1452 3826 ἤνυεν,
1472 3752 1601 3808 ἄλλο
1619 3772 1672 3807 τι
1704 3753 1768 3807 ἀν
1805 3749 1961 3818 eges-

384 3863 520 3918 ρητο
536 3847 666 3910 ἄκος
679 3847 757 3917 τῷ
771 3846 848 3917 σῷ
865 3847 1172 3918 σοφίσματι,
1196 3847 1290 3901 καὶ
1309 3846 1550 3901 οὐδέποτ’
1587 3848 1653 3901 ἂν
1674 3847 1897 3919 ὲλήξατε
1913 3849 1960 3901 oi

384 3938 488 4008 μὲν
515 3936 847 4009 ἐρωτῶντες,
874 3937 939 3989 σὺ
968 3934 1033 3989 δὲ
1069 3937 1449 4006 σοφιζόμενος·
1495 3937 1582 3989 ἵνα
1631 3938 1724 3989 καὶ
1768 3935 1961 3989 νικῶσι

384 4030 481 4084 καὶ
530 4029 863 4100 ἡττωμένοις
906 4024 973 4100 ᾖς
1024 4027 1309 4098 ἀφώρατος
1367 4026 1707 4099 κακουργῶν.
1757 4027 1962 4081 Ἱκανὸν

385 4121 496 4194 γὰρ
520 4121 580 4174 τδ
619 4120 788 4183 πάθος
830 4120 926 4173 καὶ
964 4122 997 4191 ἡ
1049 4118 1312 4190 ἐπιθυμία
1359 4118 1857 4192 παραϐουκολῆσαι,
1887 4118 1961 4183 ὡς

389 4213 510 4285 μηδ’
547 4215 596 4266 εἰ
639 4212 872 4283 χιλιάκις
917 4213 1193 4280 σφαγεῖεν,
1234 4212 1478 4265 ἀπιστεῖν
1530 4228 1609 4265 σοι
1649 4211 1887 4281 ποιῆσαι.
1936 4229 1955 4261 ι

385 4304 609 4367 Τούτοις
638 4303 786 4368 ἀξιον
817 4303 1147 4372 ἐπισυνάψαι
1188 4304 1259 4355 τὰ
1300 4302 1430 4374 περὶ
1465 4303 1715 4373 Κροῖσον.
1762 4299 1962 4364 Λυδίας

384 4387 541 4460 οὗτος
590 4393 898 4448 ἐϐασίλευεν
924 4434 940 4458 ,
989 4394 1194 4448 ἀνωθεν
1236 4396 1300 4448 ὲκ
1374 4391 1616 4447 παλαιῶν
1666 4395 1746 4456 εἰς
1799 4390 1960 4446 αὐτὸν

384 4491 624 4562 ἥκουσαν
649 4486 978 4559 παραλαϐὼν
1005 4486 1101 4557 τὴν
1133 4487 1336 4557 ἀρχήν’
1384 4482 1506 4538 εἶτά
1555 4502 1608 4538 τι
1649 4484 1807 4537 πλέον
1852 4482 1960 4536 τῶν

386 4582 665 4653 προγόνων
693 4577 1056 4651 κατορθώσειν
1094 4577 1340 4640 ἐλπίσας,
1367 4577 1493 4640 τοὺς
1527 4576 1681 4639 θεοὺς
1719 4574 1960 4628 εὐσεϐεῖν

2072 3404 2173 3443 nec
2203 3396 2386 3443 tamen
2416 3389 2530 3443 voti
2564 3406 2789 3462 compos
2822 3392 3015 3446 evasit.
3044 3390 3143 3446 Hic
3179 3401 3236 3446 tu
3264 3391 3472 3447 scilicet
3504 3389 3641 3447 διιο-
3700 3434 3706 3439 .

2071 3495 2193 3534 rum
2244 3480 2425 3535 den‘uo
2475 3481 2858 3537 diverticulum
2902 3483 3199 3555 excogitas,
3248 3482 3411 3538 Carni
3461 3483 3639 3538 nuntii

2070 3572 2293 3626 caedem.
2335 3571 2404 3626 At
2470 3573 2747 3642 quomodo
2789 3583 2993 3640 tamen,
3048 3575 3272 3630 deorum
3310 3574 3546 3645 optime,
3579 3583 3639 3630 tu

2070 3665 2165 3734 qui
2185 3664 2348 3720 Carni
2379 3667 2611 3721 salutem
2643 3681 2816 3736 usque
2847 3667 2982 3721 adeo
3009 3683 3195 3722 caram
3217 3666 3479 3733 habebas,
3509 3666 3642 3722 alio-

2070 3773 2192 3811 rum
2226 3774 2392 3813 causa
2430 3758 2616 3814 divino
2658 3774 2783 3814 eum
2818 3758 2987 3813 amari
3017 3760 3212 3829 spiritu
3253 3760 3500 3826 voluisti,
3539 3774 3642 3815 no-

2069 3850 2219 3906 luisti
2258 3852 2382 3907 sua?
2413 3854 2691 3924 quomodo
2734 3852 2974 3907 Carnum
3003 3853 3269 3908 duntaxat
3304 3869 3476 3909 unum
3519 3868 3637 3910 ser-

2069 3943 2187 3999 vari
2228 3959 2354 3999 cum
2405 3954 2707 4016 oporteret,
2752 3961 2878 3999 eum
2930 3944 3155 4000 interire
3201 3960 3399 4014 passus
3444 3959 3525 4012 es,
3574 3959 3641 4000 ac

2070 4046 2292 4106 propter
2318 4037 2564 4108 ejusdem
2601 4040 2905 4105 interitum,
2933 4046 2987 4092 et
3020 4036 3366 4092 Homericam
3399 4036 3545 4091 illam
3583 4036 3638 4090 in

2069 4129 2368 4182 exercitum
2404 4129 2764 4198 pestilentiam
2817 4128 3118 4192 immisisti,
3164 4136 3216 4181 et
3261 4135 3439 4181 certas
3483 4139 3640 4179 aver-

2067 4218 2358 4272 runcando
2391 4218 2585 4273 morbo
2622 4232 2812 4288 preces
2842 4217 3111 4272 indixisti?
3146 4216 3354 4281 Quibus
3389 4216 3477 4269 ille
3504 4230 3636 4284 pro-

2070 4306 2212 4364 fecto
2263 4310 2311 4365 si
2368 4310 2503 4364 nihil
2556 4311 2779 4382 egisset,
2823 4310 2962 4364 alius
3006 4308 3266 4364 continuo
3313 4307 3638 4377 sophismati

2075 4410 2260 4457 vestro
2293 4402 2467 4467 color,
2505 4403 2610 4457 alia
2657 4402 2869 4473 species
2900 4401 3121 4456 inventa
3149 4409 3314 4466 esset,
3362 4399 3637 4469 ﬁnemque

2070 4491 2281 4546 nullum
2310 4507 2553 4562 unquam
2598 4491 2887 4558 fecissetis,
2926 4491 3246 4547 consulendi
3279 4490 3502 4562 quidem
3533 4490 3635 4557 illi,

2071 4594 2132 4639 tu
2167 4599 2294 4639 vero
2317 4585 2628 4649 cavillandi,
2666 4591 2727 4640 ut
2761 4599 2829 4640 ne
2859 4599 2955 4640 seu
2981 4584 3281 4647 vincerent,
3314 4599 3409 4639 seu
3446 4583 3633 4638 vince-

380 4672 649 4745 διενοήθησ
703 4672 797 4725 καὶ
847 4670 934 4724 διά
984 4669 1178 4741 πείρας
1228 4667 1417 4732 ἐλθὼν,
1464 4668 1717 4722 ἁπάντων
1766 4665 1858 4719 τὸν
1903 4667 1962 4719 ὲν

2070 4682 2280 4741 rentur,
2309 4675 2710 4745 praestigiarum
2755 4676 2812 4729 in
2853 4686 2906 4732 te
2943 4676 3241 4747 quidquam
3277 4673 3630 4744 deprehendi,

385 4764 608 4834 Δελφοῖς
647 4762 886 4817 Ἀπόλλω
920 4760 1221 4833 προκρίνει,
1259 4759 1494 4813 κᾶπειτα
1542 4759 1815 4831 κρατῆρσι
1865 4758 1961 4811 καὶ

385 4858 625 4922 πλίνθοις
677 4859 904 4929 χρυσαῖς
923 4895 938 4920 ,
995 4853 1356 4925 ἀναθημάτων
1396 4871 1457 4907 τε
1508 4853 1715 4925 μυρίων
1765 4852 1961 4925 πλήθει

384 4950 670 5022 κοσμήσας
717 4948 777 5001 τὸ
828 4946 1002 5019 ἱερὸν,
1048 4946 1157 5000 τῶν
1214 4943 1486 5015 πανταχοῦ
1542 4944 1646 5014 γῆς
1696 4946 1754 4997 ὲν
1796 4944 1963 5015 ὀλίγῳ

384 5038 563 5114 χρόνῳ
590 5034 990 5091 πλουσιώτατον
1016 5034 1315 5105 ἀπέφηνεν,
1337 5033 1443 5086 οὐδ’
1468 5034 1567 5088 ὅσα
1604 5033 1740 5104 πρὸς
1773 5033 1964 5099 θυσίας

384 5130 605 5204 ἐξήρκει
649 5126 971 5201 παραλιπὼν
1012 5128 1078 5198 τῇ
1129 5124 1521 5197 μεγαλοψυχίᾳ.
1567 5124 1814 5180 Ἐπειδὰν
1870 5120 1963 5179 οὖν

384 5224 453 5277 τὰ
473 5223 709 5278 τοσαῦτα
728 5221 1137 5294 προδεδάνειστο
1160 5216 1236 5289 τῷ
1267 5216 1395 5288 θεῷ,
1423 5220 1544 5283 ταῖς
1562 5217 1663 5288 τῆς
1685 5217 1963 5281 εὐσεϐείας

386 5318 608 5381 είκότως
633 5319 661 5370 6
683 5315 851 5378 Λυδὸς
883 5310 1194 5384 ὲπιθαρσῶν
1222 5310 1662 5383 μεγαλουργίαις,
1707 5309 1967 5381 στρατεῦ-

388 5428 478 5465 σαι
520 5410 613 5464 ἐπὶ
652 5408 865 5480 Πέρσας
911 5406 1217 5467 διανοεῖται,
1262 5403 1495 5475 αὐξῆσαι
1532 5402 1628 5474 τὴν
1675 5402 1849 5474 ἀρχὴν
1889 5402 1966 5466 εἰς

390 5500 553 5571 μέγα,
585 5500 653 5572 τῇ
679 5495 774 5550 τοῦ
802 5494 939 5549 Θεοῦ
968 5493 1254 5566 συμμαχίᾳ
1284 5491 1754 5565 προμηθούμενος.
1785 5491 1851 5546 Τί
1875 5486 1967 5546 οὖν

459 5629 488 5659 ι
526 5610 995 5683 ῑσνὲνεποίησας.
1059 5612 1086 5651 b
1126 5612 1211 5664 ἵσ.
1240 5610 1539 5674 ὲνέϐαλλες.

458 5772 593 5843 (Ἀ)
634 5768 930 5824 Delendum
962 5767 1065 5838 ἔφη
1092 5776 1277 5820 monet
1306 5767 1549 5837 Vigerus.

708 5863 980 5924 PATROL.
1013 5861 1130 5922 Gn.
1167 5860 1333 5929 XXI.

2062 4764 2381 4838 fraudisque
2408 4778 2612 4837 posset.
2647 4766 2858 4840 Quippe
2905 4770 3039 4824 satis
3071 4769 3297 4824 omnino
3330 4768 3525 4821 virium
3564 4765 3635 4821 ad

2064 4858 2190 4915 illos
2224 4861 2281 4914 in
2310 4860 2581 4931 ejusmodi
2615 4875 2860 4918 errorem
2890 4860 3229 4916 inducendos
3260 4858 3634 4915 vehementior

2065 4947 2381 5017 cupiditatis
2403 4957 2571 5005 aestus
2598 4950 2902 5018 habuisset,
2925 4952 3019 5021 qui
3044 4966 3326 5021 nunquam
3347 4964 3443 5005 eos
3471 4947 3634 5004 ﬁdem

2046 5037 2190 5102 :tibi,
2233 5037 2322 5094 vel
2362 5038 2409 5094 si
2446 5039 2651 5095 centies
2696 5038 2983 5111 iugulandi
3024 5040 3231 5106 forent,
3279 5054 3391 5095 non
3431 5038 3638 5093 habere

2066 5137 2360 5198 pateretur.
2417 5148 2436 5181 ι
2482 5128 2579 5186 llis
2628 5146 2844 5201 aequum
2895 5131 3227 5201 subjungere
3276 5130 3470 5194 fuerit,
3515 5143 3639 5199 quae

2063 5219 2254 5278 Crteso
2295 5231 2484 5292 postea
2543 5224 2906 5294 contigerunt.
2948 5221 3230 5292 Regnabat
3266 5223 3315 5278 is
3354 5223 3410 5277 in
3442 5220 3633 5293 Lydia,

2064 5313 2211 5383 quod
2252 5329 2283 5369 a
2314 5313 2617 5383 majoribus
2660 5314 2945 5383 imperium
2977 5320 3282 5381 acceperat,
3326 5313 3486 5383 longa
3514 5310 3632 5381 jam

2068 5417 2131 5456 ac
2158 5410 2415 5472 perpetua
2447 5402 2587 5456 serie
2629 5412 3007 5471 propagatum.
3041 5399 3189 5454 Idem
3236 5403 3291 5454 in
3327 5401 3632 5470 amplioris,

2066 5507 2232 5563 quam
2257 5492 2337 5549 illi
2363 5492 2508 5549 nacti
2528 5502 2734 5560 essent,
2761 5507 2824 5548 ac
2854 5490 3193 5548 secundioris
3215 5490 3451 5547 fortuna;
3480 5506 3632 5562 spem

3248 5850 3325 5910 12
