  <div class='ocr_page' id='page_1' title='image "/cluster/home/n/w/nwhite01/storage/ocr_20150623/21:no.3/coo.31924054873017/198.png"; bbox 0 0 4162 6462; ppageno 0'>
   <div class='ocr_carea' id='block_1_1' title="bbox 339 409 452 467">
    <p class='ocr_par' dir='ltr' id='par_1_1' title="bbox 339 409 452 467">
     <span class='ocr_line' id='line_1_1' title="bbox 339 409 452 467; baseline 0.009 -1"><span class='ocrx_word' id='word_1_1' title='bbox 339 409 452 467; x_wconf 71' lang='grc' dir='ltr'><strong>5θῦ</strong></span> 
     </span>
    </p>
   </div>
   <div class='ocr_carea' id='block_1_2' title="bbox 1548 409 2533 471">
    <p class='ocr_par' dir='ltr' id='par_1_2' title="bbox 1548 409 2533 471">
     <span class='ocr_line' id='line_1_2' title="bbox 1548 409 2533 471; baseline -0.002 -4"><span class='ocrx_word' id='word_1_2' title='bbox 1548 409 1877 470; x_wconf 69' lang='grc' dir='ltr'><strong>ΡΒᾹΞΡΑΚ.</strong></span> <span class='ocrx_word' id='word_1_3' title='bbox 1931 409 2188 471; x_wconf 66' lang='lat' dir='ltr'><strong>EVANG.</strong></span> <span class='ocrx_word' id='word_1_4' title='bbox 2224 410 2358 466; x_wconf 88' lang='lat' dir='ltr'><strong>LIB.</strong></span> <span class='ocrx_word' id='word_1_5' title='bbox 2400 409 2463 465; x_wconf 84' lang='lat' dir='ltr'><strong>V.</strong></span> <span class='ocrx_word' id='word_1_6' title='bbox 2520 440 2533 453; x_wconf 84' lang='lat'><strong><em>-</em></strong></span> 
     </span>
    </p>
   </div>
   <div class='ocr_carea' id='block_1_3' title="bbox 3514 389 3623 441">
    <p class='ocr_par' dir='ltr' id='par_1_3' title="bbox 3514 389 3623 441">
     <span class='ocr_line' id='line_1_3' title="bbox 3514 389 3623 441; baseline -0.018 0"><span class='ocrx_word' id='word_1_7' title='bbox 3514 389 3623 441; x_wconf 63' lang='grc' dir='ltr'>5ου</span> 
     </span>
    </p>
   </div>
   <div class='ocr_carea' id='block_1_4' title="bbox 335 523 1911 602">
    <p class='ocr_par' dir='ltr' id='par_1_4' title="bbox 335 523 1911 602">
     <span class='ocr_line' id='line_1_4' title="bbox 335 523 1911 602; baseline 0.002 -22"><span class='ocrx_word' id='word_1_8' title='bbox 335 525 392 580; x_wconf 74' lang='grc' dir='ltr'><strong>ιτ</strong></span> <span class='ocrx_word' id='word_1_9' title='bbox 457 540 512 578; x_wconf 90' lang='grc' dir='ltr'><strong>τι</strong></span> <span class='ocrx_word' id='word_1_10' title='bbox 579 524 782 578; x_wconf 77' lang='grc' dir='ltr'>ἄτοπον</span> <span class='ocrx_word' id='word_1_11' title='bbox 847 523 1093 578; x_wconf 88' lang='grc' dir='ltr'>πείσεται</span> <span class='ocrx_word' id='word_1_12' title='bbox 1152 524 1243 579; x_wconf 78' lang='grc' dir='ltr'><strong>ὑπ’</strong></span> <span class='ocrx_word' id='word_1_13' title='bbox 1308 525 1610 598; x_wconf 78' lang='grc' dir='ltr'>ἀμφιϐόλου</span> <span class='ocrx_word' id='word_1_14' title='bbox 1665 527 1911 602; x_wconf 82' lang='grc' dir='ltr'><strong>χρησμοῦ</strong></span> 
     </span>
    </p>
   </div>
   <div class='ocr_carea' id='block_1_5' title="bbox 2011 523 3631 602">
    <p class='ocr_par' dir='ltr' id='par_1_5' title="bbox 2022 524 3631 602">
     <span class='ocr_line' id='line_1_5' title="bbox 2022 524 3631 602; baseline -0.007 -15"><span class='ocrx_word' id='word_1_15' title='bbox 2022 546 2130 602; x_wconf 87' lang='lat' dir='ltr'><strong>que</strong></span> <span class='ocrx_word' id='word_1_16' title='bbox 2162 530 2339 602; x_wconf 83' lang='lat' dir='ltr'><strong>deque</strong></span> <span class='ocrx_word' id='word_1_17' title='bbox 2369 530 2621 594; x_wconf 82' lang='lat' dir='ltr'><strong>haberes,</strong></span> <span class='ocrx_word' id='word_1_18' title='bbox 2662 542 2759 583; x_wconf 87' lang='lat' dir='ltr'><strong>seu</strong></span> <span class='ocrx_word' id='word_1_19' title='bbox 2790 527 2922 598; x_wconf 87' lang='lat' dir='ltr'><strong>quid</strong></span> <span class='ocrx_word' id='word_1_20' title='bbox 2969 527 3151 598; x_wconf 86' lang='lat' dir='ltr'><strong>inepte</strong></span> <span class='ocrx_word' id='word_1_21' title='bbox 3180 527 3491 597; x_wconf 77' lang='lat' dir='ltr'><strong>moliretur,</strong></span> <span class='ocrx_word' id='word_1_22' title='bbox 3549 524 3631 577; x_wconf 76' lang='lat' dir='ltr'><strong>ad</strong></span> 
     </span>
    </p>
   </div>
   <div class='ocr_carea' id='block_1_6' title="bbox 334 616 1918 693">
    <p class='ocr_par' dir='ltr' id='par_1_6' title="bbox 334 616 1918 693">
     <span class='ocr_line' id='line_1_6' title="bbox 334 616 1918 693; baseline 0.003 -22"><span class='ocrx_word' id='word_1_23' title='bbox 334 617 596 688; x_wconf 75' lang='grc' dir='ltr'>ἐπαρθεὶς</span> <span class='ocrx_word' id='word_1_24' title='bbox 656 618 743 670; x_wconf 80' lang='grc' dir='ltr'>ἐπ’</span> <span class='ocrx_word' id='word_1_25' title='bbox 793 616 1078 690; x_wconf 76' lang='grc' dir='ltr'><strong>ἀλλοτρίαν</strong></span> <span class='ocrx_word' id='word_1_26' title='bbox 1122 620 1329 692; x_wconf 57' lang='grc' dir='ltr'>ἀρχήν</span> <span class='ocrx_word' id='word_1_27' title='bbox 1367 620 1476 674; x_wconf 79' lang='grc' dir='ltr'>οὐδ’</span> <span class='ocrx_word' id='word_1_28' title='bbox 1512 623 1561 675; x_wconf 78' lang='grc' dir='ltr'>εἰ</span> <span class='ocrx_word' id='word_1_29' title='bbox 1604 622 1791 693; x_wconf 89' lang='grc' dir='ltr'>πικροί</span> <span class='ocrx_word' id='word_1_30' title='bbox 1838 640 1918 676; x_wconf 87' lang='grc' dir='ltr'>τι-</span> 
     </span>
    </p>
   </div>
   <div class='ocr_carea' id='block_1_7' title="bbox 332 707 1916 782">
    <p class='ocr_par' dir='ltr' id='par_1_7' title="bbox 332 707 1916 782">
     <span class='ocr_line' id='line_1_7' title="bbox 332 707 1916 782; baseline 0.003 -19"><span class='ocrx_word' id='word_1_31' title='bbox 332 726 423 774; x_wconf 87' lang='grc' dir='ltr'><strong>νες</strong></span> <span class='ocrx_word' id='word_1_32' title='bbox 468 707 742 780; x_wconf 76' lang='grc' dir='ltr'>ἄνθρωποι</span> <span class='ocrx_word' id='word_1_33' title='bbox 783 711 878 762; x_wconf 59' lang='grc' dir='ltr'><strong>καλ⁵</strong></span> <span class='ocrx_word' id='word_1_34' title='bbox 933 710 1240 782; x_wconf 70' lang='grc' dir='ltr'><strong>κακοήθεις,</strong></span> <span class='ocrx_word' id='word_1_35' title='bbox 1273 711 1390 765; x_wconf 75' lang='grc' dir='ltr'>δέον</span> <span class='ocrx_word' id='word_1_36' title='bbox 1422 713 1664 767; x_wconf 75' lang='grc' dir='ltr'><strong>ἐπαινεῖν</strong></span> <span class='ocrx_word' id='word_1_37' title='bbox 1711 731 1771 767; x_wconf 91' lang='grc' dir='ltr'><strong>σε</strong></span> <span class='ocrx_word' id='word_1_38' title='bbox 1819 714 1916 767; x_wconf 80' lang='grc' dir='ltr'><strong>ἐπὶ</strong></span> 
     </span>
    </p>
   </div>
   <div class='ocr_carea' id='block_1_8' title="bbox 331 798 1919 875">
    <p class='ocr_par' dir='ltr' id='par_1_8' title="bbox 331 798 1919 875">
     <span class='ocr_line' id='line_1_8' title="bbox 331 798 1919 875; baseline 0.003 -23"><span class='ocrx_word' id='word_1_39' title='bbox 331 798 411 871; x_wconf 83' lang='grc' dir='ltr'><strong>τῷ</strong></span> <span class='ocrx_word' id='word_1_40' title='bbox 463 798 853 870; x_wconf 84' lang='grc' dir='ltr'>ὲκτραχηλίσαι</span> <span class='ocrx_word' id='word_1_41' title='bbox 907 800 1228 871; x_wconf 85' lang='grc' dir='ltr'>μαινόμενον</span> <span class='ocrx_word' id='word_1_42' title='bbox 1265 800 1570 873; x_wconf 83' lang='grc' dir='ltr'>ἄνθρωπον,</span> <span class='ocrx_word' id='word_1_43' title='bbox 1617 803 1713 857; x_wconf 71' lang='grc' dir='ltr'><strong>καὶ</strong></span> <span class='ocrx_word' id='word_1_44' title='bbox 1750 820 1919 875; x_wconf 90' lang='grc' dir='ltr'>προσ-</span> 
     </span>
    </p>
   </div>
   <div class='ocr_carea' id='block_1_9' title="bbox 333 888 1914 965">
    <p class='ocr_par' dir='ltr' id='par_1_9' title="bbox 333 888 1914 965">
     <span class='ocr_line' id='line_1_9' title="bbox 333 888 1914 965; baseline 0.003 -21"><span class='ocrx_word' id='word_1_45' title='bbox 333 888 634 960; x_wconf 83' lang='grc' dir='ltr'>εγκαλοῖεν,</span> <span class='ocrx_word' id='word_1_46' title='bbox 697 890 773 956; x_wconf 85' lang='grc' dir='ltr'>ὼς</span> <span class='ocrx_word' id='word_1_47' title='bbox 828 891 949 945; x_wconf 76' lang='grc' dir='ltr'>οὐδὲ</span> <span class='ocrx_word' id='word_1_48' title='bbox 1015 893 1300 964; x_wconf 71' lang='grc' dir='ltr'>ἰσόρροπον</span> <span class='ocrx_word' id='word_1_49' title='bbox 1366 896 1550 965; x_wconf 84' lang='grc' dir='ltr'>φωνὴν</span> <span class='ocrx_word' id='word_1_50' title='bbox 1607 895 1812 964; x_wconf 78' lang='grc' dir='ltr'><strong>ἀφέντα</strong></span> <span class='ocrx_word' id='word_1_51' title='bbox 1863 907 1914 960; x_wconf 71' lang='grc' dir='ltr'>ι,</span> 
     </span>
    </p>
   </div>
   <div class='ocr_carea' id='block_1_10' title="bbox 333 981 1916 1055">
    <p class='ocr_par' dir='ltr' id='par_1_10' title="bbox 333 981 1916 1055">
     <span class='ocr_line' id='line_1_10' title="bbox 333 981 1916 1055; baseline 0.003 -20"><span class='ocrx_word' id='word_1_52' title='bbox 333 981 400 1035; x_wconf 70' lang='grc' dir='ltr'><strong>ἵν’</strong></span> <span class='ocrx_word' id='word_1_53' title='bbox 445 983 723 1055; x_wconf 76' lang='grc' dir='ltr'><strong>ὀκνήσειεν</strong></span> <span class='ocrx_word' id='word_1_54' title='bbox 771 985 866 1037; x_wconf 70' lang='grc' dir='ltr'>καὶ</span> <span class='ocrx_word' id='word_1_55' title='bbox 906 982 1249 1054; x_wconf 75' lang='grc' dir='ltr'><strong>βουλεύσαιτο</strong></span> <span class='ocrx_word' id='word_1_56' title='bbox 1298 986 1326 1038; x_wconf 88' lang='grc' dir='ltr'>ὁ</span> <span class='ocrx_word' id='word_1_57' title='bbox 1367 986 1569 1050; x_wconf 87' lang='grc' dir='ltr'>Λυδός·</span> <span class='ocrx_word' id='word_1_58' title='bbox 1624 984 1761 1040; x_wconf 82' lang='grc' dir='ltr'>ἀλλα</span> <span class='ocrx_word' id='word_1_59' title='bbox 1813 1004 1916 1040; x_wconf 89' lang='grc' dir='ltr'>κα-</span> 
     </span>
    </p>
   </div>
   <div class='ocr_carea' id='block_1_11' title="bbox 333 1073 1915 1148">
    <p class='ocr_par' dir='ltr' id='par_1_11' title="bbox 333 1073 1915 1148">
     <span class='ocr_line' id='line_1_11' title="bbox 333 1073 1915 1148; baseline 0.002 -22"><span class='ocrx_word' id='word_1_60' title='bbox 333 1073 558 1128; x_wconf 86' lang='grc' dir='ltr'>ταλῦσαι</span> <span class='ocrx_word' id='word_1_61' title='bbox 608 1074 729 1129; x_wconf 86' lang='grc' dir='ltr'>καθ’</span> <span class='ocrx_word' id='word_1_62' title='bbox 768 1076 865 1130; x_wconf 73' lang='grc' dir='ltr'><strong>ἕνα</strong></span> <span class='ocrx_word' id='word_1_63' title='bbox 912 1075 1111 1147; x_wconf 78' lang='grc' dir='ltr'><strong>τρόπον</strong></span> <span class='ocrx_word' id='word_1_64' title='bbox 1163 1075 1400 1129; x_wconf 76' lang='grc' dir='ltr'>νοεῖσθαι</span> <span class='ocrx_word' id='word_1_65' title='bbox 1450 1076 1587 1148; x_wconf 79' lang='grc' dir='ltr'>πρὸς</span> <span class='ocrx_word' id='word_1_66' title='bbox 1640 1076 1747 1129; x_wconf 83' lang='grc' dir='ltr'><strong>τῶν</strong></span> <span class='ocrx_word' id='word_1_67' title='bbox 1795 1076 1915 1129; x_wconf 86' lang='grc' dir='ltr'><strong>Ἐλ-</strong></span> 
     </span>
    </p>
   </div>
   <div class='ocr_carea' id='block_1_12' title="bbox 333 1162 1914 1240">
    <p class='ocr_par' dir='ltr' id='par_1_12' title="bbox 333 1162 1914 1240">
     <span class='ocr_line' id='line_1_12' title="bbox 333 1162 1914 1240; baseline 0.001 -19"><span class='ocrx_word' id='word_1_68' title='bbox 333 1166 528 1240; x_wconf 90' lang='grc' dir='ltr'>λήνων,</span> <span class='ocrx_word' id='word_1_69' title='bbox 574 1168 635 1220; x_wconf 80' lang='grc' dir='ltr'><strong>οὐ</strong></span> <span class='ocrx_word' id='word_1_70' title='bbox 677 1168 737 1221; x_wconf 81' lang='grc' dir='ltr'><strong>τὸ</strong></span> <span class='ocrx_word' id='word_1_71' title='bbox 764 1170 861 1239; x_wconf 85' lang='grc' dir='ltr'><strong>τῆς</strong></span> <span class='ocrx_word' id='word_1_72' title='bbox 905 1169 1109 1234; x_wconf 73' lang='grc' dir='ltr'>οἰκείας</span> <span class='ocrx_word' id='word_1_73' title='bbox 1149 1170 1322 1240; x_wconf 81' lang='grc' dir='ltr'>ἀρχῆς</span> <span class='ocrx_word' id='word_1_74' title='bbox 1365 1171 1637 1233; x_wconf 81' lang='grc' dir='ltr'>ἐκπεσεῖν,</span> <span class='ocrx_word' id='word_1_75' title='bbox 1681 1168 1798 1223; x_wconf 84' lang='grc' dir='ltr'>ἀλλ’</span> <span class='ocrx_word' id='word_1_76' title='bbox 1845 1162 1914 1224; x_wconf 77' lang='grc' dir='ltr'>αὖ</span> 
     </span>
    </p>
   </div>
   <div class='ocr_carea' id='block_1_13' title="bbox 331 1260 1919 1338">
    <p class='ocr_par' dir='ltr' id='par_1_13' title="bbox 331 1260 1919 1338">
     <span class='ocr_line' id='line_1_13' title="bbox 331 1260 1919 1338; baseline 0.003 -24"><span class='ocrx_word' id='word_1_77' title='bbox 331 1260 432 1333; x_wconf 81' lang='grc' dir='ltr'>τὴν</span> <span class='ocrx_word' id='word_1_78' title='bbox 467 1260 752 1333; x_wconf 76' lang='grc' dir='ltr'><strong>ἀλλοτρίαν</strong></span> <span class='ocrx_word' id='word_1_79' title='bbox 790 1263 1271 1335; x_wconf 77' lang='grc' dir='ltr'>περιποιήσασθαι.</span> <span class='ocrx_word' id='word_1_80' title='bbox 1311 1264 1369 1317; x_wconf 80' lang='grc' dir='ltr'>ὐ</span> <span class='ocrx_word' id='word_1_81' title='bbox 1411 1263 1510 1335; x_wconf 82' lang='grc' dir='ltr'><strong>μὲν</strong></span> <span class='ocrx_word' id='word_1_82' title='bbox 1552 1262 1660 1335; x_wconf 85' lang='grc' dir='ltr'>γὰρ</span> <span class='ocrx_word' id='word_1_83' title='bbox 1704 1264 1919 1338; x_wconf 82' lang='grc' dir='ltr'>ήμίμη-</span> 
     </span>
    </p>
   </div>
   <div class='ocr_carea' id='block_1_14' title="bbox 329 1351 1918 1430">
    <p class='ocr_par' dir='ltr' id='par_1_14' title="bbox 329 1351 1918 1430">
     <span class='ocr_line' id='line_1_14' title="bbox 329 1351 1918 1430; baseline 0.006 -27"><span class='ocrx_word' id='word_1_84' title='bbox 329 1351 439 1416; x_wconf 81' lang='grc' dir='ltr'>δος,</span> <span class='ocrx_word' id='word_1_85' title='bbox 471 1352 505 1424; x_wconf 78' lang='grc' dir='ltr'>ἢ</span> <span class='ocrx_word' id='word_1_86' title='bbox 540 1353 857 1427; x_wconf 81' lang='grc' dir='ltr'>ήμιπέρσης</span> <span class='ocrx_word' id='word_1_87' title='bbox 889 1354 1089 1427; x_wconf 81' lang='grc' dir='ltr'>Κῦρος,</span> <span class='ocrx_word' id='word_1_88' title='bbox 1117 1357 1151 1428; x_wconf 78' lang='grc' dir='ltr'>ἢ</span> <span class='ocrx_word' id='word_1_89' title='bbox 1196 1358 1224 1411; x_wconf 85' lang='grc' dir='ltr'><strong>ό</strong></span> <span class='ocrx_word' id='word_1_90' title='bbox 1255 1356 1522 1430; x_wconf 74' lang='grc' dir='ltr'><strong>μητρόθεν</strong></span> <span class='ocrx_word' id='word_1_91' title='bbox 1573 1358 1674 1430; x_wconf 77' lang='grc' dir='ltr'><strong>μὲν</strong></span> <span class='ocrx_word' id='word_1_92' title='bbox 1714 1358 1779 1413; x_wconf 89' lang='grc' dir='ltr'><strong>ἐκ</strong></span> <span class='ocrx_word' id='word_1_93' title='bbox 1823 1377 1918 1414; x_wconf 91' lang='grc' dir='ltr'>τυ-</span> 
     </span>
    </p>
   </div>
   <div class='ocr_carea' id='block_1_15' title="bbox 332 1445 1916 1524">
    <p class='ocr_par' dir='ltr' id='par_1_15' title="bbox 332 1445 1916 1524">
     <span class='ocr_line' id='line_1_15' title="bbox 332 1445 1916 1524; baseline 0.006 -27"><span class='ocrx_word' id='word_1_94' title='bbox 332 1445 613 1516; x_wconf 78' lang='grc' dir='ltr'>ραννικοῦ,</span> <span class='ocrx_word' id='word_1_95' title='bbox 642 1448 910 1520; x_wconf 83' lang='grc' dir='ltr'>πατρόθεν</span> <span class='ocrx_word' id='word_1_96' title='bbox 945 1448 1005 1502; x_wconf 83' lang='grc' dir='ltr'><strong>δὲ</strong></span> <span class='ocrx_word' id='word_1_97' title='bbox 1050 1448 1108 1516; x_wconf 80' lang='grc' dir='ltr'><strong>ἐξ</strong></span> <span class='ocrx_word' id='word_1_98' title='bbox 1147 1449 1414 1504; x_wconf 80' lang='grc' dir='ltr'>ἰδιωτικοῦ</span> <span class='ocrx_word' id='word_1_99' title='bbox 1455 1452 1648 1521; x_wconf 82' lang='grc' dir='ltr'>γένους</span> <span class='ocrx_word' id='word_1_100' title='bbox 1691 1452 1916 1524; x_wconf 77' lang='grc' dir='ltr'>ἡμίονος</span> 
     </span>
    </p>
   </div>
   <div class='ocr_carea' id='block_1_16' title="bbox 331 1534 1916 1614">
    <p class='ocr_par' dir='ltr' id='par_1_16' title="bbox 331 1534 1916 1614">
     <span class='ocr_line' id='line_1_16' title="bbox 331 1534 1916 1614; baseline 0.006 -26"><span class='ocrx_word' id='word_1_101' title='bbox 331 1534 445 1607; x_wconf 72' lang='grc'><strong>(48)</strong></span> <span class='ocrx_word' id='word_1_102' title='bbox 469 1535 545 1589; x_wconf 85' lang='grc' dir='ltr'>ὢν</span> <span class='ocrx_word' id='word_1_103' title='bbox 571 1538 630 1590; x_wconf 88' lang='grc' dir='ltr'><strong>ἐν</strong></span> <span class='ocrx_word' id='word_1_104' title='bbox 658 1537 735 1608; x_wconf 83' lang='grc' dir='ltr'><strong>τῷ</strong></span> <span class='ocrx_word' id='word_1_105' title='bbox 757 1537 1060 1610; x_wconf 73' lang='grc' dir='ltr'>αἰνίγματι,</span> <span class='ocrx_word' id='word_1_106' title='bbox 1093 1541 1461 1613; x_wconf 78' lang='grc' dir='ltr'>παρεμφαίνει</span> <span class='ocrx_word' id='word_1_107' title='bbox 1491 1542 1592 1614; x_wconf 82' lang='grc' dir='ltr'><strong>μὲν</strong></span> <span class='ocrx_word' id='word_1_108' title='bbox 1616 1543 1716 1613; x_wconf 79' lang='grc' dir='ltr'><strong>τὴν</strong></span> <span class='ocrx_word' id='word_1_109' title='bbox 1757 1543 1916 1598; x_wconf 83' lang='grc' dir='ltr'>ἔκτυ-</span> 
     </span>
    </p>
   </div>
   <div class='ocr_carea' id='block_1_17' title="bbox 332 1628 1915 1707">
    <p class='ocr_par' dir='ltr' id='par_1_17' title="bbox 332 1628 1915 1707">
     <span class='ocr_line' id='line_1_17' title="bbox 332 1628 1915 1707; baseline 0.006 -28"><span class='ocrx_word' id='word_1_110' title='bbox 332 1643 432 1697; x_wconf 87' lang='grc' dir='ltr'><strong>φον</strong></span> <span class='ocrx_word' id='word_1_111' title='bbox 471 1628 695 1698; x_wconf 87' lang='grc' dir='ltr'>μοῦσαν,</span> <span class='ocrx_word' id='word_1_112' title='bbox 739 1629 878 1683; x_wconf 77' lang='grc' dir='ltr'>ἀλλὰ</span> <span class='ocrx_word' id='word_1_113' title='bbox 915 1631 1014 1685; x_wconf 75' lang='grc' dir='ltr'><strong>καὶ</strong></span> <span class='ocrx_word' id='word_1_114' title='bbox 1050 1630 1146 1703; x_wconf 79' lang='grc' dir='ltr'>τὴν</span> <span class='ocrx_word' id='word_1_115' title='bbox 1174 1631 1407 1703; x_wconf 77' lang='grc' dir='ltr'>ἄμαντιν</span> <span class='ocrx_word' id='word_1_116' title='bbox 1437 1633 1726 1705; x_wconf 82' lang='grc' dir='ltr'>μαντικὴν,</span> <span class='ocrx_word' id='word_1_117' title='bbox 1756 1632 1915 1707; x_wconf 77' lang='grc' dir='ltr'>εἴπερ</span> 
     </span>
    </p>
   </div>
   <div class='ocr_carea' id='block_1_18' title="bbox 328 1719 1915 1798">
    <p class='ocr_par' dir='ltr' id='par_1_18' title="bbox 328 1719 1915 1798">
     <span class='ocr_line' id='line_1_18' title="bbox 328 1719 1915 1798; baseline 0.005 -26"><span class='ocrx_word' id='word_1_118' title='bbox 328 1719 431 1773; x_wconf 74' lang='grc' dir='ltr'><strong>οὐκ</strong></span> <span class='ocrx_word' id='word_1_119' title='bbox 456 1720 556 1792; x_wconf 73' lang='grc' dir='ltr'><strong>ᾔδη</strong></span> <span class='ocrx_word' id='word_1_120' title='bbox 584 1721 694 1791; x_wconf 71' lang='grc'><strong>(49)</strong></span> <span class='ocrx_word' id='word_1_121' title='bbox 737 1722 892 1794; x_wconf 83' lang='grc' dir='ltr'><strong>μ.ὴοῦ</strong></span> <span class='ocrx_word' id='word_1_122' title='bbox 921 1725 1217 1796; x_wconf 86' lang='grc' dir='ltr'>συνήσοντα</span> <span class='ocrx_word' id='word_1_123' title='bbox 1240 1724 1335 1778; x_wconf 88' lang='grc' dir='ltr'><strong>τοῦ</strong></span> <span class='ocrx_word' id='word_1_124' title='bbox 1367 1726 1687 1796; x_wconf 68' lang='grc' dir='ltr'>αἰνίγματος</span> <span class='ocrx_word' id='word_1_125' title='bbox 1717 1728 1746 1779; x_wconf 85' lang='grc' dir='ltr'><strong>ό</strong></span> <span class='ocrx_word' id='word_1_126' title='bbox 1778 1729 1915 1798; x_wconf 79' lang='grc' dir='ltr'>μάν-</span> 
     </span>
    </p>
   </div>
   <div class='ocr_carea' id='block_1_19' title="bbox 331 1813 1916 1888">
    <p class='ocr_par' dir='ltr' id='par_1_19' title="bbox 331 1813 1916 1888">
     <span class='ocr_line' id='line_1_19' title="bbox 331 1813 1916 1888; baseline 0.006 -24"><span class='ocrx_word' id='word_1_127' title='bbox 331 1828 435 1875; x_wconf 89' lang='grc' dir='ltr'>τις.</span> <span class='ocrx_word' id='word_1_128' title='bbox 463 1813 524 1865; x_wconf 85' lang='grc' dir='ltr'>Εί</span> <span class='ocrx_word' id='word_1_129' title='bbox 548 1814 591 1865; x_wconf 85' lang='grc' dir='ltr'><strong>δ’</strong></span> <span class='ocrx_word' id='word_1_130' title='bbox 624 1814 721 1884; x_wconf 82' lang='grc' dir='ltr'><strong>οὐχ</strong></span> <span class='ocrx_word' id='word_1_131' title='bbox 747 1815 853 1867; x_wconf 74' lang='grc' dir='ltr'><strong>ὑπὸ</strong></span> <span class='ocrx_word' id='word_1_132' title='bbox 876 1816 1117 1884; x_wconf 75' lang='grc' dir='ltr'>ἀγνοίας,</span> <span class='ocrx_word' id='word_1_133' title='bbox 1158 1816 1273 1870; x_wconf 82' lang='grc' dir='ltr'>ἀλλ’</span> <span class='ocrx_word' id='word_1_134' title='bbox 1307 1817 1412 1869; x_wconf 85' lang='grc' dir='ltr'><strong>ὑπὸ</strong></span> <span class='ocrx_word' id='word_1_135' title='bbox 1452 1817 1663 1888; x_wconf 81' lang='grc' dir='ltr'>τρυφῆς</span> <span class='ocrx_word' id='word_1_136' title='bbox 1696 1818 1791 1872; x_wconf 72' lang='grc' dir='ltr'><strong>καὶ</strong></span> <span class='ocrx_word' id='word_1_137' title='bbox 1818 1837 1916 1873; x_wconf 89' lang='grc' dir='ltr'>πο-</span> 
     </span>
    </p>
   </div>
   <div class='ocr_carea' id='block_1_20' title="bbox 2027 620 3618 691">
    <p class='ocr_par' dir='ltr' id='par_1_20' title="bbox 2027 620 3618 691">
     <span class='ocr_line' id='line_1_20' title="bbox 2027 620 3618 691; baseline 0 -14"><span class='ocrx_word' id='word_1_138' title='bbox 2027 622 2391 678; x_wconf 88' lang='lat' dir='ltr'><strong>invadendum</strong></span> <span class='ocrx_word' id='word_1_139' title='bbox 2437 622 2674 675; x_wconf 88' lang='lat' dir='ltr'><strong>alienum</strong></span> <span class='ocrx_word' id='word_1_140' title='bbox 2708 620 2994 690; x_wconf 89' lang='lat' dir='ltr'><strong>imperium</strong></span> <span class='ocrx_word' id='word_1_141' title='bbox 3039 620 3295 691; x_wconf 83' lang='lat' dir='ltr'><strong>ambiguo</strong></span> <span class='ocrx_word' id='word_1_142' title='bbox 3338 622 3503 677; x_wconf 87' lang='lat' dir='ltr'><strong>incita</strong></span> <span class='ocrx_word' id='word_1_143' title='bbox 3528 623 3618 671; x_wconf 71' lang='lat' dir='ltr'><strong>tus</strong></span> 
     </span>
    </p>
   </div>
   <div class='ocr_carea' id='block_1_21' title="bbox 2018 711 3618 783">
    <p class='ocr_par' dir='ltr' id='par_1_21' title="bbox 2018 711 3618 783">
     <span class='ocr_line' id='line_1_21' title="bbox 2018 711 3618 783; baseline -0.003 -16"><span class='ocrx_word' id='word_1_144' title='bbox 2018 714 2282 768; x_wconf 88' lang='lat' dir='ltr'><strong>oraculo:</strong></span> <span class='ocrx_word' id='word_1_145' title='bbox 2318 712 2480 783; x_wconf 78' lang='lat'><strong>213</strong></span> <span class='ocrx_word' id='word_1_146' title='bbox 2510 728 2607 768; x_wconf 85' lang='lat' dir='ltr'><strong>seu</strong></span> <span class='ocrx_word' id='word_1_147' title='bbox 2643 711 3029 767; x_wconf 75' lang='lat' dir='ltr'><strong>contumeliosi</strong></span> <span class='ocrx_word' id='word_1_148' title='bbox 3061 711 3199 766; x_wconf 79' lang='lat' dir='ltr'><strong>forte</strong></span> <span class='ocrx_word' id='word_1_149' title='bbox 3227 711 3483 765; x_wconf 90' lang='lat' dir='ltr'><strong>malitiosi</strong></span> <span class='ocrx_word' id='word_1_150' title='bbox 3507 718 3618 773; x_wconf 77' lang='lat' dir='ltr'><strong>que</strong></span> 
     </span>
    </p>
   </div>
   <div class='ocr_carea' id='block_1_22' title="bbox 2021 790 3614 869">
    <p class='ocr_par' dir='ltr' id='par_1_22' title="bbox 2021 790 3614 869">
     <span class='ocr_line' id='line_1_22' title="bbox 2021 790 3614 869; baseline -0.004 -10"><span class='ocrx_word' id='word_1_151' title='bbox 2021 803 2294 869; x_wconf 89' lang='lat' dir='ltr'><strong>nonnulli,</strong></span> <span class='ocrx_word' id='word_1_152' title='bbox 2325 819 2450 859; x_wconf 88' lang='lat' dir='ltr'><strong>cum</strong></span> <span class='ocrx_word' id='word_1_153' title='bbox 2491 803 2591 857; x_wconf 88' lang='lat' dir='ltr'><strong>tibi</strong></span> <span class='ocrx_word' id='word_1_154' title='bbox 2632 803 2703 858; x_wconf 90' lang='lat' dir='ltr'><strong>ob</strong></span> <span class='ocrx_word' id='word_1_155' title='bbox 2733 801 3006 857; x_wconf 82' lang='lat' dir='ltr'><strong>furiosum</strong></span> <span class='ocrx_word' id='word_1_156' title='bbox 3047 801 3323 856; x_wconf 85' lang='lat' dir='ltr'><strong>hominem</strong></span> <span class='ocrx_word' id='word_1_157' title='bbox 3363 790 3614 855; x_wconf 66' lang='lat' dir='ltr'><strong>conﬁnio</strong></span> 
     </span>
    </p>
   </div>
   <div class='ocr_carea' id='block_1_23' title="bbox 2017 892 3628 967">
    <p class='ocr_par' dir='ltr' id='par_1_23' title="bbox 2017 892 3628 967">
     <span class='ocr_line' id='line_1_23' title="bbox 2017 892 3628 967; baseline 0.001 -15"><span class='ocrx_word' id='word_1_158' title='bbox 2017 905 2115 952; x_wconf 90' lang='lat' dir='ltr'><strong>tuo</strong></span> <span class='ocrx_word' id='word_1_159' title='bbox 2150 896 2481 967; x_wconf 67' lang='lat' dir='ltr'><strong>praecipitem</strong></span> <span class='ocrx_word' id='word_1_160' title='bbox 2519 904 2726 963; x_wconf 87' lang='lat' dir='ltr'><strong>actum,</strong></span> <span class='ocrx_word' id='word_1_161' title='bbox 2776 896 2899 950; x_wconf 88' lang='lat' dir='ltr'><strong>laus</strong></span> <span class='ocrx_word' id='word_1_162' title='bbox 2940 895 3008 949; x_wconf 90' lang='lat' dir='ltr'><strong>ab</strong></span> <span class='ocrx_word' id='word_1_163' title='bbox 3052 894 3120 949; x_wconf 91' lang='lat' dir='ltr'><strong>iis</strong></span> <span class='ocrx_word' id='word_1_164' title='bbox 3164 892 3481 964; x_wconf 85' lang='lat' dir='ltr'><strong>praedicatio</strong></span> <span class='ocrx_word' id='word_1_165' title='bbox 3497 899 3628 965; x_wconf 62' lang='grc' dir='ltr'><strong>(μεθ’,</strong></span> 
     </span>
    </p>
   </div>
   <div class='ocr_carea' id='block_1_24' title="bbox 2019 981 3599 1058">
    <p class='ocr_par' dir='ltr' id='par_1_24' title="bbox 2019 981 3599 1058">
     <span class='ocr_line' id='line_1_24' title="bbox 2019 981 3599 1058; baseline -0.004 -13"><span class='ocrx_word' id='word_1_166' title='bbox 2019 990 2329 1053; x_wconf 88' lang='lat' dir='ltr'><strong>deberetur,</strong></span> <span class='ocrx_word' id='word_1_167' title='bbox 2380 988 2483 1044; x_wconf 89' lang='lat' dir='ltr'><strong>hoc</strong></span> <span class='ocrx_word' id='word_1_168' title='bbox 2528 987 2753 1058; x_wconf 84' lang='lat' dir='ltr'><strong>insuper</strong></span> <span class='ocrx_word' id='word_1_169' title='bbox 2795 987 3009 1043; x_wconf 88' lang='lat' dir='ltr'><strong>crimini</strong></span> <span class='ocrx_word' id='word_1_170' title='bbox 3054 986 3151 1041; x_wconf 92' lang='lat' dir='ltr'><strong>tibi</strong></span> <span class='ocrx_word' id='word_1_171' title='bbox 3192 986 3403 1053; x_wconf 87' lang='lat' dir='ltr'><strong>darent,</strong></span> <span class='ocrx_word' id='word_1_172' title='bbox 3449 981 3599 1054; x_wconf 78' lang='lat' dir='ltr'><strong>quOd</strong></span> 
     </span>
    </p>
   </div>
   <div class='ocr_carea' id='block_1_25' title="bbox 2019 1079 3595 1151">
    <p class='ocr_par' dir='ltr' id='par_1_25' title="bbox 2019 1079 3595 1151">
     <span class='ocr_line' id='line_1_25' title="bbox 2019 1079 3595 1151; baseline -0.003 -15"><span class='ocrx_word' id='word_1_173' title='bbox 2019 1098 2089 1138; x_wconf 89' lang='lat' dir='ltr'><strong>ne</strong></span> <span class='ocrx_word' id='word_1_174' title='bbox 2126 1098 2313 1138; x_wconf 84' lang='lat' dir='ltr'><strong>vocem</strong></span> <span class='ocrx_word' id='word_1_175' title='bbox 2349 1083 2569 1151; x_wconf 84' lang='lat' dir='ltr'><strong>quidem</strong></span> <span class='ocrx_word' id='word_1_176' title='bbox 2604 1082 2927 1151; x_wconf 90' lang='lat' dir='ltr'><strong>protulisses</strong></span> <span class='ocrx_word' id='word_1_177' title='bbox 2966 1081 3021 1135; x_wconf 91' lang='lat' dir='ltr'><strong>in</strong></span> <span class='ocrx_word' id='word_1_178' title='bbox 3064 1090 3354 1150; x_wconf 74' lang='lat' dir='ltr'><strong>utramque</strong></span> <span class='ocrx_word' id='word_1_179' title='bbox 3390 1079 3595 1149; x_wconf 76' lang='lat' dir='ltr'><strong>signiti-</strong></span> 
     </span>
    </p>
   </div>
   <div class='ocr_carea' id='block_1_26' title="bbox 2018 1172 3593 1246">
    <p class='ocr_par' dir='ltr' id='par_1_26' title="bbox 2018 1172 3593 1246">
     <span class='ocr_line' id='line_1_26' title="bbox 2018 1172 3593 1246; baseline 0 -17"><span class='ocrx_word' id='word_1_180' title='bbox 2018 1175 2290 1230; x_wconf 89' lang='lat' dir='ltr'><strong>cationcm</strong></span> <span class='ocrx_word' id='word_1_181' title='bbox 2337 1175 2621 1244; x_wconf 67' lang='lat' dir='ltr'><strong>mqualiter</strong></span> <span class='ocrx_word' id='word_1_182' title='bbox 2663 1174 3111 1245; x_wconf 88' lang='lat' dir='ltr'><strong>pr0pendentem,</strong></span> <span class='ocrx_word' id='word_1_183' title='bbox 3142 1174 3223 1229; x_wconf 95' lang='lat' dir='ltr'><strong>uti</strong></span> <span class='ocrx_word' id='word_1_184' title='bbox 3277 1172 3464 1246; x_wconf 85' lang='lat' dir='ltr'><strong>Lydus</strong></span> <span class='ocrx_word' id='word_1_185' title='bbox 3505 1173 3593 1229; x_wconf 90' lang='lat' dir='ltr'><strong>ille</strong></span> 
     </span>
    </p>
   </div>
   <div class='ocr_carea' id='block_1_27' title="bbox 2014 1265 3590 1338">
    <p class='ocr_par' dir='ltr' id='par_1_27' title="bbox 2014 1265 3590 1338">
     <span class='ocr_line' id='line_1_27' title="bbox 2014 1265 3590 1338; baseline -0.001 -17"><span class='ocrx_word' id='word_1_186' title='bbox 2014 1267 2219 1337; x_wconf 82' lang='lat' dir='ltr'><strong>justam</strong></span> <span class='ocrx_word' id='word_1_187' title='bbox 2252 1265 2538 1322; x_wconf 85' lang='lat' dir='ltr'><strong>dubitandi</strong></span> <span class='ocrx_word' id='word_1_188' title='bbox 2570 1276 2735 1338; x_wconf 82' lang='lat' dir='ltr'><strong>atque</strong></span> <span class='ocrx_word' id='word_1_189' title='bbox 2765 1267 3003 1337; x_wconf 87' lang='lat' dir='ltr'><strong>amplius</strong></span> <span class='ocrx_word' id='word_1_190' title='bbox 3046 1265 3327 1337; x_wconf 67' lang='lat' dir='ltr'><strong>qurerendi</strong></span> <span class='ocrx_word' id='word_1_191' title='bbox 3369 1279 3590 1319; x_wconf 85' lang='lat' dir='ltr'><strong>causam</strong></span> 
     </span>
    </p>
   </div>
   <div class='ocr_carea' id='block_1_28' title="bbox 2018 1355 3595 1422">
    <p class='ocr_par' dir='ltr' id='par_1_28' title="bbox 2018 1355 3595 1422">
     <span class='ocr_line' id='line_1_28' title="bbox 2018 1355 3595 1422; baseline -0.001 -12"><span class='ocrx_word' id='word_1_192' title='bbox 2018 1356 2246 1413; x_wconf 84' lang='lat' dir='ltr'><strong>haberet</strong></span> <span class='ocrx_word' id='word_1_193' title='bbox 2285 1374 2300 1410; x_wconf 89' lang='lat'>:</span> <span class='ocrx_word' id='word_1_194' title='bbox 2337 1358 2432 1414; x_wconf 87' lang='lat' dir='ltr'><strong>sed</strong></span> <span class='ocrx_word' id='word_1_195' title='bbox 2461 1368 2615 1413; x_wconf 92' lang='lat' dir='ltr'><strong>tuum</strong></span> <span class='ocrx_word' id='word_1_196' title='bbox 2650 1356 2783 1413; x_wconf 87' lang='lat' dir='ltr'><strong>illud</strong></span> <span class='ocrx_word' id='word_1_197' title='bbox 2820 1355 3143 1422; x_wconf 86' lang='grc' dir='ltr'>καταλῦσαι,</span> <span class='ocrx_word' id='word_1_198' title='bbox 3173 1357 3277 1412; x_wconf 86' lang='lat' dir='ltr'><strong>hoc</strong></span> <span class='ocrx_word' id='word_1_199' title='bbox 3304 1363 3409 1419; x_wconf 73' lang='grc' dir='ltr'>εει,</span> <span class='ocrx_word' id='word_1_200' title='bbox 3437 1370 3595 1410; x_wconf 80' lang='lat' dir='ltr'><strong>ever-</strong></span> 
     </span>
    </p>
   </div>
   <div class='ocr_carea' id='block_1_29' title="bbox 2016 1449 3592 1521">
    <p class='ocr_par' dir='ltr' id='par_1_29' title="bbox 2016 1449 3592 1521">
     <span class='ocr_line' id='line_1_29' title="bbox 2016 1449 3592 1521; baseline -0.002 -17"><span class='ocrx_word' id='word_1_201' title='bbox 2016 1457 2152 1517; x_wconf 90' lang='lat' dir='ltr'><strong>tere,</strong></span> <span class='ocrx_word' id='word_1_202' title='bbox 2192 1465 2305 1505; x_wconf 89' lang='lat' dir='ltr'><strong>uno</strong></span> <span class='ocrx_word' id='word_1_203' title='bbox 2342 1450 2611 1506; x_wconf 78' lang='lat' dir='ltr'><strong>duntaxat</strong></span> <span class='ocrx_word' id='word_1_204' title='bbox 2640 1450 2784 1521; x_wconf 90' lang='lat' dir='ltr'><strong>apud</strong></span> <span class='ocrx_word' id='word_1_205' title='bbox 2816 1449 3035 1505; x_wconf 82' lang='lat' dir='ltr'><strong>Graecos</strong></span> <span class='ocrx_word' id='word_1_206' title='bbox 3076 1464 3240 1505; x_wconf 90' lang='lat' dir='ltr'><strong>sensu</strong></span> <span class='ocrx_word' id='word_1_207' title='bbox 3276 1454 3592 1518; x_wconf 84' lang='lat' dir='ltr'><strong>usurpetur,</strong></span> 
     </span>
    </p>
   </div>
   <div class='ocr_carea' id='block_1_30' title="bbox 2016 1540 3593 1614">
    <p class='ocr_par' dir='ltr' id='par_1_30' title="bbox 2016 1540 3593 1614">
     <span class='ocr_line' id='line_1_30' title="bbox 2016 1540 3593 1614; baseline -0.001 -17"><span class='ocrx_word' id='word_1_208' title='bbox 2016 1558 2121 1598; x_wconf 88' lang='lat' dir='ltr'><strong>nec</strong></span> <span class='ocrx_word' id='word_1_209' title='bbox 2155 1543 2271 1613; x_wconf 83' lang='lat' dir='ltr'><strong>jam</strong></span> <span class='ocrx_word' id='word_1_210' title='bbox 2316 1544 2384 1599; x_wconf 89' lang='lat' dir='ltr'><strong>de</strong></span> <span class='ocrx_word' id='word_1_211' title='bbox 2434 1544 2666 1614; x_wconf 92' lang='lat' dir='ltr'><strong>imperio</strong></span> <span class='ocrx_word' id='word_1_212' title='bbox 2714 1542 2994 1598; x_wconf 90' lang='lat' dir='ltr'><strong>deturbari</strong></span> <span class='ocrx_word' id='word_1_213' title='bbox 3045 1557 3167 1607; x_wconf 83' lang='lat' dir='ltr'><strong>suo,</strong></span> <span class='ocrx_word' id='word_1_214' title='bbox 3223 1541 3318 1596; x_wconf 91' lang='lat' dir='ltr'><strong>sed</strong></span> <span class='ocrx_word' id='word_1_215' title='bbox 3350 1540 3593 1597; x_wconf 88' lang='lat' dir='ltr'><strong>alienum</strong></span> 
     </span>
    </p>
   </div>
   <div class='ocr_carea' id='block_1_31' title="bbox 2016 1630 3590 1702">
    <p class='ocr_par' dir='ltr' id='par_1_31' title="bbox 2016 1630 3590 1702">
     <span class='ocr_line' id='line_1_31' title="bbox 2016 1630 3590 1702; baseline 0.003 -20"><span class='ocrx_word' id='word_1_216' title='bbox 2016 1636 2281 1698; x_wconf 68' lang='lat' dir='ltr'><strong>praeterea</strong></span> <span class='ocrx_word' id='word_1_217' title='bbox 2327 1645 2486 1685; x_wconf 87' lang='lat' dir='ltr'><strong>suam</strong></span> <span class='ocrx_word' id='word_1_218' title='bbox 2531 1632 2588 1685; x_wconf 89' lang='lat' dir='ltr'><strong>in</strong></span> <span class='ocrx_word' id='word_1_219' title='bbox 2634 1638 2962 1702; x_wconf 84' lang='lat' dir='ltr'><strong>potestatem</strong></span> <span class='ocrx_word' id='word_1_220' title='bbox 3005 1631 3253 1701; x_wconf 81' lang='lat' dir='ltr'><strong>redigere</strong></span> <span class='ocrx_word' id='word_1_221' title='bbox 3300 1630 3590 1699; x_wconf 76' lang='lat' dir='ltr'><strong>signiﬁcet.</strong></span> 
     </span>
    </p>
   </div>
   <div class='ocr_carea' id='block_1_32' title="bbox 2017 1718 3592 1792">
    <p class='ocr_par' dir='ltr' id='par_1_32' title="bbox 2017 1718 3592 1792">
     <span class='ocr_line' id='line_1_32' title="bbox 2017 1718 3592 1792; baseline 0.002 -19"><span class='ocrx_word' id='word_1_222' title='bbox 2017 1718 2154 1775; x_wconf 86' lang='lat' dir='ltr'><strong>Nam</strong></span> <span class='ocrx_word' id='word_1_223' title='bbox 2182 1719 2361 1791; x_wconf 89' lang='lat' dir='ltr'><strong>Cyrus</strong></span> <span class='ocrx_word' id='word_1_224' title='bbox 2396 1721 2487 1775; x_wconf 91' lang='lat' dir='ltr'><strong>ille</strong></span> <span class='ocrx_word' id='word_1_225' title='bbox 2520 1722 2741 1791; x_wconf 90' lang='lat' dir='ltr'><strong>quidem</strong></span> <span class='ocrx_word' id='word_1_226' title='bbox 2778 1721 3112 1777; x_wconf 90' lang='lat' dir='ltr'><strong>semimedus</strong></span> <span class='ocrx_word' id='word_1_227' title='bbox 3146 1728 3244 1774; x_wconf 87' lang='lat' dir='ltr'><strong>aut</strong></span> <span class='ocrx_word' id='word_1_228' title='bbox 3271 1721 3592 1792; x_wconf 85' lang='lat' dir='ltr'><strong>semipersa,</strong></span> 
     </span>
    </p>
   </div>
   <div class='ocr_carea' id='block_1_33' title="bbox 2017 1812 3589 1883">
    <p class='ocr_par' dir='ltr' id='par_1_33' title="bbox 2017 1812 3589 1883">
     <span class='ocr_line' id='line_1_33' title="bbox 2017 1812 3589 1883; baseline 0 -17"><span class='ocrx_word' id='word_1_229' title='bbox 2017 1826 2115 1866; x_wconf 90' lang='lat' dir='ltr'><strong>seu</strong></span> <span class='ocrx_word' id='word_1_230' title='bbox 2145 1813 2320 1868; x_wconf 76' lang='lat' dir='ltr'><strong>mavis</strong></span> <span class='ocrx_word' id='word_1_231' title='bbox 2353 1812 2622 1883; x_wconf 84' lang='lat' dir='ltr'><strong>ejusmodi</strong></span> <span class='ocrx_word' id='word_1_232' title='bbox 2655 1818 2749 1883; x_wconf 88' lang='lat' dir='ltr'><strong>qui</strong></span> <span class='ocrx_word' id='word_1_233' title='bbox 2778 1821 3009 1867; x_wconf 87' lang='lat' dir='ltr'><strong>matrem</strong></span> <span class='ocrx_word' id='word_1_234' title='bbox 3052 1813 3098 1866; x_wconf 93' lang='lat' dir='ltr'><strong>si</strong></span> <span class='ocrx_word' id='word_1_235' title='bbox 3130 1821 3365 1882; x_wconf 86' lang='lat' dir='ltr'><strong>spectes,</strong></span> <span class='ocrx_word' id='word_1_236' title='bbox 3399 1820 3589 1883; x_wconf 86' lang='lat' dir='ltr'><strong>tyran-</strong></span> 
     </span>
    </p>
   </div>
   <div class='ocr_carea' id='block_1_34' title="bbox 329 1901 1911 1978">
    <p class='ocr_par' dir='ltr' id='par_1_34' title="bbox 329 1901 1911 1978">
     <span class='ocr_line' id='line_1_34' title="bbox 329 1901 1911 1978; baseline 0.005 -21"><span class='ocrx_word' id='word_1_237' title='bbox 329 1904 524 1976; x_wconf 83' lang='grc' dir='ltr'>νηρίας</span> <span class='ocrx_word' id='word_1_238' title='bbox 553 1904 767 1970; x_wconf 75' lang='grc' dir='ltr'>ἔπαιζε,</span> <span class='ocrx_word' id='word_1_239' title='bbox 798 1905 960 1976; x_wconf 71' lang='grc' dir='ltr'>βαϐαὶ</span> <span class='ocrx_word' id='word_1_240' title='bbox 998 1901 1088 1960; x_wconf 73' lang='grc' dir='ltr'>οἷα</span> <span class='ocrx_word' id='word_1_241' title='bbox 1126 1907 1195 1961; x_wconf 81' lang='grc' dir='ltr'>τὰ</span> <span class='ocrx_word' id='word_1_242' title='bbox 1228 1907 1346 1961; x_wconf 80' lang='grc' dir='ltr'>θεῖα</span> <span class='ocrx_word' id='word_1_243' title='bbox 1386 1909 1611 1978; x_wconf 76' lang='grc' dir='ltr'>παίγνια</span> <span class='ocrx_word' id='word_1_244' title='bbox 1639 1912 1823 1964; x_wconf 79' lang='grc' dir='ltr'>ἐστινέ</span> <span class='ocrx_word' id='word_1_245' title='bbox 1853 1912 1911 1965; x_wconf 80' lang='lat' dir='ltr'><strong>El</strong></span> 
     </span>
    </p>
   </div>
   <div class='ocr_carea' id='block_1_35' title="bbox 2011 1901 3587 1978">
    <p class='ocr_par' dir='ltr' id='par_1_35' title="bbox 2020 1904 3587 1975">
     <span class='ocr_line' id='line_1_35' title="bbox 2020 1904 3587 1975; baseline 0 -16"><span class='ocrx_word' id='word_1_246' title='bbox 2020 1905 2165 1972; x_wconf 84' lang='lat' dir='ltr'><strong>nico,</strong></span> <span class='ocrx_word' id='word_1_247' title='bbox 2208 1905 2291 1960; x_wconf 90' lang='lat' dir='ltr'><strong>sin</strong></span> <span class='ocrx_word' id='word_1_248' title='bbox 2317 1914 2549 1975; x_wconf 88' lang='lat' dir='ltr'><strong>patrem,</strong></span> <span class='ocrx_word' id='word_1_249' title='bbox 2586 1905 2800 1975; x_wconf 87' lang='lat' dir='ltr'><strong>privato</strong></span> <span class='ocrx_word' id='word_1_250' title='bbox 2843 1919 3041 1975; x_wconf 84' lang='lat' dir='ltr'><strong>genere</strong></span> <span class='ocrx_word' id='word_1_251' title='bbox 3073 1913 3226 1960; x_wconf 86' lang='lat' dir='ltr'><strong>satus</strong></span> <span class='ocrx_word' id='word_1_252' title='bbox 3255 1914 3436 1971; x_wconf 86' lang='lat' dir='ltr'><strong>esset;</strong></span> <span class='ocrx_word' id='word_1_253' title='bbox 3476 1904 3587 1971; x_wconf 88' lang='lat' dir='ltr'><strong>ille,</strong></span> 
     </span>
    </p>
   </div>
   <div class='ocr_carea' id='block_1_36' title="bbox 326 1992 1914 2072">
    <p class='ocr_par' dir='ltr' id='par_1_36' title="bbox 326 1992 1914 2072">
     <span class='ocr_line' id='line_1_36' title="bbox 326 1992 1914 2072; baseline 0.005 -26"><span class='ocrx_word' id='word_1_254' title='bbox 326 1992 378 2046; x_wconf 78' lang='grc' dir='ltr'>δ’</span> <span class='ocrx_word' id='word_1_255' title='bbox 402 1994 522 2047; x_wconf 78' lang='grc' dir='ltr'>οὐδὲ</span> <span class='ocrx_word' id='word_1_256' title='bbox 550 1993 722 2059; x_wconf 87' lang='grc' dir='ltr'>τοῦτο,</span> <span class='ocrx_word' id='word_1_257' title='bbox 751 1994 865 2049; x_wconf 83' lang='grc' dir='ltr'>ἀλλ’</span> <span class='ocrx_word' id='word_1_258' title='bbox 902 1997 983 2049; x_wconf 85' lang='grc' dir='ltr'>ὃτι</span> <span class='ocrx_word' id='word_1_259' title='bbox 1009 1997 1173 2068; x_wconf 80' lang='grc' dir='ltr'>ἐχρῆν</span> <span class='ocrx_word' id='word_1_260' title='bbox 1201 1996 1344 2050; x_wconf 78' lang='grc' dir='ltr'>οὕτω</span> <span class='ocrx_word' id='word_1_261' title='bbox 1380 1998 1653 2066; x_wconf 78' lang='grc' dir='ltr'>γενέσθαι,</span> <span class='ocrx_word' id='word_1_262' title='bbox 1685 1999 1914 2072; x_wconf 85' lang='grc' dir='ltr'>ἀνιερώ-</span> 
     </span>
    </p>
   </div>
   <div class='ocr_carea' id='block_1_37' title="bbox 329 2081 1916 2161">
    <p class='ocr_par' dir='ltr' id='par_1_37' title="bbox 329 2081 1916 2161">
     <span class='ocr_line' id='line_1_37' title="bbox 329 2081 1916 2161; baseline 0.005 -23"><span class='ocrx_word' id='word_1_263' title='bbox 329 2102 490 2149; x_wconf 80' lang='grc' dir='ltr'>τατος</span> <span class='ocrx_word' id='word_1_264' title='bbox 527 2085 629 2155; x_wconf 78' lang='grc' dir='ltr'>μὲν</span> <span class='ocrx_word' id='word_1_265' title='bbox 658 2081 813 2150; x_wconf 76' lang='grc' dir='ltr'>οὗτος</span> <span class='ocrx_word' id='word_1_266' title='bbox 849 2087 1023 2157; x_wconf 86' lang='grc' dir='ltr'>λόγων</span> <span class='ocrx_word' id='word_1_267' title='bbox 1071 2089 1433 2159; x_wconf 83' lang='grc' dir='ltr'>σοφιστικῶν·</span> <span class='ocrx_word' id='word_1_268' title='bbox 1477 2091 1532 2144; x_wconf 87' lang='grc' dir='ltr'><strong>τί</strong></span> <span class='ocrx_word' id='word_1_269' title='bbox 1574 2090 1618 2142; x_wconf 73' lang='grc' dir='ltr'><strong>δ’</strong></span> <span class='ocrx_word' id='word_1_270' title='bbox 1649 2090 1820 2161; x_wconf 81' lang='grc' dir='ltr'>ὅμως,</span> <span class='ocrx_word' id='word_1_271' title='bbox 1867 2093 1916 2146; x_wconf 85' lang='grc' dir='ltr'>εἰ</span> 
     </span>
    </p>
   </div>
   <div class='ocr_carea' id='block_1_38' title="bbox 329 2175 1918 2252">
    <p class='ocr_par' dir='ltr' id='par_1_38' title="bbox 329 2175 1918 2252">
     <span class='ocr_line' id='line_1_38' title="bbox 329 2175 1918 2252; baseline 0.004 -23"><span class='ocrx_word' id='word_1_272' title='bbox 329 2175 504 2241; x_wconf 76' lang='grc' dir='ltr'>οὕτως</span> <span class='ocrx_word' id='word_1_273' title='bbox 532 2177 699 2249; x_wconf 80' lang='grc' dir='ltr'>ἐχρῆν</span> <span class='ocrx_word' id='word_1_274' title='bbox 727 2178 996 2247; x_wconf 79' lang='grc' dir='ltr'>γενέσθαι,</span> <span class='ocrx_word' id='word_1_275' title='bbox 1023 2180 1087 2233; x_wconf 83' lang='grc' dir='ltr'><strong>σὺ</strong></span> <span class='ocrx_word' id='word_1_276' title='bbox 1111 2182 1139 2234; x_wconf 93' lang='grc' dir='ltr'><strong>ό</strong></span> <span class='ocrx_word' id='word_1_277' title='bbox 1167 2180 1424 2252; x_wconf 81' lang='grc' dir='ltr'>δύστηνος</span> <span class='ocrx_word' id='word_1_278' title='bbox 1445 2182 1503 2233; x_wconf 86' lang='grc' dir='ltr'><strong>ἐν</strong></span> <span class='ocrx_word' id='word_1_279' title='bbox 1529 2180 1749 2251; x_wconf 83' lang='grc' dir='ltr'>Δελφοῖς</span> <span class='ocrx_word' id='word_1_280' title='bbox 1785 2180 1918 2235; x_wconf 87' lang='grc' dir='ltr'>καθ-</span> 
     </span>
    </p>
   </div>
   <div class='ocr_carea' id='block_1_39' title="bbox 331 2267 1915 2343">
    <p class='ocr_par' dir='ltr' id='par_1_39' title="bbox 331 2267 1915 2343">
     <span class='ocr_line' id='line_1_39' title="bbox 331 2267 1915 2343; baseline 0.003 -22"><span class='ocrx_word' id='word_1_281' title='bbox 331 2267 434 2343; x_wconf 74' lang='grc' dir='ltr'><strong>έζῃ</strong></span> <span class='ocrx_word' id='word_1_282' title='bbox 479 2267 547 2322; x_wconf 83' lang='grc' dir='ltr'>τὰ</span> <span class='ocrx_word' id='word_1_283' title='bbox 582 2268 715 2323; x_wconf 76' lang='grc' dir='ltr'>κενὰ</span> <span class='ocrx_word' id='word_1_284' title='bbox 764 2270 858 2323; x_wconf 74' lang='grc' dir='ltr'><strong>καὶ</strong></span> <span class='ocrx_word' id='word_1_285' title='bbox 907 2272 1109 2341; x_wconf 85' lang='grc' dir='ltr'>μάταια</span> <span class='ocrx_word' id='word_1_286' title='bbox 1151 2270 1325 2343; x_wconf 55' lang='lat' dir='ltr'><strong>eam;</strong></span> <span class='ocrx_word' id='word_1_287' title='bbox 1379 2270 1444 2324; x_wconf 87' lang='grc' dir='ltr'>Τί</span> <span class='ocrx_word' id='word_1_288' title='bbox 1484 2270 1541 2324; x_wconf 79' lang='grc' dir='ltr'><em>δέ</em></span> <span class='ocrx_word' id='word_1_289' title='bbox 1586 2289 1679 2324; x_wconf 88' lang='grc' dir='ltr'><strong>σου</strong></span> <span class='ocrx_word' id='word_1_290' title='bbox 1722 2271 1915 2341; x_wconf 76' lang='grc' dir='ltr'>ὄφελος</span> 
     </span>
    </p>
   </div>
   <div class='ocr_carea' id='block_1_40' title="bbox 328 2360 1912 2435">
    <p class='ocr_par' dir='ltr' id='par_1_40' title="bbox 328 2360 1912 2435">
     <span class='ocr_line' id='line_1_40' title="bbox 328 2360 1912 2435; baseline 0.004 -24"><span class='ocrx_word' id='word_1_291' title='bbox 328 2361 498 2431; x_wconf 57' lang='lat' dir='ltr'><strong>qam;</strong></span> <span class='ocrx_word' id='word_1_292' title='bbox 530 2360 583 2413; x_wconf 90' lang='grc' dir='ltr'><strong>τί</strong></span> <span class='ocrx_word' id='word_1_293' title='bbox 608 2361 665 2415; x_wconf 83' lang='grc' dir='ltr'><strong>δὲ</strong></span> <span class='ocrx_word' id='word_1_294' title='bbox 694 2362 994 2433; x_wconf 81' lang='grc' dir='ltr'>μαινόμεθα</span> <span class='ocrx_word' id='word_1_295' title='bbox 1021 2366 1068 2416; x_wconf 80' lang='grc' dir='ltr'>οἱ</span> <span class='ocrx_word' id='word_1_296' title='bbox 1098 2361 1437 2433; x_wconf 76' lang='grc' dir='ltr'>πανταχόθεν</span> <span class='ocrx_word' id='word_1_297' title='bbox 1470 2362 1569 2433; x_wconf 84' lang='grc' dir='ltr'><strong>τῆς</strong></span> <span class='ocrx_word' id='word_1_298' title='bbox 1594 2363 1700 2435; x_wconf 87' lang='grc' dir='ltr'><strong>γῆς</strong></span> <span class='ocrx_word' id='word_1_299' title='bbox 1730 2365 1824 2418; x_wconf 77' lang='grc' dir='ltr'>ἐπὶ</span> <span class='ocrx_word' id='word_1_300' title='bbox 1852 2364 1912 2418; x_wconf 81' lang='grc' dir='ltr'>σὲ</span> 
     </span>
    </p>
   </div>
   <div class='ocr_carea' id='block_1_41' title="bbox 329 2450 1913 2525">
    <p class='ocr_par' dir='ltr' id='par_1_41' title="bbox 329 2450 1913 2525">
     <span class='ocr_line' id='line_1_41' title="bbox 329 2450 1913 2525; baseline 0.002 -20"><span class='ocrx_word' id='word_1_301' title='bbox 329 2450 648 2519; x_wconf 76' lang='grc' dir='ltr'>διώκοντεςς</span> <span class='ocrx_word' id='word_1_302' title='bbox 675 2453 727 2506; x_wconf 92' lang='grc' dir='ltr'><strong>τί</strong></span> <span class='ocrx_word' id='word_1_303' title='bbox 750 2455 806 2507; x_wconf 84' lang='grc' dir='ltr'><strong>δὲ</strong></span> <span class='ocrx_word' id='word_1_304' title='bbox 832 2455 897 2507; x_wconf 82' lang='grc' dir='ltr'><strong>σὺ</strong></span> <span class='ocrx_word' id='word_1_305' title='bbox 921 2454 1153 2524; x_wconf 81' lang='grc' dir='ltr'>κνηφίας</span> <span class='ocrx_word' id='word_1_306' title='bbox 1170 2454 1310 2525; x_wconf 82' lang='lat'><strong>(50);</strong></span> <span class='ocrx_word' id='word_1_307' title='bbox 1348 2472 1367 2506; x_wconf 76' lang='grc' dir='ltr'>ι</span> <span class='ocrx_word' id='word_1_308' title='bbox 1390 2452 1624 2507; x_wconf 81' lang='grc' dir='ltr'>Τοιαῦτα</span> <span class='ocrx_word' id='word_1_309' title='bbox 1646 2455 1745 2524; x_wconf 86' lang='grc' dir='ltr'><strong>τῆς</strong></span> <span class='ocrx_word' id='word_1_310' title='bbox 1758 2455 1913 2508; x_wconf 79' lang='grc' dir='ltr'>Οἰνο-</span> 
     </span>
    </p>
   </div>
   <div class='ocr_carea' id='block_1_42' title="bbox 328 2542 1916 2621">
    <p class='ocr_par' dir='ltr' id='par_1_42' title="bbox 328 2542 1916 2621">
     <span class='ocr_line' id='line_1_42' title="bbox 328 2542 1916 2621; baseline 0.004 -25"><span class='ocrx_word' id='word_1_311' title='bbox 328 2542 476 2614; x_wconf 80' lang='grc' dir='ltr'>μάου</span> <span class='ocrx_word' id='word_1_312' title='bbox 506 2544 813 2616; x_wconf 73' lang='grc' dir='ltr'>παρρησίας</span> <span class='ocrx_word' id='word_1_313' title='bbox 839 2545 906 2598; x_wconf 81' lang='grc' dir='ltr'>τὰ</span> <span class='ocrx_word' id='word_1_314' title='bbox 938 2545 1080 2599; x_wconf 82' lang='grc' dir='ltr'>κατὰ</span> <span class='ocrx_word' id='word_1_315' title='bbox 1108 2545 1206 2616; x_wconf 83' lang='grc' dir='ltr'><strong>τῆς</strong></span> <span class='ocrx_word' id='word_1_316' title='bbox 1233 2546 1341 2598; x_wconf 84' lang='grc' dir='ltr'><strong>τῶν</strong></span> <span class='ocrx_word' id='word_1_317' title='bbox 1369 2547 1581 2617; x_wconf 79' lang='grc' dir='ltr'>γοήτων</span> <span class='ocrx_word' id='word_1_318' title='bbox 1605 2550 1798 2621; x_wconf 80' lang='grc' dir='ltr'>φορᾶς,</span> <span class='ocrx_word' id='word_1_319' title='bbox 1824 2566 1916 2603; x_wconf 90' lang='grc' dir='ltr'>κυ-</span> 
     </span>
    </p>
   </div>
   <div class='ocr_carea' id='block_1_43' title="bbox 327 2636 1910 2713">
    <p class='ocr_par' dir='ltr' id='par_1_43' title="bbox 327 2636 1910 2713">
     <span class='ocr_line' id='line_1_43' title="bbox 327 2636 1910 2713; baseline 0.004 -24"><span class='ocrx_word' id='word_1_320' title='bbox 327 2637 486 2707; x_wconf 83' lang='grc' dir='ltr'>νικῆς</span> <span class='ocrx_word' id='word_1_321' title='bbox 511 2636 611 2690; x_wconf 80' lang='grc' dir='ltr'><strong>οὐκ</strong></span> <span class='ocrx_word' id='word_1_322' title='bbox 642 2637 1038 2709; x_wconf 81' lang='grc' dir='ltr'>ἀπηλλαγμένα</span> <span class='ocrx_word' id='word_1_323' title='bbox 1065 2639 1288 2711; x_wconf 79' lang='grc' dir='ltr'>πικρίας</span> <span class='ocrx_word' id='word_1_324' title='bbox 1309 2655 1323 2669; x_wconf 77' lang='grc' dir='ltr'><strong>ο</strong></span> <span class='ocrx_word' id='word_1_325' title='bbox 1353 2638 1472 2691; x_wconf 81' lang='grc' dir='ltr'>οὐδὲ</span> <span class='ocrx_word' id='word_1_326' title='bbox 1500 2638 1610 2712; x_wconf 81' lang='grc' dir='ltr'>γὰρ</span> <span class='ocrx_word' id='word_1_327' title='bbox 1634 2640 1910 2713; x_wconf 87' lang='grc' dir='ltr'>δαίμονος,</span> 
     </span>
    </p>
   </div>
   <div class='ocr_carea' id='block_1_44' title="bbox 328 2727 1915 2806">
    <p class='ocr_par' dir='ltr' id='par_1_44' title="bbox 328 2727 1915 2806">
     <span class='ocr_line' id='line_1_44' title="bbox 328 2727 1915 2806; baseline -0.005 -22"><span class='ocrx_word' id='word_1_328' title='bbox 328 2727 408 2799; x_wconf 78' lang='grc' dir='ltr'>μὴ</span> <span class='ocrx_word' id='word_1_329' title='bbox 434 2729 516 2783; x_wconf 84' lang='grc' dir='ltr'>ὅτι</span> <span class='ocrx_word' id='word_1_330' title='bbox 563 2728 710 2794; x_wconf 89' lang='grc' dir='ltr'>θεοῦ,</span> <span class='ocrx_word' id='word_1_331' title='bbox 736 2731 861 2795; x_wconf 81' lang='grc' dir='ltr'>τοὺς</span> <span class='ocrx_word' id='word_1_332' title='bbox 886 2732 1017 2804; x_wconf 86' lang='grc' dir='ltr'>παρ’</span> <span class='ocrx_word' id='word_1_333' title='bbox 1045 2731 1270 2802; x_wconf 79' lang='grc' dir='ltr'>Ἕλλησι</span> <span class='ocrx_word' id='word_1_334' title='bbox 1302 2728 1747 2803; x_wconf 79' lang='grc' dir='ltr'>θαυμαζομένους</span> <span class='ocrx_word' id='word_1_335' title='bbox 1777 2751 1915 2806; x_wconf 85' lang='grc' dir='ltr'>χρη.</span> 
     </span>
    </p>
   </div>
   <div class='ocr_carea' id='block_1_45' title="bbox 330 2814 1915 2894">
    <p class='ocr_par' dir='ltr' id='par_1_45' title="bbox 330 2814 1915 2894">
     <span class='ocr_line' id='line_1_45' title="bbox 330 2814 1915 2894; baseline 0.004 -24"><span class='ocrx_word' id='word_1_336' title='bbox 330 2818 501 2888; x_wconf 81' lang='grc' dir='ltr'>σμοὺς</span> <span class='ocrx_word' id='word_1_337' title='bbox 526 2814 668 2872; x_wconf 84' lang='grc' dir='ltr'>εἶναι</span> <span class='ocrx_word' id='word_1_338' title='bbox 701 2818 970 2890; x_wconf 83' lang='grc' dir='ltr'>βούλεται,</span> <span class='ocrx_word' id='word_1_339' title='bbox 1006 2821 1219 2891; x_wconf 85' lang='grc' dir='ltr'>γοήτων</span> <span class='ocrx_word' id='word_1_340' title='bbox 1248 2819 1291 2873; x_wconf 81' lang='grc' dir='ltr'><strong>δ’</strong></span> <span class='ocrx_word' id='word_1_341' title='bbox 1321 2819 1530 2894; x_wconf 84' lang='grc' dir='ltr'>ἀνδρῶν</span> <span class='ocrx_word' id='word_1_342' title='bbox 1571 2820 1780 2886; x_wconf 87' lang='grc' dir='ltr'>πλάνας</span> <span class='ocrx_word' id='word_1_343' title='bbox 1820 2822 1915 2876; x_wconf 73' lang='grc' dir='ltr'><strong>καὶ</strong></span> 
     </span>
    </p>
   </div>
   <div class='ocr_carea' id='block_1_46' title="bbox 331 2911 1909 2987">
    <p class='ocr_par' dir='ltr' id='par_1_46' title="bbox 331 2911 1909 2987">
     <span class='ocr_line' id='line_1_46' title="bbox 331 2911 1909 2987; baseline 0.003 -23"><span class='ocrx_word' id='word_1_344' title='bbox 331 2911 641 2984; x_wconf 76' lang='grc' dir='ltr'>σοφίσματα</span> <span class='ocrx_word' id='word_1_345' title='bbox 668 2914 761 2967; x_wconf 67' lang='grc' dir='ltr'><strong>ἐπὶ</strong></span> <span class='ocrx_word' id='word_1_346' title='bbox 809 2915 992 2986; x_wconf 80' lang='grc' dir='ltr'>ἀπάτῃ</span> <span class='ocrx_word' id='word_1_347' title='bbox 1042 2914 1149 2967; x_wconf 85' lang='grc' dir='ltr'>τῶν</span> <span class='ocrx_word' id='word_1_348' title='bbox 1190 2914 1399 2968; x_wconf 86' lang='grc' dir='ltr'>πολλῶν</span> <span class='ocrx_word' id='word_1_349' title='bbox 1449 2914 1909 2987; x_wconf 74' lang='grc' dir='ltr'>ἐσκαιωρημέναο</span> 
     </span>
    </p>
   </div>
   <div class='ocr_carea' id='block_1_47' title="bbox 323 2995 1915 3079">
    <p class='ocr_par' dir='ltr' id='par_1_47' title="bbox 323 2995 1915 3079">
     <span class='ocr_line' id='line_1_47' title="bbox 323 2995 1915 3079; baseline 0.001 -20"><span class='ocrx_word' id='word_1_350' title='bbox 323 2995 406 3059; x_wconf 78' lang='grc' dir='ltr'>ὧν</span> <span class='ocrx_word' id='word_1_351' title='bbox 431 3006 658 3076; x_wconf 83' lang='grc' dir='ltr'>ἐπείπερ</span> <span class='ocrx_word' id='word_1_352' title='bbox 686 3005 832 3073; x_wconf 74' lang='grc' dir='ltr'>ἅπαξ</span> <span class='ocrx_word' id='word_1_353' title='bbox 876 3004 1247 3078; x_wconf 82' lang='grc' dir='ltr'>ἐμνήσθημεν,</span> <span class='ocrx_word' id='word_1_354' title='bbox 1283 3005 1434 3060; x_wconf 79' lang='grc' dir='ltr'>οὐδὲν</span> <span class='ocrx_word' id='word_1_355' title='bbox 1463 3004 1531 3060; x_wconf 82' lang='grc' dir='ltr'>ἂν</span> <span class='ocrx_word' id='word_1_356' title='bbox 1564 3006 1775 3076; x_wconf 82' lang='grc' dir='ltr'>γένοιτο</span> <span class='ocrx_word' id='word_1_357' title='bbox 1814 3008 1915 3079; x_wconf 84' lang='grc' dir='ltr'>ἐμ-</span> 
     </span>
    </p>
   </div>
   <div class='ocr_carea' id='block_1_48' title="bbox 328 3093 1915 3169">
    <p class='ocr_par' dir='ltr' id='par_1_48' title="bbox 328 3093 1915 3169">
     <span class='ocr_line' id='line_1_48' title="bbox 328 3093 1915 3169; baseline 0.001 -19"><span class='ocrx_word' id='word_1_358' title='bbox 328 3093 509 3150; x_wconf 81' lang='grc' dir='ltr'>ποδὼν</span> <span class='ocrx_word' id='word_1_359' title='bbox 536 3096 628 3151; x_wconf 91' lang='grc' dir='ltr'><strong>τοῦ</strong></span> <span class='ocrx_word' id='word_1_360' title='bbox 664 3100 760 3152; x_wconf 72' lang='grc' dir='ltr'><strong>καὶ</strong></span> <span class='ocrx_word' id='word_1_361' title='bbox 798 3098 1000 3169; x_wconf 80' lang='grc' dir='ltr'>ἐτέρων</span> <span class='ocrx_word' id='word_1_362' title='bbox 1039 3097 1276 3169; x_wconf 76' lang='grc' dir='ltr'>ἐλέγχων</span> <span class='ocrx_word' id='word_1_363' title='bbox 1305 3096 1610 3152; x_wconf 86' lang='grc' dir='ltr'>ἐπακοῦσαι</span> <span class='ocrx_word' id='word_1_364' title='bbox 1637 3098 1733 3152; x_wconf 71' lang='grc' dir='ltr'>καὶ</span> <span class='ocrx_word' id='word_1_365' title='bbox 1761 3095 1915 3168; x_wconf 84' lang='grc' dir='ltr'>πρώ-</span> 
     </span>
    </p>
   </div>
   <div class='ocr_carea' id='block_1_49' title="bbox 327 3183 1911 3262">
    <p class='ocr_par' dir='ltr' id='par_1_49' title="bbox 327 3183 1911 3262">
     <span class='ocr_line' id='line_1_49' title="bbox 327 3183 1911 3262; baseline 0.002 -19"><span class='ocrx_word' id='word_1_366' title='bbox 327 3205 421 3243; x_wconf 73' lang='grc' dir='ltr'><strong>¹ιτου</strong></span> <span class='ocrx_word' id='word_1_367' title='bbox 461 3207 546 3259; x_wconf 85' lang='grc' dir='ltr'><strong>γε,</strong></span> <span class='ocrx_word' id='word_1_368' title='bbox 581 3189 647 3244; x_wconf 88' lang='grc' dir='ltr'><strong>δι’</strong></span> <span class='ocrx_word' id='word_1_369' title='bbox 678 3183 739 3244; x_wconf 74' lang='grc' dir='ltr'>οὗ</span> <span class='ocrx_word' id='word_1_370' title='bbox 785 3209 951 3262; x_wconf 85' lang='grc' dir='ltr'>φησιν</span> <span class='ocrx_word' id='word_1_371' title='bbox 983 3192 1012 3245; x_wconf 86' lang='grc' dir='ltr'><strong>ό</strong></span> <span class='ocrx_word' id='word_1_372' title='bbox 1047 3191 1209 3255; x_wconf 77' lang='grc' dir='ltr'>αὐτὸς</span> <span class='ocrx_word' id='word_1_373' title='bbox 1250 3189 1442 3245; x_wconf 78' lang='grc' dir='ltr'>ἐαυτὸν</span> <span class='ocrx_word' id='word_1_374' title='bbox 1487 3190 1593 3243; x_wconf 78' lang='grc' dir='ltr'><strong>ὑπὸ</strong></span> <span class='ocrx_word' id='word_1_375' title='bbox 1635 3188 1728 3243; x_wconf 90' lang='grc' dir='ltr'><strong>τοῦ</strong></span> <span class='ocrx_word' id='word_1_376' title='bbox 1760 3189 1911 3246; x_wconf 77' lang='grc' dir='ltr'>Κλα-</span> 
     </span>
    </p>
   </div>
   <div class='ocr_carea' id='block_1_50' title="bbox 332 3275 1589 3354">
    <p class='ocr_par' dir='ltr' id='par_1_50' title="bbox 332 3275 1589 3354">
     <span class='ocr_line' id='line_1_50' title="bbox 332 3275 1589 3354; baseline 0.001 -20"><span class='ocrx_word' id='word_1_377' title='bbox 332 3282 447 3354; x_wconf 83' lang='grc' dir='ltr'>ρίου</span> <span class='ocrx_word' id='word_1_378' title='bbox 490 3282 818 3348; x_wconf 76' lang='grc' dir='ltr'>’Λπόλλωνος</span> <span class='ocrx_word' id='word_1_379' title='bbox 843 3282 1178 3354; x_wconf 82' lang='grc' dir='ltr'>ήπατῆσθαι,</span> <span class='ocrx_word' id='word_1_380' title='bbox 1210 3282 1441 3354; x_wconf 84' lang='grc' dir='ltr'>γράφων</span> <span class='ocrx_word' id='word_1_381' title='bbox 1465 3275 1589 3337; x_wconf 74' lang='grc' dir='ltr'>ὧδεο</span> 
     </span>
    </p>
   </div>
   <div class='ocr_carea' id='block_1_51' title="bbox 2018 1995 3593 2067">
    <p class='ocr_par' dir='ltr' id='par_1_51' title="bbox 2018 1995 3593 2067">
     <span class='ocr_line' id='line_1_51' title="bbox 2018 1995 3593 2067; baseline 0.001 -17"><span class='ocrx_word' id='word_1_382' title='bbox 2018 1995 2266 2067; x_wconf 89' lang='lat' dir='ltr'><strong>inquam,</strong></span> <span class='ocrx_word' id='word_1_383' title='bbox 2321 1997 2427 2051; x_wconf 92' lang='lat' dir='ltr'><strong>hoc</strong></span> <span class='ocrx_word' id='word_1_384' title='bbox 2477 1997 2533 2051; x_wconf 89' lang='lat' dir='ltr'><strong>in</strong></span> <span class='ocrx_word' id='word_1_385' title='bbox 2564 1997 2850 2065; x_wconf 70' lang='lat' dir='ltr'><strong>aenigmate</strong></span> <span class='ocrx_word' id='word_1_386' title='bbox 2876 1997 3011 2051; x_wconf 88' lang='lat' dir='ltr'><strong>muli</strong></span> <span class='ocrx_word' id='word_1_387' title='bbox 3051 1996 3277 2051; x_wconf 91' lang='lat' dir='ltr'><strong>nomine</strong></span> <span class='ocrx_word' id='word_1_388' title='bbox 3300 1996 3593 2051; x_wconf 85' lang='lat' dir='ltr'><strong>adumbra-</strong></span> 
     </span>
    </p>
   </div>
   <div class='ocr_carea' id='block_1_52' title="bbox 2018 2088 3588 2153">
    <p class='ocr_par' dir='ltr' id='par_1_52' title="bbox 2018 2088 3588 2153">
     <span class='ocr_line' id='line_1_52' title="bbox 2018 2088 3588 2153; baseline 0.001 -11"><span class='ocrx_word' id='word_1_389' title='bbox 2018 2095 2131 2153; x_wconf 90' lang='lat' dir='ltr'><strong>tus,</strong></span> <span class='ocrx_word' id='word_1_390' title='bbox 2163 2103 2270 2143; x_wconf 91' lang='lat' dir='ltr'><strong>non</strong></span> <span class='ocrx_word' id='word_1_391' title='bbox 2305 2089 2470 2143; x_wconf 91' lang='lat' dir='ltr'><strong>modo</strong></span> <span class='ocrx_word' id='word_1_392' title='bbox 2499 2088 2758 2144; x_wconf 89' lang='lat' dir='ltr'><strong>stolidum</strong></span> <span class='ocrx_word' id='word_1_393' title='bbox 2786 2103 2960 2143; x_wconf 55' lang='lat' dir='ltr'><strong>musas</strong></span> <span class='ocrx_word' id='word_1_394' title='bbox 2986 2100 3256 2144; x_wconf 87' lang='lat' dir='ltr'><strong>tumorem</strong></span> <span class='ocrx_word' id='word_1_395' title='bbox 3282 2104 3347 2144; x_wconf 90' lang='lat' dir='ltr'><strong>ac</strong></span> <span class='ocrx_word' id='word_1_396' title='bbox 3373 2090 3588 2144; x_wconf 81' lang='lat' dir='ltr'><strong>fumum</strong></span> 
     </span>
    </p>
   </div>
   <div class='ocr_carea' id='block_1_53' title="bbox 2019 2176 3594 2250">
    <p class='ocr_par' dir='ltr' id='par_1_53' title="bbox 2019 2176 3594 2250">
     <span class='ocr_line' id='line_1_53' title="bbox 2019 2176 3594 2250; baseline 0.001 -18"><span class='ocrx_word' id='word_1_397' title='bbox 2019 2176 2246 2243; x_wconf 86' lang='lat' dir='ltr'><strong>indicat,</strong></span> <span class='ocrx_word' id='word_1_398' title='bbox 2282 2178 2376 2233; x_wconf 88' lang='lat' dir='ltr'><strong>sed</strong></span> <span class='ocrx_word' id='word_1_399' title='bbox 2406 2177 2571 2232; x_wconf 90' lang='lat' dir='ltr'><strong>etiam</strong></span> <span class='ocrx_word' id='word_1_400' title='bbox 2603 2177 2995 2232; x_wconf 84' lang='lat' dir='ltr'><strong>divinationem</strong></span> <span class='ocrx_word' id='word_1_401' title='bbox 3028 2178 3380 2234; x_wconf 85' lang='lat' dir='ltr'><strong>divinationis</strong></span> <span class='ocrx_word' id='word_1_402' title='bbox 3408 2195 3594 2250; x_wconf 83' lang='lat' dir='ltr'><strong>exper-</strong></span> 
     </span>
    </p>
   </div>
   <div class='ocr_carea' id='block_1_54' title="bbox 2015 2266 3592 2339">
    <p class='ocr_par' dir='ltr' id='par_1_54' title="bbox 2015 2266 3592 2339">
     <span class='ocr_line' id='line_1_54' title="bbox 2015 2266 3592 2339; baseline 0.001 -18"><span class='ocrx_word' id='word_1_403' title='bbox 2015 2273 2150 2333; x_wconf 89' lang='lat' dir='ltr'><strong>tem,</strong></span> <span class='ocrx_word' id='word_1_404' title='bbox 2197 2267 2243 2322; x_wconf 84' lang='lat' dir='ltr'><strong>si</strong></span> <span class='ocrx_word' id='word_1_405' title='bbox 2278 2266 2498 2338; x_wconf 89' lang='lat' dir='ltr'><strong>quidem</strong></span> <span class='ocrx_word' id='word_1_406' title='bbox 2526 2274 2682 2321; x_wconf 87' lang='lat' dir='ltr'><strong>vates</strong></span> <span class='ocrx_word' id='word_1_407' title='bbox 2727 2267 2839 2321; x_wconf 79' lang='lat' dir='ltr'><strong>vim</strong></span> <span class='ocrx_word' id='word_1_408' title='bbox 2872 2266 3179 2338; x_wconf 73' lang='lat' dir='ltr'><strong>acnigmatis</strong></span> <span class='ocrx_word' id='word_1_409' title='bbox 3215 2268 3286 2323; x_wconf 85' lang='lat' dir='ltr'><strong>ab</strong></span> <span class='ocrx_word' id='word_1_410' title='bbox 3331 2268 3424 2323; x_wconf 90' lang='lat' dir='ltr'><strong>illo</strong></span> <span class='ocrx_word' id='word_1_411' title='bbox 3472 2269 3592 2339; x_wconf 67' lang='lat' dir='ltr'><strong>capi</strong></span> 
     </span>
    </p>
   </div>
   <div class='ocr_carea' id='block_1_55' title="bbox 2016 2354 3592 2428">
    <p class='ocr_par' dir='ltr' id='par_1_55' title="bbox 2016 2354 3592 2428">
     <span class='ocr_line' id='line_1_55' title="bbox 2016 2354 3592 2428; baseline 0.003 -20"><span class='ocrx_word' id='word_1_412' title='bbox 2016 2368 2128 2408; x_wconf 89' lang='lat' dir='ltr'><strong>non</strong></span> <span class='ocrx_word' id='word_1_413' title='bbox 2158 2369 2321 2425; x_wconf 87' lang='lat' dir='ltr'><strong>posse</strong></span> <span class='ocrx_word' id='word_1_414' title='bbox 2347 2355 2604 2411; x_wconf 90' lang='lat' dir='ltr'><strong>nesciret.</strong></span> <span class='ocrx_word' id='word_1_415' title='bbox 2640 2354 2736 2410; x_wconf 90' lang='lat' dir='ltr'><strong>Sin</strong></span> <span class='ocrx_word' id='word_1_416' title='bbox 2767 2365 2950 2412; x_wconf 89' lang='lat' dir='ltr'><strong>autem</strong></span> <span class='ocrx_word' id='word_1_417' title='bbox 2981 2372 3104 2411; x_wconf 89' lang='lat' dir='ltr'><strong>cum</strong></span> <span class='ocrx_word' id='word_1_418' title='bbox 3131 2356 3184 2411; x_wconf 88' lang='lat' dir='ltr'><strong>id</strong></span> <span class='ocrx_word' id='word_1_419' title='bbox 3211 2358 3380 2428; x_wconf 90' lang='lat' dir='ltr'><strong>probe</strong></span> <span class='ocrx_word' id='word_1_420' title='bbox 3405 2360 3592 2425; x_wconf 84' lang='lat' dir='ltr'><strong>sciret,</strong></span> 
     </span>
    </p>
   </div>
   <div class='ocr_carea' id='block_1_56' title="bbox 2014 2443 3594 2521">
    <p class='ocr_par' dir='ltr' id='par_1_56' title="bbox 2014 2443 3594 2521">
     <span class='ocr_line' id='line_1_56' title="bbox 2014 2443 3594 2521; baseline 0.004 -22"><span class='ocrx_word' id='word_1_421' title='bbox 2014 2443 2067 2499; x_wconf 91' lang='lat' dir='ltr'><strong>ei</strong></span> <span class='ocrx_word' id='word_1_422' title='bbox 2096 2454 2279 2499; x_wconf 90' lang='lat' dir='ltr'><strong>tamen</strong></span> <span class='ocrx_word' id='word_1_423' title='bbox 2316 2445 2463 2501; x_wconf 90' lang='lat' dir='ltr'><strong>hunc</strong></span> <span class='ocrx_word' id='word_1_424' title='bbox 2494 2447 2549 2501; x_wconf 92' lang='lat' dir='ltr'><strong>in</strong></span> <span class='ocrx_word' id='word_1_425' title='bbox 2584 2447 2832 2512; x_wconf 75' lang='lat' dir='ltr'><strong>modum,</strong></span> <span class='ocrx_word' id='word_1_426' title='bbox 2883 2461 3008 2519; x_wconf 66' lang='lat' dir='ltr'><strong>quae</strong></span> <span class='ocrx_word' id='word_1_427' title='bbox 3048 2464 3147 2504; x_wconf 91' lang='lat' dir='ltr'><strong>sua</strong></span> <span class='ocrx_word' id='word_1_428' title='bbox 3182 2464 3308 2505; x_wconf 89' lang='lat' dir='ltr'><strong>cum</strong></span> <span class='ocrx_word' id='word_1_429' title='bbox 3347 2451 3594 2521; x_wconf 89' lang='lat' dir='ltr'><strong>petulan-</strong></span> 
     </span>
    </p>
   </div>
   <div class='ocr_carea' id='block_1_57' title="bbox 2016 2537 3593 2616">
    <p class='ocr_par' dir='ltr' id='par_1_57' title="bbox 2016 2537 3593 2616">
     <span class='ocr_line' id='line_1_57' title="bbox 2016 2537 3593 2616; baseline 0.004 -22"><span class='ocrx_word' id='word_1_430' title='bbox 2016 2537 2096 2594; x_wconf 89' lang='lat' dir='ltr'><strong>tia</strong></span> <span class='ocrx_word' id='word_1_431' title='bbox 2129 2546 2236 2605; x_wconf 89' lang='lat' dir='ltr'><strong>est,</strong></span> <span class='ocrx_word' id='word_1_432' title='bbox 2275 2548 2389 2594; x_wconf 90' lang='lat' dir='ltr'><strong>tum</strong></span> <span class='ocrx_word' id='word_1_433' title='bbox 2422 2540 2652 2605; x_wconf 90' lang='lat' dir='ltr'><strong>malitia,</strong></span> <span class='ocrx_word' id='word_1_434' title='bbox 2684 2541 2874 2597; x_wconf 82' lang='lat' dir='ltr'><strong>ludere</strong></span> <span class='ocrx_word' id='word_1_435' title='bbox 2911 2542 3145 2613; x_wconf 90' lang='lat' dir='ltr'><strong>placuit;</strong></span> <span class='ocrx_word' id='word_1_436' title='bbox 3177 2541 3369 2614; x_wconf 74' lang='lat' dir='ltr'><strong>Papte!</strong></span> <span class='ocrx_word' id='word_1_437' title='bbox 3403 2546 3593 2616; x_wconf 84' lang='lat' dir='ltr'><strong>quales</strong></span> 
     </span>
    </p>
   </div>
   <div class='ocr_carea' id='block_1_58' title="bbox 2015 2632 3591 2707">
    <p class='ocr_par' dir='ltr' id='par_1_58' title="bbox 2015 2632 3591 2707">
     <span class='ocr_line' id='line_1_58' title="bbox 2015 2632 3591 2707; baseline 0.004 -19"><span class='ocrx_word' id='word_1_438' title='bbox 2015 2632 2091 2688; x_wconf 87' lang='lat' dir='ltr'><strong>dii</strong></span> <span class='ocrx_word' id='word_1_439' title='bbox 2140 2632 2302 2690; x_wconf 91' lang='lat' dir='ltr'><strong>ludos</strong></span> <span class='ocrx_word' id='word_1_440' title='bbox 2352 2635 2554 2705; x_wconf 83' lang='lat' dir='ltr'><strong>agunt!</strong></span> <span class='ocrx_word' id='word_1_441' title='bbox 2599 2634 2867 2706; x_wconf 87' lang='lat' dir='ltr'><strong>Denique,</strong></span> <span class='ocrx_word' id='word_1_442' title='bbox 2901 2634 2950 2691; x_wconf 88' lang='lat' dir='ltr'><strong>si</strong></span> <span class='ocrx_word' id='word_1_443' title='bbox 2995 2651 3065 2691; x_wconf 93' lang='lat' dir='ltr'><strong>ne</strong></span> <span class='ocrx_word' id='word_1_444' title='bbox 3107 2635 3161 2691; x_wconf 92' lang='lat' dir='ltr'><strong>id</strong></span> <span class='ocrx_word' id='word_1_445' title='bbox 3207 2638 3449 2707; x_wconf 87' lang='lat' dir='ltr'><strong>quidem,</strong></span> <span class='ocrx_word' id='word_1_446' title='bbox 3496 2640 3591 2695; x_wconf 90' lang='lat' dir='ltr'><strong>sed</strong></span> 
     </span>
    </p>
   </div>
   <div class='ocr_carea' id='block_1_59' title="bbox 2012 2726 3593 2800">
    <p class='ocr_par' dir='ltr' id='par_1_59' title="bbox 2012 2726 3593 2800">
     <span class='ocr_line' id='line_1_59' title="bbox 2012 2726 3593 2800; baseline 0.003 -20"><span class='ocrx_word' id='word_1_447' title='bbox 2012 2731 2228 2780; x_wconf 83' lang='lat' dir='ltr'><strong>tantum</strong></span> <span class='ocrx_word' id='word_1_448' title='bbox 2257 2726 2405 2796; x_wconf 90' lang='lat' dir='ltr'><strong>quod</strong></span> <span class='ocrx_word' id='word_1_449' title='bbox 2435 2727 2510 2781; x_wconf 90' lang='lat' dir='ltr'><strong>ita</strong></span> <span class='ocrx_word' id='word_1_450' title='bbox 2551 2743 2668 2781; x_wconf 91' lang='lat' dir='ltr'><strong>rem</strong></span> <span class='ocrx_word' id='word_1_451' title='bbox 2712 2729 2932 2783; x_wconf 87' lang='lat' dir='ltr'><strong>evenire</strong></span> <span class='ocrx_word' id='word_1_452' title='bbox 2969 2731 3307 2799; x_wconf 84' lang='lat' dir='ltr'><strong>oportuerit;</strong></span> <span class='ocrx_word' id='word_1_453' title='bbox 3352 2732 3593 2800; x_wconf 84' lang='lat' dir='ltr'><strong>primum</strong></span> 
     </span>
    </p>
   </div>
   <div class='ocr_carea' id='block_1_60' title="bbox 2015 2812 3592 2890">
    <p class='ocr_par' dir='ltr' id='par_1_60' title="bbox 2015 2812 3592 2890">
     <span class='ocr_line' id='line_1_60' title="bbox 2015 2812 3592 2890; baseline 0.004 -21"><span class='ocrx_word' id='word_1_454' title='bbox 2015 2812 2183 2878; x_wconf 85' lang='lat' dir='ltr'><strong>certe,</strong></span> <span class='ocrx_word' id='word_1_455' title='bbox 2224 2814 2517 2885; x_wconf 81' lang='lat' dir='ltr'><strong>profanum</strong></span> <span class='ocrx_word' id='word_1_456' title='bbox 2564 2817 2656 2872; x_wconf 90' lang='lat' dir='ltr'><strong>ille</strong></span> <span class='ocrx_word' id='word_1_457' title='bbox 2696 2818 2990 2874; x_wconf 89' lang='lat' dir='ltr'><strong>admodu&#39;m</strong></span> <span class='ocrx_word' id='word_1_458' title='bbox 3051 2832 3174 2874; x_wconf 90' lang='lat' dir='ltr'><strong>sese</strong></span> <span class='ocrx_word' id='word_1_459' title='bbox 3230 2819 3446 2888; x_wconf 89' lang='lat' dir='ltr'><strong>probat,</strong></span> <span class='ocrx_word' id='word_1_460' title='bbox 3482 2822 3592 2890; x_wconf 81' lang='lat' dir='ltr'><strong>qui</strong></span> 
     </span>
    </p>
   </div>
   <div class='ocr_carea' id='block_1_61' title="bbox 2013 2904 3593 2978">
    <p class='ocr_par' dir='ltr' id='par_1_61' title="bbox 2013 2904 3593 2978">
     <span class='ocr_line' id='line_1_61' title="bbox 2013 2904 3593 2978; baseline 0.006 -21"><span class='ocrx_word' id='word_1_461' title='bbox 2013 2904 2199 2960; x_wconf 82' lang='lat' dir='ltr'><strong>verbis</strong></span> <span class='ocrx_word' id='word_1_462' title='bbox 2229 2905 2298 2959; x_wconf 86' lang='lat' dir='ltr'><strong>ad</strong></span> <span class='ocrx_word' id='word_1_463' title='bbox 2330 2905 2722 2962; x_wconf 85' lang='lat' dir='ltr'><strong>ludiﬁcandum</strong></span> <span class='ocrx_word' id='word_1_464' title='bbox 2758 2908 3082 2978; x_wconf 88' lang='lat' dir='ltr'><strong>compositis</strong></span> <span class='ocrx_word' id='word_1_465' title='bbox 3107 2910 3399 2965; x_wconf 85' lang='lat' dir='ltr'><strong>abutatur:</strong></span> <span class='ocrx_word' id='word_1_466' title='bbox 3437 2912 3593 2967; x_wconf 82' lang='lat' dir='ltr'><strong>dein-</strong></span> 
     </span>
    </p>
   </div>
   <div class='ocr_carea' id='block_1_62' title="bbox 2014 2996 3592 3073">
    <p class='ocr_par' dir='ltr' id='par_1_62' title="bbox 2014 2996 3592 3073">
     <span class='ocr_line' id='line_1_62' title="bbox 2014 2996 3592 3073; baseline 0.004 -20"><span class='ocrx_word' id='word_1_467' title='bbox 2014 2996 2106 3065; x_wconf 88' lang='lat' dir='ltr'><strong>de,</strong></span> <span class='ocrx_word' id='word_1_468' title='bbox 2134 3005 2277 3063; x_wconf 89' lang='lat' dir='ltr'><strong>esto,</strong></span> <span class='ocrx_word' id='word_1_469' title='bbox 2311 3014 2429 3053; x_wconf 87' lang='lat' dir='ltr'><strong>rem</strong></span> <span class='ocrx_word' id='word_1_470' title='bbox 2468 2999 2543 3053; x_wconf 87' lang='lat' dir='ltr'><strong>ita</strong></span> <span class='ocrx_word' id='word_1_471' title='bbox 2573 3000 2793 3056; x_wconf 86' lang='lat' dir='ltr'><strong>evenire</strong></span> <span class='ocrx_word' id='word_1_472' title='bbox 2821 3004 3162 3072; x_wconf 81' lang='lat' dir='ltr'><strong>Oportuerit;</strong></span> <span class='ocrx_word' id='word_1_473' title='bbox 3210 3004 3340 3073; x_wconf 89' lang='lat' dir='ltr'><strong>quid</strong></span> <span class='ocrx_word' id='word_1_474' title='bbox 3381 3015 3439 3059; x_wconf 89' lang='lat' dir='ltr'><strong>tu</strong></span> <span class='ocrx_word' id='word_1_475' title='bbox 3467 3003 3592 3059; x_wconf 87' lang='lat' dir='ltr'><strong>Del-</strong></span> 
     </span>
    </p>
   </div>
   <div class='ocr_carea' id='block_1_63' title="bbox 2012 3090 3593 3161">
    <p class='ocr_par' dir='ltr' id='par_1_63' title="bbox 2012 3090 3593 3161">
     <span class='ocr_line' id='line_1_63' title="bbox 2012 3090 3593 3161; baseline 0.006 -16"><span class='ocrx_word' id='word_1_476' title='bbox 2012 3090 2140 3161; x_wconf 82' lang='lat' dir='ltr'><strong>phis</strong></span> <span class='ocrx_word' id='word_1_477' title='bbox 2182 3102 2390 3158; x_wconf 81' lang='lat' dir='ltr'><strong>tamen,</strong></span> <span class='ocrx_word' id='word_1_478' title='bbox 2421 3090 2782 3158; x_wconf 80' lang='lat' dir='ltr'><strong>infortunate,</strong></span> <span class='ocrx_word' id='word_1_479' title='bbox 2828 3094 3076 3160; x_wconf 77' lang='lat' dir='ltr'><strong>sessitas,</strong></span> <span class='ocrx_word' id='word_1_480' title='bbox 3118 3096 3284 3153; x_wconf 83' lang='lat' dir='ltr'><strong>rebus</strong></span> <span class='ocrx_word' id='word_1_481' title='bbox 3327 3098 3482 3152; x_wconf 83' lang='lat' dir='ltr'><strong>vanis</strong></span> <span class='ocrx_word' id='word_1_482' title='bbox 3525 3114 3593 3154; x_wconf 86' lang='lat' dir='ltr'><strong>ac</strong></span> 
     </span>
    </p>
   </div>
   <div class='ocr_carea' id='block_1_64' title="bbox 2015 3183 3590 3258">
    <p class='ocr_par' dir='ltr' id='par_1_64' title="bbox 2015 3183 3590 3258">
     <span class='ocr_line' id='line_1_64' title="bbox 2015 3183 3590 3258; baseline 0.003 -17"><span class='ocrx_word' id='word_1_483' title='bbox 2015 3183 2270 3241; x_wconf 78' lang='lat' dir='ltr'><strong>futilibus</strong></span> <span class='ocrx_word' id='word_1_484' title='bbox 2298 3186 2617 3243; x_wconf 85' lang='lat' dir='ltr'><strong>occinendis</strong></span> <span class='ocrx_word' id='word_1_485' title='bbox 2644 3189 2969 3258; x_wconf 84' lang='lat' dir='ltr'><strong>occupatus?</strong></span> <span class='ocrx_word' id='word_1_486' title='bbox 2990 3186 3134 3255; x_wconf 81' lang='lat' dir='ltr'><strong>Quid</strong></span> <span class='ocrx_word' id='word_1_487' title='bbox 3160 3202 3326 3258; x_wconf 90' lang='lat' dir='ltr'><strong>porro</strong></span> <span class='ocrx_word' id='word_1_488' title='bbox 3353 3198 3405 3244; x_wconf 91' lang='lat' dir='ltr'><strong>te</strong></span> <span class='ocrx_word' id='word_1_489' title='bbox 3431 3190 3590 3246; x_wconf 90' lang='lat' dir='ltr'><strong>nobis</strong></span> 
     </span>
    </p>
   </div>
   <div class='ocr_carea' id='block_1_65' title="bbox 1937 3259 3593 3351">
    <p class='ocr_par' dir='ltr' id='par_1_65' title="bbox 1937 3259 3593 3351">
     <span class='ocr_line' id='line_1_65' title="bbox 1937 3259 3593 3351; baseline 0.004 -17"><span class='ocrx_word' id='word_1_490' title='bbox 1937 3259 1987 3323; x_wconf 70' lang='grc' dir='ltr'>ο</span> <span class='ocrx_word' id='word_1_491' title='bbox 2017 3278 2182 3350; x_wconf 85' lang='lat' dir='ltr'><strong>opus?</strong></span> <span class='ocrx_word' id='word_1_492' title='bbox 2216 3294 2338 3349; x_wconf 86' lang='lat' dir='ltr'><strong>quae</strong></span> <span class='ocrx_word' id='word_1_493' title='bbox 2368 3294 2470 3335; x_wconf 91' lang='lat' dir='ltr'><strong>nos</strong></span> <span class='ocrx_word' id='word_1_494' title='bbox 2513 3280 2846 3351; x_wconf 68' lang='lat' dir='ltr'><strong>intemperiae</strong></span> <span class='ocrx_word' id='word_1_495' title='bbox 2874 3288 3082 3347; x_wconf 91' lang='lat' dir='ltr'><strong>tenent,</strong></span> <span class='ocrx_word' id='word_1_496' title='bbox 3126 3291 3395 3351; x_wconf 87' lang='lat' dir='ltr'><strong>quotquot</strong></span> <span class='ocrx_word' id='word_1_497' title='bbox 3423 3284 3493 3338; x_wconf 89' lang='lat' dir='ltr'><strong>ad</strong></span> <span class='ocrx_word' id='word_1_498' title='bbox 3538 3292 3593 3340; x_wconf 86' lang='lat' dir='ltr'><strong>te</strong></span> 
     </span>
    </p>
   </div>
   <div class='ocr_carea' id='block_1_66' title="bbox 329 3375 3592 3449">
    <p class='ocr_par' dir='ltr' id='par_1_66' title="bbox 329 3375 3592 3449">
     <span class='ocr_line' id='line_1_66' title="bbox 329 3375 3592 3449; baseline 0.002 -17"><span class='ocrx_word' id='word_1_499' title='bbox 329 3375 587 3434; x_wconf 84' lang='lat' dir='ltr'><strong>universo</strong></span> <span class='ocrx_word' id='word_1_500' title='bbox 651 3393 720 3432; x_wconf 79' lang='lat' dir='ltr'><strong>ex</strong></span> <span class='ocrx_word' id='word_1_501' title='bbox 762 3378 893 3433; x_wconf 88' lang='lat' dir='ltr'><strong>orbe</strong></span> <span class='ocrx_word' id='word_1_502' title='bbox 930 3378 1336 3433; x_wconf 85' lang='lat' dir='ltr'><strong>concurrimus?</strong></span> <span class='ocrx_word' id='word_1_503' title='bbox 1376 3392 1641 3449; x_wconf 90' lang='lat' dir='ltr'><strong>quorsum</strong></span> <span class='ocrx_word' id='word_1_504' title='bbox 1682 3375 1921 3448; x_wconf 87' lang='lat' dir='ltr'><strong>denique</strong></span> <span class='ocrx_word' id='word_1_505' title='bbox 1991 3375 2092 3432; x_wconf 87' lang='lat' dir='ltr'><strong>tibi</strong></span> <span class='ocrx_word' id='word_1_506' title='bbox 2162 3383 2243 3432; x_wconf 86' lang='lat' dir='ltr'><strong>tot</strong></span> <span class='ocrx_word' id='word_1_507' title='bbox 2292 3375 2685 3432; x_wconf 80' lang='lat' dir='ltr'><strong>sacriﬁciorum</strong></span> <span class='ocrx_word' id='word_1_508' title='bbox 2728 3378 3003 3433; x_wconf 83' lang='lat' dir='ltr'><strong>nidorem?</strong></span> <span class='ocrx_word' id='word_1_509' title='bbox 3041 3396 3063 3432; x_wconf 72' lang='grc' dir='ltr'>ι</span> <span class='ocrx_word' id='word_1_510' title='bbox 3111 3377 3238 3434; x_wconf 81' lang='lat' dir='ltr'><strong>Haec</strong></span> <span class='ocrx_word' id='word_1_511' title='bbox 3274 3377 3592 3438; x_wconf 80' lang='lat' dir='ltr'><strong>OEnomaus</strong></span> 
     </span>
    </p>
   </div>
   <div class='ocr_carea' id='block_1_67' title="bbox 330 3471 3591 3545">
    <p class='ocr_par' dir='ltr' id='par_1_67' title="bbox 330 3471 3591 3545">
     <span class='ocr_line' id='line_1_67' title="bbox 330 3471 3591 3545; baseline 0.001 -16"><span class='ocrx_word' id='word_1_512' title='bbox 330 3486 547 3529; x_wconf 83' lang='lat' dir='ltr'><strong>summa</strong></span> <span class='ocrx_word' id='word_1_513' title='bbox 575 3474 822 3529; x_wconf 89' lang='lat' dir='ltr'><strong>libertate</strong></span> <span class='ocrx_word' id='word_1_514' title='bbox 865 3473 1127 3530; x_wconf 87' lang='lat' dir='ltr'><strong>adversus</strong></span> <span class='ocrx_word' id='word_1_515' title='bbox 1196 3474 1363 3529; x_wconf 89' lang='lat' dir='ltr'><strong>istum</strong></span> <span class='ocrx_word' id='word_1_516' title='bbox 1425 3473 1885 3544; x_wconf 81' lang='lat' dir='ltr'><strong>praestigiatorum</strong></span> <span class='ocrx_word' id='word_1_517' title='bbox 1948 3471 2220 3542; x_wconf 83' lang='lat' dir='ltr'><strong>afﬂatum,</strong></span> <span class='ocrx_word' id='word_1_518' title='bbox 2277 3486 2401 3542; x_wconf 79' lang='lat' dir='ltr'><strong>quae</strong></span> <span class='ocrx_word' id='word_1_519' title='bbox 2448 3487 2580 3527; x_wconf 88' lang='lat' dir='ltr'><strong>sane</strong></span> <span class='ocrx_word' id='word_1_520' title='bbox 2623 3472 2830 3543; x_wconf 84' lang='lat' dir='ltr'><strong>aliquid</strong></span> <span class='ocrx_word' id='word_1_521' title='bbox 2878 3471 3096 3545; x_wconf 78' lang='lat' dir='ltr'><strong>Cynicae</strong></span> <span class='ocrx_word' id='word_1_522' title='bbox 3141 3476 3448 3532; x_wconf 88' lang='lat' dir='ltr'><strong>dicacitatis</strong></span> <span class='ocrx_word' id='word_1_523' title='bbox 3489 3477 3591 3533; x_wconf 85' lang='lat' dir='ltr'><strong>ha—</strong></span> 
     </span>
    </p>
   </div>
   <div class='ocr_carea' id='block_1_68' title="bbox 329 3566 3593 3640">
    <p class='ocr_par' dir='ltr' id='par_1_68' title="bbox 329 3566 3593 3640">
     <span class='ocr_line' id='line_1_68' title="bbox 329 3566 3593 3640; baseline 0.001 -15"><span class='ocrx_word' id='word_1_524' title='bbox 329 3568 500 3625; x_wconf 86' lang='lat' dir='ltr'><strong>bent:</strong></span> <span class='ocrx_word' id='word_1_525' title='bbox 553 3577 735 3638; x_wconf 89' lang='lat' dir='ltr'><strong>utpote</strong></span> <span class='ocrx_word' id='word_1_526' title='bbox 763 3570 857 3640; x_wconf 89' lang='lat' dir='ltr'><strong>qui</strong></span> <span class='ocrx_word' id='word_1_527' title='bbox 896 3585 965 3625; x_wconf 91' lang='lat' dir='ltr'><strong>ne</strong></span> <span class='ocrx_word' id='word_1_528' title='bbox 998 3569 1262 3626; x_wconf 86' lang='lat' dir='ltr'><strong>daemonis</strong></span> <span class='ocrx_word' id='word_1_529' title='bbox 1291 3568 1531 3640; x_wconf 88' lang='lat' dir='ltr'><strong>quidem,</strong></span> <span class='ocrx_word' id='word_1_530' title='bbox 1568 3568 1771 3624; x_wconf 89' lang='lat' dir='ltr'><strong>nedum</strong></span> <span class='ocrx_word' id='word_1_531' title='bbox 1828 3578 1888 3624; x_wconf 91' lang='lat' dir='ltr'><strong>ut</strong></span> <span class='ocrx_word' id='word_1_532' title='bbox 1925 3567 2034 3637; x_wconf 89' lang='lat' dir='ltr'><strong>dei,</strong></span> <span class='ocrx_word' id='word_1_533' title='bbox 2088 3583 2211 3640; x_wconf 70' lang='lat' dir='ltr'><strong>qua:</strong></span> <span class='ocrx_word' id='word_1_534' title='bbox 2254 3566 2429 3623; x_wconf 87' lang='lat' dir='ltr'><strong>Graeci</strong></span> <span class='ocrx_word' id='word_1_535' title='bbox 2489 3576 2770 3637; x_wconf 90' lang='lat' dir='ltr'><strong>tantopere</strong></span> <span class='ocrx_word' id='word_1_536' title='bbox 2834 3568 3162 3640; x_wconf 88' lang='lat' dir='ltr'><strong>suspiciunt,</strong></span> <span class='ocrx_word' id='word_1_537' title='bbox 3208 3572 3430 3627; x_wconf 88' lang='lat' dir='ltr'><strong>oracula</strong></span> <span class='ocrx_word' id='word_1_538' title='bbox 3469 3588 3593 3629; x_wconf 82' lang='lat' dir='ltr'><strong>esse</strong></span> 
     </span>
    </p>
   </div>
   <div class='ocr_carea' id='block_1_69' title="bbox 328 3661 3592 3736">
    <p class='ocr_par' dir='ltr' id='par_1_69' title="bbox 328 3661 3592 3736">
     <span class='ocr_line' id='line_1_69' title="bbox 328 3661 3592 3736; baseline 0.003 -21"><span class='ocrx_word' id='word_1_539' title='bbox 328 3661 482 3727; x_wconf 82' lang='lat' dir='ltr'><strong>velit,</strong></span> <span class='ocrx_word' id='word_1_540' title='bbox 521 3662 614 3717; x_wconf 91' lang='lat' dir='ltr'><strong>sed</strong></span> <span class='ocrx_word' id='word_1_541' title='bbox 651 3663 1018 3719; x_wconf 75' lang='lat' dir='ltr'><strong>maleficorum</strong></span> <span class='ocrx_word' id='word_1_542' title='bbox 1054 3665 1338 3720; x_wconf 88' lang='lat' dir='ltr'><strong>hominum</strong></span> <span class='ocrx_word' id='word_1_543' title='bbox 1369 3664 1591 3720; x_wconf 82' lang='lat' dir='ltr'><strong>fraudes</strong></span> <span class='ocrx_word' id='word_1_544' title='bbox 1649 3664 1835 3734; x_wconf 87' lang='lat' dir='ltr'><strong>potius</strong></span> <span class='ocrx_word' id='word_1_545' title='bbox 1904 3679 1970 3721; x_wconf 88' lang='lat' dir='ltr'><strong>ac</strong></span> <span class='ocrx_word' id='word_1_546' title='bbox 2006 3673 2264 3721; x_wconf 73' lang='lat' dir='ltr'><strong>versatas</strong></span> <span class='ocrx_word' id='word_1_547' title='bbox 2312 3665 2581 3736; x_wconf 81' lang='lat' dir='ltr'><strong>argutias,</strong></span> <span class='ocrx_word' id='word_1_548' title='bbox 2623 3665 2692 3720; x_wconf 87' lang='lat' dir='ltr'><strong>ad</strong></span> <span class='ocrx_word' id='word_1_549' title='bbox 2732 3666 2926 3735; x_wconf 82' lang='lat' dir='ltr'><strong>vulgus</strong></span> <span class='ocrx_word' id='word_1_550' title='bbox 2966 3667 3021 3721; x_wconf 91' lang='lat' dir='ltr'><strong>in</strong></span> <span class='ocrx_word' id='word_1_551' title='bbox 3051 3681 3293 3722; x_wconf 87' lang='lat' dir='ltr'><strong>errorem</strong></span> <span class='ocrx_word' id='word_1_552' title='bbox 3328 3668 3592 3726; x_wconf 87' lang='lat' dir='ltr'><strong>inducen-</strong></span> 
     </span>
    </p>
   </div>
   <div class='ocr_carea' id='block_1_70' title="bbox 326 3754 3588 3832">
    <p class='ocr_par' dir='ltr' id='par_1_70' title="bbox 326 3754 3588 3832">
     <span class='ocr_line' id='line_1_70' title="bbox 326 3754 3588 3832; baseline 0.003 -23"><span class='ocrx_word' id='word_1_553' title='bbox 326 3754 462 3810; x_wconf 87' lang='lat' dir='ltr'><strong>dum</strong></span> <span class='ocrx_word' id='word_1_554' title='bbox 496 3756 769 3813; x_wconf 89' lang='lat' dir='ltr'><strong>malitiose</strong></span> <span class='ocrx_word' id='word_1_555' title='bbox 809 3769 1172 3830; x_wconf 88' lang='lat' dir='ltr'><strong>comparatas.</strong></span> <span class='ocrx_word' id='word_1_556' title='bbox 1226 3758 1293 3816; x_wconf 87' lang='lat' dir='ltr'><strong>Et</strong></span> <span class='ocrx_word' id='word_1_557' title='bbox 1335 3761 1594 3830; x_wconf 87' lang='lat' dir='ltr'><strong>quoniam</strong></span> <span class='ocrx_word' id='word_1_558' title='bbox 1656 3763 1826 3818; x_wconf 82' lang='lat' dir='ltr'><strong>semel</strong></span> <span class='ocrx_word' id='word_1_559' title='bbox 1858 3777 2050 3818; x_wconf 86' lang='lat' dir='ltr'><strong>eorum</strong></span> <span class='ocrx_word' id='word_1_560' title='bbox 2120 3761 2491 3828; x_wconf 87' lang='lat' dir='ltr'><strong>meminimus,</strong></span> <span class='ocrx_word' id='word_1_561' title='bbox 2523 3760 2726 3832; x_wconf 79' lang='lat' dir='ltr'><strong>jurerit</strong></span> <span class='ocrx_word' id='word_1_562' title='bbox 2791 3760 3023 3815; x_wconf 88' lang='lat' dir='ltr'><strong>aliorum</strong></span> <span class='ocrx_word' id='word_1_563' title='bbox 3088 3761 3312 3832; x_wconf 87' lang='lat' dir='ltr'><strong>insuper</strong></span> <span class='ocrx_word' id='word_1_564' title='bbox 3336 3762 3588 3819; x_wconf 66' lang='lat' dir='ltr'><strong>confutai-</strong></span> 
     </span>
    </p>
   </div>
   <div class='ocr_carea' id='block_1_71' title="bbox 327 3850 3589 3930">
    <p class='ocr_par' dir='ltr' id='par_1_71' title="bbox 327 3850 3589 3930">
     <span class='ocr_line' id='line_1_71' title="bbox 327 3850 3589 3930; baseline 0.003 -25"><span class='ocrx_word' id='word_1_565' title='bbox 327 3850 509 3906; x_wconf 77' lang='lat' dir='ltr'><strong>tiones</strong></span> <span class='ocrx_word' id='word_1_566' title='bbox 539 3851 749 3916; x_wconf 85' lang='lat' dir='ltr'><strong>audire,</strong></span> <span class='ocrx_word' id='word_1_567' title='bbox 784 3865 947 3924; x_wconf 87' lang='lat' dir='ltr'><strong>atque</strong></span> <span class='ocrx_word' id='word_1_568' title='bbox 968 3854 1114 3910; x_wconf 91' lang='lat' dir='ltr'><strong>illius</strong></span> <span class='ocrx_word' id='word_1_569' title='bbox 1144 3856 1201 3910; x_wconf 91' lang='lat' dir='ltr'><strong>in</strong></span> <span class='ocrx_word' id='word_1_570' title='bbox 1226 3856 1439 3927; x_wconf 90' lang='lat' dir='ltr'><strong>primis,</strong></span> <span class='ocrx_word' id='word_1_571' title='bbox 1474 3870 1584 3925; x_wconf 89' lang='lat' dir='ltr'><strong>quo</strong></span> <span class='ocrx_word' id='word_1_572' title='bbox 1613 3872 1673 3913; x_wconf 91' lang='lat' dir='ltr'><strong>se</strong></span> <span class='ocrx_word' id='word_1_573' title='bbox 1712 3858 1891 3929; x_wconf 88' lang='lat' dir='ltr'><strong>ipsum</strong></span> <span class='ocrx_word' id='word_1_574' title='bbox 1929 3857 2071 3914; x_wconf 89' lang='lat' dir='ltr'><strong>idem</strong></span> <span class='ocrx_word' id='word_1_575' title='bbox 2098 3854 2414 3912; x_wconf 84' lang='lat' dir='ltr'><strong>OEnomaus</strong></span> <span class='ocrx_word' id='word_1_576' title='bbox 2439 3857 2508 3911; x_wconf 89' lang='lat' dir='ltr'><strong>ab</strong></span> <span class='ocrx_word' id='word_1_577' title='bbox 2564 3855 2812 3926; x_wconf 89' lang='lat' dir='ltr'><strong>Apolline</strong></span> <span class='ocrx_word' id='word_1_578' title='bbox 2872 3854 3055 3911; x_wconf 88' lang='lat' dir='ltr'><strong>Clario</strong></span> <span class='ocrx_word' id='word_1_579' title='bbox 3097 3854 3383 3930; x_wconf 84' lang='lat' dir='ltr'><strong>deceptum</strong></span> <span class='ocrx_word' id='word_1_580' title='bbox 3417 3856 3589 3915; x_wconf 78' lang='lat' dir='ltr'><strong>fuisse</strong></span> 
     </span>
    </p>
   </div>
   <div class='ocr_carea' id='block_1_72' title="bbox 328 3943 904 4001">
    <p class='ocr_par' dir='ltr' id='par_1_72' title="bbox 328 3943 904 4001">
     <span class='ocr_line' id='line_1_72' title="bbox 328 3943 904 4001; baseline -0.007 1"><span class='ocrx_word' id='word_1_581' title='bbox 328 3953 562 4001; x_wconf 84' lang='lat' dir='ltr'><strong>testatur</strong></span> <span class='ocrx_word' id='word_1_582' title='bbox 586 3943 672 4000; x_wconf 87' lang='lat' dir='ltr'><strong>his</strong></span> <span class='ocrx_word' id='word_1_583' title='bbox 703 3946 904 4000; x_wconf 85' lang='lat' dir='ltr'><strong>verbis:</strong></span> 
     </span>
    </p>
   </div>
   <div class='ocr_carea' id='block_1_73' title="bbox 845 4042 1394 4099">
    <p class='ocr_par' dir='ltr' id='par_1_73' title="bbox 845 4042 1394 4099">
     <span class='ocr_line' id='line_1_73' title="bbox 845 4042 1394 4099; baseline 0.007 -4"><span class='ocrx_word' id='word_1_584' title='bbox 845 4042 1240 4096; x_wconf 77' lang='grc' dir='ltr'><strong>ΚΕΦΑΔΑῘΟΝ</strong></span> <span class='ocrx_word' id='word_1_585' title='bbox 1266 4043 1394 4099; x_wconf 83' lang='lat' dir='ltr'><strong>KB’.</strong></span> 
     </span>
    </p>
   </div>
   <div class='ocr_carea' id='block_1_74' title="bbox 339 4131 1906 4216">
    <p class='ocr_par' dir='ltr' id='par_1_74' title="bbox 339 4131 1906 4216">
     <span class='ocr_line' id='line_1_74' title="bbox 339 4131 1906 4216; baseline 0.002 -25"><span class='ocrx_word' id='word_1_586' title='bbox 339 4131 438 4203; x_wconf 78' lang='grc' dir='ltr'>Ὦς</span> <span class='ocrx_word' id='word_1_587' title='bbox 469 4134 754 4190; x_wconf 72' lang='grc' dir='ltr'><strong>ἐπλάνων</strong></span> <span class='ocrx_word' id='word_1_588' title='bbox 794 4133 892 4189; x_wconf 80' lang='grc' dir='ltr'><strong>διὰ</strong></span> <span class='ocrx_word' id='word_1_589' title='bbox 928 4135 1046 4216; x_wconf 51' lang='grc' dir='ltr'><strong>πῶν</strong></span> <span class='ocrx_word' id='word_1_590' title='bbox 1085 4134 1375 4216; x_wconf 59' lang='grc' dir='ltr'>χρησμῶν</span> <span class='ocrx_word' id='word_1_591' title='bbox 1413 4136 1722 4207; x_wconf 77' lang='grc' dir='ltr'>παίζοντες</span> <span class='ocrx_word' id='word_1_592' title='bbox 1762 4138 1906 4206; x_wconf 83' lang='grc' dir='ltr'>τοὺς</span> 
     </span>
    </p>
   </div>
   <div class='ocr_carea' id='block_1_75' title="bbox 943 4206 1300 4274">
    <p class='ocr_par' dir='ltr' id='par_1_75' title="bbox 943 4206 1300 4274">
     <span class='ocr_line' id='line_1_75' title="bbox 943 4206 1300 4274; baseline 0 -15"><span class='ocrx_word' id='word_1_593' title='bbox 943 4206 1300 4274; x_wconf 81' lang='grc' dir='ltr'>ἐρωτῶντας.</span> 
     </span>
    </p>
   </div>
   <div class='ocr_carea' id='block_1_76' title="bbox 404 4296 1906 4371">
    <p class='ocr_par' dir='ltr' id='par_1_76' title="bbox 404 4296 1906 4371">
     <span class='ocr_line' id='line_1_76' title="bbox 404 4296 1906 4371; baseline 0.005 -23"><span class='ocrx_word' id='word_1_594' title='bbox 404 4314 426 4348; x_wconf 77' lang='grc' dir='ltr'><strong>ι</strong></span> <span class='ocrx_word' id='word_1_595' title='bbox 472 4296 632 4350; x_wconf 78' lang='grc' dir='ltr'>Ἀλλὰ</span> <span class='ocrx_word' id='word_1_596' title='bbox 671 4296 737 4368; x_wconf 83' lang='grc' dir='ltr'>δὴ</span> <span class='ocrx_word' id='word_1_597' title='bbox 764 4296 869 4351; x_wconf 76' lang='grc' dir='ltr'>ἔδει</span> <span class='ocrx_word' id='word_1_598' title='bbox 892 4314 943 4351; x_wconf 89' lang='grc' dir='ltr'><strong>τι</strong></span> <span class='ocrx_word' id='word_1_599' title='bbox 983 4299 1077 4351; x_wconf 75' lang='grc' dir='ltr'><strong>καὶ</strong></span> <span class='ocrx_word' id='word_1_600' title='bbox 1107 4299 1258 4369; x_wconf 79' lang='grc' dir='ltr'>ἡμᾶς</span> <span class='ocrx_word' id='word_1_601' title='bbox 1287 4298 1387 4371; x_wconf 86' lang='grc' dir='ltr'><strong>τῆς</strong></span> <span class='ocrx_word' id='word_1_602' title='bbox 1419 4299 1709 4371; x_wconf 73' lang='grc' dir='ltr'>κωμῳδίας</span> <span class='ocrx_word' id='word_1_603' title='bbox 1743 4315 1906 4371; x_wconf 85' lang='grc' dir='ltr'>μετα-</span> 
     </span>
    </p>
   </div>
   <div class='ocr_carea' id='block_1_77' title="bbox 329 4390 1907 4464">
    <p class='ocr_par' dir='ltr' id='par_1_77' title="bbox 329 4390 1907 4464">
     <span class='ocr_line' id='line_1_77' title="bbox 329 4390 1907 4464; baseline 0.003 -22"><span class='ocrx_word' id='word_1_604' title='bbox 329 4392 499 4460; x_wconf 72' lang='grc' dir='ltr'>σχεῖν,</span> <span class='ocrx_word' id='word_1_605' title='bbox 531 4390 626 4444; x_wconf 71' lang='grc' dir='ltr'>καὶ</span> <span class='ocrx_word' id='word_1_606' title='bbox 668 4392 742 4463; x_wconf 85' lang='grc' dir='ltr'>μὴ</span> <span class='ocrx_word' id='word_1_607' title='bbox 791 4391 1145 4463; x_wconf 82' lang='grc' dir='ltr'>σεμνύνεσθαι</span> <span class='ocrx_word' id='word_1_608' title='bbox 1190 4392 1263 4457; x_wconf 82' lang='grc' dir='ltr'>ὡς</span> <span class='ocrx_word' id='word_1_609' title='bbox 1298 4394 1399 4447; x_wconf 80' lang='grc' dir='ltr'><strong>οὐκ</strong></span> <span class='ocrx_word' id='word_1_610' title='bbox 1445 4394 1784 4464; x_wconf 84' lang='grc' dir='ltr'>ἐμπεσόντας</span> <span class='ocrx_word' id='word_1_611' title='bbox 1825 4397 1907 4458; x_wconf 87' lang='grc' dir='ltr'><strong>είς</strong></span> 
     </span>
    </p>
   </div>
   <div class='ocr_carea' id='block_1_78' title="bbox 327 4481 1905 4557">
    <p class='ocr_par' dir='ltr' id='par_1_78' title="bbox 327 4481 1905 4557">
     <span class='ocr_line' id='line_1_78' title="bbox 327 4481 1905 4557; baseline 0.001 -22"><span class='ocrx_word' id='word_1_612' title='bbox 327 4481 428 4553; x_wconf 79' lang='grc' dir='ltr'><strong>τὴν</strong></span> <span class='ocrx_word' id='word_1_613' title='bbox 451 4482 633 4554; x_wconf 86' lang='grc' dir='ltr'>κοινὴν</span> <span class='ocrx_word' id='word_1_614' title='bbox 657 4482 1058 4556; x_wconf 79' lang='grc' dir='ltr'>παραπληξίαν,</span> <span class='ocrx_word' id='word_1_615' title='bbox 1091 4483 1188 4538; x_wconf 79' lang='grc' dir='ltr'><strong>καὶ</strong></span> <span class='ocrx_word' id='word_1_616' title='bbox 1214 4482 1311 4556; x_wconf 83' lang='grc' dir='ltr'>τὴν</span> <span class='ocrx_word' id='word_1_617' title='bbox 1338 4484 1606 4557; x_wconf 76' lang='grc' dir='ltr'>ἐμπορίαν</span> <span class='ocrx_word' id='word_1_618' title='bbox 1636 4486 1812 4538; x_wconf 78' lang='grc' dir='ltr'>εἰπεῖν</span> <span class='ocrx_word' id='word_1_619' title='bbox 1838 4485 1905 4554; x_wconf 80' lang='grc' dir='ltr'>ἦν</span> 
     </span>
    </p>
   </div>
   <div class='ocr_carea' id='block_1_79' title="bbox 327 4573 1904 4648">
    <p class='ocr_par' dir='ltr' id='par_1_79' title="bbox 327 4573 1904 4648">
     <span class='ocr_line' id='line_1_79' title="bbox 327 4573 1904 4648; baseline 0.003 -22"><span class='ocrx_word' id='word_1_620' title='bbox 327 4573 423 4627; x_wconf 73' lang='grc' dir='ltr'><strong>καὶ</strong></span> <span class='ocrx_word' id='word_1_621' title='bbox 449 4575 585 4646; x_wconf 72' lang='lat'><strong>(50‘)</strong></span> <span class='ocrx_word' id='word_1_622' title='bbox 601 4575 764 4638; x_wconf 83' lang='grc' dir='ltr'>αὐτὸς</span> <span class='ocrx_word' id='word_1_623' title='bbox 789 4576 916 4647; x_wconf 72' lang='grc' dir='ltr'>περὶ</span> <span class='ocrx_word' id='word_1_624' title='bbox 952 4576 1145 4645; x_wconf 87' lang='grc' dir='ltr'>σοφίας</span> <span class='ocrx_word' id='word_1_625' title='bbox 1178 4574 1657 4648; x_wconf 85' lang='grc' dir='ltr'>ἐνεπορευσάμεθα</span> <span class='ocrx_word' id='word_1_626' title='bbox 1697 4578 1762 4629; x_wconf 83' lang='grc' dir='ltr'><strong>ἐκ</strong></span> <span class='ocrx_word' id='word_1_627' title='bbox 1806 4576 1904 4646; x_wconf 82' lang='grc' dir='ltr'><strong>τῆς</strong></span> 
     </span>
    </p>
   </div>
   <div class='ocr_carea' id='block_1_80' title="bbox 341 4662 1901 4741">
    <p class='ocr_par' dir='ltr' id='par_1_80' title="bbox 341 4662 1901 4741">
     <span class='ocr_line' id='line_1_80' title="bbox 341 4662 1901 4741; baseline -0.001 -20"><span class='ocrx_word' id='word_1_628' title='bbox 341 4667 546 4732; x_wconf 82' lang='grc' dir='ltr'>Ἀσίας,</span> <span class='ocrx_word' id='word_1_629' title='bbox 582 4662 628 4721; x_wconf 80' lang='grc' dir='ltr'>ὦ</span> <span class='ocrx_word' id='word_1_630' title='bbox 658 4668 885 4740; x_wconf 82' lang='grc' dir='ltr'>Κλάριε,</span> <span class='ocrx_word' id='word_1_631' title='bbox 917 4668 1067 4741; x_wconf 83' lang='grc' dir='ltr'>παρὰ</span> <span class='ocrx_word' id='word_1_632' title='bbox 1095 4668 1187 4722; x_wconf 88' lang='grc' dir='ltr'><strong>σοῦ</strong></span> <span class='ocrx_word' id='word_1_633' title='bbox 1220 4667 1354 4741; x_wconf 82' lang='grc'><strong>(51).</strong></span> <span class='ocrx_word' id='word_1_634' title='bbox 1390 4669 1579 4723; x_wconf 88' lang='grc' dir='ltr'>Ἔστιν</span> <span class='ocrx_word' id='word_1_635' title='bbox 1613 4671 1671 4722; x_wconf 89' lang='grc' dir='ltr'><strong>ἐν</strong></span> <span class='ocrx_word' id='word_1_636' title='bbox 1698 4669 1901 4740; x_wconf 85' lang='grc' dir='ltr'>Τραχῖ-</span> 
     </span>
    </p>
   </div>
   <div class='ocr_carea' id='block_1_81' title="bbox 321 4759 1899 4833">
    <p class='ocr_par' dir='ltr' id='par_1_81' title="bbox 321 4759 1899 4833">
     <span class='ocr_line' id='line_1_81' title="bbox 321 4759 1899 4833; baseline 0 -19"><span class='ocrx_word' id='word_1_637' title='bbox 321 4775 418 4823; x_wconf 85' lang='grc' dir='ltr'><strong>νος</strong></span> <span class='ocrx_word' id='word_1_638' title='bbox 444 4759 553 4832; x_wconf 76' lang='grc'><strong>(52)</strong></span> <span class='ocrx_word' id='word_1_639' title='bbox 583 4759 679 4833; x_wconf 82' lang='grc' dir='ltr'><strong>αἴῃ</strong></span> <span class='ocrx_word' id='word_1_640' title='bbox 711 4762 883 4832; x_wconf 83' lang='grc' dir='ltr'>κῆπος</span> <span class='ocrx_word' id='word_1_641' title='bbox 919 4761 1243 4833; x_wconf 84' lang='grc' dir='ltr'>Ἡρακλήῖος</span> <span class='ocrx_word' id='word_1_642' title='bbox 1267 4761 1424 4815; x_wconf 80' lang='grc' dir='ltr'>πάντ’</span> <span class='ocrx_word' id='word_1_643' title='bbox 1448 4760 1587 4831; x_wconf 82' lang='grc' dir='ltr'>ἔχων</span> <span class='ocrx_word' id='word_1_644' title='bbox 1619 4759 1899 4825; x_wconf 82' lang='grc' dir='ltr'>θάλλοντα,</span> 
     </span>
    </p>
   </div>
   <div class='ocr_carea' id='block_1_82' title="bbox 325 4850 1337 4925">
    <p class='ocr_par' dir='ltr' id='par_1_82' title="bbox 325 4850 1337 4925">
     <span class='ocr_line' id='line_1_82' title="bbox 325 4850 1337 4925; baseline -0.001 -18"><span class='ocrx_word' id='word_1_645' title='bbox 325 4851 464 4907; x_wconf 75' lang='grc' dir='ltr'>πᾶσι</span> <span class='ocrx_word' id='word_1_646' title='bbox 494 4850 824 4924; x_wconf 87' lang='grc' dir='ltr'>δρεπόμενος</span> <span class='ocrx_word' id='word_1_647' title='bbox 851 4852 1168 4925; x_wconf 80' lang='grc' dir='ltr'>πανημαδὸν</span> <span class='ocrx_word' id='word_1_648' title='bbox 1205 4852 1337 4923; x_wconf 82' lang='grc'><strong>(55),</strong></span> 
     </span>
    </p>
   </div>
   <div class='ocr_carea' id='block_1_83' title="bbox 399 5103 788 5174">
    <p class='ocr_par' dir='ltr' id='par_1_83' title="bbox 399 5103 788 5174">
     <span class='ocr_line' id='line_1_83' title="bbox 399 5103 788 5174; baseline -0.005 -14"><span class='ocrx_word' id='word_1_649' title='bbox 399 5117 431 5149; x_wconf 72' lang='grc' dir='ltr'>ι</span> <span class='ocrx_word' id='word_1_650' title='bbox 466 5106 554 5161; x_wconf 84' lang='grc' dir='ltr'><strong>ισ.</strong></span> <span class='ocrx_word' id='word_1_651' title='bbox 581 5103 788 5174; x_wconf 81' lang='grc' dir='ltr'>ἀφέντι.</span> 
     </span>
    </p>
   </div>
   <div class='ocr_carea' id='block_1_84' title="bbox 373 5214 1899 5314">
    <p class='ocr_par' dir='ltr' id='par_1_84' title="bbox 373 5214 1899 5314">
     <span class='ocr_line' id='line_1_84' title="bbox 373 5214 1899 5314; baseline -0.002 -41"><span class='ocrx_word' id='word_1_652' title='bbox 373 5217 891 5314; x_wconf 39' lang='grc' dir='ltr'><strong>’ςιβὶςῐζμίονεςξισ</strong></span> <span class='ocrx_word' id='word_1_653' title='bbox 908 5217 1260 5314; x_wconf 47' lang='lat' dir='ltr'><strong>resgondera-‘t</strong></span> <span class='ocrx_word' id='word_1_654' title='bbox 1268 5215 1496 5314; x_wconf 42' lang='lat' dir='ltr'><strong>Pythius</strong></span> <span class='ocrx_word' id='word_1_655' title='bbox 1511 5214 1848 5314; x_wconf 51' lang='lat' dir='ltr'><strong>apurLﬂerod</strong></span> <span class='ocrx_word' id='word_1_656' title='bbox 1860 5233 1899 5270; x_wconf 90' lang='lat'><strong>.:</strong></span> 
     </span>
    </p>
   </div>
   <div class='ocr_carea' id='block_1_85' title="bbox 360 5289 1895 5500">
    <p class='ocr_par' dir='ltr' id='par_1_85' title="bbox 360 5289 1895 5500">
     <span class='ocr_line' id='line_1_85' title="bbox 373 5289 1858 5359; baseline -0.002 -15"><span class='ocrx_word' id='word_1_657' title='bbox 373 5289 527 5345; x_wconf 64' lang='grc' dir='ltr'><strong>Ἀλλ’</strong></span> <span class='ocrx_word' id='word_1_658' title='bbox 552 5289 700 5344; x_wconf 81' lang='grc' dir='ltr'>ὅταν</span> <span class='ocrx_word' id='word_1_659' title='bbox 725 5290 972 5359; x_wconf 76' lang='grc' dir='ltr'>ἡμίονος</span> <span class='ocrx_word' id='word_1_660' title='bbox 996 5289 1297 5354; x_wconf 82' lang='grc' dir='ltr'>,βασιλεὺς</span> <span class='ocrx_word' id='word_1_661' title='bbox 1311 5289 1568 5353; x_wconf 81' lang='grc' dir='ltr'>Μήδοισι</span> <span class='ocrx_word' id='word_1_662' title='bbox 1593 5289 1858 5356; x_wconf 78' lang='grc' dir='ltr'>γένηται,</span> 
     </span>
     <span class='ocr_line' id='line_1_86' title="bbox 360 5357 1895 5500; baseline -0.005 -84"><span class='ocrx_word' id='word_1_663' title='bbox 360 5360 470 5416; x_wconf 80' lang='lat' dir='ltr'><strong>Kal</strong></span> <span class='ocrx_word' id='word_1_664' title='bbox 495 5362 652 5425; x_wconf 80' lang='grc' dir='ltr'>τότε,</span> <span class='ocrx_word' id='word_1_665' title='bbox 687 5358 846 5415; x_wconf 85' lang='grc' dir='ltr'><strong>Λυδὲ</strong></span> <span class='ocrx_word' id='word_1_666' title='bbox 877 5358 1152 5429; x_wconf 72' lang='grc' dir='ltr'>ποδαϐρέ,</span> <span class='ocrx_word' id='word_1_667' title='bbox 1187 5357 1580 5427; x_wconf 69' lang='grc' dir='ltr'>πολυψηφῖδα</span> <span class='ocrx_word' id='word_1_668' title='bbox 1609 5357 1895 5500; x_wconf 30' lang='lat' dir='ltr'><strong>«ﬁgis/:13-</strong></span> 
     </span>
    </p>
   </div>
   <div class='ocr_carea' id='block_1_86' title="bbox 362 5444 1885 5572">
    <p class='ocr_par' dir='ltr' id='par_1_86' title="bbox 362 5444 1885 5572">
     <span class='ocr_line' id='line_1_87' title="bbox 1685 5444 1825 5500; baseline 0.014 -22"><span class='ocrx_word' id='word_1_669' title='bbox 1685 5444 1825 5500; x_wconf 76' lang='grc' dir='ltr'>[μον</span> 
     </span>
     <span class='ocr_line' id='line_1_88' title="bbox 362 5494 1885 5572; baseline -0.003 -15"><span class='ocrx_word' id='word_1_670' title='bbox 362 5499 794 5572; x_wconf 65' lang='grc' dir='ltr'>Φεύγειν,μηδξ;</span> <span class='ocrx_word' id='word_1_671' title='bbox 810 5499 1037 5569; x_wconf 75' lang='grc' dir='ltr'>μένειν,</span> <span class='ocrx_word' id='word_1_672' title='bbox 1056 5496 1193 5568; x_wconf 81' lang='grc' dir='ltr'><strong>μηδ’</strong></span> <span class='ocrx_word' id='word_1_673' title='bbox 1203 5497 1495 5572; x_wconf 68' lang='grc' dir='ltr'>αἰδεῖσθαι</span> <span class='ocrx_word' id='word_1_674' title='bbox 1514 5496 1701 5564; x_wconf 80' lang='grc' dir='ltr'>κακός</span> <span class='ocrx_word' id='word_1_675' title='bbox 1718 5494 1885 5552; x_wconf 82' lang='grc' dir='ltr'>εἶναι.</span> 
     </span>
    </p>
   </div>
   <div class='ocr_carea' id='block_1_87' title="bbox 396 5568 1536 5644">
    <p class='ocr_par' dir='ltr' id='par_1_87' title="bbox 396 5568 1536 5644">
     <span class='ocr_line' id='line_1_89' title="bbox 396 5568 1536 5644; baseline -0.006 -18"><span class='ocrx_word' id='word_1_676' title='bbox 396 5568 508 5644; x_wconf 44' lang='grc'><strong>(498</strong></span> <span class='ocrx_word' id='word_1_677' title='bbox 557 5568 728 5644; x_wconf 47' lang='grc' dir='ltr'><strong>ᾙδῃ)</strong></span> <span class='ocrx_word' id='word_1_678' title='bbox 771 5568 846 5644; x_wconf 79' lang='lat' dir='ltr'><strong>Ita</strong></span> <span class='ocrx_word' id='word_1_679' title='bbox 880 5588 993 5643; x_wconf 69' lang='grc' dir='ltr'><strong>γρ,</strong></span> <span class='ocrx_word' id='word_1_680' title='bbox 1026 5579 1080 5644; x_wconf 84' lang='lat' dir='ltr'><strong>et</strong></span> <span class='ocrx_word' id='word_1_681' title='bbox 1108 5576 1252 5644; x_wconf 68' lang='lat' dir='ltr'><strong>recte</strong></span> <span class='ocrx_word' id='word_1_682' title='bbox 1291 5583 1385 5638; x_wconf 85' lang='lat' dir='ltr'><strong>pro</strong></span> <span class='ocrx_word' id='word_1_683' title='bbox 1415 5568 1536 5639; x_wconf 75' lang='grc' dir='ltr'><strong>ήδη.</strong></span> 
     </span>
    </p>
   </div>
   <div class='ocr_carea' id='block_1_88' title="bbox 396 5637 1891 5712">
    <p class='ocr_par' dir='ltr' id='par_1_88' title="bbox 396 5637 1891 5712">
     <span class='ocr_line' id='line_1_90' title="bbox 396 5637 1891 5712; baseline -0.003 -16"><span class='ocrx_word' id='word_1_684' title='bbox 396 5643 509 5712; x_wconf 85' lang='grc'><strong>(50)</strong></span> <span class='ocrx_word' id='word_1_685' title='bbox 557 5637 619 5696; x_wconf 71' lang='grc' dir='ltr'>Τί</span> <span class='ocrx_word' id='word_1_686' title='bbox 654 5637 723 5695; x_wconf 80' lang='grc' dir='ltr'><strong>δὲ</strong></span> <span class='ocrx_word' id='word_1_687' title='bbox 755 5640 835 5695; x_wconf 88' lang='grc' dir='ltr'>σὺ</span> <span class='ocrx_word' id='word_1_688' title='bbox 856 5637 1133 5712; x_wconf 40' lang='lat' dir='ltr'><strong>emptae</strong></span> <span class='ocrx_word' id='word_1_689' title='bbox 1148 5637 1301 5712; x_wconf 42' lang='lat' dir='ltr'><strong>illa</strong></span> <span class='ocrx_word' id='word_1_690' title='bbox 1336 5637 1579 5712; x_wconf 25' lang='lat' dir='ltr'><strong>omnes,‘</strong></span> <span class='ocrx_word' id='word_1_691' title='bbox 1602 5637 1708 5693; x_wconf 92' lang='lat' dir='ltr'><strong>nisi</strong></span> <span class='ocrx_word' id='word_1_692' title='bbox 1742 5638 1891 5712; x_wconf 88' lang='lat' dir='ltr'><strong>quod</strong></span> 
     </span>
    </p>
   </div>
   <div class='ocr_carea' id='block_1_89' title="bbox 323 5708 1890 5782">
    <p class='ocr_par' dir='ltr' id='par_1_89' title="bbox 323 5708 1890 5782">
     <span class='ocr_line' id='line_1_91' title="bbox 323 5708 1890 5782; baseline -0.003 -15"><span class='ocrx_word' id='word_1_693' title='bbox 323 5708 490 5778; x_wconf 82' lang='lat' dir='ltr'><strong>unus,</strong></span> <span class='ocrx_word' id='word_1_694' title='bbox 522 5711 604 5766; x_wconf 92' lang='grc' dir='ltr'><strong>σοί</strong></span> <span class='ocrx_word' id='word_1_695' title='bbox 655 5728 754 5782; x_wconf 90' lang='lat' dir='ltr'><strong>pro</strong></span> <span class='ocrx_word' id='word_1_696' title='bbox 807 5709 869 5782; x_wconf 74' lang='grc' dir='ltr'><strong>σῦ</strong></span> <span class='ocrx_word' id='word_1_697' title='bbox 924 5708 1246 5782; x_wconf 65' lang='lat' dir='ltr'><strong>legit.__Mibi</strong></span> <span class='ocrx_word' id='word_1_698' title='bbox 1274 5710 1502 5782; x_wconf 80' lang='lat' dir='ltr'><strong>quidem</strong></span> <span class='ocrx_word' id='word_1_699' title='bbox 1535 5708 1596 5760; x_wconf 82' lang='grc' dir='ltr'>τὸ</span> <span class='ocrx_word' id='word_1_700' title='bbox 1629 5708 1890 5782; x_wconf 65' lang='grc' dir='ltr'>κνηφίᾳς</span> 
     </span>
    </p>
   </div>
   <div class='ocr_carea' id='block_1_90' title="bbox 324 5778 1893 5921">
    <p class='ocr_par' dir='ltr' id='par_1_90' title="bbox 324 5778 1893 5921">
     <span class='ocr_line' id='line_1_92' title="bbox 324 5778 1888 5853; baseline -0.005 -15"><span class='ocrx_word' id='word_1_701' title='bbox 324 5784 509 5853; x_wconf 80' lang='lat' dir='ltr'><strong>ignota</strong></span> <span class='ocrx_word' id='word_1_702' title='bbox 549 5778 786 5837; x_wconf 58' lang='lat' dir='ltr'><strong>vox&#39;est.</strong></span> <span class='ocrx_word' id='word_1_703' title='bbox 817 5778 1327 5847; x_wconf 14' lang='lat' dir='ltr'><strong>Quodfsullicerem’.</strong></span> <span class='ocrx_word' id='word_1_704' title='bbox 1362 5779 1506 5832; x_wconf 87' lang='lat' dir='ltr'><strong>aliud</strong></span> <span class='ocrx_word' id='word_1_705' title='bbox 1530 5788 1726 5847; x_wconf 81' lang='lat' dir='ltr'><strong>praeter</strong></span> <span class='ocrx_word' id='word_1_706' title='bbox 1748 5779 1802 5832; x_wconf 81' lang='grc' dir='ltr'><strong>τί</strong></span> <span class='ocrx_word' id='word_1_707' title='bbox 1830 5778 1888 5831; x_wconf 75' lang='grc' dir='ltr'><strong>δὲ</strong></span> 
     </span>
     <span class='ocr_line' id='line_1_93' title="bbox 324 5847 1893 5921; baseline -0.004 -15"><span class='ocrx_word' id='word_1_708' title='bbox 324 5870 409 5907; x_wconf 82' lang='grc' dir='ltr'><strong>σοι</strong></span> <span class='ocrx_word' id='word_1_709' title='bbox 442 5852 688 5921; x_wconf 83' lang='grc' dir='ltr'>κνίσσας,</span> <span class='ocrx_word' id='word_1_710' title='bbox 715 5851 955 5910; x_wconf 86' lang='lat' dir='ltr'><strong>occurrit</strong></span> <span class='ocrx_word' id='word_1_711' title='bbox 980 5850 1153 5918; x_wconf 84' lang='lat' dir='ltr'><strong>nihil;</strong></span> <span class='ocrx_word' id='word_1_712' title='bbox 1182 5856 1236 5905; x_wconf 82' lang='lat' dir='ltr'><strong>et</strong></span> <span class='ocrx_word' id='word_1_713' title='bbox 1264 5847 1550 5904; x_wconf 81' lang='grc' dir='ltr'>ἀκολουθία</span> <span class='ocrx_word' id='word_1_714' title='bbox 1569 5848 1670 5903; x_wconf 76' lang='grc' dir='ltr'><strong>οὐκ</strong></span> <span class='ocrx_word' id='word_1_715' title='bbox 1688 5849 1893 5919; x_wconf 81' lang='grc' dir='ltr'>ἀπροσ-</span> 
     </span>
    </p>
   </div>
   <div class='ocr_carea' id='block_1_91' title="bbox 320 5922 1549 5989">
    <p class='ocr_par' dir='ltr' id='par_1_91' title="bbox 320 5922 1549 5989">
     <span class='ocr_line' id='line_1_94' title="bbox 320 5922 1549 5989; baseline 0.002 -13"><span class='ocrx_word' id='word_1_716' title='bbox 320 5922 585 5989; x_wconf 75' lang='grc' dir='ltr'>διόνυσος.</span> <span class='ocrx_word' id='word_1_717' title='bbox 1534 5924 1549 5929; x_wconf 75' lang='grc'><em>’</em></span> 
     </span>
    </p>
   </div>
   <div class='ocr_carea' id='block_1_92' title="bbox 725 5285 1974 5374">
    <p class='ocr_par' dir='ltr' id='par_1_92' title="bbox 725 5285 1974 5374">
     <span class='ocr_line' id='line_1_95' title="bbox 725 5285 1974 5374; baseline 0 0"><span class='ocrx_word' id='word_1_718' title='bbox 725 5285 1568 5374; x_wconf 39' lang='grc' dir='ltr'><strong>ἠλείρνοςιβξοῖαεὺςλτήδοεςὶ</strong></span> <span class='ocrx_word' id='word_1_719' title='bbox 1593 5285 1858 5374; x_wconf 43' lang='lat' dir='ltr'><strong>rerum,</strong></span> <span class='ocrx_word' id='word_1_720' title='bbox 1929 5318 1974 5374; x_wconf 80' lang='grc' dir='ltr'><strong>υ</strong></span> 
     </span>
    </p>
   </div>
   <div class='ocr_carea' id='block_1_93' title="bbox 2574 4036 3021 4093">
    <p class='ocr_par' dir='ltr' id='par_1_93' title="bbox 2574 4036 3021 4093">
     <span class='ocr_line' id='line_1_96' title="bbox 2574 4036 3021 4093; baseline -0.002 0"><span class='ocrx_word' id='word_1_721' title='bbox 2574 4036 2806 4093; x_wconf 80' lang='lat' dir='ltr'><strong>CAPUT</strong></span> <span class='ocrx_word' id='word_1_722' title='bbox 2853 4036 3021 4092; x_wconf 78' lang='lat' dir='ltr'><strong>XXII.</strong></span> 
     </span>
    </p>
   </div>
   <div class='ocr_carea' id='block_1_94' title="bbox 2011 4129 3583 4203">
    <p class='ocr_par' dir='ltr' id='par_1_94' title="bbox 2011 4129 3583 4203">
     <span class='ocr_line' id='line_1_97' title="bbox 2011 4129 3583 4203; baseline -0.009 -9"><span class='ocrx_word' id='word_1_723' title='bbox 2011 4135 2470 4203; x_wconf 71' lang='lat' dir='ltr'><strong>Quemadmodum</strong></span> <span class='ocrx_word' id='word_1_724' title='bbox 2496 4150 2582 4187; x_wconf 83' lang='lat' dir='ltr'><strong>eos</strong></span> <span class='ocrx_word' id='word_1_725' title='bbox 2622 4149 2654 4185; x_wconf 91' lang='lat' dir='ltr'><strong>a</strong></span> <span class='ocrx_word' id='word_1_726' title='bbox 2687 4132 2876 4203; x_wconf 75' lang='lat' dir='ltr'><strong>quibus</strong></span> <span class='ocrx_word' id='word_1_727' title='bbox 2908 4129 3317 4203; x_wconf 70' lang='lat' dir='ltr'><strong>consulebantttr</strong></span> <span class='ocrx_word' id='word_1_728' title='bbox 3347 4129 3583 4186; x_wconf 64' lang='lat' dir='ltr'><strong>&quot;luden-</strong></span> 
     </span>
    </p>
   </div>
   <div class='ocr_carea' id='block_1_95' title="bbox 2166 4198 3448 4275">
    <p class='ocr_par' dir='ltr' id='par_1_95' title="bbox 2166 4198 3448 4275">
     <span class='ocr_line' id='line_1_98' title="bbox 2166 4198 3448 4275; baseline -0.005 -15"><span class='ocrx_word' id='word_1_729' title='bbox 2166 4216 2262 4273; x_wconf 81' lang='lat' dir='ltr'><strong>tes,</strong></span> <span class='ocrx_word' id='word_1_730' title='bbox 2291 4205 2553 4275; x_wconf 70' lang='lat' dir='ltr'><strong>responsis</strong></span> <span class='ocrx_word' id='word_1_731' title='bbox 2587 4198 2707 4255; x_wconf 70' lang='lat' dir='ltr'><strong>suis</strong></span> <span class='ocrx_word' id='word_1_732' title='bbox 2727 4204 2781 4254; x_wconf 81' lang='lat' dir='ltr'><strong>in</strong></span> <span class='ocrx_word' id='word_1_733' title='bbox 2812 4200 3059 4269; x_wconf 78' lang='lat' dir='ltr'><strong>fraudem</strong></span> <span class='ocrx_word' id='word_1_734' title='bbox 3097 4198 3448 4268; x_wconf 77' lang='lat' dir='ltr'><strong>impellerent.</strong></span> 
     </span>
    </p>
   </div>
   <div class='ocr_carea' id='block_1_96' title="bbox 2086 4291 3583 4365">
    <p class='ocr_par' dir='ltr' id='par_1_96' title="bbox 2086 4291 3583 4365">
     <span class='ocr_line' id='line_1_99' title="bbox 2086 4291 3583 4365; baseline -0.006 -8"><span class='ocrx_word' id='word_1_735' title='bbox 2086 4320 2105 4355; x_wconf 78' lang='grc' dir='ltr'><strong>ι</strong></span> <span class='ocrx_word' id='word_1_736' title='bbox 2150 4299 2256 4356; x_wconf 91' lang='lat' dir='ltr'><strong>Sed</strong></span> <span class='ocrx_word' id='word_1_737' title='bbox 2290 4297 2575 4362; x_wconf 86' lang='lat' dir='ltr'><strong>nimirum,</strong></span> <span class='ocrx_word' id='word_1_738' title='bbox 2610 4294 2809 4364; x_wconf 90' lang='lat' dir='ltr'><strong>inquit,</strong></span> <span class='ocrx_word' id='word_1_739' title='bbox 2855 4308 2958 4365; x_wconf 75' lang='lat' dir='ltr'><strong>nos</strong></span> <span class='ocrx_word' id='word_1_740' title='bbox 2994 4291 3158 4347; x_wconf 88' lang='lat' dir='ltr'><strong>etiam</strong></span> <span class='ocrx_word' id='word_1_741' title='bbox 3195 4292 3251 4346; x_wconf 91' lang='lat' dir='ltr'><strong>in</strong></span> <span class='ocrx_word' id='word_1_742' title='bbox 3295 4293 3583 4349; x_wconf 67' lang='lat' dir='ltr'><strong>commdiaa</strong></span> 
     </span>
    </p>
   </div>
   <div class='ocr_carea' id='block_1_97' title="bbox 2006 4383 3586 4466">
    <p class='ocr_par' dir='ltr' id='par_1_97' title="bbox 2006 4383 3586 4466">
     <span class='ocr_line' id='line_1_100' title="bbox 2006 4383 3586 4466; baseline -0.008 -16"><span class='ocrx_word' id='word_1_743' title='bbox 2006 4402 2216 4466; x_wconf 81' lang='lat' dir='ltr'><strong>partem</strong></span> <span class='ocrx_word' id='word_1_744' title='bbox 2245 4389 2430 4447; x_wconf 89' lang='lat' dir='ltr'><strong>vocari</strong></span> <span class='ocrx_word' id='word_1_745' title='bbox 2461 4386 2771 4458; x_wconf 88' lang='lat' dir='ltr'><strong>oportebat,</strong></span> <span class='ocrx_word' id='word_1_746' title='bbox 2800 4399 2868 4440; x_wconf 91' lang='lat' dir='ltr'><strong>ne</strong></span> <span class='ocrx_word' id='word_1_747' title='bbox 2893 4383 3054 4439; x_wconf 89' lang='lat' dir='ltr'><strong>nobis</strong></span> <span class='ocrx_word' id='word_1_748' title='bbox 3080 4383 3185 4453; x_wconf 88' lang='lat' dir='ltr'><strong>ipsi</strong></span> <span class='ocrx_word' id='word_1_749' title='bbox 3213 4383 3443 4438; x_wconf 91' lang='lat' dir='ltr'><strong>nimium</strong></span> <span class='ocrx_word' id='word_1_750' title='bbox 3471 4385 3586 4455; x_wconf 84' lang='lat' dir='ltr'><strong>pla-</strong></span> 
     </span>
    </p>
   </div>
   <div class='ocr_carea' id='block_1_98' title="bbox 2005 4475 3580 4553">
    <p class='ocr_par' dir='ltr' id='par_1_98' title="bbox 2005 4475 3580 4553">
     <span class='ocr_line' id='line_1_101' title="bbox 2005 4475 3580 4553; baseline -0.008 -10"><span class='ocrx_word' id='word_1_751' title='bbox 2005 4499 2279 4551; x_wconf 87' lang='lat' dir='ltr'><strong>ceremus,</strong></span> <span class='ocrx_word' id='word_1_752' title='bbox 2325 4480 2470 4553; x_wconf 87' lang='lat' dir='ltr'><strong>quod</strong></span> <span class='ocrx_word' id='word_1_753' title='bbox 2516 4478 2677 4534; x_wconf 90' lang='lat' dir='ltr'><strong>nobis</strong></span> <span class='ocrx_word' id='word_1_754' title='bbox 2722 4490 3067 4534; x_wconf 87' lang='lat' dir='ltr'><strong>communem</strong></span> <span class='ocrx_word' id='word_1_755' title='bbox 3117 4475 3261 4531; x_wconf 90' lang='lat' dir='ltr'><strong>hanc</strong></span> <span class='ocrx_word' id='word_1_756' title='bbox 3300 4477 3580 4531; x_wconf 87' lang='lat' dir='ltr'><strong>vesaniam</strong></span> 
     </span>
    </p>
   </div>
   <div class='ocr_carea' id='block_1_99' title="bbox 2006 4569 3577 4641">
    <p class='ocr_par' dir='ltr' id='par_1_99' title="bbox 2006 4569 3577 4641">
     <span class='ocr_line' id='line_1_102' title="bbox 2006 4569 3577 4641; baseline -0.007 -8"><span class='ocrx_word' id='word_1_757' title='bbox 2006 4577 2283 4633; x_wconf 90' lang='lat' dir='ltr'><strong>declinare</strong></span> <span class='ocrx_word' id='word_1_758' title='bbox 2315 4573 2560 4629; x_wconf 89' lang='lat' dir='ltr'><strong>licuisset</strong></span> <span class='ocrx_word' id='word_1_759' title='bbox 2590 4589 2604 4625; x_wconf 91' lang='lat'><strong>:</strong></span> <span class='ocrx_word' id='word_1_760' title='bbox 2638 4584 2842 4641; x_wconf 86' lang='lat' dir='ltr'><strong>easque</strong></span> <span class='ocrx_word' id='word_1_761' title='bbox 2867 4569 3005 4624; x_wconf 88' lang='lat' dir='ltr'><strong>adeo</strong></span> <span class='ocrx_word' id='word_1_762' title='bbox 3030 4583 3241 4624; x_wconf 87' lang='lat' dir='ltr'><strong>merces</strong></span> <span class='ocrx_word' id='word_1_763' title='bbox 3280 4581 3577 4638; x_wconf 79' lang='lat' dir='ltr'><strong>exponere,</strong></span> 
     </span>
    </p>
   </div>
   <div class='ocr_carea' id='block_1_100' title="bbox 2007 4655 3582 4737">
    <p class='ocr_par' dir='ltr' id='par_1_100' title="bbox 2007 4655 3582 4737">
     <span class='ocr_line' id='line_1_103' title="bbox 2007 4655 3582 4737; baseline -0.008 -16"><span class='ocrx_word' id='word_1_764' title='bbox 2007 4672 2146 4737; x_wconf 82' lang='lat' dir='ltr'><strong>quas</strong></span> <span class='ocrx_word' id='word_1_765' title='bbox 2176 4662 2342 4736; x_wconf 56' lang='lat'><strong>215</strong></span> <span class='ocrx_word' id='word_1_766' title='bbox 2372 4662 2475 4732; x_wconf 89' lang='lat' dir='ltr'><strong>ipsi</strong></span> <span class='ocrx_word' id='word_1_767' title='bbox 2512 4674 2732 4732; x_wconf 88' lang='lat' dir='ltr'><strong>quoque</strong></span> <span class='ocrx_word' id='word_1_768' title='bbox 2774 4659 2878 4713; x_wconf 87' lang='lat' dir='ltr'><strong>hac</strong></span> <span class='ocrx_word' id='word_1_769' title='bbox 2916 4657 2974 4713; x_wconf 90' lang='lat' dir='ltr'><strong>in</strong></span> <span class='ocrx_word' id='word_1_770' title='bbox 3020 4655 3303 4726; x_wconf 62' lang='lat' dir='ltr'><strong>sapientia</strong></span> <span class='ocrx_word' id='word_1_771' title='bbox 3331 4655 3582 4725; x_wconf 67' lang='lat' dir='ltr'><strong>negotia-</strong></span> 
     </span>
    </p>
   </div>
   <div class='ocr_carea' id='block_1_101' title="bbox 2005 4745 3576 4827">
    <p class='ocr_par' dir='ltr' id='par_1_101' title="bbox 2005 4745 3576 4827">
     <span class='ocr_line' id='line_1_104' title="bbox 2005 4745 3576 4827; baseline -0.008 -14"><span class='ocrx_word' id='word_1_772' title='bbox 2005 4758 2159 4814; x_wconf 91' lang='lat' dir='ltr'><strong>tione</strong></span> <span class='ocrx_word' id='word_1_773' title='bbox 2190 4771 2257 4810; x_wconf 82' lang='lat' dir='ltr'><strong>ex</strong></span> <span class='ocrx_word' id='word_1_774' title='bbox 2300 4754 2426 4809; x_wconf 76' lang='lat' dir='ltr'><strong>Asia</strong></span> <span class='ocrx_word' id='word_1_775' title='bbox 2459 4761 2578 4817; x_wconf 90' lang='lat' dir='ltr'><strong>tuo,</strong></span> <span class='ocrx_word' id='word_1_776' title='bbox 2614 4749 2813 4814; x_wconf 88' lang='lat' dir='ltr'><strong>Clarie,</strong></span> <span class='ocrx_word' id='word_1_777' title='bbox 2854 4745 3123 4804; x_wconf 81' lang='lat' dir='ltr'><strong>beneﬁcio</strong></span> <span class='ocrx_word' id='word_1_778' title='bbox 3152 4747 3576 4827; x_wconf 74' lang='lat' dir='ltr'><strong>reportavimus.</strong></span> 
     </span>
    </p>
   </div>
   <div class='ocr_carea' id='block_1_102' title="bbox 2007 4836 3578 4917">
    <p class='ocr_par' dir='ltr' id='par_1_102' title="bbox 2007 4836 3578 4917">
     <span class='ocr_line' id='line_1_105' title="bbox 2007 4836 3578 4917; baseline -0.008 -11"><span class='ocrx_word' id='word_1_779' title='bbox 2007 4848 2309 4906; x_wconf 84' lang='lat' dir='ltr'><strong>Herculeus</strong></span> <span class='ocrx_word' id='word_1_780' title='bbox 2360 4845 2585 4917; x_wconf 87' lang='lat' dir='ltr'><strong>quidam</strong></span> <span class='ocrx_word' id='word_1_781' title='bbox 2642 4843 2700 4898; x_wconf 88' lang='lat' dir='ltr'><strong>in</strong></span> <span class='ocrx_word' id='word_1_782' title='bbox 2750 4838 3058 4896; x_wconf 73' lang='lat' dir='ltr'><strong>Trachinite</strong></span> <span class='ocrx_word' id='word_1_783' title='bbox 3103 4839 3329 4908; x_wconf 74' lang='lat' dir='ltr'><strong>regione</strong></span> <span class='ocrx_word' id='word_1_784' title='bbox 3381 4836 3578 4893; x_wconf 81' lang='lat' dir='ltr'><strong>hortus</strong></span> 
     </span>
    </p>
   </div>
   <div class='ocr_carea' id='block_1_103' title="bbox 2006 4931 3576 5013">
    <p class='ocr_par' dir='ltr' id='par_1_103' title="bbox 2006 4931 3576 5013">
     <span class='ocr_line' id='line_1_106' title="bbox 2006 4931 3576 5013; baseline -0.01 -13"><span class='ocrx_word' id='word_1_785' title='bbox 2006 4953 2111 5009; x_wconf 76' lang='lat' dir='ltr'><strong>est,</strong></span> <span class='ocrx_word' id='word_1_786' title='bbox 2143 4942 2199 4996; x_wconf 90' lang='lat' dir='ltr'><strong>in</strong></span> <span class='ocrx_word' id='word_1_787' title='bbox 2229 4955 2339 5013; x_wconf 91' lang='lat' dir='ltr'><strong>quo</strong></span> <span class='ocrx_word' id='word_1_788' title='bbox 2372 4939 2576 5009; x_wconf 89' lang='lat' dir='ltr'><strong>passim</strong></span> <span class='ocrx_word' id='word_1_789' title='bbox 2620 4936 2803 4992; x_wconf 89' lang='lat' dir='ltr'><strong>omnia</strong></span> <span class='ocrx_word' id='word_1_790' title='bbox 2839 4934 3171 5005; x_wconf 81' lang='lat' dir='ltr'><strong>germinant,</strong></span> <span class='ocrx_word' id='word_1_791' title='bbox 3203 4931 3410 5002; x_wconf 86' lang='lat' dir='ltr'><strong>quique</strong></span> <span class='ocrx_word' id='word_1_792' title='bbox 3450 4944 3576 4986; x_wconf 86' lang='lat' dir='ltr'><strong>cum</strong></span> 
     </span>
    </p>
   </div>
   <div class='ocr_carea' id='block_1_104' title="bbox 2006 5030 2559 5097">
    <p class='ocr_par' dir='ltr' id='par_1_104' title="bbox 2006 5030 2559 5097">
     <span class='ocr_line' id='line_1_107' title="bbox 2006 5030 2559 5097; baseline -0.013 -5"><span class='ocrx_word' id='word_1_793' title='bbox 2006 5035 2252 5092; x_wconf 82' lang='lat' dir='ltr'><strong>omnium</strong></span> <span class='ocrx_word' id='word_1_794' title='bbox 2282 5030 2559 5097; x_wconf 85' lang='lat' dir='ltr'><strong>manibus,</strong></span> 
     </span>
    </p>
   </div>
   <div class='ocr_carea' id='block_1_105' title="bbox 2076 5201 3399 5283">
    <p class='ocr_par' dir='ltr' id='par_1_105' title="bbox 2076 5201 3399 5283">
     <span class='ocr_line' id='line_1_108' title="bbox 2076 5201 3399 5283; baseline -0.004 -17"><span class='ocrx_word' id='word_1_795' title='bbox 2076 5209 2209 5282; x_wconf 80' lang='lat'><strong>(50‘)</strong></span> <span class='ocrx_word' id='word_1_796' title='bbox 2243 5209 2454 5283; x_wconf 76' lang='grc' dir='ltr'>Αὐτός.</span> <span class='ocrx_word' id='word_1_797' title='bbox 2492 5201 3028 5283; x_wconf 34' lang='grc' dir='ltr'>Ιέοεςθαρτοίικῐίοιτ.</span> <span class='ocrx_word' id='word_1_798' title='bbox 3178 5280 3185 5283; x_wconf 85' lang='lat'><em>_</em></span> <span class='ocrx_word' id='word_1_799' title='bbox 3286 5269 3323 5283; x_wconf 53' lang='grc' dir='ltr'><strong>υ</strong></span> <span class='ocrx_word' id='word_1_800' title='bbox 3365 5268 3399 5283; x_wconf 24' lang='grc' dir='ltr'><strong>μ,</strong></span> 
     </span>
    </p>
   </div>
   <div class='ocr_carea' id='block_1_106' title="bbox 2074 5269 3575 5353">
    <p class='ocr_par' dir='ltr' id='par_1_106' title="bbox 2074 5269 3575 5353">
     <span class='ocr_line' id='line_1_109' title="bbox 2074 5269 3575 5353; baseline -0.009 -15"><span class='ocrx_word' id='word_1_801' title='bbox 2074 5269 2203 5353; x_wconf 61' lang='grc' dir='ltr'><strong>(δυ’</strong></span> <span class='ocrx_word' id='word_1_802' title='bbox 2230 5281 2395 5349; x_wconf 80' lang='grc' dir='ltr'>Παρὰ</span> <span class='ocrx_word' id='word_1_803' title='bbox 2412 5269 2762 5353; x_wconf 57' lang='grc' dir='ltr'>’σοῦῘΝιιΙΙο</span> <span class='ocrx_word' id='word_1_804' title='bbox 2810 5275 2897 5353; x_wconf 75' lang='lat' dir='ltr'><strong>hic</strong></span> <span class='ocrx_word' id='word_1_805' title='bbox 2939 5283 3057 5327; x_wconf 91' lang='lat' dir='ltr'><strong>erat</strong></span> <span class='ocrx_word' id='word_1_806' title='bbox 3098 5280 3229 5353; x_wconf 62' lang='lat' dir='ltr'><strong>ante</strong></span> <span class='ocrx_word' id='word_1_807' title='bbox 3271 5269 3575 5353; x_wconf 66' lang='lat' dir='ltr'><strong>distinctio,</strong></span> 
     </span>
    </p>
   </div>
   <div class='ocr_carea' id='block_1_107' title="bbox 2002 5339 3579 5422">
    <p class='ocr_par' dir='ltr' id='par_1_107' title="bbox 2002 5339 3579 5422">
     <span class='ocr_line' id='line_1_110' title="bbox 2002 5339 3579 5422; baseline -0.007 -16"><span class='ocrx_word' id='word_1_808' title='bbox 2002 5339 2185 5422; x_wconf 50' lang='lat' dir='ltr'><strong>quam,</strong></span> <span class='ocrx_word' id='word_1_809' title='bbox 2209 5339 2389 5405; x_wconf 48' lang='lat' dir='ltr'><strong>tatu-en</strong></span> <span class='ocrx_word' id='word_1_810' title='bbox 2426 5347 2692 5422; x_wconf 80' lang='lat' dir='ltr'><strong>sententia</strong></span> <span class='ocrx_word' id='word_1_811' title='bbox 2724 5345 3016 5422; x_wconf 78' lang='lat' dir='ltr'><strong>maximam</strong></span> <span class='ocrx_word' id='word_1_812' title='bbox 3047 5339 3579 5422; x_wconf 63' lang='lat' dir='ltr'><strong>postularevide-ba-</strong></span> 
     </span>
    </p>
   </div>
   <div class='ocr_carea' id='block_1_108' title="bbox 2000 5411 3573 5483">
    <p class='ocr_par' dir='ltr' id='par_1_108' title="bbox 2000 5411 3573 5483">
     <span class='ocr_line' id='line_1_111' title="bbox 2000 5411 3573 5483; baseline -0.011 -5"><span class='ocrx_word' id='word_1_813' title='bbox 2000 5411 2108 5478; x_wconf 58' lang='lat' dir='ltr'><strong>t&#39;nr.</strong></span> <span class='ocrx_word' id='word_1_814' title='bbox 2139 5420 2430 5476; x_wconf 82' lang='lat' dir='ltr'><strong>Oraculum</strong></span> <span class='ocrx_word' id='word_1_815' title='bbox 2458 5419 2624 5477; x_wconf 86' lang='lat' dir='ltr'><strong>enim.</strong></span> <span class='ocrx_word' id='word_1_816' title='bbox 2662 5415 2873 5483; x_wconf 84' lang='lat' dir='ltr'><strong>opinor,</strong></span> <span class='ocrx_word' id='word_1_817' title='bbox 2908 5415 3173 5480; x_wconf 89' lang='lat' dir='ltr'><strong>sequitur,</strong></span> <span class='ocrx_word' id='word_1_818' title='bbox 3202 5411 3346 5481; x_wconf 86' lang='lat' dir='ltr'><strong>quod</strong></span> <span class='ocrx_word' id='word_1_819' title='bbox 3371 5412 3573 5465; x_wconf 86' lang='lat' dir='ltr'><strong>bonum</strong></span> 
     </span>
    </p>
   </div>
   <div class='ocr_carea' id='block_1_109' title="bbox 1998 5486 3029 5548">
    <p class='ocr_par' dir='ltr' id='par_1_109' title="bbox 1998 5486 3029 5548">
     <span class='ocr_line' id='line_1_112' title="bbox 1998 5486 3029 5548; baseline -0.012 1"><span class='ocrx_word' id='word_1_820' title='bbox 1998 5491 2337 5548; x_wconf 78' lang='lat' dir='ltr'><strong>(Enomanm</strong></span> <span class='ocrx_word' id='word_1_821' title='bbox 2372 5490 2423 5541; x_wconf 91' lang='lat' dir='ltr'><strong>in</strong></span> <span class='ocrx_word' id='word_1_822' title='bbox 2451 5501 2688 5540; x_wconf 88' lang='lat' dir='ltr'><strong>errorem</strong></span> <span class='ocrx_word' id='word_1_823' title='bbox 2726 5486 3029 5537; x_wconf 82' lang='lat' dir='ltr'><strong>induxerat.</strong></span> 
     </span>
    </p>
   </div>
   <div class='ocr_carea' id='block_1_110' title="bbox 2071 5550 3574 5633">
    <p class='ocr_par' dir='ltr' id='par_1_110' title="bbox 2071 5550 3574 5633">
     <span class='ocr_line' id='line_1_113' title="bbox 2071 5550 3574 5633; baseline -0.009 -16"><span class='ocrx_word' id='word_1_824' title='bbox 2071 5563 2183 5633; x_wconf 70' lang='lat'><strong>(52)</strong></span> <span class='ocrx_word' id='word_1_825' title='bbox 2200 5557 2615 5633; x_wconf 57' lang='lat' dir='ltr'><strong>’EV_TpaZTr_0c_.</strong></span> <span class='ocrx_word' id='word_1_826' title='bbox 2634 5555 2906 5623; x_wconf 80' lang='lat' dir='ltr'><strong>Scriptum</strong></span> <span class='ocrx_word' id='word_1_827' title='bbox 2918 5562 3034 5633; x_wconf 77' lang='lat' dir='ltr'><strong>erat</strong></span> <span class='ocrx_word' id='word_1_828' title='bbox 3047 5552 3396 5633; x_wconf 48' lang='lat' dir='ltr'><strong>Tptx‘qvogLet</strong></span> <span class='ocrx_word' id='word_1_829' title='bbox 3409 5550 3574 5633; x_wconf 56' lang='lat' dir='ltr'><strong>paulo</strong></span> 
     </span>
    </p>
   </div>
   <div class='ocr_carea' id='block_1_111' title="bbox 1995 5622 3569 5704">
    <p class='ocr_par' dir='ltr' id='par_1_111' title="bbox 1995 5622 3569 5704">
     <span class='ocr_line' id='line_1_114' title="bbox 1995 5622 3569 5704; baseline -0.009 -16"><span class='ocrx_word' id='word_1_830' title='bbox 1995 5622 2141 5704; x_wconf 72' lang='lat' dir='ltr'><strong>post,</strong></span> <span class='ocrx_word' id='word_1_831' title='bbox 2155 5622 2415 5704; x_wconf 71' lang='grc' dir='ltr'>Τριχῆνα.</span> <span class='ocrx_word' id='word_1_832' title='bbox 2430 5622 2541 5704; x_wconf 55' lang='grc' dir='ltr'><strong>βοά</strong></span> <span class='ocrx_word' id='word_1_833' title='bbox 2557 5630 2689 5704; x_wconf 80' lang='lat' dir='ltr'><strong>alter</strong></span> <span class='ocrx_word' id='word_1_834' title='bbox 2703 5622 3196 5704; x_wconf 64' lang='lat' dir='ltr'><strong>manuscriptusba</strong></span> <span class='ocrx_word' id='word_1_835' title='bbox 3205 5626 3291 5675; x_wconf 82' lang='lat' dir='ltr'><strong>bet</strong></span> <span class='ocrx_word' id='word_1_836' title='bbox 3306 5622 3347 5673; x_wconf 90' lang='lat' dir='ltr'><strong>T</strong></span> <span class='ocrx_word' id='word_1_837' title='bbox 3356 5626 3569 5704; x_wconf 63' lang='grc' dir='ltr'>ραχξνα.</span> 
     </span>
    </p>
   </div>
   <div class='ocr_carea' id='block_1_112' title="bbox 1996 5693 3494 5770">
    <p class='ocr_par' dir='ltr' id='par_1_112' title="bbox 1996 5693 3494 5770">
     <span class='ocr_line' id='line_1_115' title="bbox 1996 5693 3494 5770; baseline -0.009 -11"><span class='ocrx_word' id='word_1_838' title='bbox 1996 5693 2136 5770; x_wconf 58' lang='grc' dir='ltr'>ῥοαί</span> <span class='ocrx_word' id='word_1_839' title='bbox 2162 5693 2293 5756; x_wconf 72' lang='grc' dir='ltr'>ιιῐὶιὶἰ</span> <span class='ocrx_word' id='word_1_840' title='bbox 2316 5693 2706 5770; x_wconf 58' lang='lat' dir='ltr'><strong>&#39;Iectirrrectigr</strong></span> <span class='ocrx_word' id='word_1_841' title='bbox 2735 5695 2853 5750; x_wconf 85' lang='lat' dir='ltr'><strong>visa</strong></span> <span class='ocrx_word' id='word_1_842' title='bbox 2877 5702 2980 5748; x_wconf 87' lang='lat' dir='ltr'><strong>est.</strong></span> <span class='ocrx_word' id='word_1_843' title='bbox 3112 5693 3252 5770; x_wconf 68' lang='lat' dir='ltr'><strong>inira</strong></span> <span class='ocrx_word' id='word_1_844' title='bbox 3288 5708 3342 5762; x_wconf 87' lang='lat' dir='ltr'><strong>p.</strong></span> <span class='ocrx_word' id='word_1_845' title='bbox 3368 5694 3494 5746; x_wconf 69' lang='grc' dir='ltr'>2ου.</span> 
     </span>
    </p>
   </div>
   <div class='ocr_carea' id='block_1_113' title="bbox 2070 5765 3573 5843">
    <p class='ocr_par' dir='ltr' id='par_1_113' title="bbox 2070 5765 3573 5843">
     <span class='ocr_line' id='line_1_116' title="bbox 2070 5765 3573 5843; baseline -0.01 -16"><span class='ocrx_word' id='word_1_846' title='bbox 2070 5772 2184 5843; x_wconf 76' lang='grc'><strong>(55)</strong></span> <span class='ocrx_word' id='word_1_847' title='bbox 2223 5765 2593 5843; x_wconf 61' lang='grc' dir='ltr'>Πανημαδόν.</span> <span class='ocrx_word' id='word_1_848' title='bbox 2634 5765 2774 5843; x_wconf 63' lang='lat' dir='ltr'><strong>Rara</strong></span> <span class='ocrx_word' id='word_1_849' title='bbox 2823 5765 3032 5843; x_wconf 40' lang='grc' dir='ltr'>ξομ-εξ</span> <span class='ocrx_word' id='word_1_850' title='bbox 3081 5765 3246 5843; x_wconf 68' lang='lat' dir='ltr'><strong>proba</strong></span> <span class='ocrx_word' id='word_1_851' title='bbox 3307 5772 3409 5826; x_wconf 88' lang='lat' dir='ltr'><strong>est,</strong></span> <span class='ocrx_word' id='word_1_852' title='bbox 3450 5777 3573 5843; x_wconf 58' lang='lat' dir='ltr'><strong>qua}</strong></span> 
     </span>
    </p>
   </div>
   <div class='ocr_carea' id='block_1_114' title="bbox 2000 5831 3571 5913">
    <p class='ocr_par' dir='ltr' id='par_1_114' title="bbox 2000 5831 3571 5913">
     <span class='ocr_line' id='line_1_117' title="bbox 2000 5831 3571 5913; baseline -0.008 -16"><span class='ocrx_word' id='word_1_853' title='bbox 2000 5831 2285 5913; x_wconf 69' lang='grc' dir='ltr'>πανῆμαρ,</span> <span class='ocrx_word' id='word_1_854' title='bbox 2311 5831 2961 5913; x_wconf 29' lang='grc' dir='ltr'>ονὲλιιφ,ξῇεηξίὶοιιι.ρυὶό</span> <span class='ocrx_word' id='word_1_855' title='bbox 2988 5836 3035 5891; x_wconf 91' lang='lat' dir='ltr'><strong>si</strong></span> <span class='ocrx_word' id='word_1_856' title='bbox 3060 5831 3400 5905; x_wconf 77' lang='grc' dir='ltr'>πανήδαμον,</span> <span class='ocrx_word' id='word_1_857' title='bbox 3422 5831 3571 5903; x_wconf 79' lang='lat' dir='ltr'><strong>quod</strong></span> 
     </span>
    </p>
   </div>
   <div class='ocr_carea' id='block_1_115' title="bbox 2004 5907 2787 5984">
    <p class='ocr_par' dir='ltr' id='par_1_115' title="bbox 2004 5907 2787 5984">
     <span class='ocr_line' id='line_1_118' title="bbox 2004 5907 2787 5984; baseline -0.005 -16"><span class='ocrx_word' id='word_1_858' title='bbox 2004 5907 2271 5984; x_wconf 66' lang='lat' dir='ltr'><strong>Hesychia</strong></span> <span class='ocrx_word' id='word_1_859' title='bbox 2285 5918 2369 5968; x_wconf 89' lang='lat' dir='ltr'><strong>est</strong></span> <span class='ocrx_word' id='word_1_860' title='bbox 2390 5907 2476 5965; x_wconf 80' lang='grc' dir='ltr'><strong>διὰ</strong></span> <span class='ocrx_word' id='word_1_861' title='bbox 2502 5907 2656 5979; x_wconf 71' lang='grc' dir='ltr'><strong>βίουῖ</strong></span> <span class='ocrx_word' id='word_1_862' title='bbox 2742 5924 2745 5925; x_wconf 55' lang='grc'><strong><em>⁷</em></strong></span> <span class='ocrx_word' id='word_1_863' title='bbox 2782 5926 2787 5929; x_wconf 54' lang='grc' dir='ltr'><strong>τ</strong></span> 
     </span>
    </p>
   </div>
  </div>
