4162 6430
556 338 661 393 367

560 501 591 532 ,ί
624 501 639 518 .
687 503 701 516 .
748 501 761 514 .
800 462 945 517 nullo
974 478 1073 516 non
1100 470 1327 531 tempore
1353 466 1555 532 passim

558 531 850 607 carpatur,
879 546 1049 586 tamen
1081 533 1221 607 haud
1253 531 1484 603 unquam
1513 535 1807 593 decrescere
1832 536 2000 607 visus,

556 602 632 658 ΛΕ
638 606 800 656 ternis
828 615 1050 673 augetur
1070 603 1244 672 aquis.

556 716 671 787 Ego
706 718 888 787 igitur,
922 727 983 771 ut
1016 718 1219 785 audivi,
1256 718 1520 775 continuo
1548 721 1783 779 stolidus
1817 737 1883 778 ac
1919 737 2131 790 vecors,

555 808 625 862 ab
652 805 883 863 Hercule
912 823 1049 863 vana
1084 822 1181 879 spe
1211 808 1391 865 inﬂari
1419 811 1535 881 ipse
1569 828 1790 884 quoque
1817 830 1881 870 ac
1910 825 2134 886 prOpter

558 896 869 955 Trachinia!
921 914 1144 965 nomen,
1190 901 1541 958 Hesiodicum
1591 905 1829 976 aliquem
1877 906 2134 963 Herculei

554 996 703 1050 horti
745 1000 948 1066 passim
994 995 1354 1065 germinantis
1396 999 1692 1065 sudorem,
1738 1000 1956 1057 facilem
2002 1017 2134 1059 vero

553 1089 901 1158 solutamque
942 1090 1129 1155 vitam,
1174 1099 1396 1161 propter
1424 1090 1669 1148 ﬂorentis
1712 1092 1857 1149 horti
1900 1094 2134 1149 mentio-

552 1197 702 1249 nem,
752 1182 943 1236 animo
985 1182 1287 1237 somniare.
1340 1181 1567 1249 Deinde,
1630 1185 1894 1255 quaerenti
1941 1201 2132 1257 porro,

551 1291 685 1333 num
720 1290 878 1346 opem
911 1274 1106 1346 Superi
1137 1276 1305 1331 laturi
1338 1277 1475 1332 mihi
1506 1287 1713 1347 essent,
1744 1279 1956 1336 laturos
1984 1297 2131 1337 unus

549 1382 584 1424 θ
610 1368 771 1439 vulgo
811 1369 973 1423 etiam
1005 1367 1367 1439 jurejurando
1394 1370 1763 1427 conﬁrmavit.
1795 1371 1959 1429 Certo
1983 1376 2130 1429 enim

551 1460 704 1517 sede
731 1460 1047 1516 Callistrato
1089 1461 1349 1530 quodam,
1391 1472 1699 1519 mercatore
1744 1462 1994 1533 Pontico,
2036 1466 2131 1536 qui

552 1553 730 1609 simile
766 1553 865 1609 abs
893 1561 945 1607 te
971 1552 1297 1608 beneficium
1328 1554 1647 1624 accepisset,
1680 1557 1941 1613 audiisse.
1974 1556 2131 1625 Quod

552 1666 653 1722 ego
687 1659 979 1721 postquam
1012 1649 1229 1717 rescivi,
1264 1664 1431 1721 quam
1459 1648 1514 1703 id
1546 1665 1635 1705 me
1670 1652 1911 1722 graviter
1938 1653 2131 1708 tulisse

1326 337 1601 397 EUSEBII
1637 339 2115 402 CESARIENSIS
2138 342 2295 402 OPP.
2332 343 2517 403 PARS
2545 344 2612 404 II.
2649 344 3151 409 APOLOGE'I'ICA.

2166 473 2215 532 Α
2247 469 2384 523 Οὐδ’
2410 468 2724 534 ὀλιζρῢται,

2241 542 2481 609 Βέὅριθε
2517 541 2568 593 δ’
2596 542 2925 597 ὑδάτεσσιν
2954 540 3361 612 διηνεκέσσιν.

2239 730 2352 786 Εἶτ’
2389 732 2500 802 ἐγὼ
2556 733 2794 797 ἀκούσας
2839 735 2869 787 ὁ
2920 732 3175 804 βάκηλος,
3228 734 3326 788 καὶ
3374 734 3538 799 αὐτὸς
3588 730 3695 790 ὑπὸ
3725 729 3820 792 τοῦ

2249 827 2548 896 Ἡρακλέος
2596 825 2895 898 ὲφυσήθην,
2954 826 3049 879 καὶ
3107 826 3203 880 τοῦ
3259 828 3587 899 Ἠρακληῖου
3639 832 3821 902 κήπου

2237 915 2518 980 θάλλοντος
2557 915 2854 970 Ἡσιόδειον
2897 932 3017 969 τινα
3059 916 3170 987 (54)
3217 917 3577 989 ὀνειροπολῶν
3624 920 3822 991 ἱδρῶτα

2233 1013 2322 1068 διὰ
2347 1014 2447 1085 τὴν
2477 1014 2742 1085 Τραχῖνα,
2784 1011 2879 1066 καὶ
2925 1013 3139 1085 ρηῖδίην
3184 1010 3340 1079 αὖθις
3385 1016 3551 1088 ζωὴν,
3599 1016 3688 1071 διά
3727 1018 3821 1072 τὸν

2235 1104 2496 1160 θάλλοντα
2523 1105 2720 1175 κῆπον.
2762 1101 2897 1160 Εἶτά
2933 1123 3025 1176 μοι
3061 1108 3398 1178 ὲπερομένῳ,
3432 1109 3486 1162 εἷ
3512 1127 3603 1180 μοι
3634 1109 3818 1164 συναι-

2237 1213 2419 1269 ρονται
2443 1197 2491 1250 οἱ
2520 1195 2656 1264 θεοὶ,
2690 1190 2771 1260 εἷς
2799 1215 2883 1262 τις
2909 1199 2975 1251 ὲκ
3000 1197 3109 1251 τῶν
3144 1199 3352 1253 πολλῶν
3381 1199 3550 1269 λέγει,
3579 1201 3819 1274 ἐπομνύ-

2236 1305 2396 1359 μενος
2461 1289 2661 1351 αὐτοὺς
2738 1289 2867 1352 τοὺς
2926 1290 3346 1361 συναιρομένους
3395 1290 3569 1355 θεούςο
3622 1287 3659 1364 ἦ
3711 1293 3818 1364 μὴν

2231 1378 2364 1450 περὶ
2394 1390 2422 1419 ι
2456 1377 2550 1431 σοῦ
2598 1378 2890 1449 ἀκηκοέναι
2917 1381 3102 1447 αὐτὸς,
3127 1381 3283 1434 τοῦτο
3320 1381 3708 1454 Καλλιστράτῳ
3734 1383 3819 1437 δε-

2230 1470 2452 1541 δομένον
2480 1470 2725 1543 Ποντικῷ
2753 1489 2858 1527 τινι
2890 1474 3137 1546 ἐμπόρῳ.
3178 1472 3317 1543 Ἐγὼ
3345 1471 3459 1537 οὖν,
3482 1474 3557 1538 ὼς
3586 1475 3814 1545 ἥκουσα,

2233 1564 2350 1629 πῶς
2384 1564 2513 1631 οῖει,
2551 1564 2931 1636 ἠγανάκτησα,
2971 1566 3047 1629 ὼς
3091 1566 3157 1639 δὴ
3208 1568 3310 1637 τῆς
3351 1567 3552 1637 ἀρετῆς
3603 1568 3693 1621 ὑπ’
3721 1566 3819 1620 αὐ-

2230 1654 2326 1709 τοῦ
2372 1655 2879 1727 ἀποστερούμενος;
2925 1655 3086 1710 Ἀλλά
3130 1656 3335 1729 καίπερ
3367 1658 3517 1728 ὅμως
3554 1656 3583 1698 δ
3624 1657 3819 1726 δυσφο-

551 1743 860 1804 existimas,
890 1755 1016 1796 cum
1051 1740 1120 1796 ab
1147 1756 1213 1796 eo
1239 1756 1326 1795 me
1361 1740 1465 1795 hac
1505 1743 1855 1811 possessione
1906 1744 2127 1800 virtutis

2235 1744 2343 1814 ρῶν
2369 1744 2671 1798 άνεσκοπού
2680 1763 2788 1817 μην
2809 1746 2902 1800 τὸν
2934 1746 3195 1819 ἔμπορον,
3221 1748 3275 1800 εἴ
3297 1765 3350 1801 τι
3380 1750 3630 1812 κάκεῖνος
3662 1748 3818 1803 ἐθάλ-

552 1843 877 1905 occupatum
905 1849 969 1889 ac
995 1840 1313 1904 superatum
1342 1834 1622 1902 putarem?
1654 1831 1761 1889 Sed
1806 1843 1988 1891 tamen
2024 1834 2131 1892 hoc

2235 1828 2343 1902 φθη
2382 1831 2488 1885 ὑπὸ
2523 1832 2617 1886 τοῦ
2663 1834 3001 1905 Ἡρακλέους
3023 1852 3038 1866 ·
3072 1818 3320 1905 ἐφαίνετο
3357 1836 3421 1909 δὴ
3445 1835 3539 1893 οὖν
3569 1840 3818 1903 κάκεῖνος

551 1928 608 1982 in
643 1928 905 1982 molestia:
952 1942 1139 1993 sensu,
1174 1926 1229 1980 in
1257 1935 1613 1982 mercatorem
1654 1927 1818 1982 istum
1854 1929 2132 1999 inquirere

544 2019 716 2089 ccepi,
743 2034 873 2073 num
906 2018 975 2073 ab
1001 2016 1235 2073 Hercule
1264 2018 1521 2073 blandius
1559 2017 1865 2089 aliquanto,
1898 2036 1965 2076 ac
2001 2034 2132 2076 sua-

550 2111 676 2167 vius
708 2112 825 2182 ipse
869 2126 1087 2181 quoque
1116 2110 1340 2167 habitus
1382 2109 1608 2166 fuisset:
1647 2126 1809 2181 quem
1851 2127 1956 2182 ego
1993 2129 2134 2169 non-

565 2203 718 2257 nullo
764 2202 928 2257 etiam
973 2201 1158 2257 labore
1186 2202 1391 2269 vexari,
1441 2208 1497 2257 et
1528 2201 1667 2256 lucri
1700 2202 1997 2272 cupiditate
2030 2200 2134 2258 du-

561 2305 734 2360 ctum,
764 2294 1071 2350 suaviorem
1096 2294 1335 2365 aliquam
1359 2310 1425 2350 ex
1447 2309 1513 2351 eo
1540 2294 1698 2350 lucro
1716 2294 1883 2350 vitam
1911 2310 2133 2366 sperare

560 2387 911 2459 deprehendi.
946 2384 1147 2453 Quare,
1181 2401 1307 2441 cum
1342 2386 1545 2442 nostris
1577 2386 1822 2459 geminas
1862 2397 2133 2443 mercato-

552 2481 633 2535 ris
664 2480 826 2535 istius
854 2479 1094 2534 rationes
1124 2478 1387 2544 viderem,
1424 2488 1480 2535 et
1520 2480 1802 2535 oraculum
1838 2488 1893 2535 et
1925 2478 2133 2536 Hercu-

549 2570 657 2630 bm
687 2572 943 2641 deinceps
976 2570 1159 2625 valere
1189 2570 1355 2641 jussi,
1384 2571 1668 2643 indignum
1710 2579 1863 2626 ratus
1892 2570 2130 2626 similem

551 2664 785 2720 istorum
820 2664 1006 2720 subire
1032 2662 1333 2731 fortunam,
1378 2678 1613 2734 quorum
1662 2672 1964 2734 praesentes
2008 2664 2132 2734 qui-

550 2756 676 2811 dem
710 2754 949 2821 labores,
976 2770 1196 2810 mensas
1224 2770 1353 2809 vero
1382 2769 1490 2809 non
1529 2754 1630 2810 nisi
1662 2770 1757 2826 spe
1787 2763 1949 2811 teuus
1973 2755 2128 2810 vide-

549 2864 687 2904 rem.
721 2846 790 2901 At
837 2846 1108 2910 videlicet,
1140 2862 1320 2918 neque
1369 2847 1532 2911 latro,
1582 2862 1759 2918 neque
1801 2847 1981 2911 miles,
2028 2862 2129 2904 nec

551 2949 785 3006 amator,
820 2953 921 2994 nec
960 2938 1193 3006 amasia,
1240 2954 1416 3009 neque
1459 2939 1737 3003 adulator,
1778 2953 1956 3008 neque
1998 2938 2130 2993 rhe-

550 3044 660 3097 tor,
701 3048 876 3102 neque
920 3033 1256 3104 schphanta
1309 3046 1469 3087 suum
1543 3031 1764 3102 aliquod
1805 3046 1915 3086 non
1963 3030 2130 3086 habet

2231 1925 2392 1979 πόνον
2431 1924 2556 1979 τινὰ
2597 1929 2802 1992 πονεῖν,
2850 1927 2945 1981 καὶ
2988 1927 3213 2000 κέρδους
3249 1929 3521 1999 ἐφίεσθαι,
3567 1930 3661 1984 καὶ
3703 1929 3817 2000 βίον

2231 2018 2355 2073 τινὰ
2396 2019 2530 2089 ἡδὺν
2571 2019 2636 2071 ὲκ
2677 2018 2773 2072 τοῦ
2813 2019 3038 2091 κέρδους
3073 2020 3397 2091 προσδοκᾷν.
3442 2022 3529 2085 Ὠς
3569 2020 3614 2074 δ’
3654 2022 3683 2074 ό
3714 2020 3817 2093 ἐμ-

2232 2126 2420 2183 πορος,
2451 2110 2528 2174 ὼς
2574 2107 2707 2178 ἐγὼ,
2744 2110 3013 2179 ἐφαίνετο,
3047 2110 3149 2163 οὐκ
3176 2109 3259 2163 ἔτι
3302 2110 3392 2163 τὸν
3425 2110 3671 2182 χρησμὸν
3704 2111 3817 2166 ἐδι-

2233 2201 2428 2274 χόμην,
2457 2201 2578 2255 οὐδὲ
2604 2200 2697 2256 τὸν
2731 2200 3027 2274 Ἡρακλέα,
3060 2200 3178 2255 ἀλλ’
3202 2199 3467 2272 ἀπηξίουν
3501 2200 3611 2256 τῶν
3636 2201 3816 2258 αὐτῶν

2234 2297 2533 2362 κοινωνεῖν,
2559 2296 2640 2360 εἵς
2670 2311 2730 2349 τε
2765 2295 2894 2358 τοὺς
2925 2293 3199 2366 παρόντας
3242 2294 3439 2357 πόνους
3472 2293 3651 2349 αὐτῶν
3680 2295 3818 2350 ἀπο-

2233 2386 2467 2453 ϐλέπων,
2502 2385 2718 2451 καὶτὰς
2746 2388 2803 2440 ἑν
2830 2386 3006 2440 ἑλπίδι
3046 2386 3256 2456 φάτνας
3284 2385 3418 2457 (55).
3459 2386 3597 2440 Ἀλλ’
3630 2387 3739 2441 οὐδ’
3785 2389 3817 2441 ὁ

2232 2481 2436 2554 λῃστὴς
2477 2481 2704 2552 ἄμοιρος
2730 2480 2978 2550 ἐφαίνετο
3013 2480 3108 2533 τοῦ
3136 2479 3407 2552 χρησμοῦ,
3439 2480 3545 2533 οὐδ’
3571 2482 3601 2534 ό
3648 2496 3784 2549 στρα

2230 2573 2453 2645 τιώτης,
2492 2573 2602 2628 οὐδ’
2630 2573 2771 2644 ἐρῶν
2813 2572 2972 2644 ἀνὴρ,
3017 2570 3126 2625 οὐδ’
3165 2572 3348 2644 ὲρῶσα
3383 2570 3536 2643 γυνὴ,
3566 2571 3687 2624 οὐδὲ
3722 2571 3814 2625 κό-

2232 2665 2413 2737 λαξνῆ
2448 2665 2713 2739 ῥήτωρ.ἢ
2749 2665 3112 2736 συκοφάντης.
3153 2664 3397 2734 Ἐκάστῳ
3427 2663 3533 2734 γὰρ
3570 2662 3646 2725 ὡς
3690 2664 3808 2714 ἐπι-

2233 2752 2399 2825 θυμεῖ
2432 2754 2685 2825 ἡγεῖσθαι
2714 2754 2815 2825 μὲν
2856 2753 2949 2807 τὸν
2976 2753 3159 2818 πόνον,
3197 2750 3592 2825 προσδοκᾶσθαι
3622 2751 3678 2804 δὲ
3707 2750 3807 2823 τὴν

2232 2844 2589 2917 εὐφροσύνην.
2622 2863 2641 2898 ι
2686 2845 2871 2898 Ταῦτα
2915 2842 3228 2915 ἐκθέμενος,
3270 2844 3429 2906 εὐθὺς
3456 2842 3807 2896 ἔπισυνάπτει

2234 2936 2382 3006 ἑξῆς,
2413 2937 2490 3002 ὡς
2522 2938 2615 2992 καὶ
2648 2934 2900 3008 δεύτερον
2945 2938 3227 3008 ἐρωτήσας
3273 2936 3367 2989 καὶ
3413 2935 3613 3006 τρίτον,
3657 2933 3808 2988 οὐδὲν

2233 3031 2442 3094 ctam;
2468 3029 2610 3100 ἔγνω
2642 3031 2769 3094 τοὺς
2804 3028 3162 3099 θαυμασίους,
3191 3026 3337 3098 μόνῳ
3363 3026 3419 3080 δὲ
3453 3026 3532 3097 τῷ
3556 3026 3652 3098 τῆς
3679 3028 3813 3080 ἀσα-

550 3124 855 3180 oraculum.
890 3121 1025 3178 Nam
1066 3132 1128 3180 ut
1174 3122 1372 3193 cuique
1414 3122 1689 3193 cupiditas
1717 3123 1882 3189 inest,
1925 3122 2003 3178 ita
2038 3122 2126 3179 vel

2235 3122 2394 3192 φείας
2417 3122 2594 3194 σκότῳ
2619 3122 2720 3194 τὴν
2752 3120 2902 3191 σφῶν
2927 3120 3149 3189 ἄγνοιαν
3176 3118 3628 3191 ἑτακρύπτοντας.
3652 3117 3813 3186 Λέγει

551 3215 659 3272 sibi
703 3214 1041 3269 laboriosum
1091 3191 1301 3283 aliquid
1338 3191 1637 3279 existimat,
1671 3214 1757 3269 vel
1789 3213 1996 3284 aliquid
2027 3228 2125 3268 vo-

2230 3213 2276 3268 6‘
2309 3209 2430 3271 οὖν.

548 3298 779 3377 luptatis
806 3313 1103 3375 exspectat.
1138 3323 1159 3358 ι
1189 3303 1400 3371 Quibus
1465 3305 1556 3361 ille
1617 3304 2063 3362 commemoratis
2123 3306 2303 3377 pergit
2344 3305 2603 3376 deinceps
2637 3305 2943 3373 ostendere,
3010 3303 3472 3375 quemadmodum
3512 3304 3708 3360 iterum
3747 3315 3817 3358 sc

551 3398 719 3453 tertio
757 3397 1039 3452 consultos
1091 3395 1189 3451 abs
1223 3410 1343 3451 sese
1409 3408 1556 3452 vates
1616 3399 1886 3469 egregios,
1920 3400 2058 3453 nihil
2121 3400 2369 3455 omnium
2430 3412 2614 3466 nosse,
2664 3397 2760 3454 sed
2794 3406 3006 3452 tantum
3050 3397 3318 3452 orationis
3358 3397 3627 3468 ambigua
3659 3407 3814 3451 teneo

552 3490 669 3548 bris
713 3488 1078 3560 ignorantiam
1125 3502 1283 3543 suam
1329 3489 1607 3544 occultare
1633 3491 1978 3561 compererit.
2015 3489 2110 3548 Sic
2147 3506 2280 3563 ergo
2303 3489 2569 3561 loquitur.

1110 3575 1339 3633 CAPUT
1378 3577 1570 3633 XXIII.

526 3748 536 3756 .
610 3694 841 3753 Eosdem
875 3695 1136 3750 orationis
1163 3694 1400 3750 obscurae
1431 3694 1657 3749 tenebris
1691 3696 2054 3765 ignorantiam

999 3780 1154 3820 suam
1182 3770 1447 3820 occultare
1475 3765 1681 3821 solitos.
1731 3793 1747 3805 -

625 3902 645 3936 ι
689 3881 828 3938 Cum
861 3883 976 3954 jam
1021 3883 1074 3937 in
1118 3898 1306 3949 cursu,
1342 3884 1540 3954 inquit,
1586 3899 1702 3938 mea
1739 3883 1875 3939 mihi
1908 3899 2122 3940 merca-

547 3985 669 4031 tura
701 3985 864 4041 esset,
893 3975 1136 4046 mihique
1174 3983 1384 4030 tantum
1419 3975 1588 4030 homo
1634 3974 1797 4046 215
1841 3976 2122 4031 desidera-

548 4076 718 4130 retur,
752 4066 845 4133 qui
883 4066 1029 4120 velut
1063 4065 1333 4135 hospitem
1368 4064 1433 4120 ad
1476 4064 1802 4134 sapientiam
1834 4081 1997 4119 manu
2025 4065 2124 4120 de-

546 4158 789 4221 duceret,
820 4171 921 4211 nec
948 4170 1182 4227 usquam
1216 4155 1335 4225 ejus
1377 4153 1554 4211 facilis
1584 4155 1718 4210 mihi
1746 4156 1899 4227 copia
1930 4156 2121 4225 ﬁeret;

546 4249 793 4319 petebam
825 4248 922 4304 abs
962 4258 1032 4313 te,
1066 4248 1147 4303 uti
1187 4247 1458 4319 ejusmodi
1491 4262 1715 4320 quoque
1758 4248 1999 4320 aliquem
2034 4249 2126 4305 in-
2227 4261 2244 4278 '

548 4339 778 4394 dicares.
814 4337 893 4393 Tu
937 4353 1068 4394 vero

548 4429 689 4509 Quid
733 4430 815 4485 ais
848 4429 1058 4484 rerum?
1099 4428 1146 4484 si
1175 4428 1332 4485 ﬁctor
1380 4437 1476 4485 aut
1513 4429 1692 4499 pictor
1732 4444 1855 4485 esse
1899 4428 2115 4493 vellem,

2744 3581 3141 3637 ΚΕΦΑΛΔῙΟΝ
3180 3580 3308 3637 KP.

2235 3699 2358 3752 Ὅτι
2391 3697 2470 3765 τῷ
2497 3696 2608 3768 τῆς
2637 3699 2932 3767 ἀσαφείας
2959 3701 3159 3762 σκότῳ
3196 3698 3315 3768 τὴν
3354 3696 3527 3768 σφῶν
3566 3696 3815 3767 ἄγνοιαν

2768 3770 3265 3837 ἐπικρύπτουσιν.

2306 3900 2325 3933 ι
2364 3881 2520 3935 Ἐπεὶ
2545 3880 2601 3934 δέ
2636 3898 2726 3952 μοι
2754 3881 2822 3935 τά
2853 3881 2953 3951 τῆς
2992 3880 3259 3952 ἐμπορίας
3288 3880 3386 3952 ἤδη
3422 3879 3530 3955 πρὸ
3569 3878 3688 3933 ὀδοῦ
3717 3874 3809 3950 ἦν,

2227 3972 2420 4045 ἀνδρὸς
2446 3973 2503 4026 δὲ
2544 3973 2650 4026 ἔδει
2695 3973 2789 4025 τοῦ
2836 3972 3309 4042 ξεναγωγήσοντος
3336 3971 3428 4024 ἐπὶ
3456 3971 3557 4042 τὴν
3598 3970 3809 4039 σοφίαν,

2228 4061 2430 4131 ἄπορος
2463 4061 2521 4114 δὲ
2552 4061 2800 4129 ἐφαίνετο
2819 4054 2994 4122 οὗτος,
3028 4060 3086 4112 σὲ
3118 4059 3342 4130 ἐδεόμην
3373 4059 3466 4113 καὶ
3498 4058 3685 4111 τούτου
3712 4073 3812 4127 γι-

2226 4153 2414 4209 νέσθαι
2440 4152 2738 4224 ὲνδείκτην,
2760 4153 2860 4207 Ἐν
2888 4169 2947 4205 τε
2968 4154 3137 4204 τοῖσιν
3164 4150 3511 4205 εὐπελέεσσιν
3535 4150 3667 4222 (56),
3693 4188 3709 4205 .
3790 4190 3810 4206 .

2229 4373 2243 4387 .
2321 4374 2336 4389 .
2463 4334 2543 4404 ἡδ’
2585 4335 2839 4404 Ἀχαιοῖς,
2876 4334 3038 4404 χρέος
3065 4335 3305 4406 θήσεται.
3330 4334 3402 4386 Τὸ
3429 4333 3476 4387 δ’
3500 4336 3812 4404 ὲκτεκμαρ-

2223 4423 2313 4480 θὲν
2336 4424 2456 4478 οὐδὲ
2494 4426 2689 4497 μικρὸν
2720 4426 2901 4491 ἕξεται
2927 4426 3061 4497 (57).
3093 4428 3135 4480 Τ
3143 4428 3158 4480 ί
3189 4426 3329 4496 φῆς
3352 4428 3400 4479 εἰ
3426 4426 3473 4480 δ’
3498 4427 3812 4497 ἀγαλματο-

545 4504 847 4591 earumque
869 4521 1071 4576 artium
1093 4524 1387 4595 magistros
1410 4537 1731 4593 quaererem,
1749 4521 1957 4578 satisne
1982 4522 2116 4577 mihi

2230 4515 2377 4579 ποιός
2408 4535 2491 4580 τις
2522 4518 2554 4588 ἢ
2584 4517 2874 4589 ζωγράφος
2898 4518 3204 4590 ἐπεθύμουν
3238 4516 3506 4587 γενέσθαι,
3535 4518 3627 4571 καὶ
3658 4516 3809 4570 διδαο

546 4610 2129 4668 tuumisthuc.............

548 4700 768 4755 audisse
798 4698 968 4755 foret?
997 4716 1128 4755 num
1160 4700 1364 4771 potius,
1393 4699 1488 4769 qui
1520 4699 1600 4755 sic
1643 4697 1779 4753 mihi
1824 4695 2123 4767 responde-

546 4798 651 4857 ret,
687 4805 814 4846 eum
856 4789 1038 4847 furere
1076 4791 1345 4847 dicerem?
1374 4789 1574 4846 Verum
1613 4791 1667 4846 id
1713 4790 1931 4860 assequi
1981 4787 2123 4844 forte

612 4915 642 4945 ⁸
682 4901 769 4958 ισ.
801 4904 971 4975 παρά.
1051 4902 1081 4944 δ
1118 4902 1203 4957 ἵσ.
1235 4902 1424 4967 οὕτως.

577 5087 589 5098 .
780 5015 1109 5098 Ἠσιόδειόν
1128 5033 1281 5071 τινα.
1324 5013 1677 5071 Tralatitium
1720 5012 1853 5069 illud
1897 5010 2123 5069 Hesiodi

673 5088 981 5225 ιὲςῗὶῖοετῆς
994 5155 1214 5225 ἱδρῶτα
1237 5156 1358 5211 θεοὶ
1384 5154 1779 5225 προπάροιθεν
1795 5154 2019 5225 ἔθηκαν

558 5221 856 5281 Ἀθάνατοι
872 5243 885 5256 ’
905 5221 1135 5296 paxpoc
1154 5226 1241 5292 δὲ,
1266 5226 1367 5281 καὶ
1391 5221 1772 5296 ὅρθιρςίοῖμρς
1792 5224 1884 5277 ἐπ’
1902 5221 2119 5296 αὐτὴν,

545 5295 655 5348 Καὶ
694 5294 919 5365 τρηχὺρ
934 5297 1002 5350 τὸ
1025 5294 1259 5365 πρῶτον
1274 5314 1288 5327 ·
1321 5297 1480 5363 ἐπὴν
1502 5294 1554 5347 δ’
1578 5297 1665 5365 εἰς
1686 5295 1872 5365 ἀκρον
1902 5295 2118 5360 ἵκηται,

557 5315 655 5347 nat
694 5315 798 5364 τρη
844 5315 916 5362 υς
934 5315 1002 5350 το
1025 5315 1288 5365 πρωτσν·
1321 5315 1480 5363 επην
1502 5315 1550 5347 0⁷
1578 5315 1665 5361 εις
1686 5315 1872 5363 ακρον
1902 5315 1977 5346 tm

557 5364 785 5435 :Pntdln
802 5315 866 5420 ,δ’
890 5368 1120 5420 clastra
1147 5365 1335 5429 πέλει,
1366 5364 1602 5435 χαλεπή
1628 5380 1739 5431 περ
1767 5364 1977 5417 ἐοῦσα.

546 5431 720 5506 Porro
769 5431 897 5489 hinc
947 5438 1107 5491 etiam
1155 5438 1345 5506 liquet,
1366 5431 1661 5506 legendum
1693 5437 1961 5505 Τραχῖνα,
1994 5446 2121 5487 cum

546 5518 613 5577 es
642 5504 1017 5577 ltocgnomine,
1049 5504 1227 5577 τραχῦ
1256 5517 1309 5562 et
1334 5504 1589 5574 asperum
1616 5504 1822 5577 aliquid
1863 5511 2119 5577 sonante,

545 5573 697 5626 illum
742 5573 1058 5655 (Enomaus
1085 5569 1322 5632 "llEsiodi
1368 5569 1648 5639 sudorem,
1677 5569 1771 5630 καὶ
1802 5572 2006 5645 τρυχὴν
2037 5569 2121 5625 οῖ-

548 5660 647 5713 μον
682 5654 1038 5713 orntnaretur.

614 5713 727 5785 (55)
757 5711 1022 5785 ῖφάτνας.
1068 5715 1276 5785 Mensas
1322 5716 1546 5772 reddere
1586 5716 1751 5771 malui
1783 5730 1949 5785 quam
2001 5723 2120 5767 sta-

542 5782 669 5838 bula
694 5784 774 5840 vel
797 5786 1073 5854 pressepia.
1108 5784 1362 5856 Hcsyclt.,
1392 5785 1585 5855 φάτνῃ
1605 5803 1618 5815 ⁸
1663 5787 1756 5840 καὶ
1849 5785 2117 5857 τράπεζα,

2226 4607 2456 4672 σκάλους
2489 4608 2733 4681 ἐζήτουν,
2764 4606 2873 4682 ἆρά
2904 4629 2992 4683 μοι
3019 4612 3178 4683 ἤρκει
3200 4610 3450 4673 ἀκοῦσαι,
3484 4611 3580 4662 Ἔν
3604 4626 3663 4662 τε
3695 4611 3810 4662 τοῖ-

2226 4715 2311 4752 σιν
2345 4700 2725 4768 εὐπελέεσσινς
2753 4701 2867 4755 ἀλλ’
2895 4702 2994 4755 οὐκ
3016 4701 3081 4756 ἂν
3105 4700 3389 4772 μαίνεσθαι
3422 4698 3573 4753 εἷπον
3595 4701 3683 4753 τὸν
3712 4699 3805 4754 λέ-

2222 4805 2424 4860 γοντας
2487 4790 2646 4845 Ἀλλὰ
2684 4790 2841 4845 τοῦτο
2877 4792 2977 4863 μὲν
3017 4792 3148 4855 ἴσως
3169 4793 3266 4864 οὐχ
3286 4792 3480 4856 ,ἱκανὸς
3506 4786 3557 4844 εἷ
3582 4790 3803 4857 εἰδέναι,

2225 5017 2322 5072 καὶ
2359 5018 2394 5087 ἡ
2422 5015 2532 5069 τῶν
2556 5015 2793 5086 κτηνῶν,
2837 5018 2932 5071 καὶ
2963 5016 3017 5070 εῖ
3038 5034 3092 5069 τι
3123 5015 3231 5069 τῶν
3273 5013 3552 5068 τοιούτων.
3597 5011 3802 5069 Eadem

2225 5086 2425 5158 Sttitlas
2467 5087 2650 5147 habet,
2679 5089 2893 5158 tametsi
2928 5088 3073 5158 quod
3123 5087 3198 5139 ait
3241 5084 3578 5158 wnomaus,
3610 5099 3807 5158 παροι-

2228 5155 2422 5227 μιῶδές
2445 5172 2499 5207 τι
2527 5171 2729 5227 ρτιείεε
2772 5154 3021 5222 ΐθννρ,ἐι
3066 5171 3238 5227 equos
3291 5156 3453 5227 longo
3503 5154 3804 5227 lessos‘iti-

2223 5225 2373 5297 nere,
2404 5234 2458 5280 et
2484 5226 2681 5297 stabuli
2710 5228 2946 5293 quietem
2976 5242 3040 5283 ac
3072 5225 3330 5297 pabulum
3361 5225 3685 5280 anhelantes
3713 5240 3802 5279 re—

2224 5296 2433 5365 Spicere
2463 5296 2728 5351 videatur.

2294 5365 2407 5432 (56)
2452 5366 2558 5418 Ἕν
2594 5382 2659 5418 τε
2684 5365 2880 5421 τοῖσιν
2921 5368 3128 5421 suam.
3168 5365 3246 5418 Ad
3291 5363 3650 5434 supplendum
3695 5362 3804 5421 hoc

2225 5435 2530 5489 oraculum.
2554 5450 2708 5505 iopus
2736 5437 2805 5491 sit
2832 5438 2955 5505 plus
2986 5452 3151 5505 quam
3170 5434 3409 5505 ,(Edipo.

2298 5505 2411 5576 (57)
2454 5502 2618 5558 Οὐδὲ
2633 5502 2850 5576 μικρὸῦ
2885 5502 3101 5571 ἕξεται.
3145 5504 3186 5558 Ε
3214 5502 3491 5576 manuscr.
3518 5503 3673 5568 alter,
3703 5502 3801 5558 οὺ·-

2222 5574 2420 5645 δέμμιν
2472 5574 2867 5645 σκομφύξεται,
2899 5587 2951 5630 et
2975 5592 3160 5645 supra,
3192 5574 3598 5645 σκομφιέζεται.
3627 5576 3797 5639 Alter,

2223 5643 2345 5715 οὐδε
2394 5644 2497 5714 μὴν
2542 5643 2958 5715 σκομφυέξεται.
2992 5643 3247 5708 Melitam,
3277 5643 3574 5715 aeseptem
3627 5660 3799 5712 σκομο

2226 5711 2586 5788 φυέξεταιμςι
2608 5711 2661 5788 in
2690 5711 2957 5788 margine,
2986 5716 3362 5787 σκομφίζεται.
3390 5711 3575 5781 Multa,
3601 5723 3656 5770 et
3679 5711 3797 5768 ma-

2226 5785 2298 5853 la,
2331 5784 2423 5837 καὶ
2445 5784 2597 5839 οὐδὲν
2620 5785 2789 5854 ὑγιές.
2818 5784 2836 5787 ⁷
2942 5784 2951 5788 ⁷
3090 5784 3101 5787 ⁷
3314 5793 3343 5809 ‘

3846 535 3860 655 ἰ
