4162 6450
432 379 538 436 569

1679 384 1999 442 ΡΒᾸΞΡΑΒ.
2040 381 2291 439 EVANG.
2316 382 2442 437 LIB.
2468 370 2538 435 ῙῙ.

3568 372 3673 434 Ξτδ

433 496 699 565 ἀσάφειαν
742 496 852 569 γὰρ
877 498 991 569 ἔχει
1030 499 1231 573 πολλὴν
1261 501 1329 556 τὰ
1353 498 1663 572 ἀνθρώπεια
1696 500 1800 572 ἤθη
1820 518 1835 532 ·
1872 504 1985 556 ὅποι

2108 501 2180 556 ob
2215 498 2439 554 nimiam
2475 510 2688 573 morum
2730 494 3093 552 humanorum
3132 493 3517 549 obscuritatem
3558 512 3671 551 non

432 588 491 643 δέ
520 605 609 659 μοι
646 590 710 641 ὲκ
758 590 1079 659 Κολοφῶνος
1127 592 1349 662 ἄμεινον
1399 591 1747 661 πορεύεσθαι,
1797 593 1898 646 οὐκ
1925 592 2001 650 ἔθ’

426 677 602 738 οὕτως
661 678 860 746 ἀφανὲς
906 677 985 747 τῷ
1038 676 1178 747 Θεῷ·
1235 678 1329 731 Ἐκ
1368 679 1806 748 τανυστρόφοιο
1848 680 2005 746 λάας

427 767 771 836 σφενδόνης
812 767 922 834 ἱεὶς
947 767 1134 837 ἀνὴρ,
1164 768 1358 837 χῆνας
1390 768 1614 838 ἐνάριζε
1647 770 2003 838 βουλαῖσιν,

426 860 752 927 ἀσπέτσυς,
779 861 1156 929 ποιηϐόρους.
1199 861 1337 925 Τοὺς
1367 862 1425 916 δὲ
1455 863 1742 928 ἀσπέτους,
1787 862 2004 937 nom“-

428 969 556 1024 ρους
585 952 754 1022 χῆνας
780 951 865 1015 τίς
896 967 985 1021 μοι
1014 950 1243 1022 μηνύσει
1275 952 1303 1005 ὃ
1324 953 1377 1004 τί
1405 969 1535 1005 ποτε
1560 952 1811 1021 λέγουσι;
1839 953 1922 1017 τίς
1947 953 2006 1007 δὲ

426 1046 524 1117 τὴν
556 1044 926 1116 τανύστροφον
952 1044 1249 1115 σφενδόνην
1272 1060 1290 1111 ;
1328 1046 1388 1099 '0
1409 1045 1754 1116 Ἀμφίλοχος,
1784 1046 1818 1117 ἢ
1840 1048 1872 1099 ὁ
1891 1048 2005 1100 Aw-

424 1135 669 1200 δωναῖος,
698 1134 731 1205 ἢ
765 1136 831 1188 σὺ
866 1137 927 1188 ὲν
954 1134 1196 1204 Δελφοῖς,
1229 1138 1604 1209 εἰ¹γενοίμηνς
1630 1140 1743 1193 Οὐκ
1782 1140 2005 1211 ἀπάγξῃ

429 1233 531 1271 που
556 1217 806 1272 απελθὼν
832 1221 896 1291 τῇ
921 1226 1276 1292 τανυστρόφῳ
1303 1223 1559 1293 σφενδόνῃ
1583 1223 1721 1292 μετὰ
1740 1222 1835 1277 τοῦ
1852 1223 2001 1276 ἀδια-

423 1311 614 1382 νοήτου
648 1311 980 1382 ποιήματος”;
1023 1331 1042 1364 ι
1092 1313 1251 1366 Ἀλλὰ
1292 1313 1402 1386 γὰρ
1445 1314 1651 1369 τούτων
1680 1308 1783 1370 ὦδε
1817 1313 2001 1385 ἐληλε-

420 1404 659 1475 γμένων,
687 1404 805 1476 ὥρα
839 1404 1066 1459 συνιδεῖν
1099 1401 1256 1469 αὖθις
1293 1405 1529 1469 ἄνωθεν,
1563 1406 1711 1469 ὅπως
1736 1405 1863 1468 τοὺς
1897 1421 2001 1459 πα-

418 1495 703 1560 λαιτάτους
747 1497 1028 1567 χρησμοὺς
1071 1498 1196 1561 τοὺς
1236 1500 1294 1551 ὲν
1336 1499 1561 1566 Δελφοῖς
1605 1498 1634 1549 ὁ
1678 1497 1841 1561 αὐτὸς
1890 1499 1999 1577 ἀπ-

418 1587 653 1659 ελέγχει,
666 1589 790 1651 τοὺς
808 1588 872 1661 δὴ
908 1589 1139 1659 μάλιστα
1165 1590 1223 1641 ἐν
1247 1588 1716 1659 ταῖςἙλληνικαῖς
1738 1587 1999 1659 ἱστορίαις

417 1678 881 1750 θαυμαζομένους.
917 1679 1091 1744 Πολὺς
1113 1676 1181 1751 ἦν
1227 1682 1256 1733 ὁ
1298 1679 1524 1749 Περσῶν
1565 1678 1796 1752 στρατὸς
1830 1676 1999 1731 ὠπλι-

416 1769 612 1840 σμένος
653 1770 793 1824 κατὰ
847 1771 1144 1843 Ἀθηναίων
1169 1788 1183 1802 °
1226 1772 1334 1825 οὐδ’
1387 1767 1456 1843 ἦν
1488 1787 1575 1835 τις
1640 1772 1825 1834 αὐτοῖς
1860 1769 1996 1840 άλλη

2106 597 2362 661 poteras:
2411 600 2524 656 quo
2556 599 2644 639 me
2674 583 2895 654 quidem
2927 581 3243 652 Colophone
3268 582 3539 653 proﬁcisci
3580 599 3672 639 sa-

2102 681 2215 736 tius
2247 687 2415 744 esset,
2451 679 2506 732 in
2532 678 2639 733 hoc
2673 691 2781 730 non
2809 690 2985 744 usque
3011 675 3146 730 adeo
3172 675 3484 730 caecutiebat
3509 677 3666 732 deus.

2104 770 2405 843 Gyrovaga,
2447 768 2647 839 inquit,
2689 766 2888 835 lapides
2922 766 3088 836 {unda
3127 766 3412 832 excutiens,
3459 783 3668 822 anseres

2101 862 2389 931 prudenter
2429 860 2688 928 interﬁce,
2726 858 3027 924 immensos,
3074 850 3387 917 Iterbiuoros.
3435 855 3665 913 Immen-

2103 965 2200 1006 sos
2257 960 2441 1004 autem
2498 949 2643 1015 illos,
2699 956 2861 1019 atque
2896 946 3215 1002 herbivoros
3252 961 3495 1011 anseres,
3528 962 3669 1017 quos

2102 1040 2191 1096 isti
2225 1040 2439 1096 tandem
2482 1039 2803 1110 intelligant,
2819 1038 2945 1108 quis
2974 1037 3261 1094 edisseret?
3289 1038 3414 1112 quis
3444 1035 3667 1092 fundam

2100 1148 2264 1204 porro
2296 1134 2502 1204 ingenti
2542 1147 2674 1204 gyro
2703 1131 3126 1186 circumactam?
3157 1129 3350 1185 Utrum
3386 1129 3668 1199 Amphilo-

2102 1225 2259 1289 chus,
2297 1240 2366 1279 an
2400 1224 2707 1280 Dodonaeus
2741 1224 2964 1295 aliquis?
3009 1239 3077 1283 an
3114 1231 3173 1278 tu
3202 1225 3320 1297 ipse
3346 1221 3586 1294 Delphis,
3619 1223 3668 1278 si

2100 1329 2186 1368 me
2213 1314 2325 1369 illic
2355 1312 2632 1369 sisterent?
2653 1311 2796 1380 Quin
2828 1323 2884 1367 tu
2919 1312 3126 1367 malum
3151 1312 3254 1369 hac
3279 1319 3369 1366 tua
3399 1326 3666 1384 gyrovaga

2100 1403 2269 1459 funda
2303 1405 2487 1474 gulam
2518 1403 2616 1459 tibi
2667 1402 2896 1475 frangis,
2933 1418 3057 1458 cum
3100 1412 3195 1458 tuo
3230 1404 3336 1459 isto
3374 1402 3666 1472 inexplica-

2098 1495 2193 1550 bili
2226 1495 2508 1550 carmine?
2556 1512 2574 1545 ι
2619 1493 2724 1550 Sed
2771 1509 2869 1566 age
2897 1494 3011 1564 jam
3053 1492 3248 1548 horum
3297 1491 3669 1548 confutatione

2098 1587 2403 1657 praemissa,
2438 1586 2812 1641 vetustissima
2854 1585 3183 1655 Delphorum
3218 1586 3476 1651 oracula,
3517 1599 3667 1656 qum-

2097 1692 2205 1749 que
2253 1676 2457 1733 Graecis
2486 1677 2788 1747 praesertim
2833 1677 3079 1734 historiis
3110 1678 3177 1733 ad
3209 1677 3534 1733 miraculum
3573 1693 3666 1734 us-

2095 1785 2207 1839 que
2240 1770 2607 1837 celebrantur,
2647 1784 2679 1824 e
2709 1770 2990 1839 superiore
3033 1771 3297 1825 memoria
3331 1780 3662 1840 repetamus,

415 1862 687 1933 σωτηρίας
716 1862 890 1929 ἐλπὶς,
921 1862 954 1932 ἢ
991 1864 1150 1934 μόνος
1184 1864 1212 1916 ὁ
1243 1862 1384 1927 θεός.
1419 1863 1483 1916 Οἳ
1514 1863 1600 1933 δὴ,
1634 1860 1827 1917 τοῦτον.
1853 1862 1985 1927 ὅστις

2102 1857 2367 1928 eaqueab
2408 1859 2597 1914 eodem
2637 1858 3096 1929 quemadmodum
3135 1859 3553 1930 redarguantur,
3583 1860 3669 1915 vi-

409 1946 524 2023 ἦνι
558 1952 779 2017 ειδότες,
812 1953 902 2006 τὸν
932 1954 1160 2026 πάτριον
1188 1954 1403 2026 ἀρωγὸν
1424 1952 1807 2008 ἐπεκαλοῦντο.
1848 1953 1907 2006 '0
1936 1954 1996 2008 ὲν

410 2043 634 2113 Δελφοῖς
673 2044 946 2100 Ἀπόλλων
976 2041 1044 2117 ἦν
1077 2040 1248 2111 οὗτος.
1281 2045 1348 2100 Ti
1392 2041 1486 2101 οῦν
1508 2047 1537 2099 ὁ
1564 2044 1876 2117 θαυμαστὸς
1902 2036 1993 2099 οῦ-

409 2151 533 2202 τος;
555 2130 704 2208 Ἆρά
732 2153 796 2206 γε
822 2136 930 2191 τῶν
956 2138 1170 2193 οἰκείων
1207 2137 1545 2209 ὑπερεμάχει
1566 2153 1582 2202 ;
1601 2194 1605 2198 ,
1624 2132 1775 2208 *Δρα
1810 2135 1995 2206 λοιϐῆς

408 2228 505 2283 καὶ
525 2228 752 2300 κνίσσης
773 2230 1070 2301 ἐμέμνητο,
1101 2231 1195 2284 καὶ
1221 2223 1297 2285 ὧν
1314 2229 1465 2301 αὐτῷ
1482 2228 1734 2300 ,συνήθως
1776 2227 1992 2287 ἐτέλουν

407 2319 506 2384 τὰς
525 2320 833 2391 ἑκατόμϐας
859 2321 1215 2387 ἐπιθύοντες;
1255 2319 1551 2391 Ούμενοῦν.
1599 2318 1759 2373 Ἀλλὰ
1788 2319 1842 2372 τί
1881 2334 1989 2389 φη-

407 2427 527 2477 σιν;
560 2411 779 2481 φεύγειν
812 2452 825 2476 ,
857 2413 951 2466 καὶ
983 2411 1201 2481 φεύγειν
1219 2411 1428 2478 ξύλινον
1455 2414 1631 2482 τεῖγος
1647 2428 1991 2483 παρασκευα-

406 2501 672 2573 σαμένους
727 2500 909 2573 (οὕτω
943 2503 1005 2555 τὸ
1035 2503 1286 2558 ναυτικὸν
1319 2501 1492 2573 δηλῶν
1526 2503 1582 2573 ),
1622 2503 1689 2556 δι’
1722 2496 1783 2557 οὗ
1824 2503 1986 2574 μόνου

401 2593 568 2664 φησὶν
593 2594 789 2656 αὐτοὺς
827 2593 1169 2660 σωθήσεσθαι
1194 2634 1209 2659 ,
1245 2594 1347 2666 τῆς
1405 2594 1614 2659 πόλεως
1652 2593 1988 2666 ἐμπρησθει-

401 2698 522 2753 σης.
548 2683 611 2735 Ὢ
642 2683 884 2756 μεγάλης
914 2683 1036 2737 θεοῦ
1078 2684 1350 2756 βοηθείας.
1380 2681 1515 2742 Εἶτα
1562 2684 1878 2758 πολιορκίαν
1921 2684 1983 2738 οὐ

402 2775 561 2849 μόνον
580 2776 686 2830 τῶν
706 2775 880 2831 ἄλλων
897 2776 1040 2830 κατὰ
1061 2777 1215 2832 πόλιν
1236 2777 1710 2849 οἰκοδομημάτων,
1732 2776 1869 2832 ἀλλὰ
1890 2778 1986 2832 καὶ

402 2865 579 2927 ιῦτῶν
618 2866 726 2921 τῶν
765 2870 878 2931 τοῖς
904 2866 1048 2932 θεοῖς
1067 2868 1458 2941 ἀφιερωμένων
1500 2869 1790 2941 προλέγειν
1821 2868 1984 2940 δῆθεν

405 2960 797 3031 προσποιεῖται.
830 2957 1000 3015 Τοῦτο
1023 2958 1081 3013 δὲ
1104 2959 1199 3012 καὶ
1227 2958 1351 3029 δίχα
1378 2958 1630 3031 χρησμοῦ
1669 2961 1782 3022 τοῖς
1815 2960 1983 3013 πᾶσιν

2095 1950 2343 2007 deamns.
2401 1947 2693 2006 Persarum
2737 1949 2929 2022 ingens
2981 1952 3242 2009 adversus
3302 1951 3664 2013 Athenienses

2093 2043 2370 2098 exercitus
2400 2042 2457 2098 in
2486 2042 2656 2099 armis
2696 2052 2833 2098 erat.
2868 2041 2935 2099 Hi
2975 2059 3100 2100 cum
3133 2045 3335 2101 nullam
3360 2045 3467 2101 sibi
3509 2058 3662 2115 spem

2093 2134 2286 2190 salutis
2318 2134 2427 2190 nisi
2473 2134 2530 2189 in
2574 2150 2685 2190 uno
2723 2134 2826 2191 deo
2878 2135 3143 2207 reliquam
3190 2136 3456 2204 viderent,
3497 2150 3661 2207 quem

2091 2225 2196 2294 ipsi
2235 2239 2344 2279 non
2390 2224 2522 2281 satis
2580 2233 2885 2303 noverant,
2908 2227 3192 2283 tutelarem
3232 2236 3413 2283 tamen
3453 2242 3521 2283 ac
3559 2242 3661 2296 pa-

2091 2313 2257 2368 trium
2288 2312 2634 2369 defensorem
2680 2314 3024 2372 invocabant.
3064 2315 3332 2374 Nimirum
3378 2318 3427 2373 is
3466 2317 3661 2388 Apollo

2091 2407 2383 2479 Delphicus
2437 2417 2574 2464 erat.
2624 2407 2765 2475 Quid
2812 2424 2942 2479 ergo
2986 2407 3075 2463 hic
3120 2423 3322 2464 numen
3359 2408 3663 2479 egregium!

2087 2500 2171 2557 An
2207 2515 2306 2573 pro
2350 2516 2579 2557 suorum
2620 2501 2796 2556 salute
2841 2500 3145 2557 dimicavit?
3179 2500 3262 2557 An
3312 2500 3657 2565 libaminum,

2086 2596 2185 2643 aut
2223 2589 2453 2656 nidoris,
2490 2603 2560 2643 an
2600 2597 2920 2645 exterarum
2956 2589 3222 2656 meminit,
3259 2605 3379 2661 quae
3410 2606 3569 2645 suum
3602 2591 3657 2645 in

2086 2683 2373 2748 honorem,
2412 2679 2761 2736 immolandis
2806 2696 2957 2736 more
2990 2681 3345 2757 institutoque
3383 2682 3658 2752 majorum

2086 2769 2452 2839 becatombis,
2491 2771 2561 2826 ab
2590 2771 2658 2826 iis
2684 2771 2912 2826 ﬁebant?
2938 2770 3084 2826 Nihil
3122 2773 3323 2829 minus.
3357 2771 3498 2843 Quid
3527 2788 3658 2848 ergo

2080 2861 2264 2933 jubet?
2294 2862 2483 2935 fugere
2513 2880 2527 2917 :
2561 2864 2656 2920 sed
2682 2864 2756 2918 ita
2785 2862 3001 2941 fugere,
3036 2865 3116 2919 uti
3143 2864 3324 2935 ligneo
3356 2880 3515 2921 muro
3551 2864 3655 2936 (ita

2083 2968 2281 3025 nempe
2301 2955 2535 3011 classem
2568 2955 2829 3028 vocabat)
2857 2957 2924 3012 ad
2952 2955 3135 3028 fugam
3163 2964 3462 3012 uterentur:
3491 2966 3655 3028 atque

396 3049 463 3112 ὲκ
491 3047 591 3118 τῆς
626 3047 733 3101 τῶν
771 3047 1042 3119 πολεμίων
1088 3047 1278 3117 ἐφόδου
1335 3047 1639 3118 προσδοκᾷν
1659 3043 1747 3119 ἦν.
1779 3048 1983 3104 Εἰκότα

2087 3044 2227 3102 hanc
2275 3062 2466 3114 unam,
2511 3046 2845 3103 inﬂammata
2891 3047 3005 3118 jam
3049 3049 3205 3115 urbe,
3255 3048 3449 3105 salutis
3492 3064 3655 3119 expe—

399 3138 532 3209 δῆτα
563 3138 732 3192 ποιῶν
762 3141 791 3192 ὁ
823 3139 1190 3209 συγγραφεὺς,
1229 3136 1505 3202 διαπαίζει
1534 3137 1695 3192 πάλιν
1726 3136 1824 3210 τὴν
1858 3138 1980 3192 Ἐλ-

2087 3136 2294 3194 ᾶίεηθε
2335 3140 2602 3195 rationem
2654 3153 2778 3195 esse
2825 3139 3055 3195 dicebat.
3111 3138 3436 3196 Praeclarum
3477 3141 3654 3196 enim-

400 3206 628 3301 ληνικὴν
659 3230 874 3300 ἀπάτην
901 3206 1200 3301 ἐξελέγχων
1231 3231 1289 3284 ὲν
1314 3229 1546 3294 τούτοις,
1782 3206 1793 3210 τ

2087 3245 2213 3285 vero
2252 3230 2497 3288 numinis
2542 3229 2829 3285 auxilium.
2866 3226 3071 3286 Deinde
3121 3246 3231 3286 non
3269 3232 3505 3287 aliorum
3535 3240 3654 3286 tan-

398 3327 513 3376 tum
565 3322 718 3378 urbis
758 3322 1134 3385 aediﬁciorum,
1173 3321 1267 3377 sed
1316 3336 1506 3376 eorum
1559 3334 1779 3391 quoque
1823 3319 2050 3387 scilicet,
2121 3335 2243 3390 quae
2311 3335 2483 3389 sacra,
2527 3321 2633 3377 diis
2700 3330 2877 3388 erant,
2934 3329 3141 3392 pestem
3188 3337 3247 3378 se
3300 3322 3454 3393 ﬁngit
3500 3323 3647 3379 exei-

397 3413 658 3484 diumque
689 3413 1001 3483 praedicere.
1046 3414 1211 3485 Atqui
1239 3413 1374 3469 satis
1406 3414 1460 3470 id
1501 3413 1586 3468 vel
1645 3427 1715 3467 ex
1781 3411 1901 3481 ipsa
1966 3411 2206 3467 hostium
2255 3412 2634 3483 impressione,
2685 3414 2821 3468 citra
2866 3413 3037 3469 ullum
3100 3415 3403 3479 oraculum,
3456 3430 3654 3487 exspe-

397 3506 534 3565 ctari
561 3506 756 3576 potuit.
799 3504 984 3576 Itaque
1015 3506 1138 3577 jure
1177 3505 1424 3577 profecto
1487 3512 1675 3561 noster
1713 3504 1804 3559 ille
1842 3503 2078 3575 scriptor
2120 3507 2267 3571 hunc
2305 3521 2498 3571 rursus
2561 3504 2877 3571 Graecorum
2943 3519 3184 3568 errorem
3242 3496 3414 3577 lepide
3469 3522 3533 3562 ac
3570 3506 3652 3563 fa-

399 3613 519 3660 cete
554 3602 643 3658 bis
682 3601 865 3659 verbis
898 3601 1076 3656 illudit
1108 3620 1122 3657 :

897 3695 1292 3750 ΚΕΦΑΛΑῙΟΝ
1334 3694 1460 3756 ΚΔ’.

399 3788 520 3842 Ὅτι
544 3784 740 3856 μηδὲν
766 3783 1085 3857 δυνάμενοι
1105 3785 1358 3853 βοηθεῖν
1376 3787 1446 3840 ἐν
1472 3785 1601 3853 ταῖς
1627 3785 1751 3857 τῶτς
1791 3786 1973 3857 πολέ-

461 3854 594 3927 μων
620 3854 992 3927 συμφοραῖς,
1024 3854 1098 3907 δι’
1132 3857 1477 3927 ἀμφιϐόλων
1512 3855 1801 3927 χρησμῶν
1835 3856 1975 3911 ἐσο-

466 3922 823 3996 ζρίζοντοοιαὶ
846 3922 1089 3993 ἠπάτων
1111 3922 1247 3991 τοὺς
1274 3922 1650 3995 πρόσφύγίας.
1671 3922 1685 3926 ⁷
1908 3952 1913 3955 -
2148 3929 2311 3983 lusos.

474 4034 494 4067 ι
541 4014 702 4068 Ἀλλὰ
751 4013 822 4068 τὰ
853 4014 952 4085 μὲν
1000 4014 1222 4069 τοιαῦτα
1272 4015 1404 4079 ἴσως
1454 4015 1778 4070 ὲθελοκάκου
1824 4016 1970 4079 τινός

2157 4035 2193 4072 ι-
2218 4018 2290 4074 At
2320 4018 2424 4075 ista
2463 4017 2627 4085 forte,
2683 4017 2881 4088 inquit,
2913 4016 3173 4072 malitiosi
3215 4014 3646 4087 praevaricatoris

394 4107 573 4162 εστιν·
596 4108 780 4160 ἐκεῖνα
804 4106 883 4159 δεῖ
907 4105 1104 4178 μᾶλλον
1130 4109 1209 4170 εἰς
1238 4107 1335 4178 τὴν
1362 4108 1544 4178 κρίσιν
1582 4110 1864 4181 προάγειν,
1899 4110 1971 4163 τὰ

2087 4110 2306 4176 Fuerint,
2339 4110 2586 4181 adeoque
2618 4109 2954 4181 prastiterit,
2987 4108 3121 4180 quid
3153 4108 3223 4163 ab
3259 4108 3453 4164 eodem
3483 4107 3647 4162 Athe-

2532 3693 2696 3766 216
2736 3690 2965 3748 CAPUT
3010 3688 3199 3746 xxw.

2082 3786 2217 3851 Cum
2256 3786 2392 3843 nihil
2431 3784 2555 3839 belli
2590 3785 2912 3854 temporibus
2947 3783 3060 3853 opis
3109 3782 3245 3852 ferre
3268 3787 3497 3854 possent,
3525 3796 3650 3854 suos

2152 3858 2218 3911 ab
2251 3859 2318 3912 iis
2346 3856 2561 3912 clientes
2594 3851 2758 3925 fuisse
2792 3851 3161 3924 responsorum
3190 3852 3535 3924 ambiguitate
3565 3851 3647 3906 de-

398 4200 535 4271 πρὸς
590 4196 925 4269 Ἀθηναίους.
976 4196 1085 4251 Καὶ
1139 4195 1204 4268 δὴ
1246 4196 1484 4266 λεγέσθω
1523 4197 1593 4252 τὰ
1636 4199 1773 4271 πρὸς
1807 4199 1968 4271 Ἀθη-

396 4291 600 4355 ναίους.

391 4467 464 4528 Ὦ
486 4470 690 4543 μέλεοι
714 4467 847 4542 (58),
872 4468 1257 4537 eludendas;
1285 4470 1467 4524 πόλιν
1510 4470 1712 4612 sobrii?
1740 4472 1969 4594 ἐίσχατα

630 4611 633 4612 ,
985 4608 994 4612 _
1096 4608 1108 4612 _
1228 4608 1249 4612 _-
1380 4609 1395 4612 _
1572 4610 1591 4612 ,_
1684 4558 1760 4610 Υα
1782 4559 1859 4608 ης
1875 4558 1889 4572 ⁸

1684 4558 1859 4610 ramo
1875 4558 1889 4572 '

2079 4205 2300 4260 nienses
2327 4202 2577 4274 responsi
2608 4202 2849 4270 tulerint,
2884 4201 2939 4256 in
2978 4199 3331 4271 quaestionem
3374 4214 3439 4254 ac
3467 4198 3645 4254 disce-

2074 4296 2374 4367 ptationem
2408 4309 2627 4351 vocare.
2659 4292 2771 4364 Age
2813 4307 2963 4364 ergo,
2994 4290 3300 4363 cuiusmodi
3327 4288 3545 4345 tandem
3578 4291 3642 4345 il-

2075 4386 2169 4440 lud
2195 4385 2286 4450 sit,
2337 4383 2638 4439 videamus.

2078 4476 2240 4545 Quid,
2261 4474 2694 4539 stolidi,h(eretis
2718 4476 2742 4530 ?
2782 4472 2977 4529 misera
3022 4472 3146 4543 quin
3178 4471 3364 4527 ceditis
3383 4471 3539 4527 urbe’

395 4612 546 4668 οὔτε
576 4611 686 4681 γὰρ
709 4613 748 4681 η
776 4608 1018 4681 κεφαλὴ
1032 4608 1198 4681 μένει
1218 4608 1493 4678 ἔμπεδος,
1523 4586 1664 4681 οὔτέ
1684 4586 1968 4680 ’τῖὀίῶμα,

2087 4611 2150 4681 Ut
2196 4613 2281 4666 cui
2313 4628 2415 4665 non
2446 4611 2676 4679 solidum
2706 4618 2862 4680 caput
2892 4625 3030 4680 «egro
3064 4611 3120 4681 iu
3150 4625 3364 4679 corpore
3393 4616 3601 4679 surgat,

398 4684 482 4738 Οὐ
507 4679 702 4753 χέρες,
736 4679 879 4736 οὐδὲ
906 4680 1089 4747 πόδες
1125 4679 1340 4735 νέατοι.
1371 4681 1533 4735 Κατὰ
1717 4698 1825 4792 μ.ιῖ
1870 4682 1971 4792 fﬁ-

394 4821 523 4893 Πῦρ
543 4838 607 4876 τε
627 4820 727 4875 καὶ
759 4820 907 4889 ὀξὺς
939 4823 1142 4889 Ἄρης,
1173 4820 1490 4891 Συριγενὲς
1512 4750 1930 4888 ἅρμα[
1953 4836 1965 4850 ⁸

431 4947 459 4976 ι
482 4951 571 5004 π).
593 4934 838 4988 αάά.οὐκ
910 4934 1040 4989 ιπῖον.
1072 4934 1298 5006 ἐρειψει.

461 5021 698 5098 (58),το
712 5024 936 5098 μέλεοι.
978 5026 1116 5082 Vide
1144 5026 1475 5081 Theodoret.
1506 5025 1602 5081 lib.
1629 5041 1672 5081 χ
1707 5022 1785 5098 De
1817 5022 1967 5098 ςπε-

387 5095 500 5168 eor.
525 5095 846 5168 aﬁ'ectiauib.
876 5096 1083 5168 Pythiae
1126 5113 1448 5168 responsum
1480 5098 1595 5168 hoc
1624 5104 1727 5162 est,
1758 5095 1969 5168 Aristo-

389 5166 543 5221 nices
586 5167 826 5230 nomine,
859 5165 937 5221 ut'
959 5168 1149 5221 scribit
1177 5165 1438 5222 Herodot.
1477 5167 1574 5222 lib.
1608 5179 1702 5231 vit,
1747 5180 1802 5233 p.
1837 5165 1964 5232 487,

389 5236 483 5308 ubi
522 5236 887 5308 Athenienses
933 5236 1157 5308 Graeciae
1208 5237 1458 5308 σωτῆρας
1504 5236 1757 5307 appellat,
1783 5237 1964 5308 quod,

388 5304 755 5361 frementibus
798 5306 926 5360 licet
969 5307 1316 5361 oraculorum
1342 5304 1510 5362 ininis
1537 5304 1702 5375 atque
1740 5304 1966 5375 terrori-

387 5374 514 5446 bus,
533 5375 879 5429 invadentem
908 5376 1117 5431 hostem
1143 5377 1357 5432 fortiter
1381 5374 1740 5446 excepissent.
1770 5374 1965 5446 Magna

387 5444 445 5498 in
505 5446 735 5516 oraculo
783 5446 1089 5516 diversitas.
1121 5446 1181 5500 In
1210 5447 1388 5516 primo
1416 5442 1773 5516 νετὲιιλιπὼν
1806 5442 1963 5516 φεῦγ’

384 5527 488 5585 pro
537 5515 690 5568 πόλιν
728 5512 938 5584 φύγε-ι’.
992 5512 1274 5573 Secundus
1325 5519 1467 5590 apud
1518 5514 1775 5573 Herodot.
1809 5512 1964 5569 addi-

388 5596 519 5638 tur:
815 5634 822 5643 .

425 5653 669 5727 Adipata
684 5694 699 5716 ,
731 5652 832 5727 erat
863 5655 1075 5727 πόλιος
1095 5656 1465 5726 τροχοειδέος
1490 5657 1646 5727 ἂκρα
1670 5655 1922 5725 κάρηνα.

390 5720 756 5797 'lA'eArt'ius._qui
786 5720 1061 5797 Herodoto
1090 5720 1318 5797 quartus
1342 5745 1356 5781 :

394 5793 547 5847 οὔτε
568 5793 751 5863 πόδες
769 5796 1001 5864 νέατος,
1023 5793 1143 5853 οὔτ’
1158 5794 1445 5866 εἴη’χέρες,
1469 5798 1605 5856 οὔτε
1628 5816 1681 5854 τι
1703 5796 1955 5864 μέσσης.

2076 4680 2131 4737 Ν
2135 4700 2201 4737 οη
2228 4684 2458 4752 palmas,
2489 4683 2683 4735 imosve
2710 4683 2863 4751 pedes
2895 4698 2995 4735 sua
3025 4680 3215 4737 robora
3236 4682 3470 4749 ﬁrment.

2074 4802 2317 4890 Namque
2348 4819 2502 4873 illam
2537 4818 2768 4887 ﬂamma:
2800 4814 3082 4888 Syriosque
3107 4816 3163 4872 in
3198 4815 3387 4888 prwlia
3417 4829 3603 4869 currus

2070 5019 2210 5077 Hinc
2239 5019 2465 5089 quintus
2495 5017 2744 5089 sequitur
2771 5037 2784 5071 :
2831 5086 2841 5089 _
2872 5088 2877 5089 γ
2921 5050 2927 5056 -

2757 5050 2958 5160 irata},
2974 5083 3255 5160 κατὰ-γάρ
3270 5099 3379 5160 μιν
3397 5082 3638 5152 ἐρείπει,

2068 5155 2236 5226 recte,
2262 5175 2369 5216 non
2399 5157 2610 5280 ἔρῤιῒε,
2630 5154 2690 5211 ut
2715 5157 2824 5211 hic.
2848 5154 3111 5221 Quartus,
3129 5154 3402 5208 Herodoto
3428 5162 3635 5218 sextus,

2068 5231 2233 5280 habet
2261 5231 2520 5280 συοιηγεν
2554 5245 2602 5280 ς.
2630 5226 2828 5280 melius
2853 5240 3018 5280 uuam
3047 5222 3348 5280 σνοιγενές.
3382 5221 3635 5280 Quintus.

2067 5221 2241 5301 habet
2261 5221 2604 5301 συριηγένές,
2630 5226 2828 5286 melius
2853 5240 3018 5297 quam
3047 5222 3348 5295 σνριγενές.
3382 5221 3637 5292 Quintus,

2066 5298 2343 5369 Herodoto
2370 5298 2678 5369 septimus:
2758 5367 2765 5369 4
2805 5363 2833 5369 _
3030 5364 3041 5369 _
3185 5343 3189 5349 .

2066 5369 2274 5426 Πολλὰ
2309 5368 2378 5422 δὲ
2416 5360 2588 5422 iam
2612 5363 2833 5421 ἀπολεῖ
2851 5364 3228 5435 πυργώματα,
3254 5362 3366 5435 τιού
3385 5360 3478 5435 ,τέ
3523 5361 3639 5417 σὸν

2064 5507 2198 5565 Post
2231 5504 2457 5580 Saluati
2470 5506 2822 5580 athMpe-vm’
2854 5503 3004 5580 δίγἀῇ
3028 5520 3044 5558 ε
3391 5429 3577 5505 [olere

2130 5619 2144 5634 .
2184 5616 2203 5635 .
2238 5573 2400 5633 Κατὰ
2429 5578 2482 5630 δ’
2503 5573 2850 5644 ἀκροτάτοις
2881 5574 3150 5643 ὀρόφοισι

2012 5646 2013 5653 ι
2065 5622 2221 5719 si”;
2238 5622 2461 5720 ’ῖίῑατῖ
2504 5622 3411 5715 ’,ξὶὶῑρᾱιϊξξρδῖέδννῖεέικέτητος
3441 5644 3633 5720 μεναγ.

2079 5790 2238 5847 Ἀλλ’
2258 5788 2385 5844 ἴτον
2399 5786 2468 5854 ἐξ
2477 5786 2601 5861 «ἁδύ
2610 5804 2751 5852 τοιο,
2774 5784 2979 5853 κακοῖς
3001 5783 3408 5857 δ’-ἐπικίδνατε
