4162 6442
442 363 551 420 375
1658 363 1980 423 ΡΒᾸΞΡΑΒ.

2109 365 2264 424 ANG.
2307 365 2436 421 LIB.
2484 365 2553 422 ν.
3563 365 3672 422 374

449 485 610 557 μάντι
644 484 774 556 (62),
813 487 895 540 ὅτι
952 486 1048 558 μὲν
1088 489 1122 558 ή
1168 485 1285 558 θείη
1326 487 1566 558 Σαλαμὶς
1613 489 1803 541 ἀπολεῖ
1847 489 2009 542 τέκνα

2113 486 2492 543 consumeret?
2521 498 2621 539 nec
2671 482 2878 538 fulmen
2927 483 2975 538 ei
3023 488 3138 538 tum
3169 482 3504 552 suppetebat.
3562 481 3676 538 Nisi

445 576 716 645 γυναικῶν
759 577 931 648 ᾔδεις·
982 578 1186 648 πότερα
1233 579 1593 648 σκιδναμένης
1635 578 2009 651 Δημήτεροςῆ

2114 585 2294 632 tamen
2347 574 2666 629 audaciores
2733 573 2841 642 ipsi
2903 586 3114 636 sumus,
3171 570 3508 641 nimiumque
3561 571 3680 626 sine

448 667 753 738 συνιούσης,
780 670 878 721 οὐκ
909 668 983 721 ἔτ’
1016 669 1198 739 ᾕδειςς
1244 668 1370 731 Πῶς
1401 668 1457 721 δὲ
1489 669 1610 722 οὐδὲ
1641 669 1798 722 τοῦτο
1841 669 2010 740 ᾕδεις,

445 759 528 810 ὅτι
574 759 642 812 τὰ
682 758 848 812 τέκνα
875 758 984 811 τῶν
1010 757 1283 826 γυναικῶν
1322 760 1465 812 εἴποι
1515 759 1616 829 μὲν
1658 757 1723 812 ἄν
1763 776 1847 821 τις
1877 754 2027 811 εἶναι·

449 847 543 903 καὶ
571 847 641 901 τά
672 850 864 912 οἰκεῖα,
895 848 1036 901 εἴποι
1061 848 1104 900 δ’
1141 848 1206 902 ἀν
1236 848 1329 901 καὶ
1366 848 1435 901 τά
1475 848 1727 919 πολέμια,
1761 847 2016 917 αἰσθόμε-

449 956 538 1002 νος
563 938 657 992 τοῦ
690 940 1200 1011 κακοτεχνήματος;
1242 939 1560 1011 Περιμένειν
1585 939 1640 992 δὲ
1680 940 1760 993 δεῖ
1791 939 1852 992 τὸ
1875 941 2008 993 ἀπο-

449 1029 777 1100 ϐησόμενον·
817 1029 875 1082 ἓν
912 1029 1017 1100 γὰρ
1049 1030 1112 1102 δή
1140 1042 1166 1071 α
1197 1048 1250 1084 τι
1278 1030 1480 1083 τούτων
1511 1029 1903 1100 ἀποϐήσεσθαι.
1947 1030 2010 1083 Ἦ

448 1122 555 1192 γάρ
578 1138 659 1175 τοι
689 1121 928 1191 Σαλαμὶς
958 1124 991 1193 ή
1029 1121 1144 1194 θείη
1189 1123 1309 1176 οὐδὲ
1339 1123 1662 1194 ἡττωμένων
1694 1123 2014 1194 ἀφήρμοσεν

450 1212 535 1274 ἂν,
565 1213 640 1276 ὡς
673 1215 749 1275 εἰς
792 1209 972 1266 οἶκτον
1011 1213 1180 1276 οὕτως
1226 1215 1669 1286 ὲπιφωνουμένη·
1705 1215 1741 1286 ἦ
1780 1233 1838 1268 τε
1882 1217 2012 1287 μέλ-

447 1301 610 1354 λουσα
641 1300 746 1354 τῶν
767 1302 909 1370 νηῶν
937 1303 1104 1374 μάχη,
1137 1303 1254 1374 ἦτοι
1289 1321 1394 1356 που
1430 1303 1790 1375 σκιδναμένης
1822 1307 2012 1377 Δημή-

445 1409 602 1464 τερος
629 1394 662 1462 ﬂ
706 1393 1010 1464 συνιούσης,
1053 1394 1500 1448 καταπέπλασται
1531 1398 1596 1466 τῇ
1643 1399 1897 1467 ποιητικῇ
1935 1414 2016 1449 σε-

450 1485 726 1556 μνολογία,
770 1486 857 1540 ἵνα
897 1485 1125 1557 γένηται
1167 1487 1448 1556 μάντευμα
1493 1486 1782 1557 ἀφώρατον
1817 1487 1894 1558 τῷ
1927 1505 2015 1541 σο-

448 1578 655 1648 φισμῷ,
689 1579 785 1632 καὶ
831 1579 904 1649 μὴ
939 1579 1098 1642 εὐθὺς
1130 1577 1536 1652 καταφανὲς-ᾖ,
1571 1581 1652 1634 ὅτι
1692 1581 1750 1633 ὲν
1788 1581 2013 1650 χειμῶνι

451 1668 596 1738 μάχη
628 1669 851 1739 ναυτικὴ
909 1670 968 1721 οὐ
1011 1669 1344 1723 συνίσταται.
1390 1669 1526 1741 Ἤδη
1555 1670 1612 1723 δὲ
1649 1671 1770 1723 οὐδὲ
1815 1672 1848 1740 ἡ
1876 1686 2012 1740 τρα-

445 1758 614 1829 γῳδία
639 1759 870 1829 ἀφανὴς,
898 1759 1018 1812 οὐδὲ
1053 1758 1162 1812 θεοὶ
1194 1759 1642 1829 ὲπικυκλούμενοι
1676 1760 1812 1831 (65),
1845 1762 1873 1813 6
1915 1760 2014 1830 μὲν

450 1849 724 1913 ἱκετεύων,
767 1851 796 1902 6
833 1849 891 1901 δὲ
934 1850 994 1902 οὐ
1034 1850 1588 1920 κατακαμπτόμενος·
1635 1851 1895 1922 χρήσιμοι
1931 1849 2009 1920 τῷ

450 1937 712 2006 μέλλοντι,
739 1938 832 1990 καὶ
856 1941 922 2008 τῇ
955 1937 1049 1990 τοῦ
1077 1939 1312 2009 πολέμου
1339 1939 1626 2011 παραδόξῳ
1654 1943 1817 2011 ῥοπῇ,
1851 1941 1880 1991 6
1912 1941 2010 2010 μὲν

449 2027 793 2100 σωζομένοις,
829 2030 858 2082 6
889 2031 934 2082 δ’
977 2031 1387 2102 ἀπολλυμένοις.
1432 2031 1556 2085 Εἴτε
1589 2032 1699 2103 γὰρ
1732 2031 2006 2097 σώζοιντο,

450 2120 557 2174 ἰδοὺ
590 2123 647 2174 αἱ
685 2122 782 2192 τῆς
826 2123 1100 2187 Παλλάδος
1147 2124 1290 2177 λιταὶ
1336 2125 1802 2196 προμεμήνυνται,
1832 2126 2011 2178 ἱκαναὶ

445 2208 603 2266 οὖσαι
628 2214 839 2285 κάμψαι
861 2215 960 2286 τὴν
985 2215 1078 2268 τοῦ
1105 2215 1227 2278 Διὸς
1247 2215 1416 2287 ὀργήν
1435 2231 1448 2246 ο
1485 2217 1594 2268 εἴτε
1634 2217 1728 2269 καὶ
1762 2215 1860 2286 μὴ,
1891 2215 2010 2268 οὐδὲ

444 2302 603 2356 τοῦτο
645 2304 722 2374 τῷ
756 2305 942 2376 μάντει
986 2305 1489 2359 ἀκατασκεύαστον·
1546 2306 1607 2358 ού
1641 2305 1750 2376 γάρ
1788 2305 2007 2358 δύναται

447 2391 657 2456 Παλλὰς
684 2394 774 2448 τὸν
803 2395 900 2448 Δία
927 2394 1292 2458 ἐξιλάσασθαι·
1322 2395 1457 2465 πρός
1484 2411 1544 2447 τε
1575 2394 1673 2457 τὰς
1701 2395 2008 2465 ἡμικάκους

444 2483 616 2553 τύχας
642 2485 670 2536 6
695 2485 942 2556 τεχνίτης
969 2485 1201 2556 ἐκέρασε
1241 2485 1302 2538 τὸ
1331 2485 1530 2553 λόγιον,
1564 2485 1639 2549 ὡς
1670 2486 1734 2556 δὴ
1765 2485 1859 2538 τοῦ
1887 2485 2007 2549 Διὸς

443 2577 510 2644 τῇ
544 2576 643 2643 μὲν
674 2576 771 2646 τὴν
802 2577 994 2630 ἑαυτοῦ
1025 2577 1284 2646 πρόθεσιν
1319 2578 1720 2642 ὲκτελέσαντος,
1741 2577 1884 2649 τῇδὲ
1910 2579 2007 2649 τὴν

441 2664 623 2738 δέησιν
675 2668 775 2738 τῆς
827 2667 1092 2739 θυγατρὸς
1134 2669 1195 2722 οὐ
1242 2671 1763 2742 περιφρονήσαντος.
1821 2669 1903 2722 Τά
1947 2686 2006 2723 τε

445 2750 788 2823 πυργώματα
820 2756 898 2809 ὅτι
932 2756 1100 2810 πολλὰ
1124 2756 1424 2822 ἀπολεῖται,
1449 2761 1499 2811 εἰ
1528 2758 1666 2828 μετά
1701 2757 2004 2831 ναρθήκων,

444 2842 578 2896 ἀλλὰ
612 2845 686 2916 μὴ
723 2845 860 2916 μετά
889 2848 1108 2918 σιδήρου
1149 2850 1241 2902 καὶ
1272 2849 1442 2920 πυρὸς
1475 2850 1734 2920 ἐπῄεσαν,
1777 2851 1917 2922 τάχα
1941 2850 2008 2905 ἂν

442 2935 635 3004 ψεῦδος
664 2933 752 3008 ἦν,
783 2939 944 2992 ὁπότε
982 2941 1075 2992 καὶ
1107 2942 1243 3012 μετά
1269 2941 1556 3014 ναρθήκων
1584 2941 1825 3014 ἔπραξαν
1859 2943 1924 2997 ἄν
1957 2961 2009 2997 τι

445 3029 659 3093 πάντως
703 3033 752 3083 οἱ
795 3031 1055 3087 τοσοῦτοι.
1107 3034 1244 3088 Ἀλλ’
1292 3033 1422 3103 ὲγὼ,
1459 3036 1641 3106 φησὶν,
1686 3035 1903 3106 ἐξεῦρον
1948 3036 2010 3088 τὸ

445 3117 652 3183 ξύλινον
702 3125 898 3192 τεῖχος,
937 3125 997 3177 τὸ
1050 3126 1209 3195 μόνον
1245 3126 1569 3197 ἀπόρθητον.
1619 3127 2010 3199 Συμϐούλευμά

446 3211 526 3263 σοι
557 3228 619 3280 γε
646 3212 779 3283 (64),
809 3213 922 3267 ἀλλ’
944 3215 1005 3268 οὐ
1031 3215 1331 3288 μάντευμα,
1352 3217 1451 3270 οὐκ
1478 3217 1733 3280 ἀπεοικὸς
1762 3217 1858 3288 τῷ⁸

2114 682 2278 723 causa
2302 665 2628 736 praecipites,
2659 663 2753 734 qui
2800 677 2869 719 ne
2908 676 3004 716 vos
3042 661 3260 732 quidem
3292 661 3462 716 libere
3504 676 3677 732 nugas

2115 774 2272 829 agere
2309 758 2600 828 patiamur.
2633 755 2701 810 At
2731 754 3006 825 quomodo
3041 762 3244 818 tamen,
3297 752 3438 808 bone
3489 759 3673 818 vates,

2112 847 2355 901 futurum
2379 859 2630 910 noveras,
2655 850 2715 900 ut
2752 843 3038 898 mulierum
3069 841 3210 898 fetus
3241 842 3424 898 divina
3442 842 3674 900 Salamis

2115 937 2382 1008 perderet,
2411 936 2554 992 idem
2584 943 2772 990 utrum
2804 935 2858 990 id
2886 935 3168 1002 sementis,
3207 949 3276 989 an
3306 933 3500 991 messis
3535 946 3674 990 tem-

2113 1044 2242 1100 pore
2263 1028 2508 1084 futurum
2533 1033 2698 1091 esset,
2732 1027 3059 1098 ignorabas?
3086 1025 3198 1080 lmo
3223 1040 3321 1081 cur
3341 1041 3410 1081 ne
3426 1026 3528 1082 hoc
3551 1027 3676 1096 qui-

2113 1120 2235 1174 dem
2261 1135 2512 1184 noveras,
2545 1119 2688 1175 fetus
2719 1119 2841 1174 illos
2861 1119 3174 1186 mulierum,
3211 1118 3288 1172 uti
3311 1133 3440 1174 suos
3461 1133 3523 1174 ac
3550 1132 3678 1188 pro-

2112 1210 2280 1281 prios,
2312 1211 2392 1267 sic
2417 1211 2579 1265 etiam
2609 1211 2846 1266 hostium
2873 1210 3102 1276 liberos,
3126 1224 3156 1263 a
3182 1209 3444 1279 quolibet,
3486 1210 3579 1279 qui
3602 1209 3678 1264 lu-

2113 1303 2476 1358 diﬁcationem
2507 1303 2952 1369 subodoraretur,
2979 1300 3206 1372 intelligi
3235 1301 3458 1356 omnino
3482 1301 3680 1371 posse?

2111 1396 2182 1449 At
2213 1395 2392 1451 exitus
2418 1396 2675 1450 nimirum
2702 1394 3101 1464 exspectandus
3122 1402 3237 1460 est;
3265 1408 3491 1464 prorsus
3532 1394 3676 1448 enim

2113 1489 2433 1544 alterutrum
2465 1489 2678 1543 eveniat
2700 1494 2930 1557 oportet.
2952 1484 3085 1542 Nam
3115 1487 3216 1542 ista
3245 1485 3462 1555 quidem
3496 1483 3677 1540 divina

2115 1581 2372 1647 Salamis,
2420 1581 2529 1636 utri
2582 1580 2799 1634 tandem
2825 1580 3203 1643 vincerentur,
3247 1592 3460 1647 semper
3493 1577 3680 1646 utique

2113 1685 2240 1725 cum
2272 1670 2498 1725 oraculo
2521 1677 2864 1740 congrueret,
2899 1669 3054 1738 quasi
3097 1669 3162 1723 ad
3190 1666 3679 1724 commiserationis

2116 1775 2334 1816 sensum
2385 1759 2655 1830 ejusmodi
2703 1759 2946 1815 carmine
2989 1770 3320 1813 vocaretur:
3359 1757 3564 1812 navalis
3589 1772 3680 1811 au-

2044 1827 2083 1881 B
2113 1845 2218 1904 tem
2249 1827 2430 1920 pugna
2477 1849 2580 1904 sub
2615 1848 2876 1904 sementis
2923 1847 3190 1904 messisve
3223 1855 3437 1917 tempus
3470 1845 3677 1910 futura,

2111 1941 2291 2010 specie
2316 1942 2605 1996 verborum
2636 1941 2794 2009 plane
2841 1940 3052 2010 poetica
3101 1937 3426 2009 ﬁngebatur,
3471 1954 3541 1994 ne
3588 1953 3677 1995 re-

2110 2033 2299 2102 sponsi
2327 2033 2559 2099 vanitas,
2595 2033 2680 2088 his
2709 2034 3000 2088 verborum
3041 2033 3271 2104 argutiis
3313 2039 3452 2086 tecta
3484 2032 3673 2100 depre-

2109 2123 2273 2177 hendi
2305 2131 2527 2193 posset;
2583 2139 2718 2179 neve
2750 2124 2805 2179 id
2837 2139 3027 2179 omnes
3079 2124 3338 2178 continuo
3391 2123 3675 2187 viderent,

2108 2215 2351 2269 navalem
2379 2230 2615 2284 pugnam
2641 2215 2911 2270 committi
2937 2216 3040 2271 sub
3069 2216 3314 2286 hyemem
3343 2229 3451 2268 non
3481 2214 3674 2269 solere.

2106 2301 2228 2357 Jam
2255 2319 2385 2358 vero
2411 2319 2478 2357 ne
2505 2304 2678 2373 ipsius
2711 2304 2928 2374 quidem
2967 2304 3246 2376 tragoediae
3274 2303 3419 2369 finis,
3462 2313 3558 2359 aut
3598 2304 3677 2358 in-

2105 2401 2383 2448 vectorum
2402 2392 2699 2448 Numinum
2730 2396 2872 2450 ratio
2901 2396 3134 2458 obscura
3155 2403 3258 2450 est.
3283 2395 3519 2466 Supplex
3542 2395 3675 2450 alte-

2106 2500 2250 2552 rum,
2293 2474 2524 2540 alterum
2555 2486 2738 2542 minus
2778 2487 3055 2542 exorabile
3079 2488 3304 2556 tingitur
3335 2505 3350 2542 :
3385 2497 3679 2555 utrumque

2107 2574 2163 2627 in
2184 2573 2352 2628 futuri
2381 2590 2594 2642 casum,
2635 2583 2692 2630 et
2738 2576 3030 2645 ancipitem
3070 2575 3332 2630 bellorum
3381 2573 3678 2630 inclinatio-

2107 2681 2230 2720 nem
2279 2675 2602 2738 opportune,
2650 2667 2881 2722 alterum
2911 2667 3153 2738 quidem,
3200 2665 3247 2722 si
3282 2665 3419 2721 salvi
3462 2665 3676 2732 forent,

2108 2757 2339 2812 alterum
2370 2772 2534 2823 vero,
2576 2756 2622 2812 si
2650 2758 2906 2827 perirent.
2952 2757 3086 2813 Nam
3115 2759 3161 2814 si
3192 2757 3261 2812 ab
3286 2758 3450 2812 exilio
3479 2758 3678 2814 libera-

2108 2858 2316 2916 rentur,
2343 2865 2409 2905 eo
2446 2850 2542 2906 tibi
2567 2858 2692 2904 ante
2709 2849 2963 2905 Minervae
2987 2866 3174 2920 preces
3195 2851 3481 2906 insinuatas
3502 2860 3674 2913 erant.

2110 2942 2275 3012 218
2310 2957 2431 3011 qua:
2455 2943 2522 2996 ad
2557 2941 2911 3012 frangendam
2942 2941 3093 2998 Jovis
3145 2942 3486 2999 iracundiam
3539 2943 3674 2999 satis

2113 3034 2372 3088 baberent
2403 3034 2632 3096 virium;
2665 3035 2748 3088 sin
2777 3040 2957 3088 autem
2979 3072 2995 3098 ,
3021 3049 3090 3089 ne
3114 3033 3168 3088 id
3194 3033 3412 3104 quidem
3437 3035 3541 3088 vati
3567 3050 3675 3090 non

2054 3181 2074 3202 η
2109 3125 2388 3194 provisum
2425 3141 2438 3177 :
2471 3123 2578 3179 Nec
2614 3125 2758 3180 enim
2799 3123 3010 3189 Jovem,
3061 3125 3262 3196 inquit,
3309 3141 3534 3182 exorare
3572 3125 3674 3179 Mi-

2109 3231 2275 3270 nerva
2295 3224 2490 3285 potest.
2535 3213 2612 3269 ιω
2653 3231 2812 3270 suum
2855 3216 3036 3270 istliuc
3082 3217 3362 3272 oraculum
3396 3215 3461 3275 in.
3501 3215 3674 3271 tristis

444 3303 684 3373 laetaeque
727 3308 892 3362 sortis
939 3311 1140 3363 exitum
1177 3309 1353 3364 bonus
1401 3309 1593 3364 artifex
1642 3309 1996 3380 temperarit;
2038 3309 2116 3363 uti
2166 3306 2376 3378 Jupiter
2437 3316 2491 3362 et
2525 3307 2656 3361 satis
2694 3307 2922 3361 consilio
2982 3306 3174 3364 fecisse
3217 3325 3338 3376 suo,
3368 3327 3473 3366 nee
3495 3318 3672 3365 tamen

444 3398 667 3452 omnino
695 3399 818 3454 tiliae
844 3401 1242 3459 observantiam
1265 3401 1579 3472 repudiasse
1607 3403 1898 3459 videretur.
1923 3400 2058 3456 Nam
2085 3417 2238 3457 arces
2260 3401 2476 3472 quidem
2495 3400 2757 3470 plurimas
2771 3399 3163 3456 exscindendas
3187 3416 3326 3464 esse,
3357 3401 3409 3456 id
3437 3403 3484 3456 si
3513 3401 3673 3455 modo

443 3487 653 3552 ferulis,
705 3504 812 3543 non
858 3501 1036 3547 autem
1087 3491 1232 3549 ferro
1282 3493 1501 3563 ignique
1555 3495 1750 3550 armati
1805 3495 1993 3549 urbem
2035 3494 2371 3559 invaderent,
2407 3491 2608 3546 falsum
2686 3499 2833 3548 esset
2862 3491 3115 3548 fortassis
3149 3508 3162 3544 :
3195 3494 3408 3549 tametsi
3470 3491 3672 3562 aliquid

447 3587 594 3634 tanta
644 3581 777 3636 solis
817 3583 979 3638 etiam
1012 3584 1278 3640 instructa
1324 3584 1513 3641 ferulis
1570 3587 1864 3642 multitudo
1922 3585 2208 3657 potuisset.
2239 3584 2308 3637 At
2339 3583 2598 3654 ligneum,
2627 3584 2822 3652 inquit,
2864 3599 3081 3638 murum
3138 3585 3338 3648 inveni,
3379 3584 3474 3653 qui
3528 3599 3671 3639 unus

446 3670 747 3743 expugnari
785 3685 895 3727 non
963 3676 1157 3746 possit.
1202 3677 1500 3734 Consilium
1540 3679 1641 3736 das
1686 3681 1908 3752 Apollo,
1961 3694 2072 3734 non
2127 3678 2384 3736 divinas:
2415 3691 2470 3735 et
2518 3677 2804 3734 consilium
2851 3678 3068 3748 quidem
3123 3677 3277 3734 alteri
3325 3677 3452 3732 huic
3501 3676 3671 3748 gemi-

443 3774 606 3827 num,

440 3874 688 3944 Φεύγειν
727 3875 882 3946 μηδὲ
929 3877 1156 3948 μένειν,
1185 3881 1341 3951 μηδὲ
1380 3881 1610 3939 δεῖσθαι
1655 3883 1770 4027 (65[)
1789 3883 2004 4007 ἷκακὸν

1758 3971 1785 4008 ε
1811 3971 1930 4008 ναι.

1758 3971 1930 4008 ειναι.

453 4058 512 4114 '0
565 4059 697 4128 γοῦν
735 4057 1125 4130 ὲπιλυσάμενος
1159 4061 1270 4134 (66)
1303 4064 1511 4129 ἐκεῖνος
1552 4065 1614 4119 τὸ
1661 4044 2005 4137 αἴνιγμαάἷύ

2110 4061 2176 4117 Ει
2209 4076 2360 4127 vero,
2393 4060 2486 4132 qui
2509 4069 2659 4116 tuum
2691 4061 2793 4117 hoc
2817 4060 3043 4132 aenigma
3061 4037 3254 4126 solvit,
3271 4037 3522 4114 ἱῖἶιίιιίιο
3539 4071 3672 4114 sane

2110 3858 2162 3930 1,
2208 3859 2350 3932 fuge,
2375 3875 2558 3929 rumpe
2580 3873 2790 3924 moras;
2814 3873 2909 3914 nec
2925 3856 3114 3928 probro
3141 3857 3351 3929 ignavia
3380 3857 3552 3912 detur.

441 4147 637 4218 χείρων
666 4143 734 4219 ἦν
763 4165 855 4200 σου
897 4151 1152 4216 κατιδεῖν,
1192 4153 1273 4205 ὅτι
1307 4155 1341 4223 ἡ
1377 4154 1483 4209 τῶν
1525 4154 1823 4224 Ἀθηναίων
1853 4154 2006 4218 πόλις

443 4240 714 4310 πρόφασις
743 4237 811 4311 ἦν
837 4241 914 4312 τῷ
947 4243 1129 4315 Πέρση
1152 4244 1250 4314 τῆς
1272 4245 1414 4308 ὁδοῦ,
1442 4248 1538 4299 καὶ
1566 4247 1600 4318 ἡ
1633 4248 1788 4300 πᾶσα
1825 4246 2008 4309 ἔλασις

440 4331 532 4384 ἐπὶ
585 4333 784 4403 ταύτην
837 4335 1058 4406 πρώτην
1121 4352 1181 4388 τε
1226 4338 1320 4389 καὶ
1367 4337 1708 4408 ἐξοχωτάτην
1766 4337 2002 4407 ἐγένετο.

2111 4155 2293 4209 minus
2323 4169 2486 4222 quam
2522 4161 2580 4207 tu
2627 4154 2680 4208 id
2717 4154 2951 4219 videbat,
3000 4154 3240 4208 Athenas
3272 4150 3494 4206 Persam
3522 4150 3669 4205 exci-
3725 4164 3727 4172 ‘

2111 4245 2275 4310 visse,
2313 4246 2366 4298 in
2400 4259 2632 4313 eamque
2662 4244 2848 4299 urbem
2880 4252 3065 4314 utpote
3097 4243 3341 4297 omnium
3368 4241 3665 4311 principem

2113 4351 2177 4390 ac
2209 4334 2616 4390 celeberrimam
2649 4335 2914 4404 impetum
2940 4335 3066 4389 belli
3113 4334 3428 4389 universum
3460 4335 3671 4389 incum—

454 4424 604 4478 Ἐπεὶ
627 4428 720 4480 καὶ
746 4427 774 4478 6
807 4427 1033 4498 ἀμαντις
1061 4426 1189 4496 ἐγὼ,
1229 4428 1371 4482 τοῦτ’
1409 4429 1750 4500 αἰσθόμενος,
1793 4431 1888 4482 καὶ
1916 4429 2006 4482 τὸν

2112 4425 2257 4479 bere.
2292 4421 2428 4478 Nam
2477 4437 2577 4492 ego
2619 4422 2756 4491 ipse,
2792 4423 2887 4492 qui
2931 4421 3066 4475 nihil
3097 4419 3389 4475 divinando
3418 4433 3685 4488 possum...

452 4515 727 4587 Ἀθηναῖον
774 4517 860 4582 ἂν,
908 4518 967 4570 οὐ
1013 4519 1169 4588 μόνον
1215 4520 1305 4573 τὸν
1345 4521 1517 4574 Λυδὸν
1568 4522 1704 4592 (67),
1756 4523 2005 4577 ἐκέλευον

441 4606 660 4677 φεύγειν
687 4608 830 4663 νῶτα
848 4609 1255 4681 ἐπιστρέψαντα
1280 4629 1294 4644 ·

2112 4521 2201 4576 ubi
2229 4536 2341 4574 rem
2388 4519 2702 4585 sensissem,
2745 4532 2852 4572 non
2887 4516 3034 4588 Lydo
3073 4523 3306 4581 tantum,
3353 4514 3447 4571 sed
3503 4513 3670 4568 etiam

2108 4611 2446 4678 Atheniensi,
2482 4619 2544 4665 ut
2583 4619 2735 4681 tergo
2775 4624 2937 4666 verso
2975 4608 3205 4681 fugeret,
3232 4609 3454 4665 omnino
3478 4615 3668 4662 auctor

2105 4719 2302 4761 essem.
2333 4703 2546 4758 Etenim

513 4752 540 4782 ⁸
579 4758 669 4810 τερ.
698 4740 796 4795 δεῖ.

447 4854 704 4930 λύνᾼποτε
727 4855 855 4930 λαὸν
888 4857 1133 4930 ὀλέσσῃς,
1165 4866 1224 4912 ιιι
1254 4867 1337 4930 est
1367 4857 1508 4930 apud
1544 4855 1728 4927 Steph.
1759 4859 1842 4930 De
1860 4860 2000 4926 urb.,

2106 4858 2407 4930 κλούμενοι.
2428 4927 2438 4930 _
2463 4855 2624 4911 Forte
2644 4855 2950 4930 _legendun
2978 4851 3504 4930 __£_r:s_icxua_c_).odpev0t
3529 4891 3545 4917 ,
3583 4851 3667 4906 vel

437 4932 500 4999 v_°
534 4925 860 4999 Παιτδοσέα.
895 4923 1377 4993 Quod"oraculum
1401 4923 1736 4982 ’Alexandro
1779 4923 2001 4999 ᾹῐιοΙο,

2106 4923 2542 4999 ἐπικεκλημένοι·
2575 4923 2744 4999 prius
2762 4935 2944 4999 tamen
2976 4925 3110 4979 illud
3143 4923 3348 4999 malini.

437 4995 588 5068 circa
604 4996 749 5068 illud
771 4990 1095 5068 Brettiurum
1129 4999 1407 5068 oppidum,
1439 5008 1643 5068 pestem
1677 5000 1900 5053 creavit.
1986 4990 1999 4999 ’

2175 4999 2287 5068 (64)
2326 4990 2430 5052 Σοί
2451 5013 2537 5066 γε.
2577 4990 2756 5050 Malim
2793 4996 2968 5068 σύγε,
3005 4991 3460 5068 quemadmodum
3503 4990 3664 5068 etiam

508 5066 619 5142 (δέ)
659 5063 790 5132 Πῶς
814 5061 1185 5142 δὲνμῷιίάντιξ
1205 5061 1724 5142 ΕεηιξηὲιςΤΙιφοιΙοῐ.
1750 5069 2004 5142 τί-Ἦ-(νόη-

2106 5061 2280 5123 altero
2299 5069 2359 5142 _in
2390 5061 2673 5142 manuscr.
2699 5061 3135 5136 reperi,'lice't16
3161 5063 3264 5116 σοί
3305 5061 3548 5116 additum
3579 5061 3665 5115 in—

439 5151 497 5187 σε
528 5136 634 5208 γάρ
657 5151 779 5208 που,
799 5136 872 5200 ὼς
897 5135 1085 5208 ἔδειξε,
1111 5139 1245 5208 τοὺς
1265 5135 1703 5208 τεθνηξομένους,
1734 5139 1843 5191 εἴτε
1860 5135 2004 5208 Ι]έρ-

2106 5154 2266 5208 super
2291 5139 2474 5208 fuerit.

437 5221 525 5280 σαι
541 5198 686 5280 εἶεν,
715 5205 823 5280 ε-ἰξτε
856 5198 1146 5280 ᾊθηναξοι.
1167 5198 1263 5280 Διά
1285 5198 1732 5280 τοῦτο’-γυναικῶν
1759 5198 2000 5280 ἐμνήσθη

2170 5198 2293 5280 (65)
2327 5205 2492 5274 Μηδὲ
2521 5205 2773 5280 δεῖσθαιἶ
2811 5203 3059 5280 Clarum_
3083 5210 3170 5258 est
3222 5199 3505 5280 legendum
3542 5198 3664 5280 μηδς

439 5274 618 5353 μόνον,
637 5275 697 5353 τὸ
728 5271 1007 5353 asceam»
1019 5278 1186 5353 ψέθνος
1213 5278 1452 5353 ἐσίγησε,
1473 5271 1662 5353 Καὶμτὸ
1687 5271 2003 5353 σκιδνάμέλ

2106 5271 2389 5353 αἰδεῖσθαι,
2411 5271 2872 5353 quemadmodum
2915 5284 3010 5353 est
3048 5274 3100 5353 in
3127 5286 3406 5353 manuscr.
3441 5279 3496 5353 et
3521 5271 3662 5353 apud

434 5339 625 5416 iqué
641 5346 992 5416 Δημήτερος.
1010 5348 1047 5414 ἢ
1059 5339 1410 5413 συνιούοίηξν,
1425 5348 1738 5416 ἀγνοοῦντός
1751 5352 1864 5403 ἐστι
1875 5339 2003 5404 παν-

2106 5339 2460 5409 Ηθιηόοιιιιιί,
2485 5346 2576 5414 qui
2606 5346 2769 5416 etiam
2803 5344 2967 5416 xax6;
2999 5343 3180 5416 habet,
3212 5357 3318 5416 n_on
3351 5339 3538 5393 κακόν.
3571 5339 3667 5392 Est

434 5414 602 5489 τελῶς
639 5412 729 5467 τὸν
780 5412 883 5489 τῆς.
929 5412 1082 5488 ν’ίκης
1116 5421 1322 5489 καιρόν.
1344 5412 1612 5486 Equidem
1645 5421 1998 5487 posteriorem

2106 5422 2246 5472 enim
2271 5433 2461 5489 versus
2488 5412 2575 5469 liic
2595 5415 2786 5468 tertius
2808 5429 2876 5468 ex
2905 5415 2973 5469 iis
3002 5413 3198 5489 quibus
3224 5412 3416 5489 Crmso
3443 5424 3666 5489 respon-

438 5483 583 5558 h_unc
611 5479 920 5539 versum'de
963 5479 1226 5542 sementis:
1262 5479 1520 5558 messisve
1551 5479 2000 5558 teni-poribusac-
2101 5490 2179 5543 dit
2211 5488 2684 5558 oraciulum,_quos
2719 5479 3382 5558 supra_exsci'ipsitntis_ad
3413 5497 3465 5558 p_.
3499 5479 3623 5558 216.

438 5554 602 5628 cipio,
639 5565 1098 5628 vere,_autumno,
1135 5558 1217 5611 vel
1266 5559 1447 5612 adulta
1479 5557 1590 5626 jam
1627 5549 1830 5611 aestate.
1863 5557 2002 5628 Nam

2171 5559 2306 5628 (66)_
2333 5557 2386 5607 Ὀ
2433 5549 2580 5628 γοῦῦ
2626 5549 3103 5628 garioptimi-ag:
3129 5549 3549 5628 _'|‘hem_istoclem_
3584 5549 3665 5628 in:

438 5618 764 5700 itisemente
786 5625 1021 5700 iactatur
1047 5627 1230 5700 Ceres,
1258 5627 1319 5700 _in
1366 5618 1543 5683 messe
1575 5628 1862 5700 colligitur.
1892 5627 2000 5682 Nec
2101 5618 2234 5681 nuit.
2263 5618 2727 5700 :Lege:_ﬂcrodot.
2771 5622 2863 5674 lib.
2889 5618 3007 5690 ’vu,
3047 5618 3143 5680 ubi
3198 5622 3378 5676 varias
3427 5618 3662 5674 intricati

2099 5696 2304 5751 oraculi
2331 5692 3013 5763 eiplicat‘ioueshrecenset.

437 5691 939 5764 ()Euou'tausaliter
968 5697 1163 5764 accipit
1192 5696 1353 5750 infra.

2170 5766 2279 5836 (67)
2324 5759 2430 5819 Τὸὗ·
2455 5759 2671 5818 Λυδόν.
2709 5760 2980 5819 ϐιωιυιῐι.

430 5826 435 5832 ,
510 5761 619 5832 (63)
662 5761 810 5818 Οὐδὲ
839 5766 955 5818 θεοὶ
985 5761 1256 5820 ἐπικυκλ.
1297 5767 1336 5818 Γ
1341 5784 1391 5836 ρ.
1427 5767 1533 5821 οὐδ’
1552 5769 1600 5821 οἱ
1631 5767 1740 5821 θεοὶ
1769 5768 1995 5819 ἐπισκυ-
