4162 6444
539 343 646 399 375

536 459 823 513 Adversum
851 461 972 515 huic
999 461 1155 516 etiam
1190 478 1299 516 sese
1330 463 1522 522 inferat
1547 464 1734 523 hostis.

540 526 741 600 Quippe
769 532 948 601 ingens
972 535 1204 602 equitum
1236 550 1299 585 ac
1330 534 1559 602 peditum
1590 534 1666 586 vis
1698 535 1914 603 ingruit.

496 645 673 700 .Mari
719 661 852 701 vero
883 662 991 702 non
1039 656 1181 702 terra
1226 647 1407 720 fugam
1455 651 1763 707 suaderem.
1793 649 2103 705 Ridiculum

537 737 685 791 enim
735 734 897 801 foret,
944 738 1194 794 homines
1220 750 1275 794 et
1316 742 1491 797 classe
1533 743 1856 809 instructos,
1883 751 1937 796 et
1965 741 2105 796 mari

536 827 839 897 proximos,
866 844 973 883 non
996 831 1237 887 collectis
1265 833 1625 904 undequaque
1648 835 1815 901 vasis,
1865 844 1918 889 et
1948 836 2106 903 quie-

534 920 665 990 quid
678 920 745 975 ad
764 937 982 977 manum
1001 934 1333 982 commeatus
1345 936 1488 981 esset
1500 928 1552 980 in
1566 942 1732 980 naves
1748 934 2105 995 comportato,

537 1012 774 1068 salutem
803 1016 1079 1084 expedire,
1106 1027 1271 1082 terra,
1306 1019 1507 1089 quibus
1540 1034 1603 1073 ea
1638 1019 1908 1089 placeret,
1936 1018 2109 1072 liben-

536 1111 622 1158 ter
643 1103 845 1159 relicta.
876 1124 897 1157 ι
914 1106 1196 1176 Ejusmodi
1217 1124 1348 1180 ergo
1364 1119 1514 1176 sunt,
1536 1125 1657 1179 qua:
1684 1108 2109 1163 Atheniensibus

538 1192 735 1265 Apollo
759 1198 1041 1265 respondit
1072 1214 1086 1251 :
1113 1214 1237 1270 que
1268 1216 1401 1256 vero
1426 1200 1872 1260 Lacedaemoniis,
1912 1197 2109 1252 frivola

538 1286 700 1356 plane
722 1288 948 1358 risuque
977 1290 1163 1362 digna.
1195 1292 1438 1363 Quippe,
1489 1286 1695 1348 civitati
1724 1293 1991 1347 universa:
2016 1297 2111 1344 aut

538 1376 905 1443 obsidionem,
950 1388 1045 1434 aut
1082 1383 1337 1437 exsrincti
1378 1383 1522 1453 regis
1568 1383 1777 1436 luctum
1824 1380 2109 1435 imminere

539 1469 844 1528 denuntiat.
875 1471 1047 1543 Atqui
1074 1489 1304 1544 pronum
1334 1475 1387 1529 id
1431 1490 1494 1528 ac
1529 1475 1768 1544 proclive
1792 1473 1967 1528 cuivis
1997 1480 2113 1525 erat

540 1565 838 1633 conjicere,
882 1570 1205 1623 alterutrum
1242 1581 1468 1637 prorsus
1511 1575 1834 1619 eventurum
1868 1582 1881 1617 :
1913 1578 2015 1617 nec
2041 1562 2112 1616 ob

538 1654 713 1713 futuri
737 1669 963 1717 eventus
1008 1660 1392 1731 ignorantiam,
1444 1660 1549 1713 hac
1593 1657 1945 1729 ambiguitate
1993 1667 2113 1707 ver-

540 1749 736 1804 borum
764 1750 1008 1817 illudere,
1031 1751 1194 1820 digna
1227 1758 1346 1804 erat
1378 1746 1608 1802 Numine
1633 1747 1917 1801 divinatio.
1943 1741 2115 1798 Auxi-

1199 344 1464 403 EUSEBII
1501 344 1971 403 CESARIENSIS
2006 342 2157 401 OPP.
2197 344 2378 400 PARS
2416 343 2476 400 ll.
2501 374 2574 387 -—
2595 339 3091 399 APOLOGETICA.

3653 334 3763 394 3'76

2144 488 2149 495 ε
2204 464 2333 516 Ἔτι
2366 462 2477 530 reip
2507 477 2650 517 ποτε
2682 461 2926 527 κάντίος
2951 459 3121 513 ἔσται

2206 526 2548 605 Πολλῆῗρὰρ
2574 526 2909 599 ἱπποσύνῃ,
2927 530 3024 582 καὶ
3053 528 3223 595 πεζὸς
3249 526 3574 598 ἐπέρχεται.

2209 655 2332 707 Ὅτι
2361 652 2419 707 δὲ
2460 652 2673 715 ναυσὶν,
2719 650 2834 704 ἀλλ’
2868 650 2930 703 οὒ
2966 651 3085 704 κατ’
3127 651 3373 722 ἤπειρον·
3427 652 3523 705 καὶ
3570 651 3680 723 γὰρ
3709 645 3783 723 ἦν

2204 746 2410 813 γελοῖον
2444 744 2664 815 ἔχοντας
2711 743 2982 806 ναυτικὸν,
3018 743 3113 796 καὶ
3150 744 3243 795 ἐπὶ
3281 742 3554 812 θαλάσσης
3592 760 3779 796 κατοι-

2208 836 2460 897 κοῦντας,
2495 833 2570 903 μὴ
2599 832 2661 884 οὺ
2692 832 2924 885 πασσυδὶ
2954 832 3496 903 σκευωρησαμένους,
3533 834 3626 885 καὶ
3653 850 3781 905 τρο-

2209 927 2313 996 φὰς
2348 927 2478 988 ὅσας
2510 920 2653 994 εἶχον
2698 922 3229 994 συνεμϐαλλομὲνους
3267 922 3553 988 σώζεσθαι,
3601 941 3783 995 παρα-

2207 1018 2392 1080 δόντας
2422 1018 2533 1079 τοῖς
2560 1014 2899 1085 βουλομένοις
2930 1014 3029 1083 τὴν
3054 1014 3176 1083 γῆν.
3207 1031 3226 1064 ι
3247 1013 3432 1067 Ταῦτα
3459 1015 3556 1084 μὲν
3589 1010 3682 1067 οὖν
3710 1014 3782 1069 τὰ

2210 1108 2345 1179 πρὸς
2386 1107 2719 1176 Ἀθηναίους·
2749 1105 2952 1175 ἀσθενῆ
2971 1106 3027 1158 δὲ
3053 1105 3255 1177 σφόδρα
3285 1107 3378 1159 καὶ
3398 1106 3782 1174 καταγέλαστα

2209 1201 2277 1253 τά
2305 1199 2438 1270 πρὸς
2478 1198 2955 1267 Λακεδαιμονίους.
2994 1199 3150 1249 Ἤτοι
3184 1196 3314 1268 γὰρ,
3351 1198 3535 1268 φησὶν,
3572 1200 3721 1252 πᾶσα
3743 1202 3780 1272 ἡ

2210 1292 2366 1354 πόλις
2416 1289 2932 1360 πολιορκηθήσεται,
2978 1287 3011 1358 ἢ
3064 1286 3377 1341 ἀπολωλότα
3423 1290 3513 1342 τὸν
3557 1290 3783 1360 βασιλέα

2211 1382 2487 1453 πενθήσει.
2535 1381 2705 1434 Τοῦτο
2747 1381 2790 1433 δ’
2836 1380 2895 1446 ἐξ
2928 1379 3166 1442 ἅπαντος
3208 1379 3355 1443 εἰκὸς
3393 1376 3462 1451 ἧν
3502 1382 3662 1435 παντί
3702 1399 3781 1453 τῳ

2214 1470 2592 1540 στοχάζεσθαι,
2610 1469 2672 1525 τὸ
2702 1471 2820 1540 ἤτοι
2851 1470 2989 1532 τόδε,
3025 1470 3057 1540 ἢ
3090 1469 3209 1522 τόδε
3244 1470 3637 1539 συμϐήσεσθαι·
3668 1473 3783 1526 ἀλλ’

2210 1563 2271 1616 οὐ
2306 1563 2476 1633 δήπου
2517 1561 2639 1614 θεοῦ
2666 1557 2732 1632 ἦν
2775 1562 3057 1631 μάντευμα
3112 1554 3215 1614 ὦδέ
3268 1578 3384 1624 πως
3424 1562 3785 1632 ἀμφιδάλλειν

2210 1655 2404 1725 ἀγνοίᾳ
2425 1652 2519 1707 τοῖ’
2553 1652 2854 1724 μέλλοντος,
2904 1652 3114 1722 βοηθεῖν
3151 1652 3288 1717 δέον,
3309 1653 3404 1706 καὶ¹
3431 1655 3648 1726 σωτῆρα
3676 1655 3786 1709 τῶν

2223 1750 2487 1820 Ἐλλήνων
2517 1746 2576 1799 ἐν
2613 1745 2791 1816 καιρῷ
2835 1744 3296 1816 παραφαίνεσθαι,
3331 1745 3423 1799 καὶ
3458 1745 3657 1815 μᾶλλον
3684 1747 3785 1820 τὴν

540 1841 676 1896 lium
703 1841 847 1898 ferre
871 1842 1121 1899 videlicet
1145 1842 1404 1913 oportuit,
1440 1857 1505 1897 ac
1535 1856 1655 1897 sese
1690 1838 1921 1909 tempori
1963 1836 2107 1891 Grae‘

2213 1838 2353 1894 κατά
2379 1838 2488 1891 τῶν
2515 1837 2724 1908 ἐχθρῶν
2750 1836 2844 1889 καὶ
2878 1836 3168 1907 βαρϐάρων
3194 1838 3349 1907 νίκην
3370 1841 3481 1901 τοῖς
3507 1839 3782 1911 Ἕλλησιν,

539 1949 731 1991 eorum
775 1947 1101 1993 assertorem
1126 1938 1379 2009 probare,
1415 1936 1729 2005 Graecisque
1766 1934 1950 2007 potius
1979 1942 2104 1987 tan-

2209 1932 2287 1995 ὼς
2332 1930 2399 1984 ἂν
2447 1930 2667 1993 οἰκείοις
2716 1928 2890 1997 φίλοις
2933 1929 3245 2000 προξενεῖν·
3298 1931 3345 1983 εἰ
3392 1931 3448 1984 δὲ
3513 1932 3585 2003 μὴ
3626 1932 3791 1987 τοῦτο

539 2042 705 2098 quam
751 2029 1065 2086 domesticis
1111 2032 1304 2086 amicis
1333 2031 1400 2085 de
1448 2030 1701 2085 hostibus
1747 2044 1811 2083 ac
1858 2024 2105 2081 barbaris

2211 2021 2435 2083 δυνατὸς
2459 2015 2547 2091 ἦν,
2587 2019 2689 2073 κᾶν
2726 2018 2787 2071 τὸ
2822 2019 2895 2090 μὴ
2945 2020 3135 2073 παθεῖν
3167 2020 3383 2085 αὐτοὺς,
3424 2022 3546 2094 μηδ’
3582 2023 3784 2079 ἁλῶναι

538 2118 823 2173 victoriam
857 2135 1198 2191 comparare.
1257 2120 1355 2175 Sin
1408 2122 1593 2175 minus
1628 2121 1680 2175 id
1738 2124 1972 2189 poterat,
2028 2113 2107 2169 uti

2215 2112 2501 2183 παρέχειν.
2542 2110 2600 2164 '0
2632 2110 2711 2174 δὲ,
2751 2110 2871 2163 οὐδὲ
2903 2110 3084 2174 τοῦτο,
3117 2111 3228 2164 ἀλλ’
3275 2112 3382 2166 οὐδ’
3418 2114 3566 2176 ὅπως
3604 2116 3785 2180 αὐτοῖς

539 2206 757 2275 saltem,
777 2223 843 2263 ne
864 2210 992 2278 quid
1020 2210 1120 2280 ipsi
1142 2220 1480 2281 paterentur,
1505 2226 1640 2266 neve
1667 2209 1904 2263 hostium
1932 2206 1985 2259 in
2012 2218 2107 2273 po-

2212 2203 2284 2256 τά
2308 2203 2406 2273 τῆς
2433 2203 2601 2273 ἣττης
2623 2203 3007 2273 περιστήσεται
3036 2203 3321 2272 γινώσκειν
3345 2216 3393 2258 ι.
3421 2205 3513 2259 Διὸ
3539 2207 3785 2279 καὶπρὸς

541 2306 794 2354 testatem
841 2300 1108 2369 venirent,
1149 2302 1378 2359 edicere.
1418 2303 1488 2358 At
1531 2303 1579 2358 is
1617 2317 1688 2357 ne
1717 2301 1823 2356 hoc
1847 2298 2064 2370 quidem
2096 2310 2112 2360 ;

542 2390 654 2446 imo
691 2407 791 2449 nec
832 2393 1137 2463 cuiusmodi
1180 2396 1251 2452 sit
1292 2399 1359 2453 iis
1407 2396 1622 2453 futurus
1668 2394 1882 2469 adversi
1926 2389 2113 2446 Martis

2220 2291 2391 2346 ταῦτα
2417 2285 2506 2345 οἷά
2529 2308 2693 2362 φησιν
2716 2293 2746 2346 δ
2775 2292 3016 2363 ἐλεγχος,
3042 2292 3227 2348 ἄκουε.

541 2490 720 2547 exitus
749 2491 1014 2563 intelligit.
1046 2492 1189 2565 Ergo
1220 2498 1677 2566 quemadmodum
1716 2498 1822 2553 hoc
1851 2495 2015 2551 etiam
2046 2490 2100 2545 in
2139 2483 2421 2542 oraculum
2449 2481 2764 2540 (Enomaus
2791 2483 3099 2549 invehatur,
3133 2487 3337 2558 accipe;

995 2588 1161 2658 κιρ
1199 2588 1435 2643 CAPUT
1482 2589 1648 2645 xxv.

822 2676 1143 2742 Responsum
1166 2678 1579 2735 Lacedaemoniis
1602 2681 1821 2736 editum.

618 2783 639 2819 ι
662 2766 731 2821 At
748 2768 1012 2837 ejusdem,
1039 2771 1274 2840 inquies,
1301 2772 1514 2827 consilii
1548 2770 1973 2827 Lacedaemoniis
2005 2785 2103 2826 au-

539 2866 745 2915 ctorem
782 2875 903 2915 esse
929 2876 1040 2916 non
1067 2862 1267 2917 decuit.
1303 2863 1486 2919 Recte.
1516 2863 1625 2919 Nec
1658 2865 1827 2926 enim,
1856 2863 2101 2934 improbe

540 2945 807 3015 sophista,
840 2963 1023 3015 noras,
1063 2950 1277 3005 idemne
1310 2950 1517 3022 Spartae
1569 2954 1713 3023 quod
1741 2953 1934 3008 Attica:
1965 2952 2110 3023 peri-

541 3040 722 3096 culum
771 3040 1099 3098 immineret.
1159 3042 1344 3115 Itaque
1408 3048 1688 3101 metuebas
1739 3062 1830 3111 ne,
1875 3061 1999 3102 cum
2040 3046 2109 3101 iis

2720 2576 3117 2631 ΚΕΦΑΛΑΙΟΝ
3150 2580 3276 2631 κε’.

2601 2667 2680 2721 Τὰ
2706 2668 2856 2735 πρὸς
2877 2668 3392 2738 Λακεδαιμονίους.

2282 2780 2302 2813 ι
2353 2760 2492 2814 Ἀλλ’
2522 2760 2585 2814 οὐ
2612 2760 2691 2813 δεῖ
2708 2760 3168 2832 Λακεδαιμονίοις,
3196 2763 3405 2832 φήσεις,
3424 2758 3614 2813 ταύτὸν
3640 2775 3780 2831 παρ-

2205 2857 2394 2910 αινεῖν.
2439 2852 2635 2925 Ἀλὴθῆ
2675 2853 2869 2921 λέγεις.
2902 2854 2977 2907 Οὐ
3001 2854 3111 2925 γὰρ
3140 2854 3427 2924 ἠπίστασο,
3459 2847 3502 2906 ὦ
3529 2852 3776 2921 πφιστά,

2214 2945 2263 2998 εί
2290 2945 2530 3015 χωρήσει
2564 2943 2631 2997 τὰ
2662 2943 2763 3013 τῆς
2792 2942 3052 3014 Σπάρτης
3073 2943 3261 3015 ὥσπερ
3283 2942 3353 2996 τὰ
3376 2943 3474 3013 τῆς
3511 2942 3780 3012 Ἀττικῆς.

2225 3033 2545 3098 Ἐδεδοίκεις
2570 3029 2664 3087 οὖν
2698 3034 2774 3105 μὴ
2808 3034 2872 3086 σὺ
2910 3033 3011 3103 μὲν
3040 3033 3302 3106 κελεύσῃς
3327 3035 3521 3098 αὐτοὺς
3543 3033 3782 3103 φεύγειν,

539 3128 720 3202 fugam
742 3133 1024 3199 suasisset,
1053 3133 1302 3205 fugerent
1322 3136 1396 3191 illi
1420 3137 1660 3207 quidem,
1674 3136 1854 3193 Persa:
1869 3151 1999 3191 vero
2012 3152 2101 3191 ne-

2216 3126 2451 3181 κᾶπειτα
2489 3127 2537 3181 οἱ
2585 3126 2683 3195 μὲν
2714 3124 2997 3193 φεύγοιεν,
3026 3126 3074 3177 οἱ
3105 3124 3162 3177 δὲ
3194 3125 3267 3198 μὴ
3300 3123 3593 3178 ἐπέλθοιεν.
3633 3123 3787 3177 Ἐπεὶ

540 3236 812 3292 quaquam
831 3223 1164 3294 ingruerent.
1189 3225 1253 3280 Et
1269 3229 1526 3297 quoniam
1550 3229 1984 3299 respondendum
2008 3228 2107 3282 ali-

540 3313 673 3383 quid
688 3323 824 3381 erat,
842 3314 947 3371 hoc
970 3318 1218 3386 responsi
1237 3328 1413 3374 tamen
1428 3318 1856 3376 Lacedaemoniis
1876 3320 2095 3376 dedisti:

543 3422 756 3501 I_V_abili_s
794 3441 825 3478 ο
856 3423 1062 3495 Sparte
1083 3430 1236 3501 ciues,
1260 3439 1349 3482 aut
1374 3430 1570 3501 inclyta
1592 3433 1735 3486 vobis

547 3491 684 3571 Urbs
710 3491 998 3571 Persarum
1020 3500 1183 3571 armis
1215 3491 1418 3567 penitus
1458 3491 1705 3555 subversa
1730 3503 1924 3571 jacebit
1946 3519 1967 3557 :

540 3564 651 3619 Aut
675 3566 722 3618 si
743 3566 922 3619 eadem
937 3568 1158 3636 steterit,
1188 3564 1376 3640 magno
1404 3588 1575 3641 regem
1601 3564 1827 3628 Hercule
1853 3583 2038 3627 natum

554 3699 757 3755 Tristia
792 3704 1085 3773 confectum
1111 3705 1359 3779 plangant
1386 3708 1780 3766 Lacedamonis
1822 3728 1970 3766 arva.

548 3852 636 3908 En
668 3855 867 3911 iterum
889 3857 956 3912 ab
981 3860 1128 3914 omni
1157 3860 1369 3918 ratione
1399 3863 1749 3923 divinationis
1782 3869 1955 3924 aliena
1985 3885 2112 3925 con-

546 3945 790 4015 iunctio;
813 3964 976 4015 quam
1005 3960 1182 4007 tamen
1214 3955 1533 4011 omittamus
1563 3958 1708 4022 licet,
1747 3976 1815 4015 ne
1841 3961 1887 4016 si
1918 3962 2105 4015 eadem

546 4037 646 4091 tibi
675 4038 742 4093 de
775 4055 835 4094 re
858 4041 1174 4098 insultatum
1208 4060 1236 4098 a
1256 4047 1410 4102 nobis
1439 4047 1622 4113 fuerit,
1649 4065 1755 4104 non
1790 4067 1981 4121 graves
2010 4051 2106 4106 tibi

545 4129 726 4183 solum
755 4146 819 4185 ac
845 4134 1078 4198 molesti,
1111 4135 1205 4189 sed
1232 4137 1392 4191 etiam
1423 4140 1637 4207 angusti
1663 4151 1992 4212 egentesque
2025 4143 2109 4196 vi-

542 4219 789 4279 deamur.
807 4222 1187 4293 Expendamus
1214 4243 1344 4298 ergo
1369 4230 1594 4299 reliqua.
1624 4229 1699 4286 Te
1727 4246 1919 4287 omnes
1939 4250 2108 4288 unum

544 4320 700 4368 tanto
735 4315 787 4369 in
819 4317 1060 4385 periculo
1087 4321 1438 4388 aspectabant
1465 4339 1478 4375 :
1508 4339 1676 4377 unum
1721 4335 1775 4380 et
1798 4324 2107 4382 futurorum

543 4402 914 4474 interpretem,
970 4416 1024 4461 et
1050 4425 1232 4464 rerum
1268 4412 1627 4481 gerendarum
1663 4426 1942 4472 auctorem
1977 4433 2110 4473 con-

2210 3212 2302 3272 οὗν
2331 3217 2438 3271 ἔδει
2463 3234 2516 3269 τι
2540 3216 2741 3284 λέγειν,
2772 3213 2945 3278 οὕτως
2972 3210 3131 3279 εἶπας
3162 3217 3275 3280 τοῖς
3303 3215 3780 3286 Λακεδαιμονίοις·

2221 3439 2400 3509 Ὑμῖν,
2429 3433 2477 3494 ὦ
2508 3439 2783 3506 Σπάρτης
2806 3437 2916 3509 (68)
2945 3439 3249 3508 οἰκήτορες
3273 3440 3639 3507 εὐρυχκροιο.

2214 3508 2285 3564 Ἦ
2309 3511 2460 3578 μέγα
2489 3510 2645 3563 ἄστυ
2677 3508 2948 3576 ἐρικυδὲς
2973 3510 3075 3563 ὑπ’
3104 3510 3355 3578 ἀνδράσι
3388 3508 3748 3576 Περσεΐδῃσι

2211 3579 2532 3648 Πέρσεων
2563 3581 2602 3648 ἦ
2631 3578 2697 3633 τὸ
2718 3579 2838 3648 μὲν
2867 3578 3026 3647 οὐχὶ,
3056 3582 3156 3650 ἀφ’
3198 3578 3504 3648 Ἡρακλέος

2210 3717 2504 3785 Her-0230‘s:
2547 3716 2824 3786 ,βασιλῆα
2860 3717 2970 3791 (69)
3005 3721 3294 3790 φθίμενον
3338 3716 3782 3791 Λακεδαίμονος

3482 3786 3702 3860 [οὖρος.

2212 3876 2380 3932 Πάλιν
2432 3878 2463 3930 ὁ
2533 3877 2997 3948 ἀμαντευτότατος
3059 3877 3384 3948 σύνδεσμος·
3448 3877 3562 3931 ἀλλ’
3600 3878 3780 3948 ἐῶμεν

2211 3969 2401 4031 αὐτὸν,
2431 3968 2503 4033 ὡς
2538 3969 2611 4041 μὴ
2631 4011 2646 4035 ,
2673 3969 2753 4033 δὶς
2780 3970 2906 4040 περὶ
2932 3968 3025 4022 τοῦ
3069 3970 3234 4023 αὐτοῦ
3260 3986 3342 4023 σοι
3378 3969 3777 4040 ἐπιπηδῶντες,

2211 4059 2466 4130 ἐπαχθεῖς
2493 4060 2608 4130 ἅμα
2638 4060 2729 4114 καὶ
2761 4059 2953 4132 ἄποροι
2980 4061 3226 4130 δοκῶμεν
3256 4058 3413 4114 εἶναι.
3437 4060 3516 4113 Ta
3542 4060 3598 4113 δὲ
3618 4059 3779 4114 λοιπὰ

2210 4150 2588 4222 ὲκσκοπῶμεν.
2626 4151 2720 4216 Et;
2769 4153 2825 4205 σὲ
2862 4153 2962 4223 μὲν
2995 4151 3302 4206 ἀπέϐλεπον
3328 4151 3564 4214 ἅπαντες
3591 4153 3648 4203 ὲν
3678 4167 3777 4219 τη-

2212 4245 2443 4315 λικούτῳ
2474 4246 2703 4315 κινδύνῳ
2722 4263 2734 4276 '
2778 4247 2841 4301 σὺ
2883 4246 2927 4299 δ’
2969 4247 3151 4312 αὐτοῖς
3197 4249 3291 4302 καὶ
3335 4247 3442 4301 τῶν
3483 4246 3779 4318 μελλόντων

2215 4339 2484 4411 μηνυτὴς,
2511 4340 2604 4393 καὶ
2628 4339 2736 4391 τῶν
2765 4340 3030 4411 ποιητέων
3056 4335 3197 4410 ἦσθα
3232 4339 3548 4410 σύμϐουλος.
3576 4338 3683 4392 Καὶ
3717 4338 3777 4391 σὲ

2217 4432 2314 4503 μὲν
2345 4432 2540 4485 ἐκεῖνοι
2584 4431 2803 4495 πιστὸν,
2854 4432 2918 4484 σὺ
2954 4432 2999 4485 δ’
3035 4433 3232 4495 αὐτοὺς
3260 4430 3515 4484 ὲπέπεισο
3542 4430 3777 4499 ἠλιθίους

543 4496 816 4551 solebant.
853 4499 920 4552 At
950 4502 1230 4569 nimirum,
1277 4520 1400 4558 cum
1430 4505 1502 4558 illi
1544 4516 1595 4561 te
1620 4508 1725 4563 fide
1760 4512 2001 4564 maxime
2024 4510 2107 4564 di-

2211 4490 2382 4574 εῐναι·
2417 4519 2513 4572 καὶ
2555 4520 2585 4572 ὁ
2622 4490 2903 4581 καθεστὼς
2945 4518 3136 4586 καιρὸς
3164 4490 3244 4572 ὅτι
3292 4517 3471 4581 ἱκανὸς
3503 4490 3577 4586 ἦν’
3601 4490 3774 4584 ἄγειν,

543 4602 712 4656 gnum
748 4597 1026 4658 putarent,
1058 4602 1173 4647 tum
1206 4609 1302 4649 eos
1334 4604 1393 4649 tu
1418 4596 1614 4653 bardos
1651 4615 1843 4656 omnes
1863 4617 1927 4657 ac
1957 4603 2109 4658 stoli-

545 4676 650 4732 dos
687 4691 809 4733 esse
858 4678 1239 4750 intelligehas;
1289 4685 1532 4754 adeoque
1582 4696 1781 4742 statum
1839 4689 2105 4758 ejusmodi

542 4781 730 4821 rerum
781 4783 924 4835 esse,
960 4785 1069 4839 quo
1106 4771 1362 4841 perfacile
1390 4792 1498 4831 non
1533 4777 1586 4831 in
1627 4777 1912 4847 Delphicas
1946 4782 2109 4838 modo

543 4858 626 4911 vel
658 4858 955 4915 Dodonmas
1004 4864 1338 4932 argutiarum
1381 4879 1437 4922 et
1475 4870 1787 4937 captionum
1842 4871 2104 4939 ofﬁcinas,

543 4963 733 5004 verum
769 4950 928 5005 etiam
983 4952 1035 5006 in
1068 4956 1315 5024 auguria,
1350 4957 1405 5012 in
1438 4958 1802 5013 divinationes
1831 4976 1927 5029 per
1972 4960 2107 5016 fari-

544 5053 671 5094 nam
689 5055 999 5110 exprcssas,
1036 5051 1089 5097 et
1119 5044 1174 5098 in
1196 5060 1408 5108 eorum,
1443 5047 1533 5115 qui
1563 5047 1888 5117 ventriloqui
1929 5050 2106 5103 nomi-

545 5139 749 5183 nantur
784 5130 1039 5200 ineptias,
1070 5134 1374 5205 praecipites
1407 5137 1492 5204 agi
1535 5137 1784 5192 homines
1818 5139 2106 5208 improvidi

543 5218 802 5287 stultique
832 5229 1074 5289 possent.
1108 5220 1314 5293 Quippe
1345 5240 1451 5279 non
1475 5225 1547 5278 dii
1579 5227 1739 5279 modo
1764 5242 1858 5296 per
1892 5229 1944 5283 id
1975 5237 2108 5284 tem-

541 5325 666 5380 pus,
698 5311 793 5366 sed
818 5313 979 5367 etiam
1003 5313 1156 5378 feles,
1177 5315 1443 5381 cornices,
1463 5331 1725 5385 vanazque
1744 5320 1878 5375 adeo
1903 5321 2107 5377 insom-

542 5400 761 5455 niorum
787 5402 1053 5473 imagines
1087 5404 1245 5459 ﬁdem
1290 5405 1599 5475 impetrant.
1628 5405 1811 5478 Neque
1845 5426 1973 5466 vero
2007 5415 2106 5468 oh-

615 5524 751 5588 ﬁfrp.
780 5511 1053 5582 γινώσκει.

613 5603 726 5685 (£8)
775 5605 952 5673 Ὑμῖν,
1066 5609 1357 5685 ξπᾴρτης.
1384 5609 1638 5685 Herodot.
1663 5613 1755 5685 lib.
1779 5630 1874 5680 vn,
1901 5631 1954 5685 p.
1978 5617 2100 5672 520.

542 5669 793 5753 Spartam
827 5669 1003 5753 vocat
1042 5669 1361 5753 εὑρρᾗορὸν,
1393 5697 1422 5734 a
1462 5683 1705 5753 regionis
1732 5669 1925 5753 potiusr
1941 5669 2102 5753 quam

540 5742 693 5798 urbis
726 5742 1254 5815 amplitudineCFu'it'
1281 5752 1424 5807 enim
1459 5742 1922 5812 Laconica'totius
1947 5742 2102 5814 i'elo-

2208 4611 2303 4665 xal.
2323 4608 2665 4681 τραχηλίζειν
2686 4610 2810 4672 τοὺς
2831 4609 3154 4681 ἀϐελτέρους
3178 4611 3238 4663 οὐ
3268 4610 3424 4680 μόνον
3444 4610 3523 4671 είς
3543 4607 3778 4677 Δελφικὰ

2209 4701 2302 4754 καὶ
2332 4700 2619 4754 Δωδωναῖα
2652 4702 2994 4772 σοφιστήρια,
3027 4701 3141 4755 ἀλλ’
3171 4701 3270 4774 ἤδη
3306 4702 3398 4755 καὶ
3426 4703 3516 4755 ἐπὶ
3544 4701 3611 4755 τὰ
3639 4701 3779 4772 ὀρνι-

2209 4791 2497 4863 θομαντεῖα
2517 4830 2532 4854 ,
2572 4791 2666 4845 καὶ
2710 4791 3164 4864 ἀλευρομαντεῖα,
3200 4794 3294 4847 καὶ
3326 4793 3451 4855 τοὺς
3480 4793 3775 4862 ἐγγαστρι-

2211 4883 2428 4955 μύθους.
2472 4883 2659 4935 Πιστοὶ
2692 4883 2747 4935 δὲ
2774 4885 2835 4937 ού
2869 4884 3026 4954 μόνον
3056 4885 3103 4936 οί
3137 4883 3249 4936 θεοὶ
3295 4884 3624 4952 τηνικαῦτα,
3660 4881 3772 4935 ἀλλ’

2207 4973 2307 5045 ἥδη
2335 4973 2431 5027 καὶ
2459 4975 2516 5026 al
2552 4972 2736 5042 γαλαῖ,
2772 4974 2865 5027 καὶ
2895 4974 2950 5026 αἱ
2981 4973 3244 5044 κορῶναι,
3280 4974 3374 5026 καὶ
3406 4972 3471 5025 τὰ
3503 4970 3773 5027 καθύπνια

2172 5096 2179 5101 -
2207 5064 2695 5135 παραπταίσματα.
2737 5063 2942 5117 Οῠκουν
2971 5063 3196 5133 ἄδηλον,
3243 5062 3325 5114 ὅτι
3365 5061 3474 5113 οὔτ’
3500 5062 3563 5114 ἂν
3598 5061 3776 5130 ἀμφό-

2205 5173 2339 5228 τερα
2372 5156 2566 5225 μᾶλλον
2598 5155 2862 5219 ἐδέξαντο,
2891 5154 2924 5225 ἢ
2955 5155 3015 5207 τὸ
3043 5154 3246 5226 ἕτερον,
3276 5152 3384 5206 οὔτ’
3410 5153 3475 5207 ἂν
3504 5154 3563 5206 τὸ
3592 5153 3772 5223 μεῖζον

2206 5252 2327 5303 em
2370 5247 2461 5301 τοῦ
2498 5248 2738 5318 μείονος·
2779 5251 2929 5319 μεῖον
2975 5247 3031 5299 δὲ
3080 5242 3219 5299 εἶναι
3260 5247 3355 5300 ἕνα
3392 5247 3513 5299 ἀντὶ
3560 5246 3773 5299 πάντων

2208 5345 2392 5397 πεσεῖν
2415 5344 2505 5396 τὸν
2533 5342 2769 5412 βασιλέα.
2800 5340 2954 5395 Μετὰ
2976 5340 3074 5412 μὲν
3102 5339 3166 5410 δὴ
3188 5340 3285 5409 τῆς
3315 5339 3521 5403 πόλεως
3546 5338 3773 5392 πιπτού-

2208 5450 2328 5504 σης,
2361 5430 2585 5503 οὐδεμία
2630 5432 2741 5485 οὐδ’
2781 5430 2930 5500 αὐτῷ
2957 5430 3210 5500 ἀποφυγή
3232 5447 3246 5461 ο
3281 5433 3329 5483 εί
3369 5430 3415 5482 δ’
3448 5430 3608 5492 αὐτὸς
3639 5428 3774 5501 ἄλλῃ

2206 5630 2433 5699 ponnesi
2464 5627 2836 5700 magnitudine
2864 5642 2929 5700 ac
2957 5629 3232 5686 nobilitate
3260 5629 3534 5700 princeps.

2281 5700 2391 5771 (69)
2428 5697 2722 5770 Βασιλῆα.
2764 5697 3081 5757 Leonidam.
3200 5701 3207 5707 ’
