4162 6418
339 348 445 403 577

1540 354 1863 414 ΡΒᾸΣΡΑΠ.
1906 357 2157 415 EVANG'.
2215 358 2341 414 LIB.
2383 357 2448 416 V7.

3476 358 3583 414 578

340 482 416 534 πη
452 462 711 530 τάττοιτο,
742 465 879 536 τάχα
912 465 977 521 ἄν
1005 484 1058 520 τι
1092 467 1185 522 καὶ
1215 467 1515 542 παράδοξον
1546 473 1769 539 γένοιτο.
1790 472 1912 524 Λεί-

2011 488 2230 528 scurum
2263 482 2400 536 erat,
2432 487 2527 529 eos
2553 486 2654 528 nec
2690 481 2980 542 utrumque
3012 470 3195 541 potius
3221 485 3384 540 quam
3419 471 3584 526 alter-

338 572 502 608 πεται
528 555 591 627 δὴ
626 557 751 620 τοὺς
782 556 953 610 ταῦτα
982 557 1385 629 λογιζομένους,
1409 559 1500 614 τὸν
1547 561 1646 630 μὲν
1691 560 1916 630 βασιλέα

341 646 556 716 πέμψαι
590 649 1128 719 προσπολεμήσοντα,
1160 650 1355 713 αὐτοὺς
1381 650 1459 714 δὲ,
1484 650 1623 704 οἴκοι
1657 652 1917 722 μένοντας

340 738 446 804 ἔξω
490 738 773 802 κινδύνων,
806 740 1147 810 καραδοκεῖν.
1202 741 1291 811 Τῷ
1332 742 1429 811 μὲν
1459 738 1552 795 οὖν
1588 745 1704 812 μετ’
1740 744 1917 813 ὀλίγον

340 830 566 900 ἐναντίῳ
600 831 870 901 ἱσταμένῳ
915 830 1049 901 πρὸς
1101 831 1191 884 τὸν
1237 832 1462 903 ἄπειρον
1504 833 1657 903 ὄχλον
1702 834 1921 906 ὄλεθρος

340 922 623 992 προφανής
645 938 657 951 ·
696 923 729 991 ἡ
755 922 811 974 δὲ
842 922 1063 992 Σπάρτη
1101 923 1296 992 ἀνοχὰς
1322 920 1434 996 εἶχε
1474 924 1567 976 τοῦ
1598 925 1762 994 φόϐου
1782 968 1796 989 ,
1828 927 1921 980 καὶ

341 1012 675 1082 παραδόξους
702 1012 941 1078 ἐλπίδας.
972 1015 1153 1085 Μηδὲν
1184 1016 1240 1067 δὲ
1271 1012 1431 1088 ἦττον
1466 1015 1752 1087 ἀφὼρατον
1780 1012 1919 1071 εἶναι

339 1104 401 1158 τὸ
432 1105 669 1175 σόφισμα
688 1145 703 1167 ,
752 1106 846 1159 καὶ
890 1106 1255 1178 διαφυγούσης
1276 1148 1290 1172 ,
1323 1110 1418 1161 καὶ
1450 1109 1706 1180 ἁλούσης.
1734 1110 1797 1162 Τί
1823 1109 1919 1182 δή-

340 1213 468 1248 ποτε
489 1212 503 1259 ;
531 1197 647 1248 Ὅτι
668 1198 767 1250 οὐκ
792 1198 998 1269 εἴρητο,
1028 1200 1103 1269 μά
1126 1202 1242 1263 Δία,
1263 1202 1310 1253 εί
1326 1203 1353 1254 ὁ
1377 1202 1628 1271 βασιλεὺς
1650 1204 1914 1277 ἀποθάνῃ,

339 1290 371 1357 η
405 1286 557 1351 πόλις
581 1287 904 1358 σωθήσεται,
940 1291 1053 1343 ἀλλ’
1083 1293 1185 1355 ὅτι,
1219 1291 1251 1362 ἢ
1289 1292 1451 1362 μόνος
1488 1278 1787 1357 ἀπολεῖται,
1816 1295 1849 1365 ἢ
1881 1297 1915 1365 ἡ

344 1379 607 1450 σύμπασα
637 1380 790 1444 πόλις
813 1399 826 1412 ο
862 1382 1020 1436 τοῦτο
1048 1383 1103 1436 δὲ
1136 1386 1194 1437 ὲν
1218 1386 1467 1456 ἐκατέρῳ
1498 1385 1805 1450 ἀνεύθυνον,
1823 1386 1918 1440 καὶ

342 1469 503 1540 μόνου
554 1470 719 1524 αὐτοῦ
750 1472 1141 1542 ἀπολουμένου,
1176 1473 1271 1526 καὶ
1315 1474 1387 1544 μὴ
1434 1474 1617 1544 μόνου.
1657 1469 1824 1539 Οὗτος
1849 1474 1907 1527 δὲ

338 1560 507 1629 τύφου
557 1562 652 1615 καὶ
696 1562 1006 1634 ἀφροσύνης
1058 1563 1287 1634 καρπός.
1323 1584 1342 1617 ι
1381 1564 1540 1618 Ἀλλά
1599 1564 1777 1617 ταῦτα·
1814 1566 1914 1634 μὲν

335 1654 554 1706 ταυτία.
591 1654 704 1706 Οὐκ
736 1654 883 1718 ἀξιον
917 1655 972 1709 δὲ
1008 1654 1295 1726 παρελθεῖν
1338 1656 1433 1708 καὶ
1486 1656 1627 1726 ειπερ
1672 1655 1909 1719 Κνιδίοις

337 1744 535 1817 ἔχρησε
568 1746 729 1800 πάλιν
774 1746 1120 1817 εὐχομένοις,
1173 1747 1268 1799 καὶ
1309 1747 1408 1818 τὴν
1453 1747 1605 1818 παρά
1650 1746 1746 1799 τοῦ
1793 1746 1917 1799 θεοῦ

337 1841 656 1910 συμμαχίαν
681 1839 943 1895 αἰτοῦσιν.

2020 572 2226 628 utrum,
2275 580 2376 619 nec
2414 580 2527 634 pro.
2572 565 2760 620 leviori
2817 565 3035 633 gravius
3085 563 3361 617 subituros
3411 577 3583 629 esse;

2018 655 2293 725 simulque
2326 656 2501 711 levius
2528 656 2633 711 hoc
2652 657 2870 710 demum
2902 654 3038 720 fore,
3071 654 3115 709 si
3149 668 3243 707 rex
3280 668 3378 723 pro
3408 653 3587 708 omni-

2019 746 2123 801 bus
2165 763 2308 802 unus
2335 747 2600 803 interiret.
2631 746 2749 803 Jam
2774 762 2903 801 vero
2925 746 2978 800 id
3012 746 3173 799 etiam
3204 743 3360 800 facile
3389 761 3587 801 occur-

2019 838 2211 901 rebat;
2249 838 2303 891 in
2344 840 2623 892 communi
2670 839 2836 893 totius
2878 838 3026 891 urbis
3053 837 3288 900 excidio,
3328 836 3586 906 effugium

2020 927 2133 997 regi
2180 934 2367 995 patere
2395 928 2639 995 nullum;
2676 929 2815 983 idem
2866 937 3043 982 autem
3100 928 3146 981 si
3193 927 3301 981 alio
3329 927 3587 996 quopiam

2020 1019 2427 1085 amandaretur,
2456 1020 2658 1089 aliquid
2688 1020 2829 1075 forte
2861 1031 3054 1089 prater
3086 1020 3398 1089 Opinionem
3422 1032 3588 1071 evene-

2015 1119 2221 1165 turum.
2265 1108 2555 1180 Reliquum
2588 1111 2753 1181 igitur
2780 1120 2885 1175 est,
2921 1121 2984 1166 ut
3022 1126 3224 1180 regem,
3267 1110 3381 1164 hac
3408 1122 3589 1163 secum

2013 1201 2116 1270 ipsi
2150 1209 2484 1270 reputantes,
2512 1202 2576 1255 ad
2606 1202 2805 1256 bellum
2838 1201 3132 1272 gerendum
3151 1200 3421 1264 emittant,
3445 1199 3595 1256 domi

2014 1308 2145 1346 vero
2168 1293 2371 1347 interea
2403 1295 2724 1360 residentes,
2761 1294 2950 1364 procul
2976 1311 3006 1349 a
3028 1292 3362 1357 discrimine,
3389 1291 3466 1346 rei
3510 1301 3594 1345 to-

2015 1385 2124 1440 tius
2157 1386 2361 1439 exitum
2409 1387 2743 1455 operiantur.
2782 1384 2913 1457 Regi
2958 1401 3123 1455 porro
3171 1383 3435 1438 inﬁnitam
3488 1383 3591 1437 ho-

2016 1476 2180 1529 stium
2214 1476 2617 1530 multitudinem
2664 1477 2828 1545 paulo
2866 1487 2989 1546 post
3030 1475 3344 1545 excipienti,
3382 1481 3592 1528 certum

2016 1565 2299 1623 interitum
2333 1566 2642 1631 imminere,
2672 1582 2836 1621 nemo
2864 1582 2973 1621 non
2997 1567 3237 1632 videbat,
3271 1582 3395 1620 cum
3430 1565 3590 1618 indu-

2022 1657 2122 1711 ciis
2149 1657 2477 1726 quibusdam
2504 1657 2721 1711 interim
2748 1658 2817 1711 ab
2834 1658 2989 1712 omni
3010 1668 3157 1712 metu
3179 1657 3366 1737 vacuis
3397 1654 3590 1725 Sparta

2019 1745 2313 1811 frueretur,
2349 1762 2577 1816 seseque
2624 1749 2891 1817 inopinati
2932 1749 3216 1818 cujusdam
3244 1755 3469 1803 eventus
3500 1761 3596 1816 spe

1944 1834 2364 1892 Iisustentaret.
2392 1838 2556 1910 220
2588 1838 2882 1893 Enimvero
2911 1853 3007 1894 seu
3051 1839 3238 1894 eadem
3286 1847 3575 1909 caperetur

340 1945 437 1984 seu
511 1946 708 1985 manus
765 1931 1001 1985 hostium
1060 1930 1350 1998 effugeret,
1404 1937 1598 1984 tectam
1642 1944 1866 1984 manere
1919 1928 2282 1984 cavillationis
2325 1928 2592 1983 fraudem.
2646 1931 2756 1985 Cur
2804 1931 3026 1986 autem?
3068 1930 3177 1987 Nec
3199 1931 3341 1985 enim
3369 1932 3600 1995 salvam.

337 2017 589 2085 Hercule,
616 2022 660 2076 si
699 2037 791 2075 rex
826 2022 1045 2090 periret,
1080 2022 1351 2075 civitatem
1392 2019 1632 2075 futuram
1699 2021 1930 2082 dixerat,
2002 2020 2098 2075 sed
2165 2029 2398 2087 tantum,
2431 2032 2526 2076 aut
2566 2018 2766 2092 Regem
2806 2039 3007 2090 unum,
3048 2033 3140 2079 aut
3170 2025 3439 2079 civitatem
3472 2024 3597 2079 uni-

336 2129 550 2169 versam
579 2128 700 2168 esse
732 2115 1050 2182 perituram.
1084 2112 1237 2179 Quod
1269 2128 1401 2168 sane
1427 2112 1653 2177 dictum,
1689 2113 1898 2166 utrovis
1929 2111 2098 2176 exitu,
2128 2112 2243 2167 sive
2276 2113 2426 2167 solus
2486 2114 2605 2183 ipse
2652 2116 2872 2182 periret,
2906 2116 3020 2169 sive
3063 2132 3194 2180 non,
3248 2115 3349 2171 sibi
3381 2130 3594 2184 semper

338 2214 635 2261 constaret.
662 2204 842 2271 Atque
866 2204 957 2258 hie
1013 2205 1234 2259 demum
1295 2211 1380 2257 est
1432 2203 1694 2258 vanitatis
1756 2200 2106 2270 stultitiaque
2166 2202 2398 2258 fructus.
2437 2220 2458 2254 ι
2499 2208 2569 2257 At
2599 2204 2667 2259 de
2694 2203 3119 2260 Lacedaemoniis
3160 2207 3442 2262 hactenus.
3472 2204 3595 2261 Jam

339 2297 470 2366 quid
516 2294 734 2350 tandem
776 2294 892 2363 ipse
934 2291 1143 2347 Cnidiis
1173 2306 1331 2360 opem
1361 2306 1581 2362 quoque
1643 2305 1799 2345 suam
1859 2290 2277 2361 implorantibus
2334 2293 2587 2364 responsi
2654 2294 2886 2363 dederit,
2943 2311 3053 2351 non
3082 2297 3180 2353 abs
3215 2313 3272 2353 re
3303 2296 3469 2354 fuerit
3506 2305 3595 2353 at-

341 2397 542 2444 texere.

829 2477 1226 2531 ΚΕΦΑΛᾹῙΟΝ
1262 2479 1407 2545 Kq'.

848 2569 917 2621 Τὸ
946 2569 1092 2622 αὐτὸ
1126 2569 1404 2636 Κνιδίοις.

413 2680 433 2713 ι
463 2647 701 2714 Ἐπαθον
722 2658 779 2712 δὲ
811 2660 903 2712 καὶ
922 2661 971 2712 οἱ
996 2650 1199 2713 Κνίδιοι
1228 2659 1340 2730 (70)
1356 2659 1529 2731 τούτῳ
1560 2648 1903 2733 προσεοικὸς,

348 2749 624 2823 ’Δρπάγου
660 2748 770 2820 (71)
815 2750 902 2802 ἐπ’
936 2750 1134 2813 αὐτοὺς
1177 2750 1625 2822 στρατεύσαντος.
1666 2750 1770 2804 Τὸν
1802 2750 1913 2823 γὰρ

346 2842 558 2913 Ἰσθμὸν
608 2840 700 2895 τὸν
740 2840 926 2894 αὐτόθι
975 2841 1286 2895 διακόπτειν
1339 2841 1779 2913 ἐπιχειροῦντες,
1823 2843 1919 2896 καὶ

333 2932 432 3004 τὴν
458 2932 609 2986 πόλιν
631 2934 959 3003 νησοποιείν,
980 2931 1049 2984 τὰ
1081 2932 1182 3002 μὲν
1210 2931 1401 3003 πρῶτα
1423 2933 1521 2986 τοῦ
1555 2933 1717 3006 ἔργου
1744 2933 1917 3007 εἴχον-

331 3042 426 3090 το,
453 3023 576 3077 ἐπεὶ
596 3024 652 3077 δὲ
679 3025 863 3087 αὐτοῖς
880 3025 907 3063 b
936 3024 1153 3094 ἀπήντα
1194 3026 1226 3092 ἡ
1261 3025 1512 3095 ἐργασία,
1547 3023 1918 3094 ἀπαγορεύον-

331 3133 424 3180 τες
448 3115 546 3187 ῆδη
569 3114 823 3208 ἐχρῶντο.
850 3116 920 3168 Σὺ
945 3114 1000 3167 δὲ
1027 3115 1209 3178 αὐτοῖς
1228 3111 1390 3179 εἶπας
1408 3114 1773 3208 ’ᾃἸσθμόν-μὴ
1796 3116 1910 3208 (η)
1936 3149 1980 3208 C

334 3209 654 3278 πυργοῦτε,
672 3205 810 3277 μηδ’
841 3208 1165 3275 ὀρύσσετε·
1200 3208 1351 3274 Ζεὺς
1368 3206 1478 3276 γάρ
1505 3207 1558 3261 κ’
1588 3207 1768 3275 ἔθηκε
1802 3205 1913 3277 νῆ-

333 3311 472 3363 σον,
501 3297 566 3351 αῖ
588 3297 641 3349 κ’
666 3297 964 3350 ἐϐούλετοο
998 3296 1093 3350 καὶ
1123 3297 1172 3349 οἱ
1197 3296 1394 3367 βλάκες
1432 3295 1785 3368 ἐπείσθησαν,
1820 3296 1914 3350 καὶ

335 3389 777 3462 ἀποτραπόμενοι
803 3389 1125 3460 παρέδωκαν
1166 3390 1390 3452 ἑαυτοὺς
1413 3387 1491 3458 τῷ
1531 3388 1809 3460 Ἁρπάγῳ.
1839 3389 1913 3442 Τὸ

334 3482 394 3541 δὲ
424 3481 833 3554 ῥᾳδιούργημαί
862 3480 1013 3534 Ἐπεὶ
1043 3481 1153 3552 γὰρ
1176 3480 1276 3533 οὐκ
1305 3475 1373 3551 ἦν
1404 3480 1624 3551 βέϐαιος
1656 3481 1912 3553 ἀποφυγὴ

334 3571 583 3645 δρύξασι,
613 3571 801 3625 τούτου
832 3571 931 3641 μὲν
953 3570 1225 3635 ἔπαυσας·
1256 3571 1330 3634 ὡς
1353 3571 1411 3624 δὲ
1442 3571 1517 3643 μὴ
1559 3571 1794 3626 κελεύων
1823 3572 1914 3643 ἔρ-

333 3681 433 3734 γου
462 3662 716 3735 ἔχεσθαι,
745 3660 1053 3732 ἐπαγγέλλῃ
1097 3661 1196 3732 τὴν
1226 3660 1535 3732 ἀποφυγήν,
1562 3661 1736 3730 τούτῳ
1765 3660 1822 3713 δὲ
1848 3660 1909 3712 οὐ

334 3755 396 3810 τὸ
439 3754 598 3808 λώϊον
625 3750 762 3806 εἶναι
813 3754 886 3825 μὴ
926 3752 1153 3824 ὀρύξασι
1186 3752 1556 3824 προσενιςίθεις⁸
1585 3752 1698 3806 ἀλλ’
1731 3753 1812 3805 ὅτι
1848 3754 1910 3805 οὐ

333 3846 483 3899 δοκεῖ
512 3844 591 3915 τῷ
620 3845 703 3897 Διὶ
729 3844 889 3914 νῆσον
920 3844 1088 3914 αὐτὴν
1120 3837 1278 3896 εῖναι.
1319 3843 1404 3896 Ἐν
1440 3843 1535 3914 μὲν
1566 3838 1659 3897 οὖν
1680 3845 1746 3915 τῇ
1776 3844 1913 3896 ἀπο-

333 3938 509 4008 τροπῇ
545 3934 830 4005 ἀμφότερα
880 3933 1173 4005 ίσόῤῥοπα,
1222 3933 1281 3986 ὲν
1312 3932 1368 3985 δὲ
1412 3935 1478 4004 τῇ
1526 3936 1806 4005 προτροπῇ
1850 3935 1910 3988 τὸ

333 4026 722 4095 διαφεύξασθαι
757 4028 1026 4097 προεῖχεν.
1059 4018 1134 4078 Οὐ
1169 4024 1231 4097 δὴ
1274 4025 1514 4094 ἀσφαλὲς
1551 4021 1620 4097 ἦν
1650 4024 1728 4096 τῷ
1762 4043 1911 4095 σοφι-

336 4121 436 4193 στῇ
472 4118 533 4170 τὺ
562 4114 908 4187 ἀνατρέπειν.
942 4112 1129 4177 Οὕτως
1157 4131 1215 4166 τε
1245 4114 1397 4167 οὐδὲν
1426 4115 1615 4178 εἰπὼν,
1643 4108 1718 4201 ὧν
1746 4114 1911 4169 ἕνεκα

332 4205 473 4285 ἦσαν
505 4207 818 4278 ἀφιγμένοι,
836 4205 1163 4275 ἀπέπεμψας
1185 4204 1460 4275 οἰομένους
1481 4198 1774 4276 ἀκηκοέναι
1796 4222 1868 4257 τι.
1883 4224 1903 4256 ›

335 4303 520 4358 Ταῦτα
552 4302 609 4355 δὲ
640 4299 877 4371 ἡγοῦμαι
908 4299 969 4351 τὸ
1011 4297 1242 4370 ἀδρανὲς
1282 4296 1391 4350 τῶν
1432 4314 1492 4350 τε
1525 4296 1779 4369 χρὼντων
1814 4299 1909 4352 καὶ

335 4396 445 4458 τῶν
469 4395 765 4467 χρωμένων
795 4391 1117 4462 ἀπελέγχειν
1151 4389 1466 4461 αὐτάρκως,
1502 4392 1596 4443 καὶ
1626 4391 1708 4443 ὅτι
1744 4390 1908 4463 μηδὲν

2565 2476 2798 2534 C-APUT
2844 2477 3033 2534 XXVI.

2368 2567 2690 2643 Responsum
2748 2571 2955 2627 Cnidiis
3000 2572 3219 2626 editum.

2086 2678 2106 2712 ι
2143 2658 2252 2717 Nec
2267 2676 2398 2718 sane
2415 2663 2698 2719 dissimilis
2716 2662 2914 2735 (inquit
2933 2664 3040 2733 ille)
3065 2663 3404 2728 Cnidiorum,
3437 2660 3572 2717 Har-

2017 2764 2161 2820 pago
2193 2751 2460 2808 adversus
2513 2767 2609 2808 eos
2662 2763 2938 2819 movente,
2974 2752 3193 2806 fortuna
3243 2751 3595 2821 conditioque

2020 2840 2429 2898 fuit.lsthmum
2459 2844 2609 2898 enim
2644 2843 2822 2908 illum,
2857 2843 2953 2913 qui
2988 2851 3102 2897 tum
3135 2842 3269 2897 inibi
3301 2851 3452 2909 erat,
3496 2843 3596 2896 tol-

2015 2931 2127 2987 lere
2156 2947 2222 2988 ac
2259 2934 2596 2999 rescindere,
2648 2942 2812 3005 atque
2864 2935 3056 2989 urbem
3107 2933 3343 2987 insulam
3382 2931 3594 2987 efﬁcere

2015 3022 2281 3093 aggressi,
2316 3022 2408 3078 ubi
2442 3039 2556 3077 rem
2588 3023 2771 3079 fausto
2798 3024 2924 3079 licet
2958 3024 3144 3086 initio,
3173 3023 3356 3078 minus
3400 3032 3593 3092 postea

2014 3113 2281 3168 vidissent
2303 3129 2370 3169 ex
2400 3122 2529 3169 voto
2561 3116 2774 3181 cedere,
2826 3114 3056 3185 abjeetis
3104 3114 3321 3169 demum
3370 3114 3590 3181 anlmis,

2012 3205 2293 3259 oraculum
2323 3206 2666 3261 consuluere.
2700 3204 2781 3260 Tu
2807 3219 2937 3259 vero
2959 3205 3025 3259 ad
3044 3220 3173 3261 eos:
3208 3202 3467 3258 Isthmum
3493 3221 3593 3259 neu

2014 3296 2229 3361 munita,
2255 3312 2355 3351 neu
2377 3298 2626 3367 suﬂ'odite
2648 3314 2668 3353 :
2690 3297 2902 3368 Jupiter
2931 3299 3090 3363 enim,
3117 3298 3163 3351 si
3191 3297 3438 3352 voluisset
3456 3338 3471 3363 ,
3506 3298 3594 3350 in-

2010 3388 2188 3443 sulam
2233 3389 2457 3457 fecisset.
2505 3388 2627 3443 Tibi
2659 3404 2825 3460 porro
2861 3389 3121 3443 vecordes
3169 3404 3234 3443 ac
3275 3388 3458 3443 stolidi
3500 3389 3595 3443 ho-

2022 3481 2199 3535 mines
2222 3481 2381 3536 fidem
2409 3481 2668 3547 habuere,
2701 3496 2930 3551 seseque
2967 3480 3241 3551 H'arpago,
3275 3496 3305 3534 a
3330 3489 3587 3549 suscepto

2011 3570 2259 3625 deterriti
2287 3571 2540 3637 consilio,
2571 3571 2847 3627 dedidere.
2870 3570 3015 3627 Istuc
3037 3581 3219 3627 autem
3253 3587 3417 3642 quam
3450 3582 3595 3629 vete-

2010 3660 2258 3716 ratorie!
2295 3660 2430 3716 Nam
2468 3662 2636 3733 quod,
2692 3678 2762 3717 ne
2808 3663 3043 3719 suffosso
3087 3663 3306 3735 quidem
3360 3663 3590 3732 Isthmo,

2011 3761 2220 3809 certum
2272 3768 2368 3809 eos
2412 3763 2690 3824 receptum
2730 3750 3015 3811 habituros
3069 3757 3288 3820 videas,
3337 3754 3591 3811 affectum

2011 3859 2150 3913 opus
2175 3844 2428 3901 inhibes:
2479 3846 2734 3916 idemque
2769 3847 2955 3913 simul,
3007 3855 3194 3917 utpote
3231 3862 3581 3918 nequaquam

2010 3935 2130 4004 ejus
2175 3935 2494 3991 instituendi
2537 3947 2749 4004 auctor,
2803 3937 3093 4008 effugiendi
3130 3935 3294 4008 spem
3346 3940 3590 3996 ostendis
3694 3932 3697 3935 ’

2010 4028 2283 4098 aliquam.
2307 4026 2495 4099 Neque
2526 4036 2740 4093 tamen,
2789 4031 2837 4085 si
2871 4046 2902 4085 a
2934 4030 3276 4085 suifodiendo
3302 4030 3586 4086 abstinue-

2008 4119 2141 4183 rint,
2172 4120 2432 4175 latiorem
2456 4121 2662 4175 exitum
2692 4123 2968 4191 polliceris
3001 4139 3015 4174 :
3056 4123 3158 4177 hoc
3185 4136 3353 4176 unum
3401 4122 3586 4190 all‘ers,

2007 4210 2126 4267 «ιονὶ
2152 4212 2339 4267 urbem
2395 4213 2631 4267 insulam
2672 4212 2788 4267 lieri
2827 4227 2936 4267 non
2969 4213 3205 4282 placere.
3245 4210 3582 4269 Occurrebat

2006 4302 2286 4368 nimirum,
2317 4302 2364 4357 si
2381 4302 2751 4367 dehortarere,
2773 4316 2957 4371 parem
2980 4303 3036 4355 in
3063 4311 3353 4371 utramque
3380 4310 3587 4372 partem

2007 4393 2258 4463 responsi
2290 4394 2433 4460 vim;
2483 4393 2567 4448 sin
2601 4402 2783 4449 autem
2823 4394 3122 4459 hortarere,
3152 4407 3467 4463 expressam
3504 4394 3590 4447 ni-

335 4486 532 4557 ἀληθὲς
555 4496 577 4523 ο
611 4483 789 4538 ἔνθεον
842 4482 986 4541 ἐστιν
1020 4483 1199 4552 εὑρεῖν
1228 4484 1285 4535 έν
1317 4484 1428 4545 τοῖς
1455 4481 1818 4551 δηλουμένοις.
1840 4481 1913 4536 Τὸ

2016 4485 2185 4539 mium
2246 4492 2624 4541 consecutura
2670 4484 2865 4540 salutis
2930 4484 3388 4556 signiﬁcationem
3433 4485 3590 4539 futu-

334 4576 392 4629 δὲ
411 4575 747 4646 κακότροπον
765 4573 857 4626 τοῦ
884 4572 1045 4644 ἤθους
1078 4571 1190 4625 εἴτε
1211 4570 1317 4624 τῶν
1342 4571 1593 4642 πονηρῶν
1616 4570 1907 4642 δαιμόνων,

337 4667 446 4721 εῐτε
473 4665 579 4731 τῶν
606 4666 673 4719 τὰ
707 4667 931 4736 μαντεῖα
961 4662 1508 4735 καθυποκρινομένων
1531 4661 1760 4735 ἀνδρῶν,
1780 4662 1910 4728 ἴδοις

337 4757 439 4820 ἂν,
468 4760 517 4811 εί
562 4757 752 4827 μάθοις
792 4756 866 4819 ὡς
894 4755 987 4807 κα)¹
1020 4756 1099 4817 εἰς
1129 4753 1220 4806 τὸν
1252 4755 1368 4806 κατ’
1404 4752 1648 4824 ἀλλήλων
1676 4752 1908 4823 πόλεμον

333 4851 461 4914 τοὺς
488 4849 801 4921 χρωμένους
830 4847 1011 4909 αὐτοῖς
1044 4844 1323 4917 ἠρέθιζον,
1354 4846 1578 4918 εἰρήνης
1611 4844 1703 4898 καὶ
1730 4843 1909 4912 φιλίας

334 4939 454 4994 δέον
472 4941 665 5002 αὐτοὺς
682 4934 816 4991 εἶναι
834 4936 1156 5007 βραϐευτὰς.
1176 4935 1310 4989 Τοτὲ
1334 4936 1430 5005 μὲν
1453 4929 1544 4987 οὖν
1573 4934 1921 5005 Λακεδαιμο-“

334 5032 480 5094 νίους
490 5027 564 5093 ὡς
578 5028 642 5081 ἂν
655 5026 884 5089 οἰκείους
903 5027 996 5079 καὶ
1014 5024 1217 5094 φίλους,
1234 5025 1261 5077 ὁ
1281 5027 1337 5077 ὲν
1351 5023 1573 5092 Δελφοῖς
1592 5024 1752 5078 πάλιν
1769 5022 1907 5079 κατά

334 5119 655 5191 Μεσσηνίων
685 5116 995 5189 παροξύνει,
1012 5115 1132 5168 τοτὲ
1149 5115 1193 5167 δ’
1214 5110 1278 5168 αὖ
1301 5116 1623 5185 Μεσσηνίοις
1644 5114 1785 5168 κατὰ
1809 5117 1910 5169 Λα-

335 5211 689 5282 κεδαιμονίων
703 5211 829 5279 χρᾷ,
848 5211 894 5261 εἰ
912 5206 1072 5260 πάλιν
1089 5200 1233 5259 οὗτοι
1256 5206 1320 5259 δι’
1338 5205 1784 5277 ἀνθρωποθυσίας
1802 5206 1910 5260 ἱλά-

337 5320 515 5358 σοιντο
539 5304 663 5366 τοὺς
691 5302 968 5371 δαίμονας.
998 5300 1194 5357 Ἀκουε
1223 5298 1278 5351 δὲ
1309 5297 1401 5352 καὶ
1432 5297 1498 5350 τὰ
1521 5299 1648 5369 περὶ
1678 5298 1900 5353 τούτων.

404 5446 434 5477 ι
472 5451 567 5505 τρ.
600 5432 791 5504 ταύτῃ.
867 5430 898 5471 ιι
931 5429 1056 5486 add.
1089 5430 1211 5485 οὐκ.
1290 5439 1314 5468 ο
1358 5429 1443 5483 ῖσ.
1478 5419 1715 5487 ἀληθῶς.

409 5564 523 5636 (70)
568 5567 631 5619 Ol
662 5562 908 5636 Κνίδιοι.
950 5561 1101 5636 Ῑῖ¹ιιςιεΔ
1143 5559 1416 5636 ῌετοιιος..
1446 5558 1541 5612 lib.
1576 5574 1614 5624 ι,
1659 5574 1778 5636 pag.
1811 5557 1897 5616 80.

336 5628 874 5692 Lacedamoniorum
928 5631 1105 5686 coloni
1162 5629 1331 5693 fuere,
1364 5628 1619 5697 illamque
1642 5628 1787 5684 Asia
1816 5646 1903 5686 re-

337 5707 550 5778 gionem
574 5714 826 5778 tenuere,
857 5716 977 5778 qua
1011 5699 1286 5778 '_l‘r_iopiun’]
1318 5698 1384 5778 ad
1418 5713 1568 5751 mare
1588 5701 1862 5778 vergebat.

408 5776 521 5843 (71)
574 5768 889 5841 Ἀρπάγουζ
930 5770 1054 5826 Fuit
1080 5771 1126 5825 is
1144 5768 1211 5825 et
1248 5768 1370 5838 Cyri
1406 5781 1650 5823 servator
1680 5769 1903 5826 infantis

2009 4592 2149 4631 ram.
2172 4576 2371 4643 Quare,
2406 4577 2681 4632 dehortari
2726 4577 2912 4642 modo,
2941 4584 3134 4632 tutum
3187 4577 3241 4631 in
3283 4578 3478 4647 primis
3523 4591 3589 4632 ac

2010 4682 2263 4723 securum
2293 4668 2552 4738 sophista
2581 4669 2760 4724 visum
2791 4677 2896 4724 est.
2950 4669 3131 4739 Atque
3173 4669 3318 4724 hunc
3364 4669 3420 4723 in
3462 4684 3585 4723 mo-

2008 4759 2160 4825 dum,
2190 4758 2327 4813 nihil
2371 4773 2600 4828 prorsus
2645 4759 2712 4813 ad
2766 4774 2827 4814 ea
2870 4760 3241 4830 respondens,
3272 4775 3503 4829 quorum
3533 4766 3586 4813 te

2008 4851 2111 4920 ipsi
2142 4866 2307 4907 causa
2338 4861 2731 4917 convenerant,
2773 4854 3005 4910 miseros
3030 4854 3309 4920 dimisisti,
3345 4855 3437 4924 qui
3465 4868 3587 4910 sese

2008 4949 2189 4997 tamen
2222 4942 2515 4999 abstulisse
2545 4944 2752 5014 aliquid
2798 4946 3080 5014 putabant.
3124 4964 3143 4996 ι
3174 4942 3270 4999 His
3324 4945 3580 5014 equidem

2008 5033 2284 5099 existimo,
2334 5041 2443 5089 tam
2479 5036 2951 5105 respondentium,
2986 5051 3150 5106 quam
3177 5034 3580 5089 consulentium

2008 5125 2459 5189 imbecillitatem,
2492 5142 2768 5198 quamque
2797 5129 3018 5182 oracula
3069 5126 3257 5181 isthac
3280 5126 3462 5181 omnia
3505 5126 3585 5180 di-

2006 5216 2147 5271 vina
2192 5217 2472 5273 facultatis
2504 5234 2678 5273 vacua
2723 5220 2858 5286 sint,
2900 5219 3114 5274 abunde
3166 5206 3410 5287 coargui.
3459 5217 3580 5276 Jam

2007 5306 2278 5363 maleﬁcas
2302 5317 2354 5363 et
2374 5307 2748 5366 fraudulentas
2770 5318 2935 5375 artes,
2959 5325 3057 5364 seu
3085 5308 3356 5364 malorum
3380 5311 3584 5367 damo-

2003 5582 2059 5628 et
2095 5574 2427 5645 fortissimus
2462 5575 2779 5645 imperator.
3061 5606 3065 5611 ο

2004 5644 2205 5770 mg?)
2236 5645 2469 5774 3:173be
2492 5643 2597 5715 μὴ.
2644 5645 2898 5708 "cludat.
2919 5646 3149 5717 Ἰσθμὸν
3174 5646 3246 5727 es
3261 5646 3365 5718 μή,
3406 5643 3574 5712 θεολ.
