4162 6426
354 377 462 431 593

1525 386 1847 444 PREPAR.
1900 390 2147 446 EVANG.
2190 391 2315 447 LIB.
2363 388 2430 448 ν.

3503 385 3610 445 394

349 486 461 578 τῶν
505 487 685 541 καλῶν
743 490 1009 560 ἠνέγκατε
1063 494 1219 565 ὑμεῖς
1265 499 1313 551 οἱ
1358 498 1468 552 θεοὶ
1513 501 1611 572 τὴν
1646 502 1784 573 ὑπὲρ
1844 504 1921 557 τοί

2040 506 2206 577 229
2231 508 2425 578 ecquid
2457 506 2586 561 illud
2613 506 2776 561 fuerit
2800 513 2909 560 tam
2932 504 3274 576 praeclarum,
3299 507 3442 577 quod
3465 506 3607 561 hanc

348 576 641 648 Εὐριπίδου
665 580 842 650 ψῆφον
865 599 879 613 ο
913 583 998 637 ἵνα
1036 588 1360 659 σπεύσωμεν
1405 592 1499 643 καὶ
1535 591 1816 664 διώξωμεν
1842 595 1932 648 τὸν

348 669 579 740 οὐρανὸν
614 674 752 726 κατὰ
781 674 947 739 πόδας
977 678 1086 732 τῶν
1116 679 1395 753 ὑμετέρων
1417 684 1673 738 ἐπαίνων.
1722 688 1794 756 ῼύ
1824 689 1934 759 γὰρ

347 760 415 832 δὴ
445 762 546 817 οὔκ
573 766 679 817 εἰσι
703 768 797 819 καὶ
816 766 912 821 νῦν
931 769 1137 840 ἕτοιμοι
1160 775 1540 845 κωμῳδεῖσθαι
1564 778 1659 831 καὶ
1687 779 1928 843 Σαϐαῖοι,

349 856 446 908 καὶ
487 857 799 927 Λυκάμὸαι.
833 860 977 931 Πρὸς
1006 862 1062 916 δέ
1083 880 1146 933 γε
1176 866 1237 919 τὸ
1290 868 1680 937 τραγῳδείσθαι
1722 871 1824 923 οὐκ
1866 869 1931 924 ἂν

348 945 469 999 οὐδὲ
515 945 608 1000 νῦν
649 950 868 1021 ὲνσταίη
903 951 1027 1006 οὔτε
1066 957 1095 1009 ὁ
1136 956 1401 1029 Θυέστης,
1430 958 1554 1013 οὔτε
1586 962 1615 1013 ὁ
1657 962 1930 1025 Οἰδίπους,

348 1035 474 1091 οὔτε
533 1039 562 1091 ὁ
606 1040 799 1104 Φινεὺς
846 1044 1053 1109 ἐκεῖνος
1076 1063 1090 1076 ⁸
1123 1048 1230 1100 οὐδ’
1265 1048 1331 1102 ἂν
1356 1090 1371 1114 ,
1403 1048 1578 1121 οἶμαι,
1606 1052 1931 1123 φθονήσαιεν

348 1128 521 1182 οὐδενὶ⁵
534 1130 890 1201 ἐπιθυμοῦντι
905 1135 1083 1204 φιλίας
1098 1138 1199 1208 τῆς
1223 1138 1384 1193 θείων
1405 1141 1453 1211 (1
1466 1140 1634 1209 3-25).
1654 1143 1813 1195 Ἀλλὰ
1838 1145 1932 1197 καὶ

349 1221 501 1273 αὐτοὶ
513 1221 578 1275 ἄν
597 1239 684 1291 μοι
699 1224 929 1279 δοκῶσιν
942 1225 1076 1298 (95')
1092 1230 1309 1296 ἐκεῖνοι,
1327 1232 1375 1285 εί
1393 1232 1639 1303 ᾔσθοντο,
1657 1235 1739 1287 ὅτι
1760 1235 1933 1290 ἔσοιτο

346 1328 428 1375 τις
452 1312 769 1384 Εὐριπίδης,
799 1318 938 1389 ἀνὴρ
959 1320 1052 1373 ἐπὶ
1082 1320 1160 1391 τῷ
1186 1321 1541 1378 διασκευάσαι
1563 1325 1761 1389 αὐτοὺς
1780 1327 1933 1395 γενό-

347 1421 506 1474 μενος
528 1406 797 1479 θεοφιλὴς,
824 1411 1094 1483 ἀμελῆσαι
1117 1413 1182 1467 ἂν
1207 1414 1315 1468 τῶν
1344 1416 1527 1469 κακῶν
1565 1417 1809 1482 ἐκείνων,
1837 1418 1930 1472 καὶ

342 1498 444 1551 οὐκ
493 1500 586 1552 ἐπὶ
626 1500 694 1553 τὰ
739 1502 1025 1573 κρείττονα
1071 1509 1309 1578 φρονεῖν,
1350 1508 1465 1562 ἀλλ’
1506 1510 1598 1563 ἐπὶ
1631 1509 1692 1563 τὸ
1739 1527 1932 1581 μετρο-

344 1593 519 1643 ποιεῖν
551 1593 873 1660 τραπέσθαι.
905 1598 1016 1650 Καὶ
1064 1599 1171 1652 τῶν
1204 1599 1513 1672 ἔμπροσθεν
1550 1601 1853 1673 ἀνθρώπων
1882 1605 1930 1655 εί

340 1682 410 1735 τὰ
433 1682 671 1753 ὀνόματα
703 1685 869 1754 ὄγκου
900 1687 1083 1760 πλήρη
1123 1691 1340 1758 ἤκουον,
1362 1691 1599 1764 χρῆσθαι
1621 1692 1830 1756 τούτοις
1851 1694 1930 1755 εἰς

341 1773 438 1845 τὴν
476 1775 610 1845 πρὸς
650 1776 743 1831 τὸν
782 1779 1011 1849 οὐρανὸν
1054 1777 1384 1854 ὁδοιπορίαν,
1440 1784 1505 1836 ἶν’
1533 1783 1775 1846 ἐλθόντες
1804 1782 1934 1837 καθ-

2038 612 2069 649 a
2101 598 2389 651 numinum
2436 612 2695 653 consessu
2744 596 3018 665 Euripidis
3074 597 3603 653 commendationem

2036 694 2091 740 et
2118 687 2559 755 praedicationem
2594 688 2962 757 expresserit:
3000 687 3082 740 uti
3114 702 3213 741 nos
3241 701 3458 756 quoque
3491 702 3608 742 ma-

2039 778 2161 847 guis
2189 778 2244 833 in
2278 780 2475 835 ccelum
2510 781 2764 849 passibus
2798 795 2892 849 per
2933 780 3197 848 impressa
3228 780 3424 835 vestris
3452 780 3609 850 quasi

2038 869 2291 925 laudibus
2323 872 2584 939 vestigia,
2640 871 3056 926 contendamus.
3110 869 3220 925 Nec
3266 870 3411 925 enim
3469 872 3609 927 ullos

2035 963 2270 1031 amplius
2319 963 2421 1017 hoe
2470 971 2715 1033 tempore
2749 965 2832 1017 vel
2882 963 3139 1026 Sabaeos,
3190 962 3273 1015 vel
3308 961 3609 1032 Lycambas

2037 1054 2325 1116 habemus,
2354 1055 2637 1109 commdiae
2663 1056 2870 1109 salibus
2894 1054 3243 1123 dictet-iisque
3270 1053 3605 1123 pungendos.

2033 1143 2145 1200 Nec
2174 1146 2321 1200 ullus
2349 1146 2463 1216 jam
2510 1147 2671 1201 nobis
2704 1147 2770 1201 ad
2802 1146 3082 1216 tragoediae
3122 1146 3442 1215 gravitatem
3468 1184 3482 1207 ,
3514 1152 3609 1199 aut

2036 1236 2308 1309 Thyestes
2337 1240 2596 1303 occurrit,
2634 1248 2728 1293 aut
2769 1238 3013 1309 OEdipus
3036 1279 3051 1302 ,
3088 1249 3182 1294 aut
3216 1238 3304 1292 ille
3335 1238 3607 1307 quondam

2032 1326 2293 1384 Phineus.
2341 1329 2484 1396 Quin
2519 1331 2682 1386 etiam
2716 1347 2785 1385 ne
2815 1332 2891 1385 illi
2919 1330 3137 1401 quidem
3158 1371 3173 1396 ,
3207 1330 3422 1400 opinor,
3457 1344 3607 1384 mor-

2037 1420 2224 1475 talium
2249 1422 2345 1474 ulli
2368 1422 2609 1476 divinam
2632 1424 2905 1493 expetenti
2929 1422 3225 1476 amicitiam
3250 1421 3605 1476 invidissent:

2033 1511 2146 1565 imo
2172 1512 2218 1566 si
2244 1514 2534 1580 quemdam
2563 1514 2690 1569 olim
2725 1513 3040 1583 Euripidem
3066 1513 3310 1567 futurum
3340 1510 3609 1581 suspicari

2036 1601 2308 1664 licuisset,
2340 1604 2433 1673 qui
2463 1604 2681 1674 egregia
2711 1604 3019 1658 divinorum
3050 1602 3352 1659 facinorum
3385 1616 3610 1656 enarra.

2037 1694 2184 1748 tione
2206 1694 2431 1748 deorum
2457 1695 2889 1749 benevolentiam
2914 1705 2967 1749 et
2992 1710 3235 1749 amorem
3258 1694 3607 1762 impetraret;

2033 1792 2087 1837 et
2116 1798 2245 1839 suas
2267 1785 2370 1854 ipsi
2395 1786 2730 1840 calamitates
2761 1802 2826 1841 ac
2854 1787 3062 1842 scelera
3093 1785 3477 1856 neglexissent,
3506 1780 3611 1837 nec

342 1862 547 1928 έξοιντο
578 1866 635 1917 ὲν
664 1865 742 1936 τῷ
777 1868 1034 1940 Ὀλύμπῳ
1064 1870 1203 1941 μετὰ
1228 1872 1336 1925 τῶν
1367 1871 1587 1925 πυκτῶν
1622 1872 1755 1943 (26),
1786 1875 1843 1925 ὲν
1866 1876 1921 1943 τῇ

2036 1875 2103 1930 ad
2135 1875 2354 1931 saniora
2386 1891 2506 1931 sese
2547 1878 2775 1933 consilia
2802 1917 2817 1944 ,
2847 1879 2941 1933 sed
2974 1879 3040 1932 ad
3073 1876 3388 1932 scribendos
3416 1891 3607 1931 versus

341 1955 435 2008 τοῦ
469 1957 589 2019 Διὸς
622 1958 783 2030 αὐλῇ.
815 1960 1000 2015 Ταῦτα
1029 1961 1138 2034 γὰρ
1159 1962 1305 2031 λέγει
1339 1964 1368 2016 ὁ
1402 1966 1459 2016 ὲν
1499 1964 1722 2033 Δελφοῖς
1768 1982 1929 2037 ποιη-

340 2050 457 2117 τής.
485 2046 622 2119 Φέρε
652 2051 745 2101 καὶ
777 2049 875 2121 τὴν
923 2050 1161 2123 Ὀμήρου
1194 2052 1289 2107 τοῦ
1334 2053 1516 2107 ὀλϐίου
1566 2054 1761 2125 ἴδωμεν
1792 2054 1929 2126 ἐρώ-

340 2154 518 2205 τησιν,
542 2139 608 2209 ἣν
631 2140 722 2193 τὸν
752 2140 886 2195 Θεὸν
915 2145 1096 2215 ἐρωτᾷ
1123 2162 1136 2175 ·
1159 2141 1303 2216 ἦπου
1336 2146 1445 2217 γάρ
1481 2163 1567 2210 τις
1598 2148 1827 2218 οὐρανία
1856 2143 1925 2218 ἦν

341 2229 435 2281 καὶ
475 2230 632 2301 ἱκανὴ
662 2232 755 2285 τὸν
781 2232 917 2286 Θεὸν
962 2235 1389 2290 ἐκκαλέσασθαι.
1426 2237 1501 2289 Οὐ
1530 2235 1640 2307 γὰρ
1681 2237 1751 2290 ἂν
1781 2236 1926 2290 οὕτω

342 2319 543 2391 ῥᾳδίως
572 2324 602 2375 ὁ
622 2322 756 2387 Θεὸς
785 2324 962 2380 ὄλϐιον
986 2328 1084 2399 μὲν
1110 2328 1479 2400 ἐπεφώνησεν,
1507 2330 1602 2382 ἐπὶ
1634 2328 1691 2382 δὲ
1724 2328 1802 2401 τῷ
1829 2329 1919 2382 ὀλ-

340 2408 444 2482 ϐίῳ
466 2413 622 2484 ῥῆσιν
643 2416 903 2489 ἀπένειμε
917 2434 933 2450 ·

2031 1968 2410 2022 contulissent.
2443 1967 2519 2022 Ita
2550 1969 2596 2023 si
2630 1984 2752 2039 quae
2796 1968 2934 2026 forte
2981 1969 3264 2023 hominum
3310 1967 3609 2037 superioris

2031 2060 2130 2113 azvi
2174 2061 2397 2113 nomina
2450 2062 2718 2130 superbia:
2751 2059 3034 2130 {astusque
3066 2060 3225 2130 plena
3270 2058 3605 2122 audiissent,

2029 2151 2098 2206 iis
2125 2166 2345 2221 quoque
2385 2153 2724 2207 celebrandis
2754 2153 2898 2206 viam
2931 2152 3035 2207 sibi
3064 2152 3117 2206 in
3163 2151 3361 2207 coelum
3393 2149 3608 2205 munire

2027 2240 2332 2295 voluissent
2364 2257 2379 2304 ;
2413 2250 2471 2293 ut
2498 2255 2564 2294 eo
2604 2240 2822 2295 demum
2857 2240 3125 2308 perducti,
3165 2255 3291 2295 cum
3330 2238 3606 2310 pugilibus

2027 2332 2082 2385 in
2108 2330 2341 2403 Olympo
2367 2370 2383 2394 ,
2414 2342 2579 2400 atque
2625 2333 2679 2385 in
2722 2332 2839 2401 ipsa
2870 2329 3021 2387 lovis
3066 2330 3190 2386 aula
3236 2331 3605 2386 considerent.

2025 2421 2160 2477 Nam
2209 2423 2262 2476 id
2304 2423 2470 2478 etiam
2511 2421 2806 2493 Delphicus
2837 2434 2985 2480 vates
3030 2423 3327 2495 aliquando
3374 2421 3598 2478 cecinit.

336 2503 455 2561 Jam
487 2525 594 2579 qua
616 2510 684 2564 de
722 2525 782 2564 re
808 2526 1028 2582 quoque
1072 2511 1343 2571 Homerus
1393 2514 1483 2571 ille
1540 2516 1791 2573 beatulus
1842 2516 2013 2571 Deum
2050 2515 2341 2582 consulat,
2390 2517 2698 2572 audiamus.
2761 2516 2992 2574 C(eleste
3038 2516 3285 2588 profecto
3344 2514 3603 2586 quiddam

335 2598 519 2668 fuerit,
583 2613 744 2673 atque
792 2605 858 2659 ad
895 2608 1232 2663 evocandum
1270 2607 1726 2679 alliciendumque
1788 2622 1990 2663 numen
2030 2608 2286 2663 idoneum
2315 2627 2330 2663 :
2360 2623 2543 2675 secus,
2565 2624 2845 2681 nunquam
2875 2610 2958 2665 vel
2983 2624 3109 2665 cum
3140 2607 3285 2664 Deus
3315 2617 3425 2663 tam
3449 2607 3606 2664 facile

336 2694 554 2750 beatum
596 2695 984 2766 praedicasset,
1030 2700 1117 2754 vel
1148 2701 1196 2754 ei
1243 2709 1504 2770 tanquam
1539 2701 1698 2757 beato
1722 2740 1738 2765 ,
1771 2700 1919 2772 quod
1954 2700 2224 2771 sequitur,
2253 2715 2580 2772 responsum
2618 2700 2902 2765 edidisset,
2928 2706 2941 2729 ’

332 2812 595 2881 Πατρίδα
612 2812 805 2885 δίζηαι
833 2813 945 2885 (27)
961 2831 975 2844 ο
990 2814 1201 2883 μητρὶς
1220 2815 1286 2869 δέ
1309 2834 1421 2882 τοι,
1441 2818 1513 2870 οὐ
1529 2818 1743 2885 πατρίς
1763 2817 1915 2872 ἐστι.

334 2884 569 2957 Μίνωος
600 2883 650 2936 δ’
684 2884 953 2957 ἀπὸ-γῆς,
985 2887 1123 2957 οὔτε
1150 2885 1396 2957 σχεδὸν,
1417 2883 1672 2941 οὔτ’ἀπὸ
1707 2888 1918 2957 τηλοῦ,

347 2957 452 3024 Ἰιζν
477 2954 552 3024 γῇ
584 2970 683 3007 σοι
711 2954 866 3023 μοῖρ’
898 2956 1030 3009 ἐστὶ
1057 2954 1418 3023 τελευτῆσαι
1442 2957 1701 3022 βιότοιο,

336 3020 583 3079 Εὖτ”ἂ’ν
610 3020 726 3078 ἀπὸ
764 3020 1049 3094 γλώσσης
1074 3026 1230 3094 γνῷς
1249 3020 1479 3082 παίδων·
1507 3020 1804 3092 ἀξύνετον

336 3044 459 3079 αυτ
506 3044 583 3105 (ιζ
610 3044 726 3078 arto
764 3044 1049 3094 γλωσσης
1064 3044 1224 3148 ἕως

336 3097 627 3149 Πολλοισι
656 3096 860 3164 λόγοις
888 3097 1059 3165 είρημ
1134 3114 1224 3150 ογ.

336 3208 519 3262 Δεινὸν
569 3208 677 3280 γὰρ
699 3249 716 3272 ,
750 3202 795 3261 ὧ
836 3207 1111 3277 σοφώτατε
1163 3209 1370 3282 ἀνδρῶν
1390 3250 1405 3277 ,
1445 3210 1644 3282 μᾶλλον
1672 3210 1731 3264 δὲ
1754 3210 1914 3276 θεῶν,

336 3299 388 3355 εί
420 3302 555 3373 μήτε
582 3302 703 3353 ὅποι
738 3299 840 3370 τῆς
868 3300 973 3371 γῆς
1005 3301 1222 3375 ἐξέθορε
1259 3303 1358 3372 τῆς
1390 3302 1596 3374 μητρὸς
1623 3302 1791 3374 εἰδείη
1829 3302 1918 3356 ὅλ-

337 3392 471 3459 6ιος,
527 3396 664 3465 μήτε
700 3394 832 3447 ὃπου
877 3393 1201 3465 καταμύσας
1233 3396 1495 3450 κείσεται.
1541 3393 1682 3464 Ἐγὼ
1724 3395 1781 3449 δὲ
1824 3394 1918 3449 καὶ

334 3485 490 3558 ᾤμην
515 3481 631 3539 ῐσον
654 3480 814 3550 εἶναι,
847 3486 1090 3557 Ὅμηρόν
1110 3504 1169 3540 τε
1197 3487 1325 3541 ὄντα
1360 3489 1488 3560 περὶ
1516 3487 1719 3541 τούτων
1749 3504 1919 3559 προσ-

337 3577 473 3631 ιέναι
498 3576 575 3647 τῷ
599 3576 738 3648 Θεῷ,
770 3578 864 3630 καὶ
904 3577 999 3631 ἕνα
1029 3575 1137 3631 τῶν
1180 3577 1468 3650 κανθάρων
1493 3616 1508 3642 ,
1541 3579 1635 3632 καὶ
1663 3577 1752 3631 τὸν
1784 3576 1917 3631 Θεὸν

337 3670 413 3742 μὴ
448 3669 647 3741 μᾶλλον
698 3669 764 3725 ἂν
806 3671 1029 3742 Ὁμήρῳ
1055 3670 1445 3741 ἀφηγήσασθαι
1494 3671 1620 3743 περὶ
1660 3669 1916 3724 τοιούτων

334 3762 697 3834 ἀγνοημάτων
725 3762 758 3833 ἦ
780 3763 1054 3835 κανθάρῳ.
1077 3757 1200 3818 Οἴον
1226 3764 1274 3816 ει
1292 3763 1386 3818 καὶ
1409 3762 1677 3835 κάνθαρός
1705 3763 1817 3835 (‘18)
1834 3780 1917 3827 τις

333 3855 613 3926 γεννηθεὶς
638 3855 739 3908 οὐκ
779 3854 971 3908 ὲνεὸίω
990 3895 1005 3919 ,
1036 3855 1141 3908 οὐδ’
1181 3857 1513 3927 ὲνεγήρασεν
1545 3857 1603 3909 ὲν
1627 3855 1812 3928 ἐκείνῃ
1846 3858 1911 3927 τῇ

335 3945 556 4017 κοπρίᾳ,
590 3943 705 3998 ἄλλ’
741 3942 921 4015 ἐχθρῷ
950 3944 1136 4016 ἀνέμῳ
1162 3944 1471 4016 περιέτυχε,
1504 3945 1600 3999 καὶ
1630 3944 1913 4017 κανθαρίῳ

333 4036 544 4108 δαίμονι
571 4036 813 4108 σκληρῷ,
857 4036 936 4101 ὃς,
969 4036 1130 4090 αὐτὸν
1173 4037 1446 4109 μετέωρον
1493 4036 1630 4110 ἄρας
1660 4036 1769 4110 βίᾳ,
1805 4038 1915 4090 άπ-

342 4129 565 4199 ήνεγκεν
590 4128 681 4181 ἐπί
713 4145 835 4181 τινα
868 4127 1033 4200 ἄλλην
1058 4128 1184 4199 γῆν,
1223 4127 1319 4181 καὶ
1339 4128 1505 4200 ἄλλην
1524 4128 1786 4201 κοπρίαν·
1812 4128 1911 4183 κά-

336 4239 497 4276 πειτα
535 4221 705 4276 ἐλθὼν
746 4222 825 4287 είς
868 4222 1141 4292 Δελφοὺς,
1171 4220 1430 4293 ἀνηρώτα
1477 4222 1598 4293 ἦτις
1629 4222 1739 4292 ἄρα
1784 4222 1915 4274 ποτὲ

334 4310 482 4382 αὐτῷ
511 4307 580 4383 ἦν
619 4313 654 4384 ὴ
685 4308 914 4383 πατρῴα
947 4310 1170 4382 κοπρία,
1212 4310 1306 4363 καὶ
1326 4308 1448 4380 ἥτις
1478 4307 1640 4361 αὐτὸν
1666 4309 1737 4379 γῆ
1768 4306 1916 4372 δέξε-

335 4421 428 4457 ται
454 4402 814 4458 ἀποθανόντα.
847 4422 867 4455 ι
899 4402 1084 4457 Ταῦτα
1110 4402 1205 4474 μὲν
1237 4398 1330 4455 οὖν
1361 4401 1490 4473 περὶ
1521 4400 1629 4454 τῶν
1656 4400 1915 4471 ποιητῶν.

2027 2814 2102 2892 l_)_e
2122 2821 2299 2888 patria
2327 2820 2522 2890 quarris
2552 2837 2570 2874 :
2604 2821 2698 2875 tibi
2738 2823 2955 2890 matria,
2992 2839 3094 2875 non
3119 2827 3298 2892 patria
3336 2821 3450 2877 ulla
3476 2831 3556 2878 est
3580 2837 3601 2877 :

2028 2888 2151 2959 Non
2179 2888 2359 2959 prope,
2391 2906 2493 2943 non
2517 2892 2702 2944 itidem
2729 2893 2912 2959 procul
2941 2888 2974 2945 α
3003 2888 3237 2945 Minoide
3270 2903 3411 2946 terra
3437 2909 3460 2947 :

2029 2958 2197 3030 [nque
2223 2960 2336 3013 solo
2369 2961 2542 3027 fatum
2571 2969 2648 3013 est
2680 2958 2735 3013 te
2750 2962 2907 3030 ﬁnem
2935 2963 3202 3030 imponere
3230 2963 3369 3022 vim.

1950 3031 1993 3089 C
2026 3028 2317 3100 Postquam
2344 3032 2573 3099 wuigma
2599 3028 2789 3083 novum
2812 3028 3095 3100 puerorum
3125 3032 3387 3086 audiveris
3418 3048 3528 3097 ore,

2028 3098 2280 3153 Pluribus
2314 3098 2596 3168 impléxum
2634 3098 2822 3154 verbis.

2017 3209 2303 3284 indignum
2328 3213 2474 3268 enim
2506 3213 2813 3279 videbatur,
2848 3213 3075 3282 scilicet,
3109 3229 3145 3269 ο
3187 3214 3454 3281 virorum,
3487 3216 3598 3274 imo

2016 3303 2251 3359 deorum
2282 3304 2705 3373 sapientissime,
2734 3305 2951 3360 beatum
2986 3304 3152 3359 istum
3173 3345 3190 3373 ,
3219 3315 3316 3361 aut
3357 3307 3449 3361 ubi
3484 3316 3598 3361 ter-

2018 3409 2209 3448 rarum
2255 3394 2515 3450 maternis
2547 3411 2579 3451 e
2627 3396 2931 3451 visceribus
2977 3396 3312 3462 exsiliisset,
3365 3405 3460 3453 aut
3504 3398 3597 3453 ubi

2015 3484 2236 3540 demum
2262 3486 2466 3542 clausis
2491 3496 2664 3541 morte
2693 3487 2869 3542 oculis
2897 3487 3121 3557 iaceret,
3145 3486 3418 3557 ignorare.
3463 3488 3597 3545 Mihi

2020 3591 2172 3640 vero,
2207 3586 2269 3632 ut
2308 3575 2581 3633 Homerus
2612 3594 2677 3633 ea
2720 3577 2789 3634 de
2835 3593 2895 3633 re
2936 3579 3215 3633 oraculum
3263 3579 3595 3647 consulens,

2016 3668 2292 3723 scarabaeo
2324 3667 2622 3738 persimilis
2646 3707 2661 3732 ,
2697 3668 2773 3723 ita
2822 3667 2968 3724 Deus
3001 3667 3238 3725 Homero
3278 3685 3390 3725 non
3438 3670 3596 3727 aliter

2017 3759 2213 3814 harum
2248 3760 2303 3814 in
2342 3774 2525 3815 rerum
2570 3759 2934 3830 ignoratione,
2965 3777 3130 3832 quam
3163 3763 3440 3819 scarabaeo
3476 3763 3597 3819 cui-

2015 3848 2140 3904 dam
2186 3851 2519 3919 respondere
2550 3850 2703 3906 visus
2746 3859 2851 3906 est.
2905 3850 3137 3907 Perinde
3183 3852 3483 3916 nimirum,
3535 3861 3596 3907 ut

2016 3940 2326 3997 scarabaeus
2367 3941 2414 3997 si
2452 3957 2797 4015 nequaquam
2833 3943 3025 3998 eodem
3056 3943 3111 3998 in
3141 3952 3410 4010 stercore,
3447 3944 3594 3998 unde

2016 4042 2182 4089 natus
2227 4035 2464 4103 primum
2500 4032 2682 4096 fuerit,
2716 4043 2809 4088 aut
2836 4034 3064 4099 viveret,
3110 4044 3204 4090 aut
3229 4050 3590 4092 consenesce-

2017 4134 2122 4191 ret,
2160 4125 2254 4182 sed
2284 4124 2465 4181 infesti
2494 4124 2661 4189 venti,
2709 4132 2805 4178 aut
2847 4124 3113 4181 amis
3143 4126 3377 4197 alicujus
3404 4141 3591 4181 searao

2014 4216 2255 4271 binorum
2283 4215 2470 4285 generi
2503 4214 2738 4269 exitialis
2766 4214 2992 4283 impetu,
3025 4215 3187 4270 aliam
3229 4215 3284 4269 in
3308 4217 3586 4287 regionem

2017 4317 2178 4378 atque
2210 4306 2358 4361 aliud
2407 4307 2462 4360 in
2504 4315 2716 4359 stercus
2761 4306 3013 4361 sublimis
3062 4314 3380 4374 raperetur;
3433 4307 3589 4378 isque

1950 4380 1994 4436 Β
2022 4407 2207 4468 postea
2238 4397 2495 4466 Delphico
2524 4411 2590 4451 ex
2618 4396 2843 4450 oraculo
2888 4404 3188 4466 quaereret,
3215 4394 3376 4465 230
3410 4398 3584 4466 quod‘

338 4513 466 4553 nam
516 4504 805 4567 paternum
856 4495 961 4552 sibi
1011 4503 1221 4551 stercus
1268 4493 1479 4562 fuisset,
1511 4504 1676 4563 atque
1706 4494 1794 4549 ubi
1850 4493 2084 4563 denique
2126 4500 2373 4546 mortuus
2418 4488 2846 4559 conquiesceret.
2876 4509 2896 4543 ι
2920 4491 2998 4545 Ac
3019 4490 3085 4546 de
3105 4489 3279 4562 poetis
3300 4490 3581 4547 hactenus.

410 4650 625 4724 (15-25)
671 4650 781 4724 τῆς
808 4653 1001 4724 θείων.
1039 4651 1219 4724 Malim
1251 4651 1367 4724 τῆς.
1395 4650 1479 4705 vel
1510 4648 1619 4703 τῶν
1642 4648 1800 4704 θεῶν.

409 4720 546 4795 (⁷25⁸)
562 4723 848 4795 Aoumque.
868 4720 1023 4795 Forte
1037 4720 1304 4778 δοκοῦσιν.
1321 4721 1480 4795 Ept'r.

412 4788 835 4862 (26)ίΠυκτῶν.
885 4793 1047 4859 Quid,
1096 4808 1143 4847 SI
1191 4790 1465 4862 ποιητῶν;
1512 4789 1603 4862 hic
1649 4790 1794 4843 enim
1844 4788 1910 4843 de

336 4859 515 4932 poetis
535 4861 868 4926 (Euomaus,
909 4863 1074 4931 paulo
1096 4870 1220 4931 post
1250 4859 1317 4915 de
1349 4859 1654 4931 Pugilibus,
1689 4875 1909 4914 eorum-

338 4949 445 5004 que
475 4934 714 5002 principe
741 4932 1046 5004 Cleomede.

438 4996 530 5069 27)
569 4996 832 5071 Πάτρίδα
897 5002 1107 5070 δίζηαι.
1180 5000 1482 5055 Pausanias
1538 5000 1591 5053 in
1644 4996 1910 5062 Phocicis,

338 5088 393 5143 p.
409 5071 533 5151 διο.
553 5075 991 5151 :_ereum_Hot_neri
1022 5073 1374 5151 simulacrum
1394 5071 1661 5151 columnae
1689 5071 1913 5137 imposi-

337 5141 453 5198 tum
500 5142 670 5198 fuisse
711 5146 805 5206 ait,
839 5144 996 5212 eique
1028 5151 1274 5196 nostrum
1305 5142 1412 5212 rlioc
1438 5141 1759 5212 inscriptum
1788 5156 1913 5212 ora-

337 5216 542 5278 culum,
575 5215 626 5266 in
644 5230 752 5284 quo
772 5210 953 5284 tamen
974 5210 1592 5284 estaliquadiversitas.
1616 5210 1692 5284 Ita
1717 5210 1911 5263 habet:

342 5285 554 5345 'OJb’ts,
573 5280 676 5337 καῖ
691 5280 1199 5352 δυόδιιιμονωερνζ·
1213 5280 1323 5350 τὰρ
1346 5281 1439 5333 ἐπ’
1453 5280 1879 5352 ἀμφοτέροισι),

337 5354 602 5420 Πατρίόα
629 5353 816 5421 δίζηαι
836 5371 850 5383 ·
872 5353 1087 5422 μητρὶς
1115 5351 1182 5404 δέ
1198 5368 1308 5415 τοι,
1328 5352 1400 5404 οὐ
1426 5351 1639 5422 πατρίς
1660 5351 1853 5422 ἐστιν.

341 5419 556 5478 Ἔστιν
577 5425 690 5490 Ἴος
720 5419 915 5492 νῆσός
935 5419 1161 5492 μητρρς
1182 5422 1414 5492 πατρὶς,
1442 5419 1481 5487 ἦ
1510 5420 1870 5492 σενθατςόντα

336 5493 572 5557 Δέξεται
591 5509 605 5522 ·
646 5488 807 5547 ἀλλὰ
826 5488 978 5546 venir
1000 5488 1229 5544 παίδων
1259 5488 1501 5560 αἴνιγμα
1526 5488 1809 5559 φύλαξαι.

338 5561 411 5616 Ex
444 5564 645 5634 quibus
677 5573 951 5632 utcunque
980 5562 1312 5633 penultimus
1339 5559 1659 5616 Ensebianze
1681 5561 1902 5616 lection.

614 5894 885 5955 Ρηιιοι..
917 5895 1035 5957 Gs.
1061 5896 1237 5959 XXI.

2020 4664 2210 4720 versus
2238 4647 2521 4720 emendari
2539 4657 2735 4719 poteSI,
2777 4648 3059 4720 si_legatur
3088 4668 3102 4704 :

2019 4719 2159 4773 Ebt’
2181 4718 2259 4772 ἂν
2277 4717 2396 4772 ἀπὸ
2415 4717 2703 4787 γλώσσης
2730 4717 2885 4789 γνῷς
2902 4717 3023 4773 ⁸ξ’ῶνι
3039 4719 3268 4775 παίδων
3283 4718 3544 4789 αἴνιγμα.

2017 4789 2172 4862 Quod
2222 4786 2490 4862 sequitur,
2526 4786 2764 4862 πολλοῖσι
2796 4790 2987 4862 λόγοις
3023 4791 3361 4862 εἰρημένον,Δ
3387 4786 3478 4844 vix
3514 4786 3583 4862 ad

2016 4859 2148 4913 illud
2184 4860 2421 4929 aenigma
2458 4861 2745 4929 pertineat.
2795 4858 3066 4916 Fortassis
3087 4858 3366 4915 '(Enomai
3418 4858 3582 4929 verba

2019 4929 2241 4992 fuerint,
2277 4926 2379 4984 hoc
2407 4926 2517 4985 lere
2549 4934 2710 4986 modo
2741 4930 3329 4999 castigandaﬂlohoig
3362 4929 3470 4999 ἄρα
3496 4926 3585 4999 λό-

2018 5017 2134 5068 γοις
2173 4998 2479 5069 εἰρημένον.
2509 5000 2565 5054 ld
2599 5011 2703 5064 est,
2736 4996 3120 5055 Satis—verbose
3150 5010 3207 5052 tu
3234 4996 3589 5069 quidet-mba-

2018 5066 2090 5125 ne
2138 5066 2454 5152 puerorum.
2484 5070 2712 5152 istorum
2747 5070 3005 5152 aenigma,
3032 5066 3327 5152 puerisque
3352 5066 3588 5152 ‘trotissji-

2021 5135 2192 5202 mum,
2225 5141 2369 5208 quod
2412 5137 2715 5195 Herodotus
2747 5141 2798 5193 in
2828 5135 3050 5194 Homeri
3084 5139 3213 5203 vita,
3242 5135 3460 5205 ἀφελῶς
3486 5137 3585 5189 ad-

2019 5207 2255 5263 modum
2276 5210 2612 5279 eandideque
2645 5218 2850 5274 narrat,
2873 5224 3171 5277 paucorum
3215 5207 3438 5261 omnino
3465 5220 3583 5260 ver-

2010 5279 2205 5333 berum
2239 5279 2359 5333 fuit.
2382 5279 2577 5333 Mirum
2609 5295 2756 5342 vero,
2785 5281 2836 5331 ni
2867 5279 3109 5333 secundo
3131 5278 3397 5345 tertioque
3421 5290 3583 5331 versu

2012 5350 2252 5403 indicare
2283 5350 2425 5414 velit,
2456 5349 2773 5412 Homerum,
2795 5347 2976 5403 Terra:
2998 5348 3189 5413 tilium,
3207 5348 3415 5401 incerto
3427 5354 3585 5417 patre

2012 5435 2078 5473 na
2086 5428 2197 5472 tum
2231 5434 2374 5473 esse.

2081 5488 2192 5560 (28)
2233 5485 2373 5543 Οἷονν
2414 5491 2486 5560 ει,
2517 5488 2641 5560 και-
2667 5487 2981 5558 κάνθαρος.
3024 5488 3125 5543 Vix
3174 5488 3351 5543 adhuc
3393 5484 3581 5542 (Eno-

2011 5558 2194 5613 rnaum
2225 5570 2335 5613 tam
2368 5558 2577 5614 naviter
2603 5558 2868 5630 Cynicum
2911 5560 3220 5614 habuimus.

3264 5892 3338 5953 13
