  <div class='ocr_page' id='page_1' title='image "/cluster/home/n/w/nwhite01/storage/ocr_20150623/21:no.3/coo.31924054873017/214.png"; bbox 0 0 4162 6446; ppageno 0'>
   <div class='ocr_carea' id='block_1_1' title="bbox 407 387 507 444">
    <p class='ocr_par' dir='ltr' id='par_1_1' title="bbox 407 387 507 444">
     <span class='ocr_line' id='line_1_1' title="bbox 407 387 507 444; baseline -0.01 0"><span class='ocrx_word' id='word_1_1' title='bbox 407 387 507 444; x_wconf 79' lang='grc'><strong>597</strong></span> 
     </span>
    </p>
   </div>
   <div class='ocr_carea' id='block_1_2' title="bbox 1588 384 2482 455">
    <p class='ocr_par' dir='ltr' id='par_1_2' title="bbox 1588 384 2482 455">
     <span class='ocr_line' id='line_1_2' title="bbox 1588 384 2482 455; baseline 0.007 -8"><span class='ocrx_word' id='word_1_2' title='bbox 1588 384 1907 447; x_wconf 67' lang='grc' dir='ltr'><strong>ΡΒᾹΞΡΑΒ.</strong></span> <span class='ocrx_word' id='word_1_3' title='bbox 1952 385 2202 451; x_wconf 78' lang='lat' dir='ltr'><strong>EVANG.</strong></span> <span class='ocrx_word' id='word_1_4' title='bbox 2244 388 2371 451; x_wconf 85' lang='lat' dir='ltr'><strong>LIB.</strong></span> <span class='ocrx_word' id='word_1_5' title='bbox 2417 392 2482 455; x_wconf 72' lang='grc' dir='ltr'><strong>ν.</strong></span> 
     </span>
    </p>
   </div>
   <div class='ocr_carea' id='block_1_3' title="bbox 3561 399 3668 457">
    <p class='ocr_par' dir='ltr' id='par_1_3' title="bbox 3561 399 3668 457">
     <span class='ocr_line' id='line_1_3' title="bbox 3561 399 3668 457; baseline -0.028 0"><span class='ocrx_word' id='word_1_6' title='bbox 3561 399 3668 457; x_wconf 78' lang='lat'><strong>393</strong></span> 
     </span>
    </p>
   </div>
   <div class='ocr_carea' id='block_1_4' title="bbox 407 505 1981 587">
    <p class='ocr_par' dir='ltr' id='par_1_4' title="bbox 407 505 1943 587">
     <span class='ocr_line' id='line_1_4' title="bbox 407 505 1943 587; baseline 0.003 -29"><span class='ocrx_word' id='word_1_7' title='bbox 407 505 996 587; x_wconf 49' lang='grc' dir='ltr'>ςξᾷξοχοςρθανάτῳρς</span> <span class='ocrx_word' id='word_1_8' title='bbox 1018 505 1156 587; x_wconf 62' lang='grc' dir='ltr'>ὄνος</span> <span class='ocrx_word' id='word_1_9' title='bbox 1183 508 1383 587; x_wconf 62' lang='grc' dir='ltr'>ᾅγρίος</span> <span class='ocrx_word' id='word_1_10' title='bbox 1403 549 1433 587; x_wconf 37' lang='grc' dir='ltr'>,Α</span> <span class='ocrx_word' id='word_1_11' title='bbox 1455 512 1526 562; x_wconf 83' lang='grc' dir='ltr'>οὐ</span> <span class='ocrx_word' id='word_1_12' title='bbox 1564 510 1943 587; x_wconf 59' lang='grc' dir='ltr'>Κλεομήδης,</span> 
     </span>
    </p>
   </div>
   <div class='ocr_carea' id='block_1_5' title="bbox 2083 505 3618 587">
    <p class='ocr_par' dir='ltr' id='par_1_5' title="bbox 2092 512 3618 587">
     <span class='ocr_line' id='line_1_5' title="bbox 2092 512 3618 587; baseline 0.004 -20"><span class='ocrx_word' id='word_1_13' title='bbox 2092 512 2360 587; x_wconf 52' lang='lat' dir='ltr'><strong>{faximus</strong></span> <span class='ocrx_word' id='word_1_14' title='bbox 2388 515 2472 569; x_wconf 82' lang='lat' dir='ltr'><strong>hic</strong></span> <span class='ocrx_word' id='word_1_15' title='bbox 2497 531 2692 586; x_wconf 84' lang='lat' dir='ltr'><strong><em>onager</em></strong></span> <span class='ocrx_word' id='word_1_16' title='bbox 2722 531 2988 587; x_wconf 79' lang='lat' dir='ltr'><strong>superum,</strong></span> <span class='ocrx_word' id='word_1_17' title='bbox 3016 532 3119 570; x_wconf 85' lang='lat' dir='ltr'><strong>non</strong></span> <span class='ocrx_word' id='word_1_18' title='bbox 3141 514 3258 587; x_wconf 79' lang='lat' dir='ltr'><strong>jam</strong></span> <span class='ocrx_word' id='word_1_19' title='bbox 3291 517 3618 584; x_wconf 77' lang='lat' dir='ltr'><strong>Cleomedes,</strong></span> 
     </span>
    </p>
   </div>
   <div class='ocr_carea' id='block_1_6' title="bbox 410 575 1843 647">
    <p class='ocr_par' dir='ltr' id='par_1_6' title="bbox 410 575 1843 647">
     <span class='ocr_line' id='line_1_6' title="bbox 410 575 1843 647; baseline 0.003 -18"><span class='ocrx_word' id='word_1_20' title='bbox 410 579 514 628; x_wconf 79' lang='grc' dir='ltr'><strong>Ὃν</strong></span> <span class='ocrx_word' id='word_1_21' title='bbox 538 577 782 644; x_wconf 81' lang='grc' dir='ltr'><strong>θυσίαις</strong></span> <span class='ocrx_word' id='word_1_22' title='bbox 807 575 994 647; x_wconf 77' lang='grc' dir='ltr'>τιμᾶθ’</span> <span class='ocrx_word' id='word_1_23' title='bbox 1032 579 1112 644; x_wconf 83' lang='grc' dir='ltr'>ὡς</span> <span class='ocrx_word' id='word_1_24' title='bbox 1141 575 1265 633; x_wconf 59' lang='grc' dir='ltr'>οὐκ</span> <span class='ocrx_word' id='word_1_25' title='bbox 1285 575 1373 632; x_wconf 80' lang='grc' dir='ltr'>ἔτι</span> <span class='ocrx_word' id='word_1_26' title='bbox 1401 579 1624 646; x_wconf 78' lang='grc' dir='ltr'>θνητὸν</span> <span class='ocrx_word' id='word_1_27' title='bbox 1648 575 1843 634; x_wconf 39' lang='lat' dir='ltr'><strong>edem.</strong></span> 
     </span>
    </p>
   </div>
   <div class='ocr_carea' id='block_1_7' title="bbox 406 691 1989 764">
    <p class='ocr_par' dir='ltr' id='par_1_7' title="bbox 406 691 1989 764">
     <span class='ocr_line' id='line_1_7' title="bbox 406 691 1989 764; baseline 0.004 -19"><span class='ocrx_word' id='word_1_28' title='bbox 406 691 496 761; x_wconf 83' lang='grc' dir='ltr'><strong>Μὴ</strong></span> <span class='ocrx_word' id='word_1_29' title='bbox 525 691 632 764; x_wconf 88' lang='grc' dir='ltr'>γὰρ</span> <span class='ocrx_word' id='word_1_30' title='bbox 667 691 730 762; x_wconf 80' lang='grc' dir='ltr'>δὴ</span> <span class='ocrx_word' id='word_1_31' title='bbox 775 691 1079 763; x_wconf 79' lang='grc' dir='ltr'><strong>θαυμάσῃς,</strong></span> <span class='ocrx_word' id='word_1_32' title='bbox 1118 694 1166 746; x_wconf 88' lang='grc' dir='ltr'>εἰ</span> <span class='ocrx_word' id='word_1_33' title='bbox 1199 695 1293 747; x_wconf 78' lang='grc' dir='ltr'><strong>καὶ</strong></span> <span class='ocrx_word' id='word_1_34' title='bbox 1330 693 1562 764; x_wconf 73' lang='grc' dir='ltr'>όναγρος</span> <span class='ocrx_word' id='word_1_35' title='bbox 1614 695 1989 751; x_wconf 87' lang='grc' dir='ltr'>ἐπιδικάσεται</span> 
     </span>
    </p>
   </div>
   <div class='ocr_carea' id='block_1_8' title="bbox 408 783 1991 857">
    <p class='ocr_par' dir='ltr' id='par_1_8' title="bbox 408 783 1991 857">
     <span class='ocr_line' id='line_1_8' title="bbox 408 783 1991 857; baseline 0.003 -22"><span class='ocrx_word' id='word_1_36' title='bbox 408 783 739 847; x_wconf 76' lang='grc' dir='ltr'><strong>ἀθανασίας,</strong></span> <span class='ocrx_word' id='word_1_37' title='bbox 778 784 974 847; x_wconf 80' lang='grc' dir='ltr'>ἱκανῶς</span> <span class='ocrx_word' id='word_1_38' title='bbox 993 785 1060 838; x_wconf 75' lang='grc' dir='ltr'><strong>τὰ</strong></span> <span class='ocrx_word' id='word_1_39' title='bbox 1109 784 1226 838; x_wconf 83' lang='grc' dir='ltr'>θεῖα</span> <span class='ocrx_word' id='word_1_40' title='bbox 1274 787 1864 857; x_wconf 50' lang='grc' dir='ltr'>παρασκευασάμενος</span> <span class='ocrx_word' id='word_1_41' title='bbox 1895 789 1991 841; x_wconf 73' lang='grc' dir='ltr'><strong>καὶ</strong></span> 
     </span>
    </p>
   </div>
   <div class='ocr_carea' id='block_1_9' title="bbox 408 874 1992 948">
    <p class='ocr_par' dir='ltr' id='par_1_9' title="bbox 408 874 1992 948">
     <span class='ocr_line' id='line_1_9' title="bbox 408 874 1992 948; baseline 0.004 -21"><span class='ocrx_word' id='word_1_42' title='bbox 408 874 649 938; x_wconf 82' lang='grc' dir='ltr'>ἀκούσας</span> <span class='ocrx_word' id='word_1_43' title='bbox 673 875 746 946; x_wconf 84' lang='grc' dir='ltr'>μὴ</span> <span class='ocrx_word' id='word_1_44' title='bbox 774 876 1104 946; x_wconf 77' lang='grc' dir='ltr'>ἀνασχέσθαι</span> <span class='ocrx_word' id='word_1_45' title='bbox 1140 889 1188 940; x_wconf 75' lang='grc' dir='ltr'><strong>α,</strong></span> <span class='ocrx_word' id='word_1_46' title='bbox 1214 877 1328 931; x_wconf 86' lang='grc' dir='ltr'>ἀλλ’</span> <span class='ocrx_word' id='word_1_47' title='bbox 1354 877 1650 948; x_wconf 82' lang='grc' dir='ltr'>ἀπειλῆσαι</span> <span class='ocrx_word' id='word_1_48' title='bbox 1685 878 1714 918; x_wconf 61' lang='grc' dir='ltr'>Β</span> <span class='ocrx_word' id='word_1_49' title='bbox 1755 880 1850 932; x_wconf 74' lang='grc' dir='ltr'><strong>καὶ</strong></span> <span class='ocrx_word' id='word_1_50' title='bbox 1894 880 1992 933; x_wconf 81' lang='grc' dir='ltr'><strong>αὺ-</strong></span> 
     </span>
    </p>
   </div>
   <div class='ocr_carea' id='block_1_10' title="bbox 409 967 1993 1044">
    <p class='ocr_par' dir='ltr' id='par_1_10' title="bbox 409 967 1993 1044">
     <span class='ocr_line' id='line_1_10' title="bbox 409 967 1993 1044; baseline 0.004 -25"><span class='ocrx_word' id='word_1_51' title='bbox 409 968 500 1020; x_wconf 73' lang='grc' dir='ltr'><strong>τὸν</strong></span> <span class='ocrx_word' id='word_1_52' title='bbox 547 968 639 1020; x_wconf 82' lang='grc' dir='ltr'><strong>τὸν</strong></span> <span class='ocrx_word' id='word_1_53' title='bbox 689 967 977 1040; x_wconf 73' lang='grc' dir='ltr'>Κλεομήδη</span> <span class='ocrx_word' id='word_1_54' title='bbox 1013 968 1260 1035; x_wconf 83' lang='grc' dir='ltr'>πατάξας</span> <span class='ocrx_word' id='word_1_55' title='bbox 1296 971 1376 1033; x_wconf 84' lang='grc' dir='ltr'>εἰς</span> <span class='ocrx_word' id='word_1_56' title='bbox 1408 969 1467 1022; x_wconf 83' lang='grc' dir='ltr'><strong>τὸ</strong></span> <span class='ocrx_word' id='word_1_57' title='bbox 1502 970 1776 1044; x_wconf 80' lang='grc' dir='ltr'>βάραθρον</span> <span class='ocrx_word' id='word_1_58' title='bbox 1822 972 1993 1042; x_wconf 77' lang='grc' dir='ltr'>ἐμϐα-</span> 
     </span>
    </p>
   </div>
   <div class='ocr_carea' id='block_1_11' title="bbox 408 1057 1992 1136">
    <p class='ocr_par' dir='ltr' id='par_1_11' title="bbox 408 1057 1992 1136">
     <span class='ocr_line' id='line_1_11' title="bbox 408 1057 1992 1136; baseline 0.003 -24"><span class='ocrx_word' id='word_1_59' title='bbox 408 1057 542 1122; x_wconf 83' lang='grc' dir='ltr'>λεῖν,</span> <span class='ocrx_word' id='word_1_60' title='bbox 578 1059 684 1115; x_wconf 62' lang='grc' dir='ltr'>καὶ</span> <span class='ocrx_word' id='word_1_61' title='bbox 711 1061 814 1117; x_wconf 77' lang='grc' dir='ltr'><strong>οὐκ</strong></span> <span class='ocrx_word' id='word_1_62' title='bbox 857 1062 1178 1136; x_wconf 74' lang='grc' dir='ltr'><strong>ἐπιτρέψειν</strong></span> <span class='ocrx_word' id='word_1_63' title='bbox 1201 1062 1349 1136; x_wconf 80' lang='grc' dir='ltr'>αὐτῷ</span> <span class='ocrx_word' id='word_1_64' title='bbox 1374 1067 1454 1128; x_wconf 88' lang='grc' dir='ltr'><strong>είς</strong></span> <span class='ocrx_word' id='word_1_65' title='bbox 1479 1063 1570 1117; x_wconf 81' lang='grc' dir='ltr'><strong>τὸν</strong></span> <span class='ocrx_word' id='word_1_66' title='bbox 1593 1065 1818 1136; x_wconf 78' lang='grc' dir='ltr'>οὐρανὸν</span> <span class='ocrx_word' id='word_1_67' title='bbox 1861 1065 1992 1118; x_wconf 87' lang='grc' dir='ltr'>ἀνα-</span> 
     </span>
    </p>
   </div>
   <div class='ocr_carea' id='block_1_12' title="bbox 411 1150 1992 1228">
    <p class='ocr_par' dir='ltr' id='par_1_12' title="bbox 411 1150 1992 1228">
     <span class='ocr_line' id='line_1_12' title="bbox 411 1150 1992 1228; baseline 0.003 -23"><span class='ocrx_word' id='word_1_68' title='bbox 411 1153 569 1222; x_wconf 71' lang='grc' dir='ltr'>ϐῆναι</span> <span class='ocrx_word' id='word_1_69' title='bbox 593 1170 606 1183; x_wconf 75' lang='grc' dir='ltr'><strong>ο</strong></span> <span class='ocrx_word' id='word_1_70' title='bbox 637 1150 775 1208; x_wconf 73' lang='grc' dir='ltr'>εἶναι</span> <span class='ocrx_word' id='word_1_71' title='bbox 809 1153 917 1226; x_wconf 83' lang='grc' dir='ltr'>γὰρ</span> <span class='ocrx_word' id='word_1_72' title='bbox 948 1156 1113 1209; x_wconf 81' lang='grc' dir='ltr'>αὑτοῦ</span> <span class='ocrx_word' id='word_1_73' title='bbox 1148 1156 1440 1228; x_wconf 78' lang='grc' dir='ltr'><strong>ἀξιώτερος</strong></span> <span class='ocrx_word' id='word_1_74' title='bbox 1474 1157 1656 1212; x_wconf 82' lang='grc' dir='ltr'>αὐτῶν</span> <span class='ocrx_word' id='word_1_75' title='bbox 1697 1157 1808 1211; x_wconf 84' lang='grc' dir='ltr'><strong>τῶν</strong></span> <span class='ocrx_word' id='word_1_76' title='bbox 1831 1157 1992 1212; x_wconf 84' lang='grc' dir='ltr'>θείων</span> 
     </span>
    </p>
   </div>
   <div class='ocr_carea' id='block_1_13' title="bbox 408 1243 1989 1320">
    <p class='ocr_par' dir='ltr' id='par_1_13' title="bbox 408 1243 1989 1320">
     <span class='ocr_line' id='line_1_13' title="bbox 408 1243 1989 1320; baseline 0.001 -21"><span class='ocrx_word' id='word_1_77' title='bbox 408 1243 616 1316; x_wconf 83' lang='grc' dir='ltr'><strong>δώρων,</strong></span> <span class='ocrx_word' id='word_1_78' title='bbox 660 1246 754 1300; x_wconf 85' lang='grc' dir='ltr'>ἆτε</span> <span class='ocrx_word' id='word_1_79' title='bbox 789 1249 927 1318; x_wconf 86' lang='grc' dir='ltr'>μήτε</span> <span class='ocrx_word' id='word_1_80' title='bbox 956 1246 1106 1318; x_wconf 81' lang='grc' dir='ltr'>αὐτῷ</span> <span class='ocrx_word' id='word_1_81' title='bbox 1129 1249 1273 1318; x_wconf 84' lang='grc' dir='ltr'><strong>μόνῳ</strong></span> <span class='ocrx_word' id='word_1_82' title='bbox 1314 1247 1535 1320; x_wconf 73' lang='grc' dir='ltr'>ἕτοιμος</span> <span class='ocrx_word' id='word_1_83' title='bbox 1577 1247 1653 1302; x_wconf 84' lang='grc' dir='ltr'><strong>ὢν</strong></span> <span class='ocrx_word' id='word_1_84' title='bbox 1700 1247 1989 1320; x_wconf 87' lang='grc' dir='ltr'>μάχεσθαι,</span> 
     </span>
    </p>
   </div>
   <div class='ocr_carea' id='block_1_14' title="bbox 409 1339 1991 1412">
    <p class='ocr_par' dir='ltr' id='par_1_14' title="bbox 409 1339 1991 1412">
     <span class='ocr_line' id='line_1_14' title="bbox 409 1339 1991 1412; baseline 0.001 -19"><span class='ocrx_word' id='word_1_85' title='bbox 409 1339 512 1393; x_wconf 77' lang='grc' dir='ltr'><strong>κᾶν</strong></span> <span class='ocrx_word' id='word_1_86' title='bbox 537 1341 585 1392; x_wconf 80' lang='grc' dir='ltr'><strong>εί</strong></span> <span class='ocrx_word' id='word_1_87' title='bbox 615 1339 853 1411; x_wconf 79' lang='grc' dir='ltr'><strong>σιδηροῖς</strong></span> <span class='ocrx_word' id='word_1_88' title='bbox 885 1339 1065 1412; x_wconf 79' lang='grc' dir='ltr'>χρῷτο</span> <span class='ocrx_word' id='word_1_89' title='bbox 1087 1341 1199 1404; x_wconf 83' lang='grc' dir='ltr'>τοῖς</span> <span class='ocrx_word' id='word_1_90' title='bbox 1229 1342 1437 1411; x_wconf 79' lang='grc' dir='ltr'>ἱμᾶσιν,</span> <span class='ocrx_word' id='word_1_91' title='bbox 1470 1341 1608 1396; x_wconf 88' lang='grc' dir='ltr'><strong>ἀλλά</strong></span> <span class='ocrx_word' id='word_1_92' title='bbox 1641 1341 1736 1394; x_wconf 72' lang='grc' dir='ltr'><strong>καὶ</strong></span> <span class='ocrx_word' id='word_1_93' title='bbox 1773 1340 1852 1411; x_wconf 81' lang='grc' dir='ltr'><strong>τῷ</strong></span> <span class='ocrx_word' id='word_1_94' title='bbox 1884 1341 1991 1394; x_wconf 87' lang='grc' dir='ltr'>Θα-</span> 
     </span>
    </p>
   </div>
   <div class='ocr_carea' id='block_1_15' title="bbox 411 1428 1992 1507">
    <p class='ocr_par' dir='ltr' id='par_1_15' title="bbox 411 1428 1992 1507">
     <span class='ocr_line' id='line_1_15' title="bbox 411 1428 1992 1507; baseline 0.002 -22"><span class='ocrx_word' id='word_1_95' title='bbox 411 1433 512 1502; x_wconf 81' lang='grc' dir='ltr'>σίῳ</span> <span class='ocrx_word' id='word_1_96' title='bbox 535 1432 713 1502; x_wconf 84' lang='grc' dir='ltr'>πύκτῃ</span> <span class='ocrx_word' id='word_1_97' title='bbox 734 1430 840 1502; x_wconf 83' lang='grc'><strong>(56)</strong></span> <span class='ocrx_word' id='word_1_98' title='bbox 866 1432 983 1503; x_wconf 74' lang='grc' dir='ltr'><strong>ἅμα</strong></span> <span class='ocrx_word' id='word_1_99' title='bbox 1011 1433 1359 1504; x_wconf 78' lang='grc' dir='ltr'><strong>ἀμφοτέροις,</strong></span> <span class='ocrx_word' id='word_1_100' title='bbox 1387 1434 1527 1505; x_wconf 81' lang='grc' dir='ltr'>ὑπὲρ</span> <span class='ocrx_word' id='word_1_101' title='bbox 1547 1428 1606 1488; x_wconf 75' lang='grc' dir='ltr'><strong>οῦ</strong></span> <span class='ocrx_word' id='word_1_102' title='bbox 1629 1435 1722 1488; x_wconf 88' lang='grc' dir='ltr'><strong>τοῦ</strong></span> <span class='ocrx_word' id='word_1_103' title='bbox 1742 1436 1992 1507; x_wconf 88' lang='grc' dir='ltr'>ἀνδριάν-</span> 
     </span>
    </p>
   </div>
   <div class='ocr_carea' id='block_1_16' title="bbox 409 1523 1991 1599">
    <p class='ocr_par' dir='ltr' id='par_1_16' title="bbox 409 1523 1991 1599">
     <span class='ocr_line' id='line_1_16' title="bbox 409 1523 1991 1599; baseline 0.003 -24"><span class='ocrx_word' id='word_1_104' title='bbox 409 1541 500 1587; x_wconf 85' lang='grc' dir='ltr'><strong>τος</strong></span> <span class='ocrx_word' id='word_1_105' title='bbox 518 1524 864 1594; x_wconf 68' lang='grc' dir='ltr'>ἐχαλέπηναν</span> <span class='ocrx_word' id='word_1_106' title='bbox 895 1523 945 1577; x_wconf 74' lang='lat' dir='ltr'><strong>oi</strong></span> <span class='ocrx_word' id='word_1_107' title='bbox 976 1523 1108 1589; x_wconf 68' lang='grc' dir='ltr'>θεολ,</span> <span class='ocrx_word' id='word_1_108' title='bbox 1137 1526 1233 1578; x_wconf 70' lang='grc' dir='ltr'><strong>καὶ</strong></span> <span class='ocrx_word' id='word_1_109' title='bbox 1257 1526 1355 1597; x_wconf 85' lang='grc' dir='ltr'>τὴν</span> <span class='ocrx_word' id='word_1_110' title='bbox 1393 1526 1610 1580; x_wconf 81' lang='grc' dir='ltr'>Θασίων</span> <span class='ocrx_word' id='word_1_111' title='bbox 1645 1527 1751 1596; x_wconf 81' lang='grc' dir='ltr'>γῆν</span> <span class='ocrx_word' id='word_1_112' title='bbox 1790 1528 1991 1599; x_wconf 68' lang='grc' dir='ltr'>ἄφορον</span> 
     </span>
    </p>
   </div>
   <div class='ocr_carea' id='block_1_17' title="bbox 369 1615 1994 1690">
    <p class='ocr_par' dir='ltr' id='par_1_17' title="bbox 369 1615 1994 1690">
     <span class='ocr_line' id='line_1_17' title="bbox 369 1615 1994 1690; baseline 0.002 -22"><span class='ocrx_word' id='word_1_113' title='bbox 369 1645 374 1648; x_wconf 96' lang='grc'><strong><em>-</em></strong></span> <span class='ocrx_word' id='word_1_114' title='bbox 409 1617 754 1687; x_wconf 77' lang='grc' dir='ltr'>εἰργάσαντο.</span> <span class='ocrx_word' id='word_1_115' title='bbox 786 1615 1123 1688; x_wconf 83' lang='grc' dir='ltr'>Πιστεύομεν</span> <span class='ocrx_word' id='word_1_116' title='bbox 1143 1617 1199 1670; x_wconf 88' lang='grc' dir='ltr'><strong>δέ</strong></span> <span class='ocrx_word' id='word_1_117' title='bbox 1229 1619 1324 1671; x_wconf 73' lang='grc' dir='ltr'><strong>καὶ</strong></span> <span class='ocrx_word' id='word_1_118' title='bbox 1357 1619 1486 1690; x_wconf 77' lang='grc' dir='ltr'>περὶ</span> <span class='ocrx_word' id='word_1_119' title='bbox 1526 1618 1721 1671; x_wconf 83' lang='grc' dir='ltr'>τούτου</span> <span class='ocrx_word' id='word_1_120' title='bbox 1752 1619 1853 1671; x_wconf 76' lang='grc' dir='ltr'><strong>οὐκ</strong></span> <span class='ocrx_word' id='word_1_121' title='bbox 1900 1620 1994 1672; x_wconf 90' lang='grc' dir='ltr'>ἀν-</span> 
     </span>
    </p>
   </div>
   <div class='ocr_carea' id='block_1_18' title="bbox 411 1705 1992 1782">
    <p class='ocr_par' dir='ltr' id='par_1_18' title="bbox 411 1705 1992 1782">
     <span class='ocr_line' id='line_1_18' title="bbox 411 1705 1992 1782; baseline 0.004 -23"><span class='ocrx_word' id='word_1_122' title='bbox 411 1706 646 1779; x_wconf 85' lang='grc' dir='ltr'>θρώπῳ,</span> <span class='ocrx_word' id='word_1_123' title='bbox 686 1707 820 1761; x_wconf 90' lang='grc' dir='ltr'><strong>ἀλλά</strong></span> <span class='ocrx_word' id='word_1_124' title='bbox 880 1706 986 1778; x_wconf 83' lang='grc' dir='ltr'>θεῷ</span> <span class='ocrx_word' id='word_1_125' title='bbox 1023 1708 1102 1780; x_wconf 86' lang='grc' dir='ltr'>τῷ</span> <span class='ocrx_word' id='word_1_126' title='bbox 1136 1710 1308 1782; x_wconf 83' lang='grc' dir='ltr'>αὐτῷ.</span> <span class='ocrx_word' id='word_1_127' title='bbox 1352 1711 1443 1775; x_wconf 80' lang='grc' dir='ltr'><strong>Ἐξ</strong></span> <span class='ocrx_word' id='word_1_128' title='bbox 1471 1705 1544 1764; x_wconf 82' lang='grc' dir='ltr'>ὧν</span> <span class='ocrx_word' id='word_1_129' title='bbox 1576 1711 1688 1780; x_wconf 86' lang='grc' dir='ltr'><strong>ἐγὼ</strong></span> <span class='ocrx_word' id='word_1_130' title='bbox 1730 1714 1822 1765; x_wconf 76' lang='grc' dir='ltr'><strong>καὶ</strong></span> <span class='ocrx_word' id='word_1_131' title='bbox 1852 1714 1992 1766; x_wconf 87' lang='grc' dir='ltr'>πάνυ</span> 
     </span>
    </p>
   </div>
   <div class='ocr_carea' id='block_1_19' title="bbox 411 1798 1989 1877">
    <p class='ocr_par' dir='ltr' id='par_1_19' title="bbox 411 1798 1989 1877">
     <span class='ocr_line' id='line_1_19' title="bbox 411 1798 1989 1877; baseline 0.006 -27"><span class='ocrx_word' id='word_1_132' title='bbox 411 1798 732 1869; x_wconf 79' lang='grc' dir='ltr'>κατενόησα,</span> <span class='ocrx_word' id='word_1_133' title='bbox 755 1800 836 1852; x_wconf 81' lang='grc' dir='ltr'>ὅτι</span> <span class='ocrx_word' id='word_1_134' title='bbox 854 1799 994 1853; x_wconf 86' lang='grc' dir='ltr'>θεῖόν</span> <span class='ocrx_word' id='word_1_135' title='bbox 1016 1819 1067 1853; x_wconf 90' lang='grc' dir='ltr'><strong>τι</strong></span> <span class='ocrx_word' id='word_1_136' title='bbox 1088 1801 1194 1872; x_wconf 81' lang='grc' dir='ltr'>ἄρα</span> <span class='ocrx_word' id='word_1_137' title='bbox 1215 1798 1283 1872; x_wconf 82' lang='grc' dir='ltr'>ἦν</span> <span class='ocrx_word' id='word_1_138' title='bbox 1304 1801 1641 1874; x_wconf 84' lang='grc' dir='ltr'>ἐπιτήδευμα</span> <span class='ocrx_word' id='word_1_139' title='bbox 1667 1807 1700 1875; x_wconf 82' lang='grc' dir='ltr'>ἡ</span> <span class='ocrx_word' id='word_1_140' title='bbox 1730 1807 1989 1877; x_wconf 74' lang='grc' dir='ltr'>πυκτικήο</span> 
     </span>
    </p>
   </div>
   <div class='ocr_carea' id='block_1_20' title="bbox 2092 584 3377 655">
    <p class='ocr_par' dir='ltr' id='par_1_20' title="bbox 2092 584 3377 655">
     <span class='ocr_line' id='line_1_20' title="bbox 2092 584 3377 655; baseline 0.004 -18"><span class='ocrx_word' id='word_1_141' title='bbox 2092 584 2341 638; x_wconf 78' lang='lat' dir='ltr'><strong>Divinum</strong></span> <span class='ocrx_word' id='word_1_142' title='bbox 2368 603 2401 639; x_wconf 90' lang='lat' dir='ltr'><strong>a</strong></span> <span class='ocrx_word' id='word_1_143' title='bbox 2426 588 2568 640; x_wconf 74' lang='lat' dir='ltr'><strong>vobis</strong></span> <span class='ocrx_word' id='word_1_144' title='bbox 2597 584 2735 655; x_wconf 71' lang='lat' dir='ltr'><strong>[erat</strong></span> <span class='ocrx_word' id='word_1_145' title='bbox 2763 584 3082 642; x_wconf 60' lang='lat' dir='ltr'><strong>iiumortalis</strong></span> <span class='ocrx_word' id='word_1_146' title='bbox 3110 584 3377 643; x_wconf 83' lang='lat' dir='ltr'><strong>honorem.</strong></span> 
     </span>
    </p>
   </div>
   <div class='ocr_carea' id='block_1_21' title="bbox 2091 695 3659 772">
    <p class='ocr_par' dir='ltr' id='par_1_21' title="bbox 2091 695 3659 772">
     <span class='ocr_line' id='line_1_21' title="bbox 2091 695 3659 772; baseline 0.01 -23"><span class='ocrx_word' id='word_1_147' title='bbox 2091 695 2277 767; x_wconf 86' lang='lat' dir='ltr'><strong>Neque</strong></span> <span class='ocrx_word' id='word_1_148' title='bbox 2304 712 2434 752; x_wconf 91' lang='lat' dir='ltr'><strong>vero</strong></span> <span class='ocrx_word' id='word_1_149' title='bbox 2466 698 2666 754; x_wconf 91' lang='lat' dir='ltr'><strong>mirum</strong></span> <span class='ocrx_word' id='word_1_150' title='bbox 2688 701 2786 755; x_wconf 91' lang='lat' dir='ltr'><strong>tibi</strong></span> <span class='ocrx_word' id='word_1_151' title='bbox 2813 701 3064 756; x_wconf 89' lang='lat' dir='ltr'><strong>videatur</strong></span> <span class='ocrx_word' id='word_1_152' title='bbox 3087 745 3102 769; x_wconf 95' lang='lat'><strong>,</strong></span> <span class='ocrx_word' id='word_1_153' title='bbox 3139 703 3287 772; x_wconf 90' lang='lat' dir='ltr'><strong>quod</strong></span> <span class='ocrx_word' id='word_1_154' title='bbox 3329 705 3659 764; x_wconf 87' lang='lat' dir='ltr'><strong>immortali-</strong></span> 
     </span>
    </p>
   </div>
   <div class='ocr_carea' id='block_1_22' title="bbox 2090 791 3667 865">
    <p class='ocr_par' dir='ltr' id='par_1_22' title="bbox 2090 791 3667 865">
     <span class='ocr_line' id='line_1_22' title="bbox 2090 791 3667 865; baseline 0.009 -22"><span class='ocrx_word' id='word_1_155' title='bbox 2090 797 2257 845; x_wconf 96' lang='lat' dir='ltr'><strong>tatem</strong></span> <span class='ocrx_word' id='word_1_156' title='bbox 2304 791 2410 846; x_wconf 87' lang='lat' dir='ltr'><strong>sibi</strong></span> <span class='ocrx_word' id='word_1_157' title='bbox 2442 807 2647 863; x_wconf 82' lang='lat' dir='ltr'><strong>onager</strong></span> <span class='ocrx_word' id='word_1_158' title='bbox 2679 808 2780 848; x_wconf 92' lang='lat' dir='ltr'><strong>suo</strong></span> <span class='ocrx_word' id='word_1_159' title='bbox 2829 794 2987 864; x_wconf 89' lang='lat' dir='ltr'><strong>quasi</strong></span> <span class='ocrx_word' id='word_1_160' title='bbox 3021 795 3145 864; x_wconf 87' lang='lat' dir='ltr'>jure</span> <span class='ocrx_word' id='word_1_161' title='bbox 3183 796 3524 865; x_wconf 86' lang='lat' dir='ltr'><strong>vindicaret,</strong></span> <span class='ocrx_word' id='word_1_162' title='bbox 3558 809 3667 857; x_wconf 89' lang='lat' dir='ltr'><strong>tam</strong></span> 
     </span>
    </p>
   </div>
   <div class='ocr_carea' id='block_1_23' title="bbox 2092 883 3666 960">
    <p class='ocr_par' dir='ltr' id='par_1_23' title="bbox 2092 883 3666 960">
     <span class='ocr_line' id='line_1_23' title="bbox 2092 883 3666 960; baseline 0.005 -22"><span class='ocrx_word' id='word_1_163' title='bbox 2092 883 2232 938; x_wconf 87' lang='lat' dir='ltr'><strong>belle</strong></span> <span class='ocrx_word' id='word_1_164' title='bbox 2260 883 2423 940; x_wconf 86' lang='lat' dir='ltr'><strong>rebus</strong></span> <span class='ocrx_word' id='word_1_165' title='bbox 2451 885 2757 954; x_wconf 84' lang='lat' dir='ltr'><strong>opibusque</strong></span> <span class='ocrx_word' id='word_1_166' title='bbox 2790 885 2989 940; x_wconf 80' lang='lat' dir='ltr'><strong>divinis</strong></span> <span class='ocrx_word' id='word_1_167' title='bbox 3019 887 3353 943; x_wconf 86' lang='lat' dir='ltr'><strong>instructus:</strong></span> <span class='ocrx_word' id='word_1_168' title='bbox 3406 891 3666 960; x_wconf 83' lang='lat' dir='ltr'><strong>quodque</strong></span> 
     </span>
    </p>
   </div>
   <div class='ocr_carea' id='block_1_24' title="bbox 2093 975 3675 1052">
    <p class='ocr_par' dir='ltr' id='par_1_24' title="bbox 2093 975 3675 1052">
     <span class='ocr_line' id='line_1_24' title="bbox 2093 975 3675 1052; baseline 0.008 -26"><span class='ocrx_word' id='word_1_169' title='bbox 2093 975 2184 1030; x_wconf 90' lang='lat' dir='ltr'><strong>ubi</strong></span> <span class='ocrx_word' id='word_1_170' title='bbox 2217 985 2399 1030; x_wconf 86' lang='lat' dir='ltr'><strong>vestro</strong></span> <span class='ocrx_word' id='word_1_171' title='bbox 2425 977 2490 1031; x_wconf 92' lang='lat' dir='ltr'><strong>de</strong></span> <span class='ocrx_word' id='word_1_172' title='bbox 2522 978 2752 1032; x_wconf 90' lang='lat' dir='ltr'><strong>consilio</strong></span> <span class='ocrx_word' id='word_1_173' title='bbox 2784 976 2989 1047; x_wconf 89' lang='lat' dir='ltr'><strong>aliquid</strong></span> <span class='ocrx_word' id='word_1_174' title='bbox 3023 978 3345 1046; x_wconf 86' lang='lat' dir='ltr'><strong>inaudisset,</strong></span> <span class='ocrx_word' id='word_1_175' title='bbox 3383 979 3675 1052; x_wconf 82' lang='lat' dir='ltr'><strong>impatiens</strong></span> 
     </span>
    </p>
   </div>
   <div class='ocr_carea' id='block_1_25' title="bbox 2093 1066 3671 1145">
    <p class='ocr_par' dir='ltr' id='par_1_25' title="bbox 2093 1066 3671 1145">
     <span class='ocr_line' id='line_1_25' title="bbox 2093 1066 3671 1145; baseline 0.006 -25"><span class='ocrx_word' id='word_1_176' title='bbox 2093 1066 2326 1136; x_wconf 77' lang='lat' dir='ltr'><strong>injuriae,</strong></span> <span class='ocrx_word' id='word_1_177' title='bbox 2364 1067 2610 1124; x_wconf 84' lang='lat' dir='ltr'><strong>futurum</strong></span> <span class='ocrx_word' id='word_1_178' title='bbox 2639 1071 2962 1136; x_wconf 82' lang='lat' dir='ltr'><strong>minaretur,</strong></span> <span class='ocrx_word' id='word_1_179' title='bbox 2995 1072 3073 1125; x_wconf 89' lang='lat' dir='ltr'><strong>uti</strong></span> <span class='ocrx_word' id='word_1_180' title='bbox 3102 1071 3448 1139; x_wconf 71' lang='lat' dir='ltr'><strong>Cleomedem</strong></span> <span class='ocrx_word' id='word_1_181' title='bbox 3493 1073 3671 1145; x_wconf 87' lang='lat' dir='ltr'><strong>ipsum</strong></span> 
     </span>
    </p>
   </div>
   <div class='ocr_carea' id='block_1_26' title="bbox 2093 1159 3676 1234">
    <p class='ocr_par' dir='ltr' id='par_1_26' title="bbox 2093 1159 3676 1234">
     <span class='ocr_line' id='line_1_26' title="bbox 2093 1159 3676 1234; baseline 0.006 -21"><span class='ocrx_word' id='word_1_182' title='bbox 2093 1159 2146 1213; x_wconf 87' lang='lat' dir='ltr'><strong>in</strong></span> <span class='ocrx_word' id='word_1_183' title='bbox 2207 1161 2521 1231; x_wconf 81' lang='lat' dir='ltr'><strong>voraginem</strong></span> <span class='ocrx_word' id='word_1_184' title='bbox 2593 1163 2840 1218; x_wconf 88' lang='lat' dir='ltr'><strong>calcibus</strong></span> <span class='ocrx_word' id='word_1_185' title='bbox 2886 1172 3177 1219; x_wconf 91' lang='lat' dir='ltr'><strong>contusum</strong></span> <span class='ocrx_word' id='word_1_186' title='bbox 3239 1164 3516 1234; x_wconf 85' lang='lat' dir='ltr'><strong>dejiceret,</strong></span> <span class='ocrx_word' id='word_1_187' title='bbox 3572 1181 3676 1222; x_wconf 85' lang='lat' dir='ltr'><strong>nec</strong></span> 
     </span>
    </p>
   </div>
   <div class='ocr_carea' id='block_1_27' title="bbox 2092 1252 3671 1327">
    <p class='ocr_par' dir='ltr' id='par_1_27' title="bbox 2092 1252 3671 1327">
     <span class='ocr_line' id='line_1_27' title="bbox 2092 1252 3671 1327; baseline 0.004 -21"><span class='ocrx_word' id='word_1_188' title='bbox 2092 1252 2247 1306; x_wconf 90' lang='lat' dir='ltr'><strong>illum</strong></span> <span class='ocrx_word' id='word_1_189' title='bbox 2284 1268 2527 1322; x_wconf 88' lang='lat' dir='ltr'><strong>unquam</strong></span> <span class='ocrx_word' id='word_1_190' title='bbox 2582 1254 2636 1308; x_wconf 88' lang='lat' dir='ltr'><strong>in</strong></span> <span class='ocrx_word' id='word_1_191' title='bbox 2679 1255 2880 1310; x_wconf 64' lang='lat' dir='ltr'><strong>caelum</strong></span> <span class='ocrx_word' id='word_1_192' title='bbox 2934 1257 3305 1312; x_wconf 88' lang='lat' dir='ltr'><strong>conscendere</strong></span> <span class='ocrx_word' id='word_1_193' title='bbox 3348 1265 3671 1327; x_wconf 86' lang='lat' dir='ltr'><strong>pateretur:</strong></span> 
     </span>
    </p>
   </div>
   <div class='ocr_carea' id='block_1_28' title="bbox 2093 1344 3674 1417">
    <p class='ocr_par' dir='ltr' id='par_1_28' title="bbox 2093 1344 3674 1417">
     <span class='ocr_line' id='line_1_28' title="bbox 2093 1344 3674 1417; baseline 0.004 -19"><span class='ocrx_word' id='word_1_194' title='bbox 2093 1344 2197 1398; x_wconf 84' lang='lat' dir='ltr'><strong>sibi</strong></span> <span class='ocrx_word' id='word_1_195' title='bbox 2228 1344 2372 1398; x_wconf 90' lang='lat' dir='ltr'><strong>enim</strong></span> <span class='ocrx_word' id='word_1_196' title='bbox 2414 1345 2621 1414; x_wconf 85' lang='lat' dir='ltr'><strong>justius</strong></span> <span class='ocrx_word' id='word_1_197' title='bbox 2651 1361 2816 1416; x_wconf 89' lang='lat' dir='ltr'><strong>quam</strong></span> <span class='ocrx_word' id='word_1_198' title='bbox 2849 1346 2955 1417; x_wconf 89' lang='lat' dir='ltr'><strong>ipsi</strong></span> <span class='ocrx_word' id='word_1_199' title='bbox 2987 1346 3171 1402; x_wconf 90' lang='lat' dir='ltr'><strong>divina</strong></span> <span class='ocrx_word' id='word_1_200' title='bbox 3201 1348 3290 1402; x_wconf 86' lang='lat' dir='ltr'><strong>illa</strong></span> <span class='ocrx_word' id='word_1_201' title='bbox 3321 1363 3550 1407; x_wconf 87' lang='lat' dir='ltr'><strong>munera</strong></span> <span class='ocrx_word' id='word_1_202' title='bbox 3577 1352 3674 1407; x_wconf 80' lang='lat' dir='ltr'><strong>de-</strong></span> 
     </span>
    </p>
   </div>
   <div class='ocr_carea' id='block_1_29' title="bbox 2092 1433 3674 1506">
    <p class='ocr_par' dir='ltr' id='par_1_29' title="bbox 2092 1433 3674 1506">
     <span class='ocr_line' id='line_1_29' title="bbox 2092 1433 3674 1506; baseline 0.004 -18"><span class='ocrx_word' id='word_1_203' title='bbox 2092 1433 2208 1488; x_wconf 87' lang='lat' dir='ltr'><strong>beri</strong></span> <span class='ocrx_word' id='word_1_204' title='bbox 2249 1435 2603 1489; x_wconf 87' lang='lat' dir='ltr'><strong>contenderet</strong></span> <span class='ocrx_word' id='word_1_205' title='bbox 2631 1453 2645 1502; x_wconf 91' lang='lat'><strong>;</strong></span> <span class='ocrx_word' id='word_1_206' title='bbox 2680 1435 2881 1506; x_wconf 88' lang='lat' dir='ltr'><strong>quippe</strong></span> <span class='ocrx_word' id='word_1_207' title='bbox 2917 1437 3011 1506; x_wconf 90' lang='lat' dir='ltr'><strong>qui</strong></span> <span class='ocrx_word' id='word_1_208' title='bbox 3041 1451 3148 1490; x_wconf 90' lang='lat' dir='ltr'><strong>non</strong></span> <span class='ocrx_word' id='word_1_209' title='bbox 3193 1452 3316 1492; x_wconf 90' lang='lat' dir='ltr'><strong>cum</strong></span> <span class='ocrx_word' id='word_1_210' title='bbox 3348 1453 3416 1494; x_wconf 91' lang='lat' dir='ltr'><strong>eo</strong></span> <span class='ocrx_word' id='word_1_211' title='bbox 3449 1441 3626 1494; x_wconf 90' lang='lat' dir='ltr'><strong>solum</strong></span> <span class='ocrx_word' id='word_1_212' title='bbox 3655 1479 3674 1505; x_wconf 84' lang='lat'><strong>,</strong></span> 
     </span>
    </p>
   </div>
   <div class='ocr_carea' id='block_1_30' title="bbox 2095 1525 3672 1595">
    <p class='ocr_par' dir='ltr' id='par_1_30' title="bbox 2095 1525 3672 1595">
     <span class='ocr_line' id='line_1_30' title="bbox 2095 1525 3672 1595; baseline 0.006 -18"><span class='ocrx_word' id='word_1_213' title='bbox 2095 1526 2310 1580; x_wconf 85' lang='lat' dir='ltr'><strong>tametsi</strong></span> <span class='ocrx_word' id='word_1_214' title='bbox 2363 1525 2554 1582; x_wconf 85' lang='lat' dir='ltr'><strong>ferreis</strong></span> <span class='ocrx_word' id='word_1_215' title='bbox 2597 1527 2852 1582; x_wconf 63' lang='lat' dir='ltr'><strong>caestibus</strong></span> <span class='ocrx_word' id='word_1_216' title='bbox 2896 1536 3182 1595; x_wconf 88' lang='lat' dir='ltr'><strong>uteretur,</strong></span> <span class='ocrx_word' id='word_1_217' title='bbox 3231 1544 3420 1585; x_wconf 87' lang='lat' dir='ltr'><strong>verum</strong></span> <span class='ocrx_word' id='word_1_218' title='bbox 3454 1542 3508 1586; x_wconf 90' lang='lat' dir='ltr'><strong>et</strong></span> <span class='ocrx_word' id='word_1_219' title='bbox 3547 1547 3672 1587; x_wconf 88' lang='lat' dir='ltr'><strong>cum</strong></span> 
     </span>
    </p>
   </div>
   <div class='ocr_carea' id='block_1_31' title="bbox 2093 1617 3672 1691">
    <p class='ocr_par' dir='ltr' id='par_1_31' title="bbox 2093 1617 3672 1691">
     <span class='ocr_line' id='line_1_31' title="bbox 2093 1617 3672 1691; baseline 0.006 -22"><span class='ocrx_word' id='word_1_220' title='bbox 2093 1617 2265 1671; x_wconf 87' lang='lat' dir='ltr'><strong>altero</strong></span> <span class='ocrx_word' id='word_1_221' title='bbox 2308 1618 2472 1672; x_wconf 92' lang='lat' dir='ltr'><strong>simul</strong></span> <span class='ocrx_word' id='word_1_222' title='bbox 2500 1619 2684 1689; x_wconf 86' lang='lat' dir='ltr'><strong>pugile</strong></span> <span class='ocrx_word' id='word_1_223' title='bbox 2735 1617 2939 1674; x_wconf 81' lang='lat' dir='ltr'><strong>Thasio</strong></span> <span class='ocrx_word' id='word_1_224' title='bbox 2987 1636 3229 1691; x_wconf 86' lang='lat' dir='ltr'><strong>pugnare</strong></span> <span class='ocrx_word' id='word_1_225' title='bbox 3276 1632 3500 1691; x_wconf 88' lang='lat' dir='ltr'><strong>posset:</strong></span> <span class='ocrx_word' id='word_1_226' title='bbox 3538 1625 3672 1690; x_wconf 90' lang='lat' dir='ltr'><strong>illo,</strong></span> 
     </span>
    </p>
   </div>
   <div class='ocr_carea' id='block_1_32' title="bbox 2096 1707 3674 1785">
    <p class='ocr_par' dir='ltr' id='par_1_32' title="bbox 2096 1707 3674 1785">
     <span class='ocr_line' id='line_1_32' title="bbox 2096 1707 3674 1785; baseline 0.008 -25"><span class='ocrx_word' id='word_1_227' title='bbox 2096 1708 2344 1778; x_wconf 90' lang='lat' dir='ltr'><strong>inquam,</strong></span> <span class='ocrx_word' id='word_1_228' title='bbox 2369 1707 2593 1776; x_wconf 87' lang='lat' dir='ltr'><strong>Thasio,</strong></span> <span class='ocrx_word' id='word_1_229' title='bbox 2623 1711 2781 1780; x_wconf 90' lang='lat' dir='ltr'><strong>cujus</strong></span> <span class='ocrx_word' id='word_1_230' title='bbox 2806 1711 2877 1765; x_wconf 91' lang='lat' dir='ltr'><strong>ob</strong></span> <span class='ocrx_word' id='word_1_231' title='bbox 2906 1719 3142 1766; x_wconf 85' lang='lat' dir='ltr'><strong>statuam</strong></span> <span class='ocrx_word' id='word_1_232' title='bbox 3170 1714 3430 1769; x_wconf 89' lang='lat' dir='ltr'><strong>commoti</strong></span> <span class='ocrx_word' id='word_1_233' title='bbox 3454 1715 3674 1785; x_wconf 79' lang='lat' dir='ltr'><strong>gravius</strong></span> 
     </span>
    </p>
   </div>
   <div class='ocr_carea' id='block_1_33' title="bbox 2095 1803 3671 1875">
    <p class='ocr_par' dir='ltr' id='par_1_33' title="bbox 2095 1803 3671 1875">
     <span class='ocr_line' id='line_1_33' title="bbox 2095 1803 3671 1875; baseline 0.006 -19"><span class='ocrx_word' id='word_1_234' title='bbox 2095 1803 2298 1871; x_wconf 90' lang='lat' dir='ltr'><strong>superi,</strong></span> <span class='ocrx_word' id='word_1_235' title='bbox 2331 1803 2410 1857; x_wconf 85' lang='lat' dir='ltr'><strong>uti</strong></span> <span class='ocrx_word' id='word_1_236' title='bbox 2443 1803 2600 1858; x_wconf 85' lang='lat' dir='ltr'><strong>ﬁdem</strong></span> <span class='ocrx_word' id='word_1_237' title='bbox 2633 1820 2741 1858; x_wconf 92' lang='lat' dir='ltr'><strong>non</strong></span> <span class='ocrx_word' id='word_1_238' title='bbox 2773 1805 2940 1859; x_wconf 89' lang='lat' dir='ltr'><strong>homo</strong></span> <span class='ocrx_word' id='word_1_239' title='bbox 2971 1806 3162 1861; x_wconf 89' lang='lat' dir='ltr'><strong>nescio</strong></span> <span class='ocrx_word' id='word_1_240' title='bbox 3194 1807 3318 1875; x_wconf 90' lang='lat' dir='ltr'><strong>quis</strong></span> <span class='ocrx_word' id='word_1_241' title='bbox 3345 1846 3360 1870; x_wconf 92' lang='lat'><strong>,</strong></span> <span class='ocrx_word' id='word_1_242' title='bbox 3393 1808 3488 1862; x_wconf 82' lang='lat' dir='ltr'><strong>sed</strong></span> <span class='ocrx_word' id='word_1_243' title='bbox 3530 1809 3671 1865; x_wconf 88' lang='lat' dir='ltr'><strong>idem</strong></span> 
     </span>
    </p>
   </div>
   <div class='ocr_carea' id='block_1_34' title="bbox 409 1890 1981 1967">
    <p class='ocr_par' dir='ltr' id='par_1_34' title="bbox 409 1890 1981 1966">
     <span class='ocr_line' id='line_1_34' title="bbox 409 1890 1981 1966; baseline 0.006 -24"><span class='ocrx_word' id='word_1_244' title='bbox 409 1891 537 1954; x_wconf 82' lang='grc' dir='ltr'>τοὺς</span> <span class='ocrx_word' id='word_1_245' title='bbox 559 1890 615 1943; x_wconf 90' lang='grc' dir='ltr'><strong>δέ</strong></span> <span class='ocrx_word' id='word_1_246' title='bbox 647 1891 873 1956; x_wconf 77' lang='grc' dir='ltr'>πολλοὺς</span> <span class='ocrx_word' id='word_1_247' title='bbox 902 1892 997 1945; x_wconf 73' lang='grc' dir='ltr'><strong>καὶ</strong></span> <span class='ocrx_word' id='word_1_248' title='bbox 1016 1893 1296 1963; x_wconf 76' lang='grc' dir='ltr'>οἰομένους</span> <span class='ocrx_word' id='word_1_249' title='bbox 1324 1890 1463 1948; x_wconf 73' lang='grc' dir='ltr'>εἶναι</span> <span class='ocrx_word' id='word_1_250' title='bbox 1495 1898 1694 1966; x_wconf 79' lang='grc' dir='ltr'>σοφοὺς</span> <span class='ocrx_word' id='word_1_251' title='bbox 1725 1897 1981 1966; x_wconf 87' lang='grc' dir='ltr'>ἐλελήθει·</span> 
     </span>
    </p>
   </div>
   <div class='ocr_carea' id='block_1_35' title="bbox 2083 1890 3673 1967">
    <p class='ocr_par' dir='ltr' id='par_1_35' title="bbox 2092 1890 3673 1967">
     <span class='ocr_line' id='line_1_35' title="bbox 2092 1890 3673 1967; baseline 0.006 -22"><span class='ocrx_word' id='word_1_252' title='bbox 2092 1893 2209 1960; x_wconf 90' lang='lat' dir='ltr'><strong>ipse</strong></span> <span class='ocrx_word' id='word_1_253' title='bbox 2253 1890 2397 1947; x_wconf 86' lang='lat' dir='ltr'><strong>Deus</strong></span> <span class='ocrx_word' id='word_1_254' title='bbox 2437 1891 2588 1954; x_wconf 80' lang='lat' dir='ltr'><strong>facit,</strong></span> <span class='ocrx_word' id='word_1_255' title='bbox 2624 1891 2951 1949; x_wconf 91' lang='lat' dir='ltr'><strong>Thasiorum</strong></span> <span class='ocrx_word' id='word_1_256' title='bbox 2984 1895 3113 1950; x_wconf 91' lang='lat' dir='ltr'><strong>olim</strong></span> <span class='ocrx_word' id='word_1_257' title='bbox 3146 1911 3339 1967; x_wconf 79' lang='lat' dir='ltr'><strong>agrum</strong></span> <span class='ocrx_word' id='word_1_258' title='bbox 3388 1898 3673 1954; x_wconf 86' lang='lat' dir='ltr'><strong>sterilitate</strong></span> 
     </span>
    </p>
   </div>
   <div class='ocr_carea' id='block_1_36' title="bbox 412 1979 1991 2057">
    <p class='ocr_par' dir='ltr' id='par_1_36' title="bbox 412 1979 1991 2057">
     <span class='ocr_line' id='line_1_36' title="bbox 412 1979 1991 2057; baseline 0.004 -23"><span class='ocrx_word' id='word_1_259' title='bbox 412 1979 502 2044; x_wconf 78' lang='grc' dir='ltr'>ἵν’,</span> <span class='ocrx_word' id='word_1_260' title='bbox 533 1981 791 2052; x_wconf 77' lang='grc' dir='ltr'>ἀφέμενοι</span> <span class='ocrx_word' id='word_1_261' title='bbox 824 1981 919 2034; x_wconf 87' lang='grc' dir='ltr'><strong>τοῦ</strong></span> <span class='ocrx_word' id='word_1_262' title='bbox 943 1982 1099 2036; x_wconf 73' lang='grc' dir='ltr'>καλοὶ</span> <span class='ocrx_word' id='word_1_263' title='bbox 1139 1985 1371 2052; x_wconf 75' lang='grc' dir='ltr'>κάγαθοὶ</span> <span class='ocrx_word' id='word_1_264' title='bbox 1400 1981 1571 2050; x_wconf 78' lang='grc' dir='ltr'>εἶναι,</span> <span class='ocrx_word' id='word_1_265' title='bbox 1609 1987 1812 2057; x_wconf 74' lang='grc' dir='ltr'>ἤσκουν</span> <span class='ocrx_word' id='word_1_266' title='bbox 1851 1989 1991 2042; x_wconf 72' lang='grc' dir='ltr'>αὐτὰ</span> 
     </span>
    </p>
   </div>
   <div class='ocr_carea' id='block_1_37' title="bbox 410 2067 1990 2150">
    <p class='ocr_par' dir='ltr' id='par_1_37' title="bbox 410 2067 1990 2150">
     <span class='ocr_line' id='line_1_37' title="bbox 410 2067 1990 2150; baseline 0.006 -27"><span class='ocrx_word' id='word_1_267' title='bbox 410 2071 506 2124; x_wconf 85' lang='grc' dir='ltr'><strong>τοῦ</strong></span> <span class='ocrx_word' id='word_1_268' title='bbox 539 2072 739 2124; x_wconf 84' lang='grc' dir='ltr'>Θασίου</span> <span class='ocrx_word' id='word_1_269' title='bbox 765 2072 970 2126; x_wconf 82' lang='grc' dir='ltr'>πύκτου</span> <span class='ocrx_word' id='word_1_270' title='bbox 990 2091 1003 2104; x_wconf 91' lang='grc'><strong>·</strong></span> <span class='ocrx_word' id='word_1_271' title='bbox 1037 2067 1081 2141; x_wconf 82' lang='grc' dir='ltr'>ᾧ</span> <span class='ocrx_word' id='word_1_272' title='bbox 1111 2074 1410 2130; x_wconf 84' lang='grc' dir='ltr'>ἀθανασίαν</span> <span class='ocrx_word' id='word_1_273' title='bbox 1445 2079 1564 2148; x_wconf 89' lang='grc' dir='ltr'><strong>μέν,</strong></span> <span class='ocrx_word' id='word_1_274' title='bbox 1589 2079 1779 2150; x_wconf 84' lang='grc' dir='ltr'>ὥσπερ</span> <span class='ocrx_word' id='word_1_275' title='bbox 1823 2081 1990 2134; x_wconf 86' lang='grc' dir='ltr'>Κλεο-</span> 
     </span>
    </p>
   </div>
   <div class='ocr_carea' id='block_1_38' title="bbox 417 2162 1982 2241">
    <p class='ocr_par' dir='ltr' id='par_1_38' title="bbox 417 2162 1982 2241">
     <span class='ocr_line' id='line_1_38' title="bbox 417 2162 1982 2241; baseline 0.008 -26"><span class='ocrx_word' id='word_1_276' title='bbox 417 2162 595 2236; x_wconf 74' lang='grc' dir='ltr'>μὴεει.</span> <span class='ocrx_word' id='word_1_277' title='bbox 633 2165 732 2218; x_wconf 76' lang='grc' dir='ltr'><strong>οὐκ</strong></span> <span class='ocrx_word' id='word_1_278' title='bbox 779 2165 1006 2233; x_wconf 84' lang='grc' dir='ltr'>ἔδωκαν,</span> <span class='ocrx_word' id='word_1_279' title='bbox 1065 2167 1330 2236; x_wconf 79' lang='grc' dir='ltr'>ἐφίλησαν</span> <span class='ocrx_word' id='word_1_280' title='bbox 1370 2170 1429 2223; x_wconf 87' lang='grc' dir='ltr'><strong>δέ</strong></span> <span class='ocrx_word' id='word_1_281' title='bbox 1479 2171 1732 2241; x_wconf 84' lang='grc' dir='ltr'>μεγάλως</span> <span class='ocrx_word' id='word_1_282' title='bbox 1767 2172 1815 2225; x_wconf 85' lang='lat' dir='ltr'><strong>oi</strong></span> <span class='ocrx_word' id='word_1_283' title='bbox 1855 2172 1982 2227; x_wconf 84' lang='grc' dir='ltr'>θεοί.</span> 
     </span>
    </p>
   </div>
   <div class='ocr_carea' id='block_1_39' title="bbox 412 2255 1987 2334">
    <p class='ocr_par' dir='ltr' id='par_1_39' title="bbox 412 2255 1987 2334">
     <span class='ocr_line' id='line_1_39' title="bbox 412 2255 1987 2334; baseline 0.006 -27"><span class='ocrx_word' id='word_1_284' title='bbox 412 2255 570 2309; x_wconf 84' lang='grc' dir='ltr'>Οῦτω</span> <span class='ocrx_word' id='word_1_285' title='bbox 592 2256 684 2308; x_wconf 72' lang='grc' dir='ltr'><strong>καὶ</strong></span> <span class='ocrx_word' id='word_1_286' title='bbox 713 2257 740 2308; x_wconf 86' lang='grc' dir='ltr'>ὁ</span> <span class='ocrx_word' id='word_1_287' title='bbox 767 2257 994 2328; x_wconf 86' lang='grc' dir='ltr'>χάλκεος</span> <span class='ocrx_word' id='word_1_288' title='bbox 1012 2258 1174 2312; x_wconf 80' lang='grc' dir='ltr'>αὑτοῦ</span> <span class='ocrx_word' id='word_1_289' title='bbox 1204 2259 1426 2331; x_wconf 83' lang='grc' dir='ltr'>ἀνδριὰς</span> <span class='ocrx_word' id='word_1_290' title='bbox 1454 2260 1622 2326; x_wconf 80' lang='grc' dir='ltr'>έδειξέ</span> <span class='ocrx_word' id='word_1_291' title='bbox 1642 2279 1693 2316; x_wconf 88' lang='grc' dir='ltr'><strong>τι</strong></span> <span class='ocrx_word' id='word_1_292' title='bbox 1724 2263 1864 2334; x_wconf 80' lang='grc' dir='ltr'>ὑπὲρ</span> <span class='ocrx_word' id='word_1_293' title='bbox 1888 2262 1987 2326; x_wconf 84' lang='grc' dir='ltr'><strong>τὰς</strong></span> 
     </span>
    </p>
   </div>
   <div class='ocr_carea' id='block_1_40' title="bbox 410 2347 1988 2424">
    <p class='ocr_par' dir='ltr' id='par_1_40' title="bbox 410 2347 1988 2424">
     <span class='ocr_line' id='line_1_40' title="bbox 410 2347 1988 2424; baseline 0.005 -25"><span class='ocrx_word' id='word_1_294' title='bbox 410 2347 519 2399; x_wconf 82' lang='grc' dir='ltr'>τῶν</span> <span class='ocrx_word' id='word_1_295' title='bbox 547 2347 718 2402; x_wconf 85' lang='grc' dir='ltr'>ἄλλων</span> <span class='ocrx_word' id='word_1_296' title='bbox 750 2349 1049 2421; x_wconf 85' lang='grc' dir='ltr'>ἀνθρώπων</span> <span class='ocrx_word' id='word_1_297' title='bbox 1069 2352 1303 2417; x_wconf 79' lang='grc' dir='ltr'>εἰκόνας,</span> <span class='ocrx_word' id='word_1_298' title='bbox 1329 2353 1767 2423; x_wconf 75' lang='grc' dir='ltr'>ἐπικατενεχθεὶς</span> <span class='ocrx_word' id='word_1_299' title='bbox 1785 2353 1863 2424; x_wconf 79' lang='grc' dir='ltr'>τῷ</span> <span class='ocrx_word' id='word_1_300' title='bbox 1887 2371 1988 2424; x_wconf 89' lang='grc' dir='ltr'>μα-</span> 
     </span>
    </p>
   </div>
   <div class='ocr_carea' id='block_1_41' title="bbox 413 2441 1986 2515">
    <p class='ocr_par' dir='ltr' id='par_1_41' title="bbox 413 2441 1986 2515">
     <span class='ocr_line' id='line_1_41' title="bbox 413 2441 1986 2515; baseline 0.003 -21"><span class='ocrx_word' id='word_1_301' title='bbox 413 2441 679 2510; x_wconf 82' lang='grc' dir='ltr'>στιγοῦντι</span> <span class='ocrx_word' id='word_1_302' title='bbox 707 2442 905 2514; x_wconf 84' lang='grc' dir='ltr'>ἐχθρῷ,</span> <span class='ocrx_word' id='word_1_303' title='bbox 935 2443 1077 2496; x_wconf 87' lang='grc' dir='ltr'>κατά</span> <span class='ocrx_word' id='word_1_304' title='bbox 1101 2461 1243 2506; x_wconf 89' lang='grc' dir='ltr'>τινα,</span> <span class='ocrx_word' id='word_1_305' title='bbox 1274 2443 1349 2507; x_wconf 78' lang='grc' dir='ltr'>ὡς</span> <span class='ocrx_word' id='word_1_306' title='bbox 1381 2443 1545 2510; x_wconf 76' lang='grc' dir='ltr'>ἔοικε,</span> <span class='ocrx_word' id='word_1_307' title='bbox 1576 2444 1857 2515; x_wconf 79' lang='grc' dir='ltr'>δαιμονίαν</span> <span class='ocrx_word' id='word_1_308' title='bbox 1893 2445 1986 2515; x_wconf 83' lang='grc' dir='ltr'>μέ-</span> 
     </span>
    </p>
   </div>
   <div class='ocr_carea' id='block_1_42' title="bbox 411 2533 1986 2607">
    <p class='ocr_par' dir='ltr' id='par_1_42' title="bbox 411 2533 1986 2607">
     <span class='ocr_line' id='line_1_42' title="bbox 411 2533 1986 2607; baseline 0.004 -23"><span class='ocrx_word' id='word_1_309' title='bbox 411 2549 625 2603; x_wconf 81' lang='grc' dir='ltr'>ριμναν.</span> <span class='ocrx_word' id='word_1_310' title='bbox 675 2533 813 2586; x_wconf 84' lang='grc' dir='ltr'>Ἀλλ’</span> <span class='ocrx_word' id='word_1_311' title='bbox 843 2535 894 2586; x_wconf 89' lang='grc' dir='ltr'>οἱ</span> <span class='ocrx_word' id='word_1_312' title='bbox 923 2534 1156 2605; x_wconf 73' lang='grc' dir='ltr'>ἄφρονες</span> <span class='ocrx_word' id='word_1_313' title='bbox 1179 2535 1388 2600; x_wconf 84' lang='grc' dir='ltr'>Θάσιοι,</span> <span class='ocrx_word' id='word_1_314' title='bbox 1419 2536 1514 2588; x_wconf 77' lang='grc' dir='ltr'>καὶ</span> <span class='ocrx_word' id='word_1_315' title='bbox 1561 2534 1722 2588; x_wconf 87' lang='grc' dir='ltr'>θείων</span> <span class='ocrx_word' id='word_1_316' title='bbox 1768 2535 1986 2607; x_wconf 78' lang='grc' dir='ltr'>ἄπειροι</span> 
     </span>
    </p>
   </div>
   <div class='ocr_carea' id='block_1_43' title="bbox 408 2623 1985 2697">
    <p class='ocr_par' dir='ltr' id='par_1_43' title="bbox 408 2623 1985 2697">
     <span class='ocr_line' id='line_1_43' title="bbox 408 2623 1985 2697; baseline 0.004 -22"><span class='ocrx_word' id='word_1_317' title='bbox 408 2623 746 2694; x_wconf 82' lang='grc' dir='ltr'>πραγμάτων</span> <span class='ocrx_word' id='word_1_318' title='bbox 768 2662 784 2688; x_wconf 87' lang='grc'><strong>,</strong></span> <span class='ocrx_word' id='word_1_319' title='bbox 828 2625 1217 2697; x_wconf 84' lang='grc' dir='ltr'>ἠγανάκτησάν</span> <span class='ocrx_word' id='word_1_320' title='bbox 1253 2643 1332 2691; x_wconf 90' lang='grc' dir='ltr'><strong>τε,</strong></span> <span class='ocrx_word' id='word_1_321' title='bbox 1361 2627 1457 2680; x_wconf 74' lang='grc' dir='ltr'>καὶ</span> <span class='ocrx_word' id='word_1_322' title='bbox 1484 2626 1616 2696; x_wconf 78' lang='grc' dir='ltr'>ἄγος</span> <span class='ocrx_word' id='word_1_323' title='bbox 1643 2627 1985 2682; x_wconf 84' lang='grc' dir='ltr'>ἐπεκάλεσαν</span> 
     </span>
    </p>
   </div>
   <div class='ocr_carea' id='block_1_44' title="bbox 403 2713 1986 2788">
    <p class='ocr_par' dir='ltr' id='par_1_44' title="bbox 403 2713 1986 2788">
     <span class='ocr_line' id='line_1_44' title="bbox 403 2713 1986 2788; baseline 0.005 -22"><span class='ocrx_word' id='word_1_324' title='bbox 403 2713 482 2784; x_wconf 82' lang='grc' dir='ltr'>τῷ</span> <span class='ocrx_word' id='word_1_325' title='bbox 511 2715 806 2788; x_wconf 80' lang='grc' dir='ltr'>ἀνδριάντι,</span> <span class='ocrx_word' id='word_1_326' title='bbox 839 2717 933 2770; x_wconf 66' lang='grc' dir='ltr'><strong>καὶ</strong></span> <span class='ocrx_word' id='word_1_327' title='bbox 955 2715 1109 2786; x_wconf 88' lang='grc' dir='ltr'>δίκην</span> <span class='ocrx_word' id='word_1_328' title='bbox 1131 2717 1540 2788; x_wconf 76' lang='grc' dir='ltr'>εἰσεπράξαντο,</span> <span class='ocrx_word' id='word_1_329' title='bbox 1559 2718 1654 2772; x_wconf 76' lang='grc' dir='ltr'><strong>καὶ</strong></span> <span class='ocrx_word' id='word_1_330' title='bbox 1686 2719 1986 2774; x_wconf 81' lang='grc' dir='ltr'>καταδῦσαι</span> 
     </span>
    </p>
   </div>
   <div class='ocr_carea' id='block_1_45' title="bbox 403 2805 1984 2881">
    <p class='ocr_par' dir='ltr' id='par_1_45' title="bbox 403 2805 1984 2881">
     <span class='ocr_line' id='line_1_45' title="bbox 403 2805 1984 2881; baseline 0.004 -23"><span class='ocrx_word' id='word_1_331' title='bbox 403 2805 706 2876; x_wconf 85' lang='grc' dir='ltr'>ἐτόλμησαν</span> <span class='ocrx_word' id='word_1_332' title='bbox 735 2809 814 2870; x_wconf 86' lang='grc' dir='ltr'><strong>είς</strong></span> <span class='ocrx_word' id='word_1_333' title='bbox 846 2807 943 2878; x_wconf 80' lang='grc' dir='ltr'><strong>τὴν</strong></span> <span class='ocrx_word' id='word_1_334' title='bbox 972 2808 1262 2865; x_wconf 85' lang='grc' dir='ltr'>θάλασσαν,</span> <span class='ocrx_word' id='word_1_335' title='bbox 1297 2810 1370 2862; x_wconf 85' lang='grc' dir='ltr'><strong>Οὐ</strong></span> <span class='ocrx_word' id='word_1_336' title='bbox 1409 2809 1514 2881; x_wconf 83' lang='grc' dir='ltr'><strong>μὴν</strong></span> <span class='ocrx_word' id='word_1_337' title='bbox 1544 2809 1798 2879; x_wconf 79' lang='grc' dir='ltr'>διέφυγόν</span> <span class='ocrx_word' id='word_1_338' title='bbox 1835 2828 1900 2880; x_wconf 87' lang='grc' dir='ltr'><strong>γε</strong></span> <span class='ocrx_word' id='word_1_339' title='bbox 1933 2812 1984 2865; x_wconf 78' lang='lat' dir='ltr'><strong>oi</strong></span> 
     </span>
    </p>
   </div>
   <div class='ocr_carea' id='block_1_46' title="bbox 405 2895 1985 2970">
    <p class='ocr_par' dir='ltr' id='par_1_46' title="bbox 405 2895 1985 2970">
     <span class='ocr_line' id='line_1_46' title="bbox 405 2895 1985 2970; baseline 0.004 -22"><span class='ocrx_word' id='word_1_340' title='bbox 405 2895 613 2960; x_wconf 84' lang='grc' dir='ltr'>Θάσιοι,</span> <span class='ocrx_word' id='word_1_341' title='bbox 648 2898 761 2950; x_wconf 87' lang='grc' dir='ltr'>ἀλλ’</span> <span class='ocrx_word' id='word_1_342' title='bbox 785 2900 834 2951; x_wconf 75' lang='lat' dir='ltr'><strong>oi</strong></span> <span class='ocrx_word' id='word_1_343' title='bbox 857 2898 968 2952; x_wconf 75' lang='grc' dir='ltr'>θεοὶ</span> <span class='ocrx_word' id='word_1_344' title='bbox 989 2898 1231 2963; x_wconf 79' lang='grc' dir='ltr'>ἐδίδαξαν</span> <span class='ocrx_word' id='word_1_345' title='bbox 1269 2900 1454 2970; x_wconf 77' lang='grc' dir='ltr'>ἡλίκον</span> <span class='ocrx_word' id='word_1_346' title='bbox 1485 2901 1652 2954; x_wconf 76' lang='grc' dir='ltr'>κακὸν</span> <span class='ocrx_word' id='word_1_347' title='bbox 1687 2901 1778 2954; x_wconf 78' lang='grc' dir='ltr'>ὑπ’</span> <span class='ocrx_word' id='word_1_348' title='bbox 1806 2901 1985 2956; x_wconf 81' lang='grc' dir='ltr'>αὐτῶν</span> 
     </span>
    </p>
   </div>
   <div class='ocr_carea' id='block_1_47' title="bbox 405 2989 1986 3064">
    <p class='ocr_par' dir='ltr' id='par_1_47' title="bbox 405 2989 1986 3064">
     <span class='ocr_line' id='line_1_47' title="bbox 405 2989 1986 3064; baseline 0.003 -22"><span class='ocrx_word' id='word_1_349' title='bbox 405 2989 673 3061; x_wconf 80' lang='grc' dir='ltr'>ἐτολμήθη</span> <span class='ocrx_word' id='word_1_350' title='bbox 695 3031 709 3054; x_wconf 93' lang='grc'><strong>,</strong></span> <span class='ocrx_word' id='word_1_351' title='bbox 743 2989 898 3060; x_wconf 80' lang='grc' dir='ltr'>λιμὸν</span> <span class='ocrx_word' id='word_1_352' title='bbox 933 2990 1345 3062; x_wconf 82' lang='grc' dir='ltr'>ἐπιπέμψαντες</span> <span class='ocrx_word' id='word_1_353' title='bbox 1384 2991 1475 3045; x_wconf 87' lang='grc' dir='ltr'><strong>τὸν</strong></span> <span class='ocrx_word' id='word_1_354' title='bbox 1505 2991 1604 3062; x_wconf 81' lang='grc' dir='ltr'>τῆς</span> <span class='ocrx_word' id='word_1_355' title='bbox 1643 2993 1792 3056; x_wconf 88' lang='grc' dir='ltr'>θείας</span> <span class='ocrx_word' id='word_1_356' title='bbox 1829 2993 1986 3064; x_wconf 85' lang='grc' dir='ltr'>δίκης</span> 
     </span>
    </p>
   </div>
   <div class='ocr_carea' id='block_1_48' title="bbox 402 3079 1985 3153">
    <p class='ocr_par' dir='ltr' id='par_1_48' title="bbox 402 3079 1985 3153">
     <span class='ocr_line' id='line_1_48' title="bbox 402 3079 1985 3153; baseline 0.002 -20"><span class='ocrx_word' id='word_1_357' title='bbox 402 3079 683 3134; x_wconf 57' lang='grc' dir='ltr'>διάκονον</span> <span class='ocrx_word' id='word_1_358' title='bbox 714 3081 774 3145; x_wconf 76' lang='grc' dir='ltr'>ὃς</span> <span class='ocrx_word' id='word_1_359' title='bbox 806 3081 1010 3148; x_wconf 84' lang='grc' dir='ltr'>ἐδίδαξε</span> <span class='ocrx_word' id='word_1_360' title='bbox 1042 3082 1196 3152; x_wconf 87' lang='grc' dir='ltr'>μόλις</span> <span class='ocrx_word' id='word_1_361' title='bbox 1231 3084 1426 3146; x_wconf 80' lang='grc' dir='ltr'>αὐτοὺς</span> <span class='ocrx_word' id='word_1_362' title='bbox 1449 3083 1518 3137; x_wconf 87' lang='grc' dir='ltr'><strong>τά</strong></span> <span class='ocrx_word' id='word_1_363' title='bbox 1553 3083 1662 3136; x_wconf 85' lang='grc' dir='ltr'><strong>τῶν</strong></span> <span class='ocrx_word' id='word_1_364' title='bbox 1690 3083 1828 3136; x_wconf 86' lang='grc' dir='ltr'>θεῶν</span> <span class='ocrx_word' id='word_1_365' title='bbox 1861 3083 1985 3153; x_wconf 87' lang='grc' dir='ltr'>βου-</span> 
     </span>
    </p>
   </div>
   <div class='ocr_carea' id='block_1_49' title="bbox 403 3171 1984 3246">
    <p class='ocr_par' dir='ltr' id='par_1_49' title="bbox 403 3171 1984 3246">
     <span class='ocr_line' id='line_1_49' title="bbox 403 3171 1984 3246; baseline 0.003 -22"><span class='ocrx_word' id='word_1_366' title='bbox 403 3171 648 3244; x_wconf 84' lang='grc' dir='ltr'>λεύματα</span> <span class='ocrx_word' id='word_1_367' title='bbox 668 3213 683 3239; x_wconf 94' lang='grc'><strong>,</strong></span> <span class='ocrx_word' id='word_1_368' title='bbox 715 3175 826 3239; x_wconf 84' lang='grc' dir='ltr'>ὅτε,</span> <span class='ocrx_word' id='word_1_369' title='bbox 855 3173 1368 3245; x_wconf 84' lang='grc' dir='ltr'>φιλανθρωπότατος</span> <span class='ocrx_word' id='word_1_370' title='bbox 1401 3174 1537 3227; x_wconf 84' lang='grc' dir='ltr'>θεῶν</span> <span class='ocrx_word' id='word_1_371' title='bbox 1571 3175 1634 3228; x_wconf 83' lang='grc' dir='ltr'><strong>σὺ</strong></span> <span class='ocrx_word' id='word_1_372' title='bbox 1675 3175 1754 3246; x_wconf 84' lang='grc' dir='ltr'><strong>τῷ</strong></span> <span class='ocrx_word' id='word_1_373' title='bbox 1800 3173 1984 3245; x_wconf 75' lang='grc' dir='ltr'>οἰκείῳ</span> 
     </span>
    </p>
   </div>
   <div class='ocr_carea' id='block_1_50' title="bbox 401 3263 1768 3335">
    <p class='ocr_par' dir='ltr' id='par_1_50' title="bbox 401 3263 1768 3335">
     <span class='ocr_line' id='line_1_50' title="bbox 401 3263 1768 3335; baseline 0.002 -20"><span class='ocrx_word' id='word_1_374' title='bbox 401 3263 606 3335; x_wconf 87' lang='grc' dir='ltr'>τρόπῳ,</span> <span class='ocrx_word' id='word_1_375' title='bbox 638 3263 736 3333; x_wconf 83' lang='grc' dir='ltr'>τὴν</span> <span class='ocrx_word' id='word_1_376' title='bbox 768 3263 1018 3334; x_wconf 84' lang='grc' dir='ltr'>βοήθειαν</span> <span class='ocrx_word' id='word_1_377' title='bbox 1046 3264 1227 3327; x_wconf 78' lang='grc' dir='ltr'>αὐτοῖς</span> <span class='ocrx_word' id='word_1_378' title='bbox 1266 3263 1536 3335; x_wconf 79' lang='grc' dir='ltr'>ἔπεμψας,</span> <span class='ocrx_word' id='word_1_379' title='bbox 1563 3265 1736 3333; x_wconf 85' lang='grc' dir='ltr'>λέγων</span> <span class='ocrx_word' id='word_1_380' title='bbox 1755 3281 1768 3296; x_wconf 90' lang='grc'><strong>·</strong></span> 
     </span>
    </p>
   </div>
   <div class='ocr_carea' id='block_1_51' title="bbox 2091 1982 3672 2056">
    <p class='ocr_par' dir='ltr' id='par_1_51' title="bbox 2091 1982 3672 2056">
     <span class='ocr_line' id='line_1_51' title="bbox 2091 1982 3672 2056; baseline 0.004 -20"><span class='ocrx_word' id='word_1_381' title='bbox 2091 1982 2442 2036; x_wconf 88' lang='lat' dir='ltr'><strong>damnarunt.</strong></span> <span class='ocrx_word' id='word_1_382' title='bbox 2490 1982 2569 2036; x_wconf 81' lang='lat' dir='ltr'><strong>Ex</strong></span> <span class='ocrx_word' id='word_1_383' title='bbox 2600 1983 2799 2052; x_wconf 88' lang='lat' dir='ltr'><strong>quibus</strong></span> <span class='ocrx_word' id='word_1_384' title='bbox 2844 1999 2992 2039; x_wconf 89' lang='lat' dir='ltr'><strong>nunc</strong></span> <span class='ocrx_word' id='word_1_385' title='bbox 3029 1985 3248 2042; x_wconf 81' lang='lat' dir='ltr'><strong>demum</strong></span> <span class='ocrx_word' id='word_1_386' title='bbox 3283 1986 3557 2056; x_wconf 84' lang='lat' dir='ltr'><strong>intelligo,</strong></span> <span class='ocrx_word' id='word_1_387' title='bbox 3587 1987 3672 2042; x_wconf 81' lang='lat' dir='ltr'><strong>di-</strong></span> 
     </span>
    </p>
   </div>
   <div class='ocr_carea' id='block_1_52' title="bbox 2091 2075 3672 2148">
    <p class='ocr_par' dir='ltr' id='par_1_52' title="bbox 2091 2075 3672 2148">
     <span class='ocr_line' id='line_1_52' title="bbox 2091 2075 3672 2148; baseline 0.004 -20"><span class='ocrx_word' id='word_1_388' title='bbox 2091 2075 2279 2130; x_wconf 84' lang='lat' dir='ltr'><strong>vinum</strong></span> <span class='ocrx_word' id='word_1_389' title='bbox 2312 2077 2472 2145; x_wconf 89' lang='lat' dir='ltr'><strong>plane</strong></span> <span class='ocrx_word' id='word_1_390' title='bbox 2503 2076 2710 2145; x_wconf 89' lang='lat' dir='ltr'><strong>aliquid</strong></span> <span class='ocrx_word' id='word_1_391' title='bbox 2736 2091 2858 2132; x_wconf 91' lang='lat' dir='ltr'><strong>esse</strong></span> <span class='ocrx_word' id='word_1_392' title='bbox 2885 2077 3224 2147; x_wconf 86' lang='lat' dir='ltr'><strong>pugilatum:</strong></span> <span class='ocrx_word' id='word_1_393' title='bbox 3247 2077 3299 2133; x_wconf 90' lang='lat' dir='ltr'><strong>id</strong></span> <span class='ocrx_word' id='word_1_394' title='bbox 3319 2079 3464 2148; x_wconf 90' lang='lat' dir='ltr'><strong>quod</strong></span> <span class='ocrx_word' id='word_1_395' title='bbox 3488 2080 3672 2135; x_wconf 90' lang='lat' dir='ltr'><strong>videre</strong></span> 
     </span>
    </p>
   </div>
   <div class='ocr_carea' id='block_1_53' title="bbox 2090 2167 3672 2240">
    <p class='ocr_par' dir='ltr' id='par_1_53' title="bbox 2090 2167 3672 2240">
     <span class='ocr_line' id='line_1_53' title="bbox 2090 2167 3672 2240; baseline 0.004 -21"><span class='ocrx_word' id='word_1_396' title='bbox 2090 2181 2371 2235; x_wconf 87' lang='lat' dir='ltr'><strong>nunquam</strong></span> <span class='ocrx_word' id='word_1_397' title='bbox 2391 2208 2405 2234; x_wconf 90' lang='lat'><strong>,</strong></span> <span class='ocrx_word' id='word_1_398' title='bbox 2438 2167 2522 2220; x_wconf 91' lang='lat' dir='ltr'><strong>vel</strong></span> <span class='ocrx_word' id='word_1_399' title='bbox 2552 2181 2740 2222; x_wconf 88' lang='lat' dir='ltr'><strong>eorum</strong></span> <span class='ocrx_word' id='word_1_400' title='bbox 2761 2209 2776 2233; x_wconf 93' lang='lat'><strong>,</strong></span> <span class='ocrx_word' id='word_1_401' title='bbox 2812 2168 2905 2238; x_wconf 85' lang='lat' dir='ltr'><strong>qui</strong></span> <span class='ocrx_word' id='word_1_402' title='bbox 2932 2182 2991 2222; x_wconf 91' lang='lat' dir='ltr'><strong>se</strong></span> <span class='ocrx_word' id='word_1_403' title='bbox 3038 2167 3312 2238; x_wconf 88' lang='lat' dir='ltr'><strong>sapientes</strong></span> <span class='ocrx_word' id='word_1_404' title='bbox 3338 2169 3500 2240; x_wconf 82' lang='lat' dir='ltr'><strong>vulgo</strong></span> <span class='ocrx_word' id='word_1_405' title='bbox 3533 2185 3672 2240; x_wconf 71' lang='lat' dir='ltr'><strong>pra:-</strong></span> 
     </span>
    </p>
   </div>
   <div class='ocr_carea' id='block_1_54' title="bbox 2089 2257 3674 2335">
    <p class='ocr_par' dir='ltr' id='par_1_54' title="bbox 2089 2257 3674 2335">
     <span class='ocr_line' id='line_1_54' title="bbox 2089 2257 3674 2335; baseline 0.005 -24"><span class='ocrx_word' id='word_1_406' title='bbox 2089 2257 2365 2323; x_wconf 89' lang='lat' dir='ltr'><strong>dicabant,</strong></span> <span class='ocrx_word' id='word_1_407' title='bbox 2401 2257 2647 2327; x_wconf 88' lang='lat' dir='ltr'><strong>plerique</strong></span> <span class='ocrx_word' id='word_1_408' title='bbox 2678 2268 2923 2328; x_wconf 91' lang='lat' dir='ltr'><strong>potuere.</strong></span> <span class='ocrx_word' id='word_1_409' title='bbox 2953 2257 3145 2326; x_wconf 90' lang='lat' dir='ltr'><strong>Secus,</strong></span> <span class='ocrx_word' id='word_1_410' title='bbox 3180 2261 3404 2317; x_wconf 88' lang='lat' dir='ltr'><strong>omissis</strong></span> <span class='ocrx_word' id='word_1_411' title='bbox 3432 2262 3509 2318; x_wconf 90' lang='lat' dir='ltr'><strong>illi</strong></span> <span class='ocrx_word' id='word_1_412' title='bbox 3541 2279 3674 2335; x_wconf 55' lang='lat' dir='ltr'><strong>pro.</strong></span> 
     </span>
    </p>
   </div>
   <div class='ocr_carea' id='block_1_55' title="bbox 2091 2346 3672 2426">
    <p class='ocr_par' dir='ltr' id='par_1_55' title="bbox 2091 2346 3672 2426">
     <span class='ocr_line' id='line_1_55' title="bbox 2091 2346 3672 2426; baseline 0.007 -26"><span class='ocrx_word' id='word_1_413' title='bbox 2091 2346 2233 2402; x_wconf 80' lang='lat' dir='ltr'><strong>fecto</strong></span> <span class='ocrx_word' id='word_1_414' title='bbox 2285 2347 2498 2402; x_wconf 86' lang='lat' dir='ltr'><strong>honesti</strong></span> <span class='ocrx_word' id='word_1_415' title='bbox 2545 2347 2789 2418; x_wconf 89' lang='lat' dir='ltr'><strong>rectique</strong></span> <span class='ocrx_word' id='word_1_416' title='bbox 2838 2349 3076 2416; x_wconf 87' lang='lat' dir='ltr'><strong>studiis,</strong></span> <span class='ocrx_word' id='word_1_417' title='bbox 3125 2349 3194 2404; x_wconf 88' lang='lat' dir='ltr'><strong>ad</strong></span> <span class='ocrx_word' id='word_1_418' title='bbox 3243 2349 3430 2408; x_wconf 87' lang='lat' dir='ltr'><strong>Thasii</strong></span> <span class='ocrx_word' id='word_1_419' title='bbox 3472 2355 3672 2426; x_wconf 81' lang='lat' dir='ltr'><strong>pugilis</strong></span> 
     </span>
    </p>
   </div>
   <div class='ocr_carea' id='block_1_56' title="bbox 2089 2437 3672 2518">
    <p class='ocr_par' dir='ltr' id='par_1_56' title="bbox 2089 2437 3672 2518">
     <span class='ocr_line' id='line_1_56' title="bbox 2089 2437 3672 2518; baseline 0.005 -26"><span class='ocrx_word' id='word_1_420' title='bbox 2089 2437 2834 2508; x_wconf 60' lang='lat' dir='ltr'><strong>imitationemadbaasissent.</strong></span> <span class='ocrx_word' id='word_1_421' title='bbox 2864 2438 2998 2494; x_wconf 85' lang='lat' dir='ltr'><strong>Nam</strong></span> <span class='ocrx_word' id='word_1_422' title='bbox 3019 2449 3078 2495; x_wconf 94' lang='lat' dir='ltr'><strong>ut</strong></span> <span class='ocrx_word' id='word_1_423' title='bbox 3101 2456 3225 2496; x_wconf 88' lang='lat' dir='ltr'><strong>eum</strong></span> <span class='ocrx_word' id='word_1_424' title='bbox 3255 2444 3462 2514; x_wconf 89' lang='lat' dir='ltr'><strong>superi,</strong></span> <span class='ocrx_word' id='word_1_425' title='bbox 3479 2461 3672 2518; x_wconf 86' lang='lat' dir='ltr'><strong>quem-</strong></span> 
     </span>
    </p>
   </div>
   <div class='ocr_carea' id='block_1_57' title="bbox 2088 2530 3668 2603">
    <p class='ocr_par' dir='ltr' id='par_1_57' title="bbox 2088 2530 3668 2603">
     <span class='ocr_line' id='line_1_57' title="bbox 2088 2530 3668 2603; baseline 0.006 -19"><span class='ocrx_word' id='word_1_426' title='bbox 2088 2530 2381 2585; x_wconf 87' lang='lat' dir='ltr'><strong>admodum</strong></span> <span class='ocrx_word' id='word_1_427' title='bbox 2413 2530 2780 2597; x_wconf 87' lang='lat' dir='ltr'><strong>Cleomedem,</strong></span> <span class='ocrx_word' id='word_1_428' title='bbox 2817 2533 3226 2589; x_wconf 85' lang='lat' dir='ltr'><strong>immortalitate</strong></span> <span class='ocrx_word' id='word_1_429' title='bbox 3253 2549 3362 2590; x_wconf 91' lang='lat' dir='ltr'><strong>non</strong></span> <span class='ocrx_word' id='word_1_430' title='bbox 3392 2536 3668 2603; x_wconf 87' lang='lat' dir='ltr'><strong>donarint,</strong></span> 
     </span>
    </p>
   </div>
   <div class='ocr_carea' id='block_1_58' title="bbox 2088 2624 3670 2700">
    <p class='ocr_par' dir='ltr' id='par_1_58' title="bbox 2088 2624 3670 2700">
     <span class='ocr_line' id='line_1_58' title="bbox 2088 2624 3670 2700; baseline 0.006 -22"><span class='ocrx_word' id='word_1_431' title='bbox 2088 2624 2361 2697; x_wconf 70' lang='lat' dir='ltr'><strong>praecipuo</strong></span> <span class='ocrx_word' id='word_1_432' title='bbox 2384 2633 2564 2679; x_wconf 89' lang='lat' dir='ltr'><strong>tamen</strong></span> <span class='ocrx_word' id='word_1_433' title='bbox 2597 2639 2784 2680; x_wconf 89' lang='lat' dir='ltr'><strong>amore</strong></span> <span class='ocrx_word' id='word_1_434' title='bbox 2816 2627 3090 2697; x_wconf 86' lang='lat' dir='ltr'><strong>prosecuti</strong></span> <span class='ocrx_word' id='word_1_435' title='bbox 3127 2637 3275 2682; x_wconf 89' lang='lat' dir='ltr'><strong>sunt.</strong></span> <span class='ocrx_word' id='word_1_436' title='bbox 3322 2627 3503 2700; x_wconf 87' lang='lat' dir='ltr'><strong>Usque</strong></span> <span class='ocrx_word' id='word_1_437' title='bbox 3532 2631 3670 2687; x_wconf 84' lang='lat' dir='ltr'><strong>adeo</strong></span> 
     </span>
    </p>
   </div>
   <div class='ocr_carea' id='block_1_59' title="bbox 2088 2715 3666 2788">
    <p class='ocr_par' dir='ltr' id='par_1_59' title="bbox 2088 2715 3666 2788">
     <span class='ocr_line' id='line_1_59' title="bbox 2088 2715 3666 2788; baseline 0 -14"><span class='ocrx_word' id='word_1_438' title='bbox 2088 2717 2367 2788; x_wconf 85' lang='lat' dir='ltr'><strong>singulare</strong></span> <span class='ocrx_word' id='word_1_439' title='bbox 2421 2715 2679 2786; x_wconf 88' lang='lat' dir='ltr'><strong>quiddam</strong></span> <span class='ocrx_word' id='word_1_440' title='bbox 2711 2757 2727 2782; x_wconf 91' lang='lat'><strong>,</strong></span> <span class='ocrx_word' id='word_1_441' title='bbox 2785 2731 2950 2783; x_wconf 88' lang='lat' dir='ltr'><strong>supra</strong></span> <span class='ocrx_word' id='word_1_442' title='bbox 3011 2724 3330 2773; x_wconf 64' lang='lat' dir='ltr'><strong>cancrorum</strong></span> <span class='ocrx_word' id='word_1_443' title='bbox 3383 2719 3666 2775; x_wconf 86' lang='lat' dir='ltr'><strong>hominum</strong></span> 
     </span>
    </p>
   </div>
   <div class='ocr_carea' id='block_1_60' title="bbox 2088 2804 3665 2876">
    <p class='ocr_par' dir='ltr' id='par_1_60' title="bbox 2088 2804 3665 2876">
     <span class='ocr_line' id='line_1_60' title="bbox 2088 2804 3665 2876; baseline -0.001 -15"><span class='ocrx_word' id='word_1_444' title='bbox 2088 2807 2376 2876; x_wconf 84' lang='lat' dir='ltr'><strong>imagines,</strong></span> <span class='ocrx_word' id='word_1_445' title='bbox 2405 2820 2616 2860; x_wconf 78' lang='lat' dir='ltr'><strong>aeneum</strong></span> <span class='ocrx_word' id='word_1_446' title='bbox 2657 2805 2778 2872; x_wconf 81' lang='lat' dir='ltr'><strong>eius</strong></span> <span class='ocrx_word' id='word_1_447' title='bbox 2809 2804 3166 2859; x_wconf 88' lang='lat' dir='ltr'><strong>simulacrum</strong></span> <span class='ocrx_word' id='word_1_448' title='bbox 3217 2805 3492 2869; x_wconf 84' lang='lat' dir='ltr'><strong>ostendit,</strong></span> <span class='ocrx_word' id='word_1_449' title='bbox 3540 2821 3665 2860; x_wconf 91' lang='lat' dir='ltr'><strong>cum</strong></span> 
     </span>
    </p>
   </div>
   <div class='ocr_carea' id='block_1_61' title="bbox 2089 2894 3666 2968">
    <p class='ocr_par' dir='ltr' id='par_1_61' title="bbox 2089 2894 3666 2968">
     <span class='ocr_line' id='line_1_61' title="bbox 2089 2894 3666 2968; baseline -0.001 -16"><span class='ocrx_word' id='word_1_450' title='bbox 2089 2899 2142 2952; x_wconf 93' lang='lat' dir='ltr'><strong>in</strong></span> <span class='ocrx_word' id='word_1_451' title='bbox 2170 2906 2334 2968; x_wconf 89' lang='lat' dir='ltr'><strong>caput</strong></span> <span class='ocrx_word' id='word_1_452' title='bbox 2373 2897 2576 2951; x_wconf 88' lang='lat' dir='ltr'><strong>inimici</strong></span> <span class='ocrx_word' id='word_1_453' title='bbox 2606 2937 2620 2961; x_wconf 93' lang='lat'><strong>,</strong></span> <span class='ocrx_word' id='word_1_454' title='bbox 2670 2910 2701 2949; x_wconf 88' lang='lat' dir='ltr'><strong>a</strong></span> <span class='ocrx_word' id='word_1_455' title='bbox 2736 2911 2847 2965; x_wconf 88' lang='lat' dir='ltr'><strong>quo</strong></span> <span class='ocrx_word' id='word_1_456' title='bbox 2881 2904 2995 2949; x_wconf 92' lang='lat' dir='ltr'><strong>tum</strong></span> <span class='ocrx_word' id='word_1_457' title='bbox 3045 2894 3260 2965; x_wconf 84' lang='lat' dir='ltr'><strong>ﬂagello</strong></span> <span class='ocrx_word' id='word_1_458' title='bbox 3307 2896 3666 2966; x_wconf 83' lang='lat' dir='ltr'><strong>pulsabatur,</strong></span> 
     </span>
    </p>
   </div>
   <div class='ocr_carea' id='block_1_62' title="bbox 2087 2985 3663 3056">
    <p class='ocr_par' dir='ltr' id='par_1_62' title="bbox 2087 2985 3663 3056">
     <span class='ocr_line' id='line_1_62' title="bbox 2087 2985 3663 3056; baseline 0.001 -14"><span class='ocrx_word' id='word_1_459' title='bbox 2087 2993 2312 3056; x_wconf 88' lang='lat' dir='ltr'><strong>repente</strong></span> <span class='ocrx_word' id='word_1_460' title='bbox 2358 2986 2594 3048; x_wconf 88' lang='lat' dir='ltr'><strong>cecidit,</strong></span> <span class='ocrx_word' id='word_1_461' title='bbox 2640 3000 2751 3040; x_wconf 83' lang='lat' dir='ltr'><strong>non</strong></span> <span class='ocrx_word' id='word_1_462' title='bbox 2802 2985 2920 3039; x_wconf 90' lang='lat' dir='ltr'><strong>sine</strong></span> <span class='ocrx_word' id='word_1_463' title='bbox 2948 2985 3133 3039; x_wconf 87' lang='lat' dir='ltr'><strong>divino</strong></span> <span class='ocrx_word' id='word_1_464' title='bbox 3160 3024 3176 3048; x_wconf 93' lang='lat'><strong>,</strong></span> <span class='ocrx_word' id='word_1_465' title='bbox 3221 2985 3300 3040; x_wconf 88' lang='lat' dir='ltr'><strong>uti</strong></span> <span class='ocrx_word' id='word_1_466' title='bbox 3341 2987 3515 3041; x_wconf 89' lang='lat' dir='ltr'><strong>visum</strong></span> <span class='ocrx_word' id='word_1_467' title='bbox 3560 2997 3663 3044; x_wconf 86' lang='lat' dir='ltr'><strong>est.</strong></span> 
     </span>
    </p>
   </div>
   <div class='ocr_carea' id='block_1_63' title="bbox 2089 3075 3666 3143">
    <p class='ocr_par' dir='ltr' id='par_1_63' title="bbox 2089 3075 3666 3143">
     <span class='ocr_line' id='line_1_63' title="bbox 2089 3075 3666 3143; baseline -0.003 -9"><span class='ocrx_word' id='word_1_468' title='bbox 2089 3078 2341 3134; x_wconf 85' lang='lat' dir='ltr'><strong>consilio.</strong></span> <span class='ocrx_word' id='word_1_469' title='bbox 2378 3077 2446 3130; x_wconf 89' lang='lat' dir='ltr'><strong>At</strong></span> <span class='ocrx_word' id='word_1_470' title='bbox 2482 3078 2763 3132; x_wconf 85' lang='lat' dir='ltr'><strong>enimvero</strong></span> <span class='ocrx_word' id='word_1_471' title='bbox 2791 3077 3050 3132; x_wconf 87' lang='lat' dir='ltr'><strong>vecordes</strong></span> <span class='ocrx_word' id='word_1_472' title='bbox 3079 3075 3290 3143; x_wconf 86' lang='lat' dir='ltr'><strong>Thasii,</strong></span> <span class='ocrx_word' id='word_1_473' title='bbox 3327 3087 3382 3131; x_wconf 90' lang='lat' dir='ltr'><strong>et</strong></span> <span class='ocrx_word' id='word_1_474' title='bbox 3412 3077 3467 3132; x_wconf 91' lang='lat' dir='ltr'><strong>in</strong></span> <span class='ocrx_word' id='word_1_475' title='bbox 3503 3076 3666 3132; x_wconf 77' lang='lat' dir='ltr'><strong>rebus</strong></span> 
     </span>
    </p>
   </div>
   <div class='ocr_carea' id='block_1_64' title="bbox 2089 3166 3667 3239">
    <p class='ocr_par' dir='ltr' id='par_1_64' title="bbox 2089 3166 3667 3239">
     <span class='ocr_line' id='line_1_64' title="bbox 2089 3166 3667 3239; baseline -0.001 -15"><span class='ocrx_word' id='word_1_476' title='bbox 2089 3169 2290 3224; x_wconf 88' lang='lat' dir='ltr'><strong>divinis</strong></span> <span class='ocrx_word' id='word_1_477' title='bbox 2317 3169 2610 3238; x_wconf 83' lang='lat' dir='ltr'><strong>peregrini,</strong></span> <span class='ocrx_word' id='word_1_478' title='bbox 2643 3184 2830 3224; x_wconf 86' lang='lat' dir='ltr'><strong>casum</strong></span> <span class='ocrx_word' id='word_1_479' title='bbox 2879 3167 3070 3239; x_wconf 90' lang='lat' dir='ltr'><strong>iniquo</strong></span> <span class='ocrx_word' id='word_1_480' title='bbox 3122 3167 3264 3222; x_wconf 79' lang='lat' dir='ltr'><strong>ferre</strong></span> <span class='ocrx_word' id='word_1_481' title='bbox 3295 3166 3481 3223; x_wconf 90' lang='lat' dir='ltr'><strong>animo</strong></span> <span class='ocrx_word' id='word_1_482' title='bbox 3506 3207 3522 3232; x_wconf 90' lang='lat'><strong>,</strong></span> <span class='ocrx_word' id='word_1_483' title='bbox 3550 3168 3667 3238; x_wconf 75' lang='lat' dir='ltr'><strong>pia-</strong></span> 
     </span>
    </p>
   </div>
   <div class='ocr_carea' id='block_1_65' title="bbox 2011 3255 3666 3329">
    <p class='ocr_par' dir='ltr' id='par_1_65' title="bbox 2011 3255 3666 3329">
     <span class='ocr_line' id='line_1_65' title="bbox 2011 3255 3666 3329; baseline -0.004 -14"><span class='ocrx_word' id='word_1_484' title='bbox 2011 3258 2054 3315; x_wconf 86' lang='lat' dir='ltr'><strong><em>C</em></strong></span> <span class='ocrx_word' id='word_1_485' title='bbox 2085 3263 2194 3317; x_wconf 86' lang='lat' dir='ltr'><strong>culi</strong></span> <span class='ocrx_word' id='word_1_486' title='bbox 2239 3255 2596 3316; x_wconf 83' lang='lat' dir='ltr'><strong>simulacrum</strong></span> <span class='ocrx_word' id='word_1_487' title='bbox 2637 3273 2916 3313; x_wconf 86' lang='lat' dir='ltr'><strong>arcessere</strong></span> <span class='ocrx_word' id='word_1_488' title='bbox 2942 3297 2958 3324; x_wconf 91' lang='lat'><strong>,</strong></span> <span class='ocrx_word' id='word_1_489' title='bbox 3008 3274 3198 3329; x_wconf 88' lang='lat' dir='ltr'><strong>poenas</strong></span> <span class='ocrx_word' id='word_1_490' title='bbox 3242 3266 3486 3328; x_wconf 87' lang='lat' dir='ltr'><strong>repetere</strong></span> <span class='ocrx_word' id='word_1_491' title='bbox 3509 3297 3524 3322; x_wconf 88' lang='lat'><strong>,</strong></span> <span class='ocrx_word' id='word_1_492' title='bbox 3562 3274 3666 3328; x_wconf 80' lang='lat' dir='ltr'><strong>po-</strong></span> 
     </span>
    </p>
   </div>
   <div class='ocr_carea' id='block_1_66' title="bbox 404 3338 3664 3428">
    <p class='ocr_par' dir='ltr' id='par_1_66' title="bbox 404 3338 3664 3428">
     <span class='ocr_line' id='line_1_66' title="bbox 404 3338 3664 3428; baseline -0.002 -16"><span class='ocrx_word' id='word_1_493' title='bbox 404 3367 606 3412; x_wconf 88' lang='lat' dir='ltr'><strong>stremo</strong></span> <span class='ocrx_word' id='word_1_494' title='bbox 633 3357 690 3411; x_wconf 90' lang='lat' dir='ltr'><strong>in</strong></span> <span class='ocrx_word' id='word_1_495' title='bbox 719 3372 868 3412; x_wconf 86' lang='lat' dir='ltr'><strong>mare</strong></span> <span class='ocrx_word' id='word_1_496' title='bbox 896 3357 1179 3428; x_wconf 88' lang='lat' dir='ltr'><strong>projicere.</strong></span> <span class='ocrx_word' id='word_1_497' title='bbox 1232 3355 1480 3421; x_wconf 89' lang='lat' dir='ltr'><strong>Frustra,</strong></span> <span class='ocrx_word' id='word_1_498' title='bbox 1516 3358 1654 3412; x_wconf 89' lang='lat' dir='ltr'><strong>nihil</strong></span> <span class='ocrx_word' id='word_1_499' title='bbox 1691 3359 1836 3412; x_wconf 89' lang='lat' dir='ltr'><strong>enim</strong></span> <span class='ocrx_word' id='word_1_500' title='bbox 1905 3338 2170 3428; x_wconf 83' lang='lat' dir='ltr'><strong>egerunt:</strong></span> <span class='ocrx_word' id='word_1_501' title='bbox 2207 3356 2338 3418; x_wconf 91' lang='lat' dir='ltr'><strong>imo,</strong></span> <span class='ocrx_word' id='word_1_502' title='bbox 2363 3369 2527 3425; x_wconf 88' lang='lat' dir='ltr'><strong>quam</strong></span> <span class='ocrx_word' id='word_1_503' title='bbox 2577 3369 2698 3409; x_wconf 88' lang='lat' dir='ltr'><strong>sese</strong></span> <span class='ocrx_word' id='word_1_504' title='bbox 2752 3353 2903 3423; x_wconf 81' lang='lat' dir='ltr'><strong>gravi</strong></span> <span class='ocrx_word' id='word_1_505' title='bbox 2970 3353 3174 3409; x_wconf 88' lang='lat' dir='ltr'><strong>scelere</strong></span> <span class='ocrx_word' id='word_1_506' title='bbox 3202 3352 3664 3418; x_wconf 83' lang='lat' dir='ltr'><strong>obstrinxissent,</strong></span> 
     </span>
    </p>
   </div>
   <div class='ocr_carea' id='block_1_67' title="bbox 405 3441 3661 3518">
    <p class='ocr_par' dir='ltr' id='par_1_67' title="bbox 405 3441 3661 3518">
     <span class='ocr_line' id='line_1_67' title="bbox 405 3441 3661 3518; baseline 0.001 -21"><span class='ocrx_word' id='word_1_507' title='bbox 405 3441 546 3502; x_wconf 79' lang='lat' dir='ltr'><strong>fame</strong></span> <span class='ocrx_word' id='word_1_508' title='bbox 603 3447 950 3516; x_wconf 90' lang='lat' dir='ltr'><strong>postmodum</strong></span> <span class='ocrx_word' id='word_1_509' title='bbox 986 3447 1212 3518; x_wconf 70' lang='lat' dir='ltr'><strong>justitiaa</strong></span> <span class='ocrx_word' id='word_1_510' title='bbox 1240 3447 1437 3503; x_wconf 67' lang='lat' dir='ltr'><strong>divinae</strong></span> <span class='ocrx_word' id='word_1_511' title='bbox 1469 3449 1815 3513; x_wconf 89' lang='lat' dir='ltr'><strong>administra,</strong></span> <span class='ocrx_word' id='word_1_512' title='bbox 1853 3465 2042 3503; x_wconf 88' lang='lat' dir='ltr'><strong>eorum</strong></span> <span class='ocrx_word' id='word_1_513' title='bbox 2081 3447 2134 3500; x_wconf 89' lang='lat' dir='ltr'><strong>in</strong></span> <span class='ocrx_word' id='word_1_514' title='bbox 2176 3447 2453 3516; x_wconf 90' lang='lat' dir='ltr'><strong>regionem</strong></span> <span class='ocrx_word' id='word_1_515' title='bbox 2505 3444 2774 3510; x_wconf 86' lang='lat' dir='ltr'><strong>immissa,</strong></span> <span class='ocrx_word' id='word_1_516' title='bbox 2805 3445 2988 3514; x_wconf 90' lang='lat' dir='ltr'><strong>superi</strong></span> <span class='ocrx_word' id='word_1_517' title='bbox 3036 3445 3294 3501; x_wconf 85' lang='lat' dir='ltr'><strong>docuere.</strong></span> <span class='ocrx_word' id='word_1_518' title='bbox 3335 3443 3661 3515; x_wconf 82' lang='lat' dir='ltr'><strong>Quanquam</strong></span> 
     </span>
    </p>
   </div>
   <div class='ocr_carea' id='block_1_68' title="bbox 405 3541 3661 3614">
    <p class='ocr_par' dir='ltr' id='par_1_68' title="bbox 405 3541 3661 3614">
     <span class='ocr_line' id='line_1_68' title="bbox 405 3541 3661 3614; baseline 0 -18"><span class='ocrx_word' id='word_1_519' title='bbox 405 3544 492 3598; x_wconf 84' lang='lat' dir='ltr'><strong>vix</strong></span> <span class='ocrx_word' id='word_1_520' title='bbox 538 3545 614 3598; x_wconf 87' lang='lat' dir='ltr'><strong>illi</strong></span> <span class='ocrx_word' id='word_1_521' title='bbox 656 3544 818 3600; x_wconf 89' lang='lat' dir='ltr'><strong>etiam</strong></span> <span class='ocrx_word' id='word_1_522' title='bbox 858 3552 973 3598; x_wconf 91' lang='lat' dir='ltr'><strong>tum</strong></span> <span class='ocrx_word' id='word_1_523' title='bbox 1017 3543 1258 3599; x_wconf 89' lang='lat' dir='ltr'><strong>divinam</strong></span> <span class='ocrx_word' id='word_1_524' title='bbox 1329 3559 1625 3613; x_wconf 79' lang='lat' dir='ltr'><strong>agnoscere</strong></span> <span class='ocrx_word' id='word_1_525' title='bbox 1668 3545 2002 3600; x_wconf 80' lang='lat' dir='ltr'><strong>voluntatem</strong></span> <span class='ocrx_word' id='word_1_526' title='bbox 2074 3551 2390 3614; x_wconf 87' lang='lat' dir='ltr'><strong>potuerunt.</strong></span> <span class='ocrx_word' id='word_1_527' title='bbox 2452 3543 2641 3612; x_wconf 90' lang='lat' dir='ltr'><strong>ltaque</strong></span> <span class='ocrx_word' id='word_1_528' title='bbox 2695 3550 2754 3594; x_wconf 92' lang='lat' dir='ltr'><strong>tu</strong></span> <span class='ocrx_word' id='word_1_529' title='bbox 2807 3541 2896 3596; x_wconf 86' lang='lat' dir='ltr'><strong>ille</strong></span> <span class='ocrx_word' id='word_1_530' title='bbox 2944 3541 3170 3597; x_wconf 90' lang='lat' dir='ltr'><strong>deorum</strong></span> <span class='ocrx_word' id='word_1_531' title='bbox 3227 3541 3661 3598; x_wconf 82' lang='lat' dir='ltr'><strong>humanissimus</strong></span> 
     </span>
    </p>
   </div>
   <div class='ocr_carea' id='block_1_69' title="bbox 404 3635 1977 3708">
    <p class='ocr_par' dir='ltr' id='par_1_69' title="bbox 404 3635 1977 3708">
     <span class='ocr_line' id='line_1_69' title="bbox 404 3635 1977 3708; baseline -0.001 -16"><span class='ocrx_word' id='word_1_532' title='bbox 404 3653 562 3708; x_wconf 89' lang='lat' dir='ltr'><strong>opem</strong></span> <span class='ocrx_word' id='word_1_533' title='bbox 584 3653 734 3693; x_wconf 87' lang='lat' dir='ltr'><strong>more</strong></span> <span class='ocrx_word' id='word_1_534' title='bbox 761 3645 856 3693; x_wconf 91' lang='lat' dir='ltr'><strong>tuo</strong></span> <span class='ocrx_word' id='word_1_535' title='bbox 880 3635 1292 3693; x_wconf 85' lang='lat' dir='ltr'><strong>consulentibus</strong></span> <span class='ocrx_word' id='word_1_536' title='bbox 1315 3635 1512 3703; x_wconf 88' lang='lat' dir='ltr'><strong>tulisti,</strong></span> <span class='ocrx_word' id='word_1_537' title='bbox 1546 3637 1651 3693; x_wconf 90' lang='lat' dir='ltr'><strong>hoc</strong></span> <span class='ocrx_word' id='word_1_538' title='bbox 1670 3636 1977 3692; x_wconf 88' lang='lat' dir='ltr'><strong>versiculo:</strong></span> 
     </span>
    </p>
   </div>
   <div class='ocr_carea' id='block_1_70' title="bbox 401 3757 1969 3830">
    <p class='ocr_par' dir='ltr' id='par_1_70' title="bbox 401 3757 1969 3830">
     <span class='ocr_line' id='line_1_70' title="bbox 401 3757 1969 3830; baseline -0.001 -18"><span class='ocrx_word' id='word_1_539' title='bbox 401 3759 497 3826; x_wconf 74' lang='grc' dir='ltr'><strong>Εἰς</strong></span> <span class='ocrx_word' id='word_1_540' title='bbox 518 3757 749 3828; x_wconf 82' lang='grc' dir='ltr'>πάτρην</span> <span class='ocrx_word' id='word_1_541' title='bbox 772 3759 1042 3828; x_wconf 71' lang='grc' dir='ltr'>φυγάδας</span> <span class='ocrx_word' id='word_1_542' title='bbox 1071 3758 1342 3830; x_wconf 78' lang='grc' dir='ltr'>κατάγων</span> <span class='ocrx_word' id='word_1_543' title='bbox 1359 3759 1673 3828; x_wconf 76' lang='grc' dir='ltr'>Δήμητραν</span> <span class='ocrx_word' id='word_1_544' title='bbox 1695 3758 1969 3829; x_wconf 80' lang='grc' dir='ltr'>ἀμήσεις.</span> 
     </span>
    </p>
   </div>
   <div class='ocr_carea' id='block_1_71' title="bbox 411 3909 1975 3987">
    <p class='ocr_par' dir='ltr' id='par_1_71' title="bbox 411 3909 1975 3987">
     <span class='ocr_line' id='line_1_71' title="bbox 411 3909 1975 3987; baseline 0.003 -25"><span class='ocrx_word' id='word_1_545' title='bbox 411 3909 549 3963; x_wconf 79' lang='grc' dir='ltr'>Ἀλλ’</span> <span class='ocrx_word' id='word_1_546' title='bbox 570 3910 619 3963; x_wconf 77' lang='lat' dir='ltr'><strong>oi</strong></span> <span class='ocrx_word' id='word_1_547' title='bbox 643 3910 922 3982; x_wconf 77' lang='grc' dir='ltr'>ἀϐέλτεροι</span> <span class='ocrx_word' id='word_1_548' title='bbox 953 3909 1114 3966; x_wconf 86' lang='grc' dir='ltr'>πάλιν</span> <span class='ocrx_word' id='word_1_549' title='bbox 1159 3913 1283 3977; x_wconf 86' lang='grc' dir='ltr'>τοὺς</span> <span class='ocrx_word' id='word_1_550' title='bbox 1311 3913 1611 3983; x_wconf 84' lang='grc' dir='ltr'>φεύγοντας</span> <span class='ocrx_word' id='word_1_551' title='bbox 1654 3912 1975 3987; x_wconf 86' lang='grc' dir='ltr'>ἀνθρώπους</span> 
     </span>
    </p>
   </div>
   <div class='ocr_carea' id='block_1_72' title="bbox 400 3999 1974 4073">
    <p class='ocr_par' dir='ltr' id='par_1_72' title="bbox 400 3999 1974 4073">
     <span class='ocr_line' id='line_1_72' title="bbox 400 3999 1974 4073; baseline 0.001 -19"><span class='ocrx_word' id='word_1_552' title='bbox 400 3999 585 4073; x_wconf 70' lang='grc' dir='ltr'>ᾤοντο,</span> <span class='ocrx_word' id='word_1_553' title='bbox 615 4002 696 4055; x_wconf 82' lang='grc' dir='ltr'><strong>ὅτι</strong></span> <span class='ocrx_word' id='word_1_554' title='bbox 723 4001 803 4055; x_wconf 86' lang='grc' dir='ltr'>δεῖ</span> <span class='ocrx_word' id='word_1_555' title='bbox 828 4002 1023 4066; x_wconf 77' lang='grc' dir='ltr'>αὐτοὺς</span> <span class='ocrx_word' id='word_1_556' title='bbox 1044 4004 1397 4058; x_wconf 86' lang='grc' dir='ltr'>κατακαλεῖν·</span> <span class='ocrx_word' id='word_1_557' title='bbox 1425 4005 1612 4069; x_wconf 89' lang='grc' dir='ltr'>κακῶς</span> <span class='ocrx_word' id='word_1_558' title='bbox 1649 4006 1870 4070; x_wconf 87' lang='grc' dir='ltr'>εἰδότες.</span> <span class='ocrx_word' id='word_1_559' title='bbox 1908 4005 1974 4057; x_wconf 88' lang='grc' dir='ltr'>Τί</span> 
     </span>
    </p>
   </div>
   <div class='ocr_carea' id='block_1_73' title="bbox 409 4092 1974 4168">
    <p class='ocr_par' dir='ltr' id='par_1_73' title="bbox 409 4092 1974 4168">
     <span class='ocr_line' id='line_1_73' title="bbox 409 4092 1974 4168; baseline 0.003 -22"><span class='ocrx_word' id='word_1_560' title='bbox 409 4092 511 4163; x_wconf 75' lang='grc' dir='ltr'><strong>τὰρ</strong></span> <span class='ocrx_word' id='word_1_561' title='bbox 545 4092 609 4164; x_wconf 84' lang='grc' dir='ltr'><strong>δὴ</strong></span> <span class='ocrx_word' id='word_1_562' title='bbox 634 4094 728 4147; x_wconf 77' lang='grc' dir='ltr'><strong>καὶ</strong></span> <span class='ocrx_word' id='word_1_563' title='bbox 754 4093 904 4165; x_wconf 82' lang='grc' dir='ltr'>μέλει</span> <span class='ocrx_word' id='word_1_564' title='bbox 932 4097 1043 4158; x_wconf 87' lang='grc' dir='ltr'>τοῖς</span> <span class='ocrx_word' id='word_1_565' title='bbox 1083 4095 1655 4168; x_wconf 86' lang='grc' dir='ltr'>ἀφιλανθρωποτάτοις</span> <span class='ocrx_word' id='word_1_566' title='bbox 1701 4096 1842 4160; x_wconf 85' lang='grc' dir='ltr'>θεοῖς</span> <span class='ocrx_word' id='word_1_567' title='bbox 1880 4097 1974 4150; x_wconf 86' lang='grc' dir='ltr'>ἀν-</span> 
     </span>
    </p>
   </div>
   <div class='ocr_carea' id='block_1_74' title="bbox 402 4183 1974 4262">
    <p class='ocr_par' dir='ltr' id='par_1_74' title="bbox 402 4183 1974 4262">
     <span class='ocr_line' id='line_1_74' title="bbox 402 4183 1974 4262; baseline 0.003 -25"><span class='ocrx_word' id='word_1_568' title='bbox 402 4183 634 4257; x_wconf 84' lang='grc' dir='ltr'>θρὼπων</span> <span class='ocrx_word' id='word_1_569' title='bbox 654 4186 961 4240; x_wconf 86' lang='grc' dir='ltr'>κατακαλου</span> <span class='ocrx_word' id='word_1_570' title='bbox 971 4186 1167 4258; x_wconf 87' lang='grc' dir='ltr'>μένων,</span> <span class='ocrx_word' id='word_1_571' title='bbox 1186 4188 1419 4261; x_wconf 82' lang='grc' dir='ltr'>ὅσονπερ</span> <span class='ocrx_word' id='word_1_572' title='bbox 1439 4189 1771 4262; x_wconf 84' lang='grc' dir='ltr'>ἀνδριάντων</span> <span class='ocrx_word' id='word_1_573' title='bbox 1789 4205 1804 4255; x_wconf 89' lang='grc'>;</span> <span class='ocrx_word' id='word_1_574' title='bbox 1822 4189 1974 4259; x_wconf 83' lang='grc' dir='ltr'>Ἀμέ-</span> 
     </span>
    </p>
   </div>
   <div class='ocr_carea' id='block_1_75' title="bbox 404 4278 1970 4353">
    <p class='ocr_par' dir='ltr' id='par_1_75' title="bbox 404 4278 1970 4353">
     <span class='ocr_line' id='line_1_75' title="bbox 404 4278 1970 4353; baseline 0.001 -23"><span class='ocrx_word' id='word_1_575' title='bbox 404 4290 480 4330; x_wconf 70' lang='grc' dir='ltr'><strong>λει</strong></span> <span class='ocrx_word' id='word_1_576' title='bbox 510 4278 661 4332; x_wconf 79' lang='grc' dir='ltr'>οὐδὲν</span> <span class='ocrx_word' id='word_1_577' title='bbox 690 4279 783 4332; x_wconf 80' lang='grc' dir='ltr'>ἐπὶ</span> <span class='ocrx_word' id='word_1_578' title='bbox 803 4278 977 4351; x_wconf 78' lang='grc' dir='ltr'>τούτῳ</span> <span class='ocrx_word' id='word_1_579' title='bbox 1007 4280 1257 4353; x_wconf 81' lang='grc' dir='ltr'>ὠφελήθη</span> <span class='ocrx_word' id='word_1_580' title='bbox 1295 4283 1329 4352; x_wconf 81' lang='grc' dir='ltr'>ἡ</span> <span class='ocrx_word' id='word_1_581' title='bbox 1359 4283 1453 4352; x_wconf 84' lang='grc' dir='ltr'>γῆ,</span> <span class='ocrx_word' id='word_1_582' title='bbox 1487 4281 1627 4335; x_wconf 81' lang='grc' dir='ltr'>ὥστε</span> <span class='ocrx_word' id='word_1_583' title='bbox 1659 4279 1970 4335; x_wconf 84' lang='grc' dir='ltr'>παύσασθαι</span> 
     </span>
    </p>
   </div>
   <div class='ocr_carea' id='block_1_76' title="bbox 405 4370 1973 4443">
    <p class='ocr_par' dir='ltr' id='par_1_76' title="bbox 405 4370 1973 4443">
     <span class='ocr_line' id='line_1_76' title="bbox 405 4370 1973 4443; baseline 0 -19"><span class='ocrx_word' id='word_1_584' title='bbox 405 4370 653 4425; x_wconf 61' lang='grc' dir='ltr'>νοσοῦσα·</span> <span class='ocrx_word' id='word_1_585' title='bbox 694 4373 744 4425; x_wconf 82' lang='grc' dir='ltr'><strong>εἰ</strong></span> <span class='ocrx_word' id='word_1_586' title='bbox 773 4371 850 4443; x_wconf 86' lang='grc' dir='ltr'>μὴ</span> <span class='ocrx_word' id='word_1_587' title='bbox 874 4372 984 4426; x_wconf 83' lang='grc' dir='ltr'><strong>τῶν</strong></span> <span class='ocrx_word' id='word_1_588' title='bbox 1013 4371 1190 4441; x_wconf 84' lang='grc' dir='ltr'>σοφῶν</span> <span class='ocrx_word' id='word_1_589' title='bbox 1228 4373 1322 4425; x_wconf 73' lang='grc' dir='ltr'><strong>καὶ</strong></span> <span class='ocrx_word' id='word_1_590' title='bbox 1351 4373 1728 4443; x_wconf 85' lang='grc' dir='ltr'>ἐπισταμένων</span> <span class='ocrx_word' id='word_1_591' title='bbox 1764 4390 1848 4436; x_wconf 88' lang='grc' dir='ltr'><strong>τις</strong></span> <span class='ocrx_word' id='word_1_592' title='bbox 1879 4371 1973 4425; x_wconf 81' lang='grc' dir='ltr'>τὸν</span> 
     </span>
    </p>
   </div>
   <div class='ocr_carea' id='block_1_77' title="bbox 404 4457 1970 4531">
    <p class='ocr_par' dir='ltr' id='par_1_77' title="bbox 404 4457 1970 4531">
     <span class='ocr_line' id='line_1_77' title="bbox 404 4457 1970 4531; baseline 0.001 -19"><span class='ocrx_word' id='word_1_593' title='bbox 404 4463 536 4514; x_wconf 60' lang='grc' dir='ltr'>θεῖον</span> <span class='ocrx_word' id='word_1_594' title='bbox 562 4459 687 4514; x_wconf 92' lang='grc' dir='ltr'>νοῦν</span> <span class='ocrx_word' id='word_1_595' title='bbox 730 4461 932 4531; x_wconf 81' lang='grc' dir='ltr'>συνῆκε</span> <span class='ocrx_word' id='word_1_596' title='bbox 958 4502 973 4526; x_wconf 96' lang='grc'><strong>,</strong></span> <span class='ocrx_word' id='word_1_597' title='bbox 1006 4461 1222 4531; x_wconf 84' lang='grc' dir='ltr'>φυγάδα</span> <span class='ocrx_word' id='word_1_598' title='bbox 1245 4457 1385 4515; x_wconf 77' lang='grc' dir='ltr'>εἶναι</span> <span class='ocrx_word' id='word_1_599' title='bbox 1411 4462 1503 4516; x_wconf 79' lang='grc' dir='ltr'><strong>τὸν</strong></span> <span class='ocrx_word' id='word_1_600' title='bbox 1543 4479 1970 4516; x_wconf 86' lang='grc' dir='ltr'>καταπεποντω-</span> 
     </span>
    </p>
   </div>
   <div class='ocr_carea' id='block_1_78' title="bbox 2082 3747 3661 3894">
    <p class='ocr_par' dir='ltr' id='par_1_78' title="bbox 2082 3747 3661 3894">
     <span class='ocr_line' id='line_1_78' title="bbox 2082 3747 3661 3894; baseline 0.001 -88"><span class='ocrx_word' id='word_1_601' title='bbox 2082 3754 2242 3826; x_wconf 72' lang='lat'><strong>232</strong></span> <span class='ocrx_word' id='word_1_602' title='bbox 2275 3749 2450 3807; x_wconf 77' lang='lat' dir='ltr'><strong>Redde</strong></span> <span class='ocrx_word' id='word_1_603' title='bbox 2479 3751 2633 3805; x_wconf 86' lang='lat' dir='ltr'><strong>modo</strong></span> <span class='ocrx_word' id='word_1_604' title='bbox 2683 3747 2950 3804; x_wconf 76' lang='lat' dir='ltr'><strong>exsulibus</strong></span> <span class='ocrx_word' id='word_1_605' title='bbox 2999 3750 3263 3818; x_wconf 78' lang='lat' dir='ltr'><strong>patriam,</strong></span> <span class='ocrx_word' id='word_1_606' title='bbox 3308 3749 3460 3894; x_wconf 53' lang='lat' dir='ltr'><strong>([Iere‘s</strong></span> <span class='ocrx_word' id='word_1_607' title='bbox 3482 3752 3661 3820; x_wconf 74' lang='lat' dir='ltr'><strong>ampla</strong></span> 
     </span>
     <span class='ocr_line' id='line_1_79' title="bbox 3347 3833 3584 3876; baseline 0.013 -3"><span class='ocrx_word' id='word_1_608' title='bbox 3347 3837 3425 3875; x_wconf 88' lang='lat' dir='ltr'><strong>me</strong></span> <span class='ocrx_word' id='word_1_609' title='bbox 3449 3833 3584 3876; x_wconf 63' lang='grc' dir='ltr'>τιατ.</span> 
     </span>
    </p>
   </div>
   <div class='ocr_carea' id='block_1_79' title="bbox 3347 3833 3584 3876">
    <p class='ocr_par' dir='ltr' id='par_1_79' title="bbox 3347 3833 3584 3876">
     <span class='ocr_line' id='line_1_80' title="bbox 3347 3833 3584 3876; baseline 0.013 -3"><span class='ocrx_word' id='word_1_610' title='bbox 3347 3833 3584 3876; x_wconf 81' lang='lat' dir='ltr'><strong>metetur.</strong></span> 
     </span>
    </p>
   </div>
   <div class='ocr_carea' id='block_1_80' title="bbox 2080 3910 3658 3986">
    <p class='ocr_par' dir='ltr' id='par_1_80' title="bbox 2080 3910 3658 3986">
     <span class='ocr_line' id='line_1_81' title="bbox 2080 3910 3658 3986; baseline 0 -16"><span class='ocrx_word' id='word_1_611' title='bbox 2080 3914 2181 3973; x_wconf 87' lang='lat' dir='ltr'><strong>Hic</strong></span> <span class='ocrx_word' id='word_1_612' title='bbox 2209 3931 2402 3986; x_wconf 90' lang='lat' dir='ltr'><strong>nempe</strong></span> <span class='ocrx_word' id='word_1_613' title='bbox 2440 3929 2550 3970; x_wconf 91' lang='lat' dir='ltr'><strong>non</strong></span> <span class='ocrx_word' id='word_1_614' title='bbox 2589 3913 2772 3968; x_wconf 88' lang='lat' dir='ltr'><strong>minus</strong></span> <span class='ocrx_word' id='word_1_615' title='bbox 2811 3910 3028 3978; x_wconf 85' lang='lat' dir='ltr'><strong>stolidi,</strong></span> <span class='ocrx_word' id='word_1_616' title='bbox 3063 3911 3398 3968; x_wconf 89' lang='lat' dir='ltr'><strong>revocandos</strong></span> <span class='ocrx_word' id='word_1_617' title='bbox 3438 3915 3658 3970; x_wconf 79' lang='lat' dir='ltr'><strong>exsules</strong></span> 
     </span>
    </p>
   </div>
   <div class='ocr_carea' id='block_1_81' title="bbox 2082 4002 3656 4074">
    <p class='ocr_par' dir='ltr' id='par_1_81' title="bbox 2082 4002 3656 4074">
     <span class='ocr_line' id='line_1_82' title="bbox 2082 4002 3656 4074; baseline -0.003 -11"><span class='ocrx_word' id='word_1_618' title='bbox 2082 4023 2190 4063; x_wconf 90' lang='lat' dir='ltr'><strong>non</strong></span> <span class='ocrx_word' id='word_1_619' title='bbox 2245 4008 2384 4062; x_wconf 90' lang='lat' dir='ltr'><strong>alios</strong></span> <span class='ocrx_word' id='word_1_620' title='bbox 2429 4019 2552 4060; x_wconf 90' lang='lat' dir='ltr'><strong>esse</strong></span> <span class='ocrx_word' id='word_1_621' title='bbox 2584 4019 2750 4074; x_wconf 90' lang='lat' dir='ltr'><strong>quam</strong></span> <span class='ocrx_word' id='word_1_622' title='bbox 2799 4003 3051 4058; x_wconf 88' lang='lat' dir='ltr'><strong>homines</strong></span> <span class='ocrx_word' id='word_1_623' title='bbox 3099 4002 3386 4071; x_wconf 89' lang='lat' dir='ltr'><strong>putabant.</strong></span> <span class='ocrx_word' id='word_1_624' title='bbox 3438 4005 3656 4060; x_wconf 82' lang='lat' dir='ltr'><strong>insulse</strong></span> 
     </span>
    </p>
   </div>
   <div class='ocr_carea' id='block_1_82' title="bbox 2079 4091 3655 4164">
    <p class='ocr_par' dir='ltr' id='par_1_82' title="bbox 2079 4091 3655 4164">
     <span class='ocr_line' id='line_1_83' title="bbox 2079 4091 3655 4164; baseline 0.001 -17"><span class='ocrx_word' id='word_1_625' title='bbox 2079 4107 2247 4150; x_wconf 89' lang='lat' dir='ltr'><strong>vero:</strong></span> <span class='ocrx_word' id='word_1_626' title='bbox 2282 4093 2413 4164; x_wconf 85' lang='lat' dir='ltr'><strong>quid</strong></span> <span class='ocrx_word' id='word_1_627' title='bbox 2443 4092 2588 4148; x_wconf 87' lang='lat' dir='ltr'><strong>enim</strong></span> <span class='ocrx_word' id='word_1_628' title='bbox 2623 4091 2730 4146; x_wconf 92' lang='lat' dir='ltr'><strong>diis</strong></span> <span class='ocrx_word' id='word_1_629' title='bbox 2780 4091 3196 4146; x_wconf 87' lang='lat' dir='ltr'><strong>immanissimis</strong></span> <span class='ocrx_word' id='word_1_630' title='bbox 3241 4099 3458 4146; x_wconf 90' lang='lat' dir='ltr'><strong>tantum</strong></span> <span class='ocrx_word' id='word_1_631' title='bbox 3506 4108 3655 4149; x_wconf 74' lang='lat' dir='ltr'><strong>curae</strong></span> 
     </span>
    </p>
   </div>
   <div class='ocr_carea' id='block_1_83' title="bbox 2080 4183 3644 4255">
    <p class='ocr_par' dir='ltr' id='par_1_83' title="bbox 2080 4183 3644 4255">
     <span class='ocr_line' id='line_1_84' title="bbox 2080 4183 3644 4255; baseline -0.001 -15"><span class='ocrx_word' id='word_1_632' title='bbox 2080 4187 2188 4241; x_wconf 89' lang='lat' dir='ltr'><strong>sint</strong></span> <span class='ocrx_word' id='word_1_633' title='bbox 2217 4186 2468 4241; x_wconf 89' lang='lat' dir='ltr'><strong>homines</strong></span> <span class='ocrx_word' id='word_1_634' title='bbox 2497 4185 2565 4239; x_wconf 91' lang='lat' dir='ltr'><strong>ab</strong></span> <span class='ocrx_word' id='word_1_635' title='bbox 2587 4183 2781 4249; x_wconf 78' lang='lat' dir='ltr'><strong>exsilio</strong></span> <span class='ocrx_word' id='word_1_636' title='bbox 2805 4183 3120 4248; x_wconf 88' lang='lat' dir='ltr'><strong>revocandi,</strong></span> <span class='ocrx_word' id='word_1_637' title='bbox 3162 4191 3425 4252; x_wconf 89' lang='lat' dir='ltr'><strong>quantum</strong></span> <span class='ocrx_word' id='word_1_638' title='bbox 3459 4184 3644 4255; x_wconf 82' lang='lat' dir='ltr'><strong>imagi-</strong></span> 
     </span>
    </p>
   </div>
   <div class='ocr_carea' id='block_1_84' title="bbox 2078 4273 3652 4342">
    <p class='ocr_par' dir='ltr' id='par_1_84' title="bbox 2078 4273 3652 4342">
     <span class='ocr_line' id='line_1_85' title="bbox 2078 4273 3652 4342; baseline -0.002 -11"><span class='ocrx_word' id='word_1_639' title='bbox 2078 4293 2177 4331; x_wconf 90' lang='lat' dir='ltr'><strong>nes</strong></span> <span class='ocrx_word' id='word_1_640' title='bbox 2229 4273 2619 4330; x_wconf 72' lang='lat' dir='ltr'><strong>restituendas?</strong></span> <span class='ocrx_word' id='word_1_641' title='bbox 2651 4273 2793 4342; x_wconf 88' lang='lat' dir='ltr'><strong>Ergo</strong></span> <span class='ocrx_word' id='word_1_642' title='bbox 2839 4273 3012 4326; x_wconf 86' lang='lat' dir='ltr'><strong>nihilo</strong></span> <span class='ocrx_word' id='word_1_643' title='bbox 3042 4279 3231 4340; x_wconf 79' lang='lat' dir='ltr'><strong>postea</strong></span> <span class='ocrx_word' id='word_1_644' title='bbox 3275 4273 3501 4328; x_wconf 87' lang='lat' dir='ltr'><strong>meliore</strong></span> <span class='ocrx_word' id='word_1_645' title='bbox 3534 4275 3652 4328; x_wconf 85' lang='lat' dir='ltr'><strong>solo</strong></span> 
     </span>
    </p>
   </div>
   <div class='ocr_carea' id='block_1_85' title="bbox 2079 4362 3645 4434">
    <p class='ocr_par' dir='ltr' id='par_1_85' title="bbox 2079 4362 3645 4434">
     <span class='ocr_line' id='line_1_86' title="bbox 2079 4362 3645 4434; baseline -0.001 -14"><span class='ocrx_word' id='word_1_646' title='bbox 2079 4367 2180 4431; x_wconf 89' lang='lat' dir='ltr'><strong>uti,</strong></span> <span class='ocrx_word' id='word_1_647' title='bbox 2215 4365 2352 4420; x_wconf 89' lang='lat' dir='ltr'><strong>nihil</strong></span> <span class='ocrx_word' id='word_1_648' title='bbox 2386 4379 2616 4434; x_wconf 88' lang='lat' dir='ltr'><strong>usquam</strong></span> <span class='ocrx_word' id='word_1_649' title='bbox 2650 4363 2704 4416; x_wconf 94' lang='lat' dir='ltr'><strong>vi</strong></span> <span class='ocrx_word' id='word_1_650' title='bbox 2740 4363 2915 4416; x_wconf 89' lang='lat' dir='ltr'><strong>morbi</strong></span> <span class='ocrx_word' id='word_1_651' title='bbox 2949 4362 3301 4417; x_wconf 89' lang='lat' dir='ltr'><strong>remittente:</strong></span> <span class='ocrx_word' id='word_1_652' title='bbox 3343 4362 3518 4417; x_wconf 88' lang='lat' dir='ltr'><strong>donec</strong></span> <span class='ocrx_word' id='word_1_653' title='bbox 3555 4380 3645 4418; x_wconf 78' lang='lat' dir='ltr'><strong>so-</strong></span> 
     </span>
    </p>
   </div>
   <div class='ocr_carea' id='block_1_86' title="bbox 2074 4453 3644 4526">
    <p class='ocr_par' dir='ltr' id='par_1_86' title="bbox 2074 4453 3644 4526">
     <span class='ocr_line' id='line_1_87' title="bbox 2074 4453 3644 4526; baseline 0.001 -15"><span class='ocrx_word' id='word_1_654' title='bbox 2074 4456 2262 4511; x_wconf 88' lang='lat' dir='ltr'><strong>lertior</strong></span> <span class='ocrx_word' id='word_1_655' title='bbox 2301 4455 2597 4526; x_wconf 91' lang='lat' dir='ltr'><strong>quispiam,</strong></span> <span class='ocrx_word' id='word_1_656' title='bbox 2631 4453 2845 4509; x_wconf 88' lang='lat' dir='ltr'><strong>acutius</strong></span> <span class='ocrx_word' id='word_1_657' title='bbox 2877 4455 2943 4509; x_wconf 90' lang='lat' dir='ltr'><strong>de</strong></span> <span class='ocrx_word' id='word_1_658' title='bbox 2976 4467 3231 4522; x_wconf 90' lang='lat' dir='ltr'><strong>superum</strong></span> <span class='ocrx_word' id='word_1_659' title='bbox 3262 4465 3440 4511; x_wconf 90' lang='lat' dir='ltr'><strong>mente</strong></span> <span class='ocrx_word' id='word_1_660' title='bbox 3467 4458 3644 4526; x_wconf 86' lang='lat' dir='ltr'><strong>conji-</strong></span> 
     </span>
    </p>
   </div>
   <div class='ocr_carea' id='block_1_87' title="bbox 405 4545 1981 4646">
    <p class='ocr_par' dir='ltr' id='par_1_87' title="bbox 405 4549 1965 4626">
     <span class='ocr_line' id='line_1_88' title="bbox 405 4549 1965 4626; baseline 0 -20"><span class='ocrx_word' id='word_1_661' title='bbox 405 4552 562 4615; x_wconf 75' lang='grc' dir='ltr'>,ιένον</span> <span class='ocrx_word' id='word_1_662' title='bbox 581 4552 892 4625; x_wconf 86' lang='grc' dir='ltr'>ἀνδριάντα.</span> <span class='ocrx_word' id='word_1_663' title='bbox 926 4555 1037 4608; x_wconf 79' lang='grc' dir='ltr'>Καὶ</span> <span class='ocrx_word' id='word_1_664' title='bbox 1059 4549 1128 4625; x_wconf 78' lang='grc' dir='ltr'>ἦν</span> <span class='ocrx_word' id='word_1_665' title='bbox 1153 4552 1344 4618; x_wconf 77' lang='grc' dir='ltr'>οὕτως.</span> <span class='ocrx_word' id='word_1_666' title='bbox 1369 4555 1520 4624; x_wconf 73' lang='grc' dir='ltr'>Ἅμα</span> <span class='ocrx_word' id='word_1_667' title='bbox 1544 4553 1654 4626; x_wconf 84' lang='grc' dir='ltr'>γὰρ</span> <span class='ocrx_word' id='word_1_668' title='bbox 1675 4551 1965 4623; x_wconf 85' lang='grc' dir='ltr'>ἀνεστάθη,</span> 
     </span>
    </p>
   </div>
   <div class='ocr_carea' id='block_1_88' title="bbox 2083 4545 3646 4646">
    <p class='ocr_par' dir='ltr' id='par_1_88' title="bbox 2083 4545 3646 4613">
     <span class='ocr_line' id='line_1_89' title="bbox 2083 4545 3646 4613; baseline -0.001 -11"><span class='ocrx_word' id='word_1_669' title='bbox 2083 4549 2224 4602; x_wconf 80' lang='lat' dir='ltr'><strong>ciens</strong></span> <span class='ocrx_word' id='word_1_670' title='bbox 2257 4589 2272 4613; x_wconf 92' lang='lat'><strong>,</strong></span> <span class='ocrx_word' id='word_1_671' title='bbox 2321 4545 2530 4602; x_wconf 79' lang='lat' dir='ltr'><strong>exsulis</strong></span> <span class='ocrx_word' id='word_1_672' title='bbox 2590 4545 2812 4600; x_wconf 90' lang='lat' dir='ltr'><strong>nomine</strong></span> <span class='ocrx_word' id='word_1_673' title='bbox 2855 4545 3160 4600; x_wconf 86' lang='lat' dir='ltr'><strong>demersam</strong></span> <span class='ocrx_word' id='word_1_674' title='bbox 3207 4545 3356 4601; x_wconf 89' lang='lat' dir='ltr'><strong>illam</strong></span> <span class='ocrx_word' id='word_1_675' title='bbox 3410 4554 3646 4603; x_wconf 87' lang='lat' dir='ltr'><strong>statuam</strong></span> 
     </span>
    </p>
   </div>
   <div class='ocr_carea' id='block_1_89' title="bbox 406 4643 1968 4716">
    <p class='ocr_par' dir='ltr' id='par_1_89' title="bbox 406 4643 1968 4716">
     <span class='ocr_line' id='line_1_90' title="bbox 406 4643 1968 4716; baseline 0.001 -22"><span class='ocrx_word' id='word_1_676' title='bbox 406 4643 489 4695; x_wconf 74' lang='grc' dir='ltr'>ιαὶ</span> <span class='ocrx_word' id='word_1_677' title='bbox 518 4643 678 4707; x_wconf 75' lang='grc' dir='ltr'>εὐθὺς</span> <span class='ocrx_word' id='word_1_678' title='bbox 711 4645 744 4715; x_wconf 83' lang='grc' dir='ltr'>ἡ</span> <span class='ocrx_word' id='word_1_679' title='bbox 780 4644 877 4714; x_wconf 88' lang='grc' dir='ltr'><strong>μέν</strong></span> <span class='ocrx_word' id='word_1_680' title='bbox 903 4646 974 4716; x_wconf 86' lang='grc' dir='ltr'>γῆ</span> <span class='ocrx_word' id='word_1_681' title='bbox 1001 4644 1312 4710; x_wconf 82' lang='grc' dir='ltr'>ἀνέϐαλλεν,</span> <span class='ocrx_word' id='word_1_682' title='bbox 1346 4645 1396 4696; x_wconf 83' lang='grc' dir='ltr'>οἱ</span> <span class='ocrx_word' id='word_1_683' title='bbox 1423 4643 1481 4697; x_wconf 84' lang='grc' dir='ltr'>δὲ</span> <span class='ocrx_word' id='word_1_684' title='bbox 1508 4643 1743 4713; x_wconf 87' lang='grc' dir='ltr'>ἐκώμων</span> <span class='ocrx_word' id='word_1_685' title='bbox 1780 4643 1968 4713; x_wconf 85' lang='grc' dir='ltr'>Δήμη-</span> 
     </span>
    </p>
   </div>
   <div class='ocr_carea' id='block_1_90' title="bbox 404 4733 1965 4809">
    <p class='ocr_par' dir='ltr' id='par_1_90' title="bbox 404 4733 1965 4809">
     <span class='ocr_line' id='line_1_91' title="bbox 404 4733 1965 4809; baseline 0.001 -21"><span class='ocrx_word' id='word_1_686' title='bbox 404 4752 481 4806; x_wconf 75' lang='grc' dir='ltr'><strong>τρι</strong></span> <span class='ocrx_word' id='word_1_687' title='bbox 500 4735 702 4790; x_wconf 86' lang='grc' dir='ltr'>λοιπόν.</span> <span class='ocrx_word' id='word_1_688' title='bbox 738 4736 863 4800; x_wconf 86' lang='grc' dir='ltr'><strong>Πῶς</strong></span> <span class='ocrx_word' id='word_1_689' title='bbox 888 4733 980 4791; x_wconf 79' lang='grc' dir='ltr'><strong>οῦν</strong></span> <span class='ocrx_word' id='word_1_690' title='bbox 1010 4738 1070 4790; x_wconf 77' lang='grc' dir='ltr'><strong>οὐ</strong></span> <span class='ocrx_word' id='word_1_691' title='bbox 1103 4738 1376 4809; x_wconf 88' lang='grc' dir='ltr'>τεκμήρια</span> <span class='ocrx_word' id='word_1_692' title='bbox 1402 4733 1577 4790; x_wconf 86' lang='grc' dir='ltr'>ταῦτά</span> <span class='ocrx_word' id='word_1_693' title='bbox 1602 4737 1738 4788; x_wconf 89' lang='grc' dir='ltr'>εἰσιν</span> <span class='ocrx_word' id='word_1_694' title='bbox 1761 4733 1965 4805; x_wconf 85' lang='grc' dir='ltr'>ἐναργῆ</span> 
     </span>
    </p>
   </div>
   <div class='ocr_carea' id='block_1_91' title="bbox 404 4823 1966 4898">
    <p class='ocr_par' dir='ltr' id='par_1_91' title="bbox 404 4823 1966 4898">
     <span class='ocr_line' id='line_1_92' title="bbox 404 4823 1966 4898; baseline -0.002 -20"><span class='ocrx_word' id='word_1_695' title='bbox 404 4825 489 4893; x_wconf 72' lang='grc' dir='ltr'><strong>τῆς</strong></span> <span class='ocrx_word' id='word_1_696' title='bbox 520 4824 853 4896; x_wconf 84' lang='grc' dir='ltr'>θεοπρεποῦς</span> <span class='ocrx_word' id='word_1_697' title='bbox 882 4826 1195 4898; x_wconf 79' lang='grc' dir='ltr'>ἀθλητικῆς,</span> <span class='ocrx_word' id='word_1_698' title='bbox 1225 4829 1306 4881; x_wconf 82' lang='grc' dir='ltr'><strong>ὅτι</strong></span> <span class='ocrx_word' id='word_1_699' title='bbox 1332 4827 1449 4880; x_wconf 73' lang='grc' dir='ltr'>ἐστὶ</span> <span class='ocrx_word' id='word_1_700' title='bbox 1474 4825 1826 4895; x_wconf 85' lang='grc' dir='ltr'>θεοτίμητος;</span> <span class='ocrx_word' id='word_1_701' title='bbox 1855 4823 1966 4876; x_wconf 78' lang='grc' dir='ltr'><strong>Καὶ</strong></span> 
     </span>
    </p>
   </div>
   <div class='ocr_carea' id='block_1_92' title="bbox 394 4914 1968 4988">
    <p class='ocr_par' dir='ltr' id='par_1_92' title="bbox 394 4914 1968 4988">
     <span class='ocr_line' id='line_1_93' title="bbox 394 4914 1968 4988; baseline -0.006 -16"><span class='ocrx_word' id='word_1_702' title='bbox 394 4914 499 4984; x_wconf 84' lang='grc' dir='ltr'><strong>γὰρ</strong></span> <span class='ocrx_word' id='word_1_703' title='bbox 532 4915 626 4967; x_wconf 74' lang='grc' dir='ltr'>καὶ</span> <span class='ocrx_word' id='word_1_704' title='bbox 657 4916 750 4968; x_wconf 75' lang='grc' dir='ltr'><strong>ἐπὶ</strong></span> <span class='ocrx_word' id='word_1_705' title='bbox 781 4914 1075 4970; x_wconf 87' lang='grc' dir='ltr'>πεντάθλου</span> <span class='ocrx_word' id='word_1_706' title='bbox 1108 4916 1381 4988; x_wconf 82' lang='grc' dir='ltr'>ἀνδριάντι</span> <span class='ocrx_word' id='word_1_707' title='bbox 1423 4914 1736 4988; x_wconf 77' lang='grc' dir='ltr'>ὑϐρισμένῳ</span> <span class='ocrx_word' id='word_1_708' title='bbox 1777 4914 1968 4983; x_wconf 84' lang='grc' dir='ltr'>ἐμήνι-</span> 
     </span>
    </p>
   </div>
   <div class='ocr_carea' id='block_1_93' title="bbox 388 5004 1962 5080">
    <p class='ocr_par' dir='ltr' id='par_1_93' title="bbox 388 5004 1962 5080">
     <span class='ocr_line' id='line_1_94' title="bbox 388 5004 1962 5080; baseline -0.003 -20"><span class='ocrx_word' id='word_1_709' title='bbox 388 5023 490 5061; x_wconf 87' lang='grc' dir='ltr'><strong>σαν</strong></span> <span class='ocrx_word' id='word_1_710' title='bbox 519 5007 570 5060; x_wconf 72' lang='lat' dir='ltr'><strong>oi</strong></span> <span class='ocrx_word' id='word_1_711' title='bbox 597 5007 728 5074; x_wconf 75' lang='grc' dir='ltr'>θεοὶ,</span> <span class='ocrx_word' id='word_1_712' title='bbox 764 5007 858 5062; x_wconf 78' lang='grc' dir='ltr'><strong>καὶ</strong></span> <span class='ocrx_word' id='word_1_713' title='bbox 885 5008 1082 5080; x_wconf 85' lang='grc' dir='ltr'>Λοκροὶ</span> <span class='ocrx_word' id='word_1_714' title='bbox 1109 5008 1401 5080; x_wconf 81' lang='grc' dir='ltr'>ἐπείνησαν</span> <span class='ocrx_word' id='word_1_715' title='bbox 1427 5007 1515 5061; x_wconf 84' lang='grc' dir='ltr'><strong>διά</strong></span> <span class='ocrx_word' id='word_1_716' title='bbox 1545 5007 1732 5069; x_wconf 90' lang='grc' dir='ltr'>τοῦτο,</span> <span class='ocrx_word' id='word_1_717' title='bbox 1772 5004 1962 5074; x_wconf 83' lang='grc' dir='ltr'>ὥσπερ</span> 
     </span>
    </p>
   </div>
   <div class='ocr_carea' id='block_1_94' title="bbox 377 5097 1885 5170">
    <p class='ocr_par' dir='ltr' id='par_1_94' title="bbox 377 5097 1885 5170">
     <span class='ocr_line' id='line_1_95' title="bbox 377 5097 1885 5170; baseline -0.003 -16"><span class='ocrx_word' id='word_1_718' title='bbox 377 5099 596 5164; x_wconf 82' lang='grc' dir='ltr'>Θάσιοι,</span> <span class='ocrx_word' id='word_1_719' title='bbox 626 5100 732 5162; x_wconf 72' lang='grc' dir='ltr'>ἕως</span> <span class='ocrx_word' id='word_1_720' title='bbox 761 5100 960 5164; x_wconf 77' lang='grc' dir='ltr'>αὐτοὺς</span> <span class='ocrx_word' id='word_1_721' title='bbox 985 5101 1173 5155; x_wconf 71' lang='grc' dir='ltr'>ἰάσατο</span> <span class='ocrx_word' id='word_1_722' title='bbox 1199 5099 1375 5170; x_wconf 89' lang='grc' dir='ltr'>λόγιον</span> <span class='ocrx_word' id='word_1_723' title='bbox 1399 5099 1492 5154; x_wconf 83' lang='grc' dir='ltr'><strong>σὺν</strong></span> <span class='ocrx_word' id='word_1_724' title='bbox 1522 5099 1644 5170; x_wconf 79' lang='grc' dir='ltr'>ἔχον</span> <span class='ocrx_word' id='word_1_725' title='bbox 1680 5097 1853 5159; x_wconf 77' lang='grc' dir='ltr'>οὕτως</span> <span class='ocrx_word' id='word_1_726' title='bbox 1873 5115 1885 5128; x_wconf 88' lang='grc'><strong>·</strong></span> 
     </span>
    </p>
   </div>
   <div class='ocr_carea' id='block_1_95' title="bbox 2074 4634 3648 4710">
    <p class='ocr_par' dir='ltr' id='par_1_95' title="bbox 2074 4634 3648 4710">
     <span class='ocr_line' id='line_1_96' title="bbox 2074 4634 3648 4710; baseline 0.001 -16"><span class='ocrx_word' id='word_1_727' title='bbox 2074 4639 2294 4710; x_wconf 91' lang='lat' dir='ltr'><strong>intelligi</strong></span> <span class='ocrx_word' id='word_1_728' title='bbox 2321 4638 2669 4693; x_wconf 88' lang='lat' dir='ltr'><strong>declarasset.</strong></span> <span class='ocrx_word' id='word_1_729' title='bbox 2711 4636 2776 4692; x_wconf 87' lang='lat' dir='ltr'><strong>Et</strong></span> <span class='ocrx_word' id='word_1_730' title='bbox 2816 4651 2963 4692; x_wconf 90' lang='lat' dir='ltr'><strong>vere.</strong></span> <span class='ocrx_word' id='word_1_731' title='bbox 2995 4634 3131 4690; x_wconf 86' lang='lat' dir='ltr'><strong>Nam</strong></span> <span class='ocrx_word' id='word_1_732' title='bbox 3161 4637 3324 4693; x_wconf 89' lang='lat' dir='ltr'><strong>simul</strong></span> <span class='ocrx_word' id='word_1_733' title='bbox 3351 4646 3513 4708; x_wconf 89' lang='lat' dir='ltr'><strong>atque</strong></span> <span class='ocrx_word' id='word_1_734' title='bbox 3544 4653 3648 4696; x_wconf 82' lang='lat' dir='ltr'><strong>suo</strong></span> 
     </span>
    </p>
   </div>
   <div class='ocr_carea' id='block_1_96' title="bbox 2071 4728 3650 4803">
    <p class='ocr_par' dir='ltr' id='par_1_96' title="bbox 2071 4728 3650 4803">
     <span class='ocr_line' id='line_1_97' title="bbox 2071 4728 3650 4803; baseline -0.003 -14"><span class='ocrx_word' id='word_1_735' title='bbox 2071 4733 2304 4803; x_wconf 87' lang='lat' dir='ltr'><strong>reposita</strong></span> <span class='ocrx_word' id='word_1_736' title='bbox 2337 4732 2456 4785; x_wconf 90' lang='lat' dir='ltr'><strong>loco</strong></span> <span class='ocrx_word' id='word_1_737' title='bbox 2488 4728 2609 4794; x_wconf 84' lang='lat' dir='ltr'><strong>fuit,</strong></span> <span class='ocrx_word' id='word_1_738' title='bbox 2640 4729 2947 4800; x_wconf 86' lang='lat' dir='ltr'><strong>germinare</strong></span> <span class='ocrx_word' id='word_1_739' title='bbox 2979 4739 3121 4784; x_wconf 87' lang='lat' dir='ltr'><strong>terra</strong></span> <span class='ocrx_word' id='word_1_740' title='bbox 3151 4732 3412 4786; x_wconf 90' lang='lat' dir='ltr'><strong>continuo</strong></span> <span class='ocrx_word' id='word_1_741' title='bbox 3435 4771 3450 4796; x_wconf 88' lang='lat'><strong>,</strong></span> <span class='ocrx_word' id='word_1_742' title='bbox 3500 4729 3650 4785; x_wconf 54' lang='lat' dir='ltr'><strong>Tha-</strong></span> 
     </span>
    </p>
   </div>
   <div class='ocr_carea' id='block_1_97' title="bbox 2071 4822 3642 4896">
    <p class='ocr_par' dir='ltr' id='par_1_97' title="bbox 2071 4822 3642 4896">
     <span class='ocr_line' id='line_1_98' title="bbox 2071 4822 3642 4896; baseline -0.004 -14"><span class='ocrx_word' id='word_1_743' title='bbox 2071 4827 2247 4896; x_wconf 90' lang='lat' dir='ltr'><strong>siique</strong></span> <span class='ocrx_word' id='word_1_744' title='bbox 2272 4823 2527 4892; x_wconf 85' lang='lat' dir='ltr'><strong>deinceps</strong></span> <span class='ocrx_word' id='word_1_745' title='bbox 2551 4837 2804 4888; x_wconf 83' lang='lat' dir='ltr'><strong>agrorum</strong></span> <span class='ocrx_word' id='word_1_746' title='bbox 2836 4822 3085 4878; x_wconf 87' lang='lat' dir='ltr'><strong>ubertate</strong></span> <span class='ocrx_word' id='word_1_747' title='bbox 3131 4822 3358 4892; x_wconf 89' lang='lat' dir='ltr'><strong>gliscere</strong></span> <span class='ocrx_word' id='word_1_748' title='bbox 3385 4837 3452 4879; x_wconf 89' lang='lat' dir='ltr'><strong>ac</strong></span> <span class='ocrx_word' id='word_1_749' title='bbox 3479 4823 3642 4878; x_wconf 80' lang='lat' dir='ltr'><strong>luxu-</strong></span> 
     </span>
    </p>
   </div>
   <div class='ocr_carea' id='block_1_98' title="bbox 2071 4908 3645 4982">
    <p class='ocr_par' dir='ltr' id='par_1_98' title="bbox 2071 4908 3645 4982">
     <span class='ocr_line' id='line_1_99' title="bbox 2071 4908 3645 4982; baseline -0.001 -16"><span class='ocrx_word' id='word_1_750' title='bbox 2071 4913 2215 4966; x_wconf 88' lang='lat' dir='ltr'><strong>riare</strong></span> <span class='ocrx_word' id='word_1_751' title='bbox 2240 4917 2545 4980; x_wconf 63' lang='lat' dir='ltr'><strong>coeperunt.</strong></span> <span class='ocrx_word' id='word_1_752' title='bbox 2589 4908 2724 4975; x_wconf 89' lang='lat' dir='ltr'><strong>Quis</strong></span> <span class='ocrx_word' id='word_1_753' title='bbox 2747 4910 2864 4965; x_wconf 63' lang='lat' dir='ltr'><strong>haec</strong></span> <span class='ocrx_word' id='word_1_754' title='bbox 2904 4925 3070 4980; x_wconf 90' lang='lat' dir='ltr'><strong>porro</strong></span> <span class='ocrx_word' id='word_1_755' title='bbox 3115 4925 3225 4965; x_wconf 92' lang='lat' dir='ltr'><strong>non</strong></span> <span class='ocrx_word' id='word_1_756' title='bbox 3261 4925 3362 4982; x_wconf 86' lang='lat' dir='ltr'><strong>pro</strong></span> <span class='ocrx_word' id='word_1_757' title='bbox 3400 4911 3645 4970; x_wconf 76' lang='lat' dir='ltr'><strong>certissi-</strong></span> 
     </span>
    </p>
   </div>
   <div class='ocr_carea' id='block_1_99' title="bbox 2068 4999 3640 5071">
    <p class='ocr_par' dir='ltr' id='par_1_99' title="bbox 2068 4999 3640 5071">
     <span class='ocr_line' id='line_1_100' title="bbox 2068 4999 3640 5071; baseline 0.001 -17"><span class='ocrx_word' id='word_1_758' title='bbox 2068 5000 2173 5054; x_wconf 89' lang='lat' dir='ltr'><strong>mis</strong></span> <span class='ocrx_word' id='word_1_759' title='bbox 2200 4999 2535 5071; x_wconf 87' lang='lat' dir='ltr'><strong>argumentis</strong></span> <span class='ocrx_word' id='word_1_760' title='bbox 2571 5000 2788 5063; x_wconf 87' lang='lat' dir='ltr'><strong>habeat,</strong></span> <span class='ocrx_word' id='word_1_761' title='bbox 2818 5016 2980 5070; x_wconf 90' lang='lat' dir='ltr'><strong>quam</strong></span> <span class='ocrx_word' id='word_1_762' title='bbox 3008 5000 3132 5070; x_wconf 89' lang='lat' dir='ltr'><strong>jure</strong></span> <span class='ocrx_word' id='word_1_763' title='bbox 3154 5015 3219 5055; x_wconf 90' lang='lat' dir='ltr'><strong>ac</strong></span> <span class='ocrx_word' id='word_1_764' title='bbox 3245 5000 3442 5057; x_wconf 90' lang='lat' dir='ltr'><strong>merito</strong></span> <span class='ocrx_word' id='word_1_765' title='bbox 3469 5001 3640 5057; x_wconf 88' lang='lat' dir='ltr'><strong>divini</strong></span> 
     </span>
    </p>
   </div>
   <div class='ocr_carea' id='block_1_100' title="bbox 2069 5091 3640 5149">
    <p class='ocr_par' dir='ltr' id='par_1_100' title="bbox 2069 5091 3640 5149">
     <span class='ocr_line' id='line_1_101' title="bbox 2069 5091 3640 5149; baseline -0.001 -2"><span class='ocrx_word' id='word_1_766' title='bbox 2069 5093 2305 5147; x_wconf 82' lang='lat' dir='ltr'><strong>honores</strong></span> <span class='ocrx_word' id='word_1_767' title='bbox 2327 5091 2524 5146; x_wconf 71' lang='lat' dir='ltr'><strong>divina:</strong></span> <span class='ocrx_word' id='word_1_768' title='bbox 2553 5093 2877 5146; x_wconf 83' lang='lat' dir='ltr'><strong>athletarum</strong></span> <span class='ocrx_word' id='word_1_769' title='bbox 2909 5093 2961 5146; x_wconf 88' lang='lat' dir='ltr'><strong>vi</strong></span> <span class='ocrx_word' id='word_1_770' title='bbox 3001 5101 3055 5147; x_wconf 89' lang='lat' dir='ltr'><strong>et</strong></span> <span class='ocrx_word' id='word_1_771' title='bbox 3097 5091 3378 5148; x_wconf 72' lang='lat' dir='ltr'><strong>industria:</strong></span> <span class='ocrx_word' id='word_1_772' title='bbox 3402 5093 3640 5149; x_wconf 80' lang='lat' dir='ltr'><strong>debean-</strong></span> 
     </span>
    </p>
   </div>
   <div class='ocr_carea' id='block_1_101' title="bbox 383 5186 3636 5266">
    <p class='ocr_par' dir='ltr' id='par_1_101' title="bbox 383 5186 3636 5266">
     <span class='ocr_line' id='line_1_102' title="bbox 383 5186 3636 5266; baseline -0.001 -20"><span class='ocrx_word' id='word_1_773' title='bbox 383 5194 521 5248; x_wconf 86' lang='lat' dir='ltr'><strong>tur?</strong></span> <span class='ocrx_word' id='word_1_774' title='bbox 553 5193 690 5250; x_wconf 85' lang='lat' dir='ltr'><strong>Nam</strong></span> <span class='ocrx_word' id='word_1_775' title='bbox 743 5204 799 5250; x_wconf 89' lang='lat' dir='ltr'><strong>et</strong></span> <span class='ocrx_word' id='word_1_776' title='bbox 845 5205 1066 5265; x_wconf 86' lang='lat' dir='ltr'><strong>propter</strong></span> <span class='ocrx_word' id='word_1_777' title='bbox 1115 5197 1340 5251; x_wconf 89' lang='lat' dir='ltr'><strong>alterius</strong></span> <span class='ocrx_word' id='word_1_778' title='bbox 1380 5195 1820 5266; x_wconf 89' lang='lat' dir='ltr'><strong>quinquertionis</strong></span> <span class='ocrx_word' id='word_1_779' title='bbox 1870 5201 2107 5246; x_wconf 87' lang='lat' dir='ltr'><strong>statuam</strong></span> <span class='ocrx_word' id='word_1_780' title='bbox 2165 5188 2301 5242; x_wconf 88' lang='lat' dir='ltr'><strong>alias</strong></span> <span class='ocrx_word' id='word_1_781' title='bbox 2357 5187 2610 5242; x_wconf 84' lang='lat' dir='ltr'><strong>violatam</strong></span> <span class='ocrx_word' id='word_1_782' title='bbox 2670 5201 2925 5242; x_wconf 75' lang='lat' dir='ltr'><strong>exarsere</strong></span> <span class='ocrx_word' id='word_1_783' title='bbox 2961 5186 3059 5253; x_wconf 90' lang='lat' dir='ltr'><strong>dii,</strong></span> <span class='ocrx_word' id='word_1_784' title='bbox 3087 5201 3188 5242; x_wconf 86' lang='lat' dir='ltr'><strong>nec</strong></span> <span class='ocrx_word' id='word_1_785' title='bbox 3233 5187 3443 5242; x_wconf 89' lang='lat' dir='ltr'><strong>minore</strong></span> <span class='ocrx_word' id='word_1_786' title='bbox 3475 5187 3636 5244; x_wconf 84' lang='lat' dir='ltr'><strong>Locri</strong></span> 
     </span>
    </p>
   </div>
   <div class='ocr_carea' id='block_1_102' title="bbox 376 5281 3314 5360">
    <p class='ocr_par' dir='ltr' id='par_1_102' title="bbox 376 5281 3314 5360">
     <span class='ocr_line' id='line_1_103' title="bbox 376 5281 3314 5360; baseline -0.003 -15"><span class='ocrx_word' id='word_1_787' title='bbox 376 5304 404 5357; x_wconf 73' lang='grc' dir='ltr'><strong>ο</strong></span> <span class='ocrx_word' id='word_1_788' title='bbox 426 5301 674 5360; x_wconf 84' lang='lat' dir='ltr'><strong>mpterea</strong></span> <span class='ocrx_word' id='word_1_789' title='bbox 707 5305 870 5360; x_wconf 88' lang='lat' dir='ltr'><strong>quam</strong></span> <span class='ocrx_word' id='word_1_790' title='bbox 914 5289 1098 5346; x_wconf 89' lang='lat' dir='ltr'><strong>Thasii</strong></span> <span class='ocrx_word' id='word_1_791' title='bbox 1131 5291 1274 5345; x_wconf 82' lang='lat' dir='ltr'><strong>fame</strong></span> <span class='ocrx_word' id='word_1_792' title='bbox 1317 5291 1656 5357; x_wconf 86' lang='lat' dir='ltr'><strong>laborarunt,</strong></span> <span class='ocrx_word' id='word_1_793' title='bbox 1693 5292 1863 5346; x_wconf 86' lang='lat' dir='ltr'><strong>donec</strong></span> <span class='ocrx_word' id='word_1_794' title='bbox 1899 5299 1954 5341; x_wconf 90' lang='lat' dir='ltr'><strong>tu</strong></span> <span class='ocrx_word' id='word_1_795' title='bbox 1992 5299 2210 5356; x_wconf 88' lang='lat' dir='ltr'><strong>quoque</strong></span> <span class='ocrx_word' id='word_1_796' title='bbox 2240 5282 2344 5337; x_wconf 89' lang='lat' dir='ltr'><strong>hoc</strong></span> <span class='ocrx_word' id='word_1_797' title='bbox 2370 5296 2635 5352; x_wconf 82' lang='lat' dir='ltr'><strong>responso</strong></span> <span class='ocrx_word' id='word_1_798' title='bbox 2666 5281 3026 5336; x_wconf 87' lang='lat' dir='ltr'><strong>calamitatem</strong></span> <span class='ocrx_word' id='word_1_799' title='bbox 3055 5282 3264 5338; x_wconf 78' lang='lat' dir='ltr'><strong>levares</strong></span> <span class='ocrx_word' id='word_1_800' title='bbox 3298 5300 3314 5336; x_wconf 93' lang='lat'><strong>:</strong></span> 
     </span>
    </p>
   </div>
   <div class='ocr_carea' id='block_1_103' title="bbox 377 5403 1878 5476">
    <p class='ocr_par' dir='ltr' id='par_1_103' title="bbox 377 5403 1878 5476">
     <span class='ocr_line' id='line_1_104' title="bbox 377 5403 1878 5476; baseline -0.005 -14"><span class='ocrx_word' id='word_1_801' title='bbox 377 5415 392 5434; x_wconf 80' lang='lat'><strong>’</strong></span> <span class='ocrx_word' id='word_1_802' title='bbox 412 5410 495 5462; x_wconf 73' lang='lat' dir='ltr'><strong>Er</strong></span> <span class='ocrx_word' id='word_1_803' title='bbox 520 5406 658 5476; x_wconf 78' lang='grc' dir='ltr'>τιμῇ</span> <span class='ocrx_word' id='word_1_804' title='bbox 689 5405 796 5460; x_wconf 79' lang='grc' dir='ltr'><strong>τὸν</strong></span> <span class='ocrx_word' id='word_1_805' title='bbox 817 5405 1025 5476; x_wconf 71' lang='grc' dir='ltr'>ἄτιμον</span> <span class='ocrx_word' id='word_1_806' title='bbox 1049 5408 1226 5475; x_wconf 68' lang='grc' dir='ltr'>ἔχων,</span> <span class='ocrx_word' id='word_1_807' title='bbox 1247 5407 1382 5460; x_wconf 88' lang='grc' dir='ltr'>τότε</span> <span class='ocrx_word' id='word_1_808' title='bbox 1399 5406 1574 5475; x_wconf 74' lang='grc' dir='ltr'>γαῖαν</span> <span class='ocrx_word' id='word_1_809' title='bbox 1607 5403 1878 5474; x_wconf 83' lang='grc' dir='ltr'>ἀρώσεις.</span> 
     </span>
    </p>
   </div>
   <div class='ocr_carea' id='block_1_104' title="bbox 385 5499 1953 5588">
    <p class='ocr_par' dir='ltr' id='par_1_104' title="bbox 385 5499 1953 5588">
     <span class='ocr_line' id='line_1_105' title="bbox 385 5499 1953 5588; baseline -0.002 -17"><span class='ocrx_word' id='word_1_810' title='bbox 385 5518 458 5572; x_wconf 78' lang='grc' dir='ltr'><strong>οὐ</strong></span> <span class='ocrx_word' id='word_1_811' title='bbox 483 5517 596 5588; x_wconf 70' lang='grc' dir='ltr'><strong>γὰρ</strong></span> <span class='ocrx_word' id='word_1_812' title='bbox 631 5517 832 5588; x_wconf 70' lang='grc' dir='ltr'>Λοκροὶ</span> <span class='ocrx_word' id='word_1_813' title='bbox 859 5516 1085 5588; x_wconf 69' lang='grc' dir='ltr'>ᾔσθοντο</span> <span class='ocrx_word' id='word_1_814' title='bbox 1125 5499 1362 5581; x_wconf 81' lang='grc' dir='ltr'>διανοίας</span> <span class='ocrx_word' id='word_1_815' title='bbox 1398 5517 1551 5580; x_wconf 84' lang='grc' dir='ltr'>θείας</span> <span class='ocrx_word' id='word_1_816' title='bbox 1593 5518 1856 5587; x_wconf 77' lang='grc' dir='ltr'>πρότερον</span> <span class='ocrx_word' id='word_1_817' title='bbox 1881 5515 1953 5585; x_wconf 80' lang='grc' dir='ltr'>,ἢ</span> 
     </span>
    </p>
   </div>
   <div class='ocr_carea' id='block_1_105' title="bbox 459 5639 1462 5740">
    <p class='ocr_par' dir='ltr' id='par_1_105' title="bbox 459 5639 1462 5740">
     <span class='ocr_line' id='line_1_106' title="bbox 459 5639 1462 5740; baseline 0 -18"><span class='ocrx_word' id='word_1_818' title='bbox 459 5682 483 5709; x_wconf 74' lang='grc' dir='ltr'>ι</span> <span class='ocrx_word' id='word_1_819' title='bbox 513 5673 598 5722; x_wconf 70' lang='lat' dir='ltr'><strong>lo‘.</strong></span> <span class='ocrx_word' id='word_1_820' title='bbox 634 5668 904 5733; x_wconf 78' lang='grc' dir='ltr'>ἀνέξεται.</span> <span class='ocrx_word' id='word_1_821' title='bbox 985 5670 1012 5709; x_wconf 73' lang='lat' dir='ltr'><strong>h</strong></span> <span class='ocrx_word' id='word_1_822' title='bbox 1039 5669 1124 5722; x_wconf 79' lang='grc' dir='ltr'><strong>ἷσ.</strong></span> <span class='ocrx_word' id='word_1_823' title='bbox 1153 5639 1462 5740; x_wconf 74' lang='grc' dir='ltr'>ἀπειλήσει.</span> 
     </span>
    </p>
   </div>
   <div class='ocr_carea' id='block_1_106' title="bbox 461 5800 1624 5872">
    <p class='ocr_par' dir='ltr' id='par_1_106' title="bbox 461 5800 1624 5872">
     <span class='ocr_line' id='line_1_107' title="bbox 461 5800 1624 5872; baseline 0.002 -18"><span class='ocrx_word' id='word_1_824' title='bbox 461 5800 571 5872; x_wconf 77' lang='lat'><strong>(36)</strong></span> <span class='ocrx_word' id='word_1_825' title='bbox 614 5801 810 5867; x_wconf 81' lang='grc' dir='ltr'>Θασίῳ</span> <span class='ocrx_word' id='word_1_826' title='bbox 839 5802 1056 5870; x_wconf 76' lang='grc' dir='ltr'>πύκτῃ.</span> <span class='ocrx_word' id='word_1_827' title='bbox 1095 5801 1408 5872; x_wconf 73' lang='lat' dir='ltr'><strong>Theogenes</strong></span> <span class='ocrx_word' id='word_1_828' title='bbox 1433 5803 1477 5859; x_wconf 90' lang='lat' dir='ltr'><strong>is</strong></span> <span class='ocrx_word' id='word_1_829' title='bbox 1504 5801 1624 5857; x_wconf 80' lang='lat' dir='ltr'><strong>fuit.</strong></span> 
     </span>
    </p>
   </div>
   <div class='ocr_carea' id='block_1_107' title="bbox 2062 5394 3569 5466">
    <p class='ocr_par' dir='ltr' id='par_1_107' title="bbox 2062 5394 3569 5466">
     <span class='ocr_line' id='line_1_108' title="bbox 2062 5394 3569 5466; baseline -0.001 -14"><span class='ocrx_word' id='word_1_830' title='bbox 2062 5395 2238 5453; x_wconf 82' lang='lat' dir='ltr'><strong>Redde</strong></span> <span class='ocrx_word' id='word_1_831' title='bbox 2269 5396 2424 5449; x_wconf 83' lang='lat' dir='ltr'><strong>decus</strong></span> <span class='ocrx_word' id='word_1_832' title='bbox 2458 5394 2584 5448; x_wconf 69' lang='lat' dir='ltr'><strong>Iaso</strong></span> <span class='ocrx_word' id='word_1_833' title='bbox 2608 5412 2628 5459; x_wconf 88' lang='lat'><strong><em>;</em></strong></span> <span class='ocrx_word' id='word_1_834' title='bbox 2657 5407 2797 5466; x_wconf 81' lang='lat' dir='ltr'><strong>seges</strong></span> <span class='ocrx_word' id='word_1_835' title='bbox 2825 5395 3002 5463; x_wconf 81' lang='lat' dir='ltr'><strong>ampla</strong></span> <span class='ocrx_word' id='word_1_836' title='bbox 3033 5403 3276 5464; x_wconf 78' lang='lat' dir='ltr'><strong>sequetur</strong></span> <span class='ocrx_word' id='word_1_837' title='bbox 3307 5405 3569 5452; x_wconf 78' lang='lat' dir='ltr'><strong>aratrum.</strong></span> 
     </span>
    </p>
   </div>
   <div class='ocr_carea' id='block_1_108' title="bbox 2062 5481 3635 5580">
    <p class='ocr_par' dir='ltr' id='par_1_108' title="bbox 2062 5481 3635 5580">
     <span class='ocr_line' id='line_1_109' title="bbox 2062 5481 3635 5580; baseline -0.001 -18"><span class='ocrx_word' id='word_1_838' title='bbox 2062 5505 2175 5564; x_wconf 84' lang='lat' dir='ltr'><strong>Nec</strong></span> <span class='ocrx_word' id='word_1_839' title='bbox 2210 5508 2354 5562; x_wconf 89' lang='lat' dir='ltr'><strong>enim</strong></span> <span class='ocrx_word' id='word_1_840' title='bbox 2387 5506 2630 5562; x_wconf 79' lang='lat' dir='ltr'><strong>divinum</strong></span> <span class='ocrx_word' id='word_1_841' title='bbox 2661 5481 2729 5560; x_wconf 82' lang='lat' dir='ltr'><strong>iis</strong></span> <span class='ocrx_word' id='word_1_842' title='bbox 2759 5505 3050 5560; x_wconf 79' lang='lat' dir='ltr'><strong>consilium</strong></span> <span class='ocrx_word' id='word_1_843' title='bbox 3080 5505 3329 5562; x_wconf 79' lang='lat' dir='ltr'><strong>subolere</strong></span> <span class='ocrx_word' id='word_1_844' title='bbox 3362 5518 3486 5564; x_wconf 86' lang='lat' dir='ltr'><strong>ante</strong></span> <span class='ocrx_word' id='word_1_845' title='bbox 3533 5521 3635 5580; x_wconf 78' lang='lat' dir='ltr'><strong>po-</strong></span> 
     </span>
    </p>
   </div>
  </div>
