4162 6478
433 443 535 497 ιοι

1603 451 1928 507 ΡΗΑΞΡΑΒ.
1965 453 2222 512 EVANG.
2261 453 2389 508 LIB.
2432 455 2495 509 ν.

3590 451 3698 505 409

431 563 565 632 ἡμῖν
597 559 664 614 τὰ
691 561 930 633 περὶτοῦ
959 563 1190 619 θανάτου
1227 566 1434 632 ἔδειξας
1463 570 1558 624 καὶ
1585 570 1687 640 τῆς
1719 571 1865 642 ζωῆς
1885 613 1899 638 ,
1934 574 2013 626 ὅτι

2124 574 2318 629 mortis
2372 575 2765 638 decreverunt,
2821 573 2965 642 quod
3009 573 3185 628 lenius
3238 572 3588 627 Charitonem
3645 583 3699 626 et

432 648 719 704 κάλλιστόν
764 651 817 704 τί
864 653 1010 706 ἐστιν
1053 656 1087 724 ἡ
1135 656 1444 726 ζωή.»Ἐπὶ
1479 657 1688 723 τούτοις
1718 661 1890 715 ἅπασι
1923 664 2018 717 καὶ

430 741 545 794 τόδε
575 741 937 811 προσκείσθω.

930 1024 1328 1080 ΚΕΦΑΛΑῙΟΝ
1381 1029 1519 1094 AG’.

440 1133 559 1188 Ὀτι
599 1133 699 1188 καί
736 1133 852 1204 τὴν
875 1134 1122 1205 ἄψυχον
1151 1135 1312 1205 ὓλην
1342 1135 1544 1192 σέϐειν
1581 1138 2009 1208 προσέταττον.

441 1265 463 1300 ι
506 1247 690 1301 Ἀλλὰ
717 1247 816 1301 καὶ
863 1248 1192 1318 Μηθύμνης
1220 1248 1332 1320 (42)
1361 1249 1602 1318 ⁴ναέταις
1629 1252 1788 1305 πολὺ
1830 1252 2015 1308 λώϊον

429 1386 755 1457 Murde-
782 1387 994 1457 τιμῶσι
1013 1389 1325 1443 Διονύσοιο
1355 1387 1644 1458 κάρηνον.
1696 1320 1907 1393 [ἔσται
1926 1365 1940 1389 ’

427 1503 626 1559 Θύουσι
655 1502 768 1575 γὰρ
799 1503 856 1557 αἱ
887 1503 1073 1568 πόλεις
1103 1504 1197 1558 καὶ
1228 1503 1450 1568 τελετὰς
1486 1504 1733 1574 ἄγουσιν,
1767 1506 1829 1559 οὐ
1857 1508 2017 1578 μόνον

429 1596 716 1668 φαλληνοῖς
737 1594 1011 1649 Διονύσοιο
1042 1597 1321 1669 καρήνοις,
1354 1596 1492 1651 ἀλλὰ
1520 1598 1614 1651 καὶ
1648 1597 1891 1663 λιθίνοις,
1921 1600 2016 1654 καὶ

428 1690 713 1762 χαλκέοις,
766 1692 860 1745 καὶ
910 1690 1184 1764 χρυσέοις.
1226 1690 1337 1762 (45)
1370 1690 1445 1744 Οὐ
1495 1691 1657 1762 μόνον
1703 1691 2017 1763 φαλληνοῖς,

428 1782 566 1837 ἀλλὰ
593 1783 898 1846 minarat;
924 1783 1037 1845 τοῖς
1074 1781 1394 1844 Διονυσίοις,
1421 1781 1517 1834 καὶ
1545 1779 1727 1845 ἄλλοις
1758 1782 2015 1852 παμπόλ-

2127 661 2493 733 Melanippam
2523 663 2792 718 habuerit.
2837 662 2907 716 At
2949 670 3006 717 tu
3039 662 3163 717 vita:
3194 663 3495 733 mortisque
3528 663 3697 716 ratio-

2122 771 2239 819 nes,
2274 756 2364 809 vis
2394 757 2545 820 licet,
2578 755 2837 824 praeclare
2866 764 3043 808 tamen
3074 753 3411 823 expressisti,
3439 754 3570 808 dum
3594 755 3697 807 hoc

2114 841 2262 898 facto
2308 845 2473 898 vitam
2518 845 2781 899 eximium
2835 844 3093 915 quiddam
3123 858 3245 898 esse
3265 842 3681 915 eomprobastia

2107 935 2320 1003 Quibus
2346 940 2600 994 omnibus
2626 940 2731 994 hoc
2760 949 3096 1008 postremum
3125 936 3505 1006 adjungamus.

2655 1032 2886 1089 CAPUT
2922 1030 3165 1087 XXXVI.

2152 1145 2286 1199 Illos
2312 1146 2475 1198 etiam
2492 1144 2742 1213 jussisse,
2773 1152 2832 1197 ut
2858 1143 3084 1197 materia
3115 1142 3356 1195 inanima
3384 1138 3664 1195 coleretur.

2125 1276 2144 1310 ι
2184 1258 2281 1312 Res
2307 1258 2402 1311 tibi
2438 1255 2756 1326 Methymna:
2784 1256 2990 1327 felicius
3022 1253 3197 1308 incola
3224 1253 3388 1321 cedet,

2486 1360 2493 1367 ο

2122 1397 2182 1453 Si
2208 1397 2407 1453 Bacchi
2432 1406 2588 1467 caput
2612 1412 2679 1451 ea:
2712 1397 2862 1450 tereti
2893 1394 3198 1451 venerabere
3227 1392 3393 1463 ligno.

2117 1510 2329 1565 Passim
2376 1510 2577 1581 quippe
2621 1509 2869 1565 civitates
2897 1549 2911 1573 ,
2958 1523 3068 1562 non
3119 1506 3303 1577 lignea
3346 1504 3548 1569 modo,
3603 1501 3695 1556 sed

2118 1603 2283 1657 etiam
2313 1602 2546 1672 lapidea,
2578 1616 2742 1667 aerea,
2767 1615 2935 1654 aurea
2966 1597 3162 1653 Bacchi
3188 1597 3388 1667 capita,
3416 1592 3699 1651 sacriﬁciis

2120 1708 2185 1746 ac
2218 1692 2375 1747 statis
2406 1691 2764 1762 religionibus
2794 1699 3167 1745 venerantur:
3203 1688 3314 1741 imo
3351 1700 3460 1739 non
3499 1683 3697 1738 Bacchi

2121 1791 2333 1836 tantum
2367 1782 2546 1851 capita
2565 1820 2580 1846 ,
2612 1780 2706 1836 sed
2737 1780 2876 1835 alios
2906 1779 3069 1834 etiam
3099 1778 3389 1848 plerosque
3413 1776 3576 1842 deos,
3603 1775 3699 1843 qui

426 1875 539 1939 λοις
580 1873 897 1937 Ἦσιοδείοις
943 1872 1108 1936 θεοῖς.
1166 1872 1302 1943 Τρὶς
1328 1869 1439 1941 γὰρ
1484 1871 1560 1934 ὡς
1589 1870 1807 1943 ἀληθῶς
1839 1871 2013 1943 μύριοὲ

2122 1875 2345 1932 Hesiodi
2416 1876 2618 1931 fabulis
2682 1874 3048 1930 celebrantur.
3111 1871 3403 1926 Enimvero
3476 1867 3698 1940 triginta

427 1970 564 2024 ιίσιν
597 1969 690 2022 ἐπὶ
718 1966 871 2037 χθονί
901 1964 1321 2036 πουλυϐοτείρῃ,
1345 1962 1447 2016 οὐκ
1475 1961 1753 2027 ἀθάνατοι,
1787 1962 1926 2016 ἀλλὰ
1947 1963 2021 2017 λί-

426 2059 564 2116 θινοι
592 2059 687 2113 καὶ
715 2055 917 2123 ξύλινοι
942 2055 1199 2109 δεσπόται
1230 2052 1566 2125 ἀνθρώπων·
1603 2053 1676 2118 οἳ,
1722 2055 1771 2106 εί
1803 2052 2017 2126 ἀνθρὼ-

426 2167 545 2205 πων
571 2149 727 2220 ὓϐριν
755 2165 816 2202 τε
839 2147 933 2202 καὶ
960 2145 1220 2217 εὐνομίην
1250 2143 1529 2217 ἐφεώρων,
1567 2145 1671 2198 οὐκ
1716 2144 1784 2198 ἂν
1828 2143 2020 2198 τοσοῦ-

423 2256 517 2303 τος
541 2239 685 2311 ἤρθη
725 2238 911 2309 λῆρος,
950 2235 1092 2289 ὥστε
1117 2235 1209 2289 καὶ
1231 2234 1329 2305 ἤδη
1356 2234 1452 2289 καὶ
1502 2235 1695 2306 μέχρις
1736 2233 1891 2305 ὑμῶν
1922 2251 2019 2287 κε·-

426 2328 739 2401 χωρηκέναι
768 2327 831 2381 τὸ
854 2327 1044 2391 κακὸν,
1065 2325 1350 2380 ἐπιδιαϐὰν
1378 2328 1469 2380 καὶ
1498 2328 1578 2389 είς
1602 2325 1692 2378 τὸν
1714 2325 2017 2396 Ὄλυμπον,

426 2421 531 2486 ὅθι,
549 2421 704 2491 φασὶ,
732 2419 883 2475 θεῶν
904 2419 1043 2486 ἕδος
1061 2418 1337 2489 ἀσφαλὲς
1371 2420 1502 2472 αὶεί.
1540 2417 1734 2471 Καίτοι
1764 2420 1811 2472 εί
1841 2420 2019 2489 ἀσφα-

425 2512 515 2575 λὲς
529 2507 619 2584 ἦν,
646 2513 746 2565 οὐκ
770 2507 838 2582 ἦν
869 2510 1129 2564 ἐπιϐατὸν
1156 2509 1325 2581 λήρῳ,
1360 2509 1469 2562 οὐδ’
1494 2508 1558 2562 ἂν
1592 2503 1673 2573 εἷς
1704 2527 1790 2573 τις
1827 2510 2018 2581 Ὀλυμη

423 2604 564 2658 πίων
591 2606 672 2667 είς
702 2601 861 2656 τοῦτο
885 2598 1019 2673 ἦλθε
1048 2601 1370 2674 παρανοίας,
1411 2600 1541 2654 ὥστ’
1565 2601 1774 2656 ἐλάϊνον
1809 2602 2016 2675 κορμὸν

423 2693 624 2750 θεῶσαι
645 2711 659 2725 ο
695 2693 755 2747 ὃν
792 2694 842 2747 οἱ
872 2692 1220 2765 Μηθυμναῖοι
1246 2692 1493 2763 σαγήνης
1528 2690 1878 2765 ἐμπλακέντα
1902 2694 2016 2756 τοῖς

419 2785 587 2849 λίνοις
638 2785 992 2850 ἀνείλκυσαν,
1040 2784 1134 2838 καὶ
1161 2784 1263 2851 δὶς,
1305 2787 1353 2839 εί
1379 2784 1580 2856 βούλει,
1608 2784 1702 2839 καὶ
1735 2785 1876 2856 τρὶς,
1919 2783 2016 2837 καὶ

423 2877 710 2941 πλεονάκις
753 2879 812 2931 ἐν
850 2876 928 2947 τῷ
956 2874 1106 2947 αὐτῷ
1135 2875 1525 2947 σαγηνεύοντες
1570 2875 1849 2947 ἄνθρωποι
1870 2914 1886 2939 ,
1921 2875 2018 2928 καὶ

424 2968 486 3034 ἐξ
511 2969 722 3022 ἐκείνου
756 2969 837 3032 είς
867 2968 930 3020 τὸ
958 2965 1195 3021 Λιϐυκὸν
1222 2965 1614 3031 ἐξοκείλαντες,
1655 2966 1763 3020 οὐδ’
1811 2969 1891 3030 είς
1917 2964 2018 3037 τὴν

421 3054 526 3126 γῆν
559 3054 663 3121 ἔξω
679 3053 1001 3117 ἐκϐαλόντες
1032 3053 1193 3107 αὐτόν
1214 3070 1227 3083 ⁸
1265 3054 1389 3106 ἐπεὶ
1411 3055 1511 3108 οὐκ
1541 3054 1633 3114 ἂν.
1657 3054 1733 3125 μὰ
1774 3053 1867 3108 τὸν
1895 3054 2018 3108 Διό-

423 3162 603 3211 νυσον,
635 3145 713 3200 ἔτι
737 3146 922 3210 αὐτοῖς
943 3143 1214 3216 ἐνεπλάκη
1244 3147 1356 3209 τοῖς
1376 3144 1562 3209 λίνοις.
1593 3146 1735 3199 Ἀλλ’
1761 3145 1820 3215 ἐξ
1843 3146 2016 3221 ἄκρου

2118 1968 2305 2038 plane,
2349 1982 2460 2023 non
2505 1967 2621 2037 jam
2650 1965 3078 2032 immortalium,
3126 1963 3219 2019 sed
3253 1963 3613 2033 lapideorum,
3646 1968 3703 2015 et

2118 2060 2421 2131 ligneorum
2443 2058 2669 2113 humani
2692 2058 2908 2128 generis
2932 2055 3280 2112 dominorum
3309 2053 3498 2119 millia,
3514 2053 3701 2108 nutrix

2118 2149 2477 2204 animantium
2510 2158 2654 2204 terra
2681 2148 3082 2218 complectitur,
3112 2149 3203 2216 qui
3235 2144 3500 2217 profecto,
3532 2145 3579 2199 si
3606 2159 3701 2199 co-

2118 2241 2430 2312 gnoscendo
2477 2240 2763 2295 hominum
2813 2239 3049 2300 sceleri,
3094 2238 3316 2309 jurique
3362 2245 3698 2308 praeessent,

2120 2347 2400 2402 nunquam
2426 2347 2492 2387 eo
2519 2348 2787 2403 nugarum
2814 2333 3030 2387 vanitas
3051 2331 3402 2395 excrevisset,
3426 2329 3505 2384 uti
3538 2326 3702 2399 234

2118 2426 2185 2481 ad
2211 2442 2309 2481 vos
2355 2440 2530 2496 usque
2570 2425 2773 2479 malum
2821 2424 3169 2495 perveniret,
3215 2421 3445 2494 Olympo
3481 2435 3700 2489 quoque

2118 2527 2396 2590 superato,
2422 2518 2515 2572 ubi
2548 2517 2758 2584 divum,
2786 2516 2965 2571 aiunt:
2993 2513 3153 2571 Sedes
3174 2531 3361 2569 secura
3391 2529 3482 2584 per
3507 2528 3694 2569 ωυιιηι.

2118 2607 2250 2676 Quae
2283 2608 2552 2664 securitas
2584 2607 2631 2662 si
2662 2622 2788 2662 vere
2814 2608 3136 2676 jactaretur,
3166 2619 3340 2674 nugas
3372 2618 3566 2658 omnes
3604 2618 3705 2657 ex-

2117 2702 2395 2765 cluderet,
2442 2703 2551 2755 nec
2591 2698 2966 2772 Olympiorum
3013 2698 3306 2768 quisquam
3353 2710 3420 2749 eo
3464 2694 3702 2750 vesaniae

2117 2790 2459 2854 devcnisset,
2497 2798 2558 2843 ut
2604 2788 2889 2858 oleagineo
2917 2786 3132 2841 caudici
3167 2784 3509 2839 divinitatem
3555 2785 3702 2838 inse-

2117 2890 2282 2936 reret.
2352 2880 2510 2935 lllum
2579 2878 2778 2934 etenim
2849 2892 3063 2948 sagenae
3123 2876 3358 2946 plagulis
3427 2874 3699 2931 irretitum

2117 2971 2560 3042 Methymnenses
2584 2978 2957 3031 extraxerant,
2985 2968 3150 3037 idque
3174 2967 3345 3022 semel
3368 2968 3698 3036 iterumque,

2117 3062 2166 3119 si
2198 3062 2419 3131 placet,
2464 3060 2577 3115 imo
2608 3058 2775 3115 etiam
2828 3057 2987 3112 tertio
3012 3097 3028 3122 ,
3080 3056 3167 3110 vel
3199 3055 3398 3126 saepius
3445 3055 3702 3114 demissis

2116 3150 2371 3206 eumdem
2409 3149 2463 3204 in
2487 3150 2667 3204 locum
2699 3148 2907 3203 retibus
2949 3144 3234 3201 fecerant:
3282 3145 3409 3200 inde
3442 3161 3573 3201 vero
3610 3145 3701 3201 Li-

425 3237 779 3308 κεφαλοειδὴς
829 3238 859 3291 ὁ
892 3237 1097 3310 κορμὸς
1140 3212 1431 3308 (Ἄπολλον
1454 3275 1469 3301 ,
1499 3235 1650 3302 ξένου
1685 3212 1815 3309 (44)*
1843 3212 2012 3291 κατα-

2119 3243 2318 3316 bycum
2361 3240 2418 3295 in
2467 3255 2619 3294 mare
2645 3239 2832 3304 delati,
2873 3252 3221 3308 nequaquam
3253 3252 3378 3292 eum
3412 3238 3466 3291 in
3498 3245 3699 3293 terram

426 3330 871 3403 σκευάσματοςί)
893 3330 947 3384 τί
978 3332 1096 3383 ποτ’
1120 3325 1213 3384 οὖν
1240 3329 1508 3401 ἔπραττεν
1542 3330 1601 3383 ἐν
1623 3329 1702 3401 τῷ
1752 3330 2011 3400 πελάγει;

426 3423 757 3497 ἀπορήσειεν
800 3422 866 3478 ἄν
903 3440 1010 3487 τις.
1056 3421 1122 3476 Τί
1162 3421 1273 3494 γὰρ
1321 3421 1449 3477 ἄλλο
1472 3422 1506 3494 ἢ
1531 3422 1799 3496 ἐκάθητο;
1832 3422 1898 3494 νὴ
1918 3423 2012 3476 τὸν

425 3512 546 3577 Δία,
580 3514 867 3585 ἀναμένων
916 3513 1024 3578 ἕως
1068 3511 1345 3586 ἄνθρωποι
1391 3514 1707 3586 μαινόμενοι
1764 3514 1864 3587 (οὐ
1900 3513 2011 3586 γὰρ

427 3609 585 3682 φήσω
604 3611 688 3664 ὃτι
719 3609 814 3663 καὶ
842 3609 989 3675 θεοὶ)
1026 3609 1436 3681 ἐγκυρήσαντες
1454 3605 1625 3678 αὐτῷ,
1652 3606 1712 3659 οὐ
1731 3605 2007 3670 Διοπετὲς,

426 3700 562 3755 ἀλλὰ
602 3699 1068 3764 Ποσειδωνοπετές
1109 3701 1446 3771 ἡγήσωνται,
1484 3698 1720 3753 κᾶπειτα
1769 3699 1848 3761 εἰς
1874 3696 2008 3751 ἄστυ

425 3791 808 3860 ἁπαγάγωσιν,
841 3790 1029 3863 ὥσπερ
1049 3790 1171 3844 τινὰ
1195 3788 1404 3862 ἀγαθὴν
1425 3788 1616 3861 τύχην,
1641 3789 1818 3860 κακὴν
1844 3784 2009 3843 οὖσαν

425 3883 500 3948 ὡς
532 3881 749 3954 ἀληθῶς
772 3923 788 3950 ,
818 3882 880 3935 οὐ
918 3881 1115 3952 τύχην,
1150 3881 1286 3934 ἀλλὰ
1313 3880 1597 3950 τυφεδόνα.
1632 3881 1701 3932 Ἢ
1725 3880 1824 3933 οὐκ
1850 3879 2008 3951 ἤρκει

427 3973 536 4046 ἄρα
555 3973 739 4036 αὐτοῖς
764 3971 974 4026 οἴκοθεν
998 3971 1330 4033 διολλύουσα,
1359 3969 1474 4022 ἀλλ’
1506 3969 1676 4040 αὐτὴν
1705 3968 1951 4039 ἐπέρωσέ
1982 3981 2008 4009 ι

424 4082 486 4120 τε
519 4067 612 4120 καὶ
638 4065 1024 4137 προσεπέτεινε
1053 4062 1398 4134 θεοπληξίας,
1431 4061 1507 4125 ὡς
1540 4060 1605 4114 ἄν
1634 4078 1719 4125 τις
1744 4060 1919 4124 εἴποι,
1946 4063 2011 4113 ὲκ

423 4157 649 4228 Δελφῶν
677 4158 1064 4228 μετάπεμπτος
1083 4154 1342 4226 ἐπιθήκη.
1378 4171 1397 4204 ι
1427 4152 1665 4206 Τοιαῦτα
1693 4151 1791 4204 καὶ
1818 4153 1846 4204 ὁ
1867 4151 2013 4205 Οἰνό-

431 4265 586 4321 μαος.
628 4245 791 4300 Ἀλλὰ
815 4246 924 4317 γὰρ
957 4245 1094 4317 μετὰ
1132 4243 1200 4297 τὰ
1236 4242 1523 4315 εἰρημένα,
1573 4240 1814 4312 μεταϐὰς
1855 4237 2011 4304 αὖθις

426 4343 521 4396 ἐπὶ
538 4344 637 4415 τὴν
669 4343 735 4396 ἐκ
767 4340 964 4411 λογίων
997 4338 1314 4410 φιλοσοφίαν
1342 4336 1436 4391 τοῦ
1463 4336 1560 4409 τὴν
1582 4336 1702 4390 καθ’
1719 4337 1876 4408 ἡμῶν
1903 4336 2013 4390 δια-

429 4433 590 4507 ϐολὴν
626 4434 998 4505 πεποιημένου
1029 4474 1042 4498 ,
1079 4430 1348 4500 ἀνάγνωθι
1382 4432 1448 4483 ἐκ
1488 4429 1598 4482 τῶν
1634 4430 1765 4499 περὶ
1816 4430 2012 4499 εἱμαρ-

2116 3341 2490 3391 excusserant.
2529 3331 2588 3388 Id
2619 3332 2767 3387 enim
2809 3331 2855 3387 si
2902 3329 3201 3395 fecissent,
3256 3344 3366 3384 non
3408 3331 3526 3401 jam
3551 3369 3567 3395 ,
3604 3345 3701 3401 per

2115 3424 2413 3494 Bacchum,
2443 3425 2666 3482 easdem
2698 3423 2767 3479 ad
2790 3422 3038 3495 plagulas
3074 3421 3413 3479 adhaesisset.
3450 3421 3522 3477 At
3547 3423 3697 3478 enim

2116 3515 2326 3572 caudex
2354 3516 2408 3570 in
2440 3515 2635 3587 capitis
2666 3515 2904 3586 speciem
2942 3530 2973 3569 a
3004 3529 3227 3570 summo
3263 3514 3447 3584 stipite
3474 3514 3696 3571 confor—

2115 3620 2299 3665 matus
2333 3608 2480 3681 (rem
2504 3650 2522 3676 ,
2558 3624 2593 3664 ο
2632 3609 2857 3680 Apollo,
2897 3607 3194 3663 admodum
3230 3605 3602 3680 prodigiosam
3632 3608 3645 3660 !
3677 3608 3695 3676 )

2117 3697 2249 3769 quid
2294 3714 2479 3753 rarum
2526 3698 2580 3753 in
2633 3699 2821 3754 mari?
2864 3706 3073 3769 quaerat
3124 3697 3359 3754 fortasse
3399 3697 3695 3769 quispiam.

2120 3789 2265 3858 Quid
2308 3806 2438 3847 vero
2482 3791 2667 3858 aliud,
2712 3791 2818 3847 nisi
2864 3801 2930 3845 ut
2967 3791 3165 3847 ibidem
3212 3790 3472 3860 iaceret?
3517 3788 3701 3845 Donec

2118 3881 2397 3936 enimvero
2419 3880 2609 3937 furiosi
2633 3882 2904 3949 homines,
2929 3882 3111 3954 (piget
3136 3883 3280 3938 enim
3314 3883 3444 3938 deos
3471 3880 3697 3952 dicere,)

2118 3970 2172 4024 in
2202 3986 2327 4025 eum
2360 3970 2685 4039 incidentes,
2722 3987 2829 4027 non
2871 3988 2901 4027 a
2929 3970 3062 4028 Jove
3099 3972 3400 4029 demissum
3437 3973 3653 4043 quidem
3680 4012 3695 4034 ,

2118 4062 2214 4119 sed
2264 4078 2296 4117 a
2359 4062 2607 4133 Neptuno
2665 4064 2928 4119 emissum
2978 4063 3698 4133 crcderent,eumdemque

2117 4156 2467 4226 postmodum
2497 4156 2551 4209 in
2582 4155 2795 4219 urbem,
2828 4155 3104 4224 quoddam
3131 4156 3298 4211 veluti
3333 4155 3566 4211 fortuna:
3608 4157 3696 4210 lae-

2121 4247 2276 4301 tioris
2317 4262 2475 4300 omen
2504 4287 2519 4312 ,
2571 4245 2918 4311 inveherent,
2970 4245 3242 4300 funestam
3294 4262 3352 4301 re
3391 4246 3541 4316 ipsa,
3587 4264 3697 4302 non

2118 4335 2420 4402 fortunam,
2448 4336 2540 4391 sed
2571 4334 2743 4389 facem
2774 4336 2927 4391 urbis
2956 4336 3217 4390 futuram.
3247 4334 3356 4391 Nec
3384 4338 3531 4392 enim
3563 4339 3696 4393 satis

2117 4426 2373 4481 videlicet
2406 4427 2471 4481 ad
2517 4427 2742 4483 exitium
2794 4427 2861 4481 iis
2895 4437 3011 4482 erat
3043 4425 3298 4482 intestina
3339 4428 3540 4497 pestis,
3570 4427 3694 4482 ’nisi

432 4527 604 4600 μένης
626 4525 722 4580 τοῦ
746 4524 951 4579 Πυθίου
985 4522 1252 4595 χρησμῶν
1272 4539 1285 4553 ·
1318 4523 1366 4575 εί
1391 4522 1465 4593 μὴ
1490 4520 1586 4574 καὶ
1614 4520 1696 4573 σοὶ
1721 4519 1872 4581 θείας
1913 4518 2010 4571 ἁλ-

2118 4518 2274 4573 novis
2302 4533 2422 4573 eam
2451 4518 2806 4573 incrementis
2835 4534 2900 4573 ac
2933 4519 3138 4573 viribus
3170 4518 3402 4574 incussa:
3429 4519 3693 4574 divinitus

428 4620 639 4692 λότριος
671 4617 747 4672 ὢν
774 4618 1057 4688 δυνάμεως
1092 4616 1173 4669 ἔτι
1212 4614 1432 4686 μᾶλλον,
1468 4614 1497 4665 ὁ
1537 4614 1666 4685 περὶ
1705 4610 1814 4664 τῶν
1851 4610 2011 4683 θρυλ-

429 4711 706 4784 λουμένων
743 4709 1093 4783 χρηστηρίων
1153 4709 1505 4761 ὑποπεσείται
1539 4706 1717 4774 λόγος.

2115 4611 2288 4681 plagze
2311 4610 2556 4666 accessio
2585 4609 2826 4680 Delphis,
2859 4620 2919 4666 ut
2949 4611 3022 4665 ita
3058 4611 3273 4681 loquar,
3308 4611 3572 4665 arcessita
3599 4627 3695 4665 cu-

2115 4702 2366 4755 mularet.
2402 4719 2420 4752 )
2454 4698 2728 4756 Hactenus
2754 4700 3089 4758 OEnomaus.
3128 4701 3286 4759 Nunc
3312 4718 3439 4759 vero
3472 4704 3539 4758 ad
3572 4718 3691 4757 eam

431 4822 621 4865 rursus
657 4807 1004 4862 oraculorum
1042 4803 1436 4874 philosophiam
1477 4802 1660 4856 animo
1699 4809 1753 4854 et
1797 4798 2126 4871 cogitatione
2171 4796 2471 4861 conversis,
2518 4812 2680 4866 quam
2734 4798 3035 4855 maledicus
3093 4799 3183 4854 ille
3239 4815 3421 4854 rerum
3481 4807 3696 4852 nostra-

433 4921 553 4960 rum
590 4919 787 4960 censor
828 4902 1173 4972 conscripsit,
1213 4900 1411 4971 legesis
1460 4916 1526 4955 ex
1574 4899 1641 4954 iis
1686 4896 1960 4967 responsis
1998 4896 2201 4966 aliqua,
2246 4910 2375 4965 qua:
2416 4895 2484 4950 de
2540 4893 2654 4949 fato
2706 4892 2959 4964 Pythium
2999 4892 3236 4948 edidisse
3275 4900 3690 4947 commemorat.

429 4998 510 5056 Ac
535 5000 659 5056 vide
685 5013 817 5054 num
845 4997 1110 5069 ejusmodi
1163 5011 1383 5067 quoque
1411 4996 1505 5051 tibi
1536 4994 1747 5050 accidat
1774 5001 1885 5047 tota
1930 4993 2047 5046 haec
2081 4990 2149 5046 de
2176 4989 2396 5061 iactatis
2438 4988 2647 5059 pridem
2692 4989 2931 5044 oraculis
2984 4986 3304 5058 disputatio,
3341 4995 3401 5039 ut
3427 5000 3545 5040 eam
3572 5001 3689 5038 mn-

434 5095 521 5167 gis
551 5096 718 5153 etiam
746 5110 913 5166 quam
949 5092 1259 5164 superiores
1303 5091 1373 5145 ab
1405 5090 1555 5146 omni
1577 5090 1759 5146 divina
1789 5090 1988 5143 virtute
2025 5102 2251 5141 vacuam
2277 5086 2464 5142 haberi
2492 5095 2649 5156 putes
2671 5095 2940 5156 oportere.

501 5263 529 5294 ι
561 5251 647 5307 ῖσ.
683 5251 987 5324 ἐπέρρωσε.

504 5408 620 5485 (42)
672 5410 859 5466 Ἀλλὰ
910 5410 1011 5465 καὶ
1053 5407 1403 5477 Μηθύμνης.
1462 5403 1700 5459 Consule
1748 5402 2011 5457 observa-

433 5492 789 5640 ιῖοᾶἒῗιδίεει
831 5549 1121 5640 χρυσέοις,
1164 5562 1273 5640 non
1306 5544 1493 5640 du'bito
1723 5541 2009 5640 legendum

386 5630 389 5633 ’
436 5610 525 5678 sit‘
556 5610 641 5693 ού,
668 5610 904 5693 μόνονἚ
922 5617 1004 5693 *αὖ
1038 5610 1149 5682 τοῖς
1175 5614 1469 5693 Διονυσίοις
1492 5653 1507 5678 ,
1532 5610 1679 5693 ,ἀλλὰ
1710 5610 1808 5693 καί
1832 5610 2011 5693 ἄλλοις

434 5682 715 5764 παμπόλλ.
736 5731 752 5757 ,
780 5699 887 5745 etc.
917 5689 1054 5743 Nam
1098 5687 1371 5764 posterius
1399 5684 1654 5764 hoc_loco
1685 5682 2007 5764 φαλληνοῖς,

437 5751 902 5835 supcrvacaneum
954 5768 1072 5826 est,
1098 5751 1243 5816 'cum
1280 5756 1434 5827 prius
1479 5753 1709 5808 alterum
1759 5751 2008 5809 sutliciat.

2113 5398 2329 5456 Erroris
2374 5416 2559 5468 causa,
2594 5401 2654 5454 τὸ
2685 5400 2746 5453 οὐ
2779 5398 2958 5468 μόνον,
2989 5394 3159 5451 semel
3190 5395 3499 5464 iterumque
3532 5409 3662 5464 repo

2110 5471 2298 5526 situm.

2184 5541 2297 5611 (44)
2348 5542 2677 5611 Ἀπολλων,
2708 5537 2918 5611 ξένου.-
2957 5535 3157 5611 Facilis
3199 5544 3315 5590 erat
3352 5533 3671 5604 conjectura.

2110 5605 2233 5666 cum
2267 5605 2320 5664 in
2343 5624 2546 5666 excuso
2576 5610 2844 5679 legeretur
2878 5605 3257 5671 ’Δπολλοξένου
3277 5649 3290 5673 ,
3326 5620 3492 5675 sane,
3523 5622 3690 5677 quan;

2112 5682 2324 5738 vitiose.
