4162 6454
1492 432 1813 486 PRAZPAR.
1856 432 2112 488 EVANG.
2157 430 2283 485 [ΛΒ.
2342 431 2424 485 Vl.
3530 438 3637 491 MO

361 435 465 490 409

365 554 518 624 ’ρττι
552 550 945 624 κε-δηηίσωοςι
994 549 1205 624 μένειν
1241 550 1584 624 ἀσάλευτον
1614 552 1918 624 ἀτράκτοις

2019 585 2028 615 ι
2064 552 2288 624 (innuit,
2327 562 2382 604 ut
2422 563 2561 604 certo
2593 554 2848 622 quidquid
2879 555 2974 607 sub
3013 551 3202 624 pollice
3235 554 3385 624 [usus

362 619 522 680 Αἷσα
578 622 688 693 γὰρ
750 619 831 694 ἦν
898 620 1199 690 δολιχοῖσι
1272 622 1518 692 χρόνοις
1583 622 1918 762 πίε-μικιὲΜέ

1152 760 1163 767 _
1344 765 1361 767 ᾼ
1466 762 1491 767 _
1650 708 1771 761 σηκ
1809 710 1847 745 ν

2075 621 2338 687 Volverit,
2392 619 2669 675 immotum
2728 619 2960 678 maneat.
3006 622 3205 694 Nempe
3235 619 3361 767 Ἰιανιὶ
3396 641 3599 747 quoque

2069 762 2097 767 _.
2160 763 2188 767 _,
2476 765 2486 767 _
2586 763 2595 767 _
2932 762 2943 767 _
3092 764 3113 767 _
3270 766 3273 767 ν
3369 706 3562 765 tempa

344 735 621 835 ’Πυρσῶν
646 762 917 833 αἰώραισι
943 760 1309 817 διιπετέεσσι
1333 735 1676 832 Minime?
1700 735 1827 761 ΨΜ

2056 762 2278 883 geel-itus
2305 762 2512 831 illapsis
2544 763 2670 816 olim
2705 762 3041 819 succumbere
3072 764 3304 832 flammis

2108 844 2255 883 alunt
2285 842 2419 883 erat.
2462 853 2481 883 ι

346 844 349 851 '
2056 842 2255 885 Fatum
2285 842 2419 888 erat.
2462 853 2481 885 ι

364 944 426 998 El
448 943 512 1014 δὴ
536 935 627 995 οὖν
646 938 868 1011 Μοιρῶν
892 938 1185 1010 ἀτράκτοις
1215 938 1310 990 καὶ
1333 936 1442 991 τῶν
1472 936 1784 1007 σεϐασμίων
1810 934 1917 989 θεῶ

2054 944 2112 997 Si
2144 960 2275 1014 ergo
2308 955 2468 1014 prout
2512 944 2813 1002 Parcarum
2856 946 2965 1002 fusi
3015 949 3255 1013 tulerint,
3298 946 3633 1003 venerando-

362 1036 413 1088 οι
440 1033 576 1097 ναοὶ,
612 1031 683 1086 τά
702 1048 760 1083 τε
782 1029 904 1101 ἱερὰ
924 1029 1102 1082 αὐτῶν
1129 1028 1357 1100 δώματα
1384 1028 1654 1099 δάμναται
1678 1028 1914 1098 ζαπύροι

2048 1055 2173 1092 rum
2224 1054 2443 1109 quoque
2492 1040 2718 1094 deorum
2770 1041 3004 1110 templa,
3058 1056 3338 1112 sacraeque
3386 1040 3630 1111 ipsorum

363 1128 675 1197 πωτήμασι,
709 1124 793 1187 τίς
821 1122 886 1179 ἂν
915 1122 993 1176 ἐτι
1023 1122 1265 1176 λείποιτο
1290 1121 1445 1185 ἐλπὶς
1490 1121 1704 1193 θνητοῖς
1738 1118 1918 1191 ἀνθρώ

2047 1131 2192 1184 aedes
2230 1130 2517 1200 igneorum
2558 1132 2836 1189 turbinum
2890 1134 2942 1188 vi
2987 1143 3339 1204 superantur,
3378 1146 3627 1202 quaenam

363 1232 486 1279 ποις
517 1216 615 1285 τῆς
642 1212 751 1270 τῶν
783 1214 1158 1285 πεπρωμένων
1182 1214 1472 1283 ἀποφυγῆς
1494 1231 1509 1279 ;
1536 1214 1598 1265 Ei
1627 1212 1685 1265 δὲ
1709 1212 1805 1265 καὶ
1842 1226 1917 1281 μη

2047 1219 2307 1289 deinceps
2363 1221 2583 1276 miseris
2632 1222 2965 1277 mortalibus
3011 1220 3323 1277 declinandi
3365 1218 3461 1274 fati
3506 1232 3631 1288 spes

357 1307 518 1379 δεμία
545 1308 610 1362 ὲκ
636 1306 772 1363 θεῶν
794 1305 1029 1377 ὑπάρχοι
1059 1304 1300 1377 βοήθεια,
1332 1304 1411 1359 δεῖ
1440 1305 1499 1358 δὲ
1523 1304 1581 1371 ἐξ
1608 1303 1848 1367 ἅπαντος

2046 1311 2257 1381 reliqua
2288 1329 2410 1369 esse
2448 1314 2650 1384 possit?
2693 1312 2860 1386 240
2892 1313 3049 1380 Quod
3080 1314 3127 1369 si
3158 1312 3277 1383 opis
3302 1328 3334 1367 a
3358 1312 3463 1368 diis
3496 1324 3632 1381 prm-

366 1392 372 1397 ’
2045 1409 2193 1459 terea
2231 1404 2368 1460 nihil
2398 1406 2736 1472 ostendetur,
2771 1406 2866 1462 sed
2914 1420 3140 1461 necesse
3166 1420 3396 1476 prorsus
3426 1405 3532 1458 erit

363 1503 644 1559 Tsz'Mrat
669 1503 944 1574 Μοιράων
986 1502 1366 1573 ἀμετάτροπα
1386 1503 1572 1570 δήνεα
1601 1502 1784 1574 θυμῷ,

2044 1516 2244 1588 Equis
2269 1520 2407 1589 ferre
2443 1520 2642 1575 animis
2672 1518 2970 1573 Parcarum
3020 1518 3287 1573 immobile
3328 1519 3538 1589 fatum:

354 1617 450 1684 Τίς
474 1621 507 1690 ὴ
540 1620 669 1691 περὶ
700 1621 828 1683 τοὺς
860 1619 1016 1684 θεοὺς
1044 1618 1250 1691 ματαία
1292 1617 1495 1689 σπουδή
1521 1636 1535 1683 ;
1572 1618 1718 1672 εἴποι
1746 1618 1811 1672 ἄν
1831 1636 1918 1682 τις

2047 1632 2344 1701 Quorsum,
2366 1635 2513 1690 dicat
2537 1634 2758 1704 aliquis,
2784 1635 2901 1690 haec
2923 1645 3037 1690 tam
3067 1650 3474 1705 supervacanea
3504 1635 3630 1690 deo-

353 1712 419 1765 Τί
439 1711 495 1765 δὲ
515 1711 595 1766 δεῖ
619 1711 803 1783 λοιϐῆς
822 1729 882 1765 τε
905 1712 1130 1782 κνίσσης
1155 1728 1233 1775 τε,
1252 1710 1430 1764 καὶτὸ
1462 1714 1526 1764 ὲκ
1548 1709 1750 1764 τούτων
1773 1711 1918 1782 γέρα.

2045 1738 2168 1777 rum
2194 1722 2247 1776 in
2282 1723 2432 1778 cultu
2462 1724 2771 1795 diligentia?
2804 1739 3068 1796 quorsum
3102 1724 3342 1795 indignis
3371 1724 3454 1777 vel
3490 1724 3627 1779 liba-

350 1806 464 1868 τοῖς
501 1803 637 1875 μηδὲ
678 1803 885 1857 τούτων
945 1802 1116 1869 ἀξίοις
1165 1801 1484 1872 ἀπονέμειν,
1538 1803 1586 1854 εἰ
1630 1801 1749 1854 κατ’
1785 1800 1918 1854 esse

2043 1815 2143 1883 tio,
2207 1815 2288 1871 vel
2342 1817 2523 1881 nidor,
2578 1834 2811 1889 quaeque
2860 1819 3025 1874 rebus
3066 1818 3187 1873 istis
3223 1818 3405 1873 inesse
3451 1816 3625 1872 fertur

350 1896 497 1967 ἡμᾶς
515 1896 744 1966 ὠφελεῖν
777 1896 1060 1960 δύνανται;
1122 1894 1278 1947 Ἐπεὶ
1310 1893 1443 1963 μηδὲ
1474 1892 1584 1945 τῶν
1604 1891 1823 1960 ἀγαθῶν
1855 1891 1918 1944 δο

2042 1911 2250 1981 praemii
2299 1913 2442 1968 ratio
2484 1915 2777 1980 tribuatur,
2814 1916 2862 1972 si
2904 1916 3051 1970 nulla
3099 1931 3199 1972 nos
3248 1916 3302 1971 in
3346 1931 3403 1971 re
3428 1916 3625 1986 juvare

348 1987 522 2061 τῆρας
549 1988 753 2041 οἴεσθαι
778 1986 916 2057 χρῆν
949 1987 1167 2050 αὐτοὺς,
1192 1985 1383 2056 ἀλλ’ἢν
1417 1984 1510 2038 καὶ
1535 1985 1644 2036 τῶν
1675 1982 1918 2037 ὲναντίωη

2043 2003 2293 2072 possint?
2332 2004 2543 2077 Quippe
2575 2025 2644 2065 ne
2674 2010 2945 2065 bonorum
2980 2010 3200 2082 quidem
3240 1982 3487 2065 auctores
3525 2010 3624 2064 lia-

346 2079 660 2150 ὠμολόγουν
687 2079 887 2131 αἰτίαν.
916 2079 979 2131 Εἰ
1000 2077 1109 2149 γὰρ
1148 2078 1435 2148 πέπρωται
1480 2074 1787 2147 ἀνθρώποις
1822 2074 1918 2129 εἴτε

2035 2093 2152 2148 beri
2191 2074 2589 2162 debeam—sed
2634 2100 2725 2157 illa
2768 2102 2950 2170 potius
2999 2074 3165 2170 quam
3213 2100 3456 2169 ipsorum
3489 2114 3624 2170 quo-

346 2188 398 2224 τι
423 2170 646 2240 ἀγαθὸν,
672 2169 784 2223 εἴτε
819 2186 873 2222 τι
922 2170 1017 2222 καὶ
1066 2168 1327 2232 ἐναντίον,
1366 2166 1519 2220 ἔσται
1570 2166 1629 2232 ἐξ
1664 2167 1918 2237 ἀνάγκης

2035 2199 2143 2253 que
2200 2187 2469 2243 malorum
2521 2205 2746 2248 causam
2801 2207 2926 2249 esse
2980 2192 3311 2247 fatebantur.
3389 2190 3526 2245 Nam
3572 2191 3619 2245 si

346 2263 442 2315 xci.
475 2262 743 2334 παρέσται
784 2260 964 2324 τοῦτο,
1018 2262 1112 2315 καὶ
1141 2258 1499 2330 βουλομένων,
1550 2258 1644 2310 καὶ
1701 2257 1776 2329 μὴ
1822 2257 1918 2312 τῶι

2037 2275 2205 2331 fatum
2241 2280 2364 2344 erit,
2415 2290 2474 2335 ut
2527 2282 2658 2351 quid
2695 2282 3010 2339 hominibus
3054 2300 3148 2340 seu
3199 2283 3325 2341 boni
3363 2299 3457 2338 seu
3487 2282 3616 2337 mali
3680 2274 3685 2277 ’

347 2351 508 2408 θεῶν.
540 2352 723 2423 Μόνην
748 2350 856 2423 ἄρα
882 2352 980 2424 τὴν
1020 2351 1262 2419 ἀνάγκην
1290 2348 1670 2420 θεραπευτέον,
1697 2348 1927 2419 σμικρὰ,

348 2444 548 2515 μᾶλλον
573 2444 629 2498 δὲ
659 2444 720 2497 τὸ
776 2444 944 2515 μηθὲν
997 2442 1390 2514 φροντίσαντας
1433 2440 1542 2493 τῶν
1597 2439 1756 2503 θεῶν,
1792 2441 1927 2510 μήτε

342 2537 529 2590 λυπεῖν
549 2536 687 2608 μήτε
710 2535 1017 2606 εὐεργετεῖν
1042 2533 1377 2604 δυναμένων.
1405 2534 1467 2585 Εἰ
1488 2532 1544 2585 δὲ
1572 2531 1635 2603 δὴ
1662 2531 1770 2585 τῶν
1793 2533 1930 2585 Μοι-

344 2627 452 2701 ρῶν
480 2627 641 2700 μόνος
670 2630 697 2681 ὀ
721 2628 815 2680 ἐπὶ
861 2627 1078 2680 πάντων
1120 2627 1404 2679 ἐπιστατεῖ
1431 2625 1583 2689 Θεὸς,
1620 2625 1714 2678 καὶ
1762 2624 1926 2696 μόνος

336 2720 546 2777 τούτων
578 2721 812 2792 ὑπάρχει
858 2719 1073 2792 κύριος·

2031 2367 2277 2436 eveniat;
2321 2368 2371 2423 id
2408 2372 2734 2428 necessitate
2775 2374 3015 2445 quadam
3062 2376 3296 2442 eveniet,
3347 2376 3614 2445 adeoque,

2031 2473 2129 2513 seu
2169 2460 2480 2517 volentibus
2526 2478 2623 2517 seu
2679 2464 2864 2520 invitis
2915 2466 3043 2529 diis,
3088 2466 3315 2521 omnino
3370 2465 3615 2520 futurum

2028 2548 2151 2601 erit.
2196 2547 2379 2620 Itaque
2426 2568 2533 2607 una
2579 2553 2693 2625 jam
2733 2556 2974 2624 supersit
3017 2556 3245 2611 colenda
3278 2557 3616 2618 necessitas;

2025 2637 2275 2705 deorum,
2315 2642 2410 2713 qui
2448 2659 2623 2714 neque
2656 2661 2853 2701 nocere
2876 2662 3056 2718 neque
3096 2648 3355 2718 prodesse
3390 2652 3614 2717 queant,

2025 2727 2110 2781 vel
2155 2730 2351 2800 exigua
2406 2733 2493 2787 vel
2544 2734 2692 2789 nulla
2732 2751 2961 2805 prorsus
3006 2737 3255 2794 habenda
3303 2753 3458 2793 cura.
3518 2734 3617 2791 Sin

336 2826 517 2873 autem
558 2816 747 2873 Parcis
795 2832 1013 2888 quoque
1066 2824 1263 2886 praeest
1306 2831 1490 2870 rerum
1518 2817 1765 2872 omnium
1804 2818 2118 2876 moderator
2158 2823 2323 2895 Deus,
2365 2828 2524 2899 isque
2566 2845 2843 2886 summum
2883 2849 3027 2888 unus
3065 2834 3120 2887 in
3166 2848 3261 2888 eas
3306 2834 3468 2888 habet
3514 2834 3618 2889 im-

495 2927 583 2974 ηις

407 2927 583 2974 rium;

336 2927 507 3058 ξ’ῗῑῒσι
530 3002 641 3072 γὰρ
669 3000 1022 3070 οὐρανίδαο,
1079 3001 1235 3071 φησὶ,
1269 2999 1403 3066 Διὸς
1440 3000 1770 3072 κατένευσε
1816 2999 1924 3054 κά-

340 3143 500 3196 Ὀττι
521 3158 591 3197 κε
610 3140 906 3209 δινήσωσι
916 3138 1127 3210 μένειν
1146 3141 1491 3196 ἀσάλευτον
1514 3069 1849 3209 arguas;

334 3301 401 3355 Ti
425 3301 490 3374 δὴ
521 3303 644 3373 οὐχὶ
665 3302 847 3356 πάντα
880 3300 1252 3372 ὑπερθέμενος
1299 3301 1395 3354 τὸν
1421 3299 1795 3371 παμϐασιλέα,
1827 3300 1927 3354 καὶ

332 3395 434 3466 τῆς
461 3396 806 3467 εἱμαρμένης
825 3394 1094 3463 δεσπότην
1118 3394 1278 3463 μόνον
1296 3392 1429 3446 Θεὸν
1453 3390 1593 3447 εἶναι
1618 3391 1923 3463 ὁμολογεῖς,

334 3487 428 3540 καὶ
459 3486 622 3557 μόνον
644 3485 866 3555 ἀγαθῶν
893 3469 1098 3556 δοτῆρα
1142 3484 1238 3537 καὶ
1268 3485 1488 3557 σωτῆρα
1512 3502 1527 3551 ;
1575 3486 1657 3538 ὅτι
1690 3484 1754 3556 δὴ
1778 3484 1926 3555 μόνῳ

333 3580 481 3652 αὐτῷ
507 3582 601 3635 καὶ
629 3580 663 3635 ἃ
688 3582 791 3652 φῂς
821 3582 1080 3652 Μοιράων
1108 3582 1462 3653 ἀμετάτροπα
1479 3580 1644 3653 δήνεα
1675 3581 1921 3653 τρέπειν,

331 3674 425 3728 καὶ
455 3671 844 3744 μεταλλάττειν
879 3672 1087 3745 ρᾁιοψ
1118 3675 1194 3737 ὡς
1251 3673 1375 3745 μήτ’
1410 3673 1645 3747 ἀνάγκῃ,
1678 3676 1814 3747 μήτε
1846 3676 1924 3728 ei-

338 3761 617 3833 μαρμένῃ,
641 3760 733 3813 τὸν
747 3760 824 3831 τῷ
848 3778 922 3813 πα
931 3761 1187 3831 μὸασιλεῖ
1212 3761 1335 3832 Θεῷ
1362 3762 1802 3835 καθωσιωμένον,
1826 3766 1923 3818 καὶ
1957 3756 1970 3767 ’

334 3853 493 3924 μόνον
518 3852 682 3905 αὐτὸν
717 3851 1077 3919 εὐσεϐοῦντα,
1116 3854 1411 3911 δουλεύεινο
1434 3851 1522 3909 οἶα
1547 3855 1605 3909 δὲ
1636 3854 1921 3927 ἐλεύθερον

328 3944 425 3998 καὶ
454 3944 658 4008 παντὸς
696 3945 992 4015 ἀφειμένον
1036 3945 1259 4016 δεσμοῦ,
1291 3949 1409 4010 ταῖς
1456 3946 1659 4010 ἐνθέοις
1687 3948 1782 4000 καὶ
1816 3963 1920 3999 σω-

326 4033 649 4107 τηριώδεσιν
674 4036 1009 4107 οἰκονομίαις
1059 4036 1354 4100 ἀκωλύτως
1400 4036 1721 4107 ἐφέπεσθαι.
1776 4037 1916 4090 Ἀλλ’

326 4126 357 4180 ὁ
393 4127 492 4197 μὲν
518 4126 727 4199 ἀληθὴς
758 4128 987 4183 τοιαῦτα
1021 4128 1307 4201 προφαίνει
1356 4128 1535 4197 λόγος’
1587 4131 1616 4182 ὁ
1660 4129 1706 4182 δ’
1740 4128 1920 4200 ἐμπα-

323 4216 410 4271 λιν
448 4219 551 4291 δρα
600 4219 692 4275 διὰ
758 4220 921 4276 τίνων
982 4222 1116 4292 φησὶ
1171 4220 1242 4274 τά
1290 4220 1392 4291 τῆς
1439 4220 1780 4293 εἱμαρμένης
1825 4219 1920 4272 λύ-

323 4311 499 4367 ασθαι.

854 4596 1255 4652 ΚΕΦΑΛΑῙΟΝ
1298 4597 1371 4651 Δ’.

321 4694 450 4749 ὀτι
468 4693 565 4749 διὰ
589 4694 842 4765 μαγείας
862 4690 1013 4761 φασὶ
1032 4689 1103 4745 τὰ
1122 4688 1234 4758 τῆς
1256 4686 1614 4760 εἱμαρμένης
1630 4687 1903 4740 λύεσθαι.

394 4865 414 4899 ι
445 4847 738 4920 Δεηθέντος
757 4847 866 4918 γάρ
888 4863 1034 4909 τινος
1060 4843 1461 4909 καταδέξασθαι
1495 4844 1651 4907 Θεὸν,
1679 4843 1851 4896 εἰπὼν
1875 4842 1906 4895 ὁ

315 4940 471 5004 Θεὸς,
500 4942 582 4994 ὅτι
607 4940 976 5013 ἀνεπιτήδειός
1004 4941 1122 4994 ἐστι
1145 4938 1231 4992 διὰ
1263 4937 1324 4990 τὸ
1356 4935 1462 4989 ὑπὸ
1490 4934 1707 5005 φύσεως
1730 4952 1901 4988 κατα-

316 5031 580 5095 δεδέσθαι,
603 5032 700 5086 καὶ
729 5031 819 5085 διὰ
848 5031 1024 5096 τοῦτο,
1078 5029 1560 5100 ὑποτροπιασμοὺς
1593 5025 1903 5098 ὑπαγορεύ-

316 5140 435 5187 σας,
458 5125 674 5192 ἐπάγει·

322 5413 488 5480 Ῥιπὴ
519 5414 631 5484 (48)
662 5412 940 5484 δαιμονίη
976 5413 1085 5483 γὰρ
1113 5412 1251 5484 ἅλις
1288 5409 1677 5484 ἐπιδέδρομεν
1698 5410 1857 5478 ἀλκὴ

313 5486 483 5539 Sciat
533 5481 768 5554 τούραῒς,
806 5481 888 5549 ὰς
923 5496 951 5525 ι
983 5481 1126 5553 χρή
1169 5499 1244 5540 σε
1276 5482 1493 5553 φυγεῖν
1542 5482 1894 5623 τῗςὲιῖἕᾶέια-

381 5657 405 5686 ι
443 5646 529 5701 ισ.
563 5647 617 5716 η.

382 5759 492 5828 (i8)
530 5757 725 5829 Ῥιπή.
762 5758 997 5814 Omnino
1047 5773 1244 5815 sensus
1289 5758 1477 5828 exigit,
1510 5759 1685 5830 utuvel
1730 5759 1887 5830 ριπή,

310 5830 598 5900 νηιᾼάλκή,
635 5831 884 5900 instandi
934 5845 1065 5883 casu
1113 5828 1659 5900 ponantur_:_rnalirn
1708 5828 1887 5900 tamen

312 5898 469 5971 ριπῆ.
500 5897 607 5955 Nec
643 5899 821 5954 minus
864 5900 915 5954 in
954 5897 1125 5955 altero
1152 5915 1332 5962 versu,
1360 5898 1420 5951 τὸ
1452 5897 1532 5965 ἣν
1560 5898 1889 5967 praetulerim

2033 3001 2137 3057 His
2162 3005 2378 3072 etenim,
2405 3006 2604 3077 inquit,
2627 3010 2808 3079 magni
2829 3008 2980 3066 lovis
3006 3012 3195 3065 annuit
3219 3014 3392 3068 ardua
3415 3019 3610 3073 cervis.

2030 3134 2104 3216 ζῙι
2145 3146 2286 3190 certo
2326 3138 2586 3210 quidquid
2631 3142 2803 3197 volvat
2834 3144 2930 3197 sub
2970 3144 3159 3214 pollice
3186 3145 3360 3216 fusus,

1950 3226 1996 3288 ο
2030 3205 2319 3261 Immotum
2337 3205 2585 3268 'matieat.

2025 3296 2231 3365 Quidni
2260 3314 2392 3371 ergo
2421 3317 2583 3371 quem
2617 3311 2673 3357 tu
2712 3318 2894 3375 regem
2928 3307 3193 3373 universi,
3227 3324 3390 3378 supra
3423 3326 3608 3367 rerum

2025 3392 2275 3446 omnium
2320 3394 2547 3463 gradum
2585 3403 2640 3449 et
2685 3397 2966 3462 ordinem,
3011 3398 3293 3470 ipsiusque
3337 3402 3474 3455 adeo
3512 3401 3609 3457 fati

2024 3482 2307 3538 dominum
2335 3487 2648 3553 constituis,
2677 3489 2928 3543 eumdem
2958 3492 3135 3545 solum
3168 3508 3388 3563 quoque
3413 3493 3605 3562 Deum,

2023 3582 2077 3629 ει
2111 3575 2379 3632 bonorum
2416 3587 2696 3633 auctorem
2759 3595 2952 3645 unum,
3004 3597 3068 3637 ac
3107 3596 3440 3640 servatorem
3484 3602 3608 3644 esse

2023 3668 2337 3724 conﬁteris?
2365 3671 2565 3741 quippe
2604 3673 2698 3742 qui
2738 3675 2891 3730 solus
2923 3676 3085 3729 etiam
3113 3677 3497 3748 immutabilia,
3526 3684 3605 3738 uti

2022 3777 2209 3828 vocas,
2261 3762 2559 3819 Parcarum
2617 3768 2837 3823 decreta
2882 3780 3097 3823 mutare
3133 3774 3350 3841 possit:
3402 3786 3461 3830 ut
3508 3779 3603 3848 qui

2023 3856 2190 3909 semel
2238 3856 2481 3910 universi
2530 3858 2644 3929 regi
2696 3870 3073 3927 consecratus,
3124 3880 3294 3919 unum
3344 3881 3468 3921 eum
3513 3883 3605 3924 co-

2023 3946 2135 4001 lere
2173 3949 2420 4016 coeperit,
2455 3949 2501 4004 is
2533 3964 2713 4019 neque
2748 3954 3058 4008 necessitati
3095 3954 3380 4025 deinceps,
3426 3974 3603 4029 neque

2022 4037 2133 4092 fato
2167 4041 2390 4108 serviat,
2441 4041 2536 4095 sed
2583 4051 2845 4112 tanquam
2889 4045 3045 4109 liber,
3087 4048 3346 4117 omnique
3388 4051 3600 4109 solutus

2019 4129 2260 4195 vinculo,
2293 4132 2494 4185 divinis
2527 4142 2737 4187 tantum
2776 4151 2841 4189 ac
2872 4135 3207 4191 salutaribus
3245 4139 3380 4193 citra
3429 4142 3596 4195 ullum

2019 4222 2470 4292 impedimentum
2507 4225 2719 4295 legibus
2748 4235 2800 4280 et
2827 4227 3094 4281 institutis
3136 4228 3487 4298 obsequatur.
3530 4233 3599 4288 At

2019 4314 2122 4370 ista
2150 4316 2368 4385 quidem
2390 4332 2533 4371 verae
2556 4318 2785 4372 rationis
2809 4318 2968 4373 docet
2990 4319 3307 4375 auctoritas.
3335 4321 3415 4377 Tu
3446 4339 3596 4394 vero,

2018 4407 2219 4475 quibus
2249 4408 2465 4461 tandem
2498 4409 2710 4465 artibus
2744 4411 2885 4465 idem
2917 4411 3277 4482 philosophus
3300 4413 3405 4469 vim
3448 4416 3596 4474 illam

2018 4496 2114 4553 fati
2157 4498 2294 4553 solvi
2334 4513 2496 4568 posse
2527 4501 2724 4566 tradat,
2760 4517 2973 4557 mecum
3010 4504 3246 4561 intuere.

2614 4592 2843 4650 CAPUT
2897 4593 2986 4653 IV.

2112 4680 2333 4749 Fatum,
2382 4694 2442 4737 ut
2488 4684 2991 4809 ipsimetlfatentur,
3037 4689 3260 4759 magicis
3290 4693 3493 4747 artibus

2638 4774 2697 4809 su
2725 4773 2772 4809 vi
2802 4774 2969 4809 nosse.

2638 4773 2772 4811 sum
2800 4774 2969 4827 posse.
3518 4774 3530 4783 ‘

2090 4865 2108 4897 ι
2153 4845 2289 4901 Nam
2333 4862 2459 4902 cum
2500 4847 2642 4904 forte
2681 4850 2957 4920 quispiam
3000 4850 3333 4919 obsecraret,
3385 4854 3488 4910 sibi
3532 4864 3595 4911 ut

2011 4952 2214 4994 numen
2245 4939 2500 5009 excipere
2526 4940 2746 5007 liceret;
2780 4938 2925 4996 Deus
2951 4956 3076 4997 cum
3120 4940 3250 4997 huic
3280 4943 3360 4997 rei
3406 4944 3597 4999 minus

2012 5029 2297 5098 idoneum,
2330 5032 2477 5102 quod
2507 5041 2717 5088 natura:
2745 5035 2979 5091 vinculis
3004 5036 3335 5091 constrictus
3377 5044 3591 5091 tenere-

2009 5133 2118 5190 tur,
2168 5123 2320 5179 illum
2369 5140 2495 5180 esse
2533 5126 2906 5196 responderet,
2939 5141 3115 5195 eoque
3180 5136 3361 5183 certos
3425 5143 3587 5197 quos-

2003 5217 2128 5271 dam
2211 5218 2657 5286 procurationum
2724 5219 3208 5290 expiationumque
3278 5220 3419 5276 ritus
3479 5221 3589 5292 ipsi

2002 5309 2400 5379 praescriberet,
2438 5310 2512 5364 ita
2564 5310 2879 5379 subiunxit:

2008 5420 2174 5545 ῗῇῆ,
2209 5420 2302 5476 Vis
2343 5422 2524 5475 divina
2555 5434 2645 5475 tuo
2686 5422 2892 5491 pridem
2933 5437 3123 5491 magna
3163 5426 3350 5495 impete
3389 5428 3581 5481 victria:

2044 5510 2141 5545 ucu
2181 5496 2259 5545 uit
2286 5494 2482 5545 aeneri.
2517 5490 2735 5545 Maaica
2762 5492 2898 5545 lianc
2924 5493 3102 5545 facere
3134 5506 3250 5545 arte
3287 5497 3485 5545 licebit-

2044 5490 2259 5546 ncubuit
2285 5494 2482 5563 generi.
2517 5490 2735 5561 Magia:
2762 5492 2898 5546 lianc
2923 5490 3102 5562 fugere
3134 5490 3250 5550 arte
3287 5497 3485 5551 licebit.

1998 5756 2073 5821 τῷ
2123 5756 2223 5823 εἷς’
2268 5755 2528 5827 agebatur
2579 5756 2748 5819 enim,
2797 5754 3253 5881 quemadmodum
3307 5759 3408 5813 iste
3462 5756 3570 5812 vim

1998 5830 2144 5881 illam
2175 5827 2439 5881 damonis
2466 5825 2670 5881 evitare
2704 5840 2769 5881 ac
2834 5825 3069 5881 eclinare
3107 5838 3307 5881 nosset.

1997 5830 2144 5883 illam
2175 5825 2439 5883 damonis
2466 5825 2670 5883 evitare
2704 5840 2769 5881 ac
2797 5825 3069 5881 declinare
3105 5838 3307 5899 posset.
