4162 6462
490 435 592 495 Ml

1139 433 1412 491 EUSEBII
1451 434 1933 491 CESARIENSIS
1968 435 2119 492 OPP.
2158 437 2338 494 PARS
2377 438 2442 495 ll.
2483 473 2555 482 —
2581 440 3084 498 APOLOGETICA.

3657 447 3764 503 412

494 557 573 612 Ex
605 556 806 628 quibus
837 552 1124 610 manifeste
1162 559 1412 624 proiecto
1442 562 1679 614 constat.
1707 553 1978 625 magicam
2012 554 2070 608 il-

2181 557 2250 609 Δι’
2273 550 2347 611 ὧν
2373 558 2467 612 καὶ
2491 558 2677 628 σαφῶς
2702 559 3014 631 δεδήλωται,
3041 561 3123 614 ὅτι
3155 561 3188 630 ἡ
3214 561 3416 631 μαγεία
3437 564 3496 616 ὲν
3518 563 3597 635 τῷ
3617 565 3763 621 λύειν

493 651 599 704 lam
645 659 840 714 artem,
873 663 998 718 qua
1042 648 1098 701 in
1141 646 1401 702 solvenda
1437 645 1532 700 fati
1583 649 1910 702 necessitate
1956 663 2073 702 ver-

492 752 664 805 satur,
693 741 762 795 ad
812 755 933 794 eam
987 747 1267 808 utcunque
1303 738 1708 803 declinandam,
1756 738 2072 794 hominibus

491 833 675 888 divino
707 847 935 886 munere
961 846 1278 886 concessam
1303 830 1498 884 fuisse.
1538 849 1557 882 ι
1597 830 1774 900 Atque
1803 831 1919 885 haec
1955 846 2075 884 ora-

495 929 570 981 tio
598 924 887 996 Porphyrii
924 933 1037 979 tota
1089 933 1194 990 est,
1239 939 1349 978 non
1379 939 1520 977 mea.
1571 921 1699 989 Sed,
1750 925 1844 994 qui
1884 933 2074 980 auctor

493 1017 700 1073 homini
729 1027 848 1072 erat
887 1019 963 1072 uti
999 1017 1226 1087 magicis
1267 1017 1479 1072 artibus
1511 1017 1606 1072 fati
1651 1017 1759 1070 vim
1792 1018 2074 1087 legemque

493 1113 747 1177 solveret,
791 1111 934 1165 idem
969 1125 1093 1164 cum
1140 1107 1285 1164 Deus
1320 1118 1500 1176 esset,
1545 1109 1735 1178 quidni
1785 1107 2075 1178 prohibere

491 1209 688 1279 potuit,
727 1207 1026 1277 quominus
1072 1205 1226 1260 fatali
1275 1222 1437 1262 suum
1475 1206 1649 1275 ipsius
1677 1205 1934 1274 templum
1978 1203 2076 1257 ful-

491 1299 640 1354 mine
683 1297 1046 1368 dellagraret?
1093 1298 1210 1351 Imo
1253 1310 1403 1361 vero,
1460 1295 1553 1364 qui
1603 1293 1672 1346 ad
1711 1293 2072 1347 consectanda

492 1402 602 1442 non
651 1389 1047 1459 philosophim,
1100 1388 1193 1443 sed
1236 1387 1427 1457 magiae
1493 1385 1674 1440 studia
1715 1385 2066 1449 cohortatur,

2180 650 2249 703 τά
2271 649 2370 720 τῆς
2406 652 2746 723 εἱμαρμένης
2775 651 2925 724 παρά
2953 653 3091 705 θεῶν
3140 653 3295 725 ἐδόθη
3325 658 3402 719 εἰς
3426 656 3485 708 τὸ
3513 658 3764 717 ὁπωσοῦν

2181 741 2384 812 ταύτην
2410 743 2803 814 παρατρέπειν.
2851 763 2870 795 ι
2901 742 3088 796 Ταῦτά
3114 761 3195 797 σοι
3222 746 3250 798 6
3292 746 3620 820 Πορφύριος,
3661 751 3766 806 οὐκ

2181 834 2311 902 ἐγώ.
2355 835 2411 888 Ὁ
2434 836 2615 904 τοίνυν
2645 835 2898 906 μαγείαις
2951 837 3235 907 παραινῶν
3269 837 3417 893 λύειν
3443 840 3513 893 τὰ
3554 841 3656 912 τῆς
3687 843 3764 896 εε-

2191 927 2498 998 μαρμένης,
2535 927 2673 990 πῶς,
2705 926 2867 990 αὐτὸς
2881 927 3014 991 Θεὸς
3040 928 3135 993 ὢν,
3168 929 3237 982 τά
3265 932 3599 1002 πεπρωμένα
3623 933 3763 988 κατά

2182 1019 2274 1072 τοῦ
2308 1019 2438 1072 ἰδίου
2467 1018 2596 1073 ναοῦ
2629 1019 2877 1090 κεραυνῷ
2896 1020 3285 1092 πιμπραμένου
3311 1024 3384 1096 μὴ
3439 1023 3660 1091 ἔλυσεν;
3705 1027 3764 1080 '0

2181 1109 2238 1162 δὲ
2275 1109 2338 1178 δὴ
2366 1110 2643 1179 μαγεύειν,
2675 1110 2808 1163 ἀλλά
2843 1109 2918 1182 μὴ
2947 1111 3254 1182 φιλοσοφεῖν
3301 1117 3623 1188 παρορμῶν,
3646 1116 3764 1180 πῶς

2181 1201 2282 1251 οὐκ
2303 1199 2368 1252 ἂν
2396 1201 2479 1270 εἴη
2497 1200 2655 1270 δῆλος
2675 1203 2856 1263 ὁποῖος
2888 1202 2961 1255 ῶν
2985 1205 3242 1274 τυγχάνει
3263 1205 3354 1260 τὸν
3376 1208 3609 1278 τρόπον;
3640 1208 3764 1262 Ἐπὶ

2186 1291 2320 1342 πᾶσι
2349 1289 2560 1355 τούτοις
2586 1295 2681 1346 καὶ
2725 1293 3036 1368 ψεύδεσθαιι
3061 1300 3189 1360 τοὺς
3215 1298 3370 1362 θεοὺς
3398 1302 3426 1353 6
3450 1300 3612 1362 αὐτὸς
3631 1303 3761 1371 ὁμη-

2177 1381 2342 1452 λογεί.

492 1480 613 1551 ejus
649 1495 832 1538 mores
884 1481 1103 1537 obscuri
1153 1497 1275 1537 esse
1309 1481 1404 1551 qui
1451 1478 1707 1549 possint?
1751 1477 1892 1544 Quid
1937 1477 2084 1548 quod
2123 1477 2272 1547 ipsos
2319 1490 2538 1546 quoque
2579 1476 2712 1532 deos
2750 1480 2990 1542 mentiri,
3032 1483 3118 1535 his
3176 1483 3357 1537 verbis
3401 1483 3723 1539 conﬁtetur?

1106 1613 1335 1670 CAPUT
1378 1613 1444 1669 V.

864 1728 1017 1800 Ipsos
1051 1747 1252 1802 quoque
1287 1741 1428 1786 vates
1465 1731 1696 1784 mentiri.

570 1859 590 1894 ι
627 1840 733 1897 Sed
759 1843 1049 1913 quoniam,
1078 1844 1275 1913 inquit,
1307 1852 1620 1898 accuratam
1653 1850 1706 1896 et
1745 1839 2071 1912 exquisitam
2109 1883 2150 1938 Β

498 1943 772 1990 astrorum
809 1945 1010 2003 motus,
1041 1951 1106 1990 ac
1133 1935 1360 2005 proinde
1398 1933 1709 1988 futurorum
1742 1949 1809 1987 ex
1841 1948 1907 1986 eo
1943 1947 2078 2002 pen-

493 2026 743 2081 dentium
773 2029 1142 2098 cognitionem
1179 2027 1400 2096 assequi
1442 2042 1554 2080 non
1594 2026 1844 2080 homines
1881 2024 2080 2090 modo,

492 2116 591 2174 sed
623 2133 690 2172 ne
728 2117 1041 2172 daemonum
1076 2118 1294 2188 quidem
1340 2117 1588 2187 plerique
1629 2125 1896 2185 possunt;
1935 2115 1996 2170 lit
2024 2123 2084 2170 ut

492 2211 528 2264 li
570 2224 812 2280 persaepe
873 2211 1060 2266 multis
1110 2211 1178 2265 de
1228 2209 1392 2264 rebus
1429 2208 1664 2267 consulti
1694 2210 2076 2264 mentiantur.»

497 2301 622 2357 Mox
652 2303 728 2358 ita
765 2302 951 2358 subdit
983 2321 998 2358 :
1025 2302 1317 2361 «Etacrem
1336 2303 1559 2373 quidem
1592 2300 1987 2357 circumfusum
2027 2300 2080 2353 in

491 2411 661 2450 causa
689 2411 811 2452 esse
843 2395 1021 2460 aiunt,
1071 2397 1429 2465 quamobrem
1464 2394 1600 2449 falsa
1631 2395 1864 2448 edantur
1893 2409 2083 2447 oracu-

492 2488 565 2550 la,
605 2501 714 2541 non
763 2496 946 2542 autem
986 2497 1283 2556 prresentes
1328 2487 1462 2542 deos
1510 2497 1702 2556 sponte
1735 2485 2080 2541 mendacium

490 2589 756 2634 attexere.
795 2577 951 2648 διξερε
989 2579 1174 2648 itaque
1204 2578 1405 2634 falsum
1439 2580 1685 2634 dicturos
1719 2594 1778 2633 se
1811 2593 1932 2632 esse
1955 2593 2084 2646 pra;-

492 2671 769 2726 uuutiant.
824 2670 1042 2726 llaarent
1076 2672 1167 2725 isti
1195 2672 1575 2736 nihilominus,
1609 2680 1772 2742 atque
1799 2671 1941 2735 illos,
1973 2685 2081 2739 qua

492 2763 736 2831 stultitia.
751 2773 900 2827 sunt,
933 2763 1019 2818 vel
1046 2763 1248 2818 invitos
1272 2765 1606 2833 respondere
1631 2772 1853 2834 cogunt.
1885 2762 2078 2830 Apollo

2720 1614 3112 1667 ΚΕΦΑΛᾹΙΟΝ
3137 1616 3211 1669 E'.

2427 1727 2555 1781 Ὀτι
2589 1727 2689 1780 καὶ
2724 1729 3049 1796 ψεύδονται
3071 1731 3523 1800 μαντευόμενοι.

2259 1862 2276 1894 ι
2322 1843 2459 1896 Ἀλλ’
2487 1843 2589 1914 ἤδη
2617 1846 2709 1897 καὶ
2742 1845 2838 1916 τὴν
2868 1845 3197 1916 γνῶσιν-τῆς
3227 1847 3396 1917 φορᾶς
3415 1847 3512 1919 τὴν
3542 1848 3766 1919 ἀκριϐῆ,

2192 1936 2284 1988 καὶ
2315 1937 2414 2001 τάς
2448 1941 2510 1991 ὲκ
2536 1937 2742 1991 τούτων
2769 1937 3068 2007 συμϐάσεις
3101 1939 3482 2010 ἀκατάληπτον
3517 1937 3654 1994 εἶναι
3678 1942 3768 1994 ἀν-

2186 2027 2445 2099 θρὼποις,
2483 2031 2579 2083 καὶ
2602 2031 2664 2083 ού
2722 2031 2882 2101 μόνον
2907 2029 3140 2094 τούτοις,
3187 2031 3322 2085 ἀλλά
3366 2032 3458 2084 καί
3502 2049 3614 2085 τισι
3659 2034 3768 2086 τῶν

2185 2120 2497 2192 δαιμονίων·
2531 2123 2655 2175 ὅθεν
2690 2124 2782 2176 καὶ
2813 2123 3102 2192 ψεύδονται
3152 2124 3279 2195 περὶ
3309 2123 3518 2177 πολλῶν
3563 2125 3770 2196 ἐρωτη-

2187 2213 2423 2277 θέντες.»
2463 2215 2687 2277 Τούτοις
2710 2212 2866 2279 αὖθις
2922 2216 3184 2286 ἐπιλέγει·
3227 2237 3244 2268 ι
3269 2218 3380 2271 Kal
3407 2218 3468 2270 τὸ
3512 2218 3768 2288 περιέχον

2187 2304 2496 2372 ἀναγκάζον
2555 2305 2726 2376 ψευδῆ
2769 2305 3015 2374 γίνεσθαι
3045 2305 3112 2358 τὰ
3135 2311 3382 2376 μαντεῖα,
3429 2307 3489 2359 ού
3515 2309 3638 2369 τοὺς
3668 2323 3770 2359 πα-

2183 2396 2376 2466 ρόντας
2405 2395 2629 2458 ἑκόντας
2658 2396 3011 2470 προστιθέναι
3042 2397 3102 2450 τὸ
3122 2397 3335 2465 ψεῦδος.
3354 2397 3618 2462 Πολλάκις
3640 2397 3770 2466 γοῦν

2181 2487 2562 2559 προλέγουσιν,
2591 2490 2673 2542 ὅτι
2700 2488 3009 2558 ψεύσονται.
3028 2489 3092 2542 Οἱ
3123 2489 3179 2542 δὲ
3211 2489 3450 2560 μένουσι,
3475 2491 3568 2544 καὶ
3592 2490 3775 2560 λέγειν

2183 2577 2558 2645 ἀναγκάζουσι
2586 2578 2677 2632 διὰ
2704 2579 2801 2650 τὴν
2848 2578 3114 2649 ἀμαθίαν.
3171 2575 3307 2632 Eine
3344 2579 3474 2649 γοῦν
3507 2582 3536 2634 6
3578 2580 3772 2635 Ἀπόλ-

2182 2666 2289 2720 λων
2320 2669 2472 2734 ποτὲ,
2507 2669 2760 2740 τοιαύτης
2790 2669 2958 2742 οὔσης
2980 2672 3079 2742 τῆς
3106 2673 3510 2737 καταστάσεως,
3533 2671 3609 2736 ῶς
3639 2672 3772 2726 ἐδεί-

2187 2758 2380 2830 ξαμεν,
2422 2765 2663 2833 πονηρᾶς
2687 2762 2783 2816 τοῦ
2809 2766 3177 2834 περιέχοντος·

490 2870 642 2918 sane,
678 2871 803 2910 cum
853 2855 1128 2926 ejusmodi
1164 2855 1460 2925 aliquando
1493 2866 1680 2921 esset,
1731 2869 1897 2924 quam
1942 2861 2070 2906 ante
2118 2849 2536 2922 descripsimus,
2614 2855 2907 2910 ambientis
2964 2854 3088 2910 εοειὶ
3154 2854 3436 2910 molestior
3472 2854 3770 2910 diﬂicilicr-

489 2968 596 3022 que
629 2961 946 3022 tempestas,
981 2952 1128 3007 hunc
1151 2953 1209 3006 in
1236 2953 1463 3007 modum
1499 2952 1697 3007 cecinit
1727 2968 1740 3003 :

489 3067 576 3123 Ne
601 3086 679 3125 me
698 3069 840 3123 ultra
865 3070 1103 3138 precibus
1135 3086 1326 3139 cogas;
1359 3087 1484 3125 nam
1527 3070 1666 3136 falsa
1701 3068 1975 3139 profabor.

493 3180 569 3235 Ac
593 3179 729 3234 nihil
751 3197 784 3235 a
828 3181 988 3236 nobis
1013 3181 1219 3254 affingi,
1255 3183 1340 3239 vel
1369 3184 1590 3238 oracula
1633 3184 1752 3254 ipsa
1787 3183 1948 3238 ﬁdem
1987 3181 2072 3237 fa-

489 3271 655 3326 cient.
689 3268 781 3325 Sic
810 3271 956 3326 enim
980 3281 1242 3330 evocatus
1270 3288 1301 3329 e
1327 3274 1434 3329 diis
1455 3274 1728 3344 quispiam
1756 3272 2070 3343 respondit:

493 3382 620 3456 Non
654 3382 804 3456 ‘todie
831 3385 953 3440 licet
991 3387 1168 3455 eﬂari,
1195 3389 1286 3456 qui
1309 3387 1488 3442 sidera
1519 3404 1730 3453 cursus,

494 3453 628 3528 Quae
656 3453 1096 3528 sedes/labeant;
1128 3453 1217 3510 vis
1236 3459 1424 3528 quippe
1451 3459 1637 3528 futura
1665 3457 1886 3512 canendi

497 3523 660 3578 Nunc
689 3527 850 3581 astris
890 3527 1179 3581 constricta
1211 3523 1407 3584 rnane't.
1441 3523 1460 3580 ἰ

492 3637 636 3698 Tum
667 3641 741 3698 ita
771 3642 1054 3700 concludit
1096 3662 1110 3697 :
1140 3662 1158 3694 ι
1201 3642 1319 3710 Qua
1351 3643 1613 3698 nimirum
1655 3659 1722 3699 ex
1752 3658 1921 3699 causa
1951 3658 2078 3698 ora-

493 3735 746 3790 culorum
773 3750 918 3806 saepe
950 3735 1166 3790 vanitas
1197 3735 1418 3802 existat,
1451 3735 1716 3790 ostendit.
1755 3755 1775 3789 ι

1015 3889 1177 3962 242
1205 3887 1437 3944 CAPUT
1467 3888 1554 3944 v1.

567 4003 772 4068 Quibus
812 4005 1138 4074 argumentis
1187 4012 1300 4058 tota
1339 4005 1442 4074 fati
1473 4005 1612 4059 ratio
1657 4006 2000 4060 convellatur.

565 4094 687 4150 Jam
726 4094 914 4160 credo,
952 4111 1118 4166 quam
1148 4097 1216 4152 ab
1246 4098 1396 4152 omni
1430 4097 1716 4153 divinitate
1749 4114 1920 4154 vacua
1948 4097 2082 4154 deo-

2100 3048 2146 3106 c
2178 3065 2352 3120 Κλεῖε
2377 3066 2547 3135 βίην,
2583 3066 2800 3135 κάρτος
2826 3083 2890 3120 τε
2909 3068 3124 3136 λόγων-ο
3157 3067 3500 3137 ψευδηγόρα
3523 3066 3700 3131 λέξω.

2181 3183 2292 3235 Καὶ
2325 3182 2406 3233 ὅτι
2439 3181 2613 3235 ταῦτα
2640 3181 2814 3254 ἀληθῆ
2840 3183 3009 3246 ἐστιν,
3060 3183 3206 3252 ἅπερ
3262 3182 3493 3252 ἔφαμεν,
3542 3181 3774 3252 δηλώσει

2181 3273 2250 3328 τὰ
2281 3274 2460 3344 λόγια.
2493 3275 2639 3345 Ἔφη
2667 3274 2799 3344 γοῦν
2833 3292 2917 3340 τις
2949 3275 3167 3347 κληθεὶς
3194 3274 3302 3328 τῶν
3328 3274 3485 3328 θεῶν·

2182 3386 2452 3459 Σήμερον
2483 3390 2595 3442 οὐκ
2619 3389 2852 3442 ἐπέοικε
2872 3388 3072 3459 λέγειν
3102 3388 3341 3459 ἄστρων
3363 3385 3526 3450 ὁδὸν,
3556 3386 3741 3459 εζρειν

2185 3460 2247 3512 6‘
2269 3454 2472 3527 ἕδρανα
2501 3459 2930 3529 ἁμαντοσύνης
2953 3454 3084 3528 ’γὰρ
3141 3458 3210 3510 ὲν
3236 3454 3646 3597 ἄστρὲἓ-ἑηζὲἴ
3671 3470 3775 3577 ἰτε-

2184 3643 2295 3697 Kal
2332 3643 2598 3711 ἐπιλέγειο
2654 3661 2672 3693 ι
2702 3641 2950 3710 Πέφηνεν
3001 3640 3130 3710 ἄρα,
3180 3637 3344 3692 πόθεν
3399 3637 3661 3701 πολλάκις
3707 3638 3773 3691 τι

2183 3738 2382 3810 ψεῦδος
2435 3737 2771 3793 συνίσταται.
2805 3754 2828 3789 ›

2710 3889 3106 3950 ΚΕΦΑΛΑΙΟΝ
3152 3894 3243 3959 ς’.

2271 4006 2782 4062 Ἀνασκευαστικὰ
2813 4006 2919 4062 τοῦ
2945 4007 3078 4076 περὶ
3106 4005 3464 4075 εἱμαρμένης
3493 4005 3702 4074 λόγου.

2262 4102 2405 4170 Ἀρα
2435 4114 2518 4151 σοι
2540 4098 2813 4151 πέπαυται
2849 4098 3032 4152 λοιπὸν
3076 4096 3146 4151 τά
3184 4098 3282 4168 τῆς
3309 4095 3609 4167 ἀμφιϐόλου
3637 4093 3776 4162 γνὼ-

497 4202 620 4242 rum
672 4187 894 4242 oracula
920 4185 1145 4252 fuerint,
1195 4188 1357 4258 plane
1413 4204 1478 4244 ac
1502 4189 1639 4244 citra
1684 4189 2079 4244 dubitationem

2192 4208 2320 4262 μης,
2348 4191 2429 4243 ὅτι
2456 4188 2623 4261 μηδέν
2654 4207 2708 4242 τι
2724 4184 2792 4260 ἦν
2809 4188 2951 4244 θεῖον
2971 4191 3029 4245 ὲν
3050 4191 3164 4253 τοῖς
3182 4187 3292 4243 τῶν
3321 4187 3458 4241 θεῶν
3482 4187 3782 4258 χρησμοῖς..

497 4280 664 4334 ullam
685 4277 964 4349 intelligis.
994 4277 1132 4334 Nam
1164 4280 1258 4349 qui
1287 4279 1401 4335 ﬁeri
1434 4279 1629 4350 possit,
1659 4289 1718 4334 ut
1743 4279 1828 4333 vel
1853 4295 2079 4343 numen,

2189 4283 2315 4346 Πῶς
2345 4282 2452 4355 γάρ
2508 4299 2640 4336 ποτε
2671 4282 2733 4335 τὸ
2763 4281 2904 4337 θεῖον
2935 4280 3181 4351 ψεύσαιτ’
3225 4279 3313 4343 ἂν,
3356 4277 3455 4348 τὴν
3513 4277 3673 4345 φύσιν
3716 4275 3776 4328 ὃν

498 4371 644 4441 quod
681 4381 880 4428 natura
907 4388 1006 4429 sua
1050 4373 1118 4427 ab
1152 4372 1305 4428 omni
1351 4372 1593 4427 vanitate
1635 4371 1946 4442 scjunctum
1976 4379 2079 4437 est,

2190 4375 2604 4444 ἀψευδέστατον,
2637 4374 2691 4429 εῐ
2716 4393 2781 4446 γε
2812 4375 3039 4446 ἀψευδὲς
3073 4373 3135 4426 τὸ
3167 4372 3349 4437 θεῖον;
3386 4369 3504 4432 πῶς
3549 4370 3607 4423 δὲ
3636 4370 3774 4438 ἀγα-

498 4463 546 4518 si
580 4462 801 4532 quidem
825 4463 1096 4534 ejusmodi
1125 4477 1328 4516 numen
1374 4477 1471 4532 per
1499 4477 1619 4517 sese
1650 4472 1734 4517 est
1753 4502 1768 4526 ,
1791 4462 2080 4532 aliquando

2190 4467 2282 4531 θὸς
2297 4467 2508 4540 δαίμων
2533 4470 2652 4532 ταῖς
2685 4467 3060 4538 ψευδολογίαις
3108 4460 3412 4534 ἀπατήσειέ
3471 4478 3605 4514 ποτε
3647 4463 3776 4522 τοὺς

499 4554 840 4610 mentiatur?
878 4556 963 4610 vel
1014 4556 1193 4612 bonus
1244 4556 1438 4627 genius
1482 4554 1784 4610 mendaciis
1831 4555 1887 4610 in
1935 4553 2080 4610 frau-

2190 4561 2540 4632 χρωμένους;
2568 4560 2693 4623 Πῶς
2727 4559 2772 4612 δ’
2799 4558 2865 4612 ἂν
2894 4559 2981 4629 εἴη
3012 4558 3259 4628 κρεῖττον
3293 4551 3583 4624 ἀνθρώπου
3614 4553 3677 4606 τὸ
3707 4556 3774 4624 τῇ

498 4647 620 4702 dem
653 4663 770 4714 eos,
803 4661 836 4702 a
872 4647 1072 4717 quibus
1100 4650 1440 4714 consulatur,
1476 4647 1725 4702 inducat?
1752 4645 1888 4713 Quis
1921 4663 2080 4718 porro

2189 4649 2298 4705 τῶν
2330 4651 2545 4723 ἄστρων
2595 4651 2738 4722 φορᾷ
2798 4647 3202 4718 πεπεδημένον;
3267 4644 3473 4714 Θνητὸς
3530 4644 3628 4717 μὲν
3682 4641 3780 4701 οὖν

499 4738 708 4809 aliquid
763 4738 987 4794 homine
1033 4739 1212 4810 mjus
1254 4739 1308 4794 id
1361 4737 1531 4794 fuisse
1573 4739 1889 4802 arbitretur,
1939 4737 2080 4806 quod

2190 4743 2352 4814 ἀνὴρ,
2391 4743 2650 4814 βραχεῖαν
2678 4741 2879 4812 ἀρετῆς
2910 4738 3147 4809 σπουδὴν
3182 4737 3653 4808 εἰσενεγκάμενος,
3686 4736 3779 4790 οὗ·

501 4841 780 4887 astrorum
815 4843 968 4888 motu
1005 4833 1367 4888 constrictum
1410 4831 1712 4887 teneretur?
1739 4829 1874 4885 Nam
1917 4831 2080 4885 homo

2191 4837 2308 4890 ποτ’
2339 4835 2404 4889 ἂν
2427 4833 2956 4905 ψεύσαιτο,τὰληθὲς
2985 4831 3256 4903 προτιμᾷν
3280 4831 3634 4901 προθέμενος,
3663 4829 3771 4883 οὐδ’

499 4926 745 4996 quidem,
796 4925 1046 4981 mortalis
1080 4926 1226 4991 licet,
1261 4925 1356 4996 qui
1408 4923 1570 4979 modo
1606 4925 1826 4978 virtutis
1877 4923 2080 4992 aliquid

2192 4924 2534 4995 εἱμαρμένης
2566 4921 2836 4991 ἀνάγκην,
2875 4918 2984 4971 οὐδ’
3007 4918 3220 4987 ἄστρων
3265 4918 3439 4988 φοράν
3471 4917 3779 4970 αἰτιάσαιτο

499 5018 682 5073 studio
713 5017 937 5083 tribuat,
971 5018 1119 5072 nulla
1155 5018 1206 5072 vi
1247 5018 1314 5073 ad
1345 5017 1717 5072 mentiendum
1747 5015 1942 5070 adduci
1975 5031 2080 5069 uu-

2189 5017 2552 5086 ψευσάμενος·
2595 5012 2708 5066 ἀλλ’
2742 5013 2789 5063 εἰ
2812 5011 2910 5064 καὶ
2938 5009 3015 5080 τῷ
3045 5008 3256 5079 σώματι
3282 5008 3392 5080 πῦρ
3426 5025 3532 5072 τις,
3567 5009 3775 5080 ἢσίδη-

497 5121 665 5179 quam
709 5109 931 5179 poterit,
989 5109 1134 5180 quod
1171 5109 1340 5165 semel
1373 5111 1658 5163 veritatem
1709 5107 1858 5162 omni
1893 5108 2084 5163 condi-

499 5198 654 5254 tione
692 5201 963 5272 potiorem
1001 5201 1203 5256 habere
1247 5201 1532 5257 statuerit:
1567 5216 1667 5255 nec
1699 5200 1813 5270 jam
1857 5198 1953 5255 fati
1985 5216 2082 5255 ne-

499 5291 813 5348 cessitatem
877 5303 1219 5349 astrorumve
1277 5303 1486 5348 motum
1536 5293 1767 5346 vanitati
1823 5301 2083 5362 praetexct

2194 5126 2286 5181 ρον
2310 5107 2630 5179 προσφέρει,
2653 5103 2988 5174 διαφθείρειν
3031 5100 3419 5169 ὲξαναγκάζων
3470 5100 3562 5153 τὸν
3600 5100 3791 5172 ἀληθῆ,

2190 5201 2368 5268 λόγον,
2401 5198 2539 5252 ἀλλὰ
2579 5198 2675 5250 καὶ
2727 5195 2862 5266 πρὸς
2894 5193 3053 5247 τοῦτο
3100 5190 3569 5263 ἐλευθεροστομῶν
3625 5192 3775 5244 ἀντι-

2190 5291 2500 5361 φθέγξεταιο

502 5401 649 5449 suae;
681 5395 735 5440 at
768 5387 948 5458 ignem
974 5387 1102 5441 licet
1141 5385 1361 5456 corpori
1406 5395 1501 5440 aut
1532 5384 1736 5439 ferrum
1798 5385 2131 5454 admoveris,
2173 5403 2285 5459 quo
2352 5385 2532 5440 veraci
2573 5385 2770 5454 lingua:
2812 5383 2922 5437 vim
2970 5381 3187 5446 afferas,
3236 5381 3400 5437 stabit
3431 5381 3519 5436 ille
3559 5389 3777 5446 contra,

501 5491 557 5535 et
604 5482 774 5538 libera
813 5485 1194 5554 constantique
1227 5499 1359 5539 voce
1386 5483 1755 5539 exclamabit:

579 5591 836 5665 Qccurrat
876 5595 1036 5664 ignis,
1079 5595 1291 5665 gladius
1314 5604 1556 5649 occurrat
1590 5612 1607 5650 .·
1635 5612 1752 5649 seca
1784 5611 1801 5647 :

583 5663 757 5719 Esurc
789 5663 1010 5734 corpus:
1047 5663 1302 5734 sanguine
1327 5667 1596 5720 ardentem
1627 5668 1774 5720 sitim

2198 5598 2333 5649 Ἰτω
2352 5593 2468 5662 μὲν
2495 5591 2634 5658 πῖνρ,
2663 5590 2764 5642 ἴτω
2793 5589 2862 5642 δὲ
2896 5589 3233 5662 adoravi-or"
3268 5586 3442 5662 τέμνε
3475 5584 3606 5656 (49),

2195 5658 2446 5718 Κάτάιθε
2479 5663 2730 5729 σάρκας,
2768 5659 3152 5729 ἐμπλήσθητί
3173 5675 3291 5727 μου
3320 5658 3509 5709 πίνων

581 5800 693 5871 (49)
726 5803 848 5857 Ἴτω
867 5802 999 5872 μέν.
1026 5803 1308 5860 Constabit
1336 5822 1546 5866 versus.
1577 5808 1620 5862 si
1671 5808 1897 5878 legetur,
1943 5807 2066 5860 Ἴτω

2181 5823 2217 5859 ν
2247 5800 2358 5859 οὖν
2381 5802 2518 5872 πῦρ,
2547 5801 2862 5872 φάσγανον
2892 5799 2939 5853 δ’
2971 5799 3093 5863 ἴτω,
3121 5797 3312 5863 τέμνε.
