4162 6410
537 425 645 480 Η5

1178 424 1449 480 EUSEBII
1487 425 1971 483 CAESARIENSIS
2014 425 2164 481 OPP.
2211 422 2389 477 PARS
2438 422 2501 477 ll.
2545 447 2617 460 -—
2655 416 3160 474 APOLOGETICA.

3697 413 3802 468 M6

532 541 722 594 volens
757 555 821 594 ac
858 554 955 593 sua
994 554 1053 593 se
1085 548 1281 608 sponte
1311 541 1564 606 contulit,
1601 542 1693 596 sed
1737 553 1961 597 externa
1990 558 2105 610 qua-

2219 538 2419 592 διδόναι
2470 536 2681 590 ἔκδοτον
2728 537 2838 598 τοῖς
2889 531 3345 604 προειρημένοις;
3396 530 3552 584 Εἴποι
3595 531 3702 603 γὰρ
3738 532 3803 585 ἀν

531 628 659 681 dam
693 630 1020 684 necessitate
1047 630 1368 698 compulsus
1393 650 1408 699 ;
1443 632 1613 702 liquet
1643 637 1889 701 profecto
1917 634 1983 687 de
2008 651 2113 688 ea»

533 718 665 773 teris
691 719 834 774 idem
861 719 1206 774 sentiendum
1246 736 1390 787 esse,
1430 723 1522 793 qui
1563 724 1649 778 vel
1681 724 2002 787 latrociniis.
2030 724 2113 777 vel

534 810 805 879 sepulcris
848 810 1191 873 cﬂ‘odiendis.
1230 814 1312 866 vel
1346 813 1467 869 aliis
1505 815 1800 883 impietatis
1829 823 1992 884 atque
2026 815 2113 868 in-

534 904 910 973 temperantia:
946 906 1260 972 generibus,
1290 919 1383 961 aut
1418 909 1580 963 etiam
1618 910 2024 964 honestinribus
2051 926 2115 964 ac

534 994 851 1049 sanioribus
896 996 1160 1052 institutis
1206 1013 1265 1053 se
1301 999 1628 1054 dediderint.
1685 998 1799 1054 Hoc
1850 1001 1994 1054 enim
2046 1017 2112 1056 ex

534 1081 639 1137 ista
692 1082 785 1137 fati
840 1086 1053 1140 ratione
1099 1103 1445 1158 consequens
1482 1090 1639 1158 plane
1682 1102 1785 1145 est.
1833 1091 1936 1157 Qui
1983 1106 2115 1159 ergo

534 1172 706 1227 Semel
765 1172 821 1226 in
873 1189 993 1228 eam
1047 1176 1305 1233 inductus
1357 1180 1672 1248 opinionem
1725 1180 1921 1247 fuerit,
1980 1182 2114 1235 nihil

534 1263 769 1317 istorum
798 1280 897 1319 sua
929 1282 989 1320 se
1020 1269 1302 1323 voluntate
1340 1274 1619 1341 persequi,
1662 1282 1903 1328 externae
1927 1290 2116 1328 neces-

532 1354 680 1409 sitati
710 1357 994 1412 tribuenda
1026 1375 1147 1415 esse
1179 1362 1396 1415 omnia:
1435 1364 1528 1432 qui
1558 1366 1672 1418 ﬁeri
1703 1366 1917 1435 poterit,
1948 1374 2007 1420 ut
2032 1382 2117 1421 se-

533 1463 611 1511 se,
652 1449 719 1503 ab
751 1450 819 1505 iis
856 1451 1239 1506 abstinendum
1277 1457 1519 1509 monenti
1553 1472 1617 1510 ac
1650 1459 2003 1528 praecipienti,
2031 1459 2114 1512 di-

531 1548 620 1595 cto
662 1541 973 1596 audientem
1034 1544 1312 1612 praebeat?
1368 1544 1586 1601 lit-feret
1630 1550 1819 1618 utique
1857 1550 2112 1603 monitori

532 1647 656 1693 suo,
688 1635 1153 1702 quemadmodum
1200 1639 1510 1703 nonnullis,
1546 1641 1640 1709 qui
1679 1642 1947 1709 superiori
1995 1657 2114 1696 me-

533 1723 709 1777 moria
754 1723 961 1790 vixere,
1001 1727 1249 1797 contigit,
1294 1729 1375 1783 Ad
1409 1730 1541 1798 quid
1576 1730 1690 1785 hac
1730 1740 1785 1784 tu
1824 1732 1956 1786 mihi
1990 1748 2112 1787 mo-

533 1815 671 1878 nita,
705 1813 847 1869 bone
888 1816 1000 1869 vir?
1040 1815 1149 1872 Nec
1189 1821 1332 1873 enim
1375 1821 1648 1891 integrum
1690 1822 1825 1877 mihi
1859 1832 1942 1878 est
1973 1824 2113 1881 hanc

2218 630 2355 701 πρὸς
2380 628 2471 682 τὸν
2508 627 2883 688 νουθετοῦντα,
2935 623 3010 687 ῶς
3050 625 3143 676 καὶ
3200 624 3303 676 τῶν
3336 621 3439 694 πρὸ
3474 621 3629 693 ήμῶν
3662 640 3804 675 τισιν

2215 726 2448 793 εῐρηται’
2471 720 2535 774 Τί
2570 737 2658 789 με,
2686 713 2731 772 ὦ
2752 718 3026 789 ἄνθρωπε,
3046 716 3313 777 νουθετεῖς
3329 731 3343 779 ;
3358 715 3545 768 Ταῦτα
3562 715 3669 788 γὰρ
3689 715 3801 786 (55)

2215 816 2276 868 ού
2301 815 2475 884 δήπου
2514 813 2661 865 ἐστὶν
2691 812 2775 863 ἐπ’
2802 812 2947 880 ἐμοὶ,
2977 810 3037 861 τὸ
3066 808 3423 879 μεταϐάλλειν
3467 807 3566 878 τὴν
3605 808 3801 879 προαί-

2220 922 2389 979 ρεσινο
2447 906 2480 975 ή
2516 905 2623 975 γὰρ
2651 903 2959 973 εἱμαρμένη
3007 900 3433 971 προκατείληφε.
3474 900 3539 952 Τί
3581 895 3677 953 οὖν
3722 899 3805 952 δεῖ

2218 995 2569 1050 συντετάσθαι
2602 993 2738 1065 πρὸς
2768 993 2803 1047 ἀ
2825 991 2946 1046 οὐδὲ
2980 991 3373 1063 προθυμεῖσθαι
3402 992 3718 1064 δυνήσομαι,
3750 992 3799 1044 εί

2219 1089 2294 1159 μὴ
2329 1086 2605 1141 καὶτοῦτο
2641 1084 3006 1155 καθείμαρταί
3055 1099 3179 1154 μοις
3238 1083 3664 1154 Προθυμήσομαι
3717 1083 3797 1144 δὲ,

2214 1180 2265 1231 εἰ
2296 1178 2684 1249 καθείμαρται,
2731 1176 2823 1229 καί
2875 1175 3003 1229 ἀνευ
3053 1176 3153 1244 τῆς
3185 1175 3284 1243 σῆς
3325 1173 3673 1236 διδασκαλίας
3695 1174 3801 1226 ὑπὸ

2213 1270 2317 1340 τῆς
2371 1269 2710 1341 εἱμαρμένης
2761 1268 3048 1339 ἀγόμενος.
3079 1267 3145 1319 Τί
3198 1262 3294 1319 οὖν
3352 1266 3526 1336 μάτην
3573 1264 3799 1319 σεαυτὸν

2216 1363 2490 1433 ὲνοχλεῖς;
2532 1360 2672 1413 Ἀλλ’
2705 1362 2753 1413 εἰ
2785 1361 2879 1413 καὶ
2909 1359 2969 1415 τό
3009 1375 3067 1411 σε
3102 1360 3388 1429 παραινεῖν
3424 1357 3534 1429 (56)
3586 1357 3680 1411 καὶ
3716 1356 3795 1409 δι-

2214 1453 2433 1507 δάσκειν
2464 1455 2656 1523 φήσεις
2689 1452 2833 1506 κατά
2891 1451 3138 1521 ἀνάγκην
3202 1448 3563 1503 ἐπιτελεῖσθαι
3614 1449 3694 1511 εἰς
3734 1448 3797 1501 τὸ

2216 1548 2500 1618 παραινεῖν
2534 1544 2628 1598 καὶ
2673 1544 2879 1597 πείθειν
2907 1544 3008 1614 ἐμὲ
3031 1541 3275 1596 τοιαῦτα⁹
3309 1539 3445 1593 ἀλλὰ
3493 1541 3594 1593 κάν
3620 1538 3796 1608 τούτῳ

2212 1636 2267 1688 τί
2292 1638 2395 1709 χρὴ
2426 1635 2781 1701 σπουδάζειν;
2808 1636 2952 1706 ἀργὴ
2979 1634 3087 1706 γὰρ
3117 1636 3210 1687 καὶ
3232 1632 3515 1703 ἀνωφελὴς
3543 1634 3576 1703 ή
3604 1632 3797 1702 παραί-

2214 1745 2385 1792 νεσις.
2417 1728 2480 1781 Εἰ
2506 1727 2615 1799 γάρ
2638 1726 2895 1797 εἶμαρταί
2953 1742 3064 1795 μοι,
3108 1723 3468 1793 φιλοπονήσω·
3504 1724 3552 1774 εἰ
3611 1720 3668 1774 δὲ
3718 1722 3791 1793 μὴ

2213 1818 2492 1889 εἵμαρται,
2521 1816 2754 1888 ματαίαν
2777 1814 3045 1868 ποιεῖσθαι
3072 1815 3170 1885 τὴν
3195 1812 3428 1884 σπουδὴν
3447 1811 3792 1883 ἀμφοτέρους

532 1911 769 1958 mentem
804 1906 1204 1975 consiliumque
1251 1918 1483 1975 mutare,
1534 1913 1756 1981 quando
1780 1913 1895 1979 jam
1936 1913 2105 1968 fatum

2215 1908 2572 1980 συμϐήσεται.
2602 1908 2726 1971 Πῶς
2754 1908 2809 1961 δὲ
2839 1907 2923 1970 ού,
2956 1906 3155 1977 μᾶλλον
3193 1903 3621 1976 ἀπορρᾳθυμῶν,
3650 1902 3793 1956 εἴποι

532 1997 840 2065 occupavit.
869 1996 1010 2063 Quid
1037 2015 1123 2054 me
1153 2016 1317 2069 porro
1347 2001 1501 2071 juvet
1528 2004 1879 2069 contendere,
1917 2005 2009 2060 ubi
2043 2023 2111 2063 ne

531 2086 757 2158 optandi
788 2088 1008 2157 quidem
1046 2089 1279 2146 facultas
1315 2094 1713 2164 arbitriumque
1748 2097 2109 2165 relinquatur,

531 2177 639 2232 nisi
676 2187 866 2247 optare
897 2176 1072 2232 fatum
1105 2196 1327 2250 quoque
1354 2183 1488 2235 mihi
1521 2182 1618 2238 sit?
1650 2183 1862 2253 Optabo
1893 2202 2023 2240 vero
2061 2188 2107 2243 si

531 2267 701 2322 fatum
746 2269 871 2334 erit,
915 2279 975 2323 ut
1023 2271 1157 2324 nihil
1199 2273 1503 2342 praecipias,
1544 2274 1708 2347 244
1753 2276 1984 2345 ipsamct
2016 2278 2109 2331 fati

530 2359 1135 2414 necessitate-adactus.
1173 2360 1282 2415 (Iur
1311 2378 1441 2431 ergo
1471 2362 1675 2419 frustra
1709 2370 1973 2423 molestus
1997 2368 2111 2438 ipse

530 2448 626 2503 tibi
656 2450 758 2505 es?
788 2449 952 2520 Urget
975 2451 1235 2505 nimirum
1270 2455 1458 2507 eadem
1499 2464 1549 2508 te
1582 2456 1902 2521 necessitas,
1947 2468 2109 2527 atquc

529 2547 590 2594 ut
639 2540 743 2594 ista
782 2541 916 2595 mihi
968 2543 1223 2606 suadeas,
1277 2545 1502 2599 omnino
1545 2547 1710 2616 cogit.
1744 2547 1815 2601 At
1843 2564 2107 2617 quorsum

527 2632 633 2686 hac
673 2633 728 2686 in
782 2648 841 2687 re
882 2642 1091 2686 tantum
1135 2636 1337 2689 studii?
1368 2637 1537 2692 Cassa
1572 2640 1773 2708 quippe
1810 2649 1865 2694 et
1898 2640 2109 2696 inutilis

526 2724 838 2780 cohortatio
867 2737 956 2781 tua
990 2734 1091 2779 est.
1128 2725 1263 2781 Nam
1295 2730 1348 2782 in
1389 2746 1502 2783 rem
1540 2731 1772 2800 ipsemet
1796 2732 2107 2786 incumbam

524 2816 689 2878 ultro,
721 2817 768 2872 si
814 2817 987 2873 fatum
1026 2822 1158 2886 erit;
1210 2821 1293 2874 sin
1325 2831 1526 2885 autem,
1573 2823 1749 2877 inanis
1782 2835 1866 2877 cst
1910 2826 2110 2879 utrius-

520 2922 631 2977 que
664 2910 965 2964 contentio.
1000 2910 1199 2977 Quidni
1232 2920 1439 2976 autem,
1471 2913 1744 2967 dissoluto
1779 2915 1961 2982 potius
1989 2916 2108 2967 aui—

523 3014 635 3062 mo,
668 3000 763 3069 qui
809 3001 911 3055 hac
943 3005 1109 3057 semel
1152 3004 1394 3058 imbutus
1424 3006 1684 3073 opinione
1732 3006 1824 3070 sit,
1867 3007 2013 3063 hunc
2048 3007 2104 3062 in

522 3092 744 3148 modum
777 3095 1032 3165 loquatur
1060 3099 1173 3166 ipse
1204 3113 1389 3152 secum
1416 3117 1428 3153 :
1455 3097 1586 3152 Mihi
1614 3114 1746 3153 vero
1780 3110 1989 3155 certum
2021 3108 2107 3155 est

522 3186 695 3240 labori
729 3203 974 3256 parcere,
1008 3191 1327 3259 nullamque
1356 3192 1491 3245 mihi
1546 3190 1749 3246 frustra
1793 3194 2100 3250 molestiam

522 3275 822 3345 facessere;
859 3281 1167 3337 necessario
1206 3283 1377 3347 enim,
1412 3282 1680 3353 quidquid
1719 3286 1774 3340 in
1818 3284 1945 3342 fatis
1976 3287 2099 3351 erit,

520 3370 754 3425 eveniet.
788 3371 858 3425 At
888 3388 1019 3426 vero
1049 3375 1143 3443 qui
1176 3375 1254 3429 rei
1298 3375 1676 3448 cujuscunque
1727 3379 1811 3434 vel
1859 3381 2102 3437 studium

522 3463 891 3532 persequitur,
920 3465 1001 3518 vel
1029 3474 1299 3534 pratcepta
1334 3468 1533 3533 tradit;
1578 3470 1671 3539 qui
1706 3470 1950 3540 seipsum
2007 3482 2103 3528 aut

524 3554 690 3609 aliam
730 3556 1039 3624 quemlibet
1080 3556 1423 3621 adhortatur,
1460 3560 1537 3612 uti
1568 3560 1651 3614 vel
1694 3577 1903 3617 morem
1950 3576 2104 3635 gerat

521 3646 607 3699 vel
633 3645 788 3714 jussa
822 3647 1092 3715 negligat;
1134 3658 1417 3716 peccatum
1447 3660 1543 3705 aut
1578 3652 1832 3708 admittat
1876 3664 1973 3710 aut
2014 3655 2104 3711 fu-

523 3737 665 3806 giat;
711 3737 794 3790 vel
837 3748 1031 3808 arguat
1067 3740 1368 3809 improbos,
1415 3744 1496 3796 vel
1543 3746 1745 3813 probos
1783 3747 1944 3803 laude
1988 3750 2104 3803 alli-

522 3829 666 3883 ciat:
713 3830 781 3893 is,
814 3846 921 3883 non
952 3832 1128 3899 palam
1160 3841 1212 3886 et
1240 3844 1424 3902 aperte
1468 3836 1735 3892 libertatis
1778 3841 2103 3911 arhitriique

523 3924 695 3978 nostri
740 3922 1052 3979 facultatem
1086 3942 1150 3980 ac
1199 3937 1519 3996 potestatem
1556 3932 1836 4000 relinquit,
1878 3932 1973 3988 fati
2008 3950 2105 3987 no-

523 4030 648 4069 men
676 4016 722 4069 ei
752 4017 928 4071 solum
976 4032 1039 4071 ac
1062 4032 1248 4071 vocem
1282 4020 1557 4090 adjungit?
1592 4021 1824 4076 Perinde
1851 4023 2099 4089 omnino,

524 4119 584 4164 ut
617 4110 663 4163 si
706 4111 832 4179 quis
866 4110 1013 4163 illam
1048 4110 1177 4164 boni
1218 4121 1491 4177 naturam,
1519 4129 1648 4183 qua,
1688 4116 1793 4169 hoc
1837 4123 1982 4170 statu
2024 4129 2106 4170 re-

524 4216 667 4265 rum,
721 4204 925 4272 optime
972 4204 1278 4260 animantes
1337 4217 1634 4274 reguntur,
1693 4208 1822 4261 mali
1879 4208 2102 4263 nomine

522 4295 839 4364 appellaret.
881 4295 973 4351 Sic
1004 4297 1172 4361 enim,
1202 4313 1326 4351 cum
1359 4299 1519 4367 plane
1555 4300 1879 4365 sentiamus,
1918 4300 1999 4355 vel
2033 4301 2101 4354 ad

519 4386 852 4443 erudiendos
893 4388 1118 4455 liberos,
1157 4390 1240 4443 vel
1303 4391 1370 4443 ad
1410 4392 1598 4462 plagas
1650 4393 1918 4463 improbis
1957 4408 2104 4446 man-

521 4478 684 4547 cipiis
710 4478 1051 4550 iulligendas,
1089 4485 1173 4537 vel
1202 4485 1268 4538 ad
1302 4485 1566 4554 quidlibet
1616 4485 1734 4539 sive
1775 4485 2104 4555 amplecten-

2212 2001 2277 2054 ἂν
2306 2001 2441 2070 πρὸς
2472 1999 2663 2053 ἑαυτὸν
2696 2002 2724 2053 ὁ
2752 1998 2957 2067 ταύτην
3000 1998 3135 2068 ἔχων
3163 1998 3262 2068 τὴν
3293 1996 3470 2061 δόξαν,
3504 1996 3637 2062 Ἀγε
3691 2012 3792 2066 μη-

2207 2092 2394 2164 δαμῶς
2424 2091 2787 2162 φιλοπονήσω,
2828 2087 2960 2161 μηδὲ
3012 2090 3186 2160 μάτην
3239 2087 3510 2158 ἐνοχλήσω
3544 2085 3788 2156 ὲμαυτῷς

2208 2186 2496 2254 γενήσεται
2526 2182 2637 2254 γὰρ
2663 2183 2722 2235 τὸ
2751 2182 3013 2252 εἱμαρτὺν
3066 2179 3125 2245 ἐξ
3178 2181 3442 2248 ἀνάγκης.
3485 2179 3544 2230 Ὀ
3573 2178 3629 2231 δὲ
3663 2178 3789 2249 περί

2207 2294 2259 2329 τι
2284 2275 2522 2339 σπουδάς
2524 2273 2657 2346 ωνῆ
2690 2276 2785 2328 καὶ
2815 2275 3102 2338 διδάσκων,
3139 2273 3172 2344 ἢ
3227 2273 3550 2343 προτρέπων
3598 2269 3789 2323 ἑαυτὸν

2208 2369 2240 2440 ἢ
2267 2368 2445 2431 ἄλλον,
2473 2368 2568 2420 καὶ
2594 2367 2656 2420 τὸ
2689 2365 2972 2420 πείθεσθαι
3004 2365 3099 2418 καὶ
3121 2364 3182 2417 τὸ
3233 2364 3306 2435 μὴ
3344 2362 3647 2426 πείθεσθαι,
3693 2365 3788 2414 καὶ

2207 2461 2266 2513 τὸ
2292 2460 2622 2531 ἁμαρτάνειν
2674 2458 2707 2530 ἢ
2767 2459 2861 2530 μὴ,
2887 2458 2948 2511 τό
2998 2474 3057 2509 τε
3108 2457 3363 2526 ἐπιτιμᾷν
3396 2457 3510 2517 τοῖς
3539 2453 3788 2525 ἁμαρτά-

2207 2569 2374 2617 νουσι,
2400 2552 2494 2605 καὶ
2518 2550 2579 2604 τὸ
2608 2552 2850 2603 ὲπαινεῖν
2878 2550 3007 2612 τοὺς
3058 2548 3475 2621 κατορθοῦντας,
3521 2546 3639 2610 πῶς
3686 2548 3786 2601 ούκ

2206 2643 2451 2714 ἐναργῶς
2479 2643 2762 2713 ἐλέγχεται
2786 2641 2846 2695 τὸ
2872 2640 2969 2711 μὲν
3002 2640 3163 2712 ἔργον
3193 2638 3510 2693 καταλιπὼν
3534 2638 3628 2692 τοῦ
3656 2641 3786 2711 παρ’

2206 2738 2336 2806 ἡμῖν
2393 2735 2485 2787 καί
2525 2733 2618 2787 τοῦ
2655 2732 3024 2798 αύτεξουσίου,
3076 2736 3136 2785 τὸ
3196 2731 3253 2785 δὲ
3302 2731 3404 2801 τῆς
3447 2730 3786 2802 εἱμαρμένης

2204 2828 2375 2897 ὄνομα
2408 2825 2554 2897 αύτῷ
2584 2827 2871 2880 συνάπτων
2910 2826 3104 2896 μόνονς
3145 2826 3354 2895 Ὥσπερ
3378 2825 3429 2877 εἰ
3463 2842 3546 2888 τις
3567 2824 3664 2894 τὴν
3690 2822 3784 2879 τοῦ

2205 2914 2410 2985 ἀγαθοῦ
2443 2915 2623 2985 φύσιν,
2650 2910 2718 2987 ἦς
2748 2914 2887 2969 κατά
2921 2916 3021 2987 τὴν
3063 2914 3363 2987 παρουσίαν
3415 2914 3618 2986 ἄριστα
3658 2917 3787 2970 διοι-

2204 3010 2379 3061 κεῖται
2406 3008 2468 3060 τὸ
2503 3006 2661 3071 ζῶον,
2697 3005 2777 3078 τῷ
2806 3006 2899 3060 τοῦ
2925 3006 3097 3060 κακοῦ
3123 3006 3518 3078 προσαγορεύει
3543 3009 3784 3080 ὀνόματι.

2203 3097 2361 3152 Οὖτω
2387 3097 2497 3170 γὰρ
2541 3099 2664 3152 ἐπεὶ
2709 3098 2958 3170 ἐναργῶς
3022 3096 3229 3151 ἑαυτῶν
3273 3097 3664 3169 αἰσθανόμεθα,
3713 3101 3788 3170 μὴ

2207 3189 2544 3263 βιαζομένων
2574 3191 2666 3245 ὕπ’
2690 3190 2856 3262 ἀλλης
2882 3191 3024 3255 τινὸς
3062 3191 3245 3253 αἰτίας
3297 3190 3356 3245 ὲν
3399 3192 3477 3263 τῷ
3514 3191 3789 3247 παιδεύειν

2203 3286 2331 3349 τοὺς
2353 3286 2508 3349 υίεῖς,
2540 3285 2633 3339 καὶ
2660 3284 2940 3356 μαστίζειν
2967 3286 3091 3349 τοὺς
3113 3283 3332 3347 οἰκέτας
3353 3284 3784 3354 ἁμαρτάνοντας,

2203 3378 2299 3431 καὶ
2333 3380 2392 3430 ὲν
2418 3376 2498 3448 τῷ
2529 3376 2645 3430 τόδε
2675 3393 2728 3429 τι
2757 3374 3063 3446 βούλεσθαι,
3096 3374 3190 3428 καὶ
3221 3376 3294 3446 μὴ
3327 3375 3631 3445 βούλεσθαι,
3670 3376 3788 3429 ἀλλ’

2202 3468 2507 3532 αὐτοτελῶς
2533 3470 2597 3522 ὲκ
2620 3467 2720 3537 τῆς
2747 3466 2882 3529 ἰδίας
2907 3464 3155 3530 ἐξουσίας
3184 3467 3264 3528 εἰς
3289 3464 3388 3528 τὰς
3413 3464 3669 3529 τοιαύτας
3700 3482 3788 3519 κι-

2202 3562 2389 3633 νήσεις
2416 3559 2851 3630 ἀφικνουμένων,
2884 3557 3189 3629 ἁμαρτάνοι
3221 3556 3286 3610 ἂν
3337 3559 3366 3610 ὁ
3411 3556 3587 3610 ταῦτα
3610 3556 3784 3626 λέγων

2202 3652 2447 3723 γίνεσθαι
2506 3650 2630 3704 καθ’
2665 3648 3029 3719 εἱμαρμένην,
3066 3647 3201 3719 πρὸς
3232 3647 3310 3718 τῷ
3349 3648 3647 3719 παραλύειν
3668 3648 3782 3722 (57)

2201 3747 2301 3811 τάς
2327 3765 2386 3799 τε
2414 3745 2570 3816 ἡμῶν
2598 3741 2777 3797 αὐτῶν
2818 3742 3147 3815 προθυμίας,
3202 3741 3297 3795 καὶ
3344 3742 3443 3805 τὰς
3476 3744 3556 3806 εἰς
3596 3742 3786 3808 ἄλλους

2202 3838 2492 3909 γινομένας
2521 3834 2896 3908 παρακλήσεις
2928 3834 3023 3888 καὶ
3050 3833 3413 3905 νουθετήσεις,
3440 3834 3497 3900 ἐξ
3546 3829 3619 3887 ὧν
3646 3834 3786 3906 ὁρῶ-

2207 3950 2304 4004 μεν
2334 3930 2567 4002 μάλιστα
2592 3927 3003 3999 κατορθούμενα
3036 3927 3103 3980 τὰ
3147 3926 3255 3979 τῶν
3303 3926 3604 3999 ἀνθρώπων
3645 3929 3787 3997 πρά-

2202 4041 2408 4096 γματα.
2442 4023 2549 4075 Καὶ
2577 4022 2683 4093 μὴν
2716 4023 2810 4075 καὶ
2859 4021 3058 4091 νόμους
3105 4020 3399 4091 ἀνατρέποι
3450 4018 3514 4072 ἀν
3561 4014 3715 4084 οὗτος
3754 4023 3784 4074 ὁ

2202 4116 2377 4185 λόγος,
2406 4115 2531 4177 τοὺς
2569 4112 2663 4165 τοῦ
2688 4113 3059 4185 συμφέροντος
3112 4112 3297 4164 ἕνεκεν
3334 4111 3642 4182 ἀνθρώποις
3672 4128 3785 4164 κειι-

2208 4208 2418 4279 μένους.
2454 4206 2518 4259 Τί
2545 4205 2653 4275 γὰρ
2675 4204 2754 4256 δεῖ
2787 4204 3141 4276 προστάττειν
3171 4202 3203 4272 ἦ
3261 4201 3625 4273 ἀπαγορεύειν
3672 4205 3784 4267 τοῖς

2204 4300 2294 4368 ὑφ’
2329 4298 2520 4370 ἑτέρας
2554 4297 2803 4367 ἀνάγκης
2831 4295 3293 4366 κατεσχημένοις;
3327 4293 3443 4347 ἀλλ’
3492 4293 3611 4346 οὐδὲ
3658 4296 3782 4357 τοὺς

2205 4392 2617 4462 ἁμαρτάνοντας
2656 4388 2836 4459 δεήσει
2861 4387 3129 4450 κολάζειν,
3161 4386 3235 4456 μὴ
3277 4384 3449 4455 παρά’
3474 4384 3571 4454 τὴν
3615 4383 3781 4456 αὐτὴν

2204 4482 2385 4536 αἰτίαν
2429 4480 2845 4553 ἡμαρτηκότας,
2897 4478 3019 4531 οὐδὲ
3054 4480 3167 4540 τοῖς
3192 4477 3261 4529 τὰ
3320 4474 3581 4529 κάλλιστα
3612 4477 3783 4547 πράτ-

520 4570 677 4637 dum,
708 4570 826 4626 sive
852 4573 1232 4643 rejiciendum,
1262 4592 1374 4630 non
1407 4576 1633 4631 alterius
1670 4592 1771 4631 nos
1797 4593 1977 4633 causa:
2012 4593 2102 4633 ne-

2206 4591 2353 4627 τουσι
2384 4574 2550 4643 τιμὰς
2593 4569 2907 4640 ἀπονέμειν,
2946 4563 3021 4621 ὧν
3076 4566 3338 4638 ἑκάτερον
3369 4564 3564 4635 πολλὴν
3605 4565 3781 4618 αἰτίαν

518 4664 777 4718 cessitate
819 4665 963 4735 cogi,
1016 4667 1110 4720 sed
1157 4682 1386 4737 prorsus
1434 4668 1747 4722 voluntario
1793 4679 1996 4723 nostra:
2038 4669 2098 4722 li-

518 4752 745 4810 bertatis
795 4756 998 4826 impetu
1047 4760 1114 4813 ad
1156 4759 1271 4813 haec
1315 4758 1585 4813 similiave
1636 4760 1868 4814 consilia
1924 4759 2093 4814 ferri:

515 4859 703 4901 errare
782 4848 830 4903 is
890 4849 1085 4904 merito
1166 4849 1391 4923 fallique
1456 4862 1768 4917 censeatur,
1824 4852 1913 4921 qui
1983 4853 2097 4908 hzec

514 4938 701 4994 omnia
736 4936 850 4994 fato
882 4943 1119 5011 quodam
1148 4944 1263 4999 fieri
1301 4945 1530 5000 dixerit:
1579 4960 1691 5015 quo
1736 4959 1844 4997 non
1878 4953 2099 4999 conten-

517 5025 721 5083 tionem
747 5030 914 5085 modo
939 5034 1294 5104 studiumque
1320 5044 1594 5099 nostrum,
1629 5034 1722 5089 sed
1751 5035 1890 5089 alios
1927 5034 2093 5088 etiam

515 5119 599 5174 vel
622 5122 944 5177 cohortandi
977 5124 1060 5179 vel
1090 5127 1480 5181 commonendi
1504 5127 1615 5179 vim
1650 5143 1714 5181 ac
1756 5127 2093 5181 voluntatem

514 5211 796 5283 infringat,
845 5229 954 5285 qua
1000 5225 1180 5272 tamen
1232 5218 1446 5272 ratione
1483 5218 1831 5288 potissimum
1877 5234 1964 5273 res
2003 5219 2117 5297 ho—v

515 5304 724 5359 minum
756 5306 1008 5363 videmus
1053 5309 1192 5364 bene
1237 5309 1580 5380 feliciterque
1625 5310 1939 5366 succedere.
1970 5308 2090 5365 Jam

584 5439 695 5509 (55)
736 5441 926 5515 Ἰξαᾷεα
950 5440 1078 5511 γάρ.
1105 5442 1309 5509 Malim,
1336 5443 1495 5498 τοῦτο
1524 5442 1652 5513 γάρ,
1684 5443 1928 5515 sequitur
1947 5445 2093 5497 enim

511 5510 572 5565 τὸ
607 5510 980 5565 μεταϐάλλειν.

585 5580 694 5650 (56)
711 5580 864 5652 Ἀλλ’
886 5584 938 5635 εἰ
958 5582 1055 5636 καὶ
1070 5584 1137 5636 τό
1152 5601 1227 5638 σε
1248 5583 1580 5652 παραινεῖν.
1601 5584 1796 5638 Totum
1814 5584 1915 5636 hoc
1931 5600 2096 5637 mem-

511 5649 683 5725 brum
708 5650 898 5725 abesse
928 5664 1130 5725 posset,
1157 5670 1282 5709 cum
1316 5649 1654 5724 praecesserit
1678 5654 2092 5725 παραινεῖνκαί

510 5720 809 5773 διδάσκειν.
847 5721 953 5775 Sed
1006 5720 1333 5778 Graecorum
1387 5726 1501 5780 hare
1542 5720 1924 5792 περισσολογία
1965 5724 2085 5789 fuit,

508 5792 672 5865 etiam
709 5792 1057 5865 σοςωτάτων.
1086 5794 1408 5865 Cuiusmodi
1435 5796 1576 5865 apud
1602 5792 1879 5850 Platonem
1912 5796 2089 5865 ipsum

507 5864 789 5932 pleraque,
825 5862 1054 5934 singulis
1109 5864 1163 5920 in
1210 5862 1562 5935 paginis,'éx
1596 5865 1912 5936 περιουσίας
1935 5862 2093 5921 dicta

2204 4665 2552 4738 παρέσχηκεν
2577 4665 2659 4727 εἰς
2689 4660 2987 4732 ἀναστολὴν
3009 4659 3225 4721 ἀδικίας
3273 4658 3366 4710 καὶ
3416 4658 3496 4721 εἰς
3530 4657 3780 4719 εὐποιίας

2201 4758 2544 4831 ἑτοιμότητα.
2582 4755 2744 4809 Ἀλλά
2779 4755 2872 4807 καὶ
2895 4752 2993 4823 τὴν
3025 4751 3161 4823 πρὸς
3207 4749 3268 4803 τὸ
3301 4750 3453 4802 Θεῖον
3498 4748 3780 4802 εὐσέϐειαν

2200 4850 2493 4920 ἀνατρέποι
2522 4847 2705 4917 ama:
2739 4848 2772 4917 ἡ
2796 4845 2944 4911 δόξα,
3011 4844 3125 4911 εἴγε
3185 4843 3352 4913 μηδὲν
3399 4844 3530 4913 ἡμῖν
3553 4843 3581 4894 ὁ
3607 4841 3739 4903 Θεὸς
3762 4881 3777 4902 ,

2203 4941 2337 5010 μηδὲ
2369 4941 2473 5011 μὴν
2501 4938 2655 4992 αὐτοὶ
2708 4938 2757 4991 οἰ
2790 4935 2955 4988 τῶνδε
2992 4933 3329 5005 χρησμῳδοί,
3381 4935 3504 5004 μήτ’
3545 4932 3778 5002 εὐχομέ-

2198 5048 2336 5094 νοις,
2407 5030 2530 5102 μήτ’
2581 5025 2867 5081 εὐσεϐοῦσι
2932 5025 3328 5095 συμϐάλλονται
3434 5023 3779 5095 εἱμαρμένης

2199 5125 2465 5193 ἀνάγκαις
2496 5121 2919 5191 πεπεδημένοις.
2946 5119 3018 5171 Τὸ
3068 5118 3124 5171 δὲ
3145 5117 3299 5185 δίκην
3326 5115 3551 5186 ἀψύχων
3598 5115 3775 5182 λέγειν

2199 5216 2462 5270 κινεῖσθαι
2494 5216 2662 5285 ἡμᾶς,
2688 5213 2813 5283 τῇδε
2849 5212 2944 5265 καὶ
2974 5209 3100 5281 τῇδε
3151 5208 3254 5261 ὑπό
3286 5225 3429 5271 τινος
3464 5206 3661 5271 ἔξωθεν
3689 5207 3780 5259 δυ-

2197 5308 2413 5379 νάμεως
2464 5302 3091 5377 νευροσπαστουμένους,
3148 5303 3229 5364 εἰς
3281 5301 3342 5354 τὸ
3390 5301 3475 5353 ἐπ’
3509 5299 3775 5366 ἀνάγκαις

2148 5486 2161 5497 .
2197 5444 2460 5513 reperias.

2268 5501 2381 5583 '(57)
2416 5512 2571 5581 Πρὸς
2601 5528 2679 5583 τῳ
2707 5514 2924 5583 παραλ.
2952 5508 3178 5583 Rectius
3197 5506 3511 5583 _vider_etur,
3540 5501 3689 5583 πρὸς.
3715 5501 3776 5555 τὸ

2196 5575 2330 5653 παρ.
2362 5575 2477 5638 Ani
2501 5575 2559 5636 sit
2583 5575 2719 5653 πρὸς
2748 5580 2843 5653 τῷ,
2868 5581 3164 5653 retinetur,
3195 5575 3479 5653 legendum
3515 5575 3773 5653 putarim,

2196 5648 2333 5725 πρδς
2356 5654 2414 5707 δὲ
2444 5653 2543 5724 τῷ,
2574 5648 2639 5725 αι’
2666 5648 2808 5705 nona
2830 5651 2955 5725 inde
2979 5648 3236 5725 periodus
3266 5648 3513 5725 ineatur;
3539 5652 3776 5725 tuncﬂque

2197 5710 2347 5796 infra
2373 5710 2504 5792 post.
2524 5710 2847 5796 πράγματα..
2880 5710 3077 5774 minori
3107 5716 3453 5796 distinctione
3483 5727 3621 5782 opus
3656 5710 3772 5767 fue-

2197 5795 2287 5851 rit.
2318 5787 2476 5850 Prior
2505 5787 2689 5849 tamen
2716 5791 3032 5863 conjectura
3060 5788 3233 5860 magis
3257 5787 3449 5856 placet.
