4162 6432
379 377 486 433 417

1549 382 1874 438 ΡΒᾹΞΡΑΗ.
1913 384 2170 443 EVANG.
2207 387 2336 443 LIB.
2378 388 2468 444 Vl.

3530 394 3637 452 418

378 495 637 566 ἐθελῆσαι
660 497 788 552 τάδε
819 498 1039 570 πρᾶξαι,
1074 499 1165 553 καὶ
1200 499 1415 553 ἑλέσθαι
1441 499 1593 571 παρὰ
1643 497 1957 572 προαίρεσιν

2066 502 2214 572 ipsas
2244 519 2463 575 quoque
2486 504 2633 575 leges
2657 505 2725 560 ad
2757 506 3044 561 hominum
3089 505 3377 562 utilitatem
3412 515 3463 563 et
3493 523 3641 564 com-

376 585 566 657 ἕτερα,
590 585 709 649 πῶς
734 588 834 640 οὐκ
867 587 932 641 ἂν
955 588 1040 658 εἴη
1070 588 1279 652 ἀναιδὲς
1306 590 1399 643 καὶ
1435 590 1958 660 ἀναισχυντότατον;

380 676 612 749 ἐπείπερ
634 679 879 752 ἐναργῶς
908 680 1276 753 αἰσθανόμεθα
1298 683 1508 737 ἑαυτῶν
1531 684 1777 756 ἡμετέρᾳ
1815 687 1958 756 ὁρμῇ

379 771 474 823 καὶ
508 771 721 841 κινήσει
744 772 873 826 τάδε
904 772 1028 826 τινὰ
1054 774 1538 847 προθυμουμένων,
1569 777 1664 828 καὶ
1691 776 1959 846 ἀμελούν-

378 877 486 915 των
509 862 670 917 πάλιν
697 863 905 917 ἑαυτῶν
932 864 1464 935 ἀντιλαμϐανόμεθα,
1506 868 1600 920 καὶ
1647 867 1798 938 παρὰ
1830 866 1961 921 ταύ-

380 971 480 1023 την
506 953 605 1025 τὴν
633 955 811 1008 αἰτίαν
866 956 1294 1027 κατορθούντων,
1341 956 1374 1027 ἢ
1412 956 1486 1027 μὴ
1527 958 1957 1028 κατορθούντων,

382 1048 477 1100 καὶ
506 1046 565 1110 ἐξ
584 1046 795 1110 οὐδενὸς
824 1046 1011 1119 ἑτέρου
1040 1047 1392 1117 βιαζομένων·
1418 1047 1552 1101 ἀλλὰ
1573 1048 1640 1102 τὰ
1680 1050 1777 1120 μὲν
1801 1052 1958 1104 ἐκου-

382 1139 482 1208 σίῳ
511 1137 702 1211 γνώμῃ
722 1138 1080 1210 αἱρουμένων,
1104 1138 1171 1192 τὰ
1194 1138 1252 1191 δὲ
1276 1139 1601 1207 φευγόντων,
1644 1141 1735 1195 καὶ
1762 1159 1960 1213 παραι-

378 1230 654 1303 τουμένων
682 1233 746 1283 ὲκ
770 1230 872 1301 τῆς
899 1230 1057 1301 ἡμῶν
1082 1229 1260 1283 αὐτῶν
1292 1232 1683 1305 προαιρέσεως.
1723 1232 1880 1287 Ούτω
1901 1235 1959 1289 δὲ

376 1324 484 1394 ἄρα
508 1324 743 1395 ἐναργὴς
769 1318 836 1394 ἦν
855 1324 884 1375 ὁ
913 1322 1006 1375 τοῦ
1027 1323 1381 1378 αύθεκουσίου
1400 1324 1576 1395 λόγος,
1592 1326 1732 1380 ὥστε
1758 1328 1959 1399 ὁμοίως

375 1414 452 1484 τῷ
483 1415 667 1483 ἀλγεῖν
698 1417 791 1469 καὶ
815 1414 890 1487 τῷ
917 1414 1161 1484 ἥδεσθαι,
1202 1417 1296 1472 καὶ
1317 1417 1395 1488 τῷ
1438 1419 1559 1472 τόδε
1583 1437 1634 1473 τι
1682 1422 1836 1492 ὁρᾷν,
1862 1419 1958 1474 καὶ

373 1507 479 1559 τόδ’
506 1507 744 1571 ἀκούειν,
770 1509 831 1562 οὐ
857 1509 1222 1581 συλλογισμῷ,
1249 1510 1365 1564 ἀλλ’
1404 1511 1653 1581 ἐνεργείᾳ
1678 1511 1959 1580 καταλαμ-

373 1598 685 1670 ϐανομένων
720 1599 855 1671 (58)'
908 1601 1294 1656 συναισθέσθαι
1324 1601 1533 1655 ἑαυτῶν
1566 1600 1627 1666 ἐξ
1674 1602 1831 1672 ἡμῶν
1860 1603 1958 1656 αὐ·-

371 1690 481 1743 τῶν
505 1692 597 1744 καὶ
634 1691 737 1761 τῆς
768 1693 1041 1765 ἡμετέρας
1096 1693 1290 1765 βουλῆς
1351 1693 1666 1765 ὁρμώντων,
1707 1693 1802 1746 καὶ¹
1828 1694 1957 1748 τάδε

370 1780 493 1833 τινὰ
517 1781 875 1852 αἱρουμένων,
904 1783 1027 1836 τινὰ
1069 1783 1126 1857 δὲ
1176 1783 1690 1855 ἀποστρεφομένων·
1725 1782 1867 1836 ὥστε
1895 1784 1955 1848 ἐξ

371 1871 608 1935 ἅπαντος
627 1873 687 1926 τὸ
706 1872 1011 1944 ἐλεύθερον,
1037 1874 1131 1927 καὶ
1156 1874 1216 1927 τὸ
1245 1873 1591 1939 αὐτεξούσιον
1611 1874 1709 1944 τῆς
1740 1876 1798 1927 ὲν
1820 1876 1952 1946 ἡμῖν

369 1964 592 2037 λογικῆς
612 1967 707 2019 καὶ
739 1968 930 2037 νοερᾶς
950 1965 1166 2035 φύσεως
1207 1966 1430 2029 ἐνδίκως
1462 1965 1861 2035 ὁμολογεῖσθαι.
1886 1966 1951 2019 El

368 2056 424 2109 δὲ
466 2060 560 2111 καὶ
603 2058 758 2129 παρὰ
809 2057 1126 2129 προαίρεσιν
1178 2058 1347 2131 μυρία
1400 2057 1767 2129 συμϐαίνοντα
1818 2059 1950 2129 ἡμῖν

368 2149 497 2212 τοὺς
550 2149 777 2212 πολλοὺς
812 2149 921 2203 τῶν
973 2148 1278 2222 ἀνθρώπων
1321 2150 1601 2222 ταράττει,
1654 2148 1949 2221 διαιρετέον

369 2240 605 2294 ἐνταῦθα
633 2240 732 2313 τὴν
771 2241 878 2295 τῶν
904 2242 962 2294 ἐν
994 2235 1076 2305 οἷς
1106 2242 1274 2312 ἐσμεν
1301 2240 1481 2309 φύσιν,
1521 2240 1615 2294 καὶ
1644 2240 1735 2294 τὸν
1770 2239 1946 2309 λόγον,

371 2331 490 2386 καθ’
522 2332 580 2386 ὃν
604 2331 675 2385 τά
705 2332 805 2386 οὐκ
824 2334 912 2402 ἐφ’
930 2334 1061 2404 ἡμῖν
1092 2333 1322 2402 γίνεται,
1360 2331 1775 2404 ἐπιθεωρητέον.
1794 2332 1948 2386 Οὕτω

368 2423 478 2494 γὰρ
509 2424 601 2477 καὶ
648 2424 855 2478 τούτων
901 2424 963 2478 τὸ
991 2426 1162 2479 αἴτιον
1193 2422 1341 2489 οὔτις
1386 2424 1581 2493 ἄλογος
1632 2423 1946 2488 ἀναδέξεται

368 2514 694 2588 εἱμαρμένη,
726 2515 883 2585 λόγος
912 2517 969 2571 δὲ
1000 2516 1163 2570 πάλιν
1191 2516 1348 2579 ἄλλος
1388 2516 1489 2587 τῆς
1518 2514 1626 2569 τῶν
1653 2515 1789 2587 ὅλων
1814 2533 1946 2588 προ-

365 2604 516 2669 νοίας
537 2607 948 2679 ἀπηρτημένος.
992 2608 1118 2680 Φέρ’
1144 2602 1245 2663 οὖν
1267 2605 1543 2679 ἐπιμελῶς
1568 2605 1629 2660 τὸ
1654 2605 1963 2700 πρόϐλημα.

364 2697 811 2770 ἐπισκεψώμεθα.

2062 595 2286 649 modum
2313 598 2595 653 institutas
2625 598 2741 652 haec
2779 598 2966 668 opinio
3015 598 3328 655 labefactat.
3361 598 3499 656 Nam
3546 602 3638 656 cui

2062 693 2121 740 tu
2154 688 2323 753 bono,
2356 697 2454 743 aut
2492 689 2729 758 imperes
2774 688 2844 745 iis
2873 689 3177 759 quidpiam,
3208 699 3304 746 aut
3335 698 3510 760 vetes,
3540 692 3637 762 qui

2048 779 2171 849 jam
2200 780 2306 834 alia
2345 780 2631 836 constricti
2677 780 3008 835 necessitate
3044 782 3373 837 teneantur?
3397 782 3510 837 lmo
3538 799 3639 839 nec

2060 872 2348 928 hominum
2376 873 2583 928 scelera
2615 874 2813 944 punire
2839 882 3114 943 oporteat,
3146 876 3348 947 quippe
3386 877 3479 947 qui
3516 892 3639 947 pro-

2059 972 2179 1033 pter
2200 964 2445 1020 eamdem
2474 980 2696 1020 causam
2721 966 3000 1035 peccarint
3032 966 3168 1021 nihil
3194 986 3206 1021 :
3246 982 3347 1022 nec
3381 982 3478 1023 eos
3511 983 3639 1023 con-

2062 1065 2169 1125 tra,
2209 1058 2300 1127 qui
2336 1059 2596 1128 praeclare
2621 1074 2681 1114 se
2714 1060 3004 1127 gesserint,
3034 1060 3340 1115 honoribus
3376 1061 3637 1131 praemiis-

2058 1163 2166 1218 que
2210 1150 2449 1218 donare;
2498 1149 2646 1221 quod
2691 1158 2984 1221 utrumque
3020 1161 3198 1207 tamen
3239 1167 3362 1206 cum
3414 1153 3481 1207 ad
3529 1153 3634 1208 im-

2058 1240 2387 1308 probitatem
2428 1241 2812 1306 coercendam,
2865 1251 2979 1297 tum
3027 1243 3094 1298 ad
3134 1244 3485 1299 excitandum
3524 1245 3634 1299 vir-

2041 1333 2191 1388 .tutis
2212 1331 2475 1400 studium,
2502 1335 2763 1388 momenti
2786 1349 3000 1404 semper
3022 1350 3086 1390 ac
3112 1335 3311 1389 virium
3334 1335 3633 1405 plurimum

2060 1422 2270 1478 habuit.
2305 1423 2460 1477 Adde
2497 1424 2815 1493 religionem
2858 1439 2924 1480 ac
2956 1425 3210 1494 pietatem
3246 1425 3300 1478 in
3346 1424 3517 1480 Deum
3548 1441 3637 1482 ea-

2058 1514 2181 1569 dem
2224 1516 2491 1570 sententia
2534 1531 2715 1581 ruere,
2762 1517 2805 1571 si
2856 1531 2961 1570 nec
2999 1515 3142 1571 Deus
3183 1517 3319 1584 ipse.
3356 1531 3458 1572 nec
3501 1517 3635 1572 vati-

2058 1608 2327 1662 ciniorum
2361 1608 2591 1662 istorum
2629 1616 2905 1673 auctores,
2939 1607 3098 1680 255
3127 1609 3287 1664 nobis
3318 1609 3422 1669 hac
3463 1610 3634 1667 semel

2060 1699 2156 1754 fati
2185 1700 2509 1755 necessitate
2533 1700 2812 1769 obligatis,
2848 1702 3099 1766 precibus
3128 1702 3253 1757 licet.
3282 1717 3347 1758 ac
3381 1703 3633 1773 religioni

2058 1805 2280 1860 Operam
2312 1795 2523 1856 demus,
2560 1795 2797 1862 praesidii
2829 1794 3126 1863 quidquam
3155 1801 3250 1847 aut
3276 1794 3631 1849 emolumenti

2056 1880 2307 1935 conferre
2338 1882 2569 1952 possint.
2617 1883 2727 1941 Nos
2777 1901 2941 1954 porro
2990 1900 3141 1939 more
3187 1886 3470 1940 brutorum
3510 1886 3633 1940 ani-

2057 1974 2346 2039 mantium,
2393 1975 2501 2030 huc
2533 1976 2770 2045 illucque
2807 1977 2968 2043 trahi,
3008 1986 3230 2032 externa
3280 1977 3353 2043 vi,
3405 1978 3633 2048 quibus-

2054 2064 2180 2118 dam
2213 2066 2368 2135 quasi
2395 2065 2619 2123 funibus
2652 2069 3035 2130 circumactos,
3082 2076 3141 2122 ut
3170 2069 3275 2122 alia
3321 2070 3633 2125 necessario

2056 2154 2237 2210 facere
2265 2156 2519 2222 velimus,
2551 2158 2657 2215 alia
2687 2168 2876 2214 contra
2908 2174 3127 2215 sensum
3159 2169 3507 2230 mentemque
3531 2175 3633 2217 no-

2057 2256 2230 2301 stram
2255 2247 2542 2316 eligamus,
2577 2249 2664 2304 cui
2707 2264 2816 2304 non
2851 2250 3294 2321 indignissimum
3328 2266 3391 2307 ac
3425 2252 3631 2323 turpis-

2055 2337 2257 2393 simum
2309 2338 2437 2407 jure
2473 2339 2757 2395 videatur?
2803 2343 3041 2399 maxime
3079 2359 3203 2398 cum
3244 2359 3345 2400 nos
3399 2346 3467 2401 ad
3522 2345 3630 2401 alia

2054 2435 2250 2496 sponte
2279 2429 2518 2498 quadam
2558 2430 2870 2502 impetuque
2894 2442 3084 2490 nostro
3126 2433 3255 2490 l'erri
3286 2436 3591 2492 sentiamus
3612 2476 3628 2502 ,

2053 2515 2160 2569 alia
2192 2531 2386 2574 rursus
2419 2533 2544 2574 cum
2590 2522 2940 2594 negligimus,
2983 2523 3158 2580 nostri
3194 2533 3309 2579 tum
3350 2525 3454 2596 ipsi
3490 2541 3630 2596 quo-

2052 2622 2159 2675 que
2189 2608 2396 2664 domini
2444 2623 2834 2686 compotesque
2882 2631 3234 2683 maneamus;
3279 2617 3525 2687 adeoque
3571 2617 3626 2672 in

2051 2714 2219 2755 causa
2256 2701 2451 2769 simus,
2487 2707 2846 2773 quamobrem
2880 2706 3115 2763 feliciter
3139 2709 3293 2778 quid,
3342 2717 3437 2763 aut
3467 2724 3630 2765 secus

364 2790 598 2857 eveniat,
621 2806 747 2845 cum
773 2792 856 2846 vis
878 2791 1097 2848 aliunde
1120 2791 1269 2847 nulla
1292 2792 1452 2848 nobis
1506 2789 1786 2855 aﬂ'eratur,
1834 2800 2000 2861 atque
2040 2792 2154 2847 haec
2198 2795 2278 2848 uti
2333 2805 2586 2866 optamus
2632 2800 2800 2867 ultro,
2861 2801 2943 2856 sic
2989 2801 3079 2856 illa
3139 2802 3383 2858 vicissim
3439 2801 3629 2856 eadem

364 2886 524 2955 plane
578 2887 845 2955 libertate,
901 2898 997 2944 aut
1038 2888 1383 2959 defugiamus
1429 2888 1674 2954 omnino,
1722 2895 1818 2942 aut
1862 2902 1929 2941 ex
1993 2897 2146 2957 parte
2198 2889 2581 2948 detrectemus.
2620 2894 2687 2949 Et
2718 2910 2846 2950 vero
2879 2905 2991 2950 tam
3028 2906 3176 2951 certa
3232 2896 3395 2951 nobis
3438 2897 3626 2964 explo-

365 2989 591 3048 rataque
627 2989 713 3035 est
728 2981 858 3037 ‘htec
895 2981 1107 3035 arbitrii
1142 2981 1313 3036 nostri
1347 2980 1510 3045 ratio,
1564 2990 1627 3036 ut
1658 2981 1882 3050 perinde
1926 2996 1993 3035 ac
2030 2981 2162 3035 dum
2213 2990 2310 3037 aut
2352 2984 2600 3039 dolemus
2630 2986 2756 3055 ipsi,
2790 2998 2884 3042 aut
2929 2987 3200 3054 laetamur,
3242 2996 3336 3043 aut
3378 2988 3629 3045 videmus

364 3075 667 3144 quidpiam,
704 3084 800 3130 aut
843 3075 1118 3142 audimus,
1153 3076 1207 3131 id
1250 3090 1283 3130 a
1329 3075 1489 3132 nobis
1528 3090 1589 3130 re
1632 3077 1772 3145 ipsa,
1824 3090 1933 3131 non
1990 3076 2404 3153 ratiocinatione
2438 3080 2545 3135 ulla
2603 3083 2808 3153 percipi
2862 3084 3147 3149 sentimus,
3180 3084 3254 3139 ita
3305 3099 3407 3140 nos
3434 3092 3627 3154 Sponte

363 3167 704 3237 consilioque
742 3176 933 3223 nostro
977 3169 1124 3236 duci,
1155 3183 1222 3224 ac
1263 3169 1489 3225 delectis
1529 3171 1833 3237 nonnullis,
1876 3171 1948 3226 ab
2000 3171 2123 3227 aliis
2184 3172 2480 3229 abhorrere
2544 3177 2866 3233 sentiamus.
2905 3177 3158 3245 Prorsus,
3190 3187 3249 3233 ut
3286 3179 3434 3233 illam
3478 3179 3627 3234 arbi-

362 3263 453 3317 trii
517 3271 868 3333 potestatem,
939 3280 1108 3334 penes
1162 3273 1417 3319 naturam
1463 3264 1607 3321 banc
1672 3273 1916 3321 nostram
1960 3266 2174 3322 ratione
2225 3277 2280 3324 et
2323 3268 2678 3341 intelligentia
2721 3273 3002 3343 prteditam
3044 3287 3189 3337 esse,
3254 3270 3414 3327 fateri
3461 3287 3628 3329 nemo

363 3373 473 3415 non
519 3359 734 3414 debeat.
770 3358 866 3414 Sin
904 3369 1088 3416 autem
1145 3362 1289 3432 quod
1346 3360 1559 3416 inﬁnita
1598 3377 1818 3433 quoque
1848 3362 2010 3417 nobis
2070 3373 2266 3433 praeter
2309 3366 2606 3421 voluntatis
2654 3368 2980 3439 consiliique
3016 3369 3281 3423 rationem
3337 3367 3625 3433 eveniant,

363 3448 417 3503 id
451 3449 736 3506 hominum
793 3452 989 3523 vulgus
1056 3454 1372 3523 perturbat;
1433 3462 1548 3509 tum
1611 3470 1743 3509 vero
1780 3462 1837 3510 et
1881 3453 2265 3527 distinguenda
2318 3461 2759 3531 secernendaque
2812 3476 2996 3516 rerum
3042 3461 3281 3528 illarum,
3321 3461 3375 3515 in
3423 3461 3628 3531 quibus

361 3558 680 3610 versamur,
725 3552 919 3598 natura
962 3544 1088 3611 erit,
1136 3553 1191 3601 et
1230 3544 1321 3599 illa
1367 3544 1530 3600 simul
1572 3545 1716 3601 ratio
1782 3544 2200 3611 consideranda,
2265 3563 2363 3618 per
2418 3564 2582 3618 quam
2638 3565 2701 3605 ea
2746 3551 2898 3617 ﬁant,
2954 3567 3078 3620 quae
3115 3551 3366 3620 potestati
3422 3558 3626 3603 nostra:

363 3633 630 3690 subducta
660 3635 792 3689 sint.
832 3633 926 3691 Sic
965 3636 1112 3690 enim
1165 3636 1437 3705 eiusmodi
1477 3651 1700 3707 quoque
1748 3649 1930 3690 rerum
2006 3651 2232 3692 causam
2299 3654 2407 3694 non
2455 3641 2697 3696 absurdo
2742 3639 2874 3707 fato,
2923 3641 3016 3696 sed
3067 3641 3223 3696 alteri
3275 3640 3505 3696 consilio
3555 3655 3624 3695 ex

362 3728 541 3782 divina
577 3743 665 3784 res
706 3730 759 3783 in
786 3744 978 3785 omnes
1000 3728 1346 3786 Providentia
1392 3746 1684 3802 suspenso,
1724 3731 2069 3786 tribuendam
2115 3742 2171 3788 et
2223 3736 2609 3806 assignandam
2671 3752 2796 3792 esse
2846 3737 3136 3793 constabit.
3163 3739 3276 3809 Age
3297 3751 3451 3808 ergo,
3481 3750 3624 3807 quat~

363 3825 598 3879 stionem
632 3824 792 3879 istam
835 3822 1124 3893 diligenter
1151 3825 1516 3881 excutiamus.

433 3919 620 3973 Πάντα
668 3920 766 3990 μὲν
812 3917 1024 3989 ἀθρόως
1090 3922 1154 3973 ὲκ
1184 3920 1330 3976 ΔΘεοῦ
1376 3921 1635 3992 προνοίας
1690 3916 1828 3976 εἷναί
1880 3936 1939 3973 τε

2114 3920 2359 3976 Primum
2393 3921 2614 3991 quidem
2650 3922 2848 3977 divinat
2873 3920 3237 3976 Providentiae
3284 3931 3452 3989 nutu,
3494 3936 3618 3979 cum

362 4012 455 4064 καὶ
482 4009 831 4074 διοικεῖσθαι,
882 4011 933 4062 οἱ
985 4008 1083 4080 τῆς
1136 4009 1370 4082 ἀληθοῦς
1426 4012 1709 4077 εὐσεϐείας
1751 4012 1942 4083 θεσμοὶ

360 4103 789 4181 διαγορεύουσινο
816 4102 918 4175 ἤδη
953 4102 1010 4156 δὲ
1046 4105 1167 4158 κατ’
1210 4099 1349 4168 εἶδος
1392 4104 1537 4168 ἰδίως
1580 4104 1787 4158 ἕκαστα
1831 4103 1941 4156 τῶν

363 4195 740 4266 γιγνομένων,
797 4195 866 4248 τὰ
916 4196 1015 4268 μὲν
1060 4194 1173 4263 ἔξει
1228 4197 1362 4264 (59),
1415 4196 1484 4250 τὰ
1528 4195 1584 4249 δὲ
1638 4196 1819 4265 φύσει,
1873 4194 1944 4249 τὰ

361 4287 419 4340 δὲ
454 4290 595 4361 ὁρμῇ
625 4288 722 4341 καὶ
773 4289 1069 4360 φαντασίᾳ,
1119 4288 1190 4342 τὰ
1240 4288 1297 4341 δὲ
1342 4288 1589 4359 λογισμῷ
1617 4289 1711 4342 καὶ
1762 4287 1940 4361 οἰκείᾳ

363 4378 539 4451 κρίσει
569 4396 630 4433 τε
671 4380 764 4433 καὶ
816 4382 1131 4453 προαιρέσει
1175 4380 1487 4452 κινούμενα·
1521 4381 1617 4434 καὶ
1675 4380 1811 4435 ἄλλα
1843 4381 1942 4451 μὲν

363 4470 502 4524 κατὰ
533 4469 942 4543 προηγούμενον
975 4470 1132 4540 λόγον
1170 4472 1487 4542 γιγνόμενα,
1518 4470 1682 4542 ἕτερα
1709 4471 1766 4525 δὲ
1819 4471 1940 4525 κατ’

363 4562 842 4635 ἐπισυμϐεϐηκότα
874 4566 988 4628 τοῖς
1012 4563 1438 4635 προηγουμένως
1471 4565 1740 4632 γεγονόσι,
1767 4564 1944 4617 ποικί-

361 4654 459 4721 λην
491 4655 585 4710 καὶ
608 4654 940 4726 πολύτροπον
959 4654 1058 4727 τὴν
1087 4654 1180 4707 τοῦ
1213 4654 1412 4718 παντὸς
1441 4656 1808 4726 συνεστήσατο
1832 4654 1963 4735 δια-ο

363 4748 652 4820 κόσμησιν,
710 4748 926 4819 ἑκάστῳ
953 4748 1101 4817 γένει
1136 4746 1246 4801 τῶν
1279 4747 1450 4801 ὄντων
1495 4746 1631 4800 ἰδίαν
1668 4747 1761 4799 καὶ
1787 4748 1942 4815 ἀφω-

364 4839 624 4911 ρισμένην
648 4839 771 4892 τινὰ
804 4839 1018 4909 φύσεως
1053 4839 1402 4911 κατασκευὴν
1434 4837 1529 4891 τοῦ
1553 4836 1661 4891 τῶν
1695 4837 1833 4891 ὅλων
1855 4839 1938 4891 al—

360 4931 472 4985 τίου
498 4932 894 5003 διανείμαντος.
948 4932 1117 5004 Σχολῇ
1156 4932 1253 5004 μὲν
1305 4928 1398 4985 οὖν
1434 4948 1519 4996 τις
1547 4930 1639 4983 τὸν
1682 4931 1807 5002 περὶ
1829 4929 1938 4984 τῶν

361 5027 535 5082 ἄλλων
564 5027 821 5094 διεξέλθοι
873 5027 1051 5095 λόγον·
1100 5028 1191 5082 τὸν
1222 5027 1279 5080 δὲ
1310 5026 1438 5095 περὶ
1470 5024 1565 5080 τοῦ
1590 5024 1936 5090 αὐτεξουσίου

364 5124 492 5193 ῥᾷον
511 5121 813 5192 καταμάθοι
834 5119 901 5174 ἃν
925 5114 1047 5174 ὦδε.
1091 5118 1243 5172 Ἐπεὶ
1291 5118 1365 5191 μὴ
1406 5117 1690 5189 μονογενὲς
1722 5134 1775 5170 τι
1802 5116 1939 5188 χρῆ-

365 5230 460 5284 μα,
497 5214 619 5286 μηδ’
645 5213 710 5265 ὲκ
742 5213 870 5283 μιᾶς
925 5210 1196 5275 συνεστὼς
1229 5210 1443 5280 φύσεως
1498 5209 1754 5280 τυγχάνει
1805 5207 1880 5261 ὢν
1908 5208 1936 5260 ὁ

2042 4028 2187 4081 esse,
2224 4024 2338 4067 tum
2372 4013 2486 4082 regi
2522 4014 2685 4067 simul
2729 4015 3006 4077 universa,
3040 4029 3180 4068 verte
3219 4015 3502 4085 religionis
3533 4015 3620 4070 der

2040 4114 2190 4161 creta
2232 4104 2506 4159 sanciunt.
2549 4104 2674 4160 Jam
2717 4120 2867 4172 vero,
2909 4122 3032 4176 quae
3064 4106 3202 4160 (lunt
3249 4106 3484 4177 singula,
3520 4120 3620 4176 pro

2041 4213 2140 4254 sua
2173 4212 2405 4267 quaeque
2437 4211 2503 4251 ac
2531 4199 2791 4265 peculiari
2839 4197 3038 4261 forma,
3072 4198 3200 4251 dum
3246 4198 3353 4252 alia
3398 4197 3619 4268 quidem

2041 4291 2252 4355 habitu,
2292 4290 2396 4343 alia
2454 4298 2671 4355 natura,
2708 4303 3012 4358 rursusque
3066 4288 3170 4343 alia
3205 4289 3408 4358 impetu
3453 4297 3619 4360 atque

2042 4396 2228 4446 sensu,
2259 4382 2363 4437 alia
2400 4397 2532 4437 vero
2577 4379 3012 4444 ratiocinatione,
3044 4394 3109 4434 ac
3148 4378 3376 4449 judicio,
3409 4395 3618 4450 suaque

2042 4474 2178 4526 adeo
2213 4483 2404 4543 sponte
2433 4471 2770 4541 arbitrioque
2804 4479 3123 4526 moventur:
3166 4470 3406 4541 dumque
3457 4471 3616 4528 simi-

2041 4566 2165 4619 liter
2201 4564 2305 4619 alia
2341 4564 2611 4635 superiori
2637 4563 2870 4635 quadam
2901 4572 2955 4618 et
2982 4564 3182 4634 praevia
3212 4564 3423 4620 ratione
3455 4565 3615 4629 ﬁunt,

2040 4657 2145 4710 alia
2174 4655 2334 4710 modo
2355 4654 2696 4725 superiorum
2733 4653 2840 4707 vim
2877 4668 2943 4709 ac
2967 4655 3189 4708 ductum
3221 4663 3613 4725 consequente,

2044 4749 2249 4803 variam
2290 4765 2353 4805 ac
2390 4749 2742 4819 multiplicem
2791 4748 2955 4817 hujus
2986 4749 3227 4803 universi
3261 4748 3498 4817 speciem
3525 4760 3617 4802 or-

2043 4852 2342 4910 natumque
2384 4840 2722 4907 conﬂarunt;
2771 4855 2895 4894 cum
2942 4848 3132 4893 auctor
3175 4838 3419 4892 omnium
3457 4838 3616 4892 moli.

2042 4940 2234 5002 torque
2275 4930 2416 4986 Deus
2454 4946 2611 4987 suam
2655 4931 2878 4985 cuilibet
2922 4944 3105 4983 rerum
3153 4929 3338 4998 generi
3380 4927 3619 4998 singula-

2041 5041 2265 5096 remque
2331 5035 2538 5080 naturte
2604 5023 2973 5078 conditionem
3010 5019 3339 5074 attribuerit.
3383 5019 3464 5075 Ac
3507 5034 3616 5075 etab

2040 5127 2280 5173 terarum
2315 5117 2532 5187 quidem
2556 5116 2664 5169 vim
2700 5121 2865 5182 atque
2896 5110 3163 5165 rationem
3201 5109 3426 5179 exsequi
3454 5124 3610 5165 com-

2044 5212 2314 5281 plectique
2365 5208 2582 5264 dilIicile
2634 5207 2827 5273 fuerit;
2869 5205 3077 5260 arbitrii
3131 5218 3262 5259 vero
3306 5202 3611 5256 libertatem

697 5271 762 5357 ἐκ
787 5271 931 5357 δυοῖν
948 5302 1005 5355 δὲ
1031 5271 1285 5356 ἐναντίων
1328 5271 1512 5373 εἴληχε
1688 5298 1933 5361 σύνοδον,

2049 5271 2192 5356 hunc
2226 5271 2290 5355 in
2337 5300 2558 5354 modum
2598 5297 2903 5359 ostendere,
2945 5295 3105 5365 longe
3155 5291 3398 5347 facilius.
3448 5289 3615 5361 246

364 5393 612 5465 σώματος
638 5394 732 5447 καὶ
755 5392 953 5463 ψυχῆς
991 5393 1085 5445 τοῦ
1122 5393 1218 5463 μὲν
1270 5392 1412 5445 κατὰ
1468 5389 1810 5462 συμϐεϐηκὸς
1839 5388 1935 5459 ὀρ·-

434 5568 541 5639 (58)
572 5565 1214 5639 Καταλαμϐανομένων.
1249 5567 1409 5622 Forte
1436 5567 1643 5639 legend.
1670 5567 1743 5622 sit
1768 5583 1936 5639 κατας

359 5636 822 5723 λαμὸσανομένοις,
852 5648 913 5692 ιιι
938 5638 1227 5693 conveniat
1272 5652 1397 5693 cum
1442 5636 1821 5708 praecedentib.
1857 5636 1936 5705 τῷ

361 5709 569 5776 ἀλγεῖν,
594 5723 698 5761 etc.

435 5778 544 5848 \59)
581 5778 658 5831 Τὰ
679 5797 698 5847 Α

358 5845 633 5919 διαφόροις
681 5845 1073 5919 ἀντικείμενον.
1121 5846 1234 5903 Hoc
1293 5845 1529 5914 quidem
1568 5848 1688 5901 loco
1725 5845 1836 5911 ἕξις
1880 5858 1933 5902 et

2039 5394 2176 5449 Cum
2207 5394 2370 5448 homo
2399 5406 2504 5445 non
2541 5407 2629 5444 res
2658 5404 2761 5442 una
2793 5386 3039 5457 quaedam
3068 5387 3139 5440 sit
3165 5393 3327 5454 atque
3357 5383 3611 5452 simplex,

2042 5571 2642 5642 cpu'mggopponunturh:
2679 5580 2800 5642 meo
2829 5563 3058 5642 judicio,
3091 5564 3231 5642 quod
3271 5563 3461 5642 etme»
3500 5561 3611 5615 ἒεει

2035 5634 2300 5694 κινεῖσθαὶ
2318 5634 2332 5639 ⁷
2353 5640 2423 5693 sit
2460 5641 2519 5692 ὲν
2544 5640 2655 5701 τοῖς
2683 5635 2914 5704 ἀλόγοις,
2947 5634 3007 5688 τὸ
3033 5637 3174 5689 κατὰ
3207 5634 3510 5705 συνήθειαν,
3554 5651 3613 5685 a.’

2035 5728 2162 5765 vero
2204 5709 2397 5779 φύσει,
2447 5709 2555 5765 ἀπὸ
2596 5706 2977 5776 ταύτομάτου,
3010 5706 3102 5760 καὶ
3152 5704 3334 5769 καθὼς
3379 5706 3613 5761 ἕκαστον

679 5775 798 5847 μὲν
823 5776 965 5850 ἔξει.
1009 5776 1181 5850 "Eius,
1214 5786 1273 5832 ut
1307 5775 1617 5850 πολύσημόν
1659 5792 1710 5827 τι
1726 5816 1747 5850 ,Α
1763 5777 1853 5850 _sic
1885 5788 1938 5831 et
2034 5775 2295 5850 πέφυκεν.
