4162 6404
541 375 645 429 H9

1142 371 1416 429 EUSEB"
1457 369 1940 428 CESARIENSIS
1971 367 2123 424 OPP.
2167 367 2352 422 PARS
2391 368 2455 421 ll.
2497 398 2567 407 —
2604 361 3109 420 APOLOGETICA.

3697 359 3804 414 £20

544 500 640 547 aut
680 491 840 546 unica
883 500 1075 544 natura
1117 499 1403 552 constans,
1441 491 1533 544 sed
1575 506 1640 543 ex
1671 490 1902 544 duarum
1951 505 2015 543 ac
2043 488 2120 542 di-

2227 489 2388 558 γάνου
2417 489 2482 558 τῇ
2510 486 2656 556 ψυχῇ
2687 485 2996 555 δεδεμένου,
3020 483 3120 552 τῆς
3141 481 3198 534 δὲ
3236 479 3428 551 νοερᾶς
3456 477 3644 542 οὐσίας
3671 479 3814 532 κατὰ

544 599 861 648 Versarum,
911 583 1156 651 corporis
1196 582 1457 636 nimirum
1505 592 1558 636 et
1619 584 1825 650 animi,
1863 583 2124 638 societate

545 675 814 742 conﬂata;
860 684 914 730 et
961 689 1161 743 corpus
1214 673 1434 743 quidem
1483 674 1690 737 animo,
1742 684 2004 745 tanquam
2036 675 2124 728 in-

547 778 933 832 strumentum,
961 768 1348 838 consequentia
1383 767 1623 836 quadam
1655 767 1973 835 alligatum;
2009 767 2123 837 spi-

546 860 722 914 ritalis
771 874 901 913 vero
934 860 1354 929 intelligensque
1400 869 1620 922 natura,
1666 859 1717 911 vi
1764 858 2027 928 principis
2057 858 2125 912 il-

549 951 653 1006 lius
711 950 940 1005 rationis
979 951 1216 1004 existat:
1247 965 1482 1018 cumque
1518 950 1746 1004 alterum
1789 951 2002 1004 ratione
2035 963 2126 1004 ca-

548 1049 684 1105 reat,
724 1042 891 1095 altera
931 1040 1158 1108 praedita
1189 1040 1296 1107 sit;
1334 1040 1565 1093 alterum
1593 1040 2000 1108 corruptionem
2037 1055 2128 1108 pa-

545 1134 731 1197 tiatur,
783 1133 954 1186 altera
995 1131 1255 1197 minime;
1305 1141 1585 1200 postremo
1618 1131 1848 1185 alterum
1897 1131 2127 1186 mortale

546 1225 638 1288 sit,
672 1225 841 1279 altera
881 1224 1238 1280 immortalis:
1273 1239 1337 1278 ac
1360 1221 1592 1293 proinde
1616 1238 1816 1292 corpus
1844 1223 1976 1277 illud
2003 1223 2127 1278 bru-

544 1319 618 1372 tis
655 1318 1026 1372 animantibus
1060 1315 1224 1370 afﬁne
1251 1332 1315 1371 ac
1346 1316 1622 1386 geminum
1655 1314 1976 1382 habeamus,
2007 1315 2128 1368 ani-

545 1423 696 1461 mum
721 1417 933 1472 contra,
973 1422 1098 1461 cum
1130 1407 1463 1476 intelligente
1490 1406 1898 1475 immortalique
1928 1415 2125 1461 natura

546 1499 782 1568 quadam
811 1499 978 1554 veluti
1003 1500 1329 1570 cognatione
1355 1497 1710 1568 coniunctum
1735 1517 1747 1552 :
1779 1499 1978 1553 mirum
2006 1515 2128 1570 pro-

546 1590 691 1646 lecto
733 1606 845 1646 non
897 1600 1001 1652 est,
1051 1592 1095 1645 si
1121 1593 1398 1659 geminum
1445 1591 1614 1644 hocce
1657 1605 1898 1660 germen,
1940 1601 2127 1660 utpote

545 1684 781 1754 duplicis
819 1694 1031 1740 naturae
1079 1686 1466 1740 communione
1505 1695 1892 1754 temperatum,
1921 1683 2124 1754 duplici

555 1790 773 1845 quoque
801 1777 990 1842 vitam,
1031 1791 1204 1846 eaque
1241 1777 1477 1842 diversa,
1527 1777 1740 1830 ratione
1783 1774 2120 1830 conformet:

547 1875 608 1921 ut
639 1868 804 1921 modo
839 1867 1085 1936 corporis
1120 1878 1329 1921 natura:
1370 1867 1594 1931 serviat,
1629 1866 1789 1921 modo
1817 1866 2121 1920 libertatem
2156 1849 2198 1903 Β

547 1959 720 2028 partis
768 1958 1055 2013 divinioris
1090 1958 1366 2028 propriam
1405 1959 1832 2028 complectatur;
1881 1957 2124 2027 adeoque

548 2051 712 2106 simul
740 2050 793 2103 in
819 2051 1102 2117 servitute,
1137 2049 1302 2104 simul
1331 2050 1384 2102 in
1411 2048 1663 2103 libertate
1685 2055 1954 2110 versetur,
1984 2047 2127 2102 hanc

549 2158 577 2195 a
608 2138 743 2206 Deo,
785 2155 923 2210 quas
953 2141 1025 2195 ob
1057 2155 1256 2195 causas
1288 2141 1404 2208 ipse
1435 2141 1606 2202 novit,
1653 2141 1901 2210 corporis
1930 2139 2126 2194 animi-

546 2248 653 2302 que
667 2231 1107 2301 conjunctionem
1131 2230 1625 2298 sortitum.Quare,
1646 2232 1898 2302 quisquis
1921 2247 1984 2286 ea
2007 2248 2130 2302 qum

547 2323 800 2392 corporis
827 2331 921 2376 aut
957 2321 1127 2375 animi
1170 2328 1382 2376 natura:
1410 2323 1765 2388 conveniunt,
1799 2322 1894 2376 fati
1921 2323 2129 2377 abusus

550 2416 795 2480 nomine,
843 2413 1159 2468 necessitati
1207 2421 1466 2483 tanquam
1517 2430 1699 2469 causa:
1735 2415 2049 2484 subjecerit,
2081 2416 2128 2469 is

548 2503 796 2576 profecto
822 2520 852 2560 a
883 2520 1008 2560 vera
1039 2505 1404 2576 appellatione
1449 2506 1740 2561 aberrarit.
1771 2505 1909 2561 Nam
1947 2507 1993 2562 si
2028 2524 2128 2562 nec

548 2595 644 2652 fati
691 2597 1009 2652 necessitati
1039 2597 1257 2651 obviam
1288 2598 1354 2651 iri
1383 2606 1580 2668 potest,
1617 2609 1671 2653 et
1711 2615 1834 2669 quae
1867 2609 1974 2654 tam
2005 2616 2129 2654 cor-

551 2689 690 2758 pori,
722 2704 888 2758 quam
933 2689 1119 2742 animo
1157 2699 1367 2744 natura:
1396 2689 1520 2760 jure
1566 2691 1888 2759 debeantur,
1919 2701 2127 2762 partem

547 2794 689 2848 saepe
745 2777 1040 2833 maximam
1111 2778 1360 2848 impediri
1431 2779 1655 2833 solent:
1720 2781 1765 2834 si
1809 2796 2002 2835 rursus
2044 2781 2129 2833 in-

547 2870 695 2925 ﬁnita
729 2885 898 2940 prope
929 2869 1037 2925 alia
1077 2871 1422 2926 extrinsecus
1451 2872 1730 2938 eveniunt,
1771 2887 1894 2942 qua:
1934 2883 2129 2942 praeter

2227 581 2317 633 τὸν
2348 581 2755 651 προηγούμενον
2784 576 3097 646 ὑποστάσης
3126 573 3298 640 λόγον’
3321 573 3416 625 καὶ
3439 571 3534 624 τοῦ
3567 571 3667 642 μὲν
3689 570 3816 625 ἀλό-

2228 691 2348 742 γου,
2372 675 2470 744 τῆς
2499 674 2555 726 δέ
2588 670 2814 740 λογικῆς
2843 667 3238 739 τυγχανούσης·
3271 666 3365 719 xui.
3396 664 3557 718 πάλιν
3581 662 3675 718 τοῦ
3715 663 3814 735 μὲν

2228 763 2491 836 φθαρτοῦ,
2509 765 2607 835 τῆς
2629 764 2686 817 δὲ
2713 762 3009 834 ἀῳθάρτουο
3040 759 3134 813 καὶ
3163 757 3393 828 θατέρου
3415 755 3633 826 θνητοῦ,
3659 755 3815 809 θατέ-

2229 872 2328 928 ρας
2356 855 2412 908 δὲ
2440 855 2730 908 ἀθανάτου·
2764 854 2892 907 ὥσθ’
2919 853 3065 922 ἡμᾶς
3097 850 3260 920 θηρσὶ
3285 849 3383 919 μὲν
3418 847 3636 916 ἀλόγοις
3660 846 3815 900 ἀδελ-

2228 949 2326 1016 φὸν
2352 949 2537 1024 φέρειν
2559 949 2620 1001 τὸ
2646 945 3020 1018 σῶμα,ψυχὴν
3046 944 3104 996 δὲ
3127 947 3192 1013 τῇ
3219 941 3411 1010 λογικῇ
3440 940 3534 992 καὶ
3559 937 3813 1008 ἀθανάτῳ

2229 1039 2388 1108 φύσει
2413 1041 2668 1111 συγγενῆ·
2703 1037 2876 1110 ταύτῃ
2899 1054 2980 1089 τοι
3026 1035 3173 1098 είκὸς
3197 1034 3256 1086 τὸ
3295 1032 3481 1102 διφυὲς
3509 1032 3659 1084 τουτὶ
3681 1030 3811 1100 βλά-

2229 1149 2434 1204 στημα,
2467 1132 2648 1200 διττῆς
2682 1131 2777 1184 ἆτε
2827 1129 3040 1198 φύσεως
3072 1123 3490 1195 κεκοινωνηκὸς,
3527 1121 3688 1192 διττῷ
3717 1122 3814 1175 xui.

2225 1222 2465 1294 διαφόρῳ
2491 1223 2551 1275 τὸ
2600 1220 2700 1292 ζῇν
2744 1219 3068 1273 ἀπευθύνειν
3122 1217 3330 1288 τρόπῳ·
3363 1216 3484 1268 τοτὲ
3517 1214 3614 1284 μὲν
3652 1212 3815 1282 φύσει

2230 1313 2478 1384 σώματος
2505 1311 2780 1373 δουλεῦον,
2805 1311 2927 1363 τοτὲ
2950 1310 3008 1362 δέ
3034 1311 3101 1380 τῇ
3131 1307 3379 1376 θειοτέρα
3411 1304 3577 1375 μοίρᾳ
3601 1302 3698 1374 τὴν
3743 1303 3815 1356 ol-

2228 1408 2382 1462 κείαν
2411 1404 2789 1476 ἀσπαζόμενον
2818 1403 3147 1473 ἐλευθερίαν·
3185 1401 3261 1463 ὡς
3303 1399 3398 1452 xui.
3443 1396 3628 1450 δοῦλον
3671 1391 3812 1451 εἶναι

2225 1501 2317 1555 τὸν
2342 1500 2504 1554 αὑτὸν
2550 1499 2644 1552 xui.
2701 1496 3008 1566 ἐλεύθερον,
3049 1492 3310 1563 τοιαύτην
3359 1489 3480 1544 τινὰ
3527 1489 3678 1562 παρά
3715 1489 3812 1544 τοῦ

2225 1593 2382 1658 Θεοῦ,
2404 1593 2470 1646 δι’
2496 1591 2591 1655 οὒς
2617 1588 2724 1644 οῐδε
2756 1589 2949 1658 λόγους
2977 1586 3158 1651 αὐτὸς,
3190 1582 3609 1656 κεκληρωμένον
3634 1581 3814 1653 ψυχῆς

2226 1688 2321 1741 xui.
2354 1685 2604 1756 σώματος
2634 1681 2936 1754 ἐπιμιξίαν.
2963 1681 3025 1733 Εί
3055 1679 3119 1749 δὴ
3160 1674 3254 1732 οὖν
3281 1695 3365 1740 τις
3393 1676 3464 1729 τὰ
3488 1676 3628 1730 κατὰ
3653 1676 3816 1744 φύσιν

2227 1779 2345 1850 ἦτοι
2370 1776 2462 1830 τοῦ
2493 1775 2744 1847 σώματος
2771 1776 2804 1845 ἢ
2830 1774 2922 1826 καὶ
2949 1773 3049 1843 τῆς
3068 1771 3267 1841 ψυχῆς,
3318 1767 3662 1838 εἱμαρμένης
3698 1767 3814 1819 ὀνό-

2229 1886 2358 1940 ματι
2377 1867 2681 1940 χρώμενος,
2718 1866 2809 1918 ὑπ’
2834 1863 3009 1917 αἰτίαν
3033 1863 3280 1931 ἀνάγκης
3325 1858 3678 1922 καταϐάλλοι,
3701 1858 3816 1910 δια-

2231 1961 2426 2032 μάρτοι
2449 1960 2514 2013 ἂν
2537 1960 2637 2031 τῆς
2659 1957 2869 2021 οἰκείας
2894 1955 3291 2028 προσηγορίας.
3321 1951 3385 2006 El
3411 1952 3524 2022 γὰρ
3545 1951 3823 2022 εἱμαρμέ-

2227 2072 2323 2124 νης
2346 2054 2589 2124 ἀνάγκης
2617 2069 2701 2116 τις
2722 2048 2790 2124 ἦν
2819 2049 3119 2113 ἀκώλυτος,
3168 2047 3338 2100 πολλά
3384 2045 3441 2098 δέ
3472 2044 3580 2098 τῶν
3604 2043 3682 2114 τῷ
3712 2042 3814 2097 σώ-

2231 2164 2360 2217 ματι
2382 2147 2478 2200 καὶ
2499 2149 2564 2216 τῇ
2591 2145 2736 2215 ψυχῇ
2764 2143 2905 2197 κατὰ
2927 2141 3088 2212 φύσιν
3119 2140 3432 2212 προσόντων
3456 2133 3815 2207 παραποδίζε·

2227 2255 2336 2301 ται,
2369 2238 2539 2309 μυρία
2559 2253 2619 2289 τε
2647 2234 2846 2299 ἔξωθεν
2867 2233 3002 2288 ἀλλα
3031 2231 3267 2299 συναντᾷ
3297 2227 3451 2300 παρὰ
3485 2226 3648 2296 φύσιν
3670 2225 3814 2278 κατά

2227 2349 2280 2384 τι
2309 2329 2653 2401 συμϐεϐηκὸς
2698 2328 2794 2382 xui
2839 2325 2984 2396 ψυχῇ
3015 2325 3109 2378 xui.
3168 2321 3383 2392 σώματι
3431 2319 3810 2390 παρεπόμενα·

2229 2423 2350 2488 πῶς
2380 2423 2446 2476 ἂν
2477 2421 2562 2492 εἴη
2609 2419 2805 2474 ταύτὸν
2838 2417 3148 2489 εἱμαρμένη
3205 2415 3301 2468 xui.
3351 2412 3550 2482 φύσιςς
3607 2411 3670 2464 El
3703 2408 3813 2479 γὰρ

2228 2513 2646 2587 ἀπαράλλακτόν
2679 2529 2842 2580 φασιν
2869 2508 3008 2563 εἶναι
3064 2508 3162 2578 τὴν
3189 2505 3554 2578 εἱμαρμένην,
3579 2503 3676 2557 xui.
3738 2502 3813 2573 μὴ

2227 2606 2484 2661 δύνασθαί
2508 2623 2558 2658 τι
2587 2605 2715 2676 παρ’
2750 2597 2925 2672 αὐτὴν
2946 2600 3190 2670 γίνεσθαι
3239 2599 3516 2668 (ἀνάγκην
3531 2597 3652 2670 ,γάρ
3674 2591 3811 2650 εἶναι

2227 2697 2675 2770 ἀπαραίτητον).
2727 2693 2899 2747 πολλὰ
2939 2693 3016 2757 δὲ,
3066 2692 3142 2755 ὡς
3168 2691 3325 2762 ἔφην,
3367 2691 3518 2762 παρά
3556 2689 3626 2742 τά
3671 2688 3811 2743 κατὰ

2229 2791 2391 2862 φύσιν
2425 2790 2518 2843 καὶ
2544 2789 2687 2859 ψυχῇ
2717 2786 2812 2838 καὶ
2844 2783 3057 2855 σώματι
3087 2783 3509 2854 συμϐαίνει,οὑκ
3540 2781 3608 2834 ἂν
3637 2780 3813 2851 ὀρθῶς

2227 2901 2312 2948 τις
2339 2883 2615 2953 ὀνομάζοι,
2643 2879 2838 2932 ταύτὸν
2860 2873 2999 2930 εἶναι
3028 2875 3202 2944 λέγων
3229 2875 3570 2947 εἱμαρμένην
3598 2873 3691 2926 καὶ
3720 2890 3816 2940 φυ-

547 2974 800 3021 naturam
833 2979 964 3018 casu
1007 2965 1245 3033 quodam
1282 2965 1527 3019 animum
1578 2979 1892 3034 corpusque
1941 2979 2126 3019 conse-

2230 2993 2333 3030 σιν.
2357 2974 2557 3028 Γένοιτ’
2589 2973 2655 3026 ἂν
2681 2967 2774 3025 οῦν
2798 2969 2909 3023 τῶν
2959 2970 3129 3023 ὄντων
3154 2971 3211 3022 ἐν
3245 2971 3376 3039 ημῖν
3419 2966 3489 3020 τά
3545 2965 3648 3036 μὲν
3671 2965 3815 3018 κατΞι

545 3065 820 3126 quantur;
853 3055 1026 3109 fatum
1065 3065 1118 3110 et
1146 3065 1398 3110 naturam
1446 3057 1588 3111 idem
1621 3072 1746 3112 esse
1785 3057 1910 3126 quis
1954 3057 2130 3128 putet?

2228 3068 2486 3138 λογισμὸν
2516 3067 2612 3120 xui.
2660 3065 2982 3137 προαίρεσιν
3036 3063 3134 3133 τὴν
3169 3061 3259 3130 ὑφ’
3285 3059 3442 3131 ἡμῶν
3493 3058 3604 3130 (60)
3633 3058 3814 3126 γιγνό-
3907 3113 3912 3117 ,

549 3147 606 3202 Si
635 3148 777 3202 enim
810 3158 904 3201 aut
942 3147 1115 3202 fatum
1149 3148 1258 3201 ullo
1297 3149 1459 3203 modo
1490 3149 1776 3213 declinari,
1813 3157 1906 3202 aut
1931 3159 2126 3218 praeter

2232 3176 2388 3231 μενα,
2417 3153 2506 3212 οἷα
2530 3157 2600 3211 τά
2629 3157 2772 3211 κατά
2831 3155 2994 3226 φύσιν
3017 3154 3216 3225 ψυχῆς,
3269 3152 3337 3205 τὰ
3383 3151 3440 3204 δὲ
3487 3150 3629 3205 κατά
3653 3149 3814 3220 φύσιν

549 3241 680 3295 illud
726 3239 842 3294 ﬁeri
875 3241 1174 3311 quidquam
1220 3256 1380 3310 posse
1417 3249 1635 3311 negent,
1677 3241 1822 3311 quod
1872 3241 2124 3296 inexora—

549 3334 672 3387 bilis
715 3333 788 3386 sit
837 3333 1170 3389 necessitas:
1212 3342 1268 3388 et
1319 3334 1554 3404 plurima
1600 3342 1807 3400 tamen,
1840 3335 1917 3388 uti
1965 3335 2119 3401 dixi,

546 3423 734 3477 animo
774 3424 1100 3493 corporique
1138 3433 1337 3493 prazter
1381 3434 1630 3478 naturam
1684 3425 1944 3479 eveniunt
1974 3443 1986 3478 :
2011 3441 2127 3495 per-

549 3530 733 3584 peram
771 3529 902 3569 sane
937 3515 1150 3582 fecerit,
1181 3517 1276 3586 qui
1321 3531 1492 3570 unum
1523 3516 1777 3586 idemque
1823 3515 1935 3572 l'ato
1964 3527 2126 3571 natu-

548 3621 732 3677 neque
767 3620 965 3661 nomen
997 3607 1272 3662 indiderit.
1298 3606 1624 3674 Enimvero,
1654 3617 1716 3662 ut
1753 3625 1968 3673 eorum,
2003 3625 2126 3680 qua:

549 3699 708 3754 nobis
736 3699 943 3766 insunt,
987 3700 1092 3755 alia
1122 3701 1332 3756 ratione
1365 3703 1704 3772 consilioque
1742 3701 1878 3756 ﬁant
1913 3713 2122 3770 nostro,

547 3789 859 3860 cuiusmodi
883 3796 1034 3858 sunt,
1059 3805 1399 3862 quaecunque
1421 3807 1547 3847 cum
1573 3793 1741 3848 animi
1769 3802 1964 3848 natura
1988 3809 2123 3848 con-

548 3883 795 3950 veniunt,
837 3882 944 3937 alia
981 3891 1146 3953 prout
1185 3884 1438 3954 corporis
1479 3895 1673 3940 natura
1709 3885 1980 3956 postulat;
2018 3886 2123 3941 alia

548 3975 767 4030 demum
795 3977 1034 4047 utrique,
1052 3976 1256 4044 animo,
1285 3977 1531 4047 inquam,
1555 3979 1881 4048 corporique
1903 3978 1984 4034 sic
2007 3993 2127 4033 eve-

550 4069 724 4132 niant,
760 4076 821 4123 ut
853 4083 976 4124 cum
1027 4069 1260 4124 aliarum
1302 4085 1486 4124 rerum
1533 4080 1727 4126 natura
1773 4070 2121 4125 cohaereant:

548 4171 729 4215 tamen
768 4176 867 4216 nec
895 4176 959 4215 ea
997 4177 1118 4230 qum
1145 4163 1210 4216 ad
1257 4162 1424 4216 animi
1449 4162 1760 4229 arbitrium,
1789 4177 1890 4217 nec
1912 4176 1976 4216 ea
2002 4177 2125 4232 quae

549 4250 796 4320 corporis
830 4253 896 4306 ad
951 4263 1203 4306 naturam
1254 4253 1545 4322 pertinent,
1587 4253 1698 4308 imo
1748 4267 1850 4306 nec
1894 4267 1957 4306 ea
2001 4267 2124 4321 quae

549 4358 679 4396 casu
733 4343 1058 4413 contingunt
1103 4345 1468 4409 extrinsecus,
1523 4359 1701 4399 causa:
1761 4358 1875 4398 suae
1927 4343 2123 4396 merito

549 4433 780 4488 subduci
831 4441 1055 4501 queant.
1084 4433 1232 4488 ldem
1275 4434 1420 4487 enim
1470 4434 1560 4488 ille
1597 4433 1762 4500 Deus,
1813 4433 1908 4503 qui
1954 4433 2122 4487 totius

2228 3251 2322 3304 τοῦ
2351 3250 2623 3322 σώματος,
2663 3249 2733 3302 τὰ
2755 3248 2811 3301 δέ
2835 3248 3046 3311 τούτοις
3080 3248 3177 3316 μὲν
3230 3244 3634 3317 συμϐεϐηκότα,
3667 3243 3813 3314 ψυχῇ

2227 3344 2370 3412 λέγω
2409 3345 2504 3396 xui.
2534 3342 2767 3414 σώματι,
2801 3341 3008 3412 ἑτέροις
3029 3340 3086 3392 δέ
3114 3336 3513 3406 συντελούμενα
3540 3335 3684 3388 κατά
3709 3333 3812 3403 φύ-

2230 3447 2335 3487 σιν·
2368 3433 2484 3486 ἀλλ’
2517 3433 2640 3485 οὒτε
2656 3433 2756 3501 τῆς
2780 3431 2962 3500 ψυχῆς
2989 3430 3050 3481 τὸ
3074 3428 3158 3496 ἐφ’
3189 3429 3338 3496 ἡμῖν,
3364 3425 3486 3478 οὕτε
3511 3424 3606 3478 τοῦ
3630 3423 3816 3493 σώμα-

2226 3542 2317 3588 τος
2355 3525 2416 3577 τὸ
2451 3524 2590 3577 κατὰ
2619 3522 2800 3590 φύσιν,
2833 3521 2954 3574 οὐδὲ
2990 3520 3097 3591 μὴν
3124 3519 3231 3571 τῶν
3261 3517 3459 3583 ἔξωθεν
3495 3517 3554 3571 τὸ
3584 3517 3725 3569 κατά
3751 3516 3813 3568 τὸ

2229 3615 2598 3687 συμϐεϐηκὸς,
2651 3613 2875 3677 ἐνδίκως
2902 3612 2966 3665 ἄν
2996 3629 3080 3675 τις
3129 3610 3427 3680 ἀποστεροῖ
3478 3607 3572 3662 τὸν
3613 3607 3806 3662 αἴτιον.

2227 3708 2358 3771 Θεὸς
2387 3707 2496 3778 γὰρ
2527 3705 2709 3769 αὐτὸς,
2738 3706 2767 3758 ό
2807 3704 2915 3756 τῶν
2968 3702 3125 3766 ὅλων,
3158 3701 3254 3755 xui.
3275 3700 3382 3754 τῶν
3411 3701 3495 3771 ἐφ’
3533 3702 3690 3772 ἡμῖν,
3717 3700 3812 3753 xui.

2227 3797 2334 3851 τῶν
2388 3796 2528 3850 κατά
2577 3793 2761 3862 φύσιν,
2812 3795 2908 3847 καὶ
2953 3792 3061 3846 τῶν
3122 3793 3265 3846 κατὰ
3314 3791 3658 3864 συμϐεϐηκὸς
3713 3792 3810 3862 δη-

2231 3889 2488 3962 μιουργὸς
2547 3886 2623 3941 ὣν
2697 3887 3102 3957 ἀποπέφανται.
3180 3885 3424 3941 Καθόλου
3501 3885 3611 3960 γὰρ
3682 3887 3813 3958 περὶ

2228 3982 2446 4036 πάντων
2486 3978 2784 4032 ἀκουστέον
2817 3978 2924 4048 τῆς
2970 3977 3154 4032 ἐνθέου
3206 3976 3450 4047 Γραφῆς,
3484 3975 3564 4039 τὸ,
3614 3974 3809 4039 Αὐτὸς

2226 4069 2420 4133 εἴπεν.
2441 4073 2539 4127 καί
2559 4069 2993 4141 ἐγεννήθησαν
3010 4069 3193 4135 αὐτὸς
3217 4069 3577 4132 ἐνετείλατο,
3610 4067 3708 4121 καὶ
3757 4064 3812 4116 ὲ-

2223 4160 3034 4238 κτισθησαν,ἀποφηναμένης’
3056 4157 3196 4228 Είδὴ
3207 4153 3300 4210 οὖν
3326 4159 3666 4231 βουλομένοις
3683 4158 3808 4212 πατέ

2225 4275 2370 4323 τινα,
2392 4257 2557 4329 ἕτερα
2608 4254 2762 4326 παρά
2802 4255 2900 4326 τὴν
2932 4253 3211 4327 ἡμετέραν
3237 4251 3461 4322 γνώμην
3497 4250 3807 4320 συμϐαίνει,

2227 4346 2604 4418 ὑπομνηστέον
2631 4345 2846 4407 αὐτοὺς,
2870 4342 2944 4406 ὡς
2995 4343 3103 4413 ἄρα
3134 4339 3278 4394 τοῦτ’
3304 4335 3372 4410 ἦν
3406 4340 3583 4392 έκεῖνο
3608 4337 3669 4390 τὸ
3695 4338 3802 4391 διτ-

2225 4439 2314 4493 τὸν
2339 4439 2432 4491 καὶ
2467 4437 2783 4510 έτερογενὲς
2809 4435 2907 4505 τῆς
2941 4436 2998 4487 ἐν
3029 4435 3160 4504 ἡμῖν
3188 4431 3530 4502 συμπλοκῆς,
3579 4429 3724 4498 λέγω
3745 4429 3808 4498 δὴ

549 4524 813 4590 universi,
843 4539 1033 4578 eorum
1079 4539 1299 4593 quoque
1335 4525 1522 4588 simul,
1564 4541 1686 4595 quae
1726 4541 1822 4579 seu
1855 4524 2124 4580 libertatis

2227 4531 2321 4584 xui
2379 4530 2556 4600 ψυχῆς
2583 4529 2678 4582 xui
2740 4525 3014 4596 σώματος’
3059 4525 3190 4595 παρ’
3217 4523 3246 4576 ὃ
3297 4523 3390 4576 καὶ
3418 4521 3596 4592 ψυχῆς
3628 4519 3805 4582 οὐσία,

549 4623 752 4670 nostra:
788 4622 936 4676 sunt,
976 4629 1070 4666 seu
1103 4624 1332 4677 natum,
1381 4630 1475 4668 seu
1526 4630 1710 4680 casus,
1739 4614 1900 4686 247
1933 4623 2124 4668 auctor

549 4704 794 4758 omnium
832 4701 1162 4771 molliorque
1207 4702 1534 4757 celebratur.
1584 4702 1721 4757 Nam
1759 4705 1891 4758 illud
1924 4705 2123 4759 divina:

550 4793 846 4862 Scriptura
875 4792 941 4846 de
971 4791 1116 4844 nulla
1167 4807 1226 4845 re
1281 4809 1387 4846 non
1420 4793 1794 4862 accipiendum
1840 4803 1964 4848 est:
2003 4793 2125 4863 Ipse

548 4886 710 4949 dixit,
737 4894 785 4938 et
811 4885 956 4954 facta
983 4891 1138 4946 sunt;
1173 4883 1466 4947 mandavit,
1496 4893 1545 4936 et
1571 4895 1751 4937 creata
1776 4895 1895 4936 sunt
1918 4884 1986 4936 ’⁸.
2014 4883 2124 4938 Ita-

550 5008 679 5063 que,
712 4993 759 5048 si
789 4989 1010 5062 quando
1048 4990 1208 5046 nobis
1242 4999 1390 5044 certa
1431 4990 1679 5060 quaedam
1724 4989 2123 5058 expetentibus,

551 5101 656 5156 alia
707 5108 908 5170 praeter
953 5096 1288 5153 voluntatem
1334 5095 1625 5162 eveniant,
1666 5095 1962 5150 admonere
2009 5104 2126 5149 tum

549 5207 655 5276 ipsi
689 5220 792 5261 nos
823 5205 1106 5268 debemus,
1137 5201 1270 5257 illud
1299 5201 1558 5256 nimirum
1587 5215 1732 5263 esse,
1758 5197 1996 5269 duplicis
2022 5197 2127 5252 hu-

543 5307 635 5376 jus
679 5315 882 5361 nostra:
912 5305 1251 5375 diversaeque
1291 5311 1521 5368 naturae,
1563 5301 1832 5372 corporis,
1870 5301 2120 5371 inquam,

546 5412 829 5482 animique
870 5413 1296 5479 commercium;
1341 5426 1452 5482 quo
1491 5409 1604 5475 ﬁat,
1646 5409 1725 5464 uti
1763 5418 1818 5464 et
1867 5408 2118 5472 animus,

548 5517 640 5585 qui
687 5528 882 5572 natura
931 5517 1190 5590 spiritalis
1223 5533 1288 5573 ac
1329 5518 1543 5573 ratione
1586 5514 1846 5586 praeditus
1888 5522 1993 5578 est,
2035 5515 2122 5568 in-

547 5622 720 5676 lantili
754 5625 931 5678 adhuc
963 5640 1059 5694 per
1091 5635 1344 5680 naturam
1376 5638 1607 5694 corpore
1640 5621 1886 5677 inclusus
1914 5629 2114 5690 prmter

619 5718 665 5748 ⁹⁹
687 5715 831 5770 Psal.
858 5732 1028 5784 xxx",
1061 5719 1115 5774 9.

2226 4617 2324 4689 τὴν
2356 4617 2516 4687 φύσιν
2565 4611 2701 4668 οὖσα
2745 4613 2909 4686 νοερὰ
2957 4611 3052 4666 xui.
3107 4609 3318 4680 λογικὴ,
3387 4611 3443 4662 ἐν
3490 4606 3808 4680 νηπιάζοντι

2225 4709 2368 4764 κατά
2397 4708 2558 4778 φύσιν
2592 4705 2803 4776 σώματι
2831 4703 2985 4775 παρὰ
3019 4701 3180 4772 φύσιν
3235 4699 3374 4771 αὐτὴ
3407 4699 3589 4771 χώραν
3613 4698 3806 4767 ἀλόγου

2229 4798 2538 4869 μετείληφε·
2575 4797 2671 4849 xui.
2695 4794 2838 4858 νοῦς,
2873 4795 2901 4846 ὁ
2931 4793 3245 4864 φρονήσεως
3282 4792 3502 4854 οἰκεῖος,
3555 4791 3807 4863 ἀφραίνει

2227 4891 2486 4952 πολλάκις
2515 4887 2658 4944 κατά
2679 4905 2733 4940 τι
2767 4884 3132 4956 συμϐεϐηκὸς,
3159 4884 3534 4955 παρατραπεὶς
3555 4885 3613 4936 ἐν
3645 4883 3810 4954 ὑπερ·-

2227 4981 2569 5043 ϐαλλούσαις,
2607 4979 2761 5049 φέρε,
2785 4977 3034 5048 σώματος
3069 4975 3421 5046 ἀρρωστίαις.
3460 4971 3727 5036 Πολλάκις
3752 4972 3806 5025 δὲ

2227 5075 2321 5127 καὶ
2348 5073 2545 5144 γῆρας,
2572 5069 2798 5124 ἐπελθὸν
2830 5068 3043 5140 σώματι
3098 5065 3244 5121 κατά
3275 5065 3458 5136 φύσιν,
3507 5064 3616 5119 τῶν
3667 5064 3807 5118 κατά

2225 5164 2325 5234 τὴν
2353 5163 2538 5234 ἀκμὴν
2562 5160 3002 5234 κατορθωμάτων
3052 5158 3152 5230 τὴν
3181 5157 3418 5212 διάνοιαν
3445 5155 3807 5227 ἀπεστέρησε,

2225 5255 2327 5324 τῆς
2357 5255 2548 5324 νοερᾶς
2573 5253 2750 5326 ψυχῆς
2795 5253 2855 5306 τὸ
2883 5252 3101 5320 λογικὸν
3132 5249 3282 5322 παρὰ
3315 5249 3476 5319 φύσιν
3506 5248 3804 5320 ἀμϐλῦναν.

2229 5348 2413 5401 Δίκίαι
2439 5347 2481 5400 δ’
2508 5343 2573 5400 αὖ
2602 5347 2784 5408 πάλιν,
2834 5345 2928 5400 xui
2973 5343 3263 5415 ἀλγηδόνες
3317 5341 3590 5413 σώματος,
3614 5339 3806 5412 πηρώ-

2231 5456 2344 5502 σεις
2377 5456 2433 5492 τε
2463 5439 2620 5492 ἐπισυ
2631 5437 2836 5509 μϐἆσαι
2861 5436 3014 5509 παρά
3040 5435 3224 5507 φύσιν,
3247 5435 3309 5487 τὸ
3331 5431 3688 5488 αὑθεκούσιον
3711 5432 3808 5502 τῆς

2227 5528 2404 5599 ψυχῆς
2433 5529 2586 5601 παρά
2631 5529 2694 5583 τὸ
2735 5527 3085 5598 συμϐεϐηκὸς
3133 5525 3476 5596 ἐξενίκησαν,
3531 5521 3806 5584 ὲνδούσαις

2226 5623 2344 5685 ταῖς
2384 5621 2641 5693 ἀλγηδόσι
2669 5620 2756 5673 διὰ
2779 5621 2878 5692 τὴν
2903 5621 3040 5692 πρὸς
3067 5618 3128 5672 τὸ
3166 5616 3327 5689 σῶμα
3366 5616 3702 5688 συμπλοκήν
3735 5616 3808 5678 ὡς

616 5809 724 5881 (60)
767 5811 882 5879 Ὑφ’
923 5809 1110 5879 ἡμῶν.
1153 5811 1384 5866 Dubium
1432 5829 1536 5867 non
1582 5823 1662 5867 est
1689 5853 1702 5874 ,
1735 5813 1864 5882 quin
1901 5812 2107 5882 legend.

2250 5812 2334 5882 ἐφ’
2364 5813 2516 5880 ἡμῖν,
2553 5809 2826 5878 quomodo
2857 5809 2950 5863 alt.
2983 5823 3263 5863 manuscr.
