4162 6472
402 371 501 428 49A

1571 371 1893 429 ΡΒᾹΞΡᾹΒ.
1938 376 2192 434 EVANG.
2233 377 2363 433 LIB.
2404 377 2492 434 Vl.

3567 387 3674 443 422

400 488 719 544 ἁλίσκεσθαι
749 489 860 561 (61)
884 490 1082 560 δεσμὸν
1108 488 1350 558 ἄφυκτον
1379 489 1632 560 ἐμποδὼν
1676 466 1966 564 προϐεϐλῆ·

2087 505 2340 551 naturam
2379 497 2494 566 ipse
2537 512 2718 563 suam,
2763 498 2816 552 in
2851 500 3066 556 ratione
3097 503 3405 562 carentium
3437 522 3669 563 numero

399 585 524 638 σθαι
543 583 623 654 τῷ
648 583 791 637 κατά
806 583 985 654 ψυχὴν
1009 583 1299 655 ἐλευθέρῳ,
1341 586 1465 639 τοτὲ
1493 586 1591 655 μὲν
1614 588 1714 658 τὴν
1756 587 1852 640 τοῦ
1881 588 1986 640 σώ-

400 694 570 746 ματος
596 676 782 746 φύσιν,
807 677 926 730 τοτὲ
961 676 1018 730 δὲ
1052 675 1124 729 τὰ
1158 677 1316 740 ἐκτὸς
1365 678 1848 750 ὲπισυμϐαίνοντα.
1877 675 1984 732 Ἦν

395 771 452 822 δὲ
477 768 587 839 ἄρα
616 767 795 822 καὶτὸ
816 769 914 839 τῆς
939 769 1022 835 ἐφ’
1050 770 1180 840 ἡμῖν
1217 770 1593 842 προαιρέσεως
1617 771 1696 833 εἰς
1728 769 1984 824 τοσοῦτον

394 856 528 930 ἦκον
559 859 783 930 ἀρετῆς,
818 860 912 912 καὶ
939 858 1145 928 ἰσχύος,
1172 859 1247 921 ὡς
1274 859 1606 913 ἀντιϐαίνειν
1638 859 1731 913 ἐπὶ
1772 858 1984 912 πολλῶν

397 951 622 1021 τολμᾷν,
664 951 758 1003 καὶ
786 950 1085 1018 ἀντιλέγειν
1109 952 1176 1020 τῇ
1203 967 1263 1002 τε
1287 950 1380 1003 τοῦ
1417 950 1669 1022 σώματος
1703 951 1862 1022 φύσει
1888 951 1982 1004 καί¹

398 1045 510 1105 τοῖς
544 1039 739 1104 ἔξωθεν
779 1039 1286 1112 ἐπισυμϐαίνουσιν.
1325 1042 1392 1094 Ἡ
1422 1042 1521 1112 μέν
1554 1059 1619 1110 γε
1651 1040 1746 1094 τοῦ
1794 1041 1981 1112 σώμα-

399 1150 488 1196 τος
511 1132 668 1203 φύσις
699 1133 792 1186 ἐπὶ
832 1133 940 1186 τῶν
1001 1133 1327 1205 ἀφροδισίων
1359 1134 1535 1206 ὁρμὴν
1561 1134 1653 1187 τὸν
1687 1133 1858 1205 ἄνδρα
1891 1151 1985 1187 κα-

397 1222 493 1276 λεῖ·
524 1225 558 1294 ἠ
589 1224 644 1277 δὲ
667 1223 836 1294 ψυχὴ,
866 1223 1007 1293 λόγῳ
1037 1224 1277 1297 σώφρονι
1324 1225 1540 1295 χαλινὸν
1563 1225 1875 1297 ἐμϐαλοῦσα
1904 1225 1982 1296 τῷ

397 1315 581 1380 πάθει,
628 1316 892 1388 κρείττων
949 1316 1274 1372 καθίσταται
1306 1318 1404 1388 τῆς
1446 1317 1539 1371 τοῦ
1591 1317 1842 1389 σώματος
1876 1317 1980 1388 φύ-

395 1426 554 1473 σεως.
590 1409 699 1462 Καὶ
724 1407 886 1463 πάλιν
910 1410 944 1479 ἡ
973 1409 1092 1479 μὲν,
1149 1413 1362 1481 πεινῇν,
1413 1410 1508 1463 καὶ
1556 1410 1736 1482 διψῇν,
1771 1413 1865 1466 καὶ
1901 1417 1982 1482 ῥι-

395 1499 546 1568 γοῦν,
575 1501 670 1554 καὶ
702 1500 772 1554 τὰ
797 1499 1026 1556 τοιαῦτα
1055 1500 1590 1574 προσαναγκάζουσα
1609 1502 1740 1574 (69.),
1766 1504 1858 1557 ἐπὶ
1881 1505 1981 1568 τὰς

392 1592 531 1645 κατά
561 1592 721 1660 φύσιν
743 1592 1039 1664 θεραπείας
1079 1611 1140 1647 τε
1173 1595 1267 1648 καὶ
1302 1593 1614 1666 πληρώσεις
1647 1595 1975 1668 παρακαλεῖ’

393 1685 426 1753 ἡ
445 1683 502 1736 δὲ
535 1684 877 1755 προαίρεσις,
905 1684 1085 1754 λόγοις
1141 1686 1416 1758 σώφροσιν
1444 1686 1856 1752 ἀναπεισθείσα,
1886 1689 1979 1742 καί

391 1792 542 1838 τινας
561 1775 867 1848 ἀσκητικάς
891 1777 1204 1848 προτροπὰς
1238 1778 1605 1842 αύθεκουσίως
1620 1780 1974 1850 ἀγαπήσασα,

2092 597 2410 642 censeatur:
2447 597 2502 644 et
2538 605 2714 654 mens,
2759 591 2916 659 cujus
2961 593 3181 662 propria
3223 596 3510 664 prudentia
3549 606 3670 662 est,

2091 680 2278 749 aliquo
2322 695 2566 750 persaepe
2615 695 2745 736 casu
2794 682 3005 746 deliret,
3048 685 3177 738 dum
3227 701 3348 740 eam
3393 689 3671 757 graviores

2088 770 2359 838 praecipue
2395 771 2646 839 corporis
2685 770 2861 824 morbi
2893 786 2992 826 sua
3028 773 3093 828 de
3126 775 3255 828 sede
3289 788 3532 834 movent.
3569 777 3668 836 Se-

2087 872 2278 913 nectus
2314 861 2428 929 ipsa
2465 877 2708 932 quoque,
2746 873 3042 935 postquam
3080 876 3290 922 naturae
3323 869 3518 924 ordine
3546 886 3668 926 eor-

2086 965 2190 1019 pus
2217 950 2436 1015 invasit,
2472 962 2711 1008 mentem
2740 956 2808 1010 iis
2835 957 3074 1012 solertiae
3106 956 3495 1030 facultatisque
3535 961 3663 1016 viri-

2086 1038 2209 1103 bus,
2239 1040 2438 1108 quibus
2473 1057 2572 1111 per
2616 1043 2882 1113 integram
2917 1046 3097 1103 adhuc
3120 1056 3334 1102 mtatem
3362 1048 3666 1107 ﬂorentem-

2063 1146 2191 1199 ‘que
2221 1134 2536 1201 praestabat,
2562 1135 2801 1204 spoliare
2836 1137 2995 1204 solet,
3025 1147 3080 1192 et
3116 1139 3369 1208 rationis,
3402 1158 3524 1212 qua:
3553 1152 3664 1199 tota

2085 1222 2347 1290 spiritalis
2380 1223 2550 1277 animi
2595 1233 2698 1289 est,
2733 1234 2929 1293 praeter
2964 1235 3239 1291 naturam,
3279 1229 3453 1284 aciem
3485 1241 3667 1286 retun-

2083 1313 2230 1366 dere.
2260 1313 2403 1380 Quin
2437 1315 2603 1368 etiam
2633 1316 2807 1386 plagae
2829 1316 3160 1389 doloresque
3184 1321 3452 1388 corporis,
3485 1338 3663 1377 mem-

2081 1404 2419 1476 brorumque
2474 1406 2911 1473 debilitationes,
2978 1426 3103 1481 quae
3152 1421 3350 1480 praeter
3407 1422 3662 1472 naturam

2083 1495 2435 1565 contingunt,
2471 1512 2602 1552 casu
2651 1499 2770 1568 ipso
2797 1498 3122 1570 plerumque
3155 1502 3324 1556 animi
3357 1502 3661 1560 libertatem

2080 1594 2412 1654 expugnant,
2446 1591 2577 1642 dum
2621 1587 2674 1643 is
2717 1590 2968 1658 corporis
3009 1591 3270 1646 societate
3309 1591 3510 1659 victus,
3542 1608 3664 1649 mo-

2081 1675 2253 1732 lestiis
2289 1693 2511 1749 quoque
2542 1679 2933 1752 doloribusque
2967 1683 3136 1738 cedit:
3177 1700 3404 1754 prorsus
3429 1694 3490 1740 ut
3547 1701 3661 1743 cer-

2082 1777 2196 1822 tum
2241 1769 2297 1824 id
2343 1771 2798 1842 exploratumque
2857 1773 3162 1841 habeatur,
3224 1777 3451 1832 liberant
3508 1779 3658 1835 illam

390 1840 755 1941 πολυημέρόις
777 1840 1017 1934 ἀσιτίαις
1034 1840 1046 1848 .
1066 1871 1162 1923 καὶ
1186 1840 1197 1842 —
1217 1872 1534 1942 καρτερίαις
1568 1840 1966 1945 παρακρούεταί

2081 1861 2247 1914 animi
2276 1860 2613 1928 facultatem,
2647 1865 2848 1934 partim
2886 1875 3084 1922 natura
3135 1871 3405 1938 corporis,
3455 1871 3655 1939 partim

387 1959 485 2032 τὴν
507 1960 601 2015 τοῦ
628 1961 878 2033 σώματος
895 1963 1078 2032 φύσιν,
1097 1963 1266 2033 ἁρετῇ
1290 1963 1550 2034 λογισμοῦ
1575 1965 1805 2036 κρίνασα
1819 1965 1978 2019 τοῦτο

387 2057 484 2108 καὶ⁵
517 2054 768 2125 ἑλομένη.
798 2054 908 2107 Καὶ
939 2051 1006 2108 αὖ
1041 2054 1258 2127 πάλινή
1290 2056 1390 2126 μὲν
1420 2056 1562 2110 κατὰ
1588 2057 1749 2126 φύσιν
1776 2059 1976 2123 πάσαις

383 2151 603 2222 ἡδοναῖς
632 2151 811 2222 χαίρει
833 2150 930 2204 καὶ
960 2153 1026 2222 τῇ
1055 2150 1176 2222 λείᾳ
1225 2151 1332 2203 τῶν
1377 2153 1666 2222 σωμάτων,
1693 2155 1725 2224 ἡ
1751 2153 1808 2206 δὲ
1840 2171 1973 2225 προ-

387 2245 600 2314 αίρεσις
624 2245 826 2314 ἀρετῆς
870 2243 1140 2316 ἐπιθυμίᾳ
1189 2245 1280 2298 τὸν
1314 2245 1570 2299 ἐπίπονον
1617 2247 1712 2299 καὶ
1767 2250 1974 2319 τραχὺν

323 2403 326 2408 _
389 2335 673 2404 ἠσπάσατο
703 2335 836 2405 βίον.
869 2336 990 2388 Εἰσὶ
1011 2335 1070 2388 δὲ
1089 2336 1138 2388 οἳ
1171 2336 1263 2388 καὶ
1293 2336 1386 2388 ἐπὶ
1432 2337 1494 2389 τὸ
1523 2340 1706 2407 χεῖρον
1738 2338 1974 2410 τραπέν-

389 2445 496 2492 τες,
534 2427 866 2499 μετήλλαξαν
923 2426 1022 2498 τὴν
1067 2427 1302 2496 φυσικὴν
1337 2427 1533 2497 χρῆσιν
1584 2430 1663 2492 εἰς
1692 2428 1790 2500 τὴν
1822 2432 1972 2503 παρὰ

388 2518 568 2585 φύσιν,
605 2519 832 2590 ἄρσενες
859 2520 918 2570 ἐν
946 2519 1138 2589 ἄρσεσι
1169 2518 1267 2588 τὴν
1295 2518 1682 2588 ἀσχημοσύνην
1707 2537 1972 2591 κατεργα-

385 2609 620 2682 ζόμενοι.
654 2609 841 2672 Οὕτως
866 2611 973 2682 ἄρα
1005 2610 1100 2664 καὶ
1131 2611 1198 2680 τῇ
1229 2609 1388 2679 φύσει
1422 2610 1483 2663 ού
1517 2611 1660 2664 κατὰ
1689 2613 1866 2666 πάντα
1891 2615 1970 2666 ὲν-

381 2703 596 2755 δίδωσιν
653 2704 682 2755 ὁ
732 2701 1014 2772 λογισμὸς,
1045 2705 1240 2773 κρατεί
1263 2703 1319 2755 δὲ
1348 2703 1409 2756 ὲν
1453 2703 1748 2769 πλείστοις,
1777 2705 1852 2769 ὼς
1874 2707 1970 2758 καὶ

383 2796 683 2865 κρατεῖται,
715 2794 810 2847 καὶ
869 2794 991 2847 τοτὲ
1041 2793 1142 2864 μὲν
1194 2794 1358 2857 αὐτὸς
1389 2794 1533 2864 ἄγει,
1563 2797 1685 2850 τοτὲ
1713 2798 1770 2850 δὲ
1807 2797 1969 2861 αὐτὸς

381 2887 593 2952 ἄγεταιο
617 2884 692 2947 ὡς
721 2886 816 2938 καὶ
841 2883 946 2955 πρὸ
970 2883 1120 2955 ὥρας
1143 2883 1253 2936 ἔσθ’
1273 2885 1397 2938 ὅποι
1423 2887 1611 2957 χερσὶν
1632 2889 1968 2942 ἐπισπᾶσθαι

380 2993 480 3048 την
500 2976 819 3048 ἀπαλλαγὴν
871 2976 965 3029 τοῦ
1019 2976 1292 3048 σώματος,
1343 2978 1432 3030 ὅτε
1473 2977 1535 3030 τὺ
1573 2978 1671 3050 ζῇν
1714 2980 1862 3051 αὐτῷ
1893 2983 1966 3052 μὴ

381 3067 655 3131 λυσιτελὲς
689 3066 926 3138 κριθείη.
952 3068 1014 3119 Εἰ
1041 3067 1139 3138 μὲν
1166 3062 1259 3121 οῦν
1286 3068 1423 3139 πρὸς
1451 3069 1617 3140 μόνην
1642 3071 1742 3140 τὴν
1762 3073 1968 3126 οἰκείαν

379 3159 473 3212 τοῦ
504 3157 756 3230 σώματος
782 3158 942 3229 φύσιν
970 3161 998 3212 ὁ
1022 3161 1131 3223 πᾶς
1161 3159 1309 3229 ἀγὼν
1337 3156 1404 3230 ἦν
1427 3161 1600 3232 αὐτῷ,
1641 3162 1866 3234 μέτριος
1899 3166 1965 3218 ἂν
1993 3197 2034 3253 C

379 3246 447 3320 ἦν
470 3244 642 3314 οὗτος⁸
682 3251 804 3304 ἐπεὶ
837 3251 893 3304 δὲ
926 3249 1024 3321 τὴν
1055 3250 1356 3314 πολιτείαν,
1386 3253 1480 3304 καὶ
1517 3251 1608 3305 τὸν
1652 3256 1710 3307 ὲν
1760 3255 1966 3328 ἀνθρώ-

381 3358 502 3403 ποις
524 3340 636 3410 βίον
657 3340 685 3393 ὁ
708 3340 839 3403 Θεὸς
867 3340 1016 3410 αὑτῷ
1047 3340 1250 3411 μεταξὺ
1284 3340 1494 3394 πολλῶν
1537 3344 1962 3416 καταϐέϐληται,

375 3429 455 3493 ὡς
477 3432 615 3500 μετά
639 3430 844 3502 θηρίων
895 3431 989 3485 καὶ
1037 3431 1282 3503 ἑρπετῶν
1333 3433 1573 3499 ἰοϐόλων,
1625 3435 1684 3487 ὲν
1719 3435 1871 3507 μέσῳ
1903 3455 1964 3491 τε

381 3521 552 3591 πυρὸς
577 3521 669 3573 καὶ
703 3519 913 3585 ὓδατος,
937 3521 1100 3594 ἀέρος
1132 3539 1191 3574 τε
1224 3521 1315 3574 τοῦ
1347 3524 1718 3595 περιέχοντος,
1744 3527 1964 3583 καὶτῶν

379 3615 436 3665 ὲν
462 3613 670 3677 τούτοις
702 3613 872 3668 ἅπασι
898 3614 1371 3686 παρηλλαγμένων
1411 3617 1505 3670 καὶ
1531 3619 1818 3690 διαφόρων
1858 3621 1962 3691 φύ-

380 3721 519 3758 σεων
534 3705 633 3768 τάς
652 3705 933 3777 διατριϐὰς
969 3707 1321 3777 πεποιῆσθαι·
1349 3709 1575 3772 εἰκότως
1613 3709 1759 3780 αὐτῷ
1788 3713 1820 3782 ἡ
1850 3713 1964 3766 δια-

381 3793 529 3866 μάχη
563 3796 658 3849 καὶ
690 3796 998 3868 ηὲνστασις
1023 3797 1084 3848 οὐ
1118 3796 1254 3868 πρὸς
1287 3797 1386 3869 τὴν
1421 3799 1630 3854 οἰκείαν
1661 3803 1820 3871 μόνον
1843 3804 1961 3857 ἐστὶ

376 3889 473 3941 καὶ
497 3890 851 3960 συνημμένην
879 3888 1175 3960 αὐτόνομον
1202 3890 1362 3959 φύσιν
1389 3891 1481 3944 τοῦ
1512 3890 1782 3963 σώματος,
1825 3895 1960 3949 ἀλλά

379 3981 472 4033 καὶ
508 3980 644 4052 πρὸς
698 3981 867 4052 μυρία
903 3981 971 4035 τά
995 3981 1150 4044 ἐκτὸς
1172 3981 1581 4054 συμϐεϐηκότα,
1613 3978 1688 4039 ὧν
1718 3988 1776 4039 ὲν
1809 3988 1959 4058 μέσῳ

378 4072 442 4144 ζῇ
477 4075 506 4126 ὁ
530 4073 623 4127 τὸν
647 4073 838 4144 θνητὸν
877 4072 990 4143 βίον
1016 4072 1300 4142 διεξάγων,
1345 4073 1486 4127 ὥστε
1509 4076 1602 4129 καὶ
1624 4077 1761 4149 πρὸς
1786 4078 1958 4132 ταῦτα

377 4164 660 4234 καρτερῶς
682 4163 946 4234 ἀντέχειν.
972 4162 1171 4216 Πολλαὶ
1203 4163 1331 4232 γοῦν
1351 4176 1377 4205 ει
1396 4164 1489 4216 καὶ
1507 4166 1721 4220 τοιῶνδε
1745 4170 1957 4240 τροφῶν

378 4251 588 4321 φύσεις,
636 4253 731 4306 καί⁹
781 4252 984 4305 τοιαίδε
1046 4252 1377 4324 συγκράσεις
1431 4253 1524 4308 τοῦ
1577 4256 1953 4327 περιέχοντος,

377 4344 604 4416 κρυμῶν
625 4357 686 4397 τε
721 4345 1002 4415 ἐπιφοραὶ,
1046 4345 1140 4398 καὶ
1183 4343 1440 4415 φλογμῶν
1469 4347 1778 4411 ἐκκαύσεις,
1805 4349 1953 4402 πλεῖ-

379 4435 481 4488 στά
502 4452 564 4488 τε
586 4434 722 4489 ἄλλα
746 4436 886 4490 κατά
912 4452 1062 4499 τινας
1094 4436 1330 4499 οἰκείους
1356 4435 1547 4505 λόγους
1575 4438 1818 4507 φυσικῶς
1854 4440 1954 4510 μὲν

2077 1951 2166 2015 iis,
2201 1968 2322 2022 quae
2361 1954 2704 2009 extrinsecus
2749 1957 3025 2024 accidunt,
3060 1959 3297 2028 quodam
3340 1962 3501 2029 quasi
3534 1961 3656 2016 vin-

2075 2044 2219 2108 culo,
2245 2045 2391 2115 quod
2434 2047 2628 2101 evitari
2671 2057 2927 2117 nequeat,
2959 2050 3296 2120 impeditam,
3324 2063 3379 2108 et
3419 2053 3658 2108 constri-

2074 2142 2217 2188 ctam
2249 2136 2444 2190 teneri.
2475 2136 2801 2208 Quanquam
2825 2143 3098 2210 ejusmodi
3127 2142 3373 2213 profecto
3400 2159 3543 2213 saepe
3571 2154 3656 2200 est

2073 2224 2288 2278 arbitrii
2330 2227 2504 2281 nostri
2548 2229 2722 2284 virtus
2769 2239 2933 2300 atque
2976 2232 3166 2299 robur,
3199 2243 3259 2288 ut
3291 2235 3344 2288 in
3376 2234 3654 2306 plerisque

2073 2313 2258 2379 rebus,
2287 2323 2340 2370 et
2361 2326 2569 2372 natura:
2594 2320 2862 2389 corporis,
2891 2330 2943 2376 et
2978 2325 3396 2380 occurrentibus
3431 2326 3654 2382 aliunde

2071 2407 2293 2462 casibus
2321 2424 2596 2478 opponere
2627 2426 2751 2466 sese
2813 2426 2878 2465 ac
2917 2414 3173 2469 reluctari
3197 2416 3412 2470 audeat.
3443 2417 3654 2490 Quippe

2070 2499 2347 2554 hominem
2372 2502 2519 2556 enim
2559 2503 2625 2557 ad
2661 2520 2847 2560 rerum
2884 2521 3238 2562 venerearum
3284 2511 3649 2578 appetentiam

2070 2593 2319 2660 corporis
2352 2604 2547 2648 natura
2595 2597 2794 2651 trahit:
2847 2599 3065 2654 animus
3112 2614 3243 2654 vero
3280 2604 3652 2671 temperantiae

2072 2683 2296 2736 ductum
2352 2693 2407 2738 et
2459 2687 2752 2742 consilium
2803 2700 3062 2756 secutus,
3117 2691 3319 2761 injecto
3365 2693 3650 2762 cupiditati

2072 2769 2249 2838 freno,
2299 2777 2550 2844 corporis
2575 2785 2827 2832 naturam
2859 2780 3232 2852 impetumque
3272 2781 3491 2853 frangit.
3549 2782 3652 2840 Ea-

2069 2862 2192 2918 dem
2225 2863 2387 2929 fame,
2414 2868 2525 2934 siti,
2560 2868 2760 2938 frigore
2792 2877 2887 2924 aut
2915 2874 3125 2928 caeteris
3158 2874 3212 2928 id
3242 2889 3413 2944 genus
3439 2875 3653 2930 incom-

2068 2957 2245 3013 modis
2297 2957 2426 3012 dum
2471 2968 2626 3028 urget
2669 2977 2733 3016 ac
2785 2964 3002 3032 premit,
3045 2965 3113 3018 ad
3155 2980 3218 3018 ea
3269 2982 3390 3035 qua:
3442 2978 3652 3025 naturae

2069 3050 2420 3116 conveniant,
2474 3051 2810 3120 exquirenda
2860 3056 3137 3122 remedia,
3194 3059 3439 3129 satisque
3471 3061 3648 3116 ventri

2069 3138 2399 3208 faciendum,
2446 3143 2723 3199 hominem
2764 3145 2984 3200 excitat.
3031 3145 3296 3204 Voluntas
3337 3161 3526 3206 contra
3557 3168 3648 3208 se-

2071 3235 2379 3291 verioribus
2410 3238 2644 3292 adducta
2680 3240 3010 3306 rationibus,
3041 3251 3094 3296 et
3118 3244 3390 3313 religiosis
3417 3246 3647 3316 quibus-

2069 3327 2191 3380 dam
2228 3328 2702 3385 cohortationibus
2738 3341 2933 3400 sponte
2977 3337 3269 3406 susceptis,
3302 3338 3542 3394 nativam
3577 3340 3646 3394 il-

2068 3418 2175 3472 lam
2225 3422 2474 3490 corporis
2527 3423 2878 3492 cupiditatem
2921 3425 3160 3497 plurium
3222 3432 3384 3484 etiam
3432 3431 3646 3486 dierum

2068 3510 2245 3564 inedia
2281 3511 2678 3582 tolerantiaque
2707 3514 2898 3580 vincit,
2947 3517 3168 3573 aii-eam
3217 3521 3559 3577 subeundam
3591 3523 3646 3577 vi

2067 3604 2526 3671 ratiocinationis,
2555 3621 2619 3661 ac
2649 3617 2843 3679 suopte
2866 3608 3129 3665 instinctu
3157 3613 3496 3684 consilioque
3517 3629 3646 3684 per-

2065 3703 2236 3749 mota.
2276 3693 2543 3750 Similiter
2584 3707 2777 3752 natura
2815 3715 2914 3754 sua
2955 3715 3156 3771 corpus
3189 3703 3338 3757 omni
3386 3705 3641 3775 volupta-

2066 3797 2178 3842 tum
2205 3803 2423 3858 genere,
2452 3804 2516 3843 ac
2538 3790 2642 3844 levi
2666 3793 2929 3863 mollique
2953 3809 3242 3864 corporum
3273 3791 3641 3856 commotione

2061 3881 2380 3936 delectatur.
2420 3881 2588 3953 248
2635 3882 2705 3936 At
2735 3884 2990 3940 voluntas
3040 3885 3223 3940 studio
3270 3887 3488 3942 virtutis
3533 3889 3640 3941 im-

2060 3974 2221 4043 pulsa
2251 3973 2470 4028 diﬂicile
2513 3984 2678 4045 atque
2723 3991 2979 4045 asperum
3030 3978 3154 4032 vitae
3201 3993 3372 4046 genus
3424 3979 3636 4049 arripit.

2059 4063 2178 4118 Jam
2215 4065 2605 4120 veroexistunt
2672 4065 2836 4120 etiam
2877 4067 3167 4136 aliquando
3211 4069 3479 4133 nonnulli,
3513 4071 3637 4140 qui,

2061 4155 2115 4208 in
2141 4155 2297 4225 pejus
2327 4155 2680 4225 deteriusque
2700 4156 2962 4225 prolapsi,
2989 4156 3291 4210 naturalem
3317 4173 3476 4212 usum
3508 4175 3633 4214 eum

2059 4262 2146 4310 eo,
2184 4263 2346 4317 quem
2389 4247 2611 4300 horreat
2645 4257 2860 4314 natura,
2893 4257 3249 4314 commutent,
3298 4264 3477 4306 mares
3508 4267 3634 4307 cum

2059 4339 2303 4393 maribus
2359 4337 2570 4391 libidini
2621 4338 2938 4393 foedissima:
2989 4338 3353 4410 indulgentes.
3385 4339 3460 4395 Ita
3496 4345 3636 4399 ratio

2059 4445 2168 4483 non
2203 4445 2415 4499 semper
2458 4437 2666 4484 natura;
2694 4431 2855 4497 cedit,
2885 4430 2980 4484 scd
3025 4429 3078 4483 in
3115 4430 3394 4501 plerisque
3429 4432 3630 4498 vincit,

376 4525 690 4597 κινούμενα,
721 4525 1074 4597 συμϐατικῶς
1125 4527 1182 4580 δὲ
1229 4529 1363 4598 ἡμῖν
1407 4529 1836 4599 προσπίπτοντα,
1861 4532 1956 4585 τά-

2068 4522 2442 4591 interdumque
2473 4523 2729 4587 vincitur,
2763 4537 2826 4576 ac
2860 4522 3022 4576 modo
3048 4523 3236 4589 trahit,
3272 4525 3436 4580 modo
3468 4525 3634 4582 vicis-

378 4636 542 4690 ραχον
573 4619 636 4672 οὐ
663 4619 756 4673 τὸν
776 4619 1008 4690 τυχόντα
1043 4617 1122 4689 τῷ
1142 4619 1263 4673 καθ’
1302 4621 1451 4691 ἡμᾶς
1493 4619 1821 4693 αὑτεξουσίῳ
1865 4623 1954 4676 διὰ

374 4711 472 4778 τὴν
501 4709 638 4782 πρὸς
659 4709 722 4763 τὸ
767 4709 926 4780 σῶμα
969 4709 1289 4782 συμπλοκὴν
1336 4709 1672 4780 παρέσχηκε,
1717 4711 1815 4780 τῆς
1843 4710 1952 4762 τῶν

373 4801 656 4873 ἡμετέρων
684 4800 951 4871 σωμάτων
989 4800 1202 4870 φύσεως
1239 4799 1339 4865 τὰς
1391 4800 1500 4853 τῶν
1538 4799 1734 4865 ἔξωθεν
1765 4802 1954 4871 ἐπιφο-

377 4893 470 4962 ρὰς
501 4894 601 4964 οὐχ
621 4892 1017 4965 ὑπομενούσης,
1043 4892 1420 4965 κρατουμένης
1449 4892 1506 4945 δὲ
1529 4893 1622 4946 καὶ
1647 4893 1954 4965 νικωμένης

373 4983 477 5036 ὑπὸ
519 4983 627 5036 τῶν
665 4983 820 5047 ἐκτὸς
864 4983 1006 5036 κατὰ
1030 4983 1192 5053 φύσιν
1241 4983 1444 5036 οἰκείαν
1483 4981 1948 5053 ἐπιτελουμένων.

372 5073 539 5128 Πάλιν
571 5091 632 5126 τε
675 5069 764 5138 αὖ,
820 5073 1010 5145 ἐπειδὴ
1049 5073 1186 5144 μετὰ
1223 5073 1491 5127 πλείστων
1532 5073 1741 5145 ἀνδρῶν
1768 5073 1950 5128 ποιού-

374 5165 510 5233 μεθα
539 5165 640 5230 τὰς
668 5165 970 5238 διατριϐὰς,
993 5167 1043 5218 οἰ
1095 5165 1151 5218 δὲ
1199 5166 1294 5219 καὶ
1329 5165 1487 5219 αὐτοὶ
1523 5165 1624 5236 τῆς
1654 5168 1777 5236 ἴσης
1819 5167 1951 5236 ἡμῖν

369 5257 622 5326 λαχόντες
657 5257 863 5324 οὐσίας,
909 5257 971 5310 τὸ
1022 5257 1107 5326 ἐφ’
1135 5257 1266 5328 ἡμῖν
1317 5257 1499 5321 αὐτοῖς
1536 5259 1629 5311 ἐπὶ
1679 5258 1779 5328 τῆς
1815 5257 1950 5322 ἰδίας

351 5356 361 5442 ξ
448 5383 474 5410 ι
505 5371 602 5442 Γρ.
631 5371 756 5426 add.
786 5371 912 5442 ἤδη.

346 5419 356 5462 1
385 5532 393 5534 _
441 5419 575 5534 (6i)r
587 5419 1002 5534 iAglgxeoigqt:
1025 5462 1083 5534 ιιι
1122 5471 1223 5527 est,
1256 5463 1572 5534 ἐλέγχεσθαι
1594 5504 1608 5528 ,
1638 5462 1945 5533 φαίνεσθαι,

373 5531 838 5612 ἀποδεικχύεσθαι,
877 5531 1133 5612 τῷλόγῳ
1164 5531 1468 5612 αἱρεῖσθαι,
1497 5534 1582 5588 vel
1629 5531 1692 5612 τῇ
1735 5535 1948 5612 ἀνάγκῃ

373 5601 706 5674 ἐλέγχεσθαι.
739 5600 872 5674 Nam
909 5600 937 5654 6
967 5600 1122 5671 λόγος
1153 5600 1315 5674 αἱρεῖ,
1357 5605 1407 5659 id
1433 5613 1538 5665 est,
1571 5600 1709 5656 ratio
1739 5600 1948 5674 conciri:

372 5672 478 5733 cit;
511 5671 721 5742 ἀνάγκη
774 5671 1330 5742 ἐλέγχειηηεεεεδὶινίο
1377 5674 1649 5741 fatendum
1693 5683 1790 5726 est.
1827 5672 1947 5742 Hea

374 5743 546 5811 rodet.
573 5742 664 5793 lib.
705 5740 764 5802 it,
796 5757 850 5810 p.
880 5741 982 5793 114
1014 5740 1073 5794 D.
1100 5744 1152 5805 ό,
1181 5741 1284 5794 Τὸν
1313 5740 1454 5811 δὲδὴ
1489 5742 1732 5811 ποταμὸν
1759 5740 1946 5794 τοῦτον

368 5810 460 5861 τὸν
487 5809 994 5882 παραρρέοντα,καί
1021 5811 1277 5884 ἐτέαρχον
1307 5809 1655 5866 συνεϐάλλετο
1689 5809 1826 5866 εἶναι
1857 5816 1945 5865 τὸν

2057 4614 2159 4669 sim
2199 4614 2432 4668 trahitur
2469 4632 2483 4668 :
2537 4615 2672 4668 adeo
2692 4623 2752 4668 ut
2785 4616 2829 4668 si
2863 4616 3085 4684 quando
3120 4617 3484 4686 perniciosam
3513 4617 3632 4672 fore

2054 4706 2222 4758 vitam
2253 4706 2493 4771 duxerit,
2521 4707 2776 4762 homines
2799 4707 2916 4778 ipsa
2953 4724 3347 4780 nonnunquam
3373 4710 3630 4766 manibus

2055 4796 2302 4864 corporis
2329 4811 2447 4852 sese
2483 4799 2715 4853 vinculis
2749 4808 2874 4853 ante
2902 4787 3122 4870 tempus
3178 4799 3432 4870 expedire
3463 4817 3630 4857 cone-

2053 4895 2164 4942 tur.
2195 4887 2541 4960 Quanquam,
2584 4890 2629 4945 si
2675 4906 2797 4944 eum
2843 4893 3064 4961 propria
3089 4892 3354 4947 duntaxat
3383 4893 3628 4964 corporis

2052 4989 2247 5034 natura
2279 4980 2595 5036 luctandum
2624 4981 2728 5052 ipsi
2781 4982 2940 5050 foret,
2985 4985 3196 5039 modica
3226 4995 3373 5041 certe
3400 4987 3622 5056 quidem

2053 5080 2200 5127 esset
2231 5074 2336 5127 ista
2376 5074 2671 5128 contentio.
2708 5074 2864 5131 Nunc
2898 5084 3112 5144 autem,
3161 5093 3285 5132 cum
3337 5077 3481 5133 Deus
3513 5079 3620 5133 hu-

2051 5179 2228 5217 mana;
2261 5163 2383 5217 vitae
2416 5164 2676 5230 rationes,
2707 5181 2832 5220 cum
2866 5167 2989 5222 aliis
3019 5168 3329 5238 plerisque,
3373 5169 3450 5223 uti
3497 5184 3622 5224 cum

2051 5255 2181 5310 feris
2220 5255 2610 5327 venenatisque
2668 5259 3034 5327 serpentibus,
3078 5259 3401 5331 conjunctas
3449 5259 3500 5316 ei
3561 5275 3625 5315 ac

2049 5461 2257 5514 Νεῖλον·
2275 5463 2367 5516 καὶ
2383 5463 2448 5532 δὴ
2465 5460 2559 5515 καὶ
2575 5461 2602 5513 ὁ
2621 5460 2778 5527 λόγος
2789 5459 3181 5532 οὕτωςᾲαίρέει,
3198 5460 3249 5532 id
3272 5470 3374 5532 est,
3399 5469 3511 5532 tum
3531 5477 3624 5516 ra-

2050 5533 2126 5586 tio
2157 5527 2451 5600 etiamipsa
2470 5532 2763 5600 convincit.
2788 5531 2930 5600 idem
2969 5527 3098 5585 ibid.
3136 5547 3190 5600 p.
3230 5527 3623 5594 1091),“Ηνᾶν

2048 5618 2100 5652 τι
2147 5599 2384 5654 τοιοῦτον
2422 5601 2604 5664 οὐδὲν,
2633 5599 2708 5661 ὡς
2740 5601 2772 5670 ὴ
2819 5599 3030 5669 ἀνάγκη
3077 5602 3305 5670 ἐλέγχει·
3340 5602 3623 5669 Ejusmodi

2048 5681 2179 5724 esset
2207 5671 2359 5734 ηἰΙιὶί,
2378 5681 2434 5723 ut
2458 5670 2752 5740 necessaria
2768 5680 2814 5722 et
2833 5670 3183 5740 ἀποδεικτική
3207 5673 3350 5724 ratio
3379 5675 3588 5740 probat.

2121 5740 2231 5812 (δέ)
2258 5735 2858 5812 Προσᾳγαγκάζουσᾳ.
2891 5739 3051 5812 Forte
3078 5735 3288 5812 legend.
3317 5735 3628 5812 προσαναγ-

2050 5807 2334 5877 κασθείσα,
2354 5810 2457 5864 nisi
2474 5810 2771 5865 subaudias
2793 5809 2854 5862 τὸ
2887 5807 3069 5880 σῶμα,
3097 5807 3180 5866 vel
3200 5810 3291 5864 τὸν
3316 5807 3619 5881 ἄνθρωπον.
