4162 6408
518 380 619 436 ηδ

1115 374 1383 432 EUSEBII
1416 372 1895 430 CESARIENSIS
1930 372 2085 430 OPP.
2132 370 2315 427 PARS
2346 370 2408 428 ll.
2450 403 2518 412 —-
2564 371 3068 431 APOLOGETICA.

3681 376 3786 430 ιει

518 497 810 568 permistas
838 509 961 549 esse
993 491 1260 547 voluerit:
1292 506 1417 547 cum
1454 492 1599 547 inter
1630 492 1832 563 ignem,
1867 507 2082 562 aquam,

2193 490 2444 556 ἐξουσίας
2471 490 2858 563 ἀποφέρονται,
2918 491 3180 565 ἐλευθέρᾳ.
3203 494 3267 565 τῇ
3309 491 3459 563 σφῶν
3506 492 3786 567 χρώμενοι

517 598 571 644 et
605 584 1001 645 circumfusum
1053 597 1272 647 aerem,
1324 583 1557 651 illasque
1599 594 1827 637 naturas
1876 598 2091 645 omnes,

519 690 627 735 tam
678 678 858 734 varias
901 686 1120 743 tamque
1165 675 1514 745 multiplices,
1557 690 1682 745 qua
1731 675 1925 730 iisdem
1984 675 2094 728 ele-

516 772 712 825 mentis
745 769 1112 833 continentur,
1142 766 1329 821 sedem
1370 766 1474 837 ipsi
1503 766 1955 836 domiciliumque
1982 775 2094 821 sta-

516 860 715 916 tuerit:
749 859 950 911 mirum
978 855 1222 926 profecto
1252 871 1360 910 non
1388 867 1493 923 est,
1536 857 1583 911 si
1628 872 1736 910 non
1778 858 1939 911 modo
1964 871 2090 912 cum

512 951 736 1024 propria
761 950 1165 1019 conjunctaque
1190 963 1379 1003 secum
1409 948 1658 1018 ejusdem
1702 947 1948 1018 corporis
1986 964 2087 1001 na-

514 1058 658 1111 tura,
713 1059 835 1115 quze
879 1042 994 1098 suis
1048 1042 1261 1111 legibus
1300 1041 1417 1110 ipsa
1455 1039 1610 1104 vivit,
1653 1052 1818 1108 grave
1856 1051 1921 1092 ac
1955 1037 2094 1092 diffi-

512 1138 615 1194 cile
643 1147 915 1193 certamen
962 1135 1163 1196 instet,
1204 1148 1396 1187 verum
1438 1133 1602 1185 etiam
1648 1145 1773 1185 cum
1817 1132 2091 1186 sexcentis

516 1226 640 1281 aliis
669 1224 1013 1279 extrinsecus
1058 1222 1462 1291 ingruentibus,
1502 1220 1643 1274 inter
1678 1235 1802 1289 qua:
1841 1221 2089 1274 mortalis

515 1320 681 1373 homo
748 1317 970 1377 vivere,
1021 1312 1690 1383 summaquetholerantia
1736 1311 1847 1364 vim
1895 1326 2087 1365 eorum

513 1408 783 1463 sustinere
811 1414 1057 1477 cogatur.
1090 1405 1382 1459 Enimvero
1423 1413 1574 1459 certa
1607 1417 1827 1472 quoque
1866 1413 1979 1456 tum
2009 1404 2090 1457 ci-

510 1501 702 1554 borum
743 1497 1105 1566 quorumdam
1136 1504 1366 1560 natura,
1416 1502 1529 1547 tum
1571 1492 1695 1548 cmli
1737 1492 2083 1560 temperatio;

508 1592 591 1646 vis
617 1591 746 1644 item
773 1587 1038 1655 frigorum
1064 1599 1340 1656 mstusque
1363 1585 1699 1657 flagrantior,
1728 1583 1942 1652 aliaque
1966 1599 2078 1652 per-

509 1684 701 1747 multa,
734 1690 790 1734 ut
818 1681 1123 1749 peculiares
1156 1678 1421 1747 quasdam
1456 1687 1775 1745 naturaeque
1810 1691 1925 1729 sua:
1954 1690 2082 1743 pro-

2195 581 2516 654 προαιρέσει
2540 582 2712 656 ταύτῃ
2731 584 2894 639 πάλιν
2917 586 3142 649 είκότως
3160 587 3256 639 καὶ
3272 590 3394 649 ταῖς
3418 587 3621 657 ἑτέρων
3646 585 3785 654 γνώ-

2199 690 2327 743 μαις
2372 674 2796 743 ύποκεισόμεθα,
2843 673 2941 727 τοῦ
2980 674 3160 728 αὐτῶν
3185 676 3408 728 ἐκείνων
3428 676 3782 741 αὐτεξουσίου

2194 760 2295 820 ὧδέ
2327 783 2447 831 πως
2471 769 2602 838 ήμῖν
2637 768 2779 821 κατά
2825 768 2921 823 τοῦ
2962 767 3215 840 σώματος
3245 768 3277 838 ἦ
3312 769 3440 840 περὶ
3476 770 3575 840 τὴν
3602 770 3783 840 ψυχὴν

2193 858 2496 929 χρωμένου.
2539 860 2749 931 Ὥσπερ
2798 860 2907 930 γὰρ
2962 856 2996 925 ἡ
3056 858 3150 912 τοῦ
3207 859 3458 931 σώματος
3486 861 3643 931 ἡμῶν
3676 862 3780 931 φύ-

2195 966 2278 1013 σις
2307 952 2526 1003 νικᾶται
2571 949 2831 1013 πολλάκις
2865 949 3005 1021 πρὸς
3046 949 3155 1002 τῶν
3202 949 3401 1015 ἔξωθεν
3443 951 3780 1005 ὑποπιπτόν-

2191 1058 2332 1105 των,
2396 1040 2567 1104 οὗτως
2631 1036 2782 1095 ἐστίν
2844 1041 2935 1093 ὅτε
2985 1041 3080 1094 καὶ
3139 1042 3478 1113 προαίρεσις,
3526 1043 3631 1096 ὑπὸ
3671 1061 3777 1114 μυ-

2194 1133 2324 1204 ρίων
2346 1133 2543 1198 ἔξωθεν
2589 1133 2946 1204 ἐνοχλουμένη
2992 1134 3385 1204 προαιρέσεων,
3443 1134 3778 1207 αύτεξουσίῳ

2189 1226 2382 1298 γνώμῃ
2418 1226 2723 1291 πεισθεῖσα,
2761 1226 2960 1296 ἑαυτὴν
2985 1229 3100 1289 τοῖς
3129 1224 3326 1291 ἔξωθεν
3354 1226 3629 1281 ἐπιδίδωσι
3648 1243 3661 1258 ο
3682 1228 3778 1282 καὶ

2187 1318 2311 1371 τοτὲ
2343 1319 2442 1389 μὲν
2472 1319 2730 1389 βελτίων,
2774 1320 2897 1372 τοτὲ
2934 1318 2991 1371 δὲ
3028 1319 3227 1389 χείρων
3269 1319 3639 1372 ἀποτελεῖται·
3666 1315 3775 1374 οἶδε

2188 1411 2299 1483 γὰρ
2321 1410 2577 1463 συνουσία
2606 1409 2781 1481 φαύλη
2809 1411 3089 1473 κακύνειν,
3117 1410 3307 1482 ὥσπερ
3339 1406 3406 1465 αὖ
3449 1411 3612 1464 πάλιν
3647 1414 3775 1465 τού-

2187 1499 2397 1553 ναντίον
2414 1500 2586 1551 ποιεῖν
2602 1500 2857 1568 ἀμείνους
2872 1499 2977 1551 τῶν
3010 1499 3188 1554 καλῶν
3211 1500 3417 1569 ὁμιλία.
3457 1502 3777 1569 Φθείρουσι

2187 1593 2297 1662 γὰρ
2322 1592 2436 1659 ἤθη
2461 1592 2696 1660 χρηστὰ
2748 1592 2975 1659 ὁμιλίαι
3020 1592 3203 1645 κακαί
3244 1594 3390 1660 (65)·
3441 1592 3629 1665 ὥσπερ
3677 1592 3777 1648 οὖν

2186 1687 2279 1738 καὶ
2310 1685 2539 1749 σώζουσι
2567 1684 2873 1754 βελτιοῦσαι
2890 1684 2999 1737 τῶν
3021 1684 3242 1752 ἀγαθῶν
3262 1687 3319 1739 αἱ
3344 1686 3641 1739 συνουσίαι.
3661 1687 3774 1741 Καὶ

512 1775 658 1845 prias
687 1773 921 1827 habeant
949 1781 1131 1826 motus
1156 1771 1238 1825 sui
1273 1771 1534 1833 rationes,
1564 1770 1693 1823 dum
1740 1778 1920 1822 tamen
1948 1783 2079 1822 casu

2185 1778 2361 1845 λόγοις
2397 1779 2493 1847 μὲν
2527 1780 2560 1848 ὴ
2595 1778 2785 1848 λογικὴ
2809 1778 2911 1847 τῆς
2940 1778 3118 1847 ψυχῆς
3145 1778 3373 1848 δύναμις
3419 1778 3529 1833 τῶν
3575 1780 3774 1845 ἔξωθεν

509 1882 613 1922 nos
648 1866 933 1930 invadunt,
968 1863 1434 1934 perturbationem
1470 1861 1708 1915 libertati
1744 1870 1948 1914 nostra:
1973 1875 2080 1914 non

2192 1868 2689 1937 ὲπισυμϐαινόντων
2719 1862 2824 1920 ὧδὲ
2855 1885 2970 1930 πως
3001 1869 3095 1919 καὶ
3138 1867 3265 1938 τῇδε
3303 1867 3558 1938 φέρεται·
3599 1865 3773 1937 ίσχύσι

509 1958 786 2029 vulgarem
829 1954 1023 2009 aﬂ‘crre
1060 1955 1257 2017 solent,
1308 1962 1531 2023 prepter
1566 1953 1758 2006 initam
1805 1953 1910 2007 sibi
1955 1968 2079 2008 cum

508 2063 740 2118 corpore
787 2048 1128 2111 societatem,
1164 2047 1323 2115 cujus
1370 2056 1562 2100 natura
1603 2060 1788 2100 rerum
1830 2054 2083 2099 externa-

509 2156 631 2195 rum
656 2141 893 2209 impetus
914 2139 1058 2195 ferre
1081 2154 1186 2192 non
1210 2146 1409 2208 potest,
1437 2136 1531 2192 sed
1558 2137 1627 2191 ab
1652 2137 1720 2191 iis
1746 2151 1909 2206 saepe,
1939 2143 2082 2189 tam-

509 2232 613 2288 etsi
644 2244 853 2288 natura
881 2248 993 2288 suae
1027 2233 1079 2286 vi
1122 2232 1273 2295 ﬁant,
1312 2232 1539 2285 omnino
1592 2243 1901 2299 superatur.
1938 2228 2083 2283 Prae-

510 2335 679 2393 terea,
714 2325 976 2396 quoniam
1015 2324 1213 2393 degere
1238 2339 1339 2378 nos
1363 2331 1583 2393 oportet
1607 2324 1929 2393 versarique
1955 2338 2080 2378 cum

510 2416 802 2487 plurimis,
850 2415 997 2485 iique
1041 2416 1274 2470 similem
1325 2422 1529 2468 nostra:
1566 2412 1746 2467 sortiti
1792 2421 2079 2481 naturam,

508 2510 655 2579 quod
709 2517 915 2563 nostra;
947 2507 1224 2562 facultatis
1265 2513 1378 2571 est,
1422 2520 1522 2561 sua
1557 2504 1659 2575 ipsi
1699 2504 1955 2559 auferunt
1979 2521 2081 2575 po-

508 2608 724 2667 testate,
757 2599 971 2655 arbitrii
1004 2599 1089 2655 sui
1119 2599 1368 2654 libertate
1399 2596 1485 2653 usi
1512 2613 1528 2650 :
1557 2597 1617 2651 lit
1648 2596 1834 2659 etiam.
1868 2606 1926 2652 ut
1953 2597 2084 2651 alie-

509 2706 595 2748 nae
626 2691 793 2747 simul
821 2692 1087 2746 voluntati
1121 2689 1569 2753 succumbamus,
1600 2687 1730 2743 dum
1764 2688 1881 2758 ipsa
1920 2688 2083 2743 nobis

509 2786 658 2843 hunc
705 2787 759 2840 in
802 2787 1023 2841 modum
1054 2786 1139 2840 vel
1177 2798 1404 2854 corpore
1451 2784 1536 2839 v'el
1585 2784 1935 2839 animotenus
1980 2783 2080 2838 ab-

507 2880 697 2935 utitur.
732 2877 1197 2945 Quemadmodum
1225 2878 1368 2932 enim
1395 2877 1465 2932 ab
1502 2877 1569 2932 iis
1592 2892 1715 2947 qua:
1742 2878 2082 2932 extrinsecus

505 2972 784 3037 eveniunt,
838 2969 1085 3040 corporis
1135 2984 1276 3040 szepe
1320 2968 1493 3024 nostri
1559 2980 1757 3023 natura
1812 2969 2077 3036 vincitur,

506 3060 583 3116 ita
629 3063 882 3117 voluntas
930 3061 1048 3132 ipsa
1094 3075 1488 3131 nonnunquam
1544 3062 1814 3115 sexcentis
1847 3062 2080 3116 aliorum

506 3153 859 3222 opinionibus
922 3153 1323 3223 sententiisque
1391 3152 1625 3223 iactata,
1707 3162 1899 3222 sponte
1954 3152 2080 3207 licet

506 3242 671 3315 249
695 3243 1033 3312 arbitrioque
1060 3257 1193 3306 suo,
1226 3241 1494 3295 voluntati
1523 3251 1703 3295 tamen
1744 3240 2081 3295 obseeundat

507 3336 716 3390 alienae.
756 3333 835 3388 Ita
870 3335 1063 3388 melior
1106 3333 1222 3402 ipsa
1250 3333 1433 3397 modo,
1467 3332 1629 3387 modo
1657 3332 1891 3386 deterior
1910 3330 2080 3385 cilici—

506 3436 615 3481 tur.
655 3424 1032 3495 lmproborum
1061 3425 1205 3479 enim
1227 3424 1621 3479 consuetudine
1649 3425 1840 3478 vitium
1870 3431 2084 3478 contra-

509 3517 727 3581 luimus,
774 3515 1234 3586 quemadmodum
1257 3513 1523 3570 efﬁcimur
1550 3514 1848 3583 proborum
1882 3529 1983 3568 usu
2016 3529 2083 3569 ac

508 3610 768 3664 societate
811 3607 1087 3661 meliores.
1156 3603 1510 3673 Corrumpunt
1546 3606 1685 3658 enim
1722 3621 1892 3658 mores
1922 3605 2080 3659 bonos

506 3698 769 3769 colloquia
800 3697 1000 3771 mala”
1025 3715 1041 3752 :
1072 3695 1295 3767 perinde
1319 3695 1596 3758 nimirum,
1615 3696 1693 3749 uti
1718 3695 1956 3748 virorum
1986 3695 2083 3748 bo-

507 3805 703 3845 norum
735 3803 1061 3860 congressus
1103 3788 1360 3842 virtutem
1405 3787 1562 3840 nobis
1590 3785 1795 3855 pariter
1820 3784 2080 3838 salutem-

507 3892 616 3949 que
644 3878 919 3933 conciliat.
978 3875 1202 3941 Verum,
1234 3883 1297 3930 ut
1339 3874 1505 3929 animi
1535 3873 1767 3929 facultas
1795 3874 1886 3927 illa
1915 3874 2083 3927 ratio-

509 3972 595 4026 nis
630 3984 892 4040 compos,
945 3969 1139 4024 alienis
1185 3983 1328 4038 saepe
1376 3968 1558 4022 verbis
1587 3976 1750 4037 atque
1776 3966 2082 4020 rationibus

509 4062 616 4118 huc
660 4062 899 4131 illucque
942 4068 1189 4116 versetur
1236 4077 1250 4114 :
1288 4059 1457 4114 vincit
1508 4068 1689 4114 tamen
1741 4072 1840 4113 sua
1883 4057 2083 4110 virtute

510 4166 932 4222 nonnunquam,
1002 4151 1223 4221 vimque
1287 4150 1446 4220 plane
1502 4150 1741 4205 divinam
1799 4147 2078 4213 ostendit;

507 4246 722 4315 quoties
764 4246 1028 4299 adversus
1078 4253 1332 4315 externos
1381 4241 1618 4297 assultus
1670 4254 1861 4295 omnes
1909 4238 2079 4293 obfir-

508 4343 652 4385 mata
683 4371 699 4396 ,
759 4339 1191 4403 cunctarumque
1241 4332 1410 4387 libera
1446 4331 1683 4401 quadam
1738 4331 2081 4401 ingenuaque

506 4425 812 4479 constantia
847 4424 1065 4488 victrix,
1110 4423 1248 4477 nihil
1279 4439 1506 4493 usquam
1553 4423 1751 4477 virium
1797 4423 2080 4478 remittens

2188 1960 2243 2013 δὲ
2278 1961 2438 2013 πάλιν
2460 1960 2638 2012 οἰκεία
2665 1960 2758 2012 καὶ
2789 1958 3013 2028 λογικῆς
3035 1958 3225 2022 οὐσίας
3246 1958 3414 2029 ἁρετὴ
3433 2000 3445 2023 ,
3493 1958 3588 2011 καὶ
3622 1957 3772 2012 θείαν

2188 2050 2263 2115 ὡς
2313 2051 2530 2121 ἀληθῶς
2568 2051 2663 2104 καὶ
2713 2049 2923 2119 θεοειδῆ
2952 2049 3051 2119 τὴν
3092 2049 3323 2117 δύναμιν
3371 2048 3767 2102 ἐπιδείκνυταιο

2188 2144 2268 2196 ὅτι
2295 2152 2321 2181 ⁸
2354 2142 2490 2214 πρὸς
2524 2142 2700 2195 πάντα
2721 2142 2789 2195 τὰ
2817 2142 2973 2206 ἐκτὸς
3001 2142 3324 2211 ἀντέχουσα,
3348 2142 3444 2195 καὶ
3487 2142 3556 2196 τὰ
3592 2141 3770 2197 πάντα

2188 2235 2458 2308 ἐλευθέρῳ
2490 2238 2799 2307 φρονήματι
2827 2234 3197 2306 ὑπερνικῶσα,
3223 2233 3359 2305 πρὸς
3387 2233 3536 2287 οὐδὲν
3554 2234 3653 2305 τῆς
3692 2236 3771 2287 oi-

2188 2328 2341 2391 κείας
2374 2328 2577 2400 ἀρετῆς
2619 2326 2885 2397 ὑφιεμένη
2907 2368 2922 2390 ,
2959 2325 3268 2394 φιλοσοφεῖν
3301 2325 3766 2397 παρεσκεύασται.

2191 2419 2331 2473 Ὅσα
2351 2435 2416 2487 γε
2442 2418 2547 2489 μὴν
2583 2417 2694 2490 (64)
2726 2416 3001 2489 ὀλιγωρεῖ,
3029 2416 3135 2470 ὑπὸ
3155 2416 3266 2469 τῶν
3287 2417 3546 2487 χειρόνων
3569 2415 3637 2469 τὰ
3657 2416 3770 2488 χεί-

2191 2526 2349 2583 ριστα
2378 2508 2695 2574 διατίθεται,
2717 2507 2908 2579 ὥσπερ
2935 2502 3026 2560 οὖν
3053 2507 3148 2560 καὶ
3177 2505 3480 2575 βελτιοῦται
3513 2507 3612 2577 τῆς
3634 2506 3769 2560 ἔσω-

2187 2602 2280 2657 θεν
2315 2601 2659 2673 τυγχάνουσα
2704 2598 3042 2670 ἐπιμελείας.
3073 2600 3140 2653 Τί
3180 2599 3286 2671 χρὴ
3308 2600 3488 2668 λέγειν
3522 2602 3617 2654 ἐπὶ
3643 2599 3767 2654 τού-

2187 2710 2321 2758 τοις,
2340 2693 2418 2757 ὼς
2450 2693 2545 2747 καὶ
2578 2691 2742 2763 φοραὶ
2787 2692 2884 2745 καὶ
2934 2689 3155 2761 ἀφορίαι
3202 2689 3421 2743 τοιῶνδε
3464 2690 3652 2760 ψυχῶν
3674 2690 3768 2745 καὶ

2189 2786 2477 2856 σωμάτων,
2502 2783 2646 2836 κατά
2669 2799 2791 2837 τινα
2812 2783 3148 2855 περίπτωσιν
3168 2782 3385 2846 οἰκείως
3410 2785 3477 2853 τῇ
3510 2782 3604 2836 τοῦ
3628 2800 3766 2837 πανο

2187 2878 2277 2939 τὸς
2305 2875 2570 2944 διοικήσει
2602 2872 3038 2943 συντελούμεναι,
3064 2867 3148 2942 ,εὖ
3178 2887 3239 2924 τε
3272 2872 3367 2924 καὶ
3406 2872 3584 2944 ὀρθῶς
3610 2872 3767 2943 ἔχου-

2190 2984 2279 3021 σαι
2314 2966 2394 3037 τῷ
2420 2967 2602 3030 παντὶ,
2626 2966 2884 3037 πλείστην
2903 2966 3035 3037 ὅσην
3062 2968 3174 3029 τοῖς
3197 2966 3340 3019 κατὰ
3375 2965 3559 3036 μέρος,
3584 2966 3681 3019 καὶ
3701 2965 3768 3036 δὴ

2188 3062 2404 3123 καὶτοῖς
2425 3060 2510 3127 ἐφ’
2531 3062 2661 3130 ήμῖν
2681 3060 2934 3122 παντοίας
2950 3059 3216 3129 κινήσεως
3242 3058 3561 3130 περιουσίαν
3575 3058 3768 3126 ἀπειρ-

2187 3153 2454 3220 γάσαντο;
2486 3152 2627 3204 Πᾶσι
2677 3150 2733 3204 δὲ
2789 3149 3018 3205 καθόλου
3070 3150 3185 3213 τοῖς
3212 3145 3329 3203 οὖσι
3354 3189 3370 3213 ,
3404 3151 3518 3211 τοῖς
3542 3164 3604 3202 τε
3635 3158 3766 3219 παρ’

2182 3246 2331 3315 ἡμᾶς
2358 3243 2682 3314 γινομένοις,
2714 3243 2808 3297 καὶ
2834 3243 2984 3314 παρὰ
3005 3242 3103 3313 τὴν
3139 3241 3413 3312 ἡμετέραν
3440 3241 3638 3307 αἰτίαν,
3672 3239 3767 3296 καὶ

2182 3339 2297 3400 τοῖς
2325 3334 2524 3402 ἔξωθεν
2548 3334 2692 3388 κατὰ
2721 3333 3066 3405 συμϐεϐηκὸς
3081 3331 3318 3395 ἐπιοῦσι,
3351 3334 3466 3394 τοῖς
3501 3349 3563 3386 τε
3607 3348 3764 3400 (poet-

2181 3427 2294 3491 κῶς
2323 3426 2753 3497 ὲνεργουμένοις,
2792 3423 2891 3494 μία
2925 3421 3206 3491 παναλκής
3230 3423 3326 3475 καί⁵
3358 3420 3766 3492 παντοδύναμος

2182 3522 2465 3572 ἐπιστατεῖ
2492 3520 2525 3588 ή
2553 3515 2641 3569 διὰ
2657 3516 2873 3569 πάντων
2900 3512 3338 3584 ὲπιπορευομένη
3352 3511 3445 3566 τοῦ
3471 3511 3607 3565 Θεοῦ
3633 3513 3765 3584 πρό-

2181 3627 2323 3675 νοια,
2355 3610 2389 3681 ἢ
2420 3609 2516 3662 καλ⁵
2547 3607 2615 3660 τὰ
2648 3607 2877 3659 πλεῖστα
2910 3604 3207 3676 θειοτέροις
3238 3606 3369 3675 ἡμῖν
3409 3620 3466 3657 τε
3505 3604 3765 3675 ἀρρήτοις

2181 3702 2455 3771 οίκονομεῖ
2503 3697 2703 3766 λόγοις,
2760 3697 2994 3767 εὐηνίως
3051 3694 3111 3749 τὸ
3168 3696 3278 3748 πᾶν
3326 3692 3760 3764 διακυϐερνῶσα,

2184 3792 2353 3846 πολλά
2380 3808 2441 3844 τε
2493 3788 2718 3843 καὶτῶν
2746 3790 2889 3843 κατὰ
2912 3788 3072 3857 φύσιν
3116 3788 3211 3842 ἐπὶ
3241 3787 3303 3842 τὸ
3326 3788 3604 3860 προσῆκον
3651 3790 3762 3852 τοῖς

2182 3889 2393 3957 καιροῖς
2426 3883 2937 3957 μετασκευάζουσα,
2995 3884 3332 3955 συνεργοῦσὰ
3369 3900 3427 3936 τε
3483 3884 3579 3937 καὶ
3623 3899 3762 3954 συμ-

2183 3978 2494 4050 πράττουσα
2523 3979 2638 4040 τοῖς
2667 3977 2752 4046 ἐφ’
2783 3978 2935 4047 ἡμῖν,
2962 3976 3058 4029 καὶ
3098 3980 3212 4040 τοῖς
3238 3978 3397 4041 ἐκτὸς
3421 3976 3586 4030 πάλιν
3621 3993 3762 4047 συμ-

2181 4071 2424 4125 ϐαίνουσι
2447 4072 2546 4143 τὴν
2578 4071 2804 4125 δέουσαν
2839 4070 2992 4138 τάξιν
3014 4071 3388 4143 ἀπονέμουσα.
3431 4071 3647 4125 Τούτων
3682 4072 3763 4134 είς

2180 4163 2305 4235 τρία
2348 4162 2536 4216 τοῦτον
2570 4162 2915 4234 διῃρημένων
2937 4163 3028 4217 τὸν
3078 4163 3305 4234 τρόπον,
3359 4161 3442 4226 εἷς
3487 4177 3548 4215 τε
3575 4161 3646 4216 τὰ
3672 4161 3761 4231 ἐφ’

2179 4257 2333 4326 ἡμῖν,
2370 4256 2465 4309 καὶ
2510 4254 2578 4307 τὰ
2625 4254 2768 4308 κατὰ
2808 4255 2974 4324 φύσιν
3033 4256 3319 4325 γινόμενα,
3378 4251 3448 4306 τά
3508 4269 3570 4305 τε
3620 4251 3762 4307 κατὰ

2180 4346 2528 4417 ωμόεὸηκὸς
2550 4386 2565 4412 ,
2601 4346 2820 4401 πάντων
2862 4364 2923 4400 τε
2973 4349 3056 4416 ἐφ’
3079 4347 3177 4400 ἕνα
3207 4346 3365 4414 λόγον
3401 4344 3496 4397 τὸν
3534 4346 3599 4397 ἑκ
3623 4343 3760 4398 Θεοῦ

2183 4439 2378 4511 βουλῆς
2408 4439 2995 4511 ἀνακεφαλαιουμένων
3014 4456 3029 4470 ·
3067 4437 3300 4509 οὐδαμοῦ
3333 4437 3432 4508 μιν
3457 4439 3487 4491 ὁ
3525 4437 3655 4510 περὶ
3691 4439 3762 4491 εί-

508 4528 732 4570 suarum
757 4553 771 4577 ,
806 4500 874 4568 ad
901 4520 1121 4570 strenue
1153 4514 1644 4584 philosophandum
1696 4530 1818 4570 sese
1850 4530 2077 4585 compa-

2185 4500 2470 4601 μαρμένης
2486 4500 2666 4603 χώραν
2688 4528 2800 4595 ἕξει
2818 4500 3005 4598 λόγος.
3031 4500 3247 4582 Γένοιτο
3273 4526 3317 4579 δ’
3333 4500 3409 4582 ’ἂν
3431 4529 3562 4599 ἡμῖν
3593 4500 3760 4601 εὑρη-

508 4613 611 4659 rat.
665 4602 823 4670 Quod
856 4605 1098 4661 studium
1133 4606 1263 4660 dum
1302 4606 1419 4676 ipsa
1450 4606 1691 4677 negligit,
1723 4622 1755 4661 a
1793 4605 2077 4662 deteriori-

508 4697 612 4753 bus
638 4698 872 4767 pessime
916 4698 1103 4753 baberi
1146 4697 1392 4769 aﬂicique
1417 4700 1583 4765 solet;
1619 4699 2078 4769 quemadmodum

507 4789 778 4845 exteriore
808 4791 955 4845 cultu
988 4791 1253 4860 perpolita
1277 4829 1293 4857 ,
1347 4791 1572 4860 majoris
1606 4791 1660 4844 in
1692 4791 1808 4845 dies
1840 4792 2081 4860 probita-

510 4882 580 4935 tis
608 4881 920 4937 accessione
948 4884 1276 4938 cumulatur.
1295 4881 1435 4950 Quid
1458 4896 1624 4952 porro
1654 4896 2082 4937 commemorare

511 4973 735 5038 attinet,
771 4981 834 5026 ut
873 4982 1145 5028 certorum
1188 4975 1548 5044 quorumdam
1596 4982 1651 5028 et
1690 4971 1997 5026 animorum
2028 4981 2082 5026 et

509 5077 801 5133 corporum
831 5074 924 5119 aut
946 5075 1275 5135 proventus,
1305 5073 1400 5119 aut
1426 5064 1670 5133 penuria,
1698 5063 1914 5117 tametsi
1947 5079 2079 5117 casu

510 5153 747 5219 quodam
777 5158 844 5208 ad
875 5156 1112 5211 universi
1151 5155 1596 5225 gubernationem
1646 5155 1865 5225 proprie
1895 5154 2080 5208 confe-

512 5252 614 5307 rat,
649 5243 877 5314 ejusque
912 5246 1088 5300 ordini
1120 5247 1377 5316 prazclare
1403 5247 1630 5300 omnino
1655 5247 1961 5311 conveniat,
1992 5256 2079 5301 ta-

579 5335 623 5366 “
650 5334 671 5388 Ι
695 5336 818 5391 Cor.
849 5352 939 5405 xv,
966 5338 1055 5393 55.

582 5439 609 5469 ι
648 5422 736 5476 ισ.
763 5421 873 5478 ὅτε.

582 5518 691 5588 (65)
732 5520 975 5589 Ὁμιλίαι
1023 5526 1219 5581 κακαί.
1284 5523 1398 5579 Hoc
1443 5522 1724 5578 Menandri
1774 5523 2077 5586 versiculo,

510 5597 609 5667 τας
633 5592 941 5667 συνουσίας,
970 5598 1205 5667 pr_oprie,
1238 5595 1333 5649 καὶ
1364 5594 1464 5657 τὰς
1497 5596 1909 5667 συμπεριφοράς
1938 5595 2079 5667 AP‘!‘

510 5662 681 5734 stulus
721 5662 987 5734 intelligit.
1021 5662 1183 5718 Recte
1221 5675 1398 5718 tamen
1441 5662 1638 5734 vulgat.
1683 5662 1936 5733 interpr.,
1969 5663 2080 5715 col-

507 5727 723 5805 loquia;
755 5727 1062 5805 fiunt'enim
1107 5735 1195 5787 διὰ
1236 5735 1409 5805 λόγων
1450 5727 1909 5805 ροιῖεεὶηιιιιη,ἀί
1943 5733 2079 5804 πρὸς

505 5798 769 5873 ἀλλήλους
792 5803 998 5871 ὁμιλίαι
1024 5821 1038 5858 :
1076 5821 1173 5858 nec
1202 5798 1321 5858 alio'
1347 5798 1464 5858 fere
1502 5806 1608 5858 telo
1635 5804 1852 5873 gravius
1882 5798 2078 5856 tenerae

507 5871 682 5926 adhuc
721 5881 774 5926 et
819 5873 1035 5928 illibatae
1085 5883 1313 5941 tuentes,
1363 5891 1525 5945 quam
1570 5871 1783 5944 procaci
1828 5873 2077 5929 oratione

2184 4622 2319 4693 μένη
2355 4623 2447 4674 καὶ
2476 4623 2508 4691 ή
2538 4621 2691 4693 παρὰ
2733 4623 2844 4685 τοῖς
2890 4619 3105 4683 πολλοῖς
3130 4617 3478 4690 ἀπορουμένη
3514 4619 3616 4690 τῆς
3660 4635 3749 4674 και

2181 4713 2305 4775 χίας
2326 4711 2496 4782 πηγὴ,
2523 4714 2581 4765 ὲν
2605 4711 2782 4765 οὐδενὶ
2815 4712 2913 4783 μὲν
2932 4709 3117 4782 χώραν
3142 4710 3340 4781 ἔχουσα
3359 4709 3471 4764 τῶν
3498 4710 3638 4764 κατὰ
3661 4710 3745 4780 φύ

2182 4819 2288 4867 σιν,
2318 4802 2431 4856 οὔτ’
2476 4805 2536 4856 ὲν
2564 4803 2834 4874 σώμασιν,
2861 4802 2975 4855 οὒτ’
3009 4804 3068 4855 ὲν
3089 4801 3301 4865 οὐσίαις
3339 4804 3758 4872 πνευματικαῖς,

2181 4898 2375 4952 πολλοῦ
2398 4898 2479 4950 δεῖ
2502 4895 2613 4966 (65)
2652 4896 2711 4947 ὲν
2735 4897 2847 4959 τοῖς
2874 4894 3015 4948 κατὰ
3046 4892 3393 4965 συμΰεόηκὸς
3417 4892 3617 4957 ἔξωθεν
3641 4894 3757 4946 ὲπι-
3780 4912 3787 4919 ι

2179 4991 2516 5060 γινομένοιςν
2570 4986 2819 5057 εὑρεθείη
2856 4985 2901 5039 δ’
2941 4985 3008 5040 ἂν
3041 4986 3101 5038 ὲν
3140 4983 3276 5056 μόνῃ
3320 4985 3386 5054 τῇ
3435 4984 3535 5053 τῆς
3581 4982 3757 5053 ψυχῆς

2181 5079 2624 5151 αὑτοπροαιρέτῳ
2681 5082 2892 5149 κινήσει
2943 5078 3038 5131 καὶ
3079 5078 3136 5129 ἐν
3169 5074 3342 5145 ταύτῃ
3367 5074 3468 5145 οὐχ
3488 5074 3577 5127 ὅτε
3619 5073 3762 5126 κατὰ

2183 5168 2343 5239 φύσιν
2375 5167 2662 5239 βαδίζουσα
2682 5166 2782 5238 τὴν
2812 5165 3028 5220 εὐθεῖαν
3057 5165 3252 5228 ὁδεύει,
3282 5163 3399 5218 ἀλλ’
3429 5164 3519 5217 ὅτε
3540 5164 3637 5234 τῆς
3661 5163 3760 5233 βα-

2183 5260 2395 5330 σιλικῆς
2434 5260 2674 5313 ὲκστᾶσα
2695 5259 2876 5331 οίκείιρ⁴
2904 5257 3098 5329 γνώμῃ
3120 5255 3220 5328 τὴν
3249 5254 3400 5329 παρὰ
3439 5254 3600 5325 φύσιν
3629 5254 3758 5325 τρέ-

2182 5527 2560 5581 vulnerantur.
2591 5524 2709 5591 Qua
2735 5525 2803 5579 de
2829 5540 2889 5579 re
2921 5524 3064 5579 infra
3093 5524 3365 5593 pluribus,
3402 5519 3494 5576 ubi
3535 5534 3602 5593 ex
3634 5514 3758 5570 Pla-

2183 5609 2328 5655 tone,
2356 5597 2423 5649 de
2452 5589 2699 5650 habendo
2732 5594 3041 5651 fabularum
3074 5589 3494 5661 carminumque
3517 5589 3751 5661 delectu.

2253 5666 2365 5733 (6⁵)
2396 5668 2553 5735 Ὅσα
2578 5683 2641 5735 γε
2674 5665 2819 5734 μήν.
2853 5666 2912 5719 Si
2945 5667 3097 5719 locus
3131 5665 3337 5735 integer
3386 5660 3490 5722 est,
3524 5660 3627 5712 ὅσα
3655 5672 3756 5726 po-

2180 5737 2309 5796 suit,
2340 5751 2436 5804 pro
2465 5734 2583 5787 καθ’
2615 5738 2714 5787 ὃσα
2737 5735 2818 5788 vel
2849 5735 2971 5788 καθ’
3000 5735 3145 5797 ὅσον,
3178 5734 3229 5786 id
3252 5742 3336 5786 est
3364 5739 3643 5804 quatenus.

2250 5801 2362 5876 (65)
2388 5805 2628 5859 Πολλοῦ
2653 5804 2760 5860 δεῖ.
2789 5807 2867 5858 Ita
2895 5804 3240 5873 reposuimus
3263 5818 3327 5858 ex
3351 5801 3444 5855 alt.
3476 5810 3751 5861 manusc.,

2179 5892 2300 5933 cum
2336 5886 2459 5932 ante
2490 5876 2553 5946 δή
2586 5891 2863 5946 perperam
2895 5876 3185 5943 legeretur.
