4162 6412
442 301 550 355 λεδ

443 431 641 479 πεται,
690 413 827 484 αὐτὴ
872 413 1072 483 ἑαυτῆς
1133 413 1452 467 καθεστῶσα
1514 416 1699 487 κυρία.

438 507 596 561 τοῦτο
622 506 793 577 γέρας
822 504 1094 576 ἐξαίρετον
1118 507 1266 577 παρά
1297 506 1432 561 Θεοῦ
1462 506 1721 572 λαϐοῦσα,
1763 507 2022 580 ἐλευθέρα

440 598 534 653 καὶ
568 597 927 668 αὐτοκράτωρ
956 598 1233 666 τυγχάνει,
1257 597 1358 667 τῆς
1383 599 1592 662 οἰκείας
1610 600 1787 670 ὁρμῆς
1816 600 1878 651 τὸ
1903 617 2025 670 κρι-

436 688 627 758 τήριον
657 688 738 749 είς
772 686 968 757 ἑαυτὴν
989 686 1406 758 ἀναδεδειγμένη
1427 687 1537 758 (66)
1561 705 1575 718 ·
1606 689 1766 759 νόμος
1791 688 1847 741 δὲ
1882 688 2023 752 θεῖος

440 781 577 850 αὐτῇ
614 776 1042 849 συνεζευγμένος
1070 778 1212 832 κατὰ
1246 778 1406 847 φύσιν
1426 780 1745 852 λαμπτῆρος
1788 782 1883 836 καί
1912 798 2024 849 φω-

444 874 640 946 στῆρος
667 872 823 943 δίκην
854 873 1117 941 ὲπιφωνεῖ
1136 871 1346 925 ἔνδοθεν
1374 873 1600 943 ὑπηχῶν
1636 874 1772 944 αὐτῇ
1817 875 1911 927 καὶ
1943 874 2025 927 λέ-

442 980 585 1033 γων’
625 962 760 1032 ’0δῷ
790 962 1038 1033 βασιλικῇ
1086 963 1362 1034 πορεύσῃ,
1393 964 1494 1016 οὐκ
1542 965 1809 1028 ὲκκλινεῖς
1848 964 2019 1031 δεξιά,

443 1057 564 1110 οὐδὲ
601 1056 866 1127 ἀριστερά
887 1073 901 1086 ·
938 1054 1223 1125 βασιλικὴν
1255 1056 1353 1127 τὴν
1386 1056 1527 1110 κατὰ
1559 1056 1649 1110 τὸν
1683 1056 1840 1128 ὀρθὸν
1866 1058 2022 1126 λόγον

443 1148 661 1220 πορείαν
684 1141 823 1202 εἶναι
853 1147 1139 1202 διδάσκων.
1170 1146 1372 1201 Τοῦτον
1400 1147 1510 1219 γὰρ
1539 1148 1731 1221 ἁπάσῃ
1760 1148 1902 1221 ψυχῇ
1928 1166 2022 1218 φυ-

441 1239 589 1293 σικὸν
614 1239 780 1309 νόμον
811 1238 1002 1309 βοηθὸν
1027 1240 1164 1308 αὐτῇ
1190 1239 1282 1291 καὶ
1305 1238 1592 1310 σύμμαχον
1616 1240 1710 1294 ἐπὶ
1742 1239 1851 1293 τῶν
1874 1258 2018 1312 πρα-

440 1330 610 1383 κτέων
642 1331 670 1382 ό
694 1328 802 1382 τῶν
834 1329 972 1382 ὅλων
1003 1329 1341 1399 Δημιουργὸς
1380 1331 1721 1401 ὑπεστήσατο
1743 1348 1756 1361 ’
1793 1330 1880 1384 διά
1922 1332 2020 1401 μὲν

436 1420 529 1474 τοῦ
560 1421 746 1490 νόμου,
770 1419 870 1491 τὴν
897 1419 1109 1473 εὐθεῖαν
1127 1420 1261 1491 αὐτῇ
1299 1420 1633 1492 παραδείξας
1664 1422 1811 1485 ὁδὸν,
1843 1422 1932 1475 διά
1963 1422 2020 1475 δὲ

436 1510 534 1581 τῆς
558 1511 694 1581 αὐτῇ
747 1510 1130 1581 δεδωρημένης
1171 1510 1516 1574 αὐτεξουσίου
1553 1512 1864 1583 ἐλευθερίας
1919 1511 2019 1584 τὴν

436 1601 544 1654 τῶν
565 1603 890 1674 κρειττόνων
917 1603 1131 1674 αἵρεσιν
1166 1604 1389 1658 ἐπαίνου
1416 1605 1510 1657 καὶ
1554 1604 1827 1675 ἀποδοχῆς
1862 1605 2019 1672 ἀξίαν

435 1694 739 1764 ἀποφήνας,
769 1693 946 1764 γερῶν
978 1711 1038 1748 τε
1061 1696 1153 1747 καὶ
1179 1694 1442 1765 μειζόνων
1470 1696 1741 1758 ἐπάθλων,
1764 1695 1871 1748 τῶν
1926 1697 2019 1750 ἐπὶ

432 1787 546 1847 τοῖς
585 1787 1057 1857 κατορθουμένοις,
1088 1788 1165 1839 ὅτι
1201 1786 1274 1857 μὴ
1299 1786 1705 1856 βεϐιασμένως,
1736 1785 1931 1859 γνώμῃ
1961 1786 2019 1839 δὲ

434 1875 765 1948 αὑτεξουσίῳ
802 1877 1104 1949 κατώρθου,
1136 1877 1310 1948 παρὸν
1342 1878 1436 1931 καὶ
1482 1877 1579 1947 τὴν
1614 1877 1863 1932 ἐναντίαν
1900 1876 2016 1929 ἐλέ-

437 1969 559 2023 σθαι
581 1985 594 1998 ·
619 1969 696 2032 ὡς
722 1968 958 2039 ἔμπαλιν
979 1970 1076 2040 τὴν
1095 1972 1164 2023 τὰ
1187 1970 1436 2041 χείριστα
1454 1968 1715 2040 ἑλομένην
1730 1968 1899 2037 ψόγου
1921 1968 2015 2021 καὶ

444 2059 712 2130 τιμωρίας
762 2055 898 2112 εἶναι
938 2058 1127 2125 ἀξίαν,
1177 2060 1272 2112 ἀτε
1303 2060 1479 2130 οἰκείᾳ
1530 2061 1739 2130 κινήσει
1778 2059 1872 2113 τοῦ
1917 2061 2014 2130 μὲν

438 2149 580 2203 κατά
624 2149 785 2218 φύσιν
822 2150 986 2220 νόμου
1013 2150 1501 2221 παραμελήσασαν,
1530 2150 1727 2213 κακίας
1750 2149 1808 2203 δὲ
1839 2151 2014 2221 ἀρχὴν

433 2243 531 2294 καὶ
562 2240 743 2311 πηγὴν
767 2242 1236 2312 ἀπογεννήσασαν,
1271 2241 1487 2309 φαύλως
1523 2258 1583 2294 τε
1610 2242 1773 2312 ἑαυτῇ
1809 2258 2012 2312 κεχρη-

438 2334 624 2405 μένην,
649 2335 750 2386 ούκ
782 2333 860 2387 ἔτι
885 2336 1029 2397 τινὸς
1066 2334 1265 2400 ἔξωθεν
1302 2335 1578 2405 ἀνάγκης,
1614 2334 1727 2387 ἀλλ’
1772 2333 1833 2398 ἐξ
1864 2333 2012 2386 ὲλευ-

435 2424 599 2497 θέρας
621 2424 847 2496 γνώμης
871 2442 931 2478 τε
956 2426 1047 2478 καὶ
1072 2425 1325 2496 κρίσεως.
1351 2424 1507 2478 Attia
1532 2425 1596 2495 δὴ
1617 2423 1711 2477 τοῦ
1733 2424 2007 2494 ἑλομένου,

431 2512 564 2577 Θεὸς
590 2514 845 2576 ἀναίτιος.
874 2511 1011 2567 Οὔτε
1045 2514 1154 2584 γάρ
1181 2513 1341 2582 φύσιν
1367 2513 1576 2584 φαύλην
1595 2515 1624 2566 ό
1660 2513 1791 2576 Θεὸς
1821 2512 2009 2584 εἰργά-

432 2621 582 2665 σατο,
605 2603 726 2657 οὐδέ
747 2620 810 2672 γε
833 2603 1010 2674 ψυχῆς
1038 2604 1246 2659 οὐσίαν.
1286 2603 1501 2675 Ἀγαθῷ
1542 2603 1651 2675 γάρ
1682 2604 1834 2657 οὐδὲν
1870 2603 2009 2675 πλὴν

428 2695 608 2764 ἀγαθά
627 2696 979 2767 δημιουργεῖν
1008 2694 1189 2766 θέμις.
1231 2695 1457 2765 Ἀγαθὸν
1488 2695 1546 2749 δὲ
1580 2697 1686 2749 πᾶν
1715 2696 1744 2748 ὃ
1773 2712 1826 2748 τι
1868 2694 2012 2748 κατά

430 2788 618 2859 φύσιψ
662 2789 807 2859 ψυχῇ
831 2788 888 2841 δὲ
919 2788 1070 2859 πάσῃ
1096 2789 1289 2859 λογικῇ
1326 2786 1467 2842 κατά
1499 2789 1660 2857 φύσιν
1686 2788 1918 2861 πάρεστι
1948 2788 2010 2842 τὸ

429 2880 774 2946 αὐτεξούσιον
802 2878 1005 2948 ἀγαθὸν
1030 2919 1045 2945 ,
1080 2879 1361 2933 καὶτοῦτο
1406 2881 1492 2932 ἐπ’
1532 2878 1752 2949 ἀγαθῶν
1801 2880 2010 2952 αἱρέσει

429 2970 813 3042 γεγενημένον.
853 2970 1074 3033 Φαύλως
1108 2969 1164 3023 δὲ
1196 2970 1286 3023 ὅτε
1316 2971 1578 3041 πράττει,
1614 2972 1674 3023 οὐ
1711 2971 1811 3041 τὴν
1849 2971 2009 3040 φύσιν

430 3064 701 3119 αἰτιατέον
721 3080 733 3093 '
780 3064 841 3116 οὐ
880 3062 990 3134 γὰρ
1022 3062 1161 3115 κατά
1183 3060 1380 3130 φύσιν,
1416 3062 1569 3133 παρά
1594 3062 1756 3131 φύσιν
1787 3063 1845 3117 δὲ
1871 3064 2006 3134 αὐτῇ

429 3156 640 3226 γίνεται
659 3156 722 3209 τὸ
750 3154 970 3224 φαῦλον,
1008 3153 1382 3226 προαιρέσεως
1407 3154 1486 3220 ὃν,
1516 3154 1630 3208 ἀλλ’
1654 3155 1776 3225 οὐχὶ
1795 3153 2009 3223 φύσεως
2038 3149 2080 3205 C

431 3245 611 3318 ἔργον.
644 3239 714 3315 ᾯ
744 3244 851 3316 γὰρ
878 3246 1057 3316 παρῆν
1088 3243 1315 3315 δύναμις
1338 3246 1436 3315 τῆς
1461 3245 1701 3315 τάγαθοῦ
1724 3244 2007 3316 αἱρέσεως,

427 3340 518 3392 ὅτε
550 3338 624 3409 μὴ
645 3336 802 3390 τοῦτο
823 3336 1018 3399 εἵλετο,
1068 3336 1211 3391 ἑκὼν
1232 3338 1290 3391 δὲ
1310 3339 1370 3391 ἐξὸ
1387 3341 1630 3409 κρεῖττον
1660 3337 2008 3410 ἀπεστράφη’

427 3431 521 3485 τοῦ
553 3431 793 3502 χείρονος
824 3430 1231 3501 μεταποιηθείς,
1265 3431 1351 3494 τίς
1383 3430 1450 3484 ἂν
1473 3430 1650 3502 τούτῳ
1682 3430 1847 3494 τόπος
1877 3431 2012 3484 ἀπο-

430 3522 609 3593 φυγῆς
637 3522 872 3575 λείποιτο
898 3522 999 3591 τῆς
1030 3521 1236 3585 οἰκείας
1266 3522 1424 3592 αἰτίῳ
1465 3521 1796 3575 καταστάντι
1832 3521 2008 3584 νόσου,

429 3612 524 3666 τοῦ
546 3630 607 3665 τε
635 3612 914 3683 συμφύτου
939 3612 1127 3682 νόμου,
1161 3613 1405 3683 σωτῆρος
1437 3606 1528 3665 οἷα
1557 3611 1653 3665 καὶ
1693 3610 1878 3683 ἰατροῦ
1910 3629 2011 3665 πα·

431 3706 832 3777 ραμελήσαντι;
883 3705 939 3757 ὐ
968 3703 1032 3774 δὴ
1068 3702 1272 3757 τούτων
1309 3705 1562 3759 ἁπάντων
1608 3705 1811 3775 μηδένα
1854 3704 2009 3774 λόγον

428 3796 771 3867 ποιούμενος,
799 3795 1047 3866 ἀνάγκης
1078 3812 1139 3848 τε
1164 3796 1259 3849 καὶ
1286 3795 1503 3866 ἄστρων
1543 3797 1716 3868 φορᾶς
1759 3796 2009 3868 ἁναρτῶν

427 3889 498 3943 τὰ
541 3890 720 3942 πάντα
739 3927 755 3951 ,
786 3887 883 3957 τῆς
912 3902 972 3938 τε
1011 3885 1120 3939 τῶν
1147 3887 1651 3958 πλημμελουμένων
1702 3886 2009 3958 ἀνθρώποις

326 3981 345 4003 ⁸
428 3979 679 4045 ἀτοπίας,
705 3979 780 4051 μὴ
811 3979 871 4046 ἐξ
897 3978 1055 4051 ἡμῶν
1082 3974 1222 4033 εἶναι
1255 3979 1478 4049 φάσκων
1498 3978 1566 4032 τά
1592 3978 1761 4044 αἴτια,
1799 3976 1913 4031 ἀλλ’
1945 3980 2009 4032 ὲκ

427 4072 530 4143 τῆς
558 4072 627 4125 τά
666 4071 846 4125 πάντα
886 4069 1140 4141 κινούσης
1165 4070 1467 4140 δυνάμεως,
1518 4069 1635 4134 πῶς
1665 4070 1766 4123 οὐκ
1797 4070 2009 4123 ἀνόσιον

430 4164 525 4217 καὶ
551 4162 786 4233 δυσσεϐῆ
810 4161 1068 4232 λογισμὸν
1093 4160 1336 4231 εἰσφέροι
1358 4160 1458 4224 ἇν;
1490 4159 1615 4212 Εἴτε
1635 4158 1742 4231 γάρ
1767 4158 2009 4229 αὐτόμα-

430 4271 522 4307 τον
546 4255 640 4307 καὶ
656 4252 989 4324 ἀπρονόητον
1012 4250 1132 4321 θείη
1165 4250 1263 4322 τὴν
1293 4249 1388 4304 τοῦ
1405 4250 1605 4313 παντὸς
1638 4249 1830 4321 φοράν,
1861 4249 2010 4318 ἐλέγ-

431 4348 563 4415 χοιτ’
604 4343 672 4399 ἂν
720 4344 796 4408 ὼς
824 4342 1050 4397 αὐτόθεν
1094 4342 1272 4408 ἄθεος,
1303 4341 1441 4413 πρὸς
1470 4340 1549 4411 τῷ
1587 4340 1679 4394 καὶ
1721 4340 2010 4394 ἀϐλεπτείν

431 4437 561 4509 περὶ
582 4437 681 4508 τὴν
702 4435 975 4505 πάνσοφον
991 4435 1255 4505 ἁρμονίαν
1280 4434 1373 4486 καὶ
1401 4432 1499 4503 τὴν
1520 4431 1627 4485 τῶν
1654 4431 1791 4484 ὅλων
1825 4431 2008 4485 διάτα-

434 4527 536 4594 ξιν,
564 4523 624 4582 εὖ
651 4527 745 4583 καὶ
773 4529 831 4580 ὲν
859 4526 1049 4596 κόσμῳ
1077 4525 1177 4596 τὴν
1221 4524 1288 4577 δι’
1323 4522 1515 4584 αἰῶνος
1551 4521 1763 4594 κίνησιν
1804 4523 2006 4576 ἀνακυ-

431 4619 732 4691 κλουμένην
757 4635 770 4648 ’
803 4616 913 4671 εἴτε
933 4615 1068 4670 Θεοῦ
1094 4614 1349 4685 πρόνοιαν
1372 4613 1527 4682 ἄγειν
1548 4612 1647 4665 καὶ
1662 4624 1870 4682 φερειν,
1888 4613 2012 4665 ἐπι-

435 4714 647 4766 στατεῖν
670 4727 730 4763 τε
765 4710 920 4775 πᾶσι,
961 4708 1055 4761 καὶ
1080 4706 1337 4775 πανσόφῳ
1374 4703 1519 4774 λόγῳ
1545 4703 1768 4756 διοικεῖν
1817 4702 2012 4773 ὁμολο-

430 4804 610 4873 γήσει,
649 4800 757 4854 οὐδ’
797 4798 939 4852 οῦτω
963 4795 1056 4850 τοῦ
1092 4794 1388 4859 δυσσεϐοῦς
1417 4793 1728 4863 ἐκπέφευγε
1752 4791 1852 4862 τὴν
1885 4792 2014 4845 ἀτο-

432 4892 562 4947 πίαν
606 4904 665 4934 ι’
710 4888 896 4960 ἐπειδὴ
932 4888 1041 4941 τῶν
1084 4889 1142 4941 ὲν
1183 4884 1490 4956 ἀνθρώποις
1550 4881 2014 4954 ἁμαρτανομένων

430 4984 556 5048 τοὺς
578 4984 678 5055 μὲν
709 4978 1161 5053 πλημμελοῦντας
1181 4975 1425 5041 ἀπολύει,
1449 4976 1525 5039 ὡς
1557 4974 1720 5046 μηδὲν
1752 4971 1858 5025 τῶν
1885 4972 2005 5025 ἀτό-

434 5076 551 5130 πων
584 5073 647 5140 ἐξ
671 5071 875 5136 οἰκείας
893 5068 1119 5141 γνώμης
1142 5068 1657 5139 διαπεπραγμένους
1681 5104 1696 5129 ,
1736 5065 1929 5132 ἀνάγει
1950 5063 2008 5116 δὲ

431 5171 532 5242 τὴν
568 5169 747 5223 αἰτίαν
781 5165 891 5222 τῶν
942 5163 1129 5219 κακῶν
1176 5163 1268 5216 ἐπὶ
1318 5160 1417 5231 τὴν
1460 5158 1685 5213 καθόλου
1730 5157 2005 5228 πρόνοιαν,

436 5259 683 5329 ἀνάτασιν
706 5257 877 5330 αὐτὴν
896 5255 992 5311 καὶ
1008 5251 1347 5326 εἰμαρμένην
1375 5248 1682 5314 ἀποκαλῶν,
1704 5248 1797 5302 καὶ
1830 5248 2015 5317 πάσης

436 5351 535 5422 τῆς
572 5352 630 5404 ἒν
668 5347 975 5422 ἀνθρώποις
1034 5342 1422 5416 αἰσχρουργίας
1472 5342 1564 5395 καὶ
1596 5337 2006 5412 ἀρῤητοποιίας,

437 5438 720 5512 ώμότητός
745 5452 807 5491 τε
837 5435 935 5490 καί⁵
964 5433 1275 5505 μιαιφονίας
1293 5431 1470 5485 αἰτίαν
1492 5424 1628 5483 εἶναι
1664 5427 1857 5497 λέγων.
1898 5426 2010 5482 Καὶ

508 5565 540 5596 ι
563 5552 649 5607 τον.
679 5550 878 5606 αἰτίαν.
934 5550 937 5551 ⁷

1614 300 1937 354 ΡΒίΕΡᾹΒ.
1982 298 2239 353 EVANG.
2277 298 2404 352 LIB.
2450 297 2534 353 VI.

1777 416 2027 469 Ἐπειδὰν
2058 422 2099 475 Α
2131 431 2254 469 men
2282 429 2406 469 cum
2443 413 2673 484 singulis
2697 412 2964 482 partibus,
3015 419 3128 466 tum
3161 410 3227 466 iis
3253 426 3472 482 quoque
3514 413 3681 472 rebus

3598 295 3701 350 423

2123 519 2245 574 quae
2276 504 2551 560 facultatis
2576 519 2640 558 ac
2666 503 2951 573 potestatis
2982 512 3180 556 nostrae
3205 514 3362 569 sunt,
3404 503 3697 559 incredibi-

2122 593 2228 647 lem
2261 609 2405 663 saepe
2428 593 2581 648 aﬂ‘ert
2605 591 2924 646 mutationis
2957 600 3170 646 aestum.
3193 589 3460 647 Caeterum
3484 595 3697 650 cunctis

2122 687 2346 741 omnino
2370 686 2552 751 rebus,
2570 701 2666 741 seu
2697 686 2927 740 consilio
2958 684 3090 738 ﬁant
3112 685 3459 755 impulsuque
3483 695 3694 753 nostro,

2123 794 2218 833 seu
2252 778 2477 833 fortuito
2513 778 2732 833 aliunde
2767 779 3105 848 contingant,
3141 794 3237 834 seu
3267 778 3499 849 denique
3530 787 3693 834 natu-

2124 870 2291 924 ralem
2327 870 2561 925 habeant
2588 879 2741 925 ortus
2770 871 2853 925 sui
2882 869 3166 935 rationem,
3186 885 3399 926 summa
3422 887 3530 926 una
3556 886 3694 942 prae-

2122 971 2425 1031 potensque
2478 960 2572 1016 Dei
2620 963 2956 1031 providentia
3009 963 3356 1027 moderatur,
3400 979 3523 1034 quae
3568 979 3693 1020 cum

2122 1053 2311 1107 omnia
2341 1060 2621 1121 permeet,
2655 1059 2770 1105 tum
2805 1051 3037 1120 plurima
3077 1051 3439 1107 divinioribus
3467 1051 3694 1121 quibus-

2121 1146 2248 1201 dam
2300 1145 2639 1209 rationibus,
2692 1154 3022 1214 captumque
3064 1155 3311 1199 nostrum
3360 1143 3692 1215 fugientibus

2121 1236 2485 1301 administrat,
2524 1250 2760 1305 cumque
2806 1236 2922 1291 suis
2952 1234 3117 1290 veluti
3159 1235 3385 1295 habenis
3422 1236 3690 1292 obsecun-

2078 1327 2255 1383 ‘daus
2295 1329 2400 1384 hoc
2432 1332 2745 1385 universum
2784 1346 2849 1385 ac
2892 1331 3126 1384 ﬂexibile
3175 1331 3407 1398 habeat,
3450 1344 3563 1387 tum
3600 1347 3690 1388 res

2114 1426 2280 1481 etiam
2311 1428 2599 1499 plerasque
2631 1430 2907 1485 naturales
2938 1430 3003 1484 ad
3038 1429 3218 1483 varias
3264 1438 3568 1500 temporum
3598 1449 3693 1489 oc-

2115 1524 2363 1580 casiones
2399 1527 2550 1597 lingit
2578 1543 2642 1582 ac
2685 1537 2894 1595 mutat,
2922 1529 3104 1599 itaque
3142 1529 3395 1598 potestati
3438 1529 3695 1585 arbitrio-

2120 1630 2229 1687 que
2266 1623 2458 1670 nostro
2503 1614 2748 1669 subditas
2782 1613 2985 1668 auxilio
3025 1620 3301 1682 promovet
3330 1626 3466 1678 suo,
3499 1620 3559 1666 ut
3594 1612 3680 1678 iis,

2053 1756 2096 1810 Β
2119 1722 2242 1778 quae
2285 1706 2624 1762 extrinsecus
2669 1705 2945 1769 eveniunt,
2985 1719 3144 1758 suum
3179 1719 3398 1774 quoque
3430 1704 3607 1759 locum
3632 1713 3688 1759 et

2120 1807 2546 1855 consentaneum
2583 1798 2829 1852 ordinem
2878 1796 3155 1851 attribuat.
3228 1796 3363 1850 Cum
3404 1809 3535 1866 ergo
3581 1796 3685 1850 tria

2121 1889 2237 1945 haec
2264 1903 2446 1943 rerum
2475 1903 2674 1958 genera
2708 1895 3035 1952 statuantur,
3063 1894 3123 1940 ut
3146 1886 3269 1940 alia).
3287 1894 3472 1939 nostra
3502 1900 3568 1939 ex
3593 1900 3687 1939 vo-

2121 1982 2328 2037 luntate
2355 1983 2664 2052 pendeant,
2700 1981 2819 2036 alia:
2846 1990 3008 2052 prout
3034 1990 3228 2035 natura
3267 1980 3535 2049 postulat,
3570 1980 3689 2034 alite

2119 2073 2355 2143 denique
2379 2072 2608 2128 fortuito
2641 2073 2914 2137 eveniant,
2932 2073 3227 2142 eademque
3243 2070 3405 2127 simul
3434 2071 3499 2126 ad
3521 2086 3686 2125 unam

2118 2176 2289 2232 divini
2328 2175 2544 2230 consilii
2589 2175 2858 2229 rationem
2907 2173 3173 2227 universae
3215 2182 3567 2239 revocentur;
3608 2173 3690 2227 lo-

2119 2283 2219 2323 cus
2247 2267 2406 2337 plane
2423 2266 2605 2321 nullus
2622 2264 2732 2320 fato
2758 2264 3097 2334 relinquatur
3123 2277 3345 2319 necesse
3369 2272 3475 2320 est.
3516 2262 3690 2330 Quin-

2117 2360 2281 2415 etiam
2314 2360 2516 2414 fontem
2566 2358 2681 2429 jam
2715 2357 2866 2411 illum
2894 2356 3255 2427 improbitatis
3282 2356 3614 2420 noverimus,
3656 2372 3689 2411 a

2116 2450 2389 2521 plerisque
2413 2449 2669 2504 omnibus
2694 2449 3000 2518 ignoratum
3020 2486 3035 2511 ,
3070 2447 3165 2516 qui
3200 2461 3327 2501 cum
3349 2460 3450 2502 nec
3477 2447 3533 2500 in
3563 2462 3689 2501 cor-

2115 2556 2345 2611 porum,
2384 2554 2483 2595 nec
2528 2541 2585 2595 in
2630 2540 2956 2609 spiritalium
3001 2539 3428 2593 substantiarum
3464 2547 3682 2603 natura.

2115 2634 2288 2727 multp
2319 2633 2502 2688 minus
2528 2633 2583 2686 in
2619 2631 2706 2700 iis,
2753 2647 2874 2703 quae
2900 2631 3246 2687 extrinsecus
3275 2628 3553 2693 accidunt,
3583 2642 3684 2698 po-

2117 2735 2255 2791 situs
2284 2734 2388 2800 sit;
2425 2733 2695 2804 reliquum
2737 2741 2841 2796 est,
2892 2738 2953 2785 ut
2998 2729 3052 2782 in
3079 2727 3250 2783 libero
3273 2735 3483 2783 tantum
3514 2727 3683 2783 animi

2117 2842 2280 2883 sensu
2312 2824 2475 2895 250
2518 2833 2776 2893 motuque
2798 2823 3101 2891 reperiatur
3129 2840 3143 2877 :
3172 2837 3275 2877 nec
3304 2832 3483 2876 tamen
3506 2861 3521 2887 ,
3552 2821 3682 2875 dunt

2116 2928 2368 2973 naturam
2399 2929 2653 2983 secutus,
2705 2927 2908 2971 rectam
2956 2914 3159 2969 insistit
3210 2914 3393 2979 viam,
3439 2914 3531 2968 sed
3570 2922 3685 2968 tum

2116 3012 2413 3073 duntaxat,
2461 3025 2587 3063 cum
2621 3025 2651 3063 a
2681 3009 2830 3078 regio
2873 3006 3164 3062 deﬂectens
3208 3005 3438 3071 itinere,
3492 3013 3685 3074 suopte

2118 3102 2403 3168 arbitratu,
2440 3101 2517 3155 uti
2540 3100 2681 3170 juris
2710 3099 2800 3153 ille
2837 3100 2921 3153 sui
2953 3113 3171 3166 suaeque
3193 3095 3472 3166 potestatis
3499 3106 3599 3163 est,
3627 3096 3683 3150 in

2112 3193 2342 3248 alienam
2374 3208 2405 3247 a
2431 3200 2624 3247 natura
2657 3190 2901 3245 semitam
2932 3190 3166 3244 deerrat.
3206 3187 3515 3253 Enimvero,
3556 3203 3683 3243 cum

2111 3283 2372 3337 eximium
2419 3283 2524 3337 hoc
2556 3297 2588 3336 a
2618 3282 2729 3336 Deo
2766 3289 2821 3336 et
2854 3278 3130 3350 singulare
3156 3294 3357 3335 munus
3393 3280 3680 3350 acceperit,

2111 3385 2171 3429 ut
2201 3373 2506 3427 libertatem
2545 3388 2610 3427 ac
2659 3386 2937 3427 summum
2983 3372 3039 3426 in
3086 3385 3145 3426 se
3190 3369 3364 3442 ipsam
3393 3372 3678 3441 imperium

2111 3466 2417 3529 obtineret;
2461 3473 2709 3519 motuum
2758 3463 2980 3535 quidem
3005 3478 3228 3519 suorum
3258 3463 3497 3519 rationes
3522 3462 3681 3517 habet

2110 3570 2211 3610 suo
2240 3570 2306 3609 ex
2330 3555 2555 3611 arbitrio
2597 3554 2916 3626 judicioque
2956 3556 3255 3625 pendentes
3304 3571 3320 3609 :
3369 3554 3462 3610 sed
3499 3562 3680 3609 tamen

2109 3645 2291 3701 divina
2321 3646 2407 3700 lex
2449 3660 2574 3701 cum
2604 3645 2820 3712 eodem,
2853 3646 3090 3701 naturali
3131 3643 3367 3717 quadam
3397 3645 3679 3711 societate,

2100 3751 2364 3822 lampadis
2401 3752 2576 3805 instar
2608 3747 2853 3819 facisque
2891 3748 3199 3819 conjuncta,
3238 3746 3496 3801 inclamat
3536 3747 3665 3801 sub.

2094 3847 2219 3905 inde
2257 3866 2320 3905 ac
2360 3858 2544 3905 monet
2578 3848 2827 3913 interius,
2868 3848 2945 3901 uti
2983 3848 3129 3918 regia
3166 3846 3381 3901 incedat
3419 3847 3526 3912 via,
3567 3862 3665 3902 nec

2093 3951 2161 4005 ad
2192 3921 2471 4004 sinistram
2514 3956 2608 4003 aut
2634 3949 2907 4003 dexteram
2936 3947 3204 4002 ullatenus
3236 3947 3489 4011 declinet,
3520 3947 3663 4000 viam

2094 4040 2237 4095 hanc
2270 4039 2497 4110 regiam,
2537 4048 2923 4108 congruentem
2964 4048 3018 4091 et
3048 4046 3465 4091 consentaneam
3505 4044 3666 4089 rectae

2094 4131 2293 4187 rationi
2322 4130 2463 4183 viam
2493 4143 2615 4183 esse
2641 4128 2861 4182 docens.
2898 4124 3105 4196 Quippe
3139 4125 3438 4180 naturalem
3462 4125 3666 4177 hancce

2094 4222 2291 4291 legem,
2320 4236 2425 4291 qua
2455 4220 2569 4275 suis
2600 4219 2654 4273 in
2684 4218 2988 4272 actionibus
3021 4227 3280 4280 uteretur,
3311 4216 3507 4269 animae
3539 4215 3660 4268 cui—

2096 4312 2229 4367 libet
2266 4319 2522 4379 tanquam
2567 4308 2983 4369 auxiliatricem,
3029 4306 3265 4360 universi
3313 4304 3533 4359 molitor
3566 4304 3669 4356 im-

2098 4403 2296 4471 pressit
2329 4417 2343 4453 :
2389 4409 2549 4470 atque
2582 4399 2677 4468 ita,
2711 4398 3166 4467 quemadmodum
3217 4395 3381 4467 hujus
3415 4395 3465 4448 vi
3507 4395 3664 4462 legis,

2037 4490 2302 4547 Drectam
2344 4491 2449 4560 ipsi
2496 4490 2636 4545 viam
2681 4490 3161 4554 eommonstravit,
3209 4490 3288 4544 sic
3333 4487 3493 4558 plena
3540 4486 3670 4548 illa,

2103 4596 2267 4653 quam
2306 4580 2482 4635 eidem
2520 4579 2826 4645 concessit,
2867 4581 3181 4648 integraque
3217 4579 3469 4632 libertate
3502 4575 3673 4645 ρρττιι-

2022 4683 2030 4696 ”
2101 4681 2196 4745 cit,
2220 4681 2300 4737 uti
2327 4691 2508 4734 rerum
2531 4673 2814 4729 meliorum
2845 4667 3089 4722 delectus
3116 4677 3227 4717 non
3262 4659 3425 4713 laude
3456 4662 3665 4745 tantum

2098 4784 2153 4831 et
2201 4768 2590 4844 approbatione
2612 4804 2628 4829 ,
2677 4761 2772 4818 sed
2823 4754 3183 4827 amplioribus
3219 4744 3417 4814 etiam,
3458 4744 3670 4844 abires

2101 4836 2359 4938 praeclare
2386 4859 2662 4922 cessisset,
2676 4853 2915 4925 praemiis
2939 4849 3134 4920 dignus
3161 4852 3331 4909 esset;
3362 4837 3509 4911 quod
3534 4836 3669 4893 citra

2104 4971 2212 5023 vim
2236 4966 2534 5033 nllam,pro
2558 4958 2821 5014 arbitratu
2850 4951 3188 5019 consilioque
3214 4959 3315 5001 suo
3343 4950 3487 4998 recte
3515 4951 3671 5008 agere

2106 5060 2409 5121 statuisset,
2438 5032 2563 5107 cum
2591 5061 2775 5104 tamen
2803 5042 3137 5099 contrarium
3159 5045 3345 5107 optare
3366 5032 3670 5121 potuisset:

2107 5118 2407 5216 contraque
2443 5139 2775 5196 deteriorum
2821 5129 3072 5188 electioni
3112 5124 3435 5194 vituperatio
3464 5118 3671 5189 suppli-

2108 5240 2363 5306 ciumque
2386 5231 2694 5291 deberetur,
2717 5223 2861 5295 quod
2885 5223 2937 5275 in
2967 5235 3087 5278 eam
3115 5227 3305 5284 squte
3333 5223 3467 5267 nutu
3494 5220 3672 5280 spreta

2107 5303 2319 5385 natura:
2364 5327 2481 5394 lege
2538 5320 2809 5381 ferretur,
2855 5328 2922 5368 ac
2985 5325 3107 5365 sese
3150 5318 3431 5377 perperam
3482 5303 3672 5361 abusa,

2110 5422 2258 5477 nulla
2296 5416 2635 5474 extrinsecus
2692 5405 3019 5464 necessitate
3062 5411 3285 5471 cogente
3310 5436 3325 5462 ,
3371 5396 3463 5451 sed
3507 5394 3674 5448 libero

492 5660 623 5737 {60)
659 5650 1271 5737 ᾏιςαδεδειτμένηέίιε
1322 5666 1538 5709 omnes.
1607 5649 1815 5709 Sensus
1852 5659 2014 5707 tamet

2110 5640 2386 5715 postulare
2432 5633 2668 5698 videtur,
2699 5623 3137 5702 ἀναδεδεγμένη,
3187 5622 3292 5678 hoc
3344 5629 3462 5685 est,
3494 5616 3678 5674 θεόθεν

442 5733 852 5807 παραλαϐοῦσα.

758 5829 1030 5889 Parnm.
1076 5827 1195 5887 Gn.
1238 5820 1406 5882 XXI.

3380 5777 3454 5839 ιι
