4162 6430
426 303 533 359 427

1021 301 1292 361 EUSEBII
1327 303 1801 361 CJESARIENSIS
1828 303 1977 361 OPP.
2021 305 2201 361 PARS
2239 305 2305 362 Il.
2346 336 2417 348 —
2458 301 2960 361 APOLOGETKCA.

3574 287 3679 346 ιεε

428 419 587 487 plane
621 431 785 473 sensu
821 425 984 487 atque
1006 418 1247 488 judicio,
1284 420 1646 489 improbitatis
1693 422 1809 490 ipsa
1845 430 2005 490 caput

2111 422 2189 485 τίς
2213 422 2277 476 ἂν
2303 422 2388 493 εἴη
2421 423 2611 476 τούτου
2634 419 2898 489 δυσσεϐὴς
2924 415 3083 477 ἄλλος
3117 410 3260 483 (67),
3291 408 3382 463 τὸν
3413 407 3518 460 τῶν
3545 404 3684 458 ὅλων

426 509 742 579 fontemque
772 510 1022 573 aperiret.
1064 510 1201 564 Tota
1224 527 1353 581 ergo
1379 512 1535 581 culpa
1565 511 1853 582 deligentis
1893 523 1997 577 est,

426 601 574 655 nulla
601 601 716 655 Dei.
757 599 941 671 Neque
969 602 1114 655 enim
1146 618 1369 672 pravam
1402 602 1566 669 Deus,
1599 613 1693 657 aut
1720 611 1998 667 naturam,

427 702 525 748 aut
555 693 726 747 animi
755 693 1115 749 substantiam
1144 696 1472 764 procreavit.
1528 695 1662 750 Nam
1685 696 1863 751 bonus
1887 697 2001 765 ipse

429 799 554 840 cum
577 784 686 849 sit,
721 784 886 839 ullius
925 800 1049 839 eum
1078 786 1155 840 rei
1183 826 1197 850 ,
1229 787 1335 841 nisi
1381 788 1523 842 bona
1554 803 1773 858 quoque
1814 786 1998 849 fuerit,

429 885 707 933 auctorem
737 892 858 933 esse
884 876 1036 932 nefas
1055 888 1157 932 est.
1176 877 1386 933 Bonum
1420 880 1475 934 id
1506 894 1669 934 omne
1705 892 1870 949 porro
1894 886 1999 946 est,

429 968 693 1039 quidquid
721 983 752 1022 a
791 977 984 1022 natura
1020 978 1105 1024 est
1155 988 1169 1024 :
1221 970 1442 1024 cuilibet
1484 977 1666 1024 autem
1704 968 1889 1022 animo
1913 983 2004 1022 ra-

433 1064 583 1116 tione
614 1059 841 1130 praedito
882 1060 1146 1116 libertatis
1180 1072 1235 1116 et
1263 1062 1473 1115 arbitrii
1513 1062 1717 1116 bonum
1751 1076 1782 1114 a
1810 1071 2001 1116 natura

433 1155 594 1219 inest,
624 1168 725 1208 nec
751 1152 918 1207 alium
944 1154 1010 1207 ad
1040 1154 1223 1220 finem,
1242 1170 1405 1223 quam
1435 1154 1502 1208 ad
1532 1154 1659 1208 boni
1685 1152 2003 1211 electionem

433 1245 690 1299 inditum.
730 1242 917 1313 Neque
949 1258 1076 1297 vero
1098 1283 1111 1306 ,
1142 1259 1306 1313 prava
1330 1259 1454 1298 cum
1486 1244 1731 1313 sequitur
1754 1282 1770 1309 ,
1796 1251 2005 1296 natura:

432 1336 821 1405 assignandum
856 1336 907 1390 id
934 1346 1044 1401 est;
1065 1352 1188 1391 cum
1218 1337 1321 1407 ipsi
1343 1351 1569 1406 pravum
1601 1350 1707 1389 non
1727 1349 1758 1388 a
1786 1342 2003 1400 natura,

435 1428 528 1482 sed
559 1439 754 1496 praeter
790 1435 1040 1481 naturam
1067 1427 1365 1498 contingat,
1397 1434 1587 1495 utpote
1619 1424 1764 1495 quod
1814 1423 2006 1477 volun-

439 1518 567 1574 tatis
597 1533 735 1588 opus
763 1519 854 1582 sit,
886 1532 995 1573 non
1028 1527 1253 1573 natum.
1318 1517 1420 1572 (.‘ui
1445 1516 1589 1571 enim
1624 1514 1846 1584 Optandi
1876 1513 2006 1568 boni

432 1609 520 1664 vis
545 1617 599 1661 et
625 1606 855 1664 facultas
890 1609 1040 1672 insit,
1071 1608 1118 1662 is
1147 1609 1192 1662 si
1221 1608 1443 1661 minime
1465 1605 1751 1676 optaverit,
1777 1604 1823 1659 si
1845 1619 2008 1673 repu-

436 1699 599 1753 diatis
641 1706 835 1768 sponte
879 1699 1216 1765 melioribus,
1262 1699 1532 1753 deteriora
1555 1705 1794 1752 sectatus
1818 1694 2002 1762 fuerit,

2107 514 2258 577 Θεὸν,
2294 514 2455 568 αὑτὸν
2478 514 2542 585 δὴ
2569 514 2660 566 τὸν
2684 510 2911 581 ποιητὴν
2937 508 3031 561 καὶ
3057 502 3383 576 δημιουργὸν
3412 498 3565 552 τοῦδε
3587 493 3680 548 τοῦ

2108 605 2307 667 παντὸς
2332 605 2590 673 εἰσάγων,
2622 604 2931 670 ἐπάναγκες
2960 597 3347 666 ἐκϐιαζόμενον
3375 591 3524 643 τόνδε
3558 587 3680 657 μὲν,

2108 697 2207 747 οὐκ
2235 695 2484 748 ἐθέλοντα
2507 695 2742 759 ἀσεϐεῖν,
2764 693 2920 745 τοῦτο
2946 691 3225 762 πράττειν,
3251 687 3344 740 καὶ
3364 682 3521 738 ἀΟεον
3546 678 3683 735 εἶναι

2109 787 2228 837 κατ’
2273 786 2517 855 ἀνάγκην
2541 826 2556 849 ,
2591 786 2685 838 καὶ
2719 785 2798 845 εἰς
2820 781 3008 835 ἑαυτὸν
3039 779 3385 849 βλάσφημον·
3424 772 3576 825 τόνδε
3602 769 3681 834 δὲ,

2108 872 2165 924 ὃν
2196 874 2359 936 αὐτὸς
2404 873 2501 944 τὴν
2555 873 2715 942 φύσιν
2770 872 2974 942 ἄρρενα
3026 869 3426 937 συνεστήσατο,
3454 863 3685 932 πάσχειν

2110 964 2262 1032 παρά
2286 964 2445 1033 φύσιν
2466 965 2534 1017 τὰ
2583 962 2835 1034 θηλειῶν,
2876 962 2936 1015 οὐ
2970 961 3112 1015 κατὰ
3144 958 3483 1029 προαίρεσιν,
3554 971 3686 1007 κατ-

2108 1057 2520 1127 ηναγκασμένον
2550 1056 2606 1109 δὲ
2638 1056 2774 1125 πρὸς
2808 1052 2999 1107 αὐτοῦ·
3028 1054 3123 1105 καὶ
3166 1050 3323 1105 ἄλλον
3367 1047 3687 1117 ἀνδροφόνον

2109 1144 2373 1213 γίνεσθαι,
2402 1145 2475 1216 μὴ
2508 1144 2657 1216 παρά
2679 1146 2778 1214 τὴν
2800 1144 3005 1195 οἰκείαν
3034 1140 3286 1210 γνώμην,
3320 1138 3409 1190 ὑπ’
3440 1135 3686 1203 ἀνάγκης

2110 1236 2167 1289 δὲ
2201 1238 2555 1308 ἐλαυνόμενον
2578 1236 2671 1289 τοῦ
2698 1235 2864 1300 Θεοῦ;
2900 1236 2975 1298 ὡς
3009 1234 3129 1305 μηδ’
3170 1232 3403 1300 εὐλόγως
3448 1227 3685 1299 ἐπιμέμ-

2113 1329 2304 1399 φεσθαι
2325 1333 2440 1393 τοῖς
2466 1328 2876 1399 πλημμελοῦσιν
2897 1345 2908 1357 ·
2939 1327 3051 1380 ἀλλ’
3080 1327 3197 1397 ἦτοι
3242 1324 3377 1395 μηδὲ
3429 1323 3684 1394 ἁμαρτή-

2115 1439 2261 1492 ματα
2294 1422 2449 1474 ταῦτ’
2474 1418 2614 1474 εἶναι
2661 1420 2945 1492 ἡγεῖσθαι,
2992 1421 3024 1490 ἢ
3067 1419 3175 1471 τῶν
3201 1417 3386 1470 κακῶν
3431 1418 3686 1469 ἁπάντων

2113 1511 2346 1583 ποιητὴν
2367 1507 2505 1565 εἶναι
2527 1512 2616 1564 τὸν
2647 1511 2779 1563 Θεὸν
2802 1508 3214 1579 ἀποφαίνεσθαι.
3248 1509 3371 1561 Εἴτε
3397 1509 3505 1577 γὰρ
3527 1507 3689 1569 αὐτὸς

2112 1606 2224 1666 τοῖς
2248 1605 2411 1655 πᾶσιν
2444 1600 2748 1672 ὲπιπαρὼν,
2777 1601 2870 1655 καὶ
2907 1601 2974 1652 τὰ
3015 1601 3192 1652 πάντα
3222 1600 3363 1673 ὁρῶν
3385 1640 3400 1665 ,
3432 1601 3523 1653 καὶ
3549 1601 3687 1653 πάν-

2112 1713 2220 1747 των
2258 1693 2492 1759 ἀκούων,
2523 1694 2695 1746 ταῦτα
2720 1694 2979 1764 πράττειν
2999 1693 3316 1761 ἀναγκάζοι,
3341 1692 3450 1745 εἴτε
3479 1692 3576 1762 τὴν
3593 1691 3688 1745 τοῦ

435 1808 598 1863 quem
646 1792 761 1862 ipse
789 1792 1007 1847 tandem
1049 1792 1321 1861 reliquum
1361 1791 1557 1845 habeat
1604 1789 1892 1859 effugiendi
1924 1789 2004 1844 lo-

2111 1787 2304 1849 παντὸς
2333 1784 2504 1856 φορὰν
2524 1828 2538 1852 ,
2570 1786 2664 1838 καὶ
2701 1785 2802 1855 τὴν
2824 1784 3032 1837 τοιάνδε
3074 1784 3182 1836 τῶν
3231 1784 3444 1855 ἄστρων
3476 1785 3689 1854 κίνησιν

437 1898 585 1946 cum,
619 1882 713 1953 qui
745 1892 797 1936 et
822 1882 1135 1938 intestinum
1181 1882 1287 1937 sibi
1310 1881 1563 1936 morbum
1592 1881 1814 1947 crearit,
1846 1888 1901 1934 et
1933 1880 2008 1934 in-

437 1980 617 2025 natam
642 1970 744 2026 sibi
779 1970 974 2042 legem,
1009 1971 1231 2040 perinde
1260 1986 1325 2025 ac
1354 1979 1688 2025 servatorem
1715 1970 2004 2040 quemdam

435 2063 820 2133 medicumque
854 2062 1193 2134 neglexerit?
1241 2062 1505 2133 Quisquis
1534 2078 1664 2133 ergo
1684 2104 1700 2129 ,
1735 2063 1883 2117 nulla
1910 2063 2008 2117 ho-

436 2171 560 2209 rum
588 2155 834 2209 omnium
868 2155 1050 2209 habita
1098 2154 1341 2221 ratione,
1386 2171 1451 2210 ex
1483 2156 1805 2210 necessitate
1826 2154 2008 2225 potius

438 2260 503 2297 ac
547 2244 788 2299 siderum
831 2244 1189 2299 conversione
1232 2253 1430 2299 cuncta
1463 2244 1768 2314 suspendit,
1806 2244 2010 2314 quique

437 2349 662 2400 eorum,
706 2350 828 2405 quae
856 2335 924 2390 ab
950 2335 1265 2390 hominibus
1295 2344 1620 2405 peccantur,
1665 2336 2012 2406 pravitatem,

440 2424 601 2495 251
640 2441 747 2481 non
775 2426 888 2496 jam
919 2426 1113 2493 nobis,
1147 2427 1241 2483 sed
1272 2428 1325 2481 vi
1364 2428 1580 2482 cuidam
1629 2442 1695 2482 ac
1739 2428 2013 2498 potestati,

2109 1877 2270 1939 αὐτὸς
2319 1876 2524 1929 τούτων
2553 1876 2841 1947 ποιητικὴν
2884 1878 2977 1930 καὶ
3007 1876 3411 1947 ἀναγκαστικὴν
3453 1877 3691 1947 ὑπεστή-

2112 1984 2241 2021 σατο
2260 1984 2273 1996 ·
2304 1970 2332 2021 6
2361 1967 2422 2021 τὸ
2452 1967 2653 2021 τοιόνδε
2686 1969 2958 2038 συστήσας
3002 1968 3233 2039 ὃργανον
3253 2010 3268 2033 ,
3310 1968 3403 2021 καὶ
3440 1967 3538 2037 τὴν
3580 1967 3690 2020 τῶν

2111 2060 2447 2133 θηρωμένων
2476 2060 2681 2128 παγίδα
2728 2056 3328 2132 μηχανησάμενος,ἐῖη
3373 2059 3437 2112 ἂν
3473 2058 3635 2121 αὐτὸς
3661 2059 3693 2113 6

2111 2157 2206 2207 καὶ
2235 2153 2342 2206 τῶν
2366 2153 2735 2221 ἁλισκομένων
2756 2152 2945 2215 αἴτιος.
2974 2152 3084 2205 Εἶτ’
3106 2147 3199 2204 οὖν
3233 2152 3395 2214 αὐτὸς
3421 2150 3543 2203 καθ’
3570 2151 3694 2204 ἑαυ-

2110 2246 2220 2311 τὸν,
2252 2244 2349 2297 εἴτ’
2375 2240 2469 2297 οὖν
2492 2244 2652 2297 πάλιν
2678 2244 2840 2308 αὐτὸς
2866 2244 2955 2298 διά
2978 2261 3121 2308 τινος
3149 2242 3314 2313 ἄλλης
3346 2242 3483 2313 πρὸς
3525 2242 3691 2296 αὐτοῦ

2112 2336 2573 2407 μεμηχανημένης
2602 2335 2867 2407 ἀνάγκης,
2890 2336 3017 2399 τοὺς
3060 2336 3160 2388 οὐκ
3200 2334 3479 2396 ἐθέλοντας
3516 2334 3691 2387 τοῖσδε

2110 2432 2220 2492 τοῖς
2243 2430 2432 2489 κακοῖς
2452 2426 2794 2498 ,περιὸἀλλοῃ
2830 2426 2994 2489 αὐτὸς
3025 2426 3089 2479 ἂν
3115 2426 3223 2495 εἴη,
3260 2426 3355 2479 καὶ
3383 2426 3482 2477 οὐκ
3510 2425 3689 2489 ἄλλος,

438 2533 546 2589 qua
572 2529 863 2574 moventur
887 2520 1070 2575 omnia
1087 2560 1103 2586 ,
1137 2520 1480 2575 tribuendam
1527 2535 1649 2576 esse
1676 2520 1864 2587 docet;
1892 2520 2005 2590 quis

2111 2523 2140 2575 6
2179 2520 2394 2575 πάντων
2446 2518 2633 2573 κακῶν
2687 2519 2997 2591 ποιητικός·
3027 2520 3120 2573 καὶ
3157 2520 3259 2571 οὐκ
3289 2519 3365 2572 ἔτ’
3391 2518 3457 2572 ἂν
3482 2520 3541 2572 ὲν
3564 2518 3692 2592 δίκῃ

439 2626 550 2664 non
574 2610 894 2682 flagitiosum
922 2612 992 2666 ab
1018 2626 1083 2667 eo
1112 2612 1445 2681 impiamque
1484 2612 1806 2666 sententiam
1834 2611 2005 2665 invehi

2121 2610 2456 2683 ἡμαρτηκὼς
2506 2611 2702 2679 λέγοιτ’
2743 2611 2809 2664 ἂν
2846 2613 2874 2664 6
2923 2610 3237 2682 ἄνθρωπος,
3269 2609 3383 2664 ἀλλ’
3429 2611 3458 2663 ὁ
3503 2608 3693 2662 τούτου

441 2702 917 2758 arbitretur?Nam
940 2703 1054 2759 sive
1079 2719 1212 2758 casu
1241 2718 1305 2757 ac
1332 2713 1535 2758 temere
1566 2703 1672 2757 hoc
1701 2702 2005 2756 universum

2123 2704 2352 2774 ποιητὴς
2396 2702 2553 2766 Θεὸς.
2583 2703 2692 2755 Καὶ
2717 2703 2801 2766 τίς
2832 2701 2898 2757 ἂν
2924 2700 3112 2755 τούτου
3156 2702 3349 2770 γένοιτ’
3403 2701 3469 2755 ἂν
3510 2701 3695 2774 ἕτερος

445 2794 649 2847 moveri
686 2803 904 2861 statuet,
936 2805 1294 2863 praeterquam
1326 2793 1474 2864 quod
1505 2795 1556 2848 in
1589 2794 2005 2864 exquisitissime

2124 2793 2300 2861 λόγων
2342 2793 2706 2856 ἀσεϐέστατος
2731 2810 2746 2858 ;

441 2887 535 2942 illo
563 2897 828 2942 concentu
852 2929 867 2952 ,
919 2903 985 2944 ac
1010 2903 1193 2943 rerum
1238 2889 1615 2944 universarum
1656 2888 1875 2951 ordine,
1914 2887 2007 2957 qui
2046 2897 2252 2942 motum
2282 2888 2395 2958 ipse
2424 2903 2584 2942 suum
2614 2903 2681 2942 ex
2712 2888 2861 2942 omni
2918 2904 3034 2944 aevo
3070 2903 3283 2946 summa
3341 2902 3466 2943 cum
3499 2902 3686 2958 atqua—

441 2978 648 3033 bilitate
690 2979 991 3043 convertit,
1028 2978 1254 3033 omnino
1299 2979 1573 3045 caecutiet;
1608 2978 1844 3033 divinam
1896 2978 2000 3033 hoc
2038 2978 2155 3048 ipso
2222 2987 2473 3032 naturam
2516 2979 2675 3048 plane
2740 2980 3038 3036 sustulerit.
3092 2978 3218 3036 Sive
3263 2980 3447 3035 divina
3484 2979 3681 3035 Provi-

440 3069 622 3124 dentia
669 3069 810 3124 flecti
858 3071 1078 3140 regique
1120 3069 1344 3136 orbem,
1378 3085 1609 3139 eamque
1650 3085 1759 3123 non
1802 3070 2012 3124 cunctis
2051 3069 2212 3124 modo
2238 3083 2472 3138 praaesse
2496 3070 2679 3126 rebus.
2699 3070 2791 3124 sed
2844 3071 2992 3141 ipsas
3033 3086 3251 3141 quoque
3288 3071 3694 3141 sapientissimo

442 3163 672 3218 consilio
727 3164 994 3218 moderari
1023 3163 1291 3217 fatebitur
1326 3181 1341 3217 :
1381 3180 1449 3218 ne
1477 3164 1557 3219 sic
1595 3164 1813 3233 quidem
1843 3164 2135 3233 impietatis
2183 3164 2391 3219 crimen
2453 3164 2720 3235 effugerit,
2762 3181 2887 3221 cum
2934 3176 2988 3220 et
3023 3166 3093 3221 ab
3126 3167 3192 3221 iis
3222 3164 3542 3232 sceleribus,
3570 3182 3695 3237 quae

441 3252 583 3307 inter
608 3254 855 3308 homines
880 3255 1040 3323 vulgo
1066 3255 1484 3309 committuntur
1506 3295 1522 3321 ,
1555 3264 1805 3311 auctores
1839 3258 2008 3325 ipsos,
2047 3254 2206 3324 quasi
2233 3256 2369 3311 nihil
2414 3255 2483 3310 ab
2522 3257 2589 3311 iis
2629 3266 2817 3327 suapte
2867 3258 3143 3313 voluntate
3174 3270 3456 3329 peccetur,
3490 3260 3696 3315 immu-

443 3359 542 3399 nes
571 3360 636 3400 ac
677 3344 876 3401 liberos
916 3361 1039 3401 esse
1086 3346 1244 3413 velit;
1296 3355 1354 3402 et
1391 3347 1656 3402 malorum
1688 3362 1909 3403 causam
1952 3347 2005 3401 in
2043 3363 2389 3403 communem
2434 3348 2584 3403 illam
2627 3350 3095 3418 universalemque
3120 3348 3518 3403 Providentiam
3563 3365 3696 3405 con-

442 3435 602 3502 ferat,
633 3436 970 3492 necessitatis
994 3452 1114 3491 eam
1146 3436 1350 3509 fatique
1397 3438 1652 3502 nomine,
1693 3438 2044 3494 obscenitatis
2084 3441 2262 3495 omnis
2301 3452 2465 3511 atque
2492 3441 2718 3511 ﬂagitii,
2759 3442 2901 3511 quod
2936 3440 3004 3494 ab
3042 3440 3355 3494 hominibus
3413 3442 3686 3510 suscipia-

443 3536 556 3594 tur,
595 3527 929 3585 crudelitatis
988 3530 1130 3585 idem
1171 3543 1237 3584 ac
1280 3531 1558 3600 parricidii
1609 3529 1811 3585 fontem
1879 3547 2002 3588 esse
2057 3532 2372 3589 defendens.
2430 3534 2600 3604 Cujus
2642 3549 2770 3588 vero
2814 3533 2990 3601 major
3034 3532 3281 3600 impietas
3332 3547 3453 3587 esse
3499 3535 3694 3603 possit,

445 3634 611 3688 quam
647 3619 789 3688 ejus,
823 3620 918 3690 qui
941 3635 1123 3675 rerum
1154 3620 1397 3675 omnium
1421 3630 1803 3691 praepotentem
1827 3620 2018 3690 Deum,
2043 3623 2241 3691 ipsum,
2271 3623 2515 3692 inquam,
2542 3624 2780 3679 universi
2822 3623 3159 3677 conditorem
3216 3631 3271 3676 et
3329 3624 3690 3679 architectum

444 3710 688 3775 inducat,
719 3712 874 3766 alteri
929 3712 1148 3781 quidem
1188 3712 1517 3782 impietatem
1565 3715 1860 3779 aversanti,
1892 3723 1952 3767 ut
2013 3715 2249 3783 impius,
2294 3724 2458 3784 atque
2494 3715 2548 3769 in
2612 3730 2671 3770 se
2704 3716 2914 3783 ipsum,
2964 3714 3111 3769 omni
3145 3714 3406 3785 religione
3450 3716 3688 3782 sublata,

444 3806 874 3861 contumeliosus
917 3805 1017 3870 sit,
1063 3806 1443 3859 necessitatem
1489 3803 1832 3871 atl‘erentern;
1883 3804 2149 3868 alterum,
2189 3819 2350 3874 quem
2415 3805 2530 3873 ipse
2572 3816 2765 3859 natura
2814 3819 3016 3861 marem
3070 3805 3392 3875 procrearit,
3454 3806 3523 3863 ad
3568 3822 3696 3862 mu-

443 3897 635 3951 liebria
665 3906 858 3965 praeter
884 3904 1170 3960 naturam,
1216 3910 1322 3948 non
1355 3895 1694 3959 voluntarie,
1745 3894 1840 3949 sed
1894 3895 2042 3949 illata
2083 3895 2158 3960 vi,
2199 3895 2479 3950 subeunda
2521 3904 2801 3965 cogentem
2846 3912 2860 3949 :
2917 3896 3145 3952 alterum
3182 3898 3453 3968 denique,
3497 3899 3565 3954 ad
3598 3900 3698 3954 ho-

444 3993 655 4045 minum
680 3990 875 4055 caedes,
908 3988 1137 4043 invitum
1162 3988 1305 4052 licet,
1335 3988 1595 4044 divinitus
1617 3989 2018 4058 impellentem?
2056 3988 2133 4043 Ex
2175 4005 2241 4044 eo
2276 3990 2477 4059 quippe
2507 4005 2851 4061 consequens
2887 3993 3113 4048 omnino
3174 3991 3369 4060 fuerit,
3417 4010 3578 4050 nemo
3637 4003 3699 4050 ut

446 4080 589 4145 illos,
618 4080 712 4151 qui
734 4078 1003 4148 ejusmodi
1024 4093 1147 4133 sese
1170 4079 1450 4135 maleficiis
1511 4078 1928 4143 obstrinxerim,
1996 4094 2258 4134 accusare
2294 4081 2487 4134 merito
2535 4080 2741 4150 possit;
2790 4082 2885 4138 sed
2929 4083 3141 4152 potius,
3192 4094 3252 4138 ut
3281 4086 3366 4140 vel
3426 4086 3528 4141 ista
3586 4102 3697 4142 non

440 4176 554 4245 jam
587 4183 928 4245 peccatorum
974 4172 1027 4226 in
1071 4172 1194 4228 loco
1221 4173 1556 4239 habeantur,
1599 4173 1683 4227 vel
1719 4171 1860 4228 Deus
1890 4173 2006 4243 ipse
2041 4176 2309 4228 malorum
2333 4164 2581 4230 omnium
2615 4188 2808 4231 auctor
2829 4187 3137 4233 censeatur.
3178 4177 3315 4234 Nam
3378 4180 3493 4235 sive
3549 4195 3693 4251 pra:-

441 4284 571 4324 sens
604 4268 716 4339 ipse
749 4268 909 4322 rebus
936 4267 1149 4323 intersit
1171 4269 1449 4335 omnibus,
1475 4268 1658 4323 omnia
1682 4268 1885 4332 videat,
1949 4269 2137 4323 audiat
2188 4270 2394 4335 omnia,
2464 4271 2735 4342 simulque
2784 4273 2854 4329 ad
2898 4289 2962 4328 ea
3005 4275 3209 4330 scelera
3260 4275 3519 4331 mortales
3585 4275 3703 4330 adi-

441 4369 576 4431 gat:
609 4362 723 4415 sive
748 4360 1157 4416 conversionem
1189 4359 1450 4422 universi,
1481 4367 1869 4428 astrorumque
1905 4368 2111 4414 motum
2174 4361 2402 4429 ipsemet
2466 4362 2740 4430 ejusmodi
2783 4363 3156 4430 constituerit,
3210 4366 3300 4419 cui
3343 4375 3424 4420 tot
3488 4368 3699 4421 malefi-

438 4458 653 4511 ciorum
700 4452 998 4507 necessitas
1034 4452 1296 4507 debeatur
1343 4469 1358 4506 :
1410 4451 1506 4521 qui
1552 4452 1658 4506 tale
1699 4450 2014 4506 conflaverit
2053 4452 2501 4519 instrumentum,
2566 4465 2621 4512 et
2675 4458 2956 4528 capiendis
3021 4461 3420 4532 induendisque
3462 4464 3699 4521 homini-

438 4553 547 4609 bus
579 4552 832 4619 laqueum
862 4548 1207 4603 machinatus
1235 4548 1327 4611 sit,
1361 4547 1410 4602 is
1439 4546 1683 4617 profecto
1712 4562 1812 4601 cur
1872 4547 2035 4604 iidem
2074 4549 2417 4616 irretiantur,
2444 4565 2613 4606 causa
2641 4554 2762 4627 _sit,
2798 4569 3022 4609 necesse
3053 4563 3154 4610 est.
3217 4556 3401 4625 Itaque
3463 4574 3558 4614 seu
3590 4575 3688 4630 per

442 4659 564 4701 sese
587 4642 751 4707 Deus,
785 4655 881 4695 seu
907 4640 1013 4694 alia
1040 4639 1253 4709 quavis,
1276 4654 1438 4709 quam
1498 4641 1716 4695 molitus
1748 4641 1865 4708 ipse
1893 4638 2079 4704 fuerit,
2118 4643 2463 4710 necessitate,
2516 4646 2604 4700 his
2679 4646 2839 4699 malis
2880 4646 3077 4701 invitos
3132 4649 3497 4717 constringat;
3558 4668 3699 4709 unus

443 4738 561 4806 ipse
587 4736 767 4805 plane,
801 4734 943 4787 alius
1000 4746 1182 4797 nemo,
1241 4742 1562 4787 cunctorum
1609 4733 1879 4787 malorum
1929 4735 2263 4807 architectus
2317 4738 2585 4793 habeatur
2624 4757 2638 4793 :
2698 4754 2800 4794 nec
2838 4739 2951 4809 jam
3002 4740 3296 4797 sceleratus
3345 4742 3510 4798 homo
3552 4744 3697 4815 jure.

441 4833 537 4887 sed
565 4832 685 4901 eius
709 4836 1021 4900 Ρτοθτθθίοτ
1038 4826 1250 4882 dicam"
1269 4826 1433 4882 Deus-
1458 4826 1618 4897 252
1650 4825 1770 4892 QUO
1794 4828 2010 4897 qnidem
2051 4831 2318 4887 orationis
2344 4848 2540 4903 genere
2569 4835 2845 4904 quodnam
2885 4835 3032 4891 aliud
3062 4836 3288 4906 impium
3354 4840 3530 4910 magis
3576 4856 3699 4898 esse

442 4928 645 4996 queat?

512 5022 727 5077 Maneat
756 5022 919 5091 igitur
938 5061 954 5088 ,
983 5019 1076 5090 qui
1106 5017 1275 5074 fatum
1300 5019 1566 5074 invexerit
1591 5058 1607 5082 ,
1643 5019 1712 5074 ab
1744 5034 1809 5075 eo
1842 5018 2005 5073 Deum

2202 5023 2258 5076 Ὀ
2313 5021 2376 5091 δὴ
2423 5016 2515 5074 οὖν
2568 5019 2909 5091 εἱμαρμένην
2964 5019 3199 5089 εἰσάγων
3257 5019 3516 5092 ἄντικρυς
3567 5021 3701 5076 Θεὸν

442 5116 705 5170 continuo
759 5113 962 5183 Deique
1006 5112 1401 5183 providentiam
1464 5112 1709 5171 funditus
1758 5115 2005 5169 extermi-

2116 5116 2209 5168 καὶ
2250 5113 2384 5168 Θεοῦ
2426 5114 2680 5186 πρόνοιαν
2732 5111 2946 5178 ἐξωθεῖ·
2990 5112 3179 5183 ὥσπερ
3222 5115 3251 5167 6
3289 5114 3379 5167 τὸν
3422 5113 3555 5167 Θεὸν
3607 5117 3703 5186 ἑφ-

443 5206 562 5261 nari
592 5226 605 5261 :
644 5206 890 5276 perinde,
925 5214 983 5260 ut
1020 5206 1111 5275 qui
1140 5203 1311 5258 Deum
1348 5206 1512 5260 rebus
1542 5206 1768 5275 praeficit
1795 5206 2005 5260 univer-

2117 5204 2269 5268 ιστάς
2329 5208 2441 5268 τοῖς
2484 5205 2647 5258 πᾶσιν
2696 5203 2871 5256 ἀνέλοι
2925 5202 2991 5257 ἂν
3033 5204 3124 5257 τὸν
3177 5204 3306 5278 περὶ
3361 5208 3703 5280 εἱμαρμένης

443 5300 545 5361 sis,
573 5314 792 5354 omnem
816 5300 862 5353 is
893 5315 999 5353 una
1027 5301 1167 5355 tollit
1199 5300 1293 5355 fati
1348 5301 1636 5354 rationem.
1697 5299 2005 5365 Enimvero,

2113 5295 2288 5364 λόγον.
2345 5294 2416 5346 Ἦ
2472 5293 2580 5363 γὰρ
2620 5291 2820 5346 ταύτὸν
2879 5291 2944 5345 ἂν
3005 5291 3087 5363 εἴη
3124 5293 3153 5344 6
3198 5292 3330 5356 Θεὸς
3367 5293 3462 5347 καί⁵
3510 5296 3703 5364 εἱμαρ-

444 5398 541 5444 aut
568 5387 711 5444 Deus
731 5397 786 5444 et
805 5388 973 5445 fatum
1002 5390 1142 5444 idem
1174 5399 1354 5455 erunt,
1386 5399 1481 5444 aut
1503 5391 1732 5445 alterum
1755 5391 1820 5445 ab
1848 5390 2018 5444 altero

443 5479 824 5549 tlistinguctur.
852 5477 969 5533 Jam
1004 5490 1060 5533 ut
1084 5481 1224 5536 idem
1253 5482 1384 5547 sint,
1413 5482 1528 5537 fieri
1562 5482 1711 5537 nullo
1738 5482 1899 5537 modo
1923 5496 2018 5551 po-

514 5631 624 5699 (67)
672 5631 983 5705 Δνσσεὸξὴς
1027 5631 1245 5705 ἄλλος,
1286 5644 1390 5690 etc.
1441 5634 1677 5705 Omnino
1723 5636 2011 5705 legendum

441 5704 691 5771 videtur,
717 5701 1132 5774 δυσσεϐέστερος
1182 5701 1356 5770 ἄλλος,
1385 5704 1477 5759 τοῦ
1512 5705 1619 5759 τῶν
1667 5701 1806 5765 ὅλων
1854 5705 2012 5773 Sedit,

2121 5388 2277 5459 μένη,
2309 5386 2341 5458 ἧ
2369 5386 2596 5457 Θάτερον
2626 5383 2853 5446 διεστὼς
2882 5384 3069 5455 ἐτέρου
3115 5384 3323 5438 Ταύτὸν
3350 5385 3448 5457 μὲν
3476 5383 3572 5439 οὖν
3600 5387 3702 5440 οὐκ

2124 5480 2190 5535 ἂν
2210 5480 2438 5548 γένοιτο.
2468 5480 2531 5532 Ei
2548 5478 2657 5549 γὰρ
2681 5479 2779 5551 τὴν
2796 5478 3135 5549 εἱμαρμένην
3160 5476 3350 5549 εἱρμόν
3367 5495 3489 5533 τινα
3512 5478 3705 5535 αἰτιῶν

2121 5642 2227 5687 elc.
2261 5632 2318 5684 In
2371 5629 2477 5685 line
2528 5638 2710 5699 autem
2763 5629 3016 5692 membri,
3063 5628 3397 5699 εἰσάγοντος,
3428 5640 3596 5698 quam
3621 5627 3701 5683 le-

2124 5708 2358 5760 ctionem
2385 5702 2445 5760 iu
2480 5697 2742 5758 vertendo
2773 5710 2995 5755 secutus
3025 5713 3171 5756 sum.
