4162 6412
492 326 596 381 Ιὲθ

1659 316 1978 376 PBASPAR.
2024 317 2274 379 EVANG.
2317 321 2443 378 LIB.
2490 323 2571 381 Vl.

3635 332 3742 387 £30

490 440 627 498 εἶναι
655 457 837 510 φασιν,
868 438 963 493 ἀπ’
988 437 1182 502 αἰῶνος
1216 440 1582 511 ἀπαραϐάτως
1612 443 1705 494 καὶ
1726 444 2041 514 ἀμετακινή-

2163 451 2286 499 test.
2345 443 2479 499 Nam
2508 445 2554 501 si
2590 444 2758 500 fatum
2804 445 2998 502 seriem
3028 443 3319 516 quamdam
3366 461 3490 504 esse
3521 448 3738 512 volunt.

487 551 594 597 τως
615 535 679 585 ἐκ
700 532 803 601 τῆς
837 531 944 584 τῶν
983 532 1248 603 οὐρανίων
1290 532 1502 603 ἄστρων
1529 534 1701 603 φορᾶς
1734 534 2063 605 καθήκοντα,

489 625 605 687 πῶς
630 625 692 675 οὐ
724 624 961 693 πρότερα
983 621 1048 675 ἂν
1075 622 1160 693 εἴη
1183 624 1281 693 τῆς
1315 624 1653 694 εἱμαρμένης
1673 625 1740 678 τὰ
1778 626 2065 695 σωματικὰ

492 715 728 784 στοιχεῖα
753 754 768 778 ,
800 711 859 777 ἐξ
897 707 972 765 ὧν
996 712 1090 765 καὶ
1117 713 1185 764 τὰ
1215 713 1440 783 οὐράνια
1471 712 1819 782 συνέστηκεν,
1861 706 1935 766 ὧν
1964 714 2062 783 τὴν

492 803 829 874 εἱμαρμένην
866 802 1210 873 συμϐεϐηκός
1249 820 1301 855 τι
1340 802 1649 872 σύμπτωμα
1688 804 1834 871 λέγοι
1873 805 1937 858 ἄν
1978 821 2063 867 τις

488 896 710 958 είκότως
731 913 746 961 ;
769 897 879 949 Καὶ
903 894 1018 957 πῶς
1043 894 1107 948 ἂν
1128 896 1323 949 ταύτὸν
1354 896 1437 966 εἴη
1470 896 1531 949 τὸ
1572 896 1916 967 συμϐεϐηκὸς
1948 902 2062 963 τοῖς

495 990 774 1061 στοιχείοις
816 988 894 1059 τῷ
933 989 1025 1041 ἐπὶ
1069 988 1284 1041 πάντων
1320 987 1472 1057 Θεῷ;
1511 989 1560 1040 εἰ
1595 988 1660 1058 δὴ
1706 989 1776 1041 τὰ
1821 992 2059 1060 στοιχεῖα

489 1081 668 1152 ἄψυχα
695 1082 787 1133 καὶ
808 1079 976 1147 ἄλογα
1005 1078 1144 1131 κατά
1172 1078 1270 1148 τὴν
1292 1078 1499 1131 οἰκείαν
1533 1078 1911 1149 ὲπιθεωρεῖται
1953 1079 2056 1149 φύ-

490 1189 592 1236 σιν,
620 1174 648 1225 ὁ
676 1172 732 1224 δὲ
753 1172 885 1234 Θεὸς
911 1170 1014 1237 ἔξω
1048 1170 1313 1240 σωμάτων
1340 1169 1586 1239 αύτοξωὴ
1618 1170 1711 1223 καὶ
1739 1172 1900 1239 σοφία
1926 1188 2058 1239 τυγ-

484 1266 635 1335 χάνει
658 1262 762 1328 ὢν,
787 1263 887 1332 τῆς
909 1261 969 1326 ἐξ
997 1261 1163 1315 αὑτοῦ
1188 1262 1552 1332 δημιουργίας
1576 1266 1687 1325 τοῖς
1708 1280 1767 1315 τε
1792 1263 1932 1316 κατὰ
1962 1264 2057 1334 μέ-

488 1374 577 1428 ρος
603 1354 883 1424 στοιχείοις
907 1356 1000 1408 καλ⁸
1026 1358 1091 1425 τῇ
1113 1354 1218 1407 τῶν
1240 1354 1374 1407 ὅλων
1402 1355 1760 1425 διακοσμήσει
1795 1355 1892 1426 τὴν
1918 1356 2055 1409 ἀπό-

482 1448 668 1501 λαυσιν
695 1446 1051 1519 δωρούμενος.
1099 1448 1173 1499 Οὐ
1198 1448 1393 1500 ταύτὸν
1439 1447 1547 1518 ἄρα
1571 1448 1701 1512 Θεὸς
1733 1450 1824 1502 καὶ
1858 1451 2054 1522 εἱμαρ-

486 1539 642 1611 μένη.
666 1540 729 1592 Εί
755 1539 810 1591 δὲ
833 1539 896 1610 δὴ
920 1541 1126 1611 ἕτερον,
1151 1539 1376 1611 πότερον
1414 1543 1687 1611 κρεῖττον;
1734 1540 1871 1593 Ἀλλ’
1899 1542 2053 1594 οὐδὲν

479 1629 574 1691 τοῦ
603 1630 736 1683 Θεοῦ
779 1630 1030 1696 κάλλιον,
1067 1630 1186 1683 ούδέ
1227 1648 1277 1683 τι
1320 1630 1778 1703 δυναμικώτερον.
1843 1632 2052 1685 Οὐκοῦν

480 1722 745 1791 κρατήσει
784 1721 878 1773 καὶ
919 1720 1199 1790 περιέσται
1236 1719 1329 1773 τοῦ
1379 1722 1640 1792 χείρονος,
1672 1722 1705 1793 ἢ
1752 1724 2048 1794 συγχωρῶν

2170 550 2478 605 nexumque
2503 552 2815 602 causarum,
2843 546 2991 591 certo
3016 544 3175 607 atque
3198 547 3514 595 constanter
3537 552 3603 593 ex
3630 555 3740 596 caa-

2166 628 2382 683 lestium
2414 638 2683 683 astrorum
2716 629 3068 684 conversione
3096 628 3439 699 pendentem,
3472 631 3601 701 quis
3629 648 3738 686 non

2164 719 2347 787 priora
2379 718 2489 773 fato
2523 721 2640 789 ipso
2661 729 2926 775 elementa
2951 736 3074 775 esse
3112 721 3409 791 intelligat,
3442 737 3509 777 ex
3541 723 3739 792 quibus

2162 811 2405 866 coelestia
2433 826 2664 881 corpora
2698 812 2929 867 conﬂata
2958 814 3098 879 sint,
3126 828 3361 881 quorum
3387 828 3518 868 sane
3553 811 3741 867 fortui-

2161 909 2273 955 tum
2320 903 2607 971 quemdam
2651 918 2840 958 casum
2889 918 3012 959 esse
3060 903 3265 971 fatum,
3314 904 3493 974 quivis
3542 905 3738 974 opinor

2160 992 2357 1046 merito
2405 992 2645 1047 dixerit?
2699 992 2854 1059 Quod
2898 1002 3077 1048 autem
3120 996 3401 1051 elementis
3447 996 3732 1053 fortuitum

2158 1091 2262 1150 est,
2290 1084 2431 1138 idem
2462 1084 2593 1138 illud
2626 1100 2690 1140 ac
2711 1095 3097 1155 prmpotentem
3123 1086 3364 1142 universi
3392 1086 3561 1143 Deum
3586 1104 3730 1156 esse,

2157 1175 2282 1244 quis
2318 1176 2504 1244 putet?
2557 1175 2838 1231 Elementa
2889 1166 3124 1247 quippe,
3180 1187 3373 1234 natura
3422 1196 3555 1247 sua,
3604 1197 3729 1236 cum

2157 1267 2339 1321 anima
2368 1276 2481 1322 tum
2508 1270 2716 1323 ratione
2744 1279 2963 1335 carent;
2994 1280 3051 1324 at
3076 1269 3220 1326 Deus
3243 1280 3297 1326 et
3333 1273 3401 1327 ab
3423 1273 3573 1327 omni
3604 1289 3731 1329 cor-

2156 1360 2308 1429 poris
2355 1362 2704 1416 concretione
2749 1362 3050 1431 scjunctus,
3083 1373 3135 1419 et
3159 1365 3265 1418 vita
3293 1379 3389 1435 per
3426 1381 3547 1422 sese
3577 1382 3729 1437 quae-

2155 1450 2280 1503 dam
2311 1465 2376 1505 ac
2399 1450 2662 1522 sapientia
2687 1464 2789 1521 est,
2823 1454 3076 1524 idemque
3106 1470 3212 1510 non
3244 1458 3474 1527 singulis
3515 1468 3727 1514 tantum

2152 1543 2456 1609 elementis,
2503 1545 2597 1599 sed
2624 1546 2794 1601 totius
2835 1546 2997 1601 etiam
3025 1549 3397 1603 universitatis
3429 1549 3729 1619 pulchritu-

2152 1634 2290 1698 dini,
2318 1635 2402 1690 vis
2420 1635 2485 1689 'in
2512 1637 2849 1705 procreando
2871 1652 2984 1692 suae
3004 1638 3216 1708 copiam
3244 1638 3393 1695 facit.
3431 1638 3551 1695 Non
3580 1640 3723 1697 idem

2154 1739 2284 1794 ergo
2313 1731 2441 1780 sunt
2466 1724 2636 1781 fatim
2680 1735 2843 1798 atque
2880 1727 3042 1784 Deus.
3109 1729 3204 1784 Sin
3235 1739 3415 1785 autem
3447 1731 3723 1787 diversum

480 1810 758 1881 κακοποιῷ
791 1810 1134 1883 τυγχανούσῃ
1160 1813 1226 1881 τῇ
1262 1812 1592 1883 εἱμαρμένῃ,
1619 1814 1780 1876 αὐτὸς
1807 1814 1873 1867 ἂν
1897 1816 2041 1885 ἐφέλ-

2151 1816 2356 1887 aliquid
2392 1832 2422 1870 a
2453 1816 2567 1873 Deo
2612 1817 2785 1874 fatum
2812 1828 2912 1883 est,
2958 1829 3143 1875 utrum
3187 1821 3383 1881 melius
3409 1821 3728 1892 quidpiam?

481 1920 629 1956 κοιτο
648 1902 746 1973 τὴν
772 1904 971 1969 αἰτίαν,
994 1903 1073 1969 ὃς,
1103 1903 1326 1966 δυνατὸς
1352 1902 1427 1956 ὢν
1464 1906 1704 1974 ἐπισχεῖν
1747 1905 1845 1977 τὴν
1882 1925 2048 1962 κακο-

480 1995 632 2048 ποιὸν
657 1995 921 2065 ἀνάγκην,
953 1996 1052 2047 ούκ
1080 1994 1301 2065 ἐποίησε
1328 1993 1517 2058 τοῦτο,
1549 1996 1720 2065 ἀνῆκε
1761 1997 1816 2050 δὲ
1851 1998 2049 2068 ἄφετον

480 2087 572 2138 ἐπὶ
594 2085 739 2157 λύμῃ
765 2086 859 2138 καί¹
881 2085 1144 2157 διαφθορᾷ
1161 2085 1268 2137 τῶν
1286 2086 1559 2152 ἁπάντων,
1590 2088 1786 2157 μᾶλλον
1808 2089 1862 2142 δὲ
1889 2091 2049 2155 αὐτὸς

480 2178 640 2231 τοῦτο
670 2178 983 2250 εἰργάσατο,
1013 2180 1060 2230 εί
1086 2178 1149 2249 δὴ
1169 2178 1386 2231 πάντων
1404 2179 1496 2231 καὶ
1517 2180 1684 2249 αὐτῆς
1710 2182 2048 2253 εἱμαρμένης

480 2268 706 2338 ποιητὴς
734 2269 828 2321 καὶ
854 2268 1181 2339 δημιουργὸς
1202 2267 1493 2337 εἰσάγοιτο.
1526 2271 1589 2322 Εἱ
1617 2271 1660 2323 δ’
1689 2272 1861 2336 οὐδεὶς
1897 2273 2046 2344 αύτῷ

477 2358 633 2427 λόγος
657 2361 757 2431 τῆς
794 2361 886 2413 τοῦ
918 2360 1117 2425 παντὸς
1150 2360 1464 2427 διατάξεως,
1512 2361 1686 2415 ἀθέων
1722 2360 1877 2427 αὖθις
1917 2366 2046 2418 ἀνα-

479 2451 665 2520 κύψειε
692 2452 861 2522 φωνὴ,
896 2453 1032 2523 πρὸς
1052 2454 1118 2523 ἢν
1142 2453 1241 2516 τὰς
1270 2453 1439 2516 ἀκοὰς
1470 2455 1854 2509 ἀποκλειστέον
1881 2498 1895 2522 ,
1944 2458 2045 2528 τῆς

474 2542 657 2594 ἐνθέου
685 2542 933 2616 προνοίας
957 2545 1049 2597 καὶ
1076 2544 1353 2615 δυνάμεως
1372 2544 1616 2617 ἐναργῶς
1639 2547 2045 2622 ἀποφαινούσης

474 2635 670 2706 ἑαυτὴν
706 2634 769 2687 ἐκ
798 2652 858 2688 τε
894 2635 1001 2689 τῶν
1042 2635 1269 2689 καθόλου
1302 2637 1590 2706 πανσόφων
1645 2639 1740 2691 καὶ
1784 2641 2043 2711 τεχνικῶν

470 2725 947 2796 ἀποτελεσμάτων,
983 2726 1045 2779 ἐκ
1088 2744 1145 2780 τε
1179 2727 1287 2780 τῶν
1319 2728 1441 2781 καθ’
1471 2730 1618 2799 ἡμᾶς
1661 2731 2044 2802 ἀναμφιλόγως

469 2814 568 2885 τὴν
588 2815 877 2887 ἐλευθέραν
905 2816 999 2869 καὶ
1025 2816 1245 2880 αύτεξού
1255 2834 1365 2870 σιον
1388 2818 1488 2888 τῆς
1512 2819 1734 2889 λογικῆς
1759 2821 1935 2893 ψυχῆς
1954 2821 2043 2875 δύ-

470 2923 633 2975 ναμιν
686 2906 1236 2977 παραδεικνυμένων·
1280 2907 1402 2961 καθ’
1436 2908 1542 2979 ἢν,
1589 2910 1767 2963 καίτοι
1834 2913 2041 2984 μυρίων

467 2997 666 3063 ἔξωθεν
695 2996 944 3068 ἐμποδὼν
983 3001 1048 3069 τῇ
1081 3016 1138 3050 τε
1184 2997 1276 3052 τοῦ
1324 2998 1573 3070 σώματος
1627 3001 1786 3069 φύσει
1822 3005 1943 3067 ταῖς
1978 3019 2041 3056 τε

468 3088 611 3142 κατά
647 3089 965 3160 προαίρεσιν
1009 3090 1093 3158 ἐφ’
1117 3091 1486 3161 ἡμῖνιόρμαϊς,
1512 3092 1653 3146 κατά
1679 3111 1732 3146 τι
1765 3092 2040 3164 συμϐεϐηο
2066 3132 2109 3192 C

467 3181 563 3245 κὸς
582 3182 1053 3254 προσπιπτόντων,
1080 3182 1228 3251 ὅμως
1260 3183 1393 3253 πρὸς
1419 3183 1635 3237 ἅπαντα
1654 3184 1752 3255 τῆς
1784 3186 1924 3240 κατά
1938 3186 2042 3257 ψυ-

466 3274 565 3343 χὴν
594 3273 794 3345 ἀρετῆς
808 3273 868 3326 τὸ
894 3272 1176 3343 ἐλεύθερον
1202 3273 1436 3343 ἀντέχει,
1467 3275 1680 3345 ἄμαχον
1707 3276 1801 3329 καὶ
1834 3277 2033 3349 ἀήττη-

464 3379 555 3417 τον
574 3365 635 3416 τὸ
656 3364 740 3432 ἐφ’
772 3366 904 3435 ἡμῖν
942 3364 1051 3417 τῶν
1091 3363 1272 3418 καλῶν
1304 3364 1403 3436 τὴν
1432 3365 1644 3437 αἵρεσιν
1666 3367 2042 3440 ἐπιδεικνύμε-

464 3472 573 3508 νον.
602 3455 769 3509 Τοῦτο
792 3456 849 3509 δὲ
876 3455 1108 3529 μάλιστα
1136 3458 1230 3510 κα)⁵
1259 3457 1288 3509 ὁ
1336 3456 1527 3528 παρὼν
1571 3457 1762 3529 καιρὸς
1794 3458 1895 3528 τῆς
1945 3460 2037 3533 τοῦ

466 3545 715 3617 Σωτῆρος
735 3548 767 3616 ἡ
775 3546 889 3615 μῶν
909 3546 1270 3617 εύαγγελικῆς
1293 3546 1639 3610 διδασκαλίας
1656 3547 1837 3619 ἔργοις
1858 3549 2039 3614 αὐτοῖς

464 3638 863 3707 παρεστήσατο.
897 3638 1019 3689 Ὅτι
1046 3637 1154 3708 γὰρ
1173 3637 1343 3691 ταῦτα
1380 3637 1454 3709 μὴ
1472 3638 1632 3708 ψόφοι
1653 3641 1746 3693 καὶ
1781 3639 1913 3693 κενὰ
1944 3641 2039 3713 ῥή-

467 3744 628 3797 ματα,
659 3728 888 3800 πάρεστί
912 3745 992 3782 σοι
1028 3729 1119 3783 τὸν
1148 3730 1257 3782 τῶν
1289 3728 1553 3783 θεοσεϐῶν
1598 3731 1782 3799 ἀγῶνα
1827 3732 2039 3784 ἐπιϐλέ-

460 3816 579 3884 ψαι,
608 3817 704 3869 καὶ
742 3818 972 3870 συνιδεῖν
1012 3819 1138 3881 τοὺς
1170 3818 1488 3891 προαιρέσει
1537 3820 1874 3892 αύθεκουσίῳ
1912 3822 2038 3885 τοὺς

461 3908 657 3971 πόνους
698 3908 819 3983 τῶν,
848 3909 990 3981 ὑπὲρ
1025 3908 1304 3973 εὐσεϐείας
1349 3910 1526 3965 ἄθλων
1549 3912 2032 3983 ἀναδεδεγμένους·

456 3998 551 4063 οὓς
579 4000 699 4053 καθ’
719 4000 844 4070 ὅλης
871 4001 968 4069 τῆς
1001 4002 1299 4073 ἀνθρώπων
1317 4003 1640 4075 οἰκουμένης
1665 4005 1833 4075 μυρία
1853 4003 2032 4076 πλήθη

472 4090 740 4161 Ἑλλήνων
783 4108 843 4143 τε
889 4092 982 4145 καὶ
1020 4092 1310 4165 βαρϐάρων
1350 4094 1657 4159 ὲνεδέξατο,
1706 4095 1888 4157 πάσας
1936 4097 2034 4167 μὲν

459 4182 755 4253 προθύμως
778 4183 878 4246 τὰς
928 4182 1067 4236 κατά
1098 4182 1190 4235 τοῦ
1237 4183 1487 4254 σώματος
1540 4184 1908 4253 ὑπομείναντα
1950 4187 2036 4238 αἱ-

459 4274 602 4337 κίας,
626 4276 733 4328 πᾶν
756 4275 814 4327 δὲ
845 4274 1088 4344 βασάνων
1117 4270 1255 4337 εἶδος
1275 4274 1485 4346 φαιδρῷ
1507 4275 1584 4347 τῷ
1604 4274 1882 4349 προσώπῳ
1896 4275 2035 4329 διελ-

459 4365 635 4429 θόντα,
664 4368 757 4419 καὶ
789 4365 942 4429 τέλος
968 4365 1326 4437 πολυτρόποις
1364 4367 1607 4438 σχήμασι
1642 4366 1739 4438 τὴν
1790 4367 1898 4421 ἀπὸ
1937 4366 2032 4421 τοῦ

2148 1906 2219 1960 At
2260 1905 2371 1961 Deo
2393 1948 2408 1971 ,
2440 1923 2539 1963 nec
2568 1910 2765 1965 melius
2809 1912 3107 1981 quidquam
3130 1953 3146 1978 ,
3180 1927 3281 1966 nec
3312 1912 3588 1981 potentius
3618 1923 3721 1969 est.

2147 1995 2257 2050 Aut
2279 1998 2448 2066 igitur
2472 1998 2655 2053 vincet
2698 1998 2789 2054 ille
2831 1998 3250 2070 superabitque,
3284 2000 3429 2070 quod
3459 2000 3724 2058 humilius

2148 2096 2252 2151 est,
2276 2096 2370 2141 aut
2400 2089 2446 2143 si
2478 2087 2592 2143 fato
2626 2090 2894 2145 malorum
2922 2090 3221 2146 architecto
3245 2091 3491 2157 cesserit,
3508 2090 3721 2161 culpam

2147 2177 2265 2248 ipse
2314 2188 2481 2233 totam
2530 2179 2855 2245 sustinebit,
2907 2180 3152 2249 quicum
3181 2180 3441 2236 artiﬁcem
3474 2180 3602 2236 mali
3627 2196 3722 2237 ne-

2147 2270 2454 2324 cessitatem
2491 2267 2741 2324 inhibere
2768 2278 2975 2339 posset,
3012 2286 3118 2326 non
3148 2269 3334 2326 fecerit
3365 2278 3542 2326 tamen
3564 2310 3580 2336 ,
3624 2272 3720 2327 sed

2145 2374 2262 2413 eam
2290 2360 2471 2430 potius
2500 2361 2552 2415 in
2581 2361 2826 2415 omnium
2872 2370 3079 2430 pestem
3127 2370 3296 2430 atque
3324 2361 3621 2430 perniciem
3653 2361 3721 2416 li-

2145 2450 2272 2505 bere
2300 2452 2537 2521 grassari
2564 2452 2911 2520 permiserit,
2964 2466 3057 2506 seu
3087 2452 3272 2506 verius
3299 2452 3352 2505 id
3382 2451 3613 2521 ipsemet
3640 2449 3720 2508 fe-

2144 2541 2300 2607 cerit,
2331 2541 2598 2611 siquidem
2626 2542 2674 2597 is
2717 2551 2771 2597 et
2796 2556 2977 2596 rerum
3013 2542 3282 2604 omnium,
3307 2549 3363 2595 et
3388 2541 3560 2611 ipsius
3584 2556 3722 2612 quo-

2143 2649 2248 2702 que
2270 2632 2367 2688 fati
2391 2643 2580 2690 auctor
2609 2650 2673 2690 ac
2695 2635 2920 2689 molitor
2946 2633 3227 2691 habeatur.
3269 2631 3404 2689 Nam
3437 2635 3483 2690 si
3508 2634 3575 2690 de
3599 2634 3722 2690 uni-

2142 2725 2287 2779 versi
2331 2726 2835 2790 administratione,
2869 2726 2977 2780 Deo
3017 2742 3221 2797 susque
3261 2726 3470 2796 deque;
3495 2741 3600 2781 vox
3634 2725 3723 2782 de-

2142 2832 2254 2872 nuo
2276 2815 2567 2885 impiorum
2604 2816 2854 2880 exsistat,
2908 2816 2997 2871 cui
3027 2827 3208 2872 tamen
3242 2817 3594 2873 occludendae
3621 2833 3723 2873 au-

2142 2920 2231 2960 res
2260 2905 2411 2960 illico
2440 2913 2605 2972 sunt;
2654 2921 2778 2961 cum
2806 2920 2927 2961 sese
2956 2906 3140 2961 divina
3163 2906 3247 2962 vis
3279 2922 3343 2962 ac
3373 2905 3721 2963 Providentia

2142 2995 2290 3049 clare
2322 2996 2670 3064 spectandam
2724 2995 3012 3058 exhibeat,
3067 3005 3120 3050 et
3166 2995 3420 3052 universe
3462 2998 3721 3067 operibus

2142 3085 2447 3139 admirabili
2468 3085 2629 3155 plane
2653 3085 2884 3139 consilio
2911 3084 3243 3154 solertiaque
3270 3082 3546 3154 perfectis,
3571 3096 3625 3144 et
3651 3086 3721 3143 iis

2141 3173 2513 3245 proprie,qute
2538 3174 2695 3229 nobis
2724 3174 3015 3243 conjuncta
3043 3189 3169 3229 cum
3200 3174 3331 3240 sint,
3350 3182 3464 3228 tum
3492 3174 3719 3233 liberam

2140 3279 2351 3335 suoque
2384 3266 2705 3335 gaudentem
2733 3263 2859 3334 jure
2885 3266 3053 3320 animi
3080 3265 3292 3321 ratione
3314 3264 3524 3336 praediti
3551 3264 3723 3322 iacui-

2138 3365 2304 3411 tatem
2340 3357 2619 3412 evidenter
2644 3357 2964 3412 ostendunt.
3006 3356 3123 3423 Qua
3164 3357 3383 3428 quidem
3413 3357 3531 3413 ﬁeri
3554 3357 3715 3428 solet,

2138 3458 2198 3504 ut
2222 3449 2435 3503 intlnita
2487 3448 2613 3503 licet
2662 3448 3027 3516 extrinsecus,
3065 3459 3160 3505 aut
3197 3460 3405 3506 naturae
3447 3451 3717 3521 corporis,

2138 3547 2234 3593 aut
2280 3538 2550 3609 susceptis
2590 3538 2733 3592 ultro
2769 3540 3009 3595 motibus
3052 3540 3437 3610 impedimenta
3490 3540 3719 3599 fortuito

2138 3648 2258 3688 sese
2293 3632 2574 3702 objiciunt,
2625 3633 2880 3688 omnibus
2925 3642 3103 3688 tamen
3145 3634 3315 3690 libera
3341 3635 3517 3692 virtus
3546 3638 3717 3691 animi

2136 3728 2453 3776 constanter
2506 3720 2758 3787 obsistat,
2794 3722 3161 3778 voluntariam
3194 3724 3322 3779 boni
3367 3726 3715 3795 electionem,

2135 3818 2337 3865 nostrae
2369 3810 2652 3880 cujusdam
2693 3813 2979 3881 potestatis
3015 3827 3140 3868 esse
3162 3854 3177 3880 ,
3219 3829 3343 3884 quae
3368 3814 3515 3870 vinci
3545 3832 3719 3887 expu-

2134 3903 2399 3973 gnarique
2426 3917 2535 3957 non
2559 3903 2751 3973 possit,
2782 3905 3092 3960 ostendens.
3120 3905 3280 3977 253
3308 3907 3487 3977 Atque
3518 3907 3568 3962 id
3592 3924 3719 3979 pro-

2133 3992 2308 4060 fecto,
2348 3994 2434 4048 vel
2473 3994 2578 4050 hoc
2606 3995 2787 4064 ipsum
2830 3997 3156 4069 evangelica
3184 3999 3494 4058 Servatoris
3539 3986 3714 4059 nostri

2133 4085 2398 4140 doctrinae
2462 4093 2678 4155 tempus
2731 4101 2791 4139 re
2844 4087 2963 4157 ipsa
3017 4088 3254 4144 maxime
3314 4093 3710 4163 comprobavit.

2132 4174 2375 4246 Quippe,
2401 4191 2471 4231 ne
2496 4188 2552 4230 tu
2581 4176 2685 4231 ista
2713 4175 2854 4231 lorte
2885 4178 3176 4233 verborum
3220 4183 3436 4241 inanem
3470 4184 3710 4241 sonitum

2132 4272 2412 4327 existimes
2436 4313 2452 4339 ,
2494 4285 2604 4326 uno
2642 4279 2863 4340 aspectu
2907 4271 3381 4328 sanctissimorum
3409 4285 3708 4347 martyrum

2132 4364 2564 4428 dimicationem,
2596 4376 2900 4433 eorumque
2927 4362 3126 4418 seriem
3169 4366 3369 4419 intueri
3395 4375 3550 4436 potes
3568 4408 3586 4436 ,
3611 4369 3708 4439 qui

459 4455 708 4526 σώματος
742 4456 894 4510 λύσιν
931 4457 1029 4527 τῆς
1059 4457 1236 4528 ψυχῆς
1268 4457 1560 4521 ἀσπαστῶς
1601 4458 2028 4529 καταδεξάμενα.

2141 4466 2323 4527 suopte
2349 4454 2576 4511 arbitrio
2600 4464 2975 4525 susceptorum
3002 4469 3102 4525 pro
3122 4456 3322 4526 pietate
3345 4459 3706 4515 certaminum

456 4548 565 4601 Kal.
595 4549 700 4619 μὴν
730 4549 907 4612 οὐδεὶς
920 4549 1158 4613 ,ἐνταῦθα
1180 4549 1331 4618 λόγος
1356 4549 1662 4621 ἐπιτρέψειε
1693 4549 1790 4621 τὴν
1833 4552 2028 4623 εἱμαρ-

458 4639 626 4712 μένην
649 4640 944 4695 αἰτιᾶσθαι.
978 4639 1088 4694 Ποῦ
1116 4642 1222 4713 γάρ
1254 4657 1335 4695 σοι
1356 4642 1421 4695 ὲκ
1446 4640 1655 4712 μακροῦ
1684 4642 1878 4705 αἰῶνος
1916 4660 2027 4696 τοι-

454 4731 612 4785 ούσδε
665 4732 904 4803 ἀθλητὰς
950 4732 1230 4796 εὐσεϐείας
1276 4733 1508 4805 ἧνεγκεν
1563 4734 1596 4804 ἡ
1651 4732 1761 4786 τῶν
1814 4733 2029 4804 ἄστρων

456 4823 634 4895 (good;
663 4823 735 4876 "H
760 4824 891 4879 πότε
920 4825 950 4877 ὁ
974 4824 1081 4878 τῶν
1112 4823 1412 4896 ἀνθρώπιον
1453 4823 1566 4894 βίος
1585 4863 1600 4888 ,
1646 4822 1751 4892 πρὸ
1793 4823 1896 4893 τῆς
1934 4823 2027 4877 τοῦ

453 4913 703 4986 Σωτῆρος
726 4912 881 4985 ἡμῶν
908 4916 988 4977 εἱς
1020 4914 1225 4978 πάντας
1251 4912 1572 4985 ἀνθρώπους
1599 4911 2028 4985 καταϐληθείσης

448 5005 818 5070 διδασκαλίας,
854 5006 1055 5060 τοιόνδε
1088 5005 1457 5078 προϐέϐληται
1491 5005 1613 5060 καθ’
1638 5006 1766 5078 ὃλης
1789 5005 1889 5076 τῆς
1928 5006 2025 5059 ἀνο

450 5094 684 5168 θρώπων
705 5098 1026 5169 οἰκουμένης
1057 5099 1274 5166 ἀγῶνα;
1300 5098 1409 5151 Ποῦ
1431 5099 1488 5152 δὲ
1520 5099 1731 5154 τοιωνδὶ¹
1758 5099 1931 5167 λόγων
1954 5100 2027 5154 δι-

445 5188 765 5252 δασκάλιον,
814 5188 1203 5261 δεισιδαίμονος
1255 5191 1356 5260 μὲν
1404 5190 1610 5262 πλάνης
1658 5190 2020 5263 ἀναιρετικὸν,

447 5280 566 5343 ἑνὸς
610 5279 667 5333 δὲ
697 5280 791 5334 τοῦ
824 5281 921 5334 ἐπὶ
958 5282 1173 5336 πάντων
1215 5280 1350 5335 Θεοῦ
1395 5282 1645 5351 γνώσεως
1694 5283 2019 5350 διδακτικὸν,

446 5371 647 5426 ἅπασιν
669 5372 995 5443 ἀνθρώποις,
1022 5373 1245 5445 Ἕλλησί
1273 5391 1332 5427 τε
1358 5376 1452 5428 καὶ
1482 5374 1778 5448 βαρϐάροις
1796 5415 1812 5439 ,
1853 5378 1882 5430 ὁ
1912 5378 2021 5440 πᾶς

443 5462 577 5517 αἰὼν
624 5464 821 5536 ῆνεγκε
846 5481 860 5529 ;
891 5464 987 5530 Τίς
1013 5465 1071 5519 δὲ
1094 5465 1153 5531 ἐξ
1180 5465 1375 5531 αἰῶνος
1406 5468 1516 5521 τῶν
1553 5468 1717 5523 πάλαι
1758 5468 2019 5540 ἀοιδίμων

444 5555 642 5624 σοφῶν.
671 5555 995 5629 βάρϐαροςῆ
1024 5557 1242 5629 Ἕλλην,
1274 5559 1485 5612 τοιᾶσδέ
1522 5577 1653 5613 ποτε
1674 5559 1882 5632 ἠξιώθη
1938 5562 2018 5613 εἱ-

444 5649 747 5719 μαρμένης,
773 5648 849 5713 ὡς
875 5651 955 5714 εἰς
985 5650 1076 5703 τὸν
1104 5650 1392 5721 σύμπαντα
1431 5652 1635 5722 κόσμον
1661 5652 1894 5723 διαφανῆ
1926 5669 2022 5705 κα-

436 5738 700 5809 ταστῆσαι
737 5737 831 5795 τὸν
876 5741 967 5794 ἐπ’
1014 5740 1179 5795 αὑτοῦ
1232 5741 1604 5813 προϐληθέντα
1642 5740 1819 5810 λόγον,
1877 5758 2018 5812 γνω-

2133 4546 2350 4601 labores
2395 4544 2663 4600 maximos
2691 4545 3095 4617 subierezquos
3132 4547 3350 4618 quidem
3390 4548 3706 4605 innumera-

2133 4636 2259 4691 bilis
2293 4644 2405 4691 toto
2431 4635 2635 4705 passim
2665 4635 2818 4698 orbe,
2843 4641 2955 4689 tam
2980 4635 3339 4694 barbarorum
3363 4653 3526 4709 quam
3558 4638 3709 4695 Grae-

2130 4742 2318 4782 corum
2386 4726 2677 4783 multitudo
2742 4727 3031 4794 sustinuit;
3088 4743 3211 4799 quae
3269 4744 3393 4784 cum
3452 4730 3708 4787 alacriter

2130 4835 2321 4875 omnes
2376 4820 2620 4889 corporis
2683 4819 2961 4875 cruciatus
3015 4820 3338 4887 tolerasset,
3389 4836 3453 4877 ac
3504 4838 3705 4894 genera

2130 4920 2525 4967 tormentorum
2565 4910 2751 4966 omnia
2788 4911 2951 4967 hilari
2991 4912 3142 4967 vultu
3180 4912 3548 4980 exhausisset,
3585 4922 3701 4969 tum

2126 5004 2334 5059 variam
2380 5004 2616 5074 denique
2642 5046 2659 5071 ,
2698 5019 2764 5058 ac
2809 5005 2988 5075 specie
3025 5001 3312 5074 famaque
3344 5004 3698 5075 multiplicem

2127 5095 2297 5150 animi
2335 5096 2692 5166 corporisque
2719 5094 3137 5151 dissolutionem
3173 5094 3501 5165 perlibenter
3540 5111 3702 5152 exce-

2125 5189 2222 5259 pit.
2263 5188 2385 5255 Quo
2409 5188 2629 5259 quidem
2658 5189 2712 5242 in
2748 5203 2971 5260 genere,
3007 5185 3120 5243 fato
3153 5202 3376 5243 causam
3417 5189 3699 5260 assignare

2124 5279 2265 5334 ratio
2294 5279 2441 5334 nulla
2472 5277 2729 5347 patiatur.
2794 5275 2929 5331 Nam
2961 5276 3053 5331 ubi
3092 5276 3306 5331 tandem
3328 5315 3343 5339 ,
3390 5286 3447 5331 ut
3475 5292 3542 5331 ex
3573 5277 3697 5333 .lon-

2122 5373 2348 5441 gissima
2378 5371 2640 5425 memoria
2672 5380 2905 5439 repetas,
2930 5368 3199 5437 ejusmodi
3228 5368 3445 5438 pietatis
3465 5371 3699 5429 athletas

2122 5465 2363 5520 siderum
2411 5461 2699 5517 conversio
2745 5460 3010 5531 protulit?
3046 5459 3344 5531 Ecquando
3371 5463 3694 5534 priusquam

2121 5563 2348 5611 cunctas
2373 5555 2481 5609 late
2504 5552 2755 5608 nationes
2788 5551 3093 5606 Servatoris
3117 5552 3290 5608 nostri
3313 5554 3558 5608 doctrina
3576 5570 3700 5624 per-

2119 5646 2370 5712 vasisset,
2398 5643 2667 5714 ejusmodi
2688 5644 2797 5699 vita
2823 5644 3109 5698 hominum
3144 5644 3400 5700 universa
3427 5654 3544 5701 toto
3572 5662 3699 5715 pas-

2119 5739 2221 5796 sim
2250 5738 2381 5796 orbe
2423 5745 2698 5795 certamen
2739 5735 3019 5796 exhibuit?
3061 5736 3359 5809 Ecquando
3384 5738 3700 5810 disciplina-
