4162 6418
448 302 548 357 431

1090 300 1362 356 EUSEBll
1399 298 1884 358 CESARIENSIS
1922 300 2075 358 OPP.
2119 301 2305 359 PARS
2344 301 2407 358 ll.
2450 333 2523 345 —
2559 300 3069 360 APOLOGETICA.

3609 308 3713 364 ὅΰὲ

450 436 571 476 ram
599 415 867 489 ejusmodi
898 419 1141 474 scholam
1170 420 1358 484 ullam,
1384 436 1507 491 qua:
1529 436 1653 475 Clllll
1684 421 2013 491 superstitio-

2126 421 2322 476 σθέντα
2348 439 2407 475 τε
2431 422 2592 495 μέχρι
2633 424 2727 477 καὶ
2759 424 2869 476 τῶν
2911 422 3196 494 ἐσχατιῶν,
3240 422 3333 476 καὶ
3377 421 3511 476 Θεοῦ
3556 423 3713 490 δόξαν

449 527 572 565 sum
612 524 857 565 errorem
903 510 1248 573 convelleret,
1300 519 1412 563 tum
1466 512 1629 566 unius
1672 514 2023 582 praepotentis

450 603 544 656 Dei
576 602 939 671 cognitionem
970 604 1209 665 doceret,
1226 601 1496 656 universis
1517 602 1851 669 hominibus,
1875 602 2022 659 Cra?-

446 696 639 763 cisque
669 694 873 763 pariter
921 707 985 747 ac
1024 691 1304 754 barbaris,
1350 692 1606 762 superius
1657 703 1804 747 retro
1848 708 2023 747 aevum

444 784 692 855 aperuit?
727 781 928 852 Ecquis
957 797 1124 852 porro
1158 783 1586 838 clarissimorum
1616 784 1745 838 olim
1785 800 1852 838 ex
1876 785 2025 838 omni

444 884 666 931 aetatum
696 874 955 936 memoria
979 874 1308 943 sapientum,
1344 889 1439 930 seu
1471 875 1740 930 barbarus
1781 875 1892 938 ille,
1927 891 2022 930 seu

443 966 666 1023 Gnaeus
694 965 876 1031 fuerit,
902 966 1172 1035 ejusmodi
1198 981 1440 1035 unquam
1470 966 1642 1020 fatum
1668 968 1898 1022 sortitus
1919 976 2024 1034 est,

444 1068 502 1113 ut
532 1057 785 1129 profecta:
828 1058 926 1113 abs
963 1072 1085 1112 sese
1126 1058 1392 1113 doctrinae
1418 1058 1598 1113 lucem
1644 1059 1710 1113 ad
1746 1068 2025 1114 extremos

442 1166 618 1223 usque
646 1151 796 1206 orbis
827 1149 1068 1205 universi
1096 1151 1229 1205 lines
1269 1158 1616 1221 propagaret,
1650 1148 1855 1220 Deique
1879 1152 2023 1221 apud

440 1259 568 1310 eos,
613 1244 707 1314 qui
755 1242 931 1299 sacris
970 1242 1166 1297 initiati
1198 1243 1315 1298 suis
1339 1250 1556 1308 essent,
1602 1258 1801 1298 nomen
1841 1244 1942 1298 sibi
1970 1253 2025 1299 et

441 1335 754 1405 opinionem
793 1334 1171 1404 compararet?
1211 1332 1367 1399 Quod
1396 1332 1441 1386 si
1474 1342 1551 1387 tot
1579 1349 1645 1388 ac
1687 1342 1832 1397 tanta
1874 1335 2023 1389 nullo

443 1442 680 1497 unquam
718 1436 987 1496 tempore,
1013 1426 1097 1478 vel
1128 1424 1242 1479 ﬁeri
1271 1423 1564 1493 quisquam
1596 1424 1750 1489 vidit,
1775 1426 1855 1479 vel
1880 1425 2022 1480 facta

439 1518 677 1583 audivit;
705 1532 896 1572 eorum
922 1530 1055 1585 ergo
1081 1530 1245 1570 causa
1274 1530 1448 1570 nexus
1478 1514 1568 1568 ille
1597 1530 1890 1570 causarum
1919 1533 2017 1571 ne-

439 1609 581 1665 cessi
607 1624 779 1678 asque
802 1623 910 1663 non
938 1606 1059 1662 fuit.
1102 1606 1257 1673 Quod
1281 1607 1426 1660 enim
1458 1605 1704 1660 eamdem
1722 1607 1838 1676 jam
1862 1608 2017 1671 olim,

437 1700 626 1755 eadem
651 1707 963 1765 recurrente
991 1698 1227 1753 siderum
1253 1697 1632 1761 conversione,
1651 1710 1806 1752 ortus
1828 1700 2020 1767 pleris-

2127 514 2279 586 παρά
2330 518 2442 578 τοῖς
2494 515 2641 586 αὐτῷ
2690 516 3135 587 καθωσιωμένοις
3182 515 3521 587 κτήσασθαις
3564 516 3627 570 Εἱ
3654 516 3713 571 δὲ

2124 606 2297 660 ταῦτα
2321 607 2379 674 ἐξ
2405 607 2599 672 αἰῶνος
2630 608 2739 662 οὔτ’
2760 605 2848 679 ἦν,
2886 608 3010 661 οὔτε
3050 608 3306 677 γέγονεν,
3354 606 3475 661 οὔτε
3521 608 3712 672 ἀκοαῖς

2124 703 2387 773 ηκουσται
2408 720 2422 734 ·
2468 704 2568 756 οὐκ
2598 699 2665 773 ἦν
2696 703 2804 775 ἄρα
2843 704 3033 775 εἱρμὸς
3062 704 3250 758 αἱτιῶν
3295 704 3387 757 καὶ
3412 702 3624 772 ἀνάγκη
3652 702 3712 756 τὸ

2124 794 2330 848 τούτων
2365 795 2558 850 αἴτιον.
2585 797 2763 852 Πάλαι
2790 797 2901 867 γὰρ
2929 797 2994 851 ἂν
3032 797 3121 851 διὰ
3154 798 3256 867 τῆς
3298 797 3467 867 αὐτῆς
3510 798 3712 850 ἀνακυ-

2125 887 2370 957 κλήσεως
2391 889 2484 941 καὶ
2511 892 2814 960 περιφορᾶς
2832 889 2941 942 τῶν
2971 889 3183 959 ἄστρων
3208 888 3382 951 οὐδεὶς
3412 884 3480 959 ἦν
3518 886 3710 956 φθόνος

2125 982 2218 1034 καὶ
2240 981 2431 1044 ἄλλους
2457 981 2557 1052 τῆς
2589 982 2759 1051 αὐτῆς
2781 985 2965 1052 τυχεῖν
2987 980 3251 1050 γενέσεώς
3279 998 3339 1034 τε
3390 982 3483 1034 καὶ
3511 981 3707 1052 εἱμαρ-

2128 1074 2313 1145 μένης.
2356 1076 2449 1126 Ἐκ
2475 1078 2631 1138 ποίας
2660 1075 2716 1127 δὲ
2746 1075 2852 1147 ἄρα
2884 1074 3221 1146 εἱμαρμένης
3251 1077 3280 1127 ό
3315 1074 3412 1145 μὲν
3440 1073 3709 1145 ἡμέτερος

2122 1165 2314 1235 Σωτὴρ
2352 1165 2484 1229 Θεὸς
2510 1166 2792 1235 ἐπιφανεὶς
2814 1166 2934 1220 καθ’
2951 1166 3079 1237 ὅλης
3107 1168 3207 1235 τῆς
3228 1166 3550 1237 οἰκουμένης
3578 1168 3710 1236 ἀνηο
3750 1200 3769 1215 .

2122 1255 2379 1324 γόρευται
2399 1272 2412 1285 ·
2437 1260 2485 1309 οἱ
2513 1257 2568 1309 δὲ
2602 1257 2770 1311 πάλαι
2797 1256 3173 1327 νενομισμένοι
3203 1257 3355 1327 παρά
3386 1275 3445 1309 τε
3479 1257 3706 1327 Ἕλλησι

2121 1346 2216 1398 καὶ
2251 1345 2545 1418 βαρϐάροις
2581 1346 2693 1401 0εοὶ
2714 1347 3084 1419 καθῄρηνται;
3120 1350 3214 1401 καὶ
3261 1349 3361 1402 οἰκ
3401 1349 3575 1413 άλλως
3610 1368 3709 1403 κα-

2123 1435 2382 1507 θῄρηνται
2406 1438 2439 1509 ἥ
2461 1439 2547 1491 διὰ
2581 1441 2678 1510 τῆς
2703 1441 2796 1495 τοῦ
2828 1442 2950 1493 νέου
2980 1441 3114 1494 Ε)εοῦ
3139 1442 3519 1508 διδασκαλίας;
3569 1446 3705 1500 Ποία

2119 1528 2165 1581 δ’
2199 1530 2376 1583 αὐτῶν
2400 1543 2426 1572 ⁸
2457 1533 2764 1604 εἱμαρμένη
2793 1533 2926 1586 Θεὸν
2955 1534 3286 1605 δημιουργὸν
3321 1537 3574 1591 ἁπάντων
3610 1539 3707 1592 πᾶ-

2121 1636 2205 1674 σιν
2229 1620 2536 1692 ἀνθρώποις
2557 1625 2939 1695 κατήγγειλεν,
2975 1626 3313 1697 εἱμαρμένην
3354 1627 3410 1680 δὲ
3457 1630 3530 1699 μὴ
3567 1624 3703 1682 εἶναι

2121 1714 2287 1781 φάναι
2316 1714 2687 1785 ὲξηνάγκασε;
2720 1717 2828 1771 Καὶ
2864 1717 3040 1788 πῶςή
3080 1720 3387 1791 εἱμαρμένη
3434 1720 3509 1792 μὴ
3564 1717 3704 1776 εἶναι

437 1806 546 1860 que
569 1788 773 1860 fatique
811 1790 1077 1843 rationem
1112 1787 1412 1853 invideret,
1452 1803 1681 1858 prorsus
1708 1799 1827 1843 erat
1854 1790 2012 1844 nihil.

2120 1807 2321 1876 ἑαυτὴν
2346 1807 2528 1876 λέγειν
2550 1826 2609 1861 τε
2643 1809 2738 1862 καὶ
2768 1812 2984 1880 φρονεῖν
3012 1787 3294 1876 ἐϐιάσατο;
3327 1787 3391 1864 Τί
3436 1787 3571 1866 δὲοὶ
3605 1814 3706 1885 τῆς

440 1877 545 1936 Sed
573 1895 686 1951 quo
719 1888 898 1934 tamen
931 1876 1064 1944 fato,
1105 1876 1360 1932 Servator
1384 1886 1573 1934 noster
1602 1876 1747 1934 Deus
1773 1889 1895 1949 post
1915 1880 2016 1934 ad-

437 1985 660 2030 ventum
685 1988 846 2030 suum
872 1972 1004 2027 orbe
1034 1981 1147 2027 toto
1168 1982 1522 2027 consecratus
1540 1983 1625 2028 est
1644 1989 1658 2037 ;
1682 1987 1823 2043 quos
1843 1973 2015 2028 Graeci

437 2067 647 2137 pridem
680 2081 748 2120 ac
787 2064 1007 2120 barbari
1056 2064 1187 2118 deos
1234 2064 1569 2131 habuerant,
1612 2064 1813 2121 sublati
1847 2067 2018 2121 sunt?

438 2173 539 2213 nec
580 2158 738 2212 aliter
789 2171 952 2227 quam
1003 2155 1129 2210 novi
1172 2152 1425 2210 Numinis
1469 2155 1721 2211 doctrina
1771 2156 2018 2213 sublati?

435 2250 721 2319 Quodnam
753 2264 921 2320 porro
953 2247 1148 2311 fatum,
1194 2259 1421 2305 cunctos
1446 2248 1695 2305 homines
1720 2247 1892 2305 Deum
1929 2266 2017 2306 re-

436 2358 558 2399 rum
600 2357 722 2398 esse
756 2341 1062 2397 molitorem
1112 2340 1359 2396 omnium
1406 2340 1632 2410 docuit,
1677 2340 1851 2398 fatum
1894 2356 2017 2398 esse

437 2434 648 2490 nullum
682 2433 919 2504 proliteri
949 2432 1162 2501 coegit?
1184 2430 1286 2497 Qui
1316 2430 1434 2484 ﬁeri
1471 2430 1681 2500 potuit,
1718 2439 1779 2484 ut
1806 2443 1874 2482 cx
1909 2428 2012 2481 bo-

437 2533 648 2587 minum
689 2548 785 2587 ore
821 2531 982 2587 simul
1012 2541 1068 2586 et
1111 2531 1441 2603 cogitatione
1478 2531 1652 2586 fatum
1688 2529 1785 2583 l'ati
1824 2528 1878 2584 vi
1910 2527 2015 2583 tol-

434 2632 672 2688 leretur?
700 2630 841 2699 Quid
891 2646 1083 2686 eorum
1127 2631 1418 2687 multitudo
1456 2638 1645 2693 tanta,
1679 2628 1772 2698 qui
1811 2642 2010 2698 genera

431 2730 791 2785 certaminum
828 2728 1009 2784 omnia
1039 2767 1055 2793 ,
1104 2742 1205 2797 pro
1232 2726 1396 2800 254
1418 2726 1747 2782 Christianae
1790 2727 2011 2796 pietatis

429 2821 801 2891 doctrinaeque
849 2818 1205 2886 defensione,
1256 2835 1381 2875 cum
1429 2817 1809 2889 superioribus
1864 2830 2012 2874 retro

428 2913 645 2969 saeculis
672 2912 912 2977 subiere,
942 2920 1056 2966 tum
1087 2920 1245 2967 aetate
1266 2927 1487 2982 quoque
1516 2920 1706 2967 nostra
1732 2912 2012 2967 subeunt?

2117 1899 2212 1952 τοῦ
2237 1900 2490 1971 Σωτῆρος
2523 1901 2678 1972 ήμῶν
2710 1902 2967 1966 εὐσεϐοῦς
2998 1902 3160 1957 ἕνεκα
3186 1903 3533 1969 διδασκαλίας
3568 1923 3705 1959 παν·

2115 1988 2292 2052 τοίους
2310 1988 2504 2053 ἄθλους
2530 1990 2764 2043 ἔκπαλαι
2787 1991 3169 2059 ἠγωνισμένοι,
3199 1992 3292 2045 καὶ
3326 1993 3496 2046 εἰσέτι
3544 1993 3705 2065 δεῦρο

2115 2081 2457 2145 διαθλοῦντες
2482 2100 2497 2149 ;
2534 2085 2663 2153 μιᾶς
2688 2082 2793 2153 ἄρα
2822 2082 2917 2135 καὶ
2944 2083 3043 2152 τῆς
3062 2084 3230 2153 αὐτῆς
3256 2083 3446 2154 ἔτυχον
3485 2085 3700 2156 μοίρας,

2114 2171 2190 2235 ὠς
2221 2171 2310 2240 ὑφ’
2335 2172 2416 2225 ἑνὶ
2437 2171 2579 2243 λόγῳ
2609 2173 2705 2226 καὶ
2727 2172 3045 2244 διδασκαλία
3072 2173 3408 2245 δουλωθῆναι
3434 2214 3449 2240 ,
3489 2176 3620 2247 μίαν
3641 2192 3701 2228 τε

2112 2265 2338 2337 γνώμην
2368 2267 2461 2320 καὶ
2485 2265 2804 2336 προαίρεσιν
2832 2265 3190 2331 ἐνδείξασθαι,
3224 2268 3317 2320 καὶ
3351 2267 3531 2338 ψυχῆς
3570 2269 3702 2339 ἀρε-

2111 2356 2212 2428 τὴν
2240 2355 2389 2427 μίαν,
2422 2354 2518 2408 ἕνα
2547 2371 2606 2408 τε
2635 2356 2729 2409 καὶ
2753 2356 2845 2408 τὸν
2869 2355 3031 2408 αὑτὸν
3055 2356 3415 2423 ἀναδέξασθαι
3449 2358 3584 2428 βίον,
3607 2359 3701 2412 καὶ

2111 2445 2268 2515 λόγον
2296 2446 2581 2515 ἀγαπῆσαι
2603 2445 2693 2499 τὸν
2718 2447 2902 2509 αὑτὸν,
2924 2447 3025 2510 τάς
3054 2464 3114 2500 τε
3141 2447 3309 2511 αὐτάς
3340 2449 3699 2521 ἀγαπητικῶς

2113 2537 2400 2608 ὑπομεῖναι
2430 2538 2458 2577 δ
2485 2538 2665 2601 πάσας
2724 2537 2791 2590 δι’
2836 2537 3083 2592 ἔνστασιν
3116 2540 3424 2608 εὐσεϐείας;
3468 2544 3579 2597 Καὶ
3615 2543 3700 2608 τίς

2112 2627 2180 2683 ἂν
2202 2628 2359 2700 ὀρθὸς
2382 2628 2537 2682 τοῦτο
2565 2630 2938 2701 συγχωρήσειε
2961 2629 3138 2699 λόγος,
3167 2632 3321 2696 νέους
3347 2634 3489 2687 κατά
3510 2635 3697 2698 ταὺτὸ,

2110 2720 2205 2774 καὶ
2230 2720 2561 2791 πρεσϐύτας,
2590 2721 2685 2774 καὶ
2716 2722 2825 2773 πᾶν
2850 2720 3049 2793 μέτρον
3073 2723 3311 2794 ἡλικίας,
3355 2726 3603 2797 ἀρρένων
3638 2743 3698 2780 τι

2110 2811 2204 2865 καὶ
2235 2812 2464 2884 θηλειῶν
2493 2813 2646 2882 γένη,
2675 2812 2863 2880 φύσεις
2890 2831 2949 2866 τε
2978 2813 3268 2887 βαρϐάρων
3289 2818 3519 2889 ἀνδρῶν,
3556 2821 3700 2873 οἱκε-

2107 2902 2217 2955 τῶν
2236 2902 2370 2973 ὁμοῦ
2419 2906 2513 2958 καὶ
2540 2904 2880 2975 ἐλευθερίων,
2904 2905 3101 2974 λογίων
3148 2923 3209 2959 τε
3250 2908 3341 2961 καὶ
3366 2909 3611 2973 παιδείας
3636 2911 3699 2964 ἁ-

428 3000 551 3062 Uno
578 3005 828 3061 videlicet
852 3018 1042 3059 omnes
1066 3004 1366 3075 eodemque
1399 3004 1512 3059 fato
1538 3005 1652 3060 nati
1683 3014 1828 3071 sunt,
1860 3007 2007 3076 quod

2113 2997 2377 3068 μετόχων,
2407 2997 2507 3050 οὐκ
2526 2999 2585 3049 ὲν
2597 3000 2771 3068 γωνίᾳ
2802 2999 2926 3068 γῆς,
2951 2999 3059 3053 οὐδ’
3076 3000 3181 3054 ὑπὸ
3207 3001 3380 3055 τοῖσδε
3394 3005 3698 3075 γενομένων

423 3107 483 3154 et
513 3098 636 3152 illos
664 3097 839 3152 eidem
867 3094 1119 3151 instituto
1163 3095 1532 3166 doctrinaeque
1567 3096 1924 3167 manciparit,
1955 3107 2009 3152 et

2113 3090 2221 3151 τοῖς
2244 3089 2486 3161 ἄστροις,
2507 3087 2633 3143 καθ’
2661 3090 2790 3161 ὅλης
2807 3090 2865 3143 δὲ
2888 3091 2985 3162 τῆς
3016 3089 3321 3161 ἀνθρώπων
3349 3094 3695 3167 οἰκουμένης,

424 3189 674 3247 eamdem
703 3188 772 3243 ab
806 3186 914 3242 illis
950 3186 1272 3243 sententiam
1309 3200 1377 3243 ac
1402 3188 1736 3243 voluntatem
1785 3202 2009 3258 expres-

2113 3179 2448 3252 εἱμαρμένης
2479 3180 2694 3254 ἀνάγκη
2723 3181 2889 3251 φάναι
2915 3182 3338 3253 βεϐιασμένους,
3378 3184 3528 3239 τόνδε
3577 3186 3699 3239 τινὰ

426 3282 594 3347 serit;
646 3279 769 3334 illos
810 3276 1045 3346 denique
1083 3292 1194 3333 non
1240 3278 1306 3333 ad
1351 3280 1785 3349 amplectendam
1827 3281 2006 3335 solum

2113 3272 2216 3326 τῶν
2243 3270 2513 3343 πατρῴων
2559 3274 2815 3329 ἁπάντων
2858 3275 3195 3346 προτιμῆσαι
3246 3275 3423 3343 λόγον,
3460 3279 3555 3330 καὶ
3606 3278 3697 3331 τὸν

425 3373 677 3429 eamdem
726 3369 850 3424 vita:
887 3383 1217 3438 morumque
1265 3372 1566 3439 rationem,
1608 3372 1700 3426 sed
1737 3372 1902 3427 etiam
1940 3373 2006 3427 ad

2113 3364 2251 3435 ὑπὲρ
2291 3365 2577 3429 εὐσεϐείας
2626 3365 2744 3430 ἑνὸς
2770 3365 2865 3419 τοῦ
2900 3367 2995 3419 ἐπὶ
3032 3365 3249 3420 πάντων
3286 3366 3422 3419 Θεοῦ
3467 3368 3696 3422 θάνατον

425 3465 649 3523 eosdem
693 3464 920 3520 omnino
964 3464 1241 3519 cruciatus
1289 3465 1571 3534 religionis
1600 3465 2008 3535 propugnandaa

2113 3455 2468 3527 ἀγαπητικῶς
2493 3456 2709 3510 ἑλέσθαι
2730 3497 2745 3517 ,
2769 3456 2841 3510 τά
2862 3473 2922 3509 τε
2953 3458 3083 3527 περὶ
3104 3456 3284 3526 ψυχῆς
3311 3456 3612 3520 ἀθανασίας
3632 3453 3691 3510 εὖ

425 3559 601 3631 gratia
630 3555 1305 3623 sustinendos-impulerit.
1346 3553 1544 3625 Ecquae
1569 3557 1811 3619 tandem,
1840 3557 1885 3611 si
1920 3572 2005 3611 re-

427 3660 513 3706 cta
538 3650 701 3704 modo
728 3650 831 3712 sit,
866 3647 1007 3701 ratio
1040 3644 1207 3711 ferat,
1242 3647 1317 3701 uti
1355 3647 1588 3717 juvenes
1630 3647 1793 3703 simul
1844 3656 2007 3719 atque

425 3754 587 3796 senes
611 3780 627 3805 ,
664 3737 980 3807 nullamque
1024 3735 1162 3791 adeo
1212 3750 1322 3790 non
1371 3745 1583 3791 aetatem
1610 3776 1625 3800 ,
1659 3752 1837 3793 mares
1877 3739 2003 3793 item

424 3831 630 3904 pariter
654 3845 718 3885 ac
752 3827 1005 3893 feminas,
1052 3835 1129 3882 tot
1159 3828 1516 3882 barbarorum
1558 3843 1776 3896 genera,
1817 3844 2004 3884 servos

422 3937 578 3993 aeque
603 3937 667 3977 ac
693 3920 918 3987 liberos,
939 3919 1183 3974 eruditos
1214 3918 1375 3973 simul
1405 3916 1549 3973 etab
1581 3920 1729 3973 omni
1754 3920 2003 3976 doctrina

424 4015 739 4085 imparatos,
763 4027 872 4066 non
896 4011 951 4065 in
981 4010 1166 4081 aliquo
1200 4018 1467 4064 terrarum
1504 4009 1725 4081 angulo,
1750 4025 1860 4065 non
1890 4027 1996 4066 cer-

422 4110 493 4167 tis
534 4107 860 4179 quibusdam
906 4106 1008 4161 sub
1040 4105 1202 4159 astris
1248 4102 1629 4174 sideribusque
1663 4111 1857 4170 natos,
1906 4103 2001 4159 sed

421 4201 554 4258 orbe
581 4200 785 4271 passim
815 4200 1092 4262 universo,
1130 4207 1349 4252 coactos
1380 4210 1504 4251 esse
1546 4196 1697 4251 dicas
1726 4204 1999 4251 recentem

420 4287 715 4358 quemdam
745 4285 909 4342 ritum
947 4286 1137 4358 patriis
1166 4283 1420 4339 omnibus
1445 4284 1739 4349 anteferre,
1767 4295 1998 4342 mortem

418 4380 769 4451 praepotentis
802 4379 964 4434 unius
997 4377 1090 4433 Dei
1117 4393 1283 4433 causa
1305 4377 1535 4433 libenter
1586 4378 1877 4443 sustinere,
1909 4393 1999 4433 re-

419 4472 684 4529 ctissimis
718 4471 784 4526 de
814 4471 1122 4525 animorum
1173 4469 1583 4524 immortalitate
1611 4468 1882 4540 dogmatis
1911 4470 1996 4524 in-

2111 3546 2256 3616 μάλα
2280 3546 2527 3617 δόγματα
2553 3546 2923 3610 παιδεύεσθαι,
2951 3547 3046 3598 καὶ
3070 3545 3382 3616 φιλοσοφίαν
3411 3547 3473 3600 οὐ
3511 3548 3609 3618 τὴν
3635 3552 3695 3603 ὲν

2105 3637 2304 3705 λόγοις,
2334 3639 2433 3709 τὴν
2460 3637 2518 3691 δὲ
2549 3637 2616 3690 δι’
2650 3637 2829 3708 ἔργων
2857 3638 3228 3708 προτιμῆσαι;
3266 3636 3450 3690 Ταῦτα
3480 3639 3589 3710 γάρ
3625 3640 3691 3693 ἂν

2105 3727 2190 3800 εἴη
2219 3728 2287 3781 τά
2309 3730 2403 3782 καὶ
2423 3727 2609 3799 τυφλῷ
2636 3728 2791 3799 δῆλα,
2816 3728 2893 3791 ὡς
2925 3728 3181 3799 οὐδεμιᾶς
3220 3728 3486 3799 ἀνάγκης,
3511 3731 3690 3802 μαθή-

2107 3817 2245 3882 σεώς
2271 3835 2330 3872 τε
2372 3830 2395 3858 ο
2430 3819 2525 3872 καὶ
2550 3818 2899 3883 διδασκαλίας
2929 3821 3106 3874 οἱκεῖα
3124 3820 3403 3891 τυγχάνει,
3436 3821 3693 3875 αὑθεκου-

2107 3911 2221 3964 σίου
2244 3909 2469 3980 γνώμης
2498 3910 2593 3964 καὶ
2617 3911 2987 3982 προαιρέσεως
3003 3911 3293 3983 ἐλευθέρας
3326 3913 3530 3985 ἐναργῆ
3556 3930 3686 3982 τυγ-

2103 4002 2335 4073 χάνοντα
2360 4001 2797 4073 παραδείγματα.
2834 4003 3050 4057 Γένοιτο
3098 4004 3144 4058 δ’
3186 4005 3254 4059 ἂν
3291 4007 3385 4059 καὶ⁵
3417 4004 3553 4060 ἄλλα
3593 4004 3689 4059 τοῦ

2103 4093 2486 4167 προϐλήματος
2527 4096 2909 4166 παραστατικά
2941 4096 3128 4167 μυρία’
3160 4090 3235 4150 ὧν
3260 4099 3328 4151 τά
3352 4097 3521 4151 πολλά
3557 4115 3692 4169 παρ-

2101 4189 2199 4255 εὶς,
2225 4187 2387 4251 αὐτὸς
2416 4186 2514 4257 μὲν
2548 4190 2663 4251 τοῖς
2696 4190 3008 4260 εἰρημένοις
3055 4189 3496 4261 ἀρκεσθήσεμαι·
3527 4190 3611 4242 σοὶ
3631 4190 3688 4243 δὲ

2100 4280 2162 4333 τὸ
2196 4279 2288 4333 σὺν
2316 4280 2654 4351 ἀνάγνωσμα
2679 4280 2789 4334 τῶν
2815 4282 2993 4351 σοφῶν
3020 4299 3130 4334 ⁴σου
3177 4282 3481 4351 φιλοσόφων
3519 4299 3688 4336 κατα-

2099 4371 2270 4442 λείψω
2294 4375 2536 4437 σκοπεῖν,
2567 4374 2644 4436 ὡς
2670 4373 2736 4429 ἂν
2768 4374 2961 4444 μάθοις
2991 4375 3113 4430 ὅσον
3147 4374 3256 4444 ἄρα
3288 4375 3394 4426 τῶν
3422 4389 3685 4444 χρησμῳο

2099 4462 2204 4518 δῶν
2259 4481 2352 4517 σου
2390 4465 2529 4519 θεῶν
2576 4466 2882 4537 σοφώτερος
2919 4462 2988 4535 ἦν
3021 4465 3116 4517 καὶ
3143 4464 3366 4534 βελτίων
3402 4464 3687 4536 ἄνθρωπος

418 4562 677 4631 formari,
712 4573 768 4619 et
789 4561 1189 4633 philosophiam
1222 4576 1536 4631 expressam
1563 4562 1850 4631 operibus.
1881 4577 1991 4616 non

2113 4559 2273 4622 5102i;
2297 4558 2637 4631 θαυμασίους
2664 4559 2949 4631 χρησμοὺς
2974 4556 3187 4626 ψευδεῖς
3228 4556 3563 4628 ἀπελέγχων,
3592 4560 3687 4614 καὶ

413 4658 598 4715 verbis
629 4656 1011 4714 adumbratam
1053 4654 1337 4724 proﬁteri?
1395 4651 1493 4708 Vel
1540 4669 1717 4709 caecus
1747 4652 1991 4723 profecto

2113 4651 2191 4707 τὸν
2221 4652 2421 4707 Πύθιον
2451 4653 2637 4716 αὑτὸν,
2681 4655 2767 4723 ἐφ’
2800 4648 2880 4717 οἷς
2913 4652 3114 4723 ἔχρησε
3154 4651 3282 4723 περὶ
3322 4652 3684 4728 εἱμαρμένης.

415 4752 596 4807 videat
637 4748 941 4819 disciplinae
964 4747 1080 4802 haec
1102 4755 1156 4801 et
1183 4745 1547 4801 institutionis
1574 4760 1728 4814 esse,
1767 4761 1874 4801 non
1907 4745 1990 4799 ul-

2113 4745 2495 4817 ἱπιῤῥαπίζων.
2524 4747 2722 4798 ’Ἄκουε
2745 4745 2789 4797 δ’
2811 4741 2904 4799 οὖν
2924 4741 3080 4809 αὖθις
3096 4743 3190 4798 τοῦ
3206 4750 3306 4816 τὴν
3318 4746 3426 4799 τῶν
3441 4746 3686 4813 Γοήτων

325 4828 331 4835 ’
412 4844 523 4899 lius
547 4839 922 4903 necessitatis,
959 4839 1205 4909 adeoque
1234 4836 1524 4893 manifesta
1551 4837 1845 4891 voluntatis
1868 4836 1991 4906 jure

2113 4841 2291 4908 φορὰν
2319 4839 2381 4892 τὸ
2421 4841 2619 4892 οἱκεῖον
2653 4838 3088 4909 ἐπονομάσαντος
3112 4836 3449 4909 σύγγραμμα
3472 4880 3486 4904 ,
3516 4840 3592 4903 ὡς
3621 4834 3682 4893 εὖ

414 4935 619 4992 utentis
662 4947 793 4996 suo,
835 4931 1128 5001 libereque
1171 4928 1450 4985 facultatis
1474 4938 1819 5000 argumenta.
1860 4928 1993 4982 Pos-

2113 4930 2249 4999 μάλα
2276 4929 2512 5000 νεανικῷ
2536 4930 2843 5001 φρονήματι
2862 4929 2956 4982 τὸν
2980 4928 3177 4981 πλάνον
3204 4930 3312 4984 τῶν
3339 4929 3569 4996 πολλῶν,
3591 4934 3686 4988 καὶ

414 5044 529 5085 sem
565 5026 816 5097 equidem
842 5022 1115 5079 sexcentis
1136 5021 1259 5078 aliis
1288 5023 1491 5078 hancce
1520 5022 1877 5092 quaestionem
1901 5036 1988 5074 ra-

2113 5023 2267 5075 ιύτοῦ
2298 5039 2363 5091 γε
2387 5023 2483 5077 τοῦ
2524 5022 2856 5086 ’Λπόλλωνος
2881 5022 3297 5094 ἐπανορθοῦται,
3343 5023 3412 5078 δι’
3440 5017 3518 5079 ὧν
3550 5026 3687 5098 γρά-

412 5120 656 5176 tionibus
695 5118 1002 5184 illustrare,
1034 5115 1311 5185 plerisque
1346 5125 1526 5168 tamen
1563 5115 1667 5169 hoc
1711 5114 1831 5170 loco
1862 5129 1997 5183 prae-

2113 5131 2194 5182 ;ast
2226 5115 2351 5168 τάδε
2381 5115 2523 5169 κατὰ
2549 5115 2711 5179 λέξιν.

411 5211 712 5277 termissis,
743 5210 1009 5265 hactenus
1034 5207 1211 5261 allatis
1257 5215 1546 5261 contentus
1584 5222 1701 5262 ero.
1762 5205 1919 5273 Quod
1976 5215 2252 5277 superest,
2302 5208 2455 5276 juvat
2490 5209 2750 5263 nonnulla
2780 5208 2911 5277 tibi,
2957 5218 3144 5279 utpote
3167 5210 3420 5281 propria,
3462 5220 3518 5267 et
3580 5212 3688 5268 tuis

410 5309 520 5364 illis
564 5307 900 5377 sapientibus
939 5302 1280 5377 philosophis
1326 5303 1553 5373 legenda
1599 5302 2125 5373 contemplandaque
2174 5304 2524 5373 relinquere,
2575 5314 2635 5359 ut
2691 5303 2995 5377 intelligas,
3054 5313 3319 5375 quantum
3363 5306 3690 5361 numinibus

410 5403 520 5457 tuis
541 5401 888 5456 oraculorum
916 5399 1233 5455 cantoribus
1258 5399 1423 5453 homo
1449 5413 1557 5452 non
1580 5399 1847 5468 sapientia
1891 5408 2125 5464 tantum,
2170 5397 2265 5453 sed
2293 5398 2457 5453 etiam
2488 5399 2800 5469 integritate
2843 5400 3173 5469 praestiterit,
3213 5399 3307 5470 qui
3354 5414 3479 5455 cum
3538 5416 3687 5471 egre-

410 5495 497 5563 gia
529 5493 785 5547 vaticinia
814 5491 1085 5548 mendacii
1128 5503 1184 5547 et
1228 5490 1487 5546 vanitatis
1538 5501 1835 5562 argueret,
1873 5501 1988 5546 tum
2028 5491 2208 5562 ipsum
2243 5507 2463 5563 quoque
2505 5490 2760 5563 Pythium
2827 5493 2899 5549 ob
2957 5509 3023 5550 ea
3047 5534 3063 5562 ,
3111 5509 3234 5564 quae
3259 5492 3326 5549 de
3350 5492 3462 5549 fato
3491 5494 3684 5562 edidit,

498 5768 526 5800 ι
554 5759 640 5814 ισ.
665 5756 840 5829 αὖθις.
880 5833 887 5837 _
916 5763 1050 5820 δισ.
1085 5764 1225 5820 deest
1257 5766 1542 5837 βασάνους.
1623 5777 1647 5805 ο
1680 5765 1768 5821 ῑσ.
1792 5764 1872 5822 δέ.
