4162 6416
352 423 569 480 ιιεε

1628 421 1951 479 ΡΒΑΕΡΑΠ.
1993 422 2244 481 EVANG.
2286 423 2414 481 LIB.
2458 426 2546 480 VI.

3601 427 3704 481 ιὸῑ

462 550 722 602 responsa
779 534 1074 590 vellicaret.
1118 534 1254 589 Audi
1298 550 1449 606 ergo,
1501 539 1959 607 quemadmodum
1986 541 2338 610 philosorihus
2368 541 2476 606 ille,
2533 539 2624 610 qui
2658 555 2816 594 suum
2847 539 2961 610 ipse
3018 555 3175 610 opus,
3211 538 3570 608 Mnleﬁcorum
3604 544 3704 596 im-

458 637 633 696 petum
670 627 967 695 inscripsit,
1001 642 1274 697 quamque
1308 627 1503 682 acriter
1532 644 1596 683 ac
1620 638 1871 697 strenue,
1904 646 2029 685 cum
2071 632 2240 703 vulgi,
2270 645 2381 687 tum
2408 632 2578 702 ipsius
2602 646 2818 702 quoque
2847 630 3113 701 Apollinis
3175 629 3386 686 fabulas
3447 631 3705 703 ineptias-

458 736 565 792 que
587 720 833 792 castiget.
878 721 968 777 Sic
991 722 1135 777 enim
1174 721 1240 775 ad
1273 724 1499 777 verbum
1524 725 1736 779 scribit.

1004 862 1399 917 ΚΕΦΛΛᾹΙΟΝ
1427 862 1495 918 Ζ’.

455 992 649 1063 ’Ὅπως
682 992 776 1042 καὶ
804 989 1002 1063 αίντῶν
1039 990 1342 1063 Ἑλλήνων
1371 998 1422 1047 οἱ
1440 996 1760 1063 φαιόσοςεοι
1787 996 1890 1062 τὰς
1916 996 2035 1050 τῶν

713 1060 913 1136 αρᾼτῶν
933 1061 1073 1136 περὶ
1101 1059 1677 1136 εἱραρμένηςῖ-δόξαςῖ
1703 1059 2033 1136 ὀρθοτέροις

527 1129 881 1200 ἀπήλεγξαν
907 1129 1239 1201 λογισμοῖς,
1270 1134 1386 1187 ἀπὸ
1411 1129 1539 1188 τῶν
1577 1129 1887 1206 Οἰνομάου.

531 1279 549 1311 ι
585 1262 650 1314 Σὲ
675 1258 769 1315 οὖν
803 1264 861 1315 ὲν
892 1263 1117 1332 Δελφοῖς
1152 1264 1423 1335 καθῆσθαι
1456 1268 1530 1338 μὴ
1552 1267 1845 1338 δυνάμενον
1864 1307 1878 1331 ,
1908 1268 2030 1339 μηδ’

452 1356 501 1408 εἰ
535 1354 744 1424 βούλοιο
780 1356 1009 1426 σιωπᾷν.
1069 1356 1126 1410 Ὀ
1155 1357 1199 1409 δ’
1234 1358 1504 1411 Ἀπόλλων
1550 1359 1660 1431 ἄρα
1702 1362 1730 1413 ὁ
1771 1360 1865 1413 τοῦ
1909 1362 2030 1425 Διὸς

453 1445 568 1508 υἱὸς
621 1446 738 1499 νυνὶ
782 1444 1050 1516 βούλεται,
1097 1447 1194 1519 οὐχ
1225 1450 1306 1501 ὅτι
1341 1448 1618 1519 βούλεται,
1663 1449 1775 1504 ἀλλ’
1822 1452 1904 1504 ὅτι
1937 1454 2028 1507 ὑπ’

454 1539 697 1609 ἀνάγκης
719 1541 800 1603 εἰς
824 1540 888 1593 τὸ
918 1539 1242 1612 βουληθῆναι
1274 1542 1553 1597 τέτακται.
1579 1544 1730 1597 Δοκῶ
1761 1544 1818 1597 δέ
1848 1546 2031 1616 μοιτά

449 1628 608 1682 λοιπά
640 1630 818 1684 πάντα
852 1632 1067 1703 παρεὶς,
1092 1632 1277 1704 ἐπειδὴ
1301 1635 1381 1697 εἰς
1401 1633 1589 1687 τοῦτον
1614 1635 1704 1687 τὸν
1735 1635 1909 1703 λόγον,
1931 1638 2029 1690 οὐκ

447 1714 545 1772 οἷδ’
578 1723 748 1787 ὅπως,
781 1723 1053 1795 ὑπήχθην,
1085 1725 1284 1778 οἰκεῖόν
1330 1742 1381 1778 τι
1412 1727 1506 1779 καὶ
1544 1726 1897 1797 ἀξιοζήτητον
1932 1726 2031 1797 ζη-

446 1814 632 1885 τήσειν
659 1816 913 1884 πρᾶγμα.
960 1816 1229 1869 Ἀπόλωλε
1258 1818 1386 1888 γὰρ,
1419 1818 1480 1870 τό
1501 1820 1549 1885 γ’
1578 1818 1670 1872 ἐπὶ
1692 1820 1803 1881 τοῖς
1825 1820 2025 1887 σοφοῖς.

446 1910 512 1959 ὲκ
548 1906 643 1959 τοῦ
694 1907 1032 1974 ἀνθρωπίνου
1075 1907 1226 1977 βίου,
1272 1909 1571 1971 ἀπόλωλεν,
1616 1910 1723 1962 εἴτε
1757 1909 1918 1963 οτακά
1946 1927 2028 1972 τις

446 1997 599 2061 αὐτὸ,
635 1998 745 2050 εἴτε
768 1998 934 2068 ἕρμα,
973 2000 1079 2051 εἴτε
1109 2000 1351 2071 κρηπῖδα
1377 2000 1655 2071 ὀνομάζει,
1697 2004 1798 2072 τῆς
1828 2003 2025 2072 ἡμετὲ-

449 2103 547 2158 ρας
581 2086 726 2158 ζωῆς
754 2089 787 2159 ἡ
812 2087 1024 2151 ἐξουσία
1044 2106 1057 2118 ·
1088 2088 1154 2159 ἣν
1186 2090 1345 2159 ἡμεῖς
1371 2090 1470 2161 μὲν
1503 2092 1881 2161 αὐτοκράτορα
1915 2091 2023 2144 τῶν

446 2181 891 2248 ἀναγκαιοτάτων
922 2180 1179 2250 τιθέμεθα
1201 2199 1214 2211 ·
1250 2182 1588 2253 Δημόκριτος
1619 2182 1675 2234 δέ
1710 2183 1822 2252 (τὶ8)
1862 2199 1946 2250 γε,
1973 2183 2021 2233 ει

2056 876 2104 933 Α

2624 864 2784 937 255
2820 862 3049 920 CAPUT
3088 863 3199 918 νη.

2141 996 2595 1079 Quemadmodum
2639 996 2763 1079 ipsi_
2788 1012 2990 1079 quoque
3032 996 3333 1079 Grccorum
3375 997 3697 1079 philosophi,

2207 1068 2425 1120 deorum
2465 1068 2697 1135 ipsorum
2727 1066 2793 1119 de
2821 1066 2935 1132 fato
2960 1070 3245 1123 sententias
3283 1066 3588 1125 sanioribus'
3611 1087 3700 1125 ar-

2208 1138 2469 1208 gumentis
2501 1136 2846 1205 confutarint,
2879 1153 2943 1190 ea:
2970 1137 3229 1194 CEnomai
3254 1138 3485 1207 scriptis.

2213 1285 2230 1318 ι
2266 1264 2343 1320 Te
2364 1266 2530 1334 igitur
2561 1264 2779 1335 Delphis
2808 1267 3114 1334 considere,
3146 1282 3210 1322 ac
3233 1283 3301 1321 ne
3334 1268 3382 1323 si
3413 1268 3546 1324 velis
3574 1270 3697 1339 qui.

2134 1356 2279 1419 dem,
2313 1356 2472 1410 silere
2502 1364 2680 1409 tamen
2720 1370 2899 1424 posse.
2943 1355 3098 1413 Nunc
3138 1358 3415 1414 enimvero
3456 1360 3571 1417 vult
3597 1361 3697 1414 ali-

2133 1447 2263 1517 quid
2296 1444 2489 1516 Apollo
2530 1444 2683 1502 Jovis
2710 1446 2892 1514 tilius,
2935 1462 3045 1502 non
3090 1449 3233 1518 quod
3267 1450 3340 1504 ita
3380 1449 3548 1514 velit,
3601 1453 3696 1507 sed

2132 1537 2278 1607 quod
2323 1537 2402 1591 uti
2426 1536 2593 1598 velit,
2639 1539 2964 1593 necessitate
3008 1539 3276 1609 adigatur.
3309 1540 3493 1597 Placet
3529 1556 3695 1607 vero,

2132 1628 2344 1684 caeteris
2376 1627 2632 1683 omnibus
2664 1629 3064 1697 praetermissis,
3102 1631 3322 1700 quando
3351 1632 3518 1687 semel
3544 1671 3561 1695 ,
3603 1649 3697 1688 ne-

2131 1720 2247 1775 seio
2274 1735 2387 1790 quo
2417 1730 2576 1789 pacto
2600 1721 2740 1776 banc
2769 1722 2823 1775 in
2851 1722 3150 1776 orationem
3199 1724 3361 1777 incidi
3381 1762 3404 1803 ,.
3434 1727 3694 1794 quaestio-

2131 1828 2251 1867 nem
2279 1827 2402 1867 cum
2438 1812 2601 1881 hujus
2627 1811 2729 1867 loci
2764 1813 3038 1882 propriam
3059 1852 3074 1875 ,
3109 1821 3221 1867 tum
3254 1814 3390 1868 scitu
3433 1816 3694 1885 dignissi-

2129 1919 2272 1958 mam
2295 1912 2571 1958 excutere.
2605 1901 2831 1957 Sublata
2852 1902 3109 1957 nimirum
3138 1903 3400 1969 funditus,
3426 1915 3690 1975 quantum

2129 2005 2214 2051 est
2245 1996 2299 2050 in
2325 1995 2528 2051 nostris
2554 1995 2912 2065 sapientibus,
2938 2010 3003 2050 ex
3037 1995 3273 2050 humana
3299 1997 3426 2060 vita,
3456 2006 3540 2053 est
3562 1999 3691 2054 sub-

2129 2088 2259 2150 lata,
2290 2088 2539 2157 inquam,
2570 2085 2803 2142 facultas
2834 2086 2946 2151 illa,
2973 2102 3137 2157 quam
3161 2088 3402 2157 ejusdem
3432 2090 3556 2144 vitae
3593 2105 3688 2146 seu

2127 2179 2377 2233 columen
2413 2178 2621 2244 mavis,
2672 2192 2766 2232 seu
2796 2178 3029 2248 denique
3063 2178 3471 2234 fundamentum
3508 2181 3693 2250 appel—

447 2272 523 2341 μή
555 2287 606 2322 τι
640 2270 949 2341 ἠπάτημαι,
985 2272 1079 2324 καὶ
1099 2272 1443 2342 Χρύσιππος,
1473 2275 1502 2326 ὁ
1530 2273 1628 2343 μὲν
1660 2273 1865 2338 δοῦλον,
1902 2274 1931 2325 ὁ
1962 2272 2008 2326 δὲ

2124 2271 2202 2326 les
2249 2268 2376 2324 licet
2412 2288 2427 2324 :
2462 2284 2566 2323 nos
2595 2284 2824 2325 summa:
2855 2284 3075 2340 quoque
3125 2272 3465 2327 necessitatis
3516 2272 3692 2328 domi-

443 2360 729 2431 ἠμῐδουλον
762 2363 966 2415 ἐπινοεῖ
999 2363 1060 2416 τὸ
1084 2362 1368 2417 κάλλιστον
1388 2362 1496 2416 τῶν
1518 2362 1871 2433 ἀνθρωπίνων
1901 2365 2008 2417 ἑπι-

2126 2374 2250 2413 nam
2281 2358 2723 2428 pronuntiamus.
2767 2357 3110 2414 Democritus
3149 2369 3297 2415 certe
3340 2361 3591 2430 quidem,
3637 2377 3690 2419 es

441 2451 608 2515 δεῖξαι
640 2464 688 2505 ι.
738 2452 896 2506 Ἀλλά
928 2453 1128 2507 τούτων
1156 2470 1253 2524 μεν
1286 2454 1441 2523 λόγος
1466 2454 1718 2507 τοσοῦτον
1737 2494 1751 2519 ,
1791 2455 1914 2507 ὅσον
1954 2454 2008 2507 bii

2123 2449 2483 2521 Chrysippus,
2528 2450 2634 2503 nisi
2670 2449 2928 2505 memoria
2958 2448 3112 2515 fallit,
3137 2450 3339 2519 justam
3371 2453 3507 2507 alter
3535 2469 3687 2521 esse,

440 2558 523 2605 τις
550 2541 830 2606 ἀξιώσειεν
863 2543 1145 2615 ἄνθρωπος
1179 2548 1254 2603 ὢν
1279 2542 1638 2615 ἀνθρωπίνοις
1661 2544 1715 2598 ι).
1750 2546 1813 2599 El
1845 2544 1890 2598 δ’
1917 2544 2008 2616 ἤδη

2123 2541 2259 2595 alter
2278 2541 2581 2604 dimidiam,
2601 2541 2856 2596 humanae
2877 2551 3083 2597 naturae
3103 2543 3245 2597 dotis
3263 2544 3424 2600 unius
3442 2545 3685 2601 omnium

438 2634 534 2687 καὶ
559 2634 620 2688 τὸ
645 2634 785 2688 θεῖον
808 2635 966 2706 ἡμῶν
988 2637 1507 2709 καταστρατεύεται,
1537 2637 1714 2692 παπαί
1739 2638 1752 2690 !
1786 2632 1873 2689 οἷα
1903 2653 2008 2690 πει-

2126 2632 2284 2702 longe
2332 2633 2742 2701 pulcherrimae,
2790 2632 3144 2697 servitutem,
3186 2635 3348 2690 certis
3412 2636 3511 2691 abs
3567 2652 3688 2693 sese

439 2727 661 2799 σόμεθα.
709 2727 848 2781 Ἀλλ’
876 2730 977 2782 οὐκ
1002 2728 1169 2793 εἰκὸς,
1200 2728 1322 2782 οὐδὲ
1350 2730 1577 2795 δίκαιον,
1610 2729 1718 2782 ἀπὸ
1738 2726 1869 2796 γοῦν
1888 2727 2008 2781 τού-

2121 2725 2427 2779 rationibus
2475 2723 2785 2779 confectum
2821 2725 3174 2780 arbitrantur.
3226 2725 3422 2781 Verum
3454 2728 3685 2783 istorum

434 2833 544 2869 των
572 2818 1022 2889 τεκμαιρομένοις
1044 2819 1195 2890 ἡμῖν.

2116 2825 2337 2870 eatenus
2364 2830 2495 2870 sane
2534 2816 2675 2869 ratio
2699 2817 2910 2882 valeat,
2948 2825 3219 2884 quatenus
3265 2816 3520 2872 humanis
3568 2827 3686 2872 tan-

436 2920 551 2965 tum
586 2912 835 2967 homines
879 2921 1104 2968 utentur
1129 2913 1319 2967 armis.
1351 2913 1445 2968 Sin
1475 2923 1653 2970 autem
1694 2929 1795 2970 nos
1827 2913 2003 2982 ipsum
2043 2923 2262 2980 quoque
2292 2923 2493 2962 numen
2522 2910 2874 2979 oppugnabit,
2919 2911 3162 2980 quinam,
3215 2912 3289 2965 dii
3346 2910 3507 2966 boni!
3538 2912 3686 2968 cala-

437 3008 644 3061 mitatis
672 3015 870 3061 nostrae
918 3009 1113 3063 modus
1163 3017 1249 3063 est
1291 3008 1557 3065 futurus?
1610 3009 1679 3064 At
1732 3010 1782 3064 id
1835 3022 2011 3077 neque
2048 3011 2474 3060 consentaneum
2504 3002 2764 3073 profecto,
2821 3021 2999 3074 neque
3059 3021 3247 3061 verum
3290 3004 3476 3073 fuerit,
3522 3006 3570 3063 si
3614 3023 3683 3063 ex

437 3099 506 3154 iis
531 3115 654 3169 quae
682 3109 1006 3171 sequuntur,
1029 3101 1357 3171 conjectura:
1384 3103 1585 3173 aliquid
1611 3118 1801 3173 capere
1827 3101 2006 3156 liceat.

448 3193 650 3263 Ἐχθρὲ
671 3197 1115 3263 περικτιόνεσσι
1153 3195 1298 3269 (69),
1325 3197 1450 3268 φίλ’
1482 3196 1831 3269 ἀθανάτοισι
1860 3196 2011 3252 θεοῖ-

433 3332 599 3388 Ετσω
642 3332 750 3385 τὸν
803 3334 1164 3402 προϐόλαιον
1194 3334 1353 3404 ἔχων
1396 3335 1507 3408 (70)
1553 3268 2008 3413 πεφυλὲἷὶιένος

2118 3345 2351 3401 Hastam
2383 3346 2527 3401 intus
2555 3345 2818 3408 cohibens,
2854 3354 3115 3413 tectusque
3141 3343 3317 3397 sedere
3341 3352 3613 3399 memento.

2117 3188 2405 3242 Finitimas
2426 3199 2580 3240 exosa
2609 3186 2816 3256 plagas,
2855 3185 3161 3241 churissime
3183 3186 3340 3255 divis,

434 3492 502 3548 Τί
523 3494 653 3566 γὰρ,
688 3495 851 3564 φησιν
874 3492 903 3545 ὁ
946 3494 1210 3564 Ἀργεῖος,
1253 3496 1302 3549 εἰ
1335 3495 1623 3570 βουλοίμην
1671 3408 2003 3572 ἐξεὲῗῖῖιοι,

2109 3501 2249 3569 Quid
2285 3502 2453 3565 enim,
2487 3501 2632 3557 dicat
2662 3500 2893 3571 Argivus
2920 3540 2934 3565 ,
2966 3499 3178 3562 licetne,
3212 3497 3257 3553 si
3290 3498 3557 3551 voluero?
3592 3512 3678 3551 se-

432 3586 528 3639 καὶ
552 3583 822 3654 δύναμαι,
857 3582 912 3637 εἴ
957 3602 1046 3655 μοι
1085 3582 1269 3650 δόξαι,
1308 3582 1472 3658 ἧσθαι
1498 3589 1590 3642 καὶ
1630 3589 2004 3660 πεφυλάχθαι;

2110 3595 2238 3651 dere
2266 3608 2514 3663 possum,
2562 3603 2615 3649 et
2645 3607 2856 3654 cavere,
2890 3592 2934 3646 si
2966 3590 3172 3645 libeat?
3199 3587 3280 3643 Tu
3330 3603 3478 3655 vero,
3513 3589 3678 3644 licere

436 3676 705 3740 Ἔξεστιν,
729 3676 906 3739 εἴποις
934 3676 1019 3741 ἂν,
1050 3680 1143 3732 καὶ
1171 3678 1421 3733 δύνασαι·
1452 3680 1484 3752 ἢ
1517 3681 1633 3745 πῶς
1664 3682 1729 3735 ἄν
1752 3699 1832 3736 σοι
1861 3683 2003 3737 τοῦτ’

431 3766 544 3836 ἐγὼ
568 3768 931 3840 προσέταττον
952 3786 965 3834 ;

505 3977 532 4007 ³
558 3983 650 4036 rp.
680 3966 975 4034 ἀποδεῖξαι.
1054 3970 1084 4010 δ
1108 3988 1195 4040 no.
1236 3972 1572 4043 ἀνθρώπους.

502 4169 614 4240 (68)
638 4170 1112 4242 Δῃμόκριτοςᾼδέ.
1145 4170 1263 4227 Huc
1300 4173 1571 4242 pertinent
1597 4173 1687 4229 illa
1715 4171 1900 4237 Tullii,
1935 4189 2000 4227 ex

430 4238 628 4311 fragm.
664 4238 741 4296 De
773 4238 888 4309 fato
919 4257 938 4295 :
970 4240 1110 4295 Hinc
1162 4238 1511 4314 Democritus,
1568 4244 1776 4314 inquit,
1815 4252 2003 4314 auctor

430 4319 726 4363 atomorum
750 4353 764 4371 ,
798 4314 1033 4379 accipere
1076 4312 1265 4366 maluit
1305 4314 1605 4367 necessitate
1646 4312 1824 4367 omnia
1860 4313 1998 4382 ﬁeri,

467 4396 605 4451 uam‘
639 4398 671 4432 a
702 4382 1008 4451 corporibus
1037 4382 1324 4436 individuis
1364 4383 1633 4436 naturales
1661 4393 1833 4436 matus
1862 4383 2002 4436 avel-

485 4466 558 4522 re.
589 4448 734 4504 Idem
757 4491 771 4513 ,
793 4448 1050 4522 pluribus
1090 4452 1408 4521 interjectis,
1446 4454 1513 4507 de
1544 4461 1775 4522 utroque
1802 4452 1881 4507 sic
1914 4453 1999 4505 ln-

429 4521 619 4588 quitur
649 4537 663 4573 :
694 4523 770 4591 Ac
802 4521 931 4574 mihi
960 4522 1168 4591 quidem
1216 4522 1441 4586 videtur,
1485 4521 1697 4591 inquit,
1723 4539 1841 4577 cum
1878 4522 1999 4576 dna?

2113 3685 2339 3741 omnino
2368 3700 2432 3741 ac
2461 3699 2621 3755 posse
2649 3683 3004 3755 respondebis
3030 3700 3043 3736 :
3077 3680 3281 3752 alioqui
3306 3680 3409 3735 hoc
3435 3689 3488 3735 te
3514 3680 3679 3750 impe-

2112 3791 2359 3835 raturum
2389 3793 2669 3849 nunquam
2705 3775 2910 3833 fuisse:

2107 4188 2269 4245 quam
2296 4172 2441 4243 quod
2474 4170 2819 4245 maximesEt
2852 4172 3080 4245 medium
3107 4189 3162 4228 se
3185 4174 3321 4244 ferre
3344 4171 3675 4245 ξιυριῴτατον

2107 4240 2208 4297 est.
2238 4240 2444 4310 ln‘quo
2472 4250 2674 4306 tamen,
2700 4241 2746 4295 si
2788 4240 3106 4295 mutandum
3141 4240 3287 4311 esset
3317 4240 3553 4311 aliquid,
3584 4258 3671 4296 se-

2107 4313 2228 4365 dere
2257 4312 2436 4381 potius
2468 4326 2632 4381 quam
2665 4310 2820 4380 ferire
2848 4325 3185 4380 reponerem.
3216 4310 3352 4366 Nam
3382 4310 3436 4366 et
3459 4312 3672 4367 arbitrii

2106 4383 2293 4437 sedere
2328 4390 2429 4435 est.

2178 4450 2288 4520 (69)
2346 4447 2555 4519 Ἐχθρὲ
2601 4451 3064 4517 περικτιόνεσσι.
3116 4447 3373 4507 Herodot.
3444 4448 3506 4518 Ι,
3572 4466 3671 4520 vn,

2106 4535 2158 4588 p.
2190 4519 2321 4585 491,
2354 4521 2572 4574 tertium
2605 4520 2733 4572 huic
2765 4519 2988 4573 oraculo
3016 4534 3232 4573 versum
3268 4520 3435 4586 addit,

428 4563 702 4644 :ententite
735 4563 1223 4655 fuissentvveterum
1268 4563 1691 4660 pltilosoplto'runi
1723 4607 1741 4645 :
1772 4608 1879 4645 una
1906 4607 1996 4645 eo-

2110 4563 2572 4661 Eut"2¢};§alij't{a}"
2601 4563 2985 4657 egenas"?
3025 4563 3469 4661 5.2;;"5333
3495 4586 3668 4658 σῶμα

430 4676 544 4732 rum
578 4662 669 4730 qui
716 4672 977 4715 censerent
1009 4663 1187 4715 omnia
1214 4663 1289 4714 ita
1324 4662 1435 4732 fato
1462 4663 1579 4730 fieri
1599 4703 1613 4727 ,
1642 4670 1697 4732 ut
1740 4662 1795 4713 id
1827 4661 1999 4732 fatum

427 4730 531 4800 vim
558 4732 885 4800 necessitatis
901 4732 1131 4799 a/ferret,
1155 4732 1211 4784 in
1232 4730 1336 4800 qua
1363 4733 1621 4784 sententia
1644 4730 1997 4792 Democritus,

430 4797 759 4865 Heraclitus,
788 4797 1129 4870 Empedocles
1149 4840 1164 4864 ,
1209 4797 1516 4855 Aristoteles
1550 4801 1689 4870 fuit,-
1715 4802 1882 4854 altera
1913 4816 2002 4853 eo-

427 4886 548 4922 rum
578 4869 766 4939 quibus
795 4871 1111 4934 viderentur,
1142 4871 1253 4925 sine
1282 4871 1391 4925 ullo
1421 4869 1557 4940 fato,
1575 4885 1684 4925 esse
1705 4872 2001 4940 animorum

427 4948 601 4993 motus
629 4939 916 4995 voluntarii
945 4959 962 4997 :
997 4941 1353 5010 Chrysippus,
1387 4939 1636 5010 tanquam
1668 4939 1867 4993 arbiter
1909 4939 2002 4991 Ito-

427 5012 697 5069 norarius,
732 5011 958 5064 medium
991 5027 1046 5066 se
1082 5009 1218 5079 ferre
1258 5013 1503 5065 voluisse.
1539 5009 1641 5064 Sed
1685 5010 1916 5077 applicat
1946 5025 2000 5062 se

427 5079 509 5150 ad‘
525 5094 612 5150 eos
636 5081 833 5150 potius,
860 5082 949 5150 qui
978 5082 1286 5135 necessitate
1311 5091 1487 5135 motus
1519 5080 1728 5150 animos
1751 5081 1998 5132 liberatos

426 5147 611 5201 voluit.
652 5149 790 5205 Dum
838 5147 1011 5204 autem
1060 5150 1227 5206 verbis
1269 5153 1444 5206 utitur
1476 5151 1604 5212 suis,
1645 5148 1909 5202 delabitur
1942 5150 1999 5202 in

424 5234 514 5271 eas
539 5217 894 5290 difﬁcultates,
923 5228 980 5273 ut
1014 5222 1374 5275 necessitatem
1417 5221 1517 5290 fati
1558 5220 1827 5290 confirmet
1866 5220 1998 5272 invi-

426 5298 532 5356 tus.
564 5288 676 5343 Hoc
716 5290 770 5342 in
802 5289 1082 5345 Ciceronis
1127 5293 1271 5356 loco,
1302 5288 1425 5345 viri'
1452 5290 1618 5354 docti.
1649 5288 1945 5344 Victoriurn
1980 5305 1994 5341 ι

440 5355 644 5412 Variar.
678 5358 764 5421 l7,
797 5370 1071 5413 auctorem
1104 5355 1298 5425 secuti,
1328 5360 1539 5414 malunt
1565 5360 1792 5413 medium
1816 5358 1994 5428 ferire.

424 5443 587 5496 quam
625 5429 877 5500 medium
902 5445 956 5482 se
1008 5429 1163 5500 ferre,
1204 5446 1314 5500 quo
1363 5430 1525 5483 modo
1566 5443 1605 5500 a7
1640 5428 1884 5500 Platone,
1914 5429 1997 5482 di-

424 5507 593 5560 ctum,
630 5498 795 5567 μέσον
821 5496 1056 5567 τέμνειν.
1101 5496 1457 5564 Sed—vereor,
1490 5508 1548 5553 ut
1594 5499 1698 5553 hoc
1740 5497 1995 5567 loquendi

425 5582 599 5635 genus
632 5569 710 5620 vel
750 5568 865 5637 ipsa
890 5567 1158 5623 Latinitas
1202 5567 1359 5633 ferat,
1396 5568 1595 5623 nedum
1631 5578 1691 5622 ut
1749 5568 1996 5624 disertis-

423 5637 550 5690 simi
600 5636 836 5692 hominis
860 5638 1082 5707 _oratio.
1140 5637 1290 5693 Viam
1336 5654 1557 5701 secare,
1604 5637 1720 5693 ὁδὸν
1765 5640 1993 5707 ταμεῖν.

425 5707 598 5777 poetis
620 5745 634 5769 ,
665 5708 827 5761 etiam
860 5704 1088 5776 Virgilio
1108 5748 1123 5772 ,
1154 5708 1376 5777 placuit.
1418 5707 1606 5775 Viam,
1641 5718 1736 5762 aut
1765 5704 1993 5777 medium

423 5775 605 5847 ferire,
654 5778 758 5830 hoc
812 5775 997 5844 sensui,
1046 5775 1170 5846 quis
1212 5786 1424 5845 orator,
1459 5777 1782 5847 quispoeta
1815 5776 1997 5831 dixit?

423 5845 675 5901 Ciceroni
706 5847 923 5920 quidem
954 5845 1185 5903 medium
1219 5858 1387 5902 tenere
1432 5845 1541 5904 tam
1591 5845 1859 5904 familiare
1885 5854 1991 5914 est,

3353 4658 3595 4713 σαώσει.

2102 4729 2323 4784 Gracche
2354 4728 2559 4783 Xerxes
2587 4727 2934 4799 imminebat;
2962 4727 3185 4784 infestos
3209 4657 3671 4799 Argalﬁﬁiﬁae.

2102 4800 2316 4854 monios
2364 4800 2704 4869 patiebantur
2739 4816 2752 4851 :
2788 4796 3099 4867 Delphicum
3141 4796 3418 4853 oraculum
3462 4814 3667 4853 consu-

2100 4869 2240 4939 lunt,
2273 4868 2400 4939 quid
2452 4869 2593 4923 facto
2639 4869 2712 4923 sit
2752 4883 2889 4937 opus
2918 4887 2931 4923 :
2959 4870 3240 4937 quiescere
3281 4868 3436 4937 jubet
3475 4882 3667 4939 oracu-

2101 4937 2234 5012 lum.
2275 4937 2515 5012 Ἐχθρὸς,
2561 4940 2743 5012 igitur,
2767 4940 3206 5012 περικτιόνεσσιν
3249 4938 3512 5012 Argivus,
3562 4937 3667 4991 hoc

2099 5019 2185 5065 est
2212 5007 2653 5076 Lacedaemoniis,
2688 5010 2781 5078 qui
2814 5007 2976 5078 paulo
3027 5019 3151 5063 ante
3196 5023 3288 5063 sex
3334 5007 3663 5077 Argivorum

2100 5080 2267 5133 millia
2301 5080 2626 5134 ceciderant.

2165 5150 2282 5273 370)
2322 5150 2485 5233 ῌῖσιο
2517 5149 2625 5202 τὸν
2660 5150 3023 5217 προϐόλαιον
3056 5147 3235 5228 ἔχωνἱ
3259 5144 3540 5227 Ιηιθτρτθε.
3561 5143 3657 5199 lle-

2202 5229 2299 5273 ott.
2325 5229 2545 5273 interius
2571 5227 2801 5273 tutamen
2832 5219 3045 5271 habens.
3077 5218 3260 5273 Malui.
3289 5217 3496 5273 hastam
3521 5228 3657 5269 intus

2098 5217 2299 5282 rodoti,
2325 5220 2545 5273 interius
2571 5227 2801 5273 tutamen
2832 5219 3045 5271 habens.
3077 5218 3260 5275 Malui.
3289 5217 3496 5279 hastam
3521 5217 3662 5269 intus

2098 5290 2365 5351 cohibens,
2393 5298 2453 5341 ut
2483 5289 2643 5344 etiam
2681 5287 3025 5342 Camerarius
3060 5286 3342 5348 intellexit,
3372 5297 3424 5341 et
3453 5286 3664 5339 irruen-

2099 5368 2228 5423 tem,
2260 5359 2305 5414 si
2330 5357 2493 5425 forte,
2524 5359 2757 5420 hostem,
2781 5359 2937 5426 quasi
2967 5356 3134 5411 feram
3161 5357 3422 5427 aliquam,
3476 5370 3660 5427 pressa

2099 5422 2412 5496 intentaque
2446 5422 2622 5489 hasta,
2656 5422 2928 5481 venatoris
2953 5427 3125 5479 instar
3155 5422 3499 5496 exspectans.
3526 5422 3663 5496 Nam

2097 5493 2439 5570 προϐόλαιος,
2471 5498 2682 5570 opinor,
2707 5496 3113 5570 non__absiniilis
3140 5494 3430 5567 προὸολίῳ.
3464 5493 3662 5570 S_equi-

2097 5563 2188 5648 tur
2216 5563 2627 5648 πεφυλαγμένος
2649 5563 2980 5648 ἦσοίγειηε,
3001 5563 3210 5648 impune
3232 5563 3460 5648 maneto.
3479 5563 3666 5648 ρεφυ-

2096 5638 2381 5709 λαγμένως
2406 5635 2549 5709 ἔχειν
2576 5635 2866 5709 vigilantiae
2897 5649 2961 5689 ac
3002 5635 3386 5709 sollicitudinis
3414 5642 3516 5709 est,
3551 5649 3660 5687 non

2097 5704 2467 5777 impunitatis.
2485 5704 2655 5777 Quod
2688 5714 2930 5777 extremo
2978 5720 3162 5777 versu,
3212 5706 3280 5777 de
3309 5704 3540 5777 tegendo
3565 5719 3661 5756 ca-

2098 5774 2205 5847 pite
2242 5778 2515 5847 admonet,
2560 5775 2757 5847 Argos,
2784 5774 2979 5843 credo,
3025 5775 3344 5847 primariam
3378 5774 3568 5831 urbem
3598 5783 3662 5829 ac

2097 5846 2441 5919 metropolim
2470 5846 2741 5918 intelligit.
