4162 6412
496 448 596 505 855

491 563 738 620 Chironis
767 564 944 635 magni
972 565 1170 621 soboles
1195 583 1467 638 germana,
1498 568 1727 635 Cariste,

490 703 681 779 Desere
716 703 986 779 Peliacum
1021 716 1264 779 montem,
1303 706 1610 779 Eubaeazque
1642 714 1895 767 tumentis

489 776 618 851 alta
646 775 763 829 subi
785 789 803 826 :
837 792 1045 829 sacrant
1079 776 1161 829 hic
1195 778 1364 845 fatum
1391 790 1469 833 est
1508 775 1602 834 tibi
1644 798 1838 851 ponere
1864 783 2057 838 sedem.

491 844 637 917 Ergo
664 860 779 915 age,
812 861 994 914 rumpe
1024 844 1224 901 morae.

487 957 612 1012 Ain’
637 965 695 1013 tu
718 957 897 1013 serio?
916 958 1157 1030 Aliquid,
1190 974 1225 1015 o
1244 961 1458 1030 Apollo,
1483 978 1609 1018 vere
1632 963 1869 1019 hominis
1900 964 2064 1037 256

372 1118 379 1125 ἡ
487 1048 545 1103 in
573 1056 836 1119 potestate
855 1058 942 1105 est
961 1049 986 1103 ἲ
1008 1049 1134 1105 licet
1160 1051 1296 1105 mihi
1322 1067 1421 1121 pro
1443 1054 1668 1109 arbitrio
1689 1056 1823 1110 velle
1852 1055 2060 1111 Pelium

490 1138 847 1209 relinquere?
870 1140 1036 1210 Atqui
1063 1156 1129 1198 ex
1160 1142 1349 1197 multis
1373 1144 1707 1214 sapientibus
1741 1146 2059 1213 audieram,

485 1231 532 1286 si
563 1231 697 1286 mihi
736 1229 907 1286 l'atum
933 1241 1111 1299 esset,
1147 1232 1203 1287 in
1249 1233 1470 1291 Eubceaa
1502 1238 1938 1306 promontorium
1970 1254 2062 1294 ve-

485 1322 625 1388 nire,
649 1331 705 1378 et
725 1337 942 1378 sacrum
970 1323 1043 1378 ibi
1071 1324 1406 1381 domicilium
1430 1326 1687 1390 excitare,
1726 1344 1814 1382 me
1835 1343 2061 1399 prorsus

481 1426 536 1470 et
566 1423 879 1479 venturum,
914 1424 969 1470 et
998 1417 1362 1472 excitaturum
1391 1432 1543 1481 esse,
1578 1434 1674 1473 seu
1699 1419 1926 1482 dixeris.
1962 1436 2060 1476 seu

485 1519 617 1571 non,
668 1504 780 1559 imo
807 1506 1000 1572 velim,
1030 1507 1218 1562 nolim.
1264 1508 1358 1561 Sin
1401 1517 1583 1562 autem
1616 1509 1668 1562 id
1705 1524 1792 1563 me
1844 1525 2062 1580 quoque

484 1598 622 1653 velle
655 1605 921 1667 oporteat,
956 1597 1104 1667 quod
1136 1599 1235 1652 abs
1263 1614 1351 1652 me
1399 1599 1696 1654 necessitas
1737 1600 1816 1655 uti
1862 1601 1947 1656 vel
1973 1602 2059 1656 in—

483 1690 629 1745 vitus
659 1690 843 1756 velim,
876 1698 1200 1759 extorqueat
1226 1710 1239 1744 :
1276 1699 1333 1744 tu
1368 1691 1472 1745 [ide
1499 1691 1757 1746 nimirum
1782 1730 1798 1756 ,
1828 1694 2022 1764 Apollo
2042 1735 2057 1760 ,

483 1780 702 1852 dignior
749 1795 833 1835 es.
888 1779 1010 1835 Tibi
1066 1794 1196 1851 ergo
1250 1794 1338 1833 me
1389 1780 1536 1835 dicto
1587 1781 1897 1838 audientem
1937 1797 2061 1841 esse

485 1880 727 1941 praestat.

482 1960 537 2027 Ι,
571 1960 863 2033 Pariosque
892 1978 1062 2026 mone,
1094 1962 1391 2030 Telesicles,
1423 1965 1632 2020 numine
1663 1976 1864 2036 nostra,

489 2073 679 2129 Insula
707 2075 762 2129 in
797 2075 956 2129 Aeria
986 2075 1265 2131 sublimem
1291 2093 1323 2130 a
1350 2077 1557 2130 sedibus
1586 2078 1767 2133 urbem

483 2145 721 2200 Condere
751 2155 800 2199 te
822 2147 1059 2215 jussum.

477 2236 701 2293 Faciam
733 2252 869 2293 vero
912 2237 1099 2308 (dicet
1142 2238 1379 2295 fortasse
1406 2241 1714 2310 protervior
1740 2241 2013 2313 quispiam
2039 2284 2056 2312 ,

478 2338 575 2383 aut
606 2329 859 2399 quisquis
892 2329 1185 2400 suggillare
1228 2339 1281 2386 te
1318 2332 1462 2388 volet
1478 2330 1596 2402 ),ut
1631 2332 1831 2403 jubeas
1877 2335 2054 2390 nihil:

478 2421 532 2476 id
555 2422 700 2475 enim
729 2420 900 2476 fatum
926 2421 1061 2475 mihi
1090 2431 1193 2477 est.
1226 2420 1495 2478 Caeterum
1541 2424 1699 2479 Aeria
1749 2424 1840 2480 illa
1878 2426 2055 2483 insula

478 2511 697 2568 Thasus
725 2520 843 2578 est,
873 2513 926 2567 in
957 2528 1124 2583 quam
1154 2522 1378 2569 auctore
1416 2514 1746 2571 Archilocho
1778 2515 1887 2573 lilio
1935 2533 2058 2575 meo

477 2602 627 2659 Parii
672 2604 1100 2671 commeabunt;
1153 2605 1270 2661 haec
1309 2606 1456 2661 enim
1501 2607 1681 2662 insula
1715 2610 1868 2678 prius
1892 2609 2057 2665 Aeria

476 2695 797 2751 vocabatur.
845 2693 928 2749 Tu
985 2704 1169 2751 autem
1212 2705 1273 2750 ut
1316 2697 1373 2751 in
1417 2697 1736 2753 ulciscendo
1778 2700 1960 2771 gravis
2002 2710 2059 2756 et

475 2788 709 2844 acerbus
736 2803 819 2856 es,
850 2804 1156 2859 nunquam,
1188 2789 1407 2859 opinor,
1433 2790 1708 2846 hominem
1740 2802 1851 2846 tam
1876 2792 2059 2863 ingra-

473 2887 590 2936 tum
621 2889 786 2951 atque
812 2882 1072 2937 audacem
1109 2879 1257 2937 feras
1286 2901 1297 2935 :
1328 2882 1425 2952 qui
1455 2883 1560 2938 nisi
1598 2899 1724 2939 eum
1757 2886 1833 2939 rei
1868 2885 2059 2939 admo-

472 2988 603 3028 nere
630 2973 923 3041 voluisses,
951 2989 1052 3029 nec
1086 2973 1141 3028 id
1169 2988 1412 3043 unquam
1446 2975 1561 3042 ipse
1596 2975 1919 3042 nuntiasset,
1955 2988 2057 3030 nec

471 3063 832 3120 Archilochus
874 3065 1118 3135 ejusdem
1168 3065 1312 3120 ﬁlius
1350 3065 1638 3121 Pariorum
1687 3067 1957 3121 coloniam
1988 3080 2056 3122 eo

472 3155 811 3222 deduxisset,
835 3171 937 3212 nec
957 3155 1103 3211 Parii
1127 3155 1370 3212 Thasum
1399 3158 1738 3213 habuissent.
1764 3158 2052 3229 Equidem,

1128 449 1405 509 EUSEBII
1440 451 1919 511 CESARIENSIS
1957 457 2108 514 OPP.
2154 459 2337 516 PARS
2373 462 2436 518 ll.
2476 494 2548 504 —
2586 461 3088 521 APOLOGETICA.

2042 2062 2059 2086 Ἰ
2084 1916 2134 1975 Β
2165 1990 2481 2058 Ἀγγειλον
2511 1990 2753 2059 Παρίοις
2780 1990 2915 2061 (75),
2970 1990 3373 2055 Τελεσίκλεες,
3420 1988 3744 2086 differun-

3629 466 3737 525 156

2088 580 2133 634 Α
2161 581 2450 648 Χείρωνος
2512 578 2623 649 (71)
2686 579 2827 648 φίλε
2881 578 3094 634 τέκνον
3135 579 3513 650 ἁγακλυζοῖο,
3564 580 3742 650 Κάριι

2163 719 2392 786 Πήλιον
2411 719 2815 786 ἐκπρολιπὼν,
2837 721 3092 785 Εὐϐοίας
3113 719 3302 787 ἀκρον
3326 648 3667 787 lxii—3:532»

2167 791 2322 843 Ἔνθ’
2347 791 2512 856 ἱερὰν
2540 790 2738 858 χώραν
2761 790 2976 850 κτίζειν
2994 806 3092 844 σοι
3114 790 3419 860 θέσφατόν
3444 791 3633 848 ἐστιν.

2177 860 2337 914 Ἀλλ’
2371 862 2470 923 ίθι,
2499 860 2713 929 μηκέτι
2738 859 2947 929 μέλλε.

2162 968 2240 1026 Ἦ
2272 973 2382 1045 γὰρ
2408 974 2483 1037 ὡς
2509 973 2724 1044 άληθῶς
2746 975 2830 1025 ἐπ’
2859 972 3133 1045 ἀνθρώπῳ
3159 972 3212 1027 τί
3244 975 3411 1037 ἐστιν,
3449 968 3495 1027 ὧ
3544 975 3744 1029 Ἀπολ-

2164 1066 2286 1131 λον;
2314 1067 2407 1119 καὶ
2446 1064 2770 1136 βουληθῆναι
2797 1064 2994 1136 Πήλιον
3025 1064 3375 1136 ἐκπρολιπεῖν
3416 1065 3604 1137 κύριός
3626 1070 3742 1138 είμι

2165 1160 2314 1228 ἐγὼς
2348 1159 2458 1212 Kal.
2482 1156 2587 1229 μὴν
2610 1158 2805 1228 ἢκουον
2856 1156 3006 1230 παρὰ
3048 1156 3258 1211 πολλῶν
3296 1158 3505 1226 σοφῶν,
3546 1159 3627 1211 ὅτι
3647 1199 3662 1222 ,
3693 1159 3747 1212 εί

2166 1268 2255 1321 μοι
2290 1251 2573 1322 πέπρωται
2607 1249 2839 1312 Εὐϐοίας
2871 1249 3038 1320 ἄκρον
3065 1248 3295 1313 ἱκέσθαι,
3320 1250 3415 1302 καὶ
3442 1250 3592 1321 ἱερὰν
3631 1250 3742 1321 χὼο

2166 1357 2264 1411 ραν
2308 1340 2534 1406 κτίζειν,
2571 1340 2664 1393 xai.
2690 1338 2873 1408 ἵξομαι
2917 1338 3011 1391 καὶ⁸
3037 1339 3196 1401 κτιῶ,
3228 1339 3337 1393 εἴτε
3382 1340 3580 1409 λέγοις,
3633 1341 3743 1394 εἴτε

2165 1427 2260 1497 μὴ,
2296 1428 2391 1481 καὶ
2437 1428 2548 1480 εἴτε
2601 1426 2892 1497 βουλοίμην
2913 1465 2930 1490 ,
2958 1425 3072 1480 εἴτε
3105 1429 3201 1500 μή.
3256 1430 3323 1481 Εἰ
3357 1428 3415 1481 δέ
3443 1448 3510 1501 με
3543 1429 3742 1484 δεῖκαὶ

2164 1517 2513 1589 βουληθῆναι,
2535 1520 2564 1572 ὅ
2597 1536 2649 1571 τι
2683 1535 2773 1589 μοι
2806 1519 3019 1591 ἀνάγκη
3043 1521 3180 1584 ἐστὶ,
3210 1522 3301 1575 καὶ
3343 1523 3392 1574 εἰ
3434 1522 3507 1592 μὴ
3543 1521 3746 1591 βουλοί-

2165 1627 2292 1681 μην,
2334 1596 2693 1684 βουληθῆναι·
2725 1615 2861 1669 ἀλλά
2890 1618 2977 1681 σὺ,
3012 1609 3058 1669 ὦ
3083 1614 3366 1677 Ἄπολλον,
3393 1612 3743 1667 πιστεύεσθαι

2160 1701 2518 1775 δικαιότερος.
2556 1706 2747 1760 Ἔοικα
2778 1707 2840 1779 δή
2873 1725 2957 1762 σοι
2990 1706 3189 1779 μᾶλλον
3224 1705 3529 1777 προσέξειν.

3492 2061 3669 2125 λεύω,

2158 2128 2342 2195 Νήσῳ
2362 2130 2432 2184 ἐν
2467 2132 2664 2199 Ἦερίῃ
2694 2128 2911 2190 κτίζειν
2941 2130 3249 2186 εὐδείελον
3272 2059 3489 2185 adtul

2172 2243 2413 2312 Ἀγγελῶ
2438 2243 2505 2315 νὴ
2543 2244 2663 2307 Δία,
2695 2242 2878 2315 (φήσει
2908 2243 3051 2314 τάχα
3071 2261 3176 2297 που
3216 2244 3299 2307 τὶς
3340 2243 3740 2315 τετυφωμένος,

2158 2336 2193 2405 ῆ
2224 2352 2283 2388 σε
2312 2335 2597 2406 ἐλέγχων,)
2624 2335 2728 2390 κᾶν
2755 2335 2829 2406 μὴ
2851 2335 3117 2409 κελεύσῃς
3140 2353 3154 2366 °
3174 2336 3459 2407 πέπρωται
3481 2336 3610 2407 γάρ.
3633 2336 3744 2390 Καὶ

2158 2427 2273 2481 ἔστι
2306 2427 2484 2490 Θάσος
2527 2427 2626 2498 μὲν
2659 2429 2692 2498 ἡ
2731 2428 2920 2499 Ἦερία
2942 2430 3124 2498 νῆσος·
3158 2427 3347 2499 ἥξουσι
3379 2427 3423 2480 δ’
3453 2428 3539 2479 ἐπ’
3570 2427 3743 2498 αὐτὴν

2157 2520 2375 2591 Πάριοι,
2418 2519 2731 2590 Ἀρχιλόχου
2758 2519 2853 2573 τοῦ
2883 2518 3020 2588 ἐμοῦ
3066 2519 3182 2572 υἱοῦ
3223 2520 3558 2591 φράσαντος,
3592 2519 3675 2572 ὄτι
3705 2520 3739 2590 ἡ

2157 2609 2319 2678 νῆσος
2340 2605 2478 2678 αὓτη
2505 2607 2635 2678 πρὶν
2682 2606 2869 2679 Ἠερία
2896 2607 3159 2661 ἐκαλεῖτο.
3195 2610 3267 2661 Σὺ
3294 2604 3407 2672 οὖν,
3434 2608 3603 2672 δεινὸς
3634 2607 3743 2679 γὰρ

2157 2693 2483 2760 ἐπεξελθεῖν,
2500 2695 2600 2747 οὐκ
2628 2695 2811 2766 ἀνέξῃ,
2843 2691 3016 2766 οἶμαι,
3039 2696 3225 2761 αὐτοῦ,
3246 2696 3417 2761 οὕτως
3435 2697 3587 2761 ὄντος
3615 2698 3744 2768 ἀχα-

2160 2787 2345 2859 ρίστου
2372 2787 2469 2840 καὶ
2497 2785 2751 2859 θρασέος,
2779 2787 2859 2852 ὃς,
2888 2790 2935 2841 εί
2966 2787 3043 2859 μὴ
3067 2789 3131 2843 σὺ
3157 2789 3392 2860 μηνῦσαι
3414 2788 3562 2859 αὐτῴ
3590 2787 3744 2843 ἐϐου-

2158 2878 2348 2950 λήθης,
2386 2880 2486 2932 οὐκ
2529 2880 2595 2934 ἄν
2633 2895 2765 2932 ποτε
2799 2879 3073 2949 ἤγγειλεν,
3107 2880 3215 2933 οὐδ’
3255 2881 3321 2935 ἂν
3373 2880 3681 2953 Ἀρχίλοχος
3712 2881 3743 2932 ὁ

2160 2970 2273 3033 υἱὸς
2300 2970 2463 3023 αὑτοῦ
2498 2970 2732 3041 Παρίους
2755 2969 3100 3042 ἐξενάγησεν,
3128 2972 3234 3026 οὐδ’
3255 2972 3322 3027 ἂν
3341 2974 3390 3026 οἱ
3418 2972 3612 3045 Πάριοι
3637 2972 3743 3026 Θά-

2160 3080 2251 3117 σον
2274 3061 2518 3135 ῷκησαν.
2539 3064 2654 3117 Οὐκ
2684 3059 2780 3117 οἷδ’
2816 3060 2910 3118 οὖν
2936 3067 2983 3118 εί
3012 3066 3076 3118 σὺ
3092 3065 3271 3134 λέγεις
3299 3066 3397 3135 μὲν
3421 3065 3617 3130 ταῦτα,
3643 3066 3743 3118 οὐκ

2157 3152 2314 3209 οἶσθα
2338 3155 2415 3220 δὲ,
2445 3154 2482 3209 ἃ
2509 3155 2708 3224 λέγεις.
2749 3155 2886 3209 Ἀλλ’
2915 3157 3036 3211 ἐπεὶ
3066 3157 3259 3229 σχολὴν
3282 3157 3435 3227 ἄγειν
3464 3160 3741 3231 ἐοίκαμεν,

475 3247 690 3301 istucne
745 3246 899 3300 dicas
919 3287 935 3310 ,
966 3261 1068 3300 nec
1100 3255 1279 3300 tamen
1302 3287 1319 3313 ,
1358 3247 1506 3316 quod
1539 3249 1709 3313 dicis,
1744 3249 2015 3317 intelligas
2038 3288 2053 3313 ,

2157 3246 2254 3302 mi.
2305 3246 2522 3319 μακρὰν
2565 3248 2931 3318 διαλέγεσθαι,
2961 3249 2990 3301 ό
3021 3249 3079 3302 δὲ
3130 3250 3286 3318 λόγος
3336 3252 3397 3303 οὺ
3444 3252 3740 3323 πάρεργος,

474 3337 662 3393 nescio
686 3357 699 3391 :
736 3338 830 3392 sed
862 3351 1041 3392 tamen
1065 3338 1323 3406 quoniam
1348 3348 1401 3392 et
1423 3338 1719 3407 longiorem
1743 3354 2052 3394 sermonem

474 3426 645 3480 otium
672 3435 919 3481 nostrum
953 3425 1175 3494 patitur,
1219 3440 1321 3480 nec
1360 3427 1406 3480 is
1434 3426 1648 3481 alienus
1674 3436 1766 3481 est
1793 3426 2010 3483 futurus
2036 3444 2052 3495 ς

472 3518 585 3584 dic,
616 3523 814 3573 amabo
842 3520 860 3589 (
881 3519 1015 3573 satis
1036 3518 1182 3573 enim
1219 3518 1360 3574 forte
1406 3534 1579 3590 pauca
1605 3520 1673 3575 de
1708 3521 1895 3577 multis
1932 3522 2056 3578 atti—

474 3611 620 3681 pisse
662 3609 1057 3681 fuerit):Num
1102 3611 1308 3681 aliquid
1349 3627 1451 3681 ego
1484 3621 1650 3684 tuque
1679 3614 1908 3669 sumus?
1950 3613 2055 3670 Su-

476 3719 642 3766 mus,
702 3704 941 3773 inquies.
985 3702 1101 3759 Hoc
1129 3714 1311 3759 autem
1374 3704 1469 3774 qui
1504 3705 1759 3761 scimus?
1810 3718 1904 3762 aut
1943 3724 2055 3779 quo

475 3794 635 3849 nobis
677 3804 1001 3864 argumento
1050 3810 1152 3851 nos
1203 3795 1257 3850 id
1301 3796 1441 3851 scire
1488 3799 1907 3865 persuasimus?
1935 3799 2054 3855 Non

479 3885 688 3954 lateris,
720 3886 831 3940 alio
861 3886 1011 3941 nullo
1038 3888 1262 3957 perinde
1288 3888 1394 3944 hoc
1423 3889 1585 3956 eliici,
1624 3906 1689 3947 ac
1723 3907 1889 3947 sensu
1916 3908 2056 3963 quo-

475 3979 600 4033 dam
627 3978 1085 4049 perceptioneque
1106 3982 1333 4035 nostra?
1356 3980 1477 4036 Jam
1504 3983 1810 4039 animantes
1837 4000 2057 4055 quoque

475 4087 575 4126 nos
608 4085 752 4137 esse,
800 4071 1264 4141 quemadmodum
1316 4073 1477 4131 nobis
1526 4074 2055 4147 consistitiquem-

473 4164 769 4219 admodum
801 4180 867 4220 ex
895 4165 1288 4230 animantibus,
1318 4175 1377 4220 ut
1402 4165 1535 4220 mihi
1561 4166 1782 4236 quidem
1824 4168 2057 4239 loquen-

472 4256 603 4311 dum
632 4258 869 4324 videtur,
902 4257 1153 4312 homines
1181 4274 1195 4323 ;
1233 4272 1298 4312 ex
1334 4257 1647 4314 hominibus
1672 4259 2054 4317 circulatorem

473 4349 726 4415 alterum,
756 4348 988 4403 alterum
1014 4349 1359 4405 circulatoris
1381 4352 1803 4421 exagitatorem:
1832 4361 1892 4407 ut
1922 4368 2055 4409 vero

471 4442 734 4514 loqueris,
759 4442 921 4498 deum
963 4443 1225 4509 alterum,
1259 4444 1491 4498 alterum
1527 4444 1803 4500 hominem
1832 4445 1857 4498 ?
1897 4446 2054 4500 item-

470 4551 576 4606 que
612 4544 788 4589 vatem
818 4534 1075 4600 alterum,
1107 4537 1338 4590 alterum
1370 4536 1762 4607 sycophantam
1791 4538 1814 4591 τ
1859 4537 1925 4592 Ει
1956 4538 2053 4594 ha-

2158 3339 2335 3392 ἐκεῖνό
2370 3356 2461 3410 μοι
2509 3340 2634 3408 λέγε
2682 3339 2850 3410 (iam;
2873 3342 2968 3394 καὶ
2991 3339 3146 3408 ὀλίγα
3188 3343 3253 3393 ἐκ
3281 3341 3491 3394 πολλῶν
3525 3343 3743 3413 ἀρκεί)’

2157 3424 2306 3501 *Αρά
2330 3429 2395 3499 γέ
2420 3429 2473 3482 τί
2495 3431 2660 3501 ἐσμεν
2682 3429 2792 3498 ἐγώ
2825 3447 2883 3482 τε
2909 3431 3001 3483 καὶ⁵
3036 3429 3098 3482 σύ
3123 3446 3137 3494 ;
3166 3430 3333 3499 φαίης
3360 3429 3447 3483 ἄν.
3485 3429 3656 3482 Τοῦτο
3684 3430 3744 3483 δέ

2156 3521 2353 3575 ὁπόθεν
2389 3519 2581 3592 lapsu;
2616 3520 2677 3574 τὸ
2698 3531 2725 3560 ι
2749 3520 2868 3573 πότ’
2889 3519 2995 3591 ἄρα
3011 3519 3168 3572 τοῦτο
3187 3520 3383 3573 εἰδέναι
3409 3520 3741 3590 ἐκρίναμεν;

2157 3613 2191 3684 ῆ
2224 3614 2324 3667 οὐκ
2350 3612 2478 3668 ἄλλο
2529 3614 2710 3666 ἱκανὸν
2745 3611 2919 3674 οὕτως
2942 3652 2957 3672 ,
2999 3611 3074 3674 ὼς
3103 3614 3137 3681 ἡ
3179 3611 3530 3683 συναίσθησίς
3562 3628 3621 3664 τε
3650 3612 3743 3664 καὶ

2157 3704 2443 3776 ἀντίληψις
2488 3703 2643 3774 ἡμῶν
2684 3703 2863 3756 αὐτῶν
2889 3719 2902 3768 ;
2939 3705 3003 3756 Τί
3033 3704 3077 3757 δ’
3104 3705 3185 3756 ὅτι
3219 3702 3334 3767 ζῶά
3360 3706 3529 3774 ἐσμεν
3557 3744 3572 3767 ,
3627 3703 3742 3766 πῶς

2158 3798 2276 3849 ποτ’
2310 3796 2418 3867 ἆρα
2446 3795 2738 3867 ἐξεύρομεν
2759 3812 2773 3860 ;
2797 3795 2916 3859 πῶς
2941 3796 2986 3849 δ’
3010 3797 3093 3849 ὅτι
3120 3795 3214 3849 καὶ
3242 3793 3417 3860 ζώων,
3444 3797 3519 3859 ὡς
3554 3796 3651 3866 μὲν
3678 3795 3744 3849 ἂν

2158 3889 2270 3960 ἐγὼ
2302 3889 2533 3959 εἴποιμι,
2561 3887 2835 3958 ἄνθρωποι
2854 3905 2870 3918 ο
2902 3888 2996 3940 καὶ
3022 3886 3325 3958 ἀνθρώπων
3349 3890 3377 3941 ὁ
3404 3889 3501 3958 μὲν
3534 3887 3686 3958 γόης,
3715 3888 3745 3941 ό

2156 3983 2214 4037 δὲ
2247 3983 2439 4052 γόητος
2461 3980 2832 4051 άπελεγκτήςο
2868 3979 2943 4044 ὡς
2968 3981 3012 4033 δ’
3038 3980 3103 4034 ἄν
3137 3996 3219 4034 σοι
3248 3980 3297 4043 δ,
3326 3982 3355 4033 ὁ
3398 3981 3500 4049 μὲν
3535 3979 3746 4051 ἄνθρω-

2160 4092 2260 4139 πος
2280 4113 2295 4137 ,
2322 4075 2351 4127 ὁ
2377 4074 2434 4127 δὲ
2461 4072 2604 4136 θεὸς,
2640 4072 2733 4126 xai
2756 4075 2784 4127 ό
2820 4073 2917 4144 μὲν
2954 4073 3167 4144 μάντις,
3201 4076 3230 4127 ὁ
3265 4072 3324 4126 δὲ
3366 4073 3745 4144 συκοφάντης;

2158 4166 2268 4221 Καὶ
2298 4164 2440 4218 ἔστω
2477 4181 2541 4232 γε
2571 4164 2653 4215 σοὶ
2680 4162 2854 4227 οὕτως
2878 4161 3015 4233 ἔχων
3046 4172 3069 4201 ο
3093 4202 3109 4226 ,
3148 4164 3353 4232 ἐάνπερ
3390 4160 3565 4229 ἔγωγε
3605 4160 3741 4215 ἁλῶ.

2156 4257 2283 4321 Πῶς
2319 4255 2363 4310 δ’
2405 4256 2488 4309 ὃτι
2528 4253 2883 4325 διαλεγόμεθα
2926 4255 2982 4306 ἐν
3002 4252 3082 4324 τῷ
3112 4253 3340 4324 παρόντι
3384 4250 3741 4323 ἐγνώκαμενζ

2158 4351 2222 4404 Τί
2250 4349 2355 4420 φῄς
2378 4365 2392 4414 ;
2417 4343 2543 4419 Ἆρ’
2579 4347 2679 4400 οὐκ
2715 4345 2893 4418 ὀρθῶς
2926 4344 3220 4416 ἐκρίναμεν
3248 4342 3347 4414 τὴν
3380 4342 3531 4411 ἡμῶν
3564 4342 3745 4398 αὐτῶν

2157 4443 2461 4513 ἀντίληψιν,
2513 4440 2589 4512 τῷ
2619 4440 2836 4494 πάντων
2881 4439 3167 4509 ἐγγυτάτῳ
3220 4435 3508 4508 πράγματι
3556 4437 3742 4509 axi-rip;

2157 4534 2429 4606 Δηλονότι.
2461 4534 2536 4587 Οὐ
2564 4531 2673 4603 γὰρ
2695 4528 2763 4603 ἦν
2793 4530 2920 4585 ἄλλο
2945 4530 3110 4584 αὐτοῦ
3138 4527 3261 4583 οὔτε
3290 4528 3581 4601 ἀνώτερον,
3616 4529 3742 4584 οὔτε

474 4629 604 4682 beas
646 4626 700 4680 id
735 4634 793 4679 tu
831 4626 1051 4695 quidem
1097 4641 1195 4695 per
1224 4641 1313 4681 me
1355 4627 1518 4690 licet,
1551 4628 1728 4682 victus
1777 4627 1951 4685 fuero.
2004 4630 2051 4684 A

2156 4627 2563 4701 πρεσϐύτερον,
2608 4623 2733 4678 οὔτε
2778 4624 3119 4694 πιστότερον.
3164 4621 3316 4675 Ἐπεὶ
3352 4623 3401 4675 εί
3450 4622 3526 4694 μὴ
3569 4623 3742 4688 οὕτως

472 4716 629 4771 nobis
688 4730 816 4771 vero
864 4716 1006 4769 hanc
1060 4716 1555 4785 impraesentiarum
1620 4717 2047 4787 disputationem

472 4808 682 4868 haberi,
729 4824 837 4879 qua
893 4807 1109 4862 tandem
1158 4807 1371 4862 ratione
1424 4810 1862 4879 cognoscimus?
1907 4811 2049 4881 Quid

472 4900 588 4955 ais?
614 4897 891 4970 Numquid
922 4898 1181 4969 praeclare
1208 4898 1277 4955 de
1298 4909 1486 4956 nostra
1514 4902 1844 4973 percipiendi
1874 4904 1949 4971 vi,
1981 4920 2052 4961 ex

542 5053 568 5083 ι
596 5058 687 5111 rp.
716 5040 815 5114 τῷ,
894 5041 925 5082 δ
952 5042 1038 5098 ισ.
1071 5043 1181 5121 σύ..
1235 5053 1258 5083 ο
1294 5060 1385 5114 γρ.
1417 5046 1561 5115 ἐχον.

542 5181 655 5253 (7i)
698 5184 1013 5253 Χείρωνος.
1042 5181 1158 5239 Hoc
1186 5186 1469 5241 oraculum
1513 5186 1639 5241 alibi
1688 5186 1930 5240 nondum
1957 5200 2051 5241 oc-

468 5252 661 5326 currit.
695 5252 987 5310 Lectorum
1022 5256 1326 5310 abutuntur
1353 5258 1487 5317 otio,
1520 5257 1613 5326 qui
1644 5254 1976 5311 Herodotum
1999 5267 2053 5311 et

470 5322 749 5398 Platonem
778 5328 968 5398 citant,
996 5327 1139 5398 apud
1164 5341 1313 5398 quos
1341 5327 1408 5382 de
1439 5322 1697 5398 ἰιιο’μηδὲ
1730 5326 1859 5398 γρύ,

543 5391 657 5463 (72)
684 5393 982 5468 _dewts.
1004 5466 1011 5468 _
1030 5391 1341 5468 Stephanus
1395 5391 1683 5468 Κάρυστον
1724 5391 1950 5468 scribit,
1970 5396 2054 5468 ab

471 5462 646 5531 eoque
665 5462 964 5535 _Carystum
1000 5466 1053 5520 in
1096 5462 1302 5522 Eubma
1332 5462 1612 5522 conditum
1662 5466 1832 5521 fuisse
1863 5466 2050 5532 tradit,

470 5531 1037 5607 quamjheodnridas
1065 5535 1384 5607 Chironiam
1413 5538 1665 5607 appellat,
1690 5537 1836 5591 haud
1869 5531 2053 5603 dubie,

471 5602 629 5677 quo_d_
638 5601 899 5677 Chironis
930 5606 1074 5659 [ilius
1103 5606 1367 5677 Carystus
1392 5601 1558 5661 esset.

544 5670 655 5746 (75)
690 5670 1303 5746 Ἀγγεαονᾲηαρίόιᾳ
1346 5677 1489 5731 Idem
1525 5677 1807 5731 oraculum
1849 5673 2057 5746 profert

472 5741 823 5816 Stephanus,
854 5760 909 5796 ν.
943 5741 1210 5816 Θάσσος,
1243 5748 1333 5803 ubi
1380 5756 1434 5800 et
1482 5747 1548 5802 de
1590 5748 1817 5816 antiquo
1850 5741 2058 5801 insula:

471 5813 712 5887 gguine.
745 5812 904 5887 Aeria
937 5815 1178 5887 :"Ottﬁe
1204 5818 1296 5869 καὶ
1320 5817 1510 5887 νἈερία
1541 5820 1573 5887 ἠ
1599 5812 1833 5887 ΘάσσοςΣ
1858 5817 2055 5884 inquit,

468 5880 623 5955 δῆλον
661 5883 724 5939 ὲκ
753 5882 846 5939 τοῦ
880 5884 1153 5957 χρησμοῦ,
1187 5887 1278 5941 τοῦ
1311 5880 1657 5954 δοθέντος’τιῖι
1686 5887 1777 5942 τοῦ
1817 5880 2060 5954 Ἀρχιλό-

2157 4719 2289 4786 ἕξει,
2326 4722 2465 4793 μήτε
2499 4719 2607 4791 ἄρα
2630 4720 2705 4781 ῶς
2747 4715 2810 4770 σέ
2838 4734 2920 4780 τις
2949 4717 3029 4776 είς
3071 4714 3309 4784 Δελφοὺς
3349 4714 3743 4786 παραγενέσθαι

2159 4811 2344 4868 λοιπὸν
2363 4854 2378 4878 ,
2423 4813 2595 4883 ὄνομα
2653 4808 2962 4881 ’Δλκμαίων
2985 4850 3000 4872 ,
3034 4807 3348 4873 ἀπεκτονὼς
3380 4809 3477 4880 τὴν
3508 4810 3739 4882 μητέρα.

2162 4908 2258 4961 καὶ
2284 4905 2495 4960 οἴκοθεν
2531 4904 2886 4974 ἐλαυνόμενος
2912 4944 2926 4968 ,
2961 4903 3055 4956 καὶ
3088 4901 3269 4955 οἴκαδε
3309 4901 3621 4974 ἐπιθυμῶν⁸
3677 4902 3739 4956 οὐ

2157 5206 2276 5259 χου.
2309 5187 2486 5259 ᾼόόο,
2511 5185 2707 5259 πατρί.-
2743 5185 2971 5259 Alioqui
3001 5186 3171 5240 lilium
3215 5200 3499 5259 perperam
3536 5184 3742 5259 innue-

2161 5255 2261 5312 ret.
2309 5255 2483 5312 Porro
2535 5255 2876 5316 Herodotus,
2920 5255 3011 5309 lib.
3050 5272 3110 5319 ιι,
3156 5265 3210 5309 et
3247 5256 3494 5325 pluribus
3536 5255 3630 5308 lib.
3662 5271 3740 5319 vr,

2162 5327 2404 5382 Thasum
2456 5328 2667 5390 urbem,
2713 5342 2743 5380 a
2789 5325 3138 5380 Pltmnicibus
3180 5325 3451 5394 Europam
3491 5341 3744 5394 quaeren-

2164 5400 2309 5453 tibus
2355 5398 2663 5459 conditam,
2709 5406 2872 5466 atque
2922 5412 2951 5450 a
2986 5395 3203 5461 Thaso,
3249 5396 3641 5464 expeditionis,
3680 5405 3743 5450 ut

2162 5469 2397 5529 videtur,
2435 5468 2677 5537 principe
2706 5468 2905 5521 dictam
2948 5481 3071 5521 esse
3101 5467 3284 5521 tradit.
3318 5466 3741 5537 Quomodojgi.

2165 5548 2253 5593 tur
2275 5556 2305 5593 a
2341 5534 2538 5599 Pariis.
2570 5534 2707 5591 duce
2737 5537 3081 5603 Archilocho,
3110 5537 3187 5591 uti
3223 5537 3385 5590 etiam
3419 5535 3559 5605 apud
3589 5534 3743 5589 Stra-

2164 5610 2294 5663 bon.
2345 5609 2435 5661 lib.
2472 5624 2500 5661 χ
2550 5609 3029 5676 legimus.condita
3088 5607 3229 5661 fuit?
3276 5606 3437 5676 Forte
3469 5607 3743 5676 instaurat-

2164 5690 2311 5733 torcs
2344 5678 2459 5746 ejus
2488 5674 2654 5742 Parii,
2691 5693 2798 5732 non
2833 5678 2990 5746 primi
3018 5678 3331 5733 conditores
3363 5675 3515 5730 fuere
3542 5694 3557 5741 ;
3592 5674 3740 5746 quod

2165 5749 2232 5804 de
2282 5742 2401 5803 aliis
2444 5750 2716 5818 plerisque
2753 5742 2980 5801 urbibus
3015 5749 3121 5801 dici
3165 5756 3364 5815 potest,
3397 5742 3628 5818 quarum
3657 5742 3744 5797 vel

2168 5816 2517 5887 instauratio,
2548 5816 3005 5890 vel'amplilicatio
3047 5820 3228 5876 notior
3265 5833 3429 5889 quam
3463 5816 3739 5873 conditus.
