4162 6422
477 379 580 434 437
1658 382 1981 442 ΡΒΑΞΡΑΒ.
2026 389 2050 442 Ι

2152 389 2277 446 ιΝϐ.
2319 389 2446 445 LIB.
2493 388 2574 447 Vl.
3613 387 3713 442 ιδε

471 493 581 565 γὰρ
603 492 762 555 οἶδεν,
806 493 918 547 οὔτ’
943 497 989 547 εἰ
1010 496 1126 549 ἔστι
1177 514 1229 549 τι
1261 498 1423 561 αὐτὸς
1449 500 1772 570 τοπαράπαν
1794 541 1809 565 ,
1844 501 1965 555 οὔτε
1998 505 2045 555 εἰ

2152 505 2258 559 hoc
2283 506 2400 574 ipso
2432 504 2800 575 potissimum,
2824 501 2970 571 quod
3001 502 3055 557 in
3090 501 3343 557 manibus
3365 507 3469 564 est,
3498 510 3714 569 negotio

469 586 679 640 οἴκοθεν
701 585 1005 650 ἐλαύνεται,
1044 587 1153 641 οὔτ’
1188 591 1236 642 εἰ
1270 590 1452 643 οἶκαδε
1494 592 1770 662 ἐπιθυμεῖ.
1827 592 1964 645 Ἀλλ’
1997 597 2046 648 εἰ

2152 597 2488 651 statuimus?
2526 597 2779 653 Omnino.
2813 595 2922 650 Nec
2950 596 3094 649 enim
3141 592 3286 647 aliud
3330 606 3395 645 eo
3432 591 3514 645 vel
3557 604 3711 659 supe-

470 679 565 732 καὶ
592 676 838 747 μαίνεται
862 681 890 731 6
931 679 1256 750 Ἀλκμαίων,
1295 682 1388 734 καὶ
1430 681 1646 736 ὑπονοεῖ
1681 683 1749 737 τὰ
1788 684 1864 755 μὴ
1893 684 2043 750 ὄντα,

2152 690 2289 753 rius.
2336 692 2417 744 vel
2467 691 2765 761 antiquius.
2822 690 2903 745 vel
2950 690 3054 744 inde
3102 688 3318 757 dignius
3358 700 3480 740 esse
3529 692 3711 753 queat.

471 771 581 838 δγε
608 770 803 833 Πύθιος
828 772 889 823 οὐ
925 772 1173 843 μαίνεται
1193 788 1207 801 ο
1246 772 1381 843 μηδὲ
1412 772 1533 841 λέγε
1565 772 1769 837 οὕτως·

2155 780 2324 837 Secus
2349 784 2517 848 enim,
2541 784 2754 837 desinat
2777 785 2828 837 in
2862 790 3135 852 posterum
3159 781 3429 833 Alcmaeon
3456 787 3508 831 te
3528 775 3713 829 nescio

477 863 634 934 quis,
670 863 954 920 interfecta
993 874 1206 929 matre,
1238 866 1405 922 domo
1441 868 1668 937 pulsus,
1700 870 1927 941 ejusque
1971 880 2148 927 tamen
2197 878 2446 946 cupidus,
2502 877 2721 948 Delphis
2770 877 3081 934 convenire.
3131 874 3289 945 257
3333 872 3561 942 Quippe,
3615 885 3714 925 nec

478 968 658 1014 utrum
693 959 894 1029 aliquid
932 961 1046 1029 ipse
1073 962 1299 1016 omnino
1342 963 1449 1028 sit,
1496 980 1597 1019 nec
1642 974 1824 1020 utrum
1874 967 2037 1023 domo
2071 969 2319 1039 pellatur,
2359 987 2459 1026 nec
2518 982 2700 1027 utrum
2764 972 3006 1042 ejusdem
3044 970 3276 1038 cupidus
3312 968 3405 1029 sit,
3439 964 3710 1026 intelligit.

476 1050 544 1105 At
579 1050 723 1103 enim
771 1050 912 1105 furat
939 1052 1213 1107 Alcmaeon
1246 1053 1390 1120 licet,
1424 1069 1652 1125 quaeque
1686 1056 1832 1112 nulla
1867 1068 2034 1128 sunt,
2074 1062 2258 1116 animo
2296 1063 2400 1117 sibi
2450 1063 2654 1133 ﬁngat;
2715 1079 2824 1119 non
2857 1062 2990 1118 furit
3037 1060 3254 1130 quidem
3319 1056 3564 1124 Pythius.
3601 1054 3714 1109 lmo

476 1155 608 1196 cave
640 1149 696 1194 tu
725 1154 940 1210 quoque
967 1141 1019 1195 id
1049 1142 1097 1195 ei
1128 1143 1374 1209 occinas,

474 1257 710 1311 Νόστων
734 1254 921 1321 δίζηαι
952 1258 1209 1326 πατρίην
1230 1259 1296 1324 ἐς
1318 1259 1495 1327 γαῖαν
1529 1261 1759 1316 ἱκέσθαι

488 1326 657 1396 Ἀμφί
695 1327 990 1395 Ἀρκαδίῃ.

476 1443 611 1495 Οὐδὲ
645 1442 751 1515 γάρ
777 1438 933 1495 οἶσθά
957 1460 1071 1507 πως
1102 1439 1234 1495 εἷσέ
1255 1460 1338 1506 τις
1357 1442 1537 1515 ἐρωτᾷ
1564 1444 1705 1515 ἀμφὶ
1732 1446 2039 1517 Ἀρκαδίης,

472 1533 582 1586 οὐδ’
616 1535 664 1586 εἰ
697 1534 761 1585 σὺ
782 1529 832 1585 εἷ
860 1534 888 1585 6
915 1532 1285 1604 ἐρωτώμενος,
1320 1534 1415 1587 καὶ
1443 1533 1621 1602 λέγειν
1646 1534 1783 1605 ἔχων
1813 1537 1939 1607 περί
1970 1530 2044 1589 ὧν

472 1639 557 1686 τις
585 1624 781 1693 ἐρωτᾷ.
816 1622 967 1692 Μηδὲ
990 1622 1309 1694 Χρύσιππος
1335 1623 1443 1694 ἄρα
1488 1626 1517 1676 6
1560 1623 1657 1694 τὴν
1702 1624 2044 1694 ήμιδουλείαν

477 1711 731 1780 εἰσάγων,
758 1713 786 1765 ὅ
810 1729 863 1764 τι
897 1712 1028 1765 ποτέ
1057 1712 1168 1783 (74)
1209 1715 1355 1765 ἐστιν
1381 1713 1513 1767 αὐτὸ
1544 1713 1720 1781 τοῦτο,
1752 1716 2045 1769 ἀπαντάτω

474 1804 553 1866 εἰς
583 1802 681 1873 τὴν
714 1803 895 1865 στοὰν,
926 1801 1049 1873 μηδ’
1070 1801 1264 1855 οἰέσθω
1285 1803 1693 1873 ἀπαντήσεσθαι
1741 1806 1866 1867 τοὺς
1896 1804 2045 1874 βλενσ

2158 1266 2232 1319 Tu
2266 1266 2493 1321 reditum
2518 1267 2573 1320 in
2595 1268 2824 1335 patriam
2854 1267 2988 1321 votis
3014 1262 3364 1335 ﬂagrantibus
3396 1276 3570 1331 urges,

2162 1336 2352 1391 Versus
2384 1337 2689 1392 Arcadiam.

2150 1446 2284 1502 Nam
2322 1463 2390 1502 ne
2421 1448 2537 1517 ipse
2565 1448 2783 1517 quidem
2832 1447 3121 1518 intelligis,
3154 1454 3278 1501 tene
3307 1444 3597 1515 quisquam
3647 1444 3715 1499 de

2150 1537 2387 1592 Arcadia
2422 1537 2694 1600 consulat,
2727 1536 2775 1591 is
2804 1552 2872 1591 ne
2903 1551 3068 1607 porro
3098 1535 3176 1590 sis
3196 1574 3211 1598 ,
3242 1533 3334 1603 qui
3372 1530 3672 1589 consulitur
3695 1567 3713 1595 ,

2151 1628 2448 1694 habeasne,
2475 1628 2621 1697 quod
2651 1642 2769 1682 eam
2800 1628 2853 1680 in
2879 1642 3016 1693 rem,
3046 1642 3153 1696 qua
3184 1625 3251 1680 de
3274 1625 3415 1678 alius
3439 1621 3676 1677 consulit
3696 1661 3714 1686 ,

2152 1716 2501 1785 respondeas.
2538 1714 2761 1770 Desinat
2784 1715 2945 1769 etiam
2975 1714 3331 1785 Chrysippus,
3361 1712 3409 1766 is
3433 1711 3527 1781 qui
3556 1709 3718 1764 diuti-

2152 1807 2357 1861 diatam
2393 1807 2603 1861 invehit
2635 1808 2973 1871 servitutem,
3015 1820 3139 1860 cum
3182 1804 3236 1857 id
3271 1805 3447 1872 ipsum
3492 1814 3717 1871 prorsus

474 1894 598 1956 νοὺς
656 1892 916 1955 ἐκείνους,
954 1893 1029 1956 ὡς
1081 1892 1243 1945 αὐτὸν
1283 1892 1682 1964 ἀκουσομένους
1724 1894 1814 1947 τὸν
1845 1892 2042 1949 Οὖτιν·

2152 1898 2381 1967 ignoret,
2410 1897 2466 1951 in
2497 1896 2773 1951 Porticum
2820 1897 3113 1960 ventitare,
3144 1909 3244 1948 nec
3267 1893 3457 1948 eodem
3488 1892 3717 1946 blennos

480 1986 613 2055 μηδὲ
643 1984 991 2038 διατεινέσθω
1023 1985 1151 2055 περὶ
1187 1985 1412 2055 μηδενὸς
1442 1984 1737 2048 καταστὰς,
1777 1985 1913 2058 πρὸς
1946 1988 2043 2057 μὲν

487 2076 835 2146 Ἀρκεσίλαον
852 2075 1114 2145 παρόντα,
1138 2076 1273 2145 πρὸς
1288 2075 1344 2128 δὲ
1372 2075 1684 2146 Ἐπίκουρον
1703 2076 1762 2128 οὐ
1784 2078 2039 2147 παρόντων

475 2168 529 2221 τί
561 2167 670 2236 γάρ
702 2167 847 2219 ἐστιν
879 2168 907 2218 6
940 2164 1307 2236 Ἀρκεσίλαος,
1331 2163 1385 2216 τί
1414 2164 1470 2216 δὲ
1497 2166 1525 2217 6
1571 2164 1964 2235 Ἐπίκουρος,ἢ
1992 2164 2048 2217 τί

477 2259 513 2329 ή
541 2257 691 2319 στοά,
724 2256 757 2326 ἢ
802 2256 853 2309 τί
881 2258 927 2308 οἰ
962 2255 1103 2318 νέοι,
1143 2255 1176 2325 ἢ
1213 2255 1295 2319 τίς
1318 2253 1345 2305 ὁ
1365 2253 1549 2317 Οὖτις,
1589 2253 1700 2307 οὔτ’
1727 2250 1887 2319 οἶδεν,
1921 2256 2043 2308 οὔτε

475 2339 586 2407 οἷος
630 2344 859 2398 είδέναι”
927 2343 1060 2397 πολὺ
1094 2342 1202 2414 γὰρ
1231 2343 1492 2414 πρότερον
1535 2343 1642 2395 οὐδ’
1695 2346 1743 2396 εἰ
1783 2344 1941 2407 αὑτός
1992 2345 2043 2397 τί

477 2437 623 2488 ἐστὶν
646 2432 803 2488 οἶδεν.
848 2433 985 2486 Ἀλλ’
1018 2434 1119 2486 οὐκ
1160 2432 1411 2498 ἀνέξεσθε
1449 2431 1571 2485 οὔτε
1613 2434 1805 2502 ὑμεῖς,
1848 2433 1970 2487 οὔτε
2016 2437 2044 2489 6

475 2526 830 2597 Δημόκριτος,
858 2527 906 2577 εἰ
930 2522 1075 2591 λέγοι
1105 2541 1185 2587 τις
1206 2523 1403 2576 ταῦτα·
1436 2523 1495 2576 οὐ
1527 2523 1635 2594 γὰρ
1674 2520 1811 2577 εἶναι
1860 2526 2045 2578 πιστόι

472 2634 629 2689 τερον
685 2617 879 2689 μέτρον
909 2611 970 2670 οὗ
999 2616 1175 2684 λέγω·
1217 2616 1324 2669 οὐδ’
1360 2618 1407 2668 εἰ
1427 2615 1573 2668 δοκεῖ
1600 2617 1692 2668 xui.
1742 2616 1875 2671 ἄλλα
1923 2616 2045 2670 τινά

475 2704 632 2773 εἶναι,
658 2707 831 2777 τούτῳ
860 2707 990 2776 γοῦν
1049 2707 1380 2779 παρισωθείη
1405 2724 1418 2737 ·
1472 2708 1506 2778 ἢ
1556 2708 1895 2780 παμσωθείη
1947 2709 2045 2779 μὲν

475 2801 562 2866 ἂν,
587 2800 912 2870 ὑπερϐάλλοι
936 2801 992 2853 δὲ
1023 2801 1122 2853 οὐκ
1150 2800 1231 2854 ἄν.
1259 2800 1466 2852 Οὐκοῦν
1497 2800 1717 2870 φήσειεν
1753 2799 1818 2853 ἄν
1846 2817 1961 2865 τις,
2000 2795 2046 2854 ὧ

477 2892 781 2965 Δημόκριτε
805 2935 821 2959 ,
858 2893 951 2945 καὶ
984 2892 1048 2944 σὺ
1068 2931 1083 2956 ,
1114 2886 1159 2944 ὧ
1186 2891 1498 2963 Χρύσιππε,
1549 2890 1644 2944 καὶ
1677 2892 1763 2955 σὺ,
1790 2884 1835 2944 ὦ
1863 2891 2043 2962 μάντι,

476 2980 666 3053 ἐπειδὴ
690 2980 1047 3051 ἀγανακτεῖτε
1093 2980 1146 3033 εἰ
1171 2996 1253 3042 τις
1296 2979 1548 3049 ἐθελήσαι
1587 2978 1917 3050 παρελέσθαι
1950 2979 2048 3051 τὴν

478 3074 632 3145 ὑμῶν
665 3070 844 3125 αὐτῶν
870 3068 1149 3140 ἀντίληψιν
1168 3086 1181 3099 ⁶
1212 3069 1273 3122 οὐ
1302 3069 1411 3139 γὰρ
1430 3068 1511 3121 ἔτι
1538 3068 1636 3132 τὰς
1674 3060 1872 3132 ⁸ιτὲολλάς
1912 3069 2051 3122 ὲκεί-

477 3182 573 3228 νας
607 3162 820 3233 βίϐλους
859 3156 1026 3216 εἶναι’
1069 3160 1201 3231 φέρε
1234 3161 1327 3213 καὶ
1355 3161 1517 3231 ἡμεῖς
1552 3160 2048 3232 ἀνταγανακτήσω-

478 3215 693 3327 nisi.“
721 3252 785 3323 δή
800 3215 941 3305 ’ποτε
966 3267 981 3317 ;
1022 3215 1152 3304 ἔνθα
1175 3250 1271 3321 μὲν
1296 3249 1361 3304 ἂν
1378 3215 1513 3321 ’δμῖν
1532 3250 1684 3321 δοκῇ,
1701 3215 1863 3305 ’ἔσται
1887 3215 2048 3301 τοῦτο
2074 3215 2116 3273 c

479 3346 571 3400 καὶ
599 3344 917 3398 πιστότατον
938 3342 1031 3396 καὶ
1059 3341 1429 3414 πρεσϐύτατον
1453 3358 1466 3371 ’
1492 3340 1616 3394 ἔνθα
1641 3341 1685 3393 δ’
1717 3339 1783 3394 ἂν
1808 3341 1880 3411 μὴ
1898 3340 2048 3410 δοκῇ,

476 3431 972 3488 καταδυναστεῦσαί
1019 3431 1129 3502 (75)
1171 3448 1223 3483 τι
1268 3430 1492 3500 λεληθὸς
1537 3430 1703 3484 αὑτοῦ
1743 3431 2050 3501 εἱμαρμένη

478 3525 831 3593 πεπρωμένη,
870 3519 1130 3592 διαφορὰν
1156 3519 1369 3589 ἑκάστῳ
1398 3520 1551 3590 ὑμῶν
1574 3520 1803 3590 ἔχουσα,
1841 3518 1918 3590 τῷ
1954 3520 2054 3589 μὲν

477 3616 540 3668 ὲκ
574 3612 731 3676 Θεοῦ,
758 3612 836 3683 τῷ
866 3611 924 3664 δὲ
956 3613 1020 3663 ὲκ
1051 3613 1150 3682 τῆς
1177 3610 1286 3663 τῶν
1311 3611 1522 3683 μικρῶν
1543 3611 1765 3664 ἐκείνων
1786 3610 2052 3681 σωμάτων

475 3704 584 3758 τῶν
610 3706 922 3775 φερομένων
950 3703 1120 3767 κάτω,
1165 3704 1259 3756 καί
1297 3703 1752 3772 ἀναπαλλομένων
1780 3703 1891 3757 ἀνω
1909 3743 1924 3765 ,
1958 3704 2053 3762 καὶ

478 3792 976 3865 περιπλεκομένων,
1002 3794 1096 3848 καὶ
1127 3792 1509 3862 διαλυομένων,
1544 3794 1637 3847 καὶ
1675 3794 2049 3864 διισταμένων,

477 3887 573 3943 καὶ
594 3884 1039 3956 παρατιθεμένων
1070 3884 1130 3948 ἐξ
1155 3885 1437 3954 άνάγκης;
1478 3885 1606 3939 Ἰδοὺ
1640 3884 1749 3956 γὰρ
1789 3879 1833 3952 ᾦ
1865 3886 2053 3957 τρόπῳ

478 3977 634 4050 ήμῶν
670 3978 847 4031 αὐτῶν
893 3974 1318 4046 ἀντειλήμμεθα,
1348 3975 1521 4046 τούτῳ
1547 3975 1772 4029 καὶτῶν
1821 3978 1879 4031 ὲν
1920 3979 2054 4047 ἡμῖν

478 4070 813 4141 αὐθαιρέτων
841 4070 933 4122 καὶ
969 4067 1177 4138 βιαίων.
1208 4069 1282 4121 Οὐ
1312 4068 1503 4139 λέληθε
1539 4069 1595 4122 δὲ
1644 4070 1791 4139 ἡμᾶς
1828 4070 1951 4123 ὅσον
1994 4071 2054 4123 τὸ

480 4162 682 4235 μεταξὺ
708 4161 798 4214 τοῦ
828 4161 1060 4231 βαδίζειν
1092 4161 1185 4213 καὶ
1230 4160 1323 4213 τοῦ
1351 4161 1576 4228 ἄγεσθαι
1598 4200 1612 4224 ,
1650 4161 1770 4215 οὐδὲ
1800 4163 1923 4214 ὅσον
1955 4161 2050 4214 τοῦ

417 4244 427 4254 ’
478 4253 747 4325 αἱρεῖσθαι
776 4252 870 4305 καὶ
900 4250 993 4304 τοῦ
1027 4250 1446 4320 ἀναγκάζεσθαι.
1474 4244 1576 4305 Ὧν
1598 4251 1655 4304 δὲ
1688 4251 1850 4304 ’ἑνεκα
1875 4252 2049 4305 ταῦτα

479 4345 827 4414 προσήνεγκα
864 4342 942 4414 τῷ
969 4342 1152 4414 λόγῳ;
1181 4343 1261 4395 ὅτι
1279 4358 1337 4395 σε
1368 4341 1700 4411 ἐκπέφευγεν
1725 4384 1739 4407 ,
1774 4337 1818 4397 ὧ
1857 4343 2040 4413 μάντι,

476 4428 552 4487 ὧν
574 4433 752 4506 κύριοί
788 4434 954 4504 ὲσμεν
989 4436 1166 4504 ἡμεῖς,
1193 4434 1286 4486 καὶ
1315 4434 1343 4485 6
1364 4433 1431 4485 τά
1465 4432 1642 4486 πάντα
1666 4430 1843 4496 εἰδὼς,
1880 4432 2056 4485 ταῦτά

2146 1986 2267 2041 illos
2306 1986 2611 2055 bardosque
2662 1995 2917 2042 venturos
2960 1992 3138 2056 putet,
3179 1981 3419 2038 Neminis
3462 1981 3716 2037 audiendi

2145 2090 2310 2130 causa
2350 2093 2363 2129 :
2396 2089 2496 2130 nec
2515 2076 2627 2145 jam
2659 2075 2767 2130 tlxo
2796 2076 2998 2146 gradu,
3040 2084 3135 2128 aut
3164 2081 3427 2143 praesente
3452 2086 3576 2127 cum
3609 2072 3716 2126 Ar-

2146 2166 2330 2229 cesila,
2380 2166 2466 2220 vel
2510 2181 2635 2220 cum
2668 2164 2902 2235 Epicuro
2931 2164 3155 2219 absente
3191 2163 3424 2218 luctetur
3453 2179 3466 2214 :
3496 2161 3718 2231 quando

2147 2258 2214 2319 is,
2246 2256 2376 2326 quid
2414 2265 2509 2312 aut
2527 2256 2820 2323 Arcesilas,
2856 2263 2952 2310 aut
2988 2253 3292 2325 Epicurus,
3325 2253 3436 2306 imo
3465 2252 3592 2321 quid
3624 2259 3720 2305 aut

2145 2346 2413 2412 Porticus,
2461 2347 2591 2417 quid
2639 2346 3043 2412 adolescentes,
3093 2344 3224 2414 quid
3258 2344 3424 2400 Nemo
3464 2342 3580 2411 ipse
3623 2342 3715 2403 sit,

2145 2455 2247 2496 nec
2286 2440 2566 2511 intelligit,
2610 2456 2712 2496 nec
2762 2439 3059 2510 intelligere
3088 2438 3312 2491 omnino
3337 2444 3545 2506 potest;
3592 2450 3716 2488 nam

2145 2530 2290 2599 quod
2342 2531 2515 2585 multo
2559 2530 2710 2599 prius
2773 2537 2892 2594 est,
2943 2528 3086 2585 sitne
3127 2529 3354 2598 ipsemet
3385 2526 3623 2597 aliquid,
3652 2539 3723 2579 ue

2147 2621 2252 2675 hoc
2291 2620 2510 2690 quidem
2552 2622 2721 2674 novit.
2771 2619 2841 2673 At
2886 2618 3189 2673 orationem
3218 2617 3380 2671 istam
3409 2630 3584 2684 neque
3621 2628 3722 2668 vos

2146 2710 2570 2779 scilicet,neque
2603 2708 2946 2763 Democritus
2973 2706 3110 2761 ferat
3144 2724 3157 2760 :
3194 2706 3337 2776 quod
3368 2706 3472 2759 alia
3500 2704 3720 2781 certior,

2144 2816 2208 2857 ea
2239 2815 2402 2870 quam
2441 2802 2673 2869 protuli,
2724 2799 2888 2868 hujus
2932 2797 3264 2852 aestimandae
3294 2796 3372 2850 rei
3407 2796 3546 2850 ratio
3575 2795 3723 2849 nulla

2146 2907 2271 2948 esse
2296 2893 2500 2961 possit;
2537 2899 2632 2946 aut
2665 2892 2710 2945 si
2744 2891 2862 2944 alia:
2892 2898 3146 2959 praeterea
3172 2888 3281 2942 sint
3302 2926 3316 2951 ,
3367 2901 3490 2941 cum
3521 2886 3610 2940 illa
3638 2895 3724 2939 ta-

2148 3000 2273 3038 men
2299 2985 2503 3053 aequari
2528 2992 2832 3053 nequeant;
2859 2990 2953 3036 aut
2983 2980 3031 3035 si
3059 2979 3223 3034 etiam
3262 2978 3465 3048 aaquari
3492 2978 3721 3048 possint,

2148 3090 2270 3130 eam
2301 3084 2448 3130 certe
2475 3073 2690 3143 quidem
2717 3087 2973 3142 superare
2999 3087 3109 3127 non
3140 3070 3371 3140 possint.
3415 3067 3534 3124 Jam
3569 3085 3720 3135 vero,

2150 3165 2296 3220 dicat
2332 3165 2551 3235 aliquis,
2587 3179 2621 3220 ο
2646 3163 2953 3220 Democrite
2972 3202 2988 3229 ,
3020 3172 3186 3233 tuque
3209 3178 3242 3219 o
3268 3162 3568 3233 Chrysippe
3588 3201 3603 3225 ,
3633 3172 3726 3217 tu-

2154 3269 2279 3323 que,
2309 3254 2444 3308 adeo
2477 3254 2621 3308 bone
2648 3261 2817 3321 vates,
2852 3252 2898 3305 si
2926 3250 3050 3321 quis
3080 3240 3422 3305 communem
3449 3248 3595 3302 illum
3629 3263 3728 3302 vo-

2153 3345 2237 3400 bis
2268 3359 2491 3399 sensum
2543 3360 2606 3400 ac
2649 3345 2926 3400 notionem
2961 3342 3170 3410 eripere
3216 3348 3538 3404 conaretur,
3587 3340 3728 3394 indi-

2152 3437 2451 3511 gnaremini
2476 3477 2492 3501 ,
2529 3452 2629 3492 nec
2655 3437 2799 3491 enim
2828 3436 2879 3490 id
2905 3436 3017 3505 jam
3049 3443 3220 3498 esset,
3255 3432 3525 3502 ingentem
3563 3431 3726 3486 istam

2152 3530 2339 3586 nescio
2367 3546 2529 3600 quam
2557 3530 2820 3584 librorum
2862 3526 3245 3598 supellectilem
3289 3525 3542 3595 eripere:
3580 3525 3726 3581 indi-

2153 3638 2382 3694 guemur
2414 3622 2578 3691 igitur
2604 3621 2767 3675 etiam
2807 3635 2927 3675 nos.
2969 3618 3108 3685 Quid
3137 3617 3324 3671 enim?
3351 3617 3443 3672 ubi
3477 3617 3631 3672 vobis
3654 3617 3728 3672 ita

2153 3714 2332 3767 visum
2364 3714 2499 3779 erit,
2530 3711 2895 3767 certissimum
2934 3711 3036 3765 hoc
3063 3710 3312 3765 videlicet
3352 3708 3602 3777 idemque
3628 3722 3731 3761 an-

2154 3804 2525 3875 tiquissimum
2579 3812 2957 3873 argumentum
3006 3802 3140 3867 erit;
3190 3799 3283 3856 ubi
3345 3809 3527 3856 autem
3570 3814 3730 3856 secus

2153 3896 2555 3960 existimabitis,
2589 3906 2703 3949 tum
2730 3910 2797 3949 eo
2822 3895 3097 3964 potentius
3118 3893 3219 3948 erit
3246 3894 3519 3948 occultum
3545 3892 3731 3947 nescio

2153 3988 2305 4058 quid,
2342 3987 2542 4053 fatalis,
2576 3986 2822 4056 inquam,
2857 3984 2947 4039 illa
2970 3984 3292 4049 necessitas,
3331 3981 3510 4054 quade
3544 3996 3613 4037 ne
3641 3997 3732 4035 vo-

2153 4082 2237 4135 bis
2266 4080 2486 4149 quidem
2522 4078 2664 4132 inter
2692 4093 2791 4131 vos
2817 4076 2965 4145 ipsos
2988 4075 3271 4140 convenit;
3300 4088 3424 4128 cum
3447 4072 3587 4128 alius
3606 4087 3728 4127 eam

2153 4189 2217 4230 ex
2244 4173 2428 4228 divino
2452 4168 2687 4225 Numine
2709 4209 2723 4231 .
2772 4169 2912 4224 alius
2936 4183 3005 4222 ex
3032 4167 3273 4221 minimis
3299 4166 3405 4220 illis
3428 4180 3731 4235 corpuscu-

2154 4265 2222 4319 lis
2253 4263 2487 4332 pendere
2513 4258 2662 4322 velit,
2677 4273 2799 4328 qua:
2820 4241 2981 4311 modo
3003 4257 3258 4311 deorsum
3283 4253 3548 4321 ferantur,
3565 4255 3729 4311 modo

2156 4362 2344 4407 contra
2386 4350 2670 4403 vibreutur
2715 4361 2964 4412 sursum,
2996 4354 3159 4414 atque
3186 4344 3455 4413 ejusmodi
3495 4344 3636 4413 sint,
3669 4354 3731 4401 ut

2158 4444 2297 4497 inter
2344 4455 2465 4496 sese
2510 4439 2674 4509 paulo
2728 4447 2852 4493 ante
2892 4436 3204 4500 commissa,
3239 4434 3402 4505 paulo
3437 4446 3558 4506 post
3594 4437 3731 4491 diri-

479 4543 542 4595 γε
570 4528 669 4580 οὐκ
693 4527 759 4581 ἂν
797 4526 1014 4597 εἰδείης,
1048 4519 1123 4581 ὧν
1154 4526 1223 4579 τὰ
1254 4526 1528 4596 πείσματα
1566 4525 1804 4596 ἀνῆπται
1846 4527 1910 4579 ὲκ
1955 4527 2050 4595 τῆς

2158 4545 2408 4599 mantur;
2440 4547 2505 4589 ac
2532 4529 2777 4586 vicissim
2802 4529 3073 4599 disjuncta
3094 4532 3243 4601 prius
3267 4532 3391 4586 cum
3415 4538 3617 4597 essent,
3642 4544 3735 4583 ue-

480 4617 751 4689 ἡμετέρας
785 4616 1112 4687 βουλήσεως.
1151 4616 1297 4689 Αὕτη
1325 4616 1381 4669 δέ
1408 4632 1473 4684 γε
1514 4616 1765 4684 ἐφαίνετο
1803 4616 1902 4669 οὐκ
1940 4615 2052 4668 ὀλί-

480 4725 592 4777 γων
620 4704 754 4762 οὖσα
783 4708 1122 4778 πραγμάτων
1148 4708 1317 4778 ἀρχή·
1350 4705 1409 4759 δν
1439 4706 1497 4759 δὲ
1543 4709 1576 4777 ή
1605 4706 1746 4776 ἀρχὴ
1772 4747 1787 4771 ,
1831 4707 1951 4777 ἥτις
1986 4702 2054 4776 ἦν

479 4798 587 4852 τῶν
613 4799 751 4869 μετά
772 4798 947 4851 ταῦτα
972 4798 1141 4862 αἰτία,
1169 4798 1527 4867 ἐκπέφευγεν,
1553 4794 1695 4869 ἦπού
1726 4814 1790 4865 γε
1822 4798 1893 4850 τά
1919 4798 2057 4869 μετά

480 4890 578 4962 τήν
610 4889 781 4963 ἀρχὴν
805 4891 970 4970 εἰδείη
998 4890 1063 4944 ἂν
1106 4884 1279 4954 οὗτος.
1317 4891 1693 4960 Ἀναίσχυντος
1730 4889 1928 4960 δηλαδὴ
1969 4902 1991 4931 ιι
2027 4892 2056 4942 6

479 4983 632 5053 Λαΐῳ
676 4983 1200 5052 προμαντευόμενος,
1248 4983 1328 5035 ὃτι
1361 4982 1521 5036 αὐτὸν
1553 4983 1840 5036 ἀποκτενεῖ
1875 4983 1903 5034 6
1928 4984 2051 5051 φύς.

484 5072 723 5143 Ἠμελλε
755 5074 852 5145 γάρ
881 5091 983 5127 που
1023 5075 1051 5126 ὁ
1094 5076 1197 5142 φὺς
1240 5074 1427 5145 κύριος
1467 5073 1682 5126 ἔσεσθαι
1718 5073 1817 5144 τῆς
1862 5071 2055 5126 ἑαυτοῦ

483 5163 817 5236 βουλήσεως·
848 5167 941 5220 καὶ
964 5165 1087 5220 οὔτε
1115 5184 1199 5230 τις
1261 5167 1531 5221 Ἀπόλλων
1553 5209 1568 5234 ,
1616 5165 1741 5220 οὕτε
1782 5184 1865 5230 τις
1891 5166 2055 5220 αὐτοῦ

483 5253 781 5326 ὑπέρτερος
811 5256 1136 5321 ἐξικνεῖσθαι
1160 5258 1363 5323 ἰκανὸς,
1401 5259 1522 5311 οὐδὲ
1566 5259 1660 5328 μιᾷ
1688 5256 1943 5328 δυνάμει,
1982 5249 2057 5311 ὧν

479 5346 583 5400 οὐκ
636 5347 785 5413 ἐστιν
826 5346 950 5402 οὔτε
997 5348 1265 5420 ὔπαρξις,
1312 5348 1436 5405 οὔτε
1486 5349 1753 5418 γενέσεως
1818 5350 2054 5420 ἀνάγκη.

554 5492 582 5521 ι
623 5497 714 5551 π).
750 5480 836 5552 δή.

552 5591 671 5714 (74?.
701 5593 770 5673 "0_
811 5609 887 5675 ﬂ.
915 5593 1077 5675 ποτέ.
1112 5595 1429 5677 Audendum
1452 5594 1705 5676 videtur,
1747 5595 1847 5676 οὐκ
1882 5592 2058 5660 εἰδὼς,

552 5672 580 5714 ιι
605 5678 634 5714 a
663 5662 811 5714 tautd
844 5665 1050 5714 smnle:
1081 5666 1282 5714 aliomn
1311 5665 1559 5714 pendebit
1594 5675 1879 5714 sententia.

485 5662 811 5734 autgaliquid
844 5664 1050 5734 simile;
1081 5665 1283 5734 alioqui
1311 5664 1559 5734 pendebit
1594 5667 1879 5718 sententia.

556 5732 669 5803 (75)
692 5732 1285 5803 Καταδυναστεῦσᾱι.
1314 5732 1550 5789 Alterius
1581 5748 1685 5788 ms.
1710 5734 1868 5789 lectio
1894 5750 2061 5792 κατα-

487 5800 861 5871 δυναστεύσει,
906 5812 1209 5876 opportune
1242 5804 1455 5875 supplet
1498 5803 1760 5875 quidquid
1807 5804 1909 5860 hoc
1940 5803 2059 5859 loco

2155 4623 2393 4681 cessario
2439 4620 2786 4694 postmodum
2845 4621 3297 4691 conjungantnr?
3340 4619 3564 4676 Etenim
3620 4636 3731 4689 quo

2154 4732 2257 4772 nos
2290 4715 2388 4785 ipsi
2427 4714 2590 4769 modo
2624 4715 2891 4771 sentimus
2922 4725 3086 4785 atque
3115 4713 3513 4785 cognoscimus,
3539 4713 3730 4768 eodem

2153 4810 2313 4878 plane
2339 4808 2405 4862 de
2435 4808 2598 4863 rebus
2630 4807 2697 4862 iis
2718 4848 2733 4873 ,
2782 4823 2904 4877 quae
2955 4816 3051 4860 aut
3097 4806 3405 4861 volentibus
3449 4804 3606 4859 nobis
3638 4812 3734 4859 aut

2156 4899 2341 4954 invitis
2370 4899 2649 4964 eveniunt,
2677 4900 2984 4954 statuimus.
3048 4895 3233 4967 Neque
3260 4911 3359 4951 nos
3385 4894 3625 4965 profecto
3652 4894 3733 4948 la-

2157 4999 2264 5056 tet,
2322 4999 2588 5059 quantum
2638 4989 2781 5043 inter
2823 5005 2948 5044 eum
3012 4989 3104 5058 qui
3157 4998 3348 5058 sponte
3391 4987 3634 5053 incedat,
3680 4998 3734 5042 et

2159 5097 2286 5136 eum
2347 5081 2441 5151 qui
2495 5088 2708 5150 agatur,
2738 5088 3001 5150 quantum
3036 5078 3178 5133 inter
3208 5093 3331 5131 eum
3370 5077 3461 5146 qui
3503 5085 3649 5146 optet
3669 5093 3733 5133 ac

2158 5171 2378 5238 deligat,
2410 5179 2463 5224 et
2495 5184 2619 5223 eum
2657 5167 2750 5238 qui
2788 5176 3036 5237 cogatur,
3075 5165 3307 5219 intersit.
3339 5162 3609 5229 Quorsum
3637 5178 3735 5217 au-

2159 5271 2266 5315 tem
2298 5261 2413 5315 haec
2439 5261 2615 5316 oratio
2648 5257 2910 5329 pertinet?
2950 5255 3116 5326 258
3157 5254 3312 5325 Fugit
3353 5264 3404 5310 te
3450 5254 3731 5320 nimirum,

2157 5352 2300 5407 boue
2342 5362 2526 5415 vates,
2583 5365 2831 5420 quaenam
2881 5348 3090 5404 arbitrii
3134 5347 3305 5402 nostri
3342 5346 3734 5416 potestatisque

2161 5591 2412 5645 mutilum
2462 5590 2632 5645 videri
2689 5596 2892 5659 posset.
2925 5586 3300 5659 Theodoretus
3344 5602 3493 5659 vero,
3542 5584 3729 5659 lib."

2161 5660 2238 5715 De
2273 5660 2494 5713 curand.
2547 5656 2717 5715 Grani.
2760 5659 2961 5727 aﬂ'ect.,
3003 5658 3095 5712 ubi
3145 5658 3527 5727 disputationis
3568 5656 3735 5727 hujus

2159 5730 2481 5815 particulam
2524 5730 2752 5799 inserit,
2787 5726 2840 5784 in
2878 5728 3126 5798 praesenti
3171 5726 3318 5799 legit,
3352 5727 3471 5783 ἐκεῖ
3500 5726 3747 5789 atat-nats

2162 5815 2428 5860 ναστευει.
