4162 6474
330 390 432 446 Ml

1510 376 1830 436 PREPAR.
1877 378 2131 437 EVANG.
2174 376 2302 433 LIB.
2345 375 2436 434 Ἧι.

3499 368 3606 423 442

330 510 406 581 μὴ
435 510 518 571 είς
574 508 812 579 Ἄργος,
858 505 975 559 ἀλλ’
1006 505 1088 570 εἰς
1150 502 1397 575 Λιϐύην,
1436 503 1470 576 ἢ
1518 501 1914 574 Ηερραιϐαίους

2038 512 2113 558 ιυι
2141 501 2332 557 oculos
2364 498 2467 555 sibi
2498 495 2753 560 emisset,
2790 499 2882 547 aut
2910 491 3030 546 illas
3056 485 3330 557 Euripidis
3370 492 3606 555 tuasque

328 598 587 655 ἀπελθεῖν
608 617 622 629 ·
674 598 708 669 ἦ
750 596 1007 650 εἰσελθὼν
1031 598 1124 651 ἐπὶ
1167 597 1228 651 τὸ
1265 598 1489 667 Ἄργος,
1525 594 1665 664 ἔγνω
1694 612 1917 665 ταριχο-

330 691 555 755 πωλεῖν,
583 692 677 745 καὶ
713 690 788 761 μὴ
822 689 1080 745 πλουσίαν
1107 688 1290 743 λαϐεῖν
1321 690 1554 756 γυναῖκα
1572 726 1587 750 ,
1626 686 1762 741 ἀλλὰ
1790 703 1918 758 χερ-

2020 596 2170 648 diras
2217 593 2333 648 suis
2383 592 2498 661 ipse
2541 587 2726 642 liberis
2769 586 3098 654 imprecatus
3141 577 3366 634 fuisset?
3410 587 3604 631 caetera

2021 684 2188 755 259
2216 685 2483 752 denique,
2547 679 2636 735 ubi
2683 678 2893 747 priores
2932 676 3185 731 deessent
3224 683 3435 732 causae,
3495 678 3607 734 qua

332 782 487 853 νῆτίν
514 753 657 846 τινα,
685 753 725 851 ἢ.
740 753 974 852 κάπηλιν
994 797 1007 810 ·
1032 781 1065 850 ἢ
1088 781 1136 833 εί
1162 780 1190 831 6
1218 753 1515 850 ’Ἄδραστος
1539 777 1613 848 μὴ
1635 753 1921 845 ἔδωκεττῆν

2038 753 2241 833 anilem
2272 780 2482 832 ratione
2514 775 2627 829 fieri
2658 768 3006 844 potuissent?
3036 766 3165 836 quid
3197 772 3256 817 tu
3284 762 3423 830 ipse,
3456 753 3607 828 quod

338 873 614 944 θυγατέρα
658 873 809 944 αὐτῷ
829 890 842 903 ·
871 872 904 942 ἢ
933 874 980 926 εί
1009 875 1037 927 6
1062 872 1162 943 μὲν
1203 871 1403 925 ἔδωκεν
1422 910 1437 934 ,
1459 873 1487 924 6
1513 869 1559 922 δ’
1593 870 1693 922 οὐκ
1724 865 1923 921 67:566-

2024 869 2095 922 de
2146 866 2329 922 futuro
2374 864 2790 936 pronuntiares,
2853 855 3177 915 habuisses?
3223 851 3524 912 Prmterea,
3557 846 3605 903 si

340 983 483 1038 μησε
518 965 629 1038 (78)
661 968 760 1036 τῆς
788 964 969 1019 οἴκαδε
993 963 1113 1018 ὁδοῦ
1131 983 1143 994 ·
1177 964 1211 1035 ἢ
1237 965 1286 1016 εί
1315 962 1657 1033 ἐπιθυμήσας
1686 960 1921 1031 ὲκράτη-

2038 957 2217 1027 lEdipi
2251 955 2455 1021 liberis,
2488 952 2770 1009 autsimul
2801 948 3107 1019 conjunctis
3130 944 3330 1000 animis
3357 954 3602 1011 regnare,

338 1074 429 1111 σεν
462 1054 655 1110 ἑαυτοῦ
674 1073 689 1088 ο
730 1056 763 1127 ἢ
794 1057 844 1109 εί
872 1056 947 1127 μὴ
978 1055 1279 1126 προσέσχεν
1319 1052 1470 1124 αὐτῷ
1502 1051 1743 1123 δεομένῳ
1785 1068 1922 1122 συμ-

340 1148 540 1220 μαχίας
569 1149 599 1201 6
632 1147 932 1219 Ἄδραστος
950 1165 963 1178 ·
993 1147 1026 1219 ἢ
1052 1149 1099 1201 εί
1127 1146 1205 1217 τῷ
1241 1146 1518 1217 Ἀδράστῳ
1554 1149 1695 1217 μήτε
1720 1147 1750 1198 6
1790 1146 1920 1215 Ἀμ-

337 1243 586 1316 φιάραος,
627 1243 764 1315 μήτε
795 1245 823 1296 6
847 1244 1068 1309 Τυδεὺς,
1104 1243 1237 1316 μηδὲ
1268 1243 1378 1297 τῶν
1409 1241 1584 1297 ἄλλων
1615 1242 1921 1314 ταξιάρχων

335 1336 566 1401 ἕκαστος
592 1336 949 1406 ἠκολούθουν
986 1336 1019 1409 ἢ
1048 1338 1097 1390 εί
1130 1339 1178 1390 οἱ
1204 1336 1300 1406 μὲν
1321 1336 1746 1409 συνηκολούθουν
1766 1374 1781 1398 ,
1808 1336 1836 1387 ὀ
1863 1334 1921 1387 δὲ

337 1428 505 1483 ἐλθὼν
537 1430 638 1484 οὐκ
661 1430 899 1501 ἐμάχετο
934 1429 1012 1500 τῷ
1039 1428 1272 1499 ἀδελφῷ,
1310 1430 1425 1483 ἀλλ’
1463 1431 1497 1501 ἢ
1534 1428 1753 1501 συμϐὰς
1790 1428 1922 1482 ἐϐα-

340 1520 582 1576 σίλευσεν
632 1521 751 1593 ἅμα
794 1522 972 1594 αὐτῷ,
1008 1521 1041 1593 ἢ
1100 1522 1175 1592 μὴ
1228 1521 1540 1595 βουλομένῳ
1586 1520 1921 1593 ἀνεχώρησε,

337 1613 581 1679 πεισθεὶς
613 1614 877 1687 Εὐριπίδῃ
902 1614 1110 1683 λέγοντι
1135 1632 1149 1644 ·
1458 1616 1463 1621 ’

2030 1059 2124 1106 aut
2149 1052 2284 1105 inito
2310 1049 2378 1104 de
2404 1056 2593 1102 mutua
2630 1044 2870 1101 vicissim
2913 1043 2968 1096 in
3000 1052 3226 1110 regnum
3253 1033 3606 1092 successione

2031 1154 2228 1214 pacto,
2279 1152 2426 1199 stare
2475 1140 2771 1210 placuisset
2803 1156 2816 1191 :
2853 1136 3093 1203 itemque
3141 1131 3188 1185 si
3226 1128 3418 1199 pulsus
3449 1125 3605 1188 alter,

2032 1252 2138 1291 non
2169 1236 2282 1305 jam
2309 1238 2482 1303 Argos
2504 1272 2519 1296 ,
2554 1230 2646 1286 sed
2677 1230 2759 1283 vel
2785 1229 2837 1281 in
2864 1226 3090 1297 Libyam
3113 1262 3128 1287 ,
3160 1221 3245 1276 vel
3278 1220 3344 1274 ad
3368 1217 3611 1272 Perrhae-

2032 1330 2180 1385 bzeos
2206 1326 2443 1398 migrare
2466 1323 2780 1388 statuisset;
2819 1329 2913 1374 aut
2936 1319 2985 1373 si
3012 1317 3188 1387 Argos
3204 1314 3485 1384 appulsus,
3503 1311 3611 1364 sal-

2031 1420 2423 1477 samentarium
2458 1431 2618 1488 agere
2646 1414 3005 1477 decrevisset,
3050 1412 3292 1479 adeoque
3323 1421 3429 1461 non
3458 1404 3611 1459 locu-

2034 1515 2229 1585 pletem
2260 1512 2499 1581 aliquam
2527 1518 2581 1564 et
2609 1508 2921 1578 opulentam
2956 1519 3206 1565 uxorem,
3256 1500 3349 1556 sed
3380 1510 3615 1568 pauper-

2034 1607 2213 1663 culam
2243 1602 2557 1673 quamdam,
2592 1610 2646 1655 et
2675 1601 2876 1655 victum
2906 1611 3166 1652 manuum
3196 1595 3384 1649 labore
3415 1587 3614 1660 quaeri-

338 1713 566 1768 tantem,
596 1705 679 1761 vel
711 1706 986 1760 addictam
1020 1704 1369 1775 cauponariaa
1388 1705 1588 1760 ducere
1612 1703 1913 1758 voluisset:
1952 1710 2048 1754 aut
2078 1698 2124 1752 si
2151 1696 2319 1751 filiam
2350 1693 2618 1748 Adrastus
2656 1707 2813 1748 suam
2869 1690 2922 1746 ei
2980 1695 3251 1759 negasset,
3282 1694 3377 1741 aut
3420 1686 3467 1740 si
3515 1685 3613 1740 de-

339 1798 510 1854 disset
542 1798 633 1854 ille
677 1800 938 1869 quidem,
984 1800 1127 1854 alius
1186 1809 1365 1854 tamen
1425 1800 1509 1854 vel
1543 1799 1732 1869 patrias
1794 1794 2127 1853 desiderium
2175 1789 2503 1861 abjeeisset,
2535 1789 2621 1843 vel
2659 1804 2725 1842 eo
2773 1794 3082 1843 commotus
3125 1784 3280 1850 licet,
3329 1798 3389 1838 se
3433 1782 3613 1851 ipsum

414 1893 426 1904 ο
760 1891 772 1904 ο
814 1892 825 1903 ι
927 1900 937 1904 -
1109 1900 1120 1904 -
1221 1891 1234 1903 ι
1368 1892 1379 1904 ι
1540 1891 1594 1904 ιι.
1728 1891 1741 1903 ο
1842 1891 1856 1904 1
2003 1897 2039 1904 ,ν
2071 1902 2101 1904 μ-
2185 1884 2203 1904 Δ
2233 1884 2436 1904 Ι..--.---
2470 1881 2758 1904 ..Α---Ιζ-..-ι
2811 1880 2891 1904 -.λι
2929 1880 3151 1904 ΛᾹ-Αηιιι
3183 1892 3241 1904 ..Α
3277 1877 3526 1904 ΛΛΜΗΛΜ
3552 1887 3613 1904 nn

339 1893 695 1962 animumque
724 1891 944 1947 vicisset
978 1910 993 1945 :
1031 1900 1127 1947 aut
1188 1891 1235 1947 si
1298 1892 1383 1946 vel
1428 1891 1694 1945 auxilium
1728 1891 2107 1960 implorantem
2172 1884 2439 1938 Adrastus
2470 1881 2781 1951 repulisset,
2811 1880 2894 1934 vel
2919 1880 3153 1933 Adrasto
3182 1892 3242 1932 se
3274 1877 3527 1931 comitem
3552 1887 3620 1929 ac

338 1983 550 2037 socium
572 2020 589 2043 ,
624 1996 805 2051 neque
835 1981 1234 2051 Amphiaraus,
1264 1997 1442 2052 neque
1479 1981 1731 2053 Tydeus,
1758 1996 1935 2051 neque
1973 1980 2172 2034 ducum
2205 1977 2436 2031 aliorum
2493 1974 2785 2044 quisquam
2817 1972 3112 2042 adjungere
3156 1968 3415 2024 voluisset
3444 1985 3458 2022 :
3522 1970 3619 2021 aut

340 2079 387 2132 si
407 2091 603 2132 eorum
656 2076 915 2131 societate
958 2076 1270 2146 impetrata,
1306 2093 1560 2134 reversus
1611 2077 1664 2132 in
1702 2077 1959 2148 patriam,
1997 2089 2194 2129 manus
2224 2088 2349 2127 cum
2382 2070 2552 2125 fratre
2585 2084 2693 2123 non
2751 2066 3142 2130 conseruisset,
3191 2064 3282 2117 sed
3313 2063 3497 2132 potius
3531 2059 3618 2113 vel

340 2172 483 2228 facta
508 2188 641 2243 pace
665 2172 721 2227 in
748 2172 901 2242 regni
940 2187 1066 2227 cum
1092 2187 1158 2228 eo
1190 2174 1504 2229 societatem
1540 2172 1816 2240 venisset,
1868 2171 1954 2226 vel
1991 2170 2168 2226 eidem
2212 2166 2536 2238 repugnanti
2591 2164 2735 2219 ultro
2771 2162 3066 2227 cessisset,
3110 2156 3352 2227 Euripidi
3388 2156 3621 2210 obsecu-

344 2277 436 2322 tus
469 2268 618 2322 hunc
643 2266 697 2320 in
735 2265 958 2320 modum
990 2265 1326 2336 praecipienti
1353 2284 1366 2321 :

356 2381 683 2445 Ἀσύνετος
709 2376 760 2451 δέ
791 2374 978 2448 ἦλθες
1008 2377 1109 2431 καὶ
1136 2377 1240 2442 σὺ,
1276 2377 1598 2446 πορθήσων
1630 2377 1895 2447 πάτρανο

2115 2350 2353 2406 Vesanus
2378 2349 2544 2403 etiam
2568 2346 2761 2416 patria:
2788 2355 3063 2414 oppressor
3091 2337 3269 2407 venit;

2031 2477 2130 2524 aut
2168 2467 2215 2524 si
2244 2480 2353 2520 non
2390 2464 2479 2519 ille
2524 2460 2773 2534 quidem,
2808 2457 2901 2513 sed
2946 2454 3115 2511 frater
3155 2451 3337 2522 potius
3368 2464 3536 2521 regno
3563 2463 3624 2504 se

2033 2561 2365 2623 abdicasset,
2400 2556 2524 2612 aliis
2555 2555 2705 2610 hisce
2741 2550 2985 2622 ejusdem
3020 2555 3195 2618 poetae
3218 2542 3509 2616 praestigiis
3536 2541 3621 2596 fa-

2035 2653 2305 2717 scinatus,

2108 2765 2426 2821 Hominibus
2451 2777 2574 2831 ergo
2608 2758 2785 2829 solque
2814 2770 3019 2831 noxque
3048 2750 3300 2830 serviau_t,

2109 2838 2303 2892 Parem
2338 2815 2788 2904 ipsequemqu'am
2823 2815 2959 2895 ferre
2993 2839 3096 2877 non
3118 2820 3287 2891 possis
3317 2815 3485 2871 domi.

2036 2943 2326 3011 Quomodo
2353 2938 2575 2996 tandem
2610 2946 2705 2990 aut
2735 2933 2981 3004 praelium
3007 2931 3149 2985 inter
3182 2941 3241 2983 se
3275 2925 3437 2979 ambo
3468 2938 3628 2978 com~

2038 3034 2354 3095 misissent,
2379 3038 2472 3084 aut
2494 3026 2764 3096 sanguine
2792 3023 2986 3077 obruta
3005 3018 3121 3073 Laii
3150 3018 3347 3073 domus
3373 3015 3626 3068 universa

2037 3109 2327 3200 periisset?
2361 3121 2751 3177 Verumtamen
2819 3115 2957 3177 haec,
2985 3111 3191 3181 inquis,
3225 3106 3410 3162 omnia
3448 3105 3626 3176 reipsa

2040 3196 2336 3287 contigere.
2393 3211 2655 3269 Omnino.
2718 3206 2825 3262 Sed
2875 3219 3063 3275 quaero
3114 3215 3294 3265 nunc,
3337 3213 3444 3269 qua
3470 3206 3528 3251 tu
3559 3196 3629 3250 ad

2040 3324 2225 3365 rerum
2253 3308 2484 3363 istarum
2513 3299 2944 3374 praasensionem
2974 3295 3219 3365 aspirare
3247 3293 3331 3347 via
3360 3289 3625 3363 potueris.

2039 3399 2161 3455 Non
2210 3398 2364 3453 vides
2410 3410 2574 3466 quam
2613 3406 2755 3461 swpe
2798 3396 2966 3444 totam
3010 3386 3249 3442 fabulam
3287 3380 3634 3453 interceperit

352 3473 504 3575 ὲερἐ)
527 3505 622 3557 τὸν
655 3473 846 3574 είρμίὸν
875 3473 1357 3574 ὑμῶνξάποφανῶ
1390 3519 1451 3554 τε
1497 3499 1758 3555 ἀδύνατον
1787 3499 1933 3555 ὅντα.

2040 3509 2127 3561 ea,
2162 3506 2285 3563 quae
2312 3503 2438 3544 vere
2461 3485 2701 3542 fabulam
2731 3485 2785 3538 in
2815 3482 2978 3539 nobis
3002 3488 3244 3551 potestas
3270 3475 3499 3546 implet?
3525 3473 3633 3545 Ego

368 3567 530 3649 Ἀλλὰ
557 3596 623 3648 σὺ
656 3567 725 3649 τά
745 3567 846 3666 ίτῆς
868 3567 1175 3657 ὑποθέσεως
1205 3567 1411 3664 ἔσχατα
1445 3592 1645 3647 εἰδέναι
1668 3592 1876 3662 λέγεις·
1904 3592 1933 3663 ἡ

2040 3600 2194 3652 vero,
2225 3582 2595 3654 quodcunque
2625 3584 2683 3633 tu
2712 3584 3095 3649 argumentum
3129 3569 3414 3641 delegeris,
3442 3567 3632 3623 eadem

356 3686 414 3740 δὲ
437 3685 695 3748 ὑπόθεσις
717 3686 781 3737 ἐκ
802 3655 1069 3755 ’διακοπῆς
1089 3655 1591 3753 εἱρμούδυνάμεως
1618 3682 1720 3752 ὅλη
1742 3655 1933 3737 συντὲλ

2047 3676 2308 3731 facilitate
2368 3685 2569 3726 nexum
2618 3668 2766 3722 hunc
2802 3673 3043 3719 vestrum
3073 3659 3307 3715 incidam
3329 3700 3344 3727 ,
3389 3672 3491 3712 nec
3524 3655 3635 3710 ullo

2154 3770 2167 3775 _
2741 3760 2753 3772 -
2842 3774 2849 3775 κ
2870 3772 2911 3775 γη
3012 3754 3164 3775 n2---
3196 3750 3498 3775 ---η-.--ιε
3529 3765 3598 3775 ...Α

356 3796 572 3833 τακται.
603 3778 675 3831 Ἦ
696 3777 725 3830 ὃ
746 3778 887 3846 λέγω
909 3776 969 3829 οὐ
998 3750 1196 3840 συνιείς
1224 3777 1286 3842 h;
1333 3750 1492 3831 Ἀλλά
1539 3775 1658 3831 καθ’
1704 3750 1933 3850 εκάστην

2041 3770 2207 3826 modo
2237 3776 2385 3823 stare
2409 3779 2572 3834 posse
2597 3760 2943 3817 convincam.
3011 3754 3168 3810 Dices
3194 3750 3500 3825 argumenti
3529 3765 3633 3805 no-

358 3868 635 3933 ὑπόθεσιν,
668 3862 712 3924 ὦ
739 3841 917 3935 μάντι,
944 3866 1013 3920 τὰ
1043 3866 1179 3932 ζῶα,
1209 3868 1242 3938 ἢ
1271 3868 1456 3937 ὀλίγας
1484 3868 1744 3932 πολλάκις
1767 3841 1933 3941 ἀρχάς

2042 3861 2267 3917 vissima
2300 3858 2580 3928 explorata
2614 3853 2708 3907 tibi
2760 3866 2823 3906 ac
2852 3854 3134 3920 perspecta
3175 3859 3298 3900 esse
3337 3863 3351 3899 :
3386 3841 3535 3912 atqui
3567 3856 3638 3897 ex

2048 3954 2213 4024 hujus
2238 3963 2458 4021 quoque
2484 3960 2659 4002 nexus
2690 3943 2995 4009 interrupta
3019 3938 3071 3992 vi
3094 3944 3476 4007 argumentum
3500 3934 3636 3988 illud

345 2495 377 2566 ἢ
417 2496 464 2547 εί
491 2487 643 2556 οὗτος
667 2493 764 2563 μὲν
795 2492 892 2564 μὴ,
916 2494 946 2545 6
967 2492 1012 2546 δ’
1035 2493 1242 2566 ἕτερος,
1257 2491 1366 2545 τῶν
1386 2491 1742 2564 Εὐριπιδείων
1760 2490 1928 2546 ἀκού-

346 2605 446 2650 σας
473 2585 919 2656 σοφιστευμάτων
946 2583 1170 2639 ἐκείνων
1204 2584 1313 2637 τῶν
1341 2583 1537 2638 ἅλλων’

344 2768 464 2824 Εἴθ’
490 2769 665 2836 ἥλιος
680 2768 799 2837 μὲν
821 2768 940 2832 νύξ
962 2784 1026 2822 τε
1053 2766 1367 2820 δουλεύειν
1385 2765 1647 2833 βροτοῖς,

348 2842 432 2898 Σὺ
456 2840 508 2894 δ’
532 2841 644 2894 οὐκ
673 2836 861 2909 ἀνέξῃ
899 2838 1180 2908 δωμάτων
1199 2837 1364 2906 ἔχειν
1397 2836 1571 2899 four;

349 2951 476 3016 Πῶς
524 2950 591 3005 ἂν
642 2949 939 3013 συστάντες
970 2948 1259 3020 ἐμάχοντο,
1303 2947 1399 3001 καὶ
1422 2949 1590 3001 Λαΐου
1637 2950 1746 3002 πᾶν
1778 2947 1937 3019 δῶμα

350 3045 448 3117 ἒϐη
481 3045 551 3098 δι’
574 3045 843 3115 αἴματος;
891 3042 1051 3096 Ἀλλά
1088 3042 1196 3113 μὴν
1215 3081 1231 3108 ,
1273 3041 1489 3111 φήσεις,
1518 3041 1709 3109 γέγονε
1737 3040 1935 3095 ταῦτα.

349 3138 598 3208 Γέγονεν.
637 3135 802 3191 Ἀλλά
831 3136 896 3189 σὺ
928 3135 1059 3207 ποίᾳ
1087 3134 1191 3206 ὁδῷ
1215 3135 1463 3206 εἰσῆλθες
1486 3139 1564 3200 εἰς
1594 3135 1692 3207 τὴν
1732 3135 1936 3189 τούτων

352 3227 589 3297 amnem;
626 3226 698 3279 Ἦ
723 3226 822 3296 οὐχ
850 3225 1003 3297 ὁρᾷς,
1035 3224 1111 3289 ὡς
1156 3225 1337 3278 πυκνά
1377 3225 1669 3295 διακέκοφε
1709 3225 1771 3279 τὸ
1801 3226 1939 3280 ὅλων

351 3319 535 3390 δρᾶμα
559 3320 593 3390 ἡ
623 3320 681 3371 ὲν
706 3320 838 3388 ἡμῖν
874 3316 990 3382 τοῖς
1010 3325 1032 3353 ⁸
1066 3317 1127 3370 τὸ
1152 3316 1336 3388 δρᾶμα
1357 3316 1754 3389 συμπληροῦσα
1781 3317 1942 3371 δύνα-

357 3429 486 3482 μις;
519 3411 679 3472 Οὕτω
724 3411 788 3483 δὴ
825 3410 921 3465 καὶ
966 3411 1033 3482 ἣν
1065 3409 1243 3480 βούλει
1280 3409 1777 3473 ύπόθεσιν“λα6ὼν,
1821 3411 1940 3465 δια-

358 3962 659 4032 ποιούμενα
686 3960 821 4030 (79),
851 3958 885 4029 ἢ
914 3958 1114 4022 πολλὰς
1147 3961 1206 4013 ὲν
1233 3960 1394 4030 αὐτῇ.
1423 3959 1488 4011 Αἱ
1523 3958 1580 4010 δὲ
1628 3959 1797 4030 ἀρχαὶ
1832 3959 1940 4023 ἀεὶ,

355 4052 428 4107 τὰ
462 4053 655 4125 μέχρις
680 4051 861 4105 αὐτῶν
922 4050 1269 4121 διακόψασαι,
1317 4050 1457 4105 αὐτὰ
1493 4051 1628 4105 ἄλλα
1658 4050 1769 4122 (80)
1811 4069 1947 4124 προ-

360 4145 553 4213 άγουσι
585 4144 907 4214 πράγματα’
944 4142 1012 4195 τὰ
1043 4142 1087 4194 δ’
1116 4145 1208 4196 ἐπὶ
1235 4142 1487 4196 τοσοῦτον
1524 4146 1827 4215 προχωρεῖν
1857 4143 1946 4197 δύ-

360 4255 536 4304 ναται,
554 4238 643 4305 ἐφ’
663 4237 787 4289 ὅσον
813 4234 908 4286 ἐὰν
931 4233 1007 4304 μὴ
1026 4234 1136 4305 (81)
1154 4234 1284 4306 ἄλλη
1302 4234 1464 4288 ποθὲν
1492 4236 1763 4289 ἐπιστᾶσα
1784 4235 1947 4308 ἀρχὴ,

360 4330 430 4384 τὰ
470 4331 587 4401 μετ’
621 4329 792 4400 αὐτὴν
815 4328 890 4399 μὴ
932 4328 1044 4389 τοῖς
1082 4326 1395 4398 ἔμπροσθεν
1439 4326 1749 4381 ἀκολουθεῖν
1770 4369 1784 4394 ,
1835 4327 1950 4381 ἀλλ’

364 4424 530 4493 ἑαυτῇ
561 4419 815 4493 κελεύσῃ.
850 4420 950 4490 Εἴη
976 4419 1022 4473 δ’
1055 4419 1121 4473 ἂν
1149 4418 1314 4490 ἁρχὴ,
1341 4419 1437 4472 καὶ
1463 4419 1604 4486 ὄνος,
1643 4419 1734 4473 καὶ
1776 4419 1943 4483 κύων,

363 4514 460 4569 καὶ
478 4513 653 4583 ψύλλα
672 4529 686 4542 ·
723 4513 784 4565 ού
811 4511 920 4585 γὰρ
945 4512 1278 4585 παραιρήσει
1318 4511 1441 4565 οὐδὲ
1469 4512 1566 4583 τῆς
1591 4511 1795 4583 ψύλλης
1812 4555 1826 4579 ,
1873 4512 1950 4584 μά

2052 4049 2369 4104 universum
2395 4052 2581 4113 aptum
2617 4048 2722 4095 est.
2764 4038 2844 4091 An
2877 4034 3053 4098 forte,
3089 4030 3219 4102 quid
3255 4028 3433 4083 dicam
3455 4065 3471 4091 ,
3524 4037 3636 4078 non

2052 4139 2350 4211 intelligis?
2386 4136 2670 4191 Exsistunt
2708 4131 2999 4192 nimirum,
3031 4124 3173 4179 bone
3196 4129 3381 4184 vatcs,
3411 4117 3480 4172 ab
3504 4115 3647 4186 ipsis

2052 4208 2424 4289 animantibus
2472 4227 2529 4281 in
2577 4222 2774 4294 quovis
2817 4222 3145 4288 argumento
3180 4211 3333 4267 initia
3362 4208 3636 4279 quaedam,

2053 4325 2313 4396 pauciora
2340 4330 2757 4386 nonnunquam,
2785 4308 3166 4375 interdumque
3190 4304 3367 4373 plura.
3408 4296 3514 4354 Ubi
3540 4313 3645 4352 ους

2055 4392 2163 4473 tem
2195 4430 2259 4470 ea
2290 4426 2472 4468 rerum
2501 4409 2566 4464 ad
2591 4421 2714 4463 sese
2732 4399 3121 4475 pertinentium
3151 4392 3545 4450 connexionem
3572 4405 3646 4445 ao

2056 4510 2251 4565 seriem
2281 4501 2684 4563 interciderint,
2736 4499 2978 4567 ipsarum
3011 4503 3230 4564 quoque
3260 4486 3504 4541 rationes
3541 4497 3643 4538 na-

363 4608 455 4662 τὸν
493 4579 757 4671 λΑπόλλω,
791 4579 1194 4678 την-ἐξουσῌνλ
1232 4604 1347 4659 ἀλλ’
1387 4579 1621 4677 ὁρμήσει
1660 4579 1782 4659 τινά
1813 4579 1933 4659 ίδίαπ

2059 4611 2350 4670 turamque
2388 4603 2623 4651 mutant.
2662 4590 2878 4646 Eaedem
2912 4601 3076 4657 porro
3101 4593 3328 4639 eatenus
3375 4579 3647 4635 duntaxat,

363 4701 540 4774 ὁρμὴν
566 4701 600 4771 ἡ
629 4669 824 4769 φύλλα,
847 4669 913 4769 ii,
941 4669 1037 4751 καὶ
1064 4699 1179 4762 τοῖς
1224 4669 1583 4770 ἀνθρωπίνοις
1633 4698 1933 4769 πράγμασι¹

2060 4669 2312 4764 progredi
2362 4694 2648 4760 poterunt,
2695 4684 2823 4738 dum
2874 4678 3203 4751 principium
3248 4672 3393 4729 aliud
3423 4669 3646 4726 aliunde

367 4791 537 4845 ἐνίοτε
565 4788 969 4859 συμπλακεῑσα,
997 4788 1174 4860 ἀρχὴν
1215 4786 1413 4858 ἑαυτὴν
1464 4785 1765 4859 παρέξεταί
1810 4804 1933 4840 τινος

2063 4784 2269 4838 nullum
2302 4784 2540 4853 ingruet,
2574 4775 2724 4849 quod
2763 4788 2973 4841 secum,
3021 4787 3129 4827 non
3175 4777 3355 4824 autem
3389 4780 3511 4822 cum
3548 4779 3644 4819 su-

364 4880 506 4935 ὁδοῢ.
542 4881 613 4935 Σὺ
638 4854 699 4935 δὲ
723 4879 1005 4952 χρώμενος
1164 4877 1328 4951 αἴσθῃ
1468 4854 1617 4946 Ῠένει
1650 4877 1845 4947 τούτῳ.

2060 4873 2369 4946 perioribus
2396 4869 2680 4941 sequentia
2705 4866 2979 4923 cohatrere
3003 4862 3213 4933 iubeat.
3246 4857 3409 4930 260
3439 4854 3644 4925 Finga-

366 4991 489 5030 mus
504 4992 634 5045 ergo
662 4973 881 5044 aliquod
911 4969 1181 5042 ejusmodi
1208 4968 1537 5040 principium
1559 4984 1683 5026 esse
1706 4969 1945 5036 asinum,
1986 4981 2200 5029 canem,
2235 4963 2505 5035 pulicem;
2543 4972 2720 5030 neque
2754 4957 2925 5015 enim.
2970 4968 3068 5024 per
3117 4949 3445 5021 Apollinem,
3486 4962 3644 5003 suam

366 5071 453 5125 vel
507 5071 669 5140 pulici
714 5069 1026 5126 facultatem
1074 5076 1130 5122 et
1171 5066 1491 5122 instinctum
1540 5066 1741 5138 eripias
1792 5082 1807 5120 :
1846 5081 1947 5121 suo
1984 5063 2101 5134 ipse
2133 5075 2352 5132 quoque
2401 5074 2466 5113 ac
2504 5054 2726 5129 proprio
2757 5051 2961 5107 feretur
3010 5049 3239 5116 impetu.
3281 5042 3527 5111 adeoque
3556 5057 3645 5096 re-

368 5168 471 5222 bus
493 5180 882 5237 nonnunquam
904 5163 1162 5219 humanis
1184 5162 1500 5233 implicitus,
1524 5136 1811 5233 cujusdam
1835 5175 1956 5216 sese
1996 5160 2094 5213 viae
2121 5158 2316 5212 ducem
2353 5151 2794 5225 principiumque
2834 5143 3150 5202 constituet.
3195 5138 3276 5194 Tu
3319 5145 3500 5192 autem
3544 5136 3646 5192 hoc

370 5262 470 5317 abs
498 5269 547 5316 te
576 5275 795 5331 quoque
841 5256 1162 5312 animalium
1209 5271 1407 5326 genere
1452 5255 1667 5311 consuli
1712 5270 1822 5309 non
1869 5252 2147 5323 intelligis.

445 5413 471 5441 δ
499 5400 585 5454 τον.
627 5401 830 5463 αὐτοῖς.
898 5398 928 5438 1³
962 5397 1048 5452 Ia.
1087 5394 1295 5467 συνίης.
1376 5432 1379 5435 -

446 5540 558 5612 (78)
601 5540 741 5620 ὀβ’
765 5540 895 5620 ρραε
922 5515 1168 5620 ἐπβϐύμ.
1208 5536 1284 5618 De
1332 5535 1597 5620 Polynice
1619 5535 1721 5617 ista
1762 5533 1925 5616 dicun

2069 5524 2582 5620 εὐεαιηέῆλξιηξεά
2603 5531 2978 5620 ΕΞίτΞῖἷξξἾξὶ
3010 5515 3647 5620 εξδὲεεειειπὲρξδτὲδυτῐξ

375 5622 486 5673 tur,
520 5586 626 5692 n’on
658 5611 725 5665 de
759 5586 1318 5692 (Edipofquirnescio
1344 5586 1456 5676 quo
1481 5586 1725 5676 paetoﬁin
1753 5586 1961 5659 versio-
2066 5611 2204 5692 (δεξι.Α
2225 5586 2559 5692 Utrumque;
2603 5586 2729 5649 meo
2770 5592 2978 5663 judicio
3020 5586 3269 5656 rectum;
3320 5586 3417 5644 sed
3467 5594 3667 5645 tanien

377 5698 499 5735 nem
540 5681 836 5749 irrepserit.
902 5666 920 5680 ³
978 5666 1049 5679 ”
1178 5748 1187 5749 7
1340 5666 1378 5749 ξ’
1442 5666 1498 5749 μ’
1683 5745 1698 5749 _
1787 5742 1799 5749 _
1867 5744 1899 5749 __
2066 5669 2207 5749 αὑτά
2229 5668 2402 5749 magis
2427 5666 2709 5749 pro'batpr'.

449 5731 938 5823 (ἹῼῘῇοιοῦιλεςνα.
970 5748 1306 5823 Subauditur
1336 5744 1506 5823 ἐστίν,
1534 5754 1625 5823 aut
1650 5742 1933 5823 alxsimiie

2137 5740 2247 5811 (8|)
2288 5731 2557 5806 Ἔὰτέμή.
2592 5734 2796 5802 Malim,
2826 5731 2891 5788 ἂν
2926 5733 3027 5806 μή.

454 5814 565 5892 (80)
596 5814 780 5875 Αὺτὰ⁷
800 5819 979 5876 ἄλλα.
1010 5819 1332 5890 Legebatur,
1370 5817 1563 5887 opinor
1607 5816 1663 5870 in
1693 5814 1789 5870 alt.
1827 5830 1956 5879 ωε..
