4162 6420
578 307 682 364 M5

574 418 618 508 ς)
651 418 1179 508 ιοςνεηῙΙρνειιίραηι
1214 439 1354 505 [erro
1390 441 1639 500 Trirhina
1670 452 1825 506 νηίδα
1858 471 1876 508 :

821 485 830 491 '
1072 485 1075 486 ,
1132 485 1173 487 ,η
1240 485 1349 492 --.ν
1392 485 1637 500 -.οισι-συιδ
1672 485 1825 506 ιιιιῡιι
1858 496 1871 508 ο

568 485 815 568 luppiter
846 497 954 565 ipse
984 519 1163 570 graves
1197 485 1338 561 ἀίω-(ι
1365 528 1460 579 pro
1486 518 1703 573 crimine
1727 536 1904 588 paenae

575 644 715 709 Quid
742 648 861 703 ais?
910 649 1027 706 Non
1059 655 1335 714 decretum
1384 663 1435 718 id
1483 664 1579 721 fati
1625 685 1655 724 a
1696 672 1852 729 vobis
1893 688 2047 742 erat,
2077 681 2154 734 uti

572 744 952 797 everteretur?
999 762 1127 802 num
1168 750 1332 821 hujus
1369 766 1625 816 auctores
1677 767 1871 821 excidii
1926 769 2151 837 fuimus,

572 845 639 885 ac
668 848 776 887 non
814 837 993 905 potius
1023 850 1207 898 vestra
1256 846 1346 901 illa
1378 853 1716 907 necessitas?
1742 855 2045 925 lujuriosus
2070 879 2149 927 es,

574 936 608 975 ο
639 924 865 992 Apollo,
911 943 1014 984 nec
1045 946 1234 988 verum
1275 943 1360 992 εει
1403 955 1593 1009 ρωηιιε
1624 943 1722 997 abs
1754 924 1813 1002 te
1836 950 2022 1016 nobis,
2058 924 2152 1021 qui

571 1013 707 1068 nihil
734 1021 1102 1089 peccavimus,
1130 1024 1383 1099 irrogari.
1440 1031 1577 1088 Nam
1609 1045 1790 1092 vester
1815 1041 2032 1109 quidem
2065 1045 2153 1099 ille

565 1103 776 1174 Jupiter
806 1111 942 1176 (illa,
972 1112 1218 1186 inquam,
1237 1124 1579 1181 necessitatis
1597 1138 1789 1185 vestrae
1806 1134 2149 1205 necessitas),

564 1213 828 1266 quorsum
866 1204 919 1257 in
951 1220 1075 1269 nos,
1110 1223 1174 1263 ac
1204 1225 1311 1265 non
1345 1215 1550 1283 potius,
1602 1222 1823 1290 quando
1859 1239 2047 1293 pinnas
2084 1228 2150 1281 li-

562 1288 654 1342 bet
683 1291 919 1361 exigere,
945 1294 999 1349 in
1023 1312 1081 1352 se
1108 1298 1289 1368 ipsum
1310 1288 1727 1378 animadvertat,
1753 1288 2146 1384 quifejusmodi

561 1394 682 1435 esse
714 1386 1093 1441 necessitatem
1124 1394 1465 1450 ostenderit?
1514 1399 1788 1465 Quorsum
1818 1420 1948 1461 vero
1989 1410 2147 1466 nobis

563 1476 847 1533 minatur?
879 1497 1141 1551 quorsum
1176 1486 1300 1557 ipsi,
1330 1493 1489 1560 quasi
1515 1510 1577 1548 ea
1613 1512 1700 1552 res
1731 1504 2016 1568 potestatis
2048 1521 2147 1559 no-

559 1577 687 1623 stra:
708 1568 893 1638 fuerit,
931 1572 1074 1629 fame
1097 1580 1574 1639 contabescimus?
1605 1586 1871 1645 Caeterum
1899 1593 2142 1662 ejusdem

560 1659 794 1716 civitatis
820 1664 1025 1734 aliquid
1055 1679 1149 1723 aut
1181 1685 1211 1723 a
1236 1673 1394 1729 nobis
1426 1675 1844 1750 instaurabitur,
1868 1659 1964 1739 aut
1992 1703 2099 1742 non
2125 1707 2140 1744 :

1247 319 1515 377 EUSEBII
1548 323 2034 385 CASSARIENSIS
2073 331 2221 389 OPP.
2260 335 2443 395 PARS
2484 342 2545 399 ll.
2590 378 2659 387 —
2692 349 3171 414 APOLOGETICA

3727 376 3829 433 ιιι

2187 464 2230 517 Α
2261 461 2481 552 Ξζίριῖςῖιβ
2510 463 3093 552 ἑξείιεεςῇςὸἓχπόμν
3129 478 3454 552 Ἡρακλῆος
3476 487 3658 552 θείου,

2281 532 2328 580 Ω
2350 532 2559 601 Λοκρέ·
2593 538 2689 590 σοὶ
2719 532 2786 591 δέ
2811 532 2958 609 Ζεὺς
2978 532 3214 613 ἄλλαςῖ
3240 532 3835 622 eoéi'ﬁai'stwféeam.

2258 685 2323 737 Τί
2347 687 2487 759 φῄςς
2524 693 2584 745 οὑ
2615 694 2725 766 γὰρ
2758 698 3043 770 ἐπέπρωτο
3071 704 3160 773 ὑφ’
3188 706 3339 777 ὑμῶν
3372 710 3717 785 ἐξαιρεθῆναι
3740 721 3838 773 αὑ-

2254 781 2354 845 τήν
2376 795 2388 841 ;
2420 780 2515 833 καὶ
2542 782 2597 834 τί
2619 782 2779 837 αἴτιοι
2802 787 2980 856 ἡμεῖς,
3017 790 3128 843 ἀλλ’
3150 794 3299 865 οὑχή
3333 796 3572 870 ὑμετέρα
3597 801 3832 874 ἀνάγκῃ

2256 868 2330 919 Οὐ
2364 867 2548 923 δίκαια
2578 877 2770 935 ποιεῖς,
2807 868 2852 927 ὦ
2886 876 3177 943 Ἄπολλον,
3207 881 3315 934 οὐδ’
3356 867 3532 954 ὀρθῶς
3578 867 3835 959 ἐπιτιμᾷς

2253 959 2365 1020 τοῖς
2388 958 2541 1012 οὐδὲν
2572 960 2848 1015 ἀδικοῦσιν
2877 965 3030 1035 ⁴ἡμῖν.
3081 966 3137 1019 Ὀ
3160 966 3216 1019 δὲ
3263 969 3399 1033 Ζεὺς
3434 964 3589 1036 οὗτος
3611 1014 3626 1037 ,
3657 975 3690 1045 ἡ
3733 974 3834 1043 τῆς

2255 1048 2526 1120 ὑμετέρας
2560 1050 2805 1122 ἀνάγκης
2850 1054 3084 1126 ἀνάγκη,
3122 1056 3175 1109 τί
3218 1059 3364 1129 ἡμᾶς
3404 1061 3678 1127 τίννυται,
3718 1065 3833 1119 ἀλλ’

2250 1141 2352 1192 οὑκ
2382 1139 2575 1213 (εἴπερ
2595 1143 2731 1215 ἄρα)
2760 1146 2970 1208 ἑαυτὸν,
2987 1147 3069 1200 ὅτι
3095 1150 3350 1220 τοιαύτην
3371 1152 3675 1219 κατέδειξεν
3694 1153 3832 1210 εἶναι

2250 1230 2347 1302 τὴν
2377 1233 2657 1304 άνάγκην;
2693 1235 2759 1288 Τί
2791 1236 2847 1289 δὲ
2876 1238 2970 1291 καὶ
2991 1239 3206 1293 ἀπειλεῖ
3224 1243 3391 1313 ἡμῖν;
3422 1242 3455 1314 ἢ
3482 1245 3536 1297 τί
3562 1247 3832 1317 ἡμεῖς,ὠς

2249 1323 2401 1387 ὄντες
2434 1324 2624 1378 τούτου
2648 1326 2848 1398 κύριοι,
2888 1328 3258 1404 λιμώττομεν;
3310 1335 3469 1389 Ἀλλὰ
3507 1340 3600 1391 καὶ
3641 1337 3763 1392 εἴτι
3802 1341 3829 1380 1³

2248 1416 2688 1489 άνοικισθήσεται
2715 1421 2851 1491 πρὸς
2878 1422 3055 1492 ἡμῶν,
3092 1425 3125 1495 ἥ
3161 1425 3251 1478 οὔ·
3295 1430 3550 1502 ὁπότερον
3581 1430 3628 1483 δ’
3665 1431 3730 1485 ἂν
3770 1430 3827 1506 ᾖ,

2245 1510 2404 1564 τοῦτο
2432 1512 2741 1584 πέπρωται.
2781 1516 2955 1587 Λῆξον
2981 1518 3064 1589 δὴ,
3100 1512 3145 1572 ὦ
3175 1518 3277 1573 Ζεῦ
3309 1521 3579 1592 λιμοποιὲ,
3610 1525 3703 1578 τοῦ
3738 1525 3831 1579 θυ-

2250 1601 2384 1671 μοῦ·
2423 1603 2539 1655 ἔστι
2582 1604 2690 1675 γὰρ
2746 1606 2774 1658 ὅ
2837 1606 3142 1679 πέπρωται,
3190 1612 3283 1664 καὶ
3321 1612 3479 1665 τοῦτο
3534 1615 3833 1685 προστέτα-

2247 1711 2369 1746 κται
2399 1698 2569 1749 ποιεῖν
2598 1699 2627 1750 ὁ
2660 1698 2750 1762 σὸς
2778 1700 2984 1770 εἱρμόςο
3020 1704 3179 1772 ἡμεῖς
3208 1704 3263 1757 δὲ
3291 1704 3428 1775 πρὸς
3456 1705 3645 1759 τοῦτον
3677 1709 3829 1763 οὐδέν

558 1761 740 1806 utrum
773 1764 952 1809 autem
977 1760 1213 1826 eveniat,
1237 1764 1292 1817 in
1322 1763 1447 1821 fatis
1470 1767 1582 1835 jam
1612 1782 1716 1825 est.
1756 1771 1954 1831 Desine
1987 1793 2126 1847 ergo,

562 1840 767 1872 ἰηιιςιι.-
805 1844 962 1872 r....:-
999 1852 1281 1872 _--_n_:.-e-,
1506 1861 1516 1871 .
1623 1863 1633 1872 .
1766 1866 1777 1872 -
1855 1868 1889 1872 __

2245 1787 2431 1855 ἐσμεν.
2448 1760 2842 1843 Παῦσαιδὲϋκαῖ
2864 1760 2957 1855 σὺ,
2973 1787 3017 1846 ὧ
3042 1760 3544 1866 ίλπολλον,μάταια
3566 1816 3821 1872 χρησμῳ-

553 1840 767 1911 Jupiter
803 1844 964 1903 famis
996 1852 1314 1920 architeme,
1367 1861 1587 1928 gravius
1619 1863 1801 1920 irasci.
1850 1868 1945 1923 Est
1994 1840 2138 1925 enim

555 1932 630 2001 id,
662 1937 805 2004 quod
841 1948 897 1992 ut
924 1950 1091 2009 esset,
1129 1943 1297 2000 fatum
1325 1946 1448 2017 fuit,
1484 1962 1649 2023 atque
1672 1957 1723 2011 id
1758 1967 1884 2015 tuus
1917 1960 2019 2018 iste
2047 1979 2144 2019 ne-

552 2041 656 2080 xus
681 2029 940 2097 perlicere
966 2034 1156 2100 jussus
1185 2049 1303 2093 est:
1338 2056 1438 2097 nos
1474 2060 1636 2109 vero,
1668 2049 1714 2103 si
1739 2065 1863 2105 cum
1887 2068 1953 2109 eo
1985 2070 2140 2109 com-

553 2117 861 2188 mittamur,
894 2126 1029 2179 nulli
1065 2142 1280 2185 sumus.
1325 2131 1404 2187 Tu
1432 2151 1674 2206 quoque,
1706 2142 1918 2211 Apollo,
1938 2145 2138 2202 frustra

550 2209 837 2268 vaticinari
862 2213 1068 2271 desine.
1110 2218 1227 2275 Erit
1253 2224 1397 2278 enim
1430 2226 1481 2280 id
1514 2209 1779 2297 profecto,
1800 2238 1948 2304 quod
1981 2238 2134 2293 futu-

548 2314 677 2355 rum
710 2313 825 2369 est,
860 2316 919 2361 ut
948 2311 1186 2367 maxime
1212 2319 1466 2373 tacueris.
1522 2318 1634 2377 Nos
1657 2334 1838 2380 autem
1858 2368 1873 2391 ,
1902 2327 2132 2400 Jupiter,

2245 1876 2351 1930 δῶν
2373 1896 2386 1907 ·
2413 1880 2563 1933 ἔσται
2593 1881 2723 1953 γὰρ,
2752 1883 2781 1935 ὃ
2809 1883 2871 1953 δὴ
2904 1884 3077 1949 ἔσται,
3114 1886 3217 1941 κᾶν
3253 1888 3316 1941 σὺ
3355 1892 3587 1961 σιωπᾷς.
3639 1892 3828 1963 Ἡμεῖς

2244 1968 2323 2033 δὲ,
2356 1964 2401 2023 ὧ
2425 1970 2528 2024 Ζεῦ
2553 1972 2650 2025 καὶ
2678 1975 2965 2039 Ἄπολλον,
2992 1978 3044 2029 τί
3078 1977 3359 2049 πάθωμεν,
3390 1980 3542 2033 οὐδὲν
3564 1982 3714 2046 ὄντες
3735 1986 3823 2040 αῖ-

2242 2076 2347 2113 τιοι
2379 2062 2481 2132 τῆς
2503 2064 2776 2136 ὑμετέρας
2809 2067 3234 2139 νομοθετήσεως,
3282 2072 3559 2126 τουτέστιν
3591 2076 3825 2145 ἀναγκα-

2245 2152 2548 2224 οετήσεως;
2580 2156 2644 2211 Τί
2677 2155 2722 2208 δ’
2762 2158 2893 2227 ἡμῖν
2919 2160 3013 2212 καὶ
3047 2163 3167 2224 ταῖς
3198 2161 3490 2235 ὑμετέραις
3522 2164 3677 2230 ἄταις
3703 2209 3716 2232 ,
3756 2168 3824 2233 ἃς

2244 2245 2399 2297 αὐτοὶ
2427 2246 2570 2315 ἔχειν
2591 2247 2788 2301 δίκαιοί
2817 2251 2959 2315 ἐστε,
2983 2252 3121 2325 ὑπὲρ
3162 2246 3239 2306 ὧν
3281 2256 3442 2327 ἡμεῖς
3473 2257 3820 2329 ἠναγκάσθηο

2245 2353 2345 2405 μεν
2365 2353 2379 2400 ;

548 2404 717 2468 tuque
772 2400 991 2470 Apollo,
1027 2407 1158 2475 quid
1206 2424 1435 2480 agamus
1456 2454 1471 2478 ,
1505 2416 1598 2484 qui
1649 2420 1798 2476 nullo
1831 2425 1994 2480 modo
2053 2400 2318 2498 imposita:
2345 2448 2374 2486 a
2399 2434 2552 2489 vobis
2583 2450 2692 2491 non
2722 2447 2831 2492 tam
2855 2438 3010 2511 legis,
3054 2457 3219 2511 quam
3279 2445 3620 2503 necessitatis
3652 2463 3817 2505 causa

541 2494 754 2548 simus?
790 2494 932 2562 Quid
964 2500 1125 2557 nobis
1170 2518 1297 2558 eum
1351 2510 1548 2564 vestris
1598 2511 1704 2567 illis
1737 2519 1914 2585 poenis
1973 2535 2038 2576 ac
2092 2522 2270 2591 furiis,
2305 2545 2441 2598 quas
2485 2530 2587 2599 ipsi
2629 2531 2896 2601 profecto,
2935 2535 3006 2589 ob
3047 2550 3132 2601 ea,
3187 2538 3388 2608 quibus
3430 2555 3528 2610 per
3570 2542 3678 2595 vim
3719 2542 3817 2599 ob-

542 2586 718 2642 stricti
751 2604 967 2660 sumus,
996 2592 1138 2651 ferre
1168 2599 1364 2653 merito
1397 2614 1459 2654 ac
1486 2605 1755 2663 sustinere
1777 2609 2061 2669 debeatis?

545 2698 626 2824 [Iba
653 2720 782 2830 90's,!
802 2705 988 2775 Oenei,
1024 2727 1162 2768 caeco
1198 2732 1342 2774 mens
1368 2721 1617 2793 improba
1644 2735 1790 2781 motu

545 2813 552 2824 .
622 2789 759 2830 nma
788 2814 806 2830 .

537 2789 806 2843 .ionptat.

536 2861 703 2932 Atqui
754 2880 862 2920 non
916 2868 1280 2946 festinamus,
1325 2880 1557 2951 Apollo,
1613 2886 1704 2940 sed
1739 2889 1989 2959 agimur;
2025 2907 2125 2948 nec

540 2957 777 3012 amentia
803 3000 817 3025 ,
848 2962 942 3016 sed
971 2970 1297 3026 necessitate
1326 2983 1525 3030 vestra.
1568 2974 1687 3031 Jam
1722 2994 1847 3034 vero
1868 3022 1882 3048 ,
1919 2981 2124 3052 Lycur—

535 3060 663 3115 gum
684 3090 699 3115 ,
754 3052 980 3121 Apollo,
1027 3060 1158 3127 quid
1192 3072 1316 3130 est,
1353 3069 1710 3135 quamobrem
1742 3072 1815 3126 ita
1841 3075 2120 3145 praedices,

533 3139 628 3206 qui
664 3156 771 3195 non
805 3156 1000 3213 sponte
1042 3165 1178 3217 sua,
1228 3156 1309 3210 vel
1362 3157 1679 3216 inductione
1719 3164 1888 3218 animi
1920 3168 2123 3235 probus

532 3237 670 3295 erat,
700 3232 794 3287 sed
828 3236 989 3304 plane
1020 3240 1266 3299 invitus?
1296 3249 1340 3302 si
1370 3256 1550 3305 tamen
1584 3254 1791 3323 probus
1829 3259 2120 3329 quisquam

532 3321 735 3379 invitus
761 3341 883 3382 esse
910 3337 1108 3399 potest.
1181 3335 1414 3395 Perinde
1467 3345 1694 3400 omnino
1742 3350 1936 3420 agitis,
1980 3367 2044 3407 ac
2075 3353 2121 3407 si

530 3414 656 3483 quis
683 3417 957 3488 elegantes
992 3438 1056 3478 ac
1085 3425 1358 3486 formosos
1388 3432 1635 3491 laudaret
1669 3441 2017 3511 praemiisque
2041 3444 2122 3497 af-

490 3558 495 3563 ,
529 3504 734 3575 liceret,
764 3519 950 3582 turpes
980 3516 1314 3587 vituperaret
1340 3533 1405 3578 'ac
1425 3504 1889 3595 puniret._MeI'ito
1921 3504 2121 3606 quippe

528 3598 685 3654 vobis
718 3600 951 3672 improbi
986 3609 1267 3678 objiciunt,
1323 3616 1577 3673 virtutem
1609 3623 1711 3676 sibi
1755 3639 1853 3693 per
1889 3642 1987 3682 vos
2019 3630 2121 3682 mi-

530 3693 678 3749 nime
700 3696 877 3753 colere
917 3699 1162 3770 licuisse,
1196 3705 1305 3761 imo
1334 3710 1488 3765 vobis
1513 3715 1833 3783 cogentibus
1864 3733 1983 3772 sese
2013 3719 2116 3773 im-

528 3788 733 3853 probos
787 3788 978 3847 fuisse.
1039 3792 1250 3853 Probos
1277 3815 1427 3867 vero,
1466 3803 1511 3857 si
1538 3806 1768 3860 nimium
1796 3810 1899 3862 sibi
1925 3810 2131 3885 placu-\

525 3878 701 3946 erint,
750 3898 910 3938 nemo
938 3884 1077 3941 ferat
1108 3906 1122 3942 :
1153 3889 1262 3945 imo
1294 3907 1402 3946 non
1431 3894 1555 3963 jure
1580 3899 1878 3956 succlamet
1916 3917 2111 3957 nemo:

523 3973 663 4026 Audi
681 3974 838 4046 261
869 3978 970 4062 sis,
1001 3979 1320 4055 Chrysippe,
1353 3995 1539 4058 tuque,
1569 4006 1601 4045 ο
1646 3993 1959 4062 Cleanthes,
1990 4012 2117 4050 vos-

525 4079 632 4132 que
659 4067 849 4121 circuli
899 4060 1141 4140 ejusdem
1174 4078 1354 4132 caeteri
1388 4080 1563 4149 (vobis
1589 4084 1733 4138 enim
1784 4089 2111 4156 probitatem

524 4156 875 4233 attribuitis);
927 4165 1182 4234 equidem
1225 4169 1480 4236 virtutem
1529 4177 1721 4243 laudo,
1782 4197 1880 4235 vos
1932 4193 2112 4238 tamen

521 4248 684 4303 etiam
728 4252 928 4308 virtute
957 4258 1215 4324 praeditos
1247 4279 1356 4317 non
1394 4266 1578 4321 laudo.
1650 4269 1789 4336 Quin
1816 4272 2110 4342 Epicurum

2235 2732 2472 2798 Οἰταῖοι,
2499 2732 2587 2804 μὴ
2609 2733 2887 2790 σπεύδετ’
2912 2737 3318 2810 ἀτασθαλίῃσι
3346 2744 3530 2799 νόοιο.

2243 2907 2382 2960 Ἀλλ’
2409 2908 2469 2961 οὑ
2496 2908 2821 2980 σπεύδομεν,
2863 2905 2909 2965 ὦ
2953 2913 3219 2969 ’Ἄπολλον
3241 2955 3257 2979 ,
3300 2917 3414 2971 ἀλλ’
3455 2921 3809 2993 ὲλαυνόμεθα.

2151 3043 2192 3098 C
2228 3000 2347 3051 οὑδὲ
2382 3000 2750 3069 ἀτασθαλίαις,
2790 3003 2927 3058 ἀλλὰ
2973 3010 3039 3078 τῇ
3064 3009 3302 3082 ὑμετέρᾳ
3332 3012 3566 3084 ἀνάγκῃ.
3609 3015 3712 3068 Τὸν
3752 3016 3810 3069 δὲ

2226 3092 2542 3164 Λυκοῦργον
2568 3097 2773 3149 ἐκεῖνον
2797 3097 2934 3162 πῶς,
2957 3094 3003 3151 ὦ
3032 3101 3318 3167 Ἀπολλον,
3343 3105 3606 3171 ἐπαινεῖς,
3628 3107 3688 3171 ὃς
3709 3109 3808 3161 οὐκ

2223 3178 2291 3253 ἦν
2316 3185 2538 3253 ἀγαθὸς,
2561 3185 2685 3239 οὔτε
2707 3186 2870 3252 ἑκὼν,
2896 3190 3009 3243 οὔθ’
3040 3192 3314 3263 ἑλόμενος,
3341 3194 3475 3249 ἀλλὰ
3507 3196 3689 3263 ἄκωνς
3729 3198 3809 3252 εἷ-

2226 3291 2329 3344 περ
2385 3292 2486 3327 που
2529 3279 2624 3330 καὶ
2662 3278 2871 3345 γίνεται
2920 3298 3006 3344 τις
3030 3282 3233 3350 ἀγαθὸς
3270 3283 3440 3339 ἄκων.
3486 3287 3668 3342 ’Έοικε
3697 3289 3755 3343 δὲ
3780 3289 3811 3343 ὃ

2224 3366 2320 3418 νῦν
2356 3372 2581 3432 ποιεῖτε,
2625 3369 2700 3433 ὡς
2732 3371 2897 3435 εἴτις
2920 3374 3045 3436 τοὺς
3083 3376 3180 3443 μὲν
3225 3376 3423 3440 καλοὺς
3466 3378 3537 3431 τὰ
3583 3379 3812 3451 σώματα

2224 3459 2472 3529 ἐπαινοίη
2507 3461 2600 3513 καὶ
2647 3463 2916 3533 γεραίροι,
2950 3465 3077 3527 τοὺς
3118 3465 3174 3515 δὲ
3219 3466 3478 3538 αἰσχροὺς
3524 3468 3681 3537 ψέγοι
3714 3472 3808 3525 καὶ
3876 3504 3883 3513 ν

2222 3550 2459 3613 κολάζοι,
2493 3553 2684 3604 Δίκαια
2712 3554 2820 3623 γὰρ
2848 3555 3051 3606 εἴποιεν
3093 3554 3159 3607 ἂν
3196 3555 3333 3626 πρὸς
3363 3558 3505 3627 ὑμᾶς
3554 3561 3602 3611 οἱ
3637 3576 3806 3632 πονη-

2223 3642 2327 3711 ροὶ,
2355 3643 2459 3703 ὅτι,
2490 3643 2604 3694 υὺκ
2637 3642 2973 3713 ἐπετρέψατε
3001 3646 3153 3714 ἡμῖν,
3182 3640 3227 3699 ὦ
3257 3646 3389 3713 θεοὶ,
3415 3650 3638 3719 ἀγαθοῖς
3662 3652 3808 3720 γίνε-

2223 3731 2380 3784 σθαι·
2418 3734 2478 3785 οὑ
2525 3733 2683 3804 μόνον
2734 3734 2823 3798 δὲ,
2850 3734 2988 3789 ἀλλά
3018 3738 3112 3789 καὶ
3132 3738 3425 3793 ἐϐιάσασθε
3470 3737 3606 3795 εἶναι
3637 3760 3806 3814 πονη-

2221 3824 2384 3895 ρούς·
2414 3825 2467 3878 οἵ
2496 3843 2553 3878 τε
2588 3824 2804 3893 ἀγαθοὶ,
2835 3828 2885 3880 εἰ
2925 3827 3390 3901 ὲξηγκωνισμένοι
3431 3837 3804 3904 περιπατοῖεν,

2218 3915 2318 3968 οὑκ
2356 3917 2637 3988 ἐπιτρέψει
2672 3935 2755 3982 τις
2780 3919 2983 3984 αὑτοῖς,
3013 3922 3147 3976 ἀλλὰ
3193 3925 3374 3994 φήσει·
3410 3920 3481 3977 Ὦ
3510 3925 3804 3996 Χρύσιππέ

2216 4024 2277 4059 τε
2312 4009 2404 4061 καὶ
2428 4010 2721 4077 Κλέανθες,
2752 4014 2847 4066 καὶ
2875 4015 2988 4067 ὅσοι
3015 4014 3205 4068 τούτου
3233 4014 3325 4069 τοῦ
3354 4017 3517 4089 χοροῦ
3538 4057 3553 4081 ,
3604 4019 3804 4089 (ὑμεῖς

2217 4097 2325 4169 γὰρ
2385 4101 2685 4172 πεποίησθε
2746 4099 2885 4158 εἶναι
2944 4106 3220 4179 ἁγαθοί”)
3279 4106 3390 4176 ἐγὼ
3448 4110 3544 4178 μὲν
3600 4109 3803 4180 ἀρετὴν

2217 4191 2447 4256 ἐπαινῶ,
2494 4193 2638 4264 ὑμᾶς
2668 4196 2725 4250 δὲ
2774 4200 2899 4261 τοὺς
2935 4199 3226 4270 ἐναρέτους
3250 4202 3352 4254 οὑκ
3378 4201 3602 4254 ἐπαινῶ.
3644 4201 3804 4277 Ἀλλὰ

2217 4283 2311 4335 καὶ
2341 4283 2431 4337 τὸν
2473 4286 2817 4359 Ἐπίκουρον,
2853 4290 2912 4344 ὃν
2945 4293 3009 4345 σὺ
3030 4291 3218 4356 πολλὰ,
3244 4285 3616 4363 ὧΧρὺσιππε,
3644 4292 3802 4346 ἐϐλα-

522 4341 697 4409 illum,
726 4361 887 4415 quem
916 4357 970 4402 tu
992 4390 1007 4413 ,
1036 4350 1339 4425 Chrysippe
1370 4396 1384 4420 ,
1417 4360 1553 4414 adeo
1579 4341 1929 4421 vehementer
1965 4367 2113 4423 iuse-

2229 4376 2536 4449 ςφήμησας,
2572 4380 2683 4448 ἐγὼ
2707 4341 2778 4435 ἱτό
2894 4341 2999 4435 ,ἐπὶ
3028 4384 3111 4437 σοὶ
3144 4341 3484 4453 ἀερίημιΐτῶν
3515 4384 3800 4455 ἐγκλημά-

520 4435 708 4502 etaris,
746 4437 793 4491 si
825 4454 938 4493 rem
964 4442 1073 4495 tuis
1097 4459 1164 4498 ex
1196 4446 1429 4503 decretis
1453 4452 1676 4519 definio,
1712 4456 1779 4509 ab
1821 4458 1971 4512 omni
2002 4460 2110 4514 cri-

519 4527 669 4581 tuine
697 4528 929 4584 liberum
959 4537 1332 4602 pronuntiem.
1396 4540 1536 4607 Quid
1565 4547 1710 4599 enim
1751 4556 1973 4618 ageret,
2015 4552 2109 4620 qui

2215 4481 2344 4520 των.
2384 4468 2448 4520 Τί
2476 4469 2585 4542 γάρ
2615 4470 2784 4544 πάθῃ,
2810 4471 2868 4535 ὃς
2898 4474 2996 4542 οὐχ
3045 4471 3187 4526 ἑκὼν
3231 4468 3299 4544 ἦν
3356 4473 3594 4544 μαλακὸς
3618 4515 3633 4538 ,
3677 4474 3800 4529 οὐδὲ

2216 4555 2422 4623 ἄδικος,
2450 4559 2644 4633 ὥσπερ
2674 4562 2932 4627 πολλάκις
2965 4565 3127 4617 αὑτὸν
3158 4562 3531 4635 ὲλοιδόρησας;

518 4639 627 4679 non
666 4634 860 4696 sponte
889 4643 987 4683 sua
1010 4629 1095 4684 vel
1125 4631 1191 4685 ad
1219 4633 1342 4689 vitae
1370 4638 1677 4708 mollitiem,
1728 4643 1812 4697 vel
1843 4644 1913 4700 ad
1945 4645 2346 4716 improbitatem
2395 4656 2808 4724 adltmresceret,
2856 4672 2966 4728 quo
2999 4667 3056 4713 tu
3096 4674 3222 4713 eum
3268 4660 3487 4713 nomine
3514 4659 3796 4715 criminari

518 4722 662 4777 soles
690 4723 714 4775 ?

520 4815 584 4903 ζει
607 4818 846 4903 placidos
877 4823 1147 4903 hominum
1172 4828 1437 4903 inclinant
1467 4831 1558 4897 pia
1586 4833 1804 4887 numina
1832 4851 2026 4903 mores,

515 4887 722 4942 Horum
746 4892 908 4945 etiam
934 4896 1100 4962 cultu,
1124 4908 1174 4951 et
1200 4915 1353 4952 sacro
1382 4887 1636 4954 lwtatttur
1667 4905 1879 4958 honore.

514 5000 642 5057 Mihi
671 5004 891 5074 quidem
925 5010 1083 5078 plane
1109 5013 1435 5080 persuadeo,
1467 5031 1749 5086 nunquam
1783 5035 1880 5074 vos
1925 5022 1995 5075 ita
2024 5022 2103 5076 lo-

514 5104 740 5150 cuturos
774 5112 896 5152 esse
919 5140 935 5163 ,
988 5101 1094 5155 nisi
1141 5101 1394 5158 homines
1424 5104 1492 5159 ad
1519 5120 1582 5159 ea
1617 5121 1739 5174 quae
1776 5122 2098 5177 sequuntur,

516 5199 622 5238 non
653 5186 706 5240 vi
738 5189 869 5257 ulla,
904 5190 998 5245 sed
1024 5192 1304 5247 voluntate
1332 5210 1430 5249 sua
1459 5197 1583 5251 duci
1614 5201 1927 5255 crederetis.
1972 5203 2104 5269 Quae

515 5288 679 5340 porro
708 5278 1006 5337 voluntatis
1040 5290 1244 5337 nostrae
1273 5287 1402 5351 sint,
1432 5302 1593 5341 nemo
1620 5302 1858 5358 unquam
1880 5333 1895 5358 ,
1926 5308 2101 5361 neque

585 5422 611 5450 ι
645 5429 732 5482 γρ.
759 5415 946 5483 ἅττας.
1028 5416 1057 5457 1³
1087 5417 1172 5471 lo’.
1212 5419 1245 5489 ἡ
1275 5433 1347 5474 τι.

734 5551 945 5620 Τριχῒν’
973 5552 1221 5620 ἐξεῖλες.
1246 5552 1378 5610 Vide
1406 5572 1590 5623 supra.

589 5617 701 5688 (85)
746 5617 894 5700 ouis
933 5617 1243 5700 ἅνθρωπος
1265 5664 1278 5687 ,
1310 5637 1414 5700 etc.
1446 5617 1616 5683 Voces
1644 5628 1851 5700 aliquot
1878 5642 2099 5700 praeter-

518 5690 718 5743 missas
762 5692 830 5744 ita
885 5690 1107 5762 supple,
1137 5712 1298 5771 neque
1341 5697 1530 5764 homo,
1567 5709 1623 5751 ut
1670 5690 1830 5755 etiam
1864 5690 2099 5771 sophista

521 5757 717 5827 fuerit,
749 5761 827 5815 his
860 5757 1097 5833 ian-{ita
1144 5757 1557 5836 demonstratis,
1603 5757 1935 5839 necessitati,
1990 5786 2093 5833 etc.

2209 4837 2531 4911 Εὐτάκτων
2556 4838 2988 4911 θνητῶνβιοτῇ
3014 4841 3135 4894 θεοὶ
3164 4842 3325 4895 ἵλαοί
3345 4848 3525 4911 εἰσιν,

2206 4909 2526 4963 Εὑσεϐέων
2556 4910 2607 4965 θ’
2636 4910 2811 4979 ἁγίας
2836 4911 3055 4977 θυσίας
3086 4911 3256 4981 τιμάς
3278 4931 3341 4967 τε
3368 4909 3663 4985 δέχονται.

2211 5026 2429 5077 Δοκεῖτε
2461 5024 2519 5077 δέ
2558 5042 2648 5096 μοι
2698 5026 2799 5080 οὐκ
2823 5025 2888 5080 ἂν
2917 5027 3090 5082 ταῦτα
3127 5029 3340 5100 λέγειν,
3385 5034 3459 5104 μὴ
3498 5039 3796 5108 πεπεισμέ-

2214 5132 2314 5178 νοι,
2349 5117 2431 5169 ὄτι
2460 5118 2561 5169 οὑκ
2593 5116 2839 5182 ἄκοντες,
2867 5120 3001 5174 ἀλλὰ
3030 5122 3342 5193 βουλόμενοι
3377 5127 3666 5197 χωροῦσιν,
3707 5131 3793 5199 ἐφ’

2209 5207 2245 5260 ἃ
2274 5207 2562 5278 χωροῦσιν.
2599 5211 2664 5262 Ἃ
2692 5209 2738 5262 δ’
2762 5209 2829 5263 ἂν
2856 5210 3209 5283 βουληθῶσιν,
3248 5217 3369 5269 οὔτε
3393 5218 3531 5283 θεὸς,
3553 5218 3675 5273 οὔτε
3702 5221 3795 5274 dvo

2213 5299 2431 5371 θρωπος
2458 5300 2568 5372 (85)
2598 5303 2875 5373 σοφιστὴς,
2905 5304 3047 5358 οὕτω
3070 5308 3573 5380 προεληλεγμένων,
3600 5312 3793 5384 τολμή-

2211 5563 2322 5650 l‘iisi
2360 5564 2658 5650 malumus,
2691 5565 2847 5650 ,οὑτω
2890 5567 3378 5650 προεληλεγμένος,
3418 5579 3516 5650 aut
3558 5573 3789 5644 προελη-

2207 5634 2506 5705 λεγμὲνων,
2539 5646 2598 5691 ιιι
2640 5637 2714 5724 ad'
2742 5634 2989 5724 deuoret
3030 5634 3305 5724 hominem
3335 5634 3640 5724 “referatur,
3679 5634 3786 5724 non

2212 5707 2277 5760 ad
2329 5722 2416 5759 res
2471 5708 2636 5776 ipsas.
2668 5705 2999 5783 Utrumlibet
3043 5720 3286 5779 optetur,
3333 5710 3567 5783 ἔλλειψις
3612 5705 3792 5775 Attica

2209 5786 2312 5843 est,
2342 5792 2514 5849 eaque
2542 5794 2648 5833 non
2677 5776 3019 5849 infrequens.
