4162 6418
414 404 525 465 ‘45

1591 407 1915 465 PREPAR.
1958 407 2211 465 EVANG.
2257 407 2395 463 LIB.‘
2431 408 2516 466 Vl.

3590 405 3696 460 446

410 543 493 580 σει
525 524 726 593 λέγειν,
761 525 843 578 ὅτι
878 502 1262 580 ὑποτέτακται.
1319 527 1389 579 Ἢ
1435 524 1627 595 λόγους
1676 528 1774 597 μὲν
1812 528 1962 582 οὐκέτ

2065 578 2069 588 .
2099 526 2263 593 Deus,
2288 543 2468 598 neque
2495 527 2658 581 homo
2687 524 2997 580 necessitati
3019 524 3301 594 assignare
3330 522 3547 577 audeat.
3584 522 3694 578 Aut

407 618 545 690 πρὸς
591 618 754 672 αὑτὸν
788 616 1127 689 ποιησόμεθα
1152 659 1166 683 ,
1203 617 1400 682 σκῦτος
1431 618 1488 671 δέ
1524 636 1575 672 τι
1622 619 1730 672 τῶν
1762 620 1997 674 εὐτόνων

404 708 684 773 λαϐόντες,
742 708 819 772 ὡς
847 710 935 762 ἐπ’
961 708 1245 779 ἀνάγωγον
1295 709 1461 764 παῖδα
1513 711 1611 775 τὰς
1659 713 1900 785 πλευρὰς
1936 710 1995 768 εὖ

408 799 553 869 μάλα
586 799 891 865 καταξανοῦ
902 818 1000 871 μεν
1024 801 1208 854 αὐτοῦ.
1253 820 1272 853 ι
1308 800 1560 854 Τοσαῦτα
1586 802 1723 872 πρὸς
1745 803 1836 856 τὸν
1864 822 1997 876 χρη..

408 892 621 963 σμῳδὸν
658 895 686 946 ὁ
714 892 980 965 Οίνόμαος
1009 893 1354 948 ἀπετείνατο.
1393 895 1465 947 Σὺ
1500 895 1545 948 δ’
1580 895 1693 948 ἀλλ’
1722 898 1771 949 εί
1807 895 1883 967 μὴ
1916 897 1995 967 τῷ

405 983 589 1054 τοιῷδε
619 984 868 1055 χαίρεις,
911 983 1092 1039 λαϐὼν
1140 984 1415 1053 ἀνάγνωθι
1469 986 1539 1039 τὰ
1572 985 1771 1041 ἐκτῶν
1818 986 1993 1040 ἄλλων

402 1074 707 1144 φιλοσόφων
741 1075 869 1147 περὶ
906 1076 1285 1147 εἱμαρμένης,
1321 1076 1380 1128 οὐ
1422 1075 1583 1146 μόνον
1616 1075 1727 1129 τῶν
1773 1093 1991 1148 προπα-

405 1163 737 1235 ρατεθέντων
783 1163 1048 1237 χρησμῶν
1096 1164 1497 1233 ἀνατρεπτικὰ,
1549 1165 1684 1218 ἀλλὰ
1740 1168 1836 1219 καὶ
1880 1165 1991 1219 τῶν

399 1253 575 1308 ἄλλων
631 1253 861 1308 καθόλου
923 1255 1052 1326 περὶ
1110 1255 1203 1307 τοῦ
1236 1255 1508 1326 δόγματος
1562 1256 1987 1326 ἐπινοουμένων.

412 1346 627 1418 Ἐπειδὴ
654 1346 765 1418 γὰρ
816 1348 891 1419 μὴ
925 1347 1084 1418 μόνον
1109 1348 1339 1419 ἀμαθεῖς
1373 1348 1465 1400 καὶ
1502 1349 1747 1413 ἰδιῶται,
1788 1348 1887 1420 ἧδη
1928 1348 1986 1402 δὲ

396 1438 491 1491 καὶ
520 1439 613 1492 ἐπὶ
660 1438 909 1510 παιδείᾳ,
956 1440 1052 1492 κα).
1093 1439 1382 1511 φιλοσοφίᾳ
1430 1440 1573 1511 μέγα
1618 1442 1988 1511 φρονήσαντες

397 1527 614 1593 πλείους
651 1529 1031 1602 κατεσύρησαν
1051 1532 1216 1602 ὁμόσε
1244 1531 1321 1602 τῷ
1344 1532 1596 1603 δόγματι,
1621 1532 1755 1602 ἡγοῦ
1765 1550 1858 1603 μαι
1878 1532 1987 1585 δεῖν

393 1622 706 1691 ἀναγκαίως
730 1622 830 1687 τὰς
860 1623 1040 1677 αὐτῶν
1075 1623 1381 1693 φιλοσόφων
1422 1624 1558 1695 πρὸς
1601 1625 1744 1693 σφᾶς
1789 1624 1985 1687 αὐτοὺς

392 1712 740 1786 ἀντιρρήσεις
770 1714 1056 1779 ἐκθέσθαι,
1084 1716 1163 1777 εἰς
1208 1715 1410 1786 ἀκριϐῆ
1456 1715 1550 1768 τοῦ
1602 1714 1985 1787 προϐλήματος

391 1803 692 1875 διάσκεψιν.
742 1806 942 1877 Πρῶτα
989 1805 1053 1878 δὴ
1087 1802 1180 1859 οὖν
1225 1824 1307 1859 σοι
1348 1805 1849 1877 παραναγνὼσομαι
1877 1806 1985 1858 ἀπὸ

2107 619 2154 674 si
2184 620 2309 690 quis
2343 628 2525 674 tamen
2555 618 2660 673 erit
2700 616 3006 687 ejusmodi,
3054 631 3163 670 non
3193 615 3306 685 jam
3351 615 3534 669 verbis
3565 631 3688 669 cum

2102 722 2168 761 eo
2221 708 2642 772 contendamus,
2712 704 2809 759 sed
2863 712 3079 774 arrepta
3111 703 3194 774 (ut
3235 704 3288 757 in
3339 716 3689 758 contumaces

2098 814 2300 868 pueros
2343 798 2459 853 lteri
2492 797 2674 868 solet),
2708 796 2931 850 duriore
2979 796 3211 858 scutica,
3242 794 3413 864 plagis
3441 794 3490 848 ei
3518 795 3685 847 latera

2096 890 2316 959 egregie
2358 876 2738 943 concidamus.
2772 904 2791 937 ι
2836 886 3013 953 Atque
3061 884 3152 938 illa
3196 891 3355 949 sunt,
3399 884 3598 953 quibus
3627 883 3686 938 in

2095 979 2303 1033 bonum
2334 990 2510 1033 vatem
2543 976 2858 1031 OEnomaus
2883 974 3187 1029 invehitur.
3256 974 3359 1039 Qui
3394 973 3438 1028 si
3469 973 3563 1027 tibi
3591 988 3684 1027 sa-

2093 1067 2163 1122 tis
2212 1082 2322 1122 non
2365 1076 2486 1131 est,
2530 1067 2746 1137 perlege
2793 1080 2915 1135 qua:
2943 1080 2973 1118 a
3004 1063 3217 1118 caneris
3247 1064 3587 1133 philosophis
3615 1065 3683 1118 de

2092 1157 2207 1213 fato
2235 1156 2514 1221 dicuntur,
2547 1173 2779 1227 qumque
2810 1172 2918 1210 non
2949 1156 3213 1225 producta
3243 1156 3404 1209 modo
3430 1155 3682 1224 superius

2093 1252 2340 1316 oracula,
2400 1250 2495 1305 sed
2524 1249 2688 1304 etiam
2715 1248 2979 1318 quidquid
3017 1262 3251 1316 usquam
3286 1246 3414 1301 huic
3441 1247 3680 1315 dogmati

2090 1343 2380 1399 statuendo
2409 1343 2706 1413 excogitari
2735 1342 2892 1407 solet,
2929 1340 3175 1394 funditus
3203 1346 3472 1393 evertunt.
3541 1336 3678 1392 Nam

2088 1448 2213 1487 cum
2242 1448 2351 1486 non
2381 1433 2545 1486 rudes
2572 1432 2748 1485 solum
2778 1441 2832 1486 et
2862 1430 3119 1496 imperiti,
3139 1430 3235 1484 sed
3266 1430 3427 1485 etiam
3460 1430 3554 1499 qui
3580 1429 3679 1484 do-

2087 1523 2387 1577 etrinarutn
2418 1538 2482 1577 ac
2516 1522 2799 1593 sapientiae
2844 1521 3026 1576 studio
3084 1520 3320 1574 maxime
3346 1520 3675 1589 gloriantur,

2087 1616 2191 1669 hac
2218 1615 2383 1670 simul
2428 1615 2686 1684 opinione
2714 1614 2854 1669 trahi
2882 1613 2995 1683 jam
3031 1614 3277 1678 soleant,
3306 1621 3525 1666 mutuas
3551 1612 3675 1680 phi-

2086 1708 2437 1776 losophorum
2482 1707 2729 1777 ipsorum
2763 1722 3005 1776 pugnas,
3051 1721 3161 1775 quo
3192 1705 3484 1775 propositae
3518 1719 3671 1773 quac-

2087 1800 2283 1855 stionis
2313 1800 2516 1854 veritas
2545 1807 2798 1854 accurate
2826 1798 3169 1868 dispiciatur,
3194 1797 3368 1852 oculis
3399 1796 3670 1866 subjicere

389 1892 483 1949 τοῦ
519 1897 863 1966 Διογενιανοῦ
915 1897 984 1952 τὰ
1035 1898 1164 1969 περὶ
1198 1897 1562 1969 εἱμαρμένης,
1592 1893 1694 1950 ὧδέ
1738 1914 1855 1959 πως
1900 1896 1962 1966 τᾷ

2079 1894 2449 1948 necessarium
2480 1893 2739 1946 arbitror.
2774 1889 3019 1944 Primum
3046 1891 3231 1960 igitur,
3255 1905 3321 1944 ex
3349 1888 3667 1960 Diogeniani

389 1987 704 2059 Χρυσίππῳ
737 1989 1123 2061 ἀντειρημένα.

917 2187 1319 2240 ΚΕΦΑΛΑῘΟΝ
1352 2182 1434 2240 Η’.

388 2276 515 2330 Ἔτι
548 2280 680 2346 περὶ
709 2278 813 2332 τοῦ
838 2279 1024 2332 αὑτοῦ
1055 2279 1173 2332 ἀπὸ
1203 2278 1321 2330 τῶν
1338 2276 1714 2346 Διογενιανοῦ
1736 2276 1841 2330 τοῦ
1869 2279 1972 2330 Πε-

447 2349 861 2416 ριπατητικοῦ,
897 2348 1047 2416 πρὸς
1069 2349 1445 2417 Χρύσιππον,
1470 2348 1590 2416 ἅμα
1605 2349 1722 2417 μὲν
1741 2349 1968 2411 βουλό-

455 2435 641 2484 μενον
684 2417 893 2478 σώζειν
925 2417 1041 2485 τὴν
1081 2418 1218 2485 παρ’
1275 2416 1434 2486 ἡμᾶς
1480 2416 1699 2481 αἰτίαν,
1742 2418 1863 2485 ἅμα
1900 2417 1968 2471 δὲ

455 2488 654 2542 πάντα
684 2488 1068 2558 καθειμάρθαι
1105 2487 1390 2558 λέγοντα·
1435 2488 1530 2541 καὶ
1567 2488 1655 2540 ὅτι
1697 2486 1840 2541 οὐδὲ
1894 2488 1968 2541 τὰ

448 2557 851 2638 παρ’.’ομήρῳ
891 2558 1025 2626 περὶ
1075 2557 1189 2627 τῆς
1237 2558 1601 2628 εἱμαρμένης
1668 2559 1966 2627 λεγόμετά

447 2644 744 2696 συνηκεν.

450 2758 471 2791 ι
506 2740 688 2806 Ἄξιον
715 2740 772 2795 δὲ
798 2742 891 2795 ἐπὶ
921 2740 1132 2806 τούτοις
1177 2741 1350 2797 ἅπασι
1396 2740 1737 2814 παραθέσθαι
1778 2742 1964 2798 καὶτὰ

370 2831 628 2886 δοκοῦντα
653 2833 960 2905 Χρυσίππῳ
987 2833 1065 2904 τῷ
1095 2832 1319 2905 Στωϊκῷ
1352 2834 1480 2905 περὶ
1491 2833 1585 2887 τοῦ
1600 2833 1758 2902 λόγου
1786 2834 1957 2889 τοῦδε.

372 2919 539 2989 Οὗτος
571 2924 677 2997 γὰρ
725 2928 782 2979 ἐν
815 2925 893 2997 τῷ
924 2925 1125 2997 πρώτῳ
1167 2926 1307 2993 Περὶ
1350 2927 1709 2995 εἱμαρμένης
1745 2925 1955 2997 βιϐλίῳ,

372 3015 696 3086 βουλόμενος
749 3015 1020 3071 δεικνύναι
1063 3017 1126 3069 τὸ
1161 3016 1225 3088 δὴ
1252 3017 1409 3069 πάνθ’
1450 3018 1554 3070 ὑπὺ
1582 3018 1684 3087 τῆς
1715 3019 1961 3088 ἀνάγκης

369 3109 470 3179 τῆς
516 3108 860 3180 εἱμαρμένης
911 3108 1291 3179 κατειλῆφθαι,
1340 3110 1662 3181 μαρτυρίοις
1690 3110 1870 3173 ἄλλοις
1899 3127 1957 3163 τε

2078 1986 2356 2053 apcn'bns,
2390 2000 2512 2054 quae
2537 1985 2605 2038 ab
2626 2000 2691 2039 eo
2715 1993 2905 2038 contra
2936 1983 3300 2054 Chrysippum
3330 1982 3397 2037 de
3423 1981 3533 2037 fato
3560 1983 3669 2038 dis-

2075 2084 2354 2144 putantur,
2389 2076 2649 2131 recitabo.
2694 2074 2769 2128 lta
2802 2074 3022 2128 habent.

2652 2183 2881 2238 CAPUT
2940 2182 3071 2237 Vill.

2072 2272 2150 2327 De
2171 2275 2353 2328 eodem
2381 2292 2447 2328 ea:
2474 2274 2802 2347 Diogeniano
2825 2276 3183 2347 Peripatetico
3213 2276 3464 2330 adversus
3495 2275 3661 2347 Chry-

2140 2347 2372 2415 sippum,
2390 2346 2480 2415 qui
2501 2345 2663 2398 simul
2685 2357 2733 2399 et
2760 2362 2975 2399 causam
3010 2346 3160 2398 nobis
3192 2363 3365 2399 rerum
3393 2345 3657 2402 vindicare

2140 2414 2465 2479 conabatur,
2500 2428 2547 2468 et
2584 2416 2696 2484 fato
2750 2427 2924 2470 tamen
2976 2418 3155 2469 omnia
3188 2417 3318 2539 ﬁeri
3374 2417 3656 2471 contende-

2140 2484 2229 2537 bat
2259 2499 2279 2537 :
2313 2491 2554 2539 auodaue
2588 2502 2691 2539 non
2718 2489 2908 2539 ceperit
2936 2502 3054 2539 ana:
3083 2486 3147 2539 ab
3244 2503 3419 2539 omero
3448 2489 3513 2539 de
3544 2488 3655 2539 fato

2138 2484 2229 2606 gat
2259 2499 2279 2537 :
2313 2491 2554 2555 quodque
2588 2502 2691 2539 non
2718 2489 2908 2557 ceperit
2936 2502 3054 2557 qua:
3083 2486 3147 2540 ab
3188 2484 3419 2541 Homero
3448 2489 3513 2542 de
3541 2488 3655 2556 [ato

2176 2565 2409 2606 tcuntur.

2176 2565 2409 2610 tcuntur.

2136 2751 2297 2821 262
2323 2769 2341 2802 ι
2363 2750 2565 2806 Verum
2591 2768 2771 2823 opera:
2799 2753 3032 2823 pretium
3059 2753 3243 2819 fuerit,
3264 2755 3460 2826 inquit,
3491 2770 3655 2826 supe—

2063 2843 2305 2898 rioribus
2327 2845 2585 2899 omnibus
2618 2844 2912 2916 Chrysippi
2941 2862 3164 2916 quoque
3208 2848 3451 2901 hominis
3481 2846 3651 2903 Stoici

2062 2932 2167 2986 hoc
2190 2933 2310 2987 loco
2335 2933 2661 2986 sententiam
2709 2933 3029 3004 adjungere.
3088 2934 3182 2990 llle
3211 2936 3354 2990 enim
3379 2937 3560 3005 primo
3584 2938 3649 2989 li-

2062 3025 2162 3078 bro
2190 3025 2267 3078 De
2319 3025 2434 3093 fato
2462 3065 2477 3090 ,
2507 3041 2632 3080 cum
2680 3027 3024 3081 necessitatis
3057 3028 3240 3081 omnia
3275 3029 3486 3098 fatique
3518 3030 3649 3099 legi-

2060 3113 2165 3167 bus
2211 3113 2378 3168 teneri
2436 3115 2669 3184 probare
2717 3116 2915 3184 vellet,
2972 3133 3096 3197 cum
3142 3119 3265 3173 aliis
3294 3119 3644 3188 quibusdam,

367 3201 479 3254 τισὶ
511 3202 730 3272 χρῆται,
778 3201 873 3254 καὶ
914 3204 1028 3264 τοῖς
1064 3202 1264 3254 οὑτωσὶ
1315 3202 1444 3273 παρ’
1500 3201 1725 3273 Ὁμήρῳ
1760 3205 1955 3274 ποιητῇ

2065 3214 2177 3258 tum
2228 3206 2588 3275 sequentibus
2635 3204 2856 3262 Homeri
2916 3216 3089 3278 poeta:
3148 3208 3475 3265 testimoniis
3512 3225 3650 3265 usus

366 3292 699 3364 λεγομένοις·

675 3443 696 3457 ρ
733 3446 748 3461 .
793 3447 807 3461 .
855 3450 867 3463 .
921 3408 1083 3479 Ἀλλ’
1112 3408 1217 3479 ἐμὲ
1239 3407 1357 3478 μὲν
1377 3407 1489 3475 κὴρ
1528 3408 1639 3477 (84)

378 3475 709 3546 Ἀμφέχανε
738 3478 1021 3548 στυγερὴ,
1046 3475 1198 3547 ἤπερ
1219 3475 1373 3548 λάχε
1388 3475 1741 3548 γεινόμενόν
1778 3491 1911 3546 περ.

365 3587 498 3641 Καί·

367 3735 442 3773 ._.
486 3740 500 3753 .
533 3700 942 3773 'Yq'tepor(85)
962 3700 1108 3758 αὖτε
1122 3704 1194 3757 τὰ
1219 3705 1510 3767 πείσεται,
1541 3705 1704 3759 ὅσσα
1719 3707 1772 3759 οἱ
1793 3701 1950 3760 Αἷσα

365 3770 704 3840 Γεινομένῳ
732 3770 995 3843 ἐπένησε
1010 3775 1181 3843 λίνῳ,
1200 3774 1299 3829 ὅτε
1318 3792 1426 3845 μιν
1442 3774 1578 3828 τέκε
1594 3775 1813 3845 μήτηρ.

370 3883 501 3937 Καί·

361 3976 589 4045 Μοῖραν
616 3976 668 4031 δ’
693 3978 907 4034 οὔτινὰ
960 3996 1109 4049 φημι
1136 3980 1946 4124 πεφυγμένονῶμιέενῗέϐἱὶν-

1585 4069 1709 4119 ρων
1858 4090 1870 4104 .

1585 4069 1709 4119 ρων
1737 4069 1870 4119 tuo).

360 4159 436 4212 Οὐ
468 4159 714 4233 θεωρῶν,
743 4162 826 4216 ὅτι
852 4161 921 4217 τὰ
966 4162 1200 4233 ἀλλαχοῦ
1242 4162 1403 4216 πάλιν
1436 4161 1587 4234 παρὰ
1622 4161 1701 4232 τῷ
1746 4165 1942 4235 ποιητῇ

359 4248 625 4321 λεγόμενα
657 4251 865 4316 τούτοις
892 4252 1150 4323 ἄντικρυς
1183 4252 1507 4321 ὴναντίωται
1532 4269 1545 4283 ·
1597 4249 1679 4316 οἷς
1724 4254 1818 4306 κα).
1848 4253 1946 4307 αύ-

356 4340 448 4405 τὸς
471 4344 530 4396 ἐν
561 4342 641 4413 τῷ
667 4343 902 4415 δευτέρῳ
936 4344 1126 4415 βιϐλίῳ
1158 4345 1390 4417 χρῆται,
1439 4342 1762 4415 βουλόμενος
1815 4362 1940 4399 συν,-

355 4435 509 4505 ιστᾷν
527 4433 591 4488 τὸ
612 4435 706 4488 καὶ
738 4436 869 4508 παρ’
901 4438 1050 4507 ἡμᾶς
1078 4436 1248 4490 πολλὰ
1267 4435 1541 4506 γίνεσθαι·
1578 4432 1689 4489 οἷον
1714 4436 1796 4490 τό·

351 4630 532 4685 Αὐτοὶ
562 4630 674 4702 γὰρ
700 4630 811 4703 (87)
847 4633 1216 4705 σφετέρῃσιν
1229 4634 1676 4705 ἀτασθαλίῃσιν
1695 4636 1930 4691 ὄλοντο.

352 4723 463 4776 Καὶ
490 4723 573 4789 τὸ,

350 4815 420 4892 ᾮ
434 4820 626 4892 πόποι
658 4820 790 4890 (88),
808 4816 938 4875 οἷον
956 4822 1032 4892 δή
1062 4840 1140 4877 νυ
1160 4822 1336 4888 θεοὺς
1355 4821 1565 4891 ,ϐροτοὶ
1581 4823 1936 4877 αἰτιόωνται]

364 4888 459 4953 Ἐξ
496 4888 697 4960 ἡμέων
717 4888 830 4962 γάρ
850 4888 1172 4961 φασι’κάκ’
1216 4888 1484 4963 ἔμμεναι,
1516 4896 1572 4946 οἱ
1596 4892 1665 4946 δὲ
1696 4893 1795 5035 κὶιὶ
1829 4896 1935 5017 clm)-

1772 4981 1838 5017 το

345 5027 591 5098 Σερῇσιν
616 5032 1065 5103 ἀτασθαλίῃσιν
1089 5033 1244 5104 ὑπὲρ
1272 5035 1464 5104 μόρον
1498 5033 1661 5104 ἄλγε’
1694 5027 1927 5102 ἕξουσι.

422 5141 535 5265 (ἐξ)
585 5144 749 5199 Ἀλλ’
805 5144 911 5215 ἐμὲ
956 5146 1074 5216 μὲν
1112 5145 1247 5216 κήρ.
1294 5144 1517 5203 Homer.
1582 5146 1776 5203 Ἰλιαδ.
1838 5150 1926 5212 Ψν,

347 5226 401 5268 ν.
434 5226 518 5265 19.

438 5282 528 5353 85)
556 5284 860 5353 ⁴Ὺστερον.
893 5284 1058 5339 Iliad.
1092 5285 1168 5353 Υ’,
1197 5286 1291 5341 28.

438 5351 527 5416 86)
560 5351 739 5408 1ιὶαάζ
759 5357 833 5416 Ζ’,
859 5371 911 5408 v.
939 5356 1063 5410 488.

416 5422 528 5504 (87)
554 5422 736 5504 Αὐτοὶ
762 5423 891 5504 γᾴρ.
914 5424 1085 5504 (ξιιμ.
1110 5429 1185 5491 Δ¹,
1208 5426 1592 5504 499._Scd_pt:o
1620 5430 1773 5504 αὐτοὶ
1796 5431 1927 5504 γάρ,

343 5492 968 5572 ΙεεῃρέτικείνοιδέἏΑι
999 5495 1304 5572 ϐάρει-ῥ’,
1337 5499 1403 5572 7,
1429 5492 1606 5572 αὐτῶν
1630 5501 1768 5572 γάρ.

413 5559 525 5635 (88)
549 5559 617 5637 Ὦ
642 5564 842 5617 πόποι.
871 5562 1064 5637 Odyss.
1083 5559 1167 5633 λ’,
1193 5559 1406 5633 52,ἰιι)ἱ
1438 5559 1773 5637 Eustathius,
1803 5588 1928 5629 cum

342 5630 699 5711 DiOge’niano.
734 5630 992 5711 praeclare
1045 5630 1393 5711 consentiens
1416 5681 1432 5705 ,
1467 5655 1534 5694 ex
1587 5630 1771 5705 malis,
1804 5659 1929 5711 qua

341 5702 515 5774 vitam
552 5703 835 5759 hominum
871 5703 1126 5760 infestam
1164 5702 1425 5774 habeant,
1456 5711 1559 5763 alia
1601 5702 1799 5765 divinae
1822 5702 1926 5766 'vo-

336 5771 539 5850 luntati
592 5775 776 5850 (quam
827 5775 1197 5850 fati__nomine
1248 5771 1519 5850 intelligit)
1558 5780 1693 5835 citra
1748 5782 1915 5836 ullam

332 5849 525 5892 eorum
565 5846 779 5914 culpam
817 5846 1084 5914 attribuit,
1110 5847 1214 5903 alia
1247 5846 1530 5905 hominum
1562 5851 1807 5921 ipsorum
1833 5853 1917 5908 vel

2024 3305 2180 3351 est:

2378 3451 2392 3465 .
2430 3449 2444 3464 .
2485 3450 2500 3481 .
2539 3452 2553 3466 .
2596 3451 2609 3463 .
2654 3410 2740 3465 He
2773 3411 2946 3481 fatum
2978 3412 3246 3475 absorbuit
3274 3423 3434 3467 atroa:

2056 3480 2210 3543 Quod
2244 3497 2324 3534 me
2358 3480 2546 3534 uitales
2576 3492 2872 3536 nascentem
2905 3482 3087 3536 eduxit
3117 3484 3173 3535 in
3203 3499 3388 3538 auras.

2052 3589 2329 3660 Itemque:
2354 3596 2355 3599 ‘

2185 3742 2198 3755 .
2242 3745 2254 3757 .
2294 3742 2324 3776 ._
2350 3743 2368 3776 γ.
2388 3696 2389 3699 “
2410 3746 2422 3758 .
2466 3702 2606 3757 Exin
2636 3713 2826 3757 cuncta
2860 3705 3011 3775 feret,
3040 3723 3156 3776 qua!
3184 3708 3378 3761 neverit
3406 3707 3535 3762 olim

2052 3771 2227 3826 Parca
2256 3773 2377 3841 sibi,
2413 3776 2598 3827 matris
2630 3791 2748 3827 cum
2770 3771 3001 3845 primum
3034 3771 3201 3832 exiret
3227 3780 3292 3832 ab
3316 3778 3456 3835 alvo.

2049 3886 2116 3941 Et
2149 3904 2341 3942 rursus
2386 3906 2400 3943 :

2051 3977 2221 4033 Nemo
2246 3978 2515 4033 hominum
2546 3995 2655 4033 sese
2683 3978 2795 4048 fato
2822 3968 3135 4035 subduxerit
3163 3999 3412 4045 unauant.

2047 4154 2167 4223 Quo
2194 4156 2246 4210 in
2276 4171 2471 4227 genere
2494 4172 2602 4210 non
2632 4156 2787 4221 vidit,
2810 4157 2913 4211 alia
2940 4159 3195 4229 pleraque
3217 4163 3358 4231 apud
3381 4163 3634 4221 eumdem

2045 4260 2260 4319 poetam
2308 4257 2526 4302 exstare
2560 4249 2679 4303 loca
2705 4290 2720 4316 ,
2755 4240 2891 4318 quae.
2920 4264 3044 4303 cum
3092 4251 3214 4305 istis
3260 4253 3486 4307 omnino
3533 4271 3636 4325 pu-

2046 4349 2231 4409 gnent.
2257 4338 2469 4405 Quibus
2499 4347 2700 4403 tamen,
2724 4350 2983 4408 sequente
3011 4339 3171 4406 libro,
3205 4342 3271 4395 ad
3296 4344 3630 4412 probandam

2044 4427 2098 4481 in
2128 4426 2379 4497 plurimis
2430 4427 2730 4482 voluntatis
2774 4435 2978 4482 nostrae
3023 4430 3133 4483 vim
3182 4445 3247 4485 ac
3284 4440 3631 4505 potestatem,

2044 4519 2275 4589 ipsemet
2300 4518 2562 4575 abutitur.
2601 4519 2921 4590 Cujusmodi
2958 4522 3088 4577 illud
3114 4536 3235 4579 est:

2044 4630 2176 4685 Illos
2205 4631 2391 4702 quippe
2415 4633 2579 4685 animi
2604 4649 2795 4702 pravus
2822 4632 2959 4687 male
2986 4635 3215 4703 perdidit
3240 4652 3409 4691 error.

2042 4723 2285 4795 Itemque
2310 4726 2454 4796 quod
2490 4726 2737 4795 sequitur
2761 4745 2775 4782 :

2041 4817 2406 4893 Iirohgquanta
2429 4816 2483 4870 in
2507 4837 2726 4890 superos
2758 4821 3009 4893 mortales
3053 4823 3278 4876 crimina
3307 4824 3556 4893 ﬁngunt!

2045 4890 2159 4973 gos
2187 4890 2268 4943 illi
2298 4906 2596 4973 causasque
2624 4905 2830 4973 uocant,
2866 4892 3137 4973 fontesque
3163 4890 3424 4973 malorum
3448 4910 3466 4948 :

2039 4960 2172 5032 Qum
2200 4963 2390 5014 mentis
2420 4960 2569 5027 vitio,
2602 4963 2703 5017 sibi
2726 4971 2921 5032 pra’ter
2943 4960 3061 5032 fata
3091 4962 3299 5018 dolores

2036 5030 2230 5101 Sponte
2256 5042 2451 5088 creent.

2033 5149 2303 5214 socordia,
2335 5149 2419 5202 vel
2451 5148 2819 5219 improbitate,
2856 5163 2963 5202 non
2995 5155 3177 5203 tamen
3205 5156 3400 5219 praeter
3424 5148 3622 5206 divinre

2038 5221 2404 5276 Providentia
2467 5217 2756 5274 consilium
2828 5220 3047 5273 evenire
3105 5217 3284 5272 docet.
3354 5217 3618 5274 Observat

2036 5290 2180 5347 idem
2218 5288 2927 5361 praetereagcibvstakatt‘bv
2974 5288 3416 5361 ἀκριϐεστέρους,
3449 5289 3618 5361 ύπέρ-

2041 5378 2205 5433 μορον
2239 5360 2573 5433 quamdiu-Ep
2605 5359 2770 5430 μόρον
2797 5361 2973 5433 legere
2994 5359 3292 5433 maluisse.
3326 5359 3616 5433 Quodauf

2037 5427 2144 5484 terit
2196 5427 2345 5485 addit
2394 5427 2741 5501 ὑπέρμορον,
2784 5427 2893 5501 vel,
2914 5428 3053 5499 ὑπὲρ
3108 5427 3314 5501 μόρον,Δ
3357 5429 3616 5501 explicari

2037 5502 2200 5554 etiam
2252 5515 2448 5571 posse,
2499 5497 2638 5571 ὓπὲρ
2666 5499 2727 5551 τὸ
2761 5497 3036 5568 καθῆκον,
3072 5497 3216 5568 quod
3248 5498 3616 5571 pdpoginter-

2037 5571 2166 5624 dum
2199 5566 2319 5624 ἀντὶ
2343 5570 2439 5622 τοῦ
2463 5566 2816 5639 καθήκοντος,
2847 5566 3142 5637 υὲυτρεῑίιιδ
3173 5586 3185 5620 :
3226 5566 3284 5621 ut
3307 5566 3433 5622 alibi
3471 5566 3611 5639 forte

2034 5639 2216 5695 locum
2268 5641 2319 5693 id
2378 5638 2601 5704 habent,
2647 5641 2793 5693 hunc
2837 5648 3017 5692 tamen
3066 5652 3287 5693 sensum
3334 5639 3437 5692 hoc
3491 5638 3611 5693 loco

2032 5718 2206 5776 poetae
2234 5710 2392 5765 verba
2429 5726 2538 5763 non
2587 5709 2789 5763 ferunt.
2831 5707 2967 5779 Illud
3001 5707 3145 5779 enim
3184 5706 3494 5779 ὑπέρμορον
3527 5708 3609 5760 in-

2032 5782 2222 5851 texuit,
2256 5788 2316 5837 ut
2343 5780 2557 5851 culpam
2591 5779 2646 5834 in
2692 5779 2825 5836 deos
2861 5778 3134 5834 immerito
3157 5778 3391 5833 conferri
3422 5785 3608 5833 osten-

2028 5849 2198 5907 deret.
