4162 6412
525 347 629 404 ατ

1166 347 1441 405 EUSEBll
1480 344 1966 404 CESARIENSIS
2004 342 2155 402 OPP.
2194 341 2382 397 PARS
2416 339 2480 396 Π.
2523 369 2595 382 -
2632 334 3140 396 APOLOCETICA.

3679 337 3786 392 “8

522 469 623 525 His
649 468 793 522 enim
827 466 1072 539 profecto
1098 476 1262 538 atque
1291 470 1597 533 similibus,
1631 485 1742 524 non
1776 469 1958 524 omnia
1992 466 2103 522 l'ato

2216 462 2392 518 Γαῦτα
2422 461 2531 534 γάρ
2556 461 2651 514 καὶ
2676 461 2744 513 τά
2785 458 3010 513 τοιαῦτα
3041 458 3118 528 τῷ
3160 458 3337 511 πάντα
3382 456 3629 525 γίνεσθαι
3665 457 3788 512 καθ’

523 561 641 615 ﬁeri
671 561 914 614 docetur.
955 557 1070 612 lmo
1101 574 1167 612 ne
1203 560 1304 613 hoc
1328 561 1543 629 quidem
1574 562 1755 615 videre
1788 560 1982 630 potuit,
2002 557 2106 611 Ho-

524 665 736 705 merum
764 650 1001 717 dogmati
1051 663 1175 711 suo,
1212 666 1556 720 nequaquam
1592 651 1964 720 superioribus
1995 650 2105 705 illis

523 739 773 793 versibus
796 737 1104 807 suﬂ‘ragari.
1146 736 1255 793 Nec
1279 739 1423 793 enim
1455 740 1501 792 is
1535 741 1715 793 omnia
1737 783 1751 801 ,
1787 739 1881 795 sed
1923 739 2104 806 aliqua

522 835 734 882 tantum
759 827 875 882 fato
919 828 1245 899 assignanda
1286 843 1409 884 esse
1438 829 1608 899 ponit.
1650 826 1785 882 Nam
1819 828 1947 880 illud
1982 826 2104 896 qui-

522 916 648 972 dem
672 936 685 950 ·

873 1155 887 1169 .
932 1157 946 1170 .
992 1155 1006 1169 .
1048 1156 1062 1169 .
1103 1114 1186 1173 Me
1215 1116 1386 1185 fatum
1414 1116 1688 1170 absorbuit
1712 1126 1890 1182 atrox,

527 1185 681 1250 Quod
707 1202 787 1239 me
817 1186 995 1241 vitales
1019 1197 1314 1239 nascentem
1342 1186 1525 1240 eduxit
1547 1189 1602 1240 in
1628 1204 1811 1253 auras,

525 1308 757 1354 mortem
786 1299 986 1366 solum,
1034 1315 1142 1354 non
1174 1301 1358 1355 omnia
1403 1299 1515 1355 fato
1542 1302 1859 1373 contingere
1898 1302 2109 1372 signiti-

524 1400 656 1447 cat:
690 1402 836 1446 recte
863 1393 914 1446 id
948 1393 1193 1462 quidem,
1218 1393 1368 1446 omni
1396 1394 1541 1447 enim
1574 1393 1867 1459 auimauti,
1895 1409 1959 1447 ex
1997 1410 2107 1462 quo

524 1480 811 1548 nascitur,
847 1483 1108 1537 continuo
1141 1481 1280 1537 mori
1327 1482 1501 1538 fatum
1551 1494 1652 1539 est.
1714 1484 1870 1551 Quod
1921 1485 2106 1556 sequi—

526 1582 652 1628 tur:

527 1683 669 1759 Exin
695 1697 886 1759 cuncta
913 1689 1063 1757 feret.
1090 1705 1207 1759 qua:
1229 1690 1420 1743 neverit
1447 1689 1575 1742 olim
1604 1689 1765 1759 263

527 1754 705 1809 Parca
729 1758 851 1822 sibi,
880 1754 1066 1812 matris
1093 1754 1213 1812 cum
1240 1762 1472 1829 primum
1493 1754 1658 1813 αἰνῇ
1671 1754 1755 1812 vah
1777 1760 1894 1813 alvo
1913 1801 1928 1826 ,

524 1868 778 1923 eumdem
830 1870 989 1939 plane
1022 1886 1245 1927 sensum
1278 1872 1459 1926 habet.
1522 1871 1631 1927 Nec
1658 1874 1803 1927 enim
1849 1890 2108 1944 quaecun-

525 1970 634 2028 que
665 1960 918 2031 deinceps
952 1961 1134 2017 futura
1161 1973 1367 2028 essent,
1401 1980 1465 2018 ea
1495 1964 1608 2019 fate
1648 1963 1830 2020 futura
1867 1982 2111 2036 pronun-

529 2051 627 2104 tiat
659 2053 864 2116 omnia,
894 2054 986 2108 sed
1013 2070 1202 2109 eorum
1228 2058 1489 2111 nonnulla
1513 2058 1776 2113 duntaxat
1800 2061 2110 2115 necessitati

527 2140 740 2195 tribuit.
780 2141 915 2197 Nam
945 2143 1035 2199 illa
1067 2146 1218 2200 vocis
1266 2146 1431 2217 hujus
1455 2190 1470 2215 ,
1518 2166 1874 2220 qun-cunque,
1923 2150 2113 2205 distin-

528 2231 672 2294 ctio,
705 2232 836 2300 quid
878 2234 1096 2288 tandem
1127 2236 1307 2301 aliud,
1344 2237 1447 2292 nisi
1480 2238 1582 2293 hoc
1610 2239 1824 2307 ipsum,
1868 2240 2113 2295 indicat?

526 2319 695 2377 Nobis
726 2338 912 2392 porro,
953 2326 1031 2379 uti
1059 2341 1166 2379 non
1197 2327 1402 2393 omnia,
1449 2329 1531 2383 sic
1557 2330 1814 2400 pleraque
1845 2333 1895 2386 vi
1922 2348 2114 2389 neces-

529 2408 709 2463 sitatis
743 2411 995 2481 ingruere
1029 2422 1238 2467 certum
1264 2425 1367 2469 est.
1406 2417 1541 2471 Illud
1578 2419 1742 2472 etiam
1788 2438 1800 2472 :

530 2519 701 2575 Nemo
728 2522 997 2576 hominum
1025 2540 1135 2579 sese
1156 2526 1267 2594 {ato
1296 2528 1607 2585 subduxerit
1648 2548 1905 2601 unquam,

526 2721 730 2790 optime
757 2721 965 2779 dictum
1004 2733 1108 2781 est.
1175 2724 1311 2792 Quis
1337 2727 1483 2783 enim
1505 2743 1567 2784 ea
1594 2745 1716 2799 quae
1742 2731 2113 2790 animantibus

528 2814 784 2868 omnibus
836 2816 1146 2871 necessario
1194 2819 1494 2886 eveniunt,
1549 2822 1827 2879 declinare
1892 2825 2116 2894 possit?

527 2902 759 2959 Tantum
788 2903 952 2974 igitur
976 2907 1152 2975 abest,
1187 2918 1245 2963 ut
1271 2908 1545 2968 Homerus
1589 2912 1895 2986 Chrysippo
1927 2933 2111 2973 rerum

527 2996 772 3050 omnium
800 2997 1041 3053 rationes
1080 2998 1133 3053 iu
1181 3000 1293 3057 fato
1335 3003 1622 3058 collocanti
1659 3006 2017 3078 suﬂragetur,
2052 3018 2113 3065 ut

525 3087 690 3141 etiam
734 3103 857 3145 cum
901 3104 967 3145 eo
1010 3101 1246 3161 pugnet;
1308 3110 1433 3151 cum
1485 3096 1575 3152 ille
1627 3100 1799 3155 multa
1851 3117 1993 3172 saepe
2047 3118 2112 3158 ac

525 3177 727 3234 diserte
744 3178 884 3248 juris
909 3157 1241 3251 arbitri-ique?
1260 3185 1433 3240 nostri
1462 3184 1670 3253 fecerit,
1690 3157 1961 3262 nusquam
1978 3157 2113 3247 vero
2140 3157 2183 3214 ο

528 3271 842 3326 necessitati
874 3274 1057 3327 omnia
1089 3277 1369 3346 conceptis
1413 3279 1592 3333 verbis
1634 3282 1948 3351 assignarit.
1995 3283 2113 3340 Cte-

529 3370 707 3417 terum
737 3376 913 3434 poeta:
961 3363 1234 3431 fortassis,
1274 3368 1365 3438 qui
1418 3384 1526 3424 non
1572 3370 1686 3440 jam
1729 3387 1912 3427 rerum
1955 3375 2113 3431 nobis

530 3470 831 3525 earumque
880 3464 1091 3513 natura:
1132 3460 1415 3515 veritatem
1450 3462 1768 3530 pollicetur,
1800 3466 1893 3520 sed
1927 3467 2112 3522 multi-

531 3544 702 3615 plices
733 3562 797 3601 ac
828 3548 1012 3602 varias
1042 3548 1324 3603 hominum
1355 3553 1829 3620 perturbationes,
1864 3573 2113 3612 morum-

533 3652 641 3706 que
684 3653 749 3691 ac
797 3640 1187 3694 sententiarum
1220 3641 1460 3696 rationes
1507 3646 1785 3715 congerit,
1821 3650 2115 3719 pugnantia

536 3744 677 3798 saepe
703 3728 849 3798 loqui
881 3730 1039 3785 liccat
1069 3749 1083 3785 :
1119 3732 1507 3803 philosOphum
1548 3737 1768 3806 quidem
1804 3756 1980 3810 neque
2010 3757 2114 3813 pu-

538 3822 758 3890 gnantia
785 3823 954 3891 loqui,
975 3839 1150 3893 neque
1177 3833 1457 3895 poetarum
1479 3826 1530 3879 in
1547 3842 1672 3882 eum
1691 3829 1850 3885 finem
1872 3833 2112 3888 testimo-

538 3913 644 3966 niis
671 3913 819 3967 abuti
844 3914 1056 3968 deceat.
1083 3935 1101 3967 ι
1128 3914 1193 3970 Et
1222 3917 1499 3973 nonnullis
1531 3918 1827 3990 interjectis
1849 3942 1861 3977 :
1886 3942 1904 3974 ι
1932 3925 2114 3991 Aliud,

536 4001 735 4072 inquit,
772 4002 883 4058 fato
908 4005 1069 4061 rebus
1097 4006 1149 4061 in
1184 4009 1440 4064 omnibus
1477 4013 1789 4080 statuendo,
1823 4024 2015 4083 potens
2062 4017 2118 4070 in

534 4093 731 4164 primis
757 4111 821 4150 ac
847 4096 1081 4152 solidum
1119 4110 1501 4169 argumentum
1527 4117 1649 4157 esse
1668 4102 2006 4175 Chrysippus
2033 4123 2122 4161 ar-

534 4187 790 4250 bitratur,
827 4188 999 4257 ipsam
1030 4192 1314 4245 nominum
1355 4192 1624 4258 ejusmodi
1651 4195 1939 4251 rationem.
1980 4195 2119 4252 Nam

535 4278 902 4352 πεπρωμένην
922 4280 1164 4350 quidem,
1186 4282 1407 4351 perinde
1421 4298 1485 4337 ac
1500 4285 1923 4356 πεπερασμένην
1937 4301 2042 4357 qua
2052 4304 2123 4341 m-

534 4370 683 4430 dam.
720 4373 824 4426 hoc
848 4382 952 4438 est,
979 4374 1129 4427 omni
1159 4389 1226 4428 ex
1257 4385 1412 4444 parte
1440 4377 1770 4432 cumulatam
1800 4377 2120 4447 perfectam-

2206 556 2548 627 εἱμαρμένην
2588 554 2933 625 ἡναντίωται.
2971 553 3046 605 Ού
3081 552 3186 623 μὴν
3216 551 3322 604 οὐδ’
3351 552 3526 603 ἐκεῖνο
3560 551 3788 605 συνιδεῖν

2205 646 2464 718 ἠδυνήθη,
2509 646 2571 698 τὸ
2601 642 2869 716 μηδαμῶς
2903 643 2995 696 τὸν
3026 642 3272 713 Ὅμηρον
3303 640 3423 712 μηδ’
3473 642 3532 693 ἐν
3561 643 3789 705 ἐκείνοις

2207 742 2319 801 τοῖς
2347 738 2500 790 ἔπεσι
2529 738 2939 808 συμμαρτυρεῖν
2970 733 3121 804 αὑτῷ
3164 732 3243 804 τῷ
3281 733 3531 803 δόγματι.
3571 734 3646 787 Οὐ
3680 735 3787 805 γὰρ

2205 826 2266 878 τὸ
2291 825 2466 878 πάντα
2495 822 2741 891 γίνεσθαι
2765 823 2887 878 καθ’
2921 821 3291 894 εἱμαρμένην,
3326 821 3459 875 ἀλλὰ
3504 823 3703 892 μᾶλλον
3730 823 3789 876 τό

2205 931 2326 968 τινα
2361 916 2480 967 κατ’
2532 914 2747 984 ἐκείνην
2803 915 3119 985 συμϐαίνειν
3150 912 3209 979 ἐξ
3250 914 3429 967 αὐτῶν
3475 914 3787 969 ύποϐάλλων

2206 1004 2576 1077 εὑρεθήσεται.
2609 1005 2683 1058 Τὸ
2711 1004 2840 1076 γάρ’

2528 1158 2542 1172 .
2589 1159 2603 1173 .
2648 1159 2661 1172 .
2706 1159 2720 1173 .
2765 1158 2779 1170 .
2835 1118 2995 1172 Ἀλλ’
3030 1117 3267 1186 ἐμὲμέυν
3299 1118 3417 1186 κὴρ

2220 1188 2551 1258 Ἀμρέχανε
2571 1188 2857 1257 στυγερὴ,
2893 1188 3023 1255 ἥτις
3051 1187 3203 1257 ,λάχε
3228 1190 3574 1257 γεινόμενόν
3600 1201 3733 1257 περ,

2206 1303 2304 1372 οὐχ
2332 1304 2412 1355 ὅτι
2450 1302 2625 1354 πάντα
2655 1301 2797 1354 κατὰ
2820 1302 2919 1371 τὴν
2947 1299 3093 1372 κῆρα
3117 1300 3433 1370 συμϐαίνειν
3462 1302 3672 1369 λέγοιτο
3700 1300 3788 1364 ἂν,

2208 1392 2322 1445 ἀλλ’
2350 1392 2481 1445 αὐτὸ
2509 1391 2570 1445 τὸ
2595 1390 2963 1462 τεθνήξεσθαι.
2986 1391 3094 1443 Καὶ
3117 1390 3244 1461 γὰρ,
3268 1390 3342 1454 ὡς
3368 1390 3599 1461 ἀληθῶς,
3630 1391 3793 1444 παντὶ

2210 1484 2453 1556 γεννητῷ
2484 1482 2606 1554 ςώῳ
2635 1483 2817 1538 θανεῖν
2847 1482 3235 1554 καθεὶμαρται.
3282 1483 3442 1536 Ἀλλὰ
3464 1483 3568 1536 ατί-ν
3592 1484 3685 1537 καὶ
3706 1481 3789 1536 τό·

2213 1720 2228 1736 .
2275 1722 2289 1735 .
2335 1722 2349 1734 .
2392 1721 2405 1735 .
2448 1683 2729 1748 Ὕστερον
2752 1678 2896 1736 αὖτε
2917 1682 2988 1736 τὰ
3019 1682 3309 1749 πείσεται,
3339 1683 3502 1737 ὄσσα
3546 1685 3601 1736 οι
3636 1679 3792 1736 Αἷσα

2212 1752 2548 1821 Γεινομέιοῳ
2570 1752 2833 1818 ἐπένησε
2864 1753 3031 1816 λίνῳ,
3063 1752 3161 1805 ὅτε
3187 1771 3293 1822 μιν
3314 1756 3446 1807 τέκε
3474 1753 3687 1821 μήτηρ,

2209 1866 2269 1918 τὸ
2301 1866 2431 1920 αὐτὸ
2465 1865 2731 1935 βούλεται.
2757 1866 2830 1918 Οὐ
2858 1867 2988 1938 γὰρ,
3021 1868 3104 1921 ὅτι
3149 1867 3327 1920 πάντα
3360 1866 3509 1935 αὐτῷ
3557 1866 3679 1920 καθ’
3717 1866 3795 1919 εἱ-

2215 1956 2500 2025 μαρμένην
2528 1956 2597 2008 τὰ
2632 1954 2771 2025 μετὰ
2794 1956 2967 2010 ταῦτα
2996 1958 3356 2029 συμϐήσεται,
3375 1955 3543 2024 λέγει,
3578 1956 3690 2010 ἀλλ’
3711 1956 3793 2010 ὅτι

2211 2050 2332 2101 κατ’
2367 2048 2615 2116 ἀνάγκην
2646 2048 2796 2118 αὐτῷ
2824 2066 2946 2102 τινα
2996 2048 3356 2121 συμϐήσεται.
3423 2050 3484 2101 'H
3507 2049 3616 2120 γὰρ
3661 2048 3754 2102 τοῦ
3774 2090 3791 2115 ,

2211 2140 2394 2201 ὄσσα,
2425 2139 2707 2210 διαστολὴ,
2762 2141 2815 2193 τί
2853 2158 2981 2193 ποτε
3016 2141 3200 2213 ἕτερον
3232 2141 3265 2213 ἢ
3303 2140 3461 2194 τοῦτο
3499 2141 3792 2212 σημαίνεις

2213 2230 2390 2284 Πολλά
2411 2230 2467 2284 δὲ
2497 2231 2617 2284 κατ’
2642 2233 2887 2305 ἀνάγκην
2910 2235 3063 2304 ἡμῖν,
3104 2236 3151 2286 εἰ
3183 2234 3276 2286 καὶ
3309 2234 3383 2305 μὴ
3416 2233 3592 2286 πάντα
3621 2274 3637 2297 ,
3676 2234 3795 2287 ἐπί-

2214 2338 2408 2374 κειται.
2443 2322 2551 2376 Καὶ
2579 2322 2660 2374 to"

2212 2539 2442 2609 Μοῖραν
2492 2541 2543 2593 δ’
2569 2541 2779 2596 οὔτινά
2817 2561 2965 2613 φημι
3008 2550 3394 2617 πεφυγμένον
3419 2549 3661 2690 ἕμιῗὲναέ
3693 2549 3797 2605 ἀνΒ

3575 2637 3721 2687 ρων,

3575 2637 3721 2687 Pw”,

2213 2723 2413 2793 ἄριστα
2443 2726 2678 2796 εῐρηται.
2708 2726 2803 2790 Τίς
2831 2728 2940 2800 γὰρ
2960 2728 3026 2782 ἃν
3059 2730 3273 2785 δύναιτο
3307 2731 3385 2787 τὰ
3403 2736 3522 2786 κατ’
3551 2734 3796 2806 ἀνάγκην

2215 2816 2378 2869 παντὶ
2412 2815 2535 2888 ζώῳ
2563 2819 2940 2889 συγκυροῦντα
2960 2822 3280 2892 διαφυγεῖν;
3319 2826 3468 2877 ’Ὡστ’
3511 2826 3609 2896 οὐχ
3648 2827 3795 2892 ὅπως

2216 2906 2505 2977 σύμψηφον
2551 2908 2617 2961 ἂν
2655 2908 2768 2979 ἔχοι
2814 2910 2905 2964 τὸν
2956 2913 3202 2986 ’Όμηρον
3247 2914 3572 2987 Χρύσιππος
3609 2917 3667 2967 ἐν
3716 2916 3796 2988 τῷ

2215 2998 2391 3050 πάντα
2420 2996 2541 3050 καθ’
2572 2998 2913 3073 εἱμαρμένην
2938 3003 3185 3072 γίνεσθαι
3223 3002 3462 3076 νομίζειν
3485 3047 3500 3070 ,
3544 3006 3680 3060 ἀλλὰ
3704 3008 3798 3061 καὶ

2215 3088 2628 3160 ἐναντιούμενον
2650 3131 2665 3156 ,
2708 3091 2763 3145 ετ
2797 3110 2860 3162 γε
2887 3095 3093 3160 ἐκεῖνος
3118 3097 3240 3168 μὲν,
3276 3098 3359 3151 ὃτι
3402 3098 3569 3152 πολλὰ
3591 3100 3797 3168 γίνεται

2218 3181 2346 3251 παρ’
2381 3183 2549 3252 ἡμᾶς,
2574 3183 2760 3253 σαφῶς
2777 3186 2870 3239 καὶ
2893 3186 3153 3252 πολλάκις
3174 3189 3383 3261 είρηκε,
3412 3190 3473 3243 τὸ
3492 3190 3536 3244 δ’
3562 3192 3636 3244 ὅτι
3659 3191 3800 3245 κατὰ

2216 3275 2463 3346 ἀνάγκην
2501 3275 2677 3329 πάντα
2702 3277 3006 3347 συμϐαίνει,
3042 3280 3279 3351 οὐδαμοῦ
3308 3282 3489 3351 ῥητῶς
3532 3281 3703 3349 λέγων
3733 3282 3799 3336 ἂν

2216 3367 2488 3439 εὑρεθείη.
2533 3368 2644 3422 Καὶ
2680 3368 2759 3439 τῷ
2797 3372 2995 3441 ποιητῇ
3027 3369 3160 3440 μὲν,
3195 3371 3289 3425 ἆτε
3313 3372 3374 3422 οὐ
3398 3371 3496 3441 τὴν
3542 3373 3800 3441 ἀλήθειαν

2216 3462 2348 3532 ἡμῖν
2375 3462 2473 3532 τῆς
2501 3461 2610 3515 τῶν
2631 3462 2801 3518 ὄντων
2835 3462 3048 3532 φύσεως
3076 3462 3509 3531 ὑπισχνουμένῳ,
3546 3461 3681 3517 ἀλλὰ
3704 3480 3802 3533 με-

2221 3551 2469 3623 μιγμένῳ
2510 3551 2656 3622 πάθη
2701 3569 2761 3604 τε
2791 3552 2886 3605 καὶ
2915 3550 3040 3622 ήθη,
3076 3552 3170 3603 καὶ
3205 3550 3361 3615 δόξας
3407 3552 3666 3615 παντοίας
3706 3554 3794 3607 ἀν-

2217 3639 2470 3711 θρώπιον,
2508 3642 2780 3713 ἁρμόττον
2800 3640 2867 3693 ἂν
2888 3641 2972 3710 είη
3008 3640 3103 3693 καὶ
3134 3640 3201 3693 τά
3223 3639 3438 3692 ἐναντία
3465 3638 3644 3709 λέγειν
3671 3640 3799 3694 πολ-

2217 3727 2408 3793 λάκις·
2461 3730 2735 3801 φιλοσόφῳ
2770 3730 2828 3783 δὲ
2873 3729 2993 3782 ούδέ
3039 3728 3108 3782 τὰ
3153 3730 3369 3784 ἐναντία
3417 3729 3628 3799 λέγειν,
3677 3732 3800 3785 οὐδὲ

2219 3826 2415 3893 ποιητῇ
2450 3822 2517 3875 δι’
2544 3822 2674 3875 αὐτὸ
2698 3822 2858 3875 τοῦτο
2897 3820 3133 3893 χρῆσθαι
3169 3822 3425 3894 μάρτυρι.
3462 3842 3481 3875 ι
3520 3824 3629 3876 Καὶ
3681 3823 3799 3891 μεθ’

2220 3914 2385 3986 ’ἐτερά
2436 3930 2602 3984 φησι·
2635 3933 2653 3964 ι
2689 3915 3000 3984 Τεκμήριον
3052 3914 3108 3966 δὲ
3162 3914 3291 3968 ἄλλο
3344 3914 3562 3985 ίσχυρον
3614 3914 3802 3986 φέρειν

2221 4006 2545 4077 Χρύσιππος
2590 4006 2760 4057 οἴεται
2808 4005 2906 4074 τῆς
2938 4006 2995 4058 ὲν
3033 4005 3237 4059 ἅπασιν
3288 4005 3629 4078 εἱμαρμένης
3652 4046 3667 4070 ,
3701 4006 3802 4078 τὴν

2222 4098 2370 4151 θέσιν
2402 4097 2510 4149 τῶν
2539 4097 2797 4151 τοιούτων
2827 4097 3127 4168 ὀνομάτων.
3175 4099 3286 4170 Τήν
3329 4115 3390 4151 τε
3422 4098 3530 4169 γὰρ
3580 4116 3803 4169 πεπρω-

2225 4189 2392 4258 μένην
2422 4187 2531 4260 (89)
2572 4188 3005 4260 πεπερασμένην
3029 4188 3154 4242 τινά
3185 4206 3350 4260 φησιν
3380 4183 3520 4241 εἶναι
3555 4187 3650 4241 καὶ
3676 4205 3801 4242 συν-

2220 4280 2610 4351 τετελεσμένην
2632 4280 2917 4350 διοίκησιν,
2941 4282 3042 4352 τήν
3065 4299 3126 4334 τε
3151 4280 3491 4352 εἱμαρμένην
3515 4281 3803 4351 εἰρομένην

2221 4370 2362 4435 τινὰ,
2398 4374 2507 4425 εἴτε
2539 4374 2604 4425 ἐκ
2641 4372 2777 4426 Θεοῦ
2807 4374 3131 4445 βουλήσεως,
3167 4372 3279 4425 εἴτε
3304 4370 3363 4436 ἐξ
3394 4368 3464 4443 ἧς
3492 4371 3693 4441 δήποτε
3717 4374 3805 4425 αἱ·-

533 4478 640 4532 que
668 4462 1217 4528 administrationem,
1250 4468 1570 4536 appellatam
1600 4485 1724 4524 esse
1751 4470 1905 4525 vult:
1930 4470 2115 4544 εἱμαρ-

2224 4464 2364 4528 τίας.
2409 4464 2569 4518 Ἀλλὰ
2586 4465 2682 4519 καὶ
2711 4466 2809 4529 τὰς
2838 4466 3049 4535 Μοίρας
3072 4464 3386 4534 ὠνομάσθαι
3436 4464 3542 4517 ἀπὸ
3575 4464 3669 4518 τοῦ
3708 4481 3803 4535 με-

537 4558 705 4629 μένην
733 4573 862 4613 vero
887 4560 1042 4629 quasi
1070 4561 1378 4634 είρομένην,
1407 4563 1509 4619 hoc
1534 4574 1636 4630 est,
1663 4566 1811 4620 omni
1838 4582 1905 4620 ex
1933 4566 2117 4623 divina

536 4651 831 4716 voluntate,
877 4658 973 4704 aut
1013 4651 1117 4705 alia
1160 4654 1353 4722 quavis
1395 4670 1458 4709 ex
1499 4670 1665 4712 causa
1706 4672 1902 4711 nexam
1954 4666 2118 4728 atque

535 4752 737 4809 aptam.
767 4739 909 4807 Quin
935 4742 1097 4795 etiam
1122 4743 1331 4815 Μοίρας
1355 4743 1598 4818 (Parcas)
1622 4762 1686 4802 ex
1711 4764 1778 4802 eo
1799 4748 1974 4804 dictas
2000 4748 2118 4819 cpi-

536 4836 719 4891 natur,
752 4829 896 4899 quod
925 4830 1219 4900 unicuique
1261 4843 1508 4889 nostrum
1556 4851 1665 4891 una
1707 4852 1895 4892 carum
1934 4839 2115 4909 aliqua

538 4920 908 4991 μεμέρισται,
984 4923 1239 4979 attributa
1285 4925 1374 4981 sit.
1446 4928 1565 4983 lmo
1638 4944 1739 4984 nec
1800 4931 2018 4985 aliunde
2057 4932 2120 4984 τὸ

535 5011 711 5083 χρεών
738 5014 1064 5083 appellatum
1089 5031 1210 5071 esse
1234 5056 1249 5083 ,
1283 5034 1444 5087 quam
1470 5020 1616 5089 quod
1642 5018 1754 5075 fato
1778 5022 1896 5090 ipso
1919 5021 2116 5077 debea—

536 5118 645 5163 tur.
691 5103 810 5160 Jam
836 5104 1132 5162 Parcarum
1162 5125 1487 5178 numerum,
1533 5112 1707 5166 trihus
1734 5112 1841 5168 illis
1865 5115 2121 5184 tempori-

539 5198 876 5267 hus,quibus
899 5199 1083 5253 omnia
1110 5199 1401 5254 volvuntur
1429 5216 1493 5256 ac
1510 5202 1885 5271 perﬁciuntur,
1903 5221 2119 5262 accom-

540 5291 743 5344 modat.
794 5289 861 5344 Et
906 5289 1172 5346 Lachesin
1216 5291 1435 5361 quidem
1480 5293 1555 5347 ita
1598 5295 1932 5351 nominatam
1975 5314 2118 5365 esse,

538 5379 686 5447 quod
708 5394 862 5434 suam
888 5383 1086 5451 cuique
1108 5393 1306 5438 sortem
1334 5381 1599 5457 λαγχάνῃ,
1630 5386 1891 5440 attribuat
1916 5405 1930 5442 :
1956 5388 2121 5444 Atro-

542 5485 648 5538 pon
687 5485 840 5535 vero,
883 5472 1024 5526 κατὰ
1049 5472 1109 5526 τὸ
1137 5473 1405 5544 ἄτρεπτον
1424 5513 1439 5538 ,
1481 5475 1623 5545 quod
1648 5491 1708 5530 ea
1734 5476 1978 5534 sors'noc
2003 5495 2123 5534 mu-

543 5558 646 5613 turi
688 5574 790 5616 nec
829 5560 1088 5616 declinari
1126 5562 1294 5632 possit
1327 5581 1340 5616 :
1370 5561 1566 5618 Clotho
1589 5565 1842 5632 denique,
1887 5566 2036 5621 παρὰ
2061 5568 2123 5622 τὸ

2226 4557 2483 4629 μερίσθαι
2537 4558 2634 4611 καὶ
2684 4555 3158 4627 κατανενεμῆσθαί
3209 4572 3332 4609 τινα
3372 4556 3528 4626 ἡμῶν
3563 4556 3800 4627 ἑκάστῳ.

2223 4648 2378 4703 Οῦιω
2417 4649 2474 4702 δὲ
2514 4649 2610 4703 καὶ
2654 4648 2717 4702 τὸ
2746 4647 2923 4721 χρεὼν
2968 4648 3239 4719 εἰρῆσθαι,
3278 4649 3341 4701 τὸ
3377 4648 3666 4701 ἐπιϐάλλον
3711 4651 3804 4701 καὶ

2223 4741 2461 4811 καθῆκον
2511 4740 2651 4794 κατὰ
2697 4741 2795 4810 τὴν
2823 4740 3183 4811 εἱμαρμένην.
3215 4739 3318 4806 Τόν
3348 4756 3406 4793 τε
3437 4740 3666 4811 ἀριθμὸν
3696 4740 3804 4793 τῶν

2222 4832 2442 4903 Μοιρῶν
2467 4833 2590 4895 τοὺς
2621 4833 2772 4902 τρεῖς
2798 4831 3086 4885 ὑποϐάλλει
3115 4830 3360 4901 χρόνους,
3395 4836 3453 4885 ἐν
3479 4829 3559 4895 οἷς
3591 4833 3805 4886 κυκλεῖ-

2222 4942 2311 4977 ται
2342 4925 2408 4977 τά
2438 4925 2636 4987 πάντα,
2673 4924 2768 4977 καὶ
2795 4924 2862 4977 δι’
2900 4918 2977 4977 ὧν
3013 4923 3337 4977 ἐπιτελεῖται
3359 4941 3372 4954 ·
3424 4925 3519 4978 καὶ
3571 4926 3805 4995 Λάχεσιν

2230 5023 2327 5092 μὲν
2380 5020 2679 5092 κεκλῆσθαι
2728 5019 2880 5091 παρὰ
2925 5021 2986 5073 τὸ
3028 5019 3320 5089 λαγχάνειν
3356 5019 3571 5091 ἑκάστῳ
3607 5019 3667 5073 τὸ
3705 5036 3803 5072 πε-

2227 5115 2547 5185 πρωμένον·
2602 5116 2872 5187 Ἄτροπον
2927 5114 2984 5167 δὲ
3060 5113 3202 5166 κατὰ
3258 5112 3318 5165 τὸ
3382 5114 3649 5183 ἄτρεπτον
3712 5111 3805 5164 καὶ

2226 5206 2568 5275 ἀμετάϐατον
2592 5204 2685 5257 τοῦ
2725 5205 2992 5277 μερισμοῦ
3014 5222 3026 5235 ·
3068 5202 3275 5258 Κλωθὼ
3302 5203 3357 5256 δὲ
3390 5203 3540 5275 παρὰ
3577 5203 3639 5256 τὸ
3678 5219 3808 5270 συγ-

2228 5295 2535 5349 κεκλῶσθαι
2573 5297 2667 5350 καὶ
2720 5296 3066 5369 συνείρεσθαι
3125 5296 3195 5349 τὰ
3251 5295 3460 5359 πάντα,
3522 5295 3616 5349 καὶ
3678 5293 3806 5364 μίαν

2224 5387 2403 5442 αὐτῶν
2490 5389 2828 5460 τεταγμένην
2889 5388 3013 5442 τινὰ
3075 5389 3215 5442 εἶναι
3277 5388 3533 5454 διέξοδον.
3620 5384 3805 5439 Ταῦτα

2224 5480 2334 5549 γὰρ
2396 5479 2590 5533 καὶτὰ
2622 5480 2831 5545 τούτοις
2880 5481 3240 5553 παραπλήσια
3304 5478 3599 5550 φλυαρῶν,
3675 5479 3811 5530 ἀπο-

2224 5570 2494 5625 δεικνύναι
2531 5572 2629 5644 τὴν
2667 5574 2725 5626 ἐν
2759 5573 2960 5628 ἅπασιν
2991 5573 3238 5645 ἀνάγκην
3276 5570 3510 5642 νομίζει.
3572 5569 3725 5641 Ἐμοὶ
3753 5568 3834 5677 Bk‘

757 5736 1171 5821 Πεπρωμέτίην.
1207 5737 1560 5821 Τιιθοτιοτεικ,
1589 5756 1641 5821 vl
1676 5741 1753 5797 De
1795 5741 2026 5801 ercor.
2072 5745 2363 5821 affection.,
2411 5751 2593 5809 locum
2630 5750 2796 5816 hunc,
2854 5748 3129 5820 prwtcrito
3189 5744 3510 5816 Diogentani
3566 5741 3811 5800 nomine.

553 5807 775 5863 totidem
806 5824 941 5877 pene
966 5811 1146 5864 verbis
1178 5820 1499 5877 conceptum
1533 5811 1711 5868 habet.
