4162 6406
276 324 383 380 M9

1448 315 1775 371 PRIEPAR.
1819 313 2071 370 EVANG.
2115 313 2246 369 LIB.
2286 312 2375 371 Vl.

3452 315 3561 371 450

281 437 586 511 Θαυμὰζειν
614 434 845 501 ἔπεισιν,
872 436 921 487 εί
973 431 1202 488 τοιαῦτα
1239 432 1412 501 λέγων
1461 433 1561 486 οὐκ
1604 432 1866 504 ᾐσθάνετο

1977 428 2417 499 συγκεκλῶσθαι,
2466 427 2611 499 quod
2650 443 2759 483 uno
2805 426 2970 482 veluti
3016 442 3406 497 communique
3450 439 3562 484 sta-

276 535 373 605 τῆς
411 527 794 604 ματαιολογίας
846 526 948 598 τῆς
996 526 1213 581 ἑαυτοῦ.
1254 527 1435 579 Ἔστω
1495 525 1603 599 γὰρ
1635 524 1864 589 ταύταις

274 628 393 690 ταῖς
421 624 655 685 ἐννοίαις
682 619 1056 692 κεχρημένους
1080 619 1207 682 τοὺς
1245 617 1342 671 ἀνθ
1353 616 1585 689 ρώπους,
1615 616 1736 671 καθ’
1770 616 1865 680 οὓς

276 718 436 780 αὐτὸς
472 713 808 784 ἐτυμολογεῖ,
836 711 903 765 τὰ
950 710 1190 781 ὀνόματα
1246 708 1520 764 τεθεῖσθαι
1572 707 1640 761 τὰ
1686 708 1867 761 ἐκκεί-

282 826 437 881 μενα,
472 804 794 870 δοξάζοντας
823 802 891 855 τὰ
938 801 1115 855 πάντα
1161 800 1543 871 κατειληφέναι
1589 798 1864 870 εἱμαρμέ-

277 918 398 971 νην,
432 899 528 952 καὶ
551 894 919 968 ἀμεταθέτους
959 889 1097 945 εἶναι
1124 893 1221 955 τὰς
1248 891 1308 957 ἐξ
1350 891 1542 955 αἰῶνος
1573 908 1867 962 προκατει-

279 990 563 1063 λημμένας
594 986 707 1057 (90)
761 987 819 1038 ἐν
853 986 984 1038 πᾶσι
1016 985 1128 1047 τοῖς
1182 977 1300 1036 οὖσί
1332 998 1391 1035 τε
1435 981 1529 1035 καὶ
1561 980 1866 1051 γινομένοις

280 1082 492 1143 αἰτίοις.
523 1078 587 1131 Τί
619 1073 712 1130 οὖν
749 1074 1079 1137 ὰκολουθεῖς,
1111 1068 1156 1125 ὦ
1177 1071 1490 1143 Χρύσιππε,
1513 1070 1714 1134 πάσαις
1744 1072 1867 1134 ταῖς

280 1172 389 1226 τῶν
419 1170 719 1244 ἀνθρώπων
747 1169 956 1232 δόξαιςς
988 1167 1082 1221 καὶ
1114 1164 1339 1235 οὐδεμία
1361 1182 1441 1217 σοι
1472 1163 1601 1234 περὶ
1654 1162 1866 1226 οὐδενὸς

283 1266 529 1334 φαίνεται
556 1260 915 1330 διεψευσμένη
939 1276 953 1324 ;
1022 1256 1182 1310 Ἀλλὰ
1219 1256 1419 1319 πάντες
1476 1258 1576 1326 τῆς
1608 1253 1866 1324 ἀληθείας

281 1350 387 1404 εἰσὶ
451 1347 804 1419 θεωρητικοε;
841 1347 964 1409 Πῶς
1014 1341 1106 1398 οὖν
1157 1344 1347 1398 οὐδένα
1397 1344 1502 1415 φῂς
1557 1342 1862 1414 ἄνθρωπον,

280 1441 339 1505 ὃς
363 1440 486 1511 οὐχὶ
524 1438 810 1511 μαίνεσθαί
846 1455 926 1491 σοι
949 1437 1096 1490 δοκεῖ
1118 1437 1237 1490 κατ’
1274 1436 1385 1489 ἴσον
1429 1435 1659 1507 Ὀρέστῃ
1688 1452 1747 1487 τε
1774 1434 1866 1488 καλ⁸

295 1533 647 1605 ’Δλκμαίωνι,
672 1531 812 1602 πλὴν
851 1529 945 1584 τοῦ
976 1529 1177 1597 σοφοῦς
1225 1528 1323 1582 ἕνα
1384 1527 1442 1580 δὲ
1472 1527 1504 1598 ἢ
1547 1526 1641 1580 δύο
1674 1526 1868 1597 μόνους

283 1630 389 1699 φῂς
422 1629 618 1697 σοφοὺς
636 1627 939 1696 γεγονέναι,
979 1628 1106 1689 τοὺς
1158 1626 1213 1679 δὲ
1245 1625 1439 1688 ἄλλους
1457 1624 1523 1677 δι’
1555 1622 1867 1694 ἀφροσύνην

285 1721 481 1791 ἐπίσης
509 1723 621 1783 τοῖς
653 1719 1073 1794 προειρημένοις
1110 1718 1445 1790 μεμηνέναι;
1479 1716 1604 1781 Πῶς
1632 1717 1688 1770 δὲ
1734 1717 1866 1771 ἀνα-

1969 523 2118 577 mine
2141 522 2303 577 ducta
2322 536 2679 590 connexaqne
2695 521 2879 575 omnia
2906 519 3036 585 sint,
3054 530 3107 573 et
3132 535 3300 574 unum
3325 521 3561 591 aliquem

1969 616 2254 686 proprium
2281 631 2345 670 ac
2368 615 2703 685 singularem
2739 629 2963 668 cursum
2993 623 3048 667 et
3070 614 3274 667 exitum
3303 612 3558 669 habeant.

1967 706 2147 776 Atque
2178 707 2262 760 his
2287 706 2669 775 similibusque
2694 705 2854 775 nugis
2874 744 2888 767 ,
2912 720 3032 759 eam
3059 718 3117 759 se
3142 702 3238 758 fati
3264 705 3563 759 necessita-

1969 806 2103 861 tem,
2130 813 2254 866 quae
2279 798 2442 853 rebus
2467 798 2726 851 omnibus
2749 797 3085 857 dominetur.
3130 795 3433 851 confecisse
3459 813 3563 865 pu-

1967 897 2063 942 tat.
2113 888 2241 942 Mihi
2269 905 2397 943 vero
2420 890 2580 958 plane
2607 891 2795 944 mirari
2823 889 2987 961 264
3010 890 3177 954 subit,
3204 889 3563 960 quemadmo-

1967 978 2097 1033 dum
2127 980 2264 1050 ipse,
2319 980 2449 1034 dum
2477 981 2577 1034 ista
2603 980 2830 1045 diceret,
2876 996 3040 1049 quam
3080 981 3263 1036 inania
3286 996 3563 1051 quamque

1968 1070 2163 1127 frivola
2187 1073 2415 1139 diceret,
2446 1088 2555 1127 non
2580 1075 2833 1128 senserit.
2882 1073 3011 1128 Esto
3037 1074 3181 1128 enim
3206 1115 3220 1139 ,
3249 1074 3441 1130 demus
3465 1089 3563 1130 eos

1967 1170 2105 1229 tum,
2153 1179 2294 1233 quos
2325 1165 2381 1217 in
2406 1165 2663 1219 eruendis
2688 1166 3090 1220 'notationibus
3135 1166 3244 1222 illis
3287 1168 3560 1237 sequitur,

1967 1253 2255 1310 hominum
2304 1271 2501 1310 sensus
2544 1266 2600 1310 et
2643 1256 3002 1326 cogitationes
3029 1256 3218 1323 fuisse,
3264 1274 3389 1313 cum
3415 1260 3563 1328 ejus—

1967 1347 2116 1400 modi
2143 1346 2461 1402 nominibus
2486 1355 2769 1401 uterentur
2788 1389 2803 1412 ,
2851 1348 2994 1416 quod
3021 1346 3132 1401 fato
3158 1350 3329 1403 teneri
3354 1351 3560 1419 omnia,

1967 1446 2020 1490 et
2043 1436 2414 1492 immutabiles
2440 1453 2507 1491 ex
2532 1438 2682 1491 omni
2705 1452 2821 1492 arvo
2847 1452 3027 1492 rerum
3053 1453 3244 1492 earum
3269 1480 3284 1506 ,
3331 1455 3564 1511 quaeque

1968 1537 2117 1595 sunt,
2163 1544 2396 1598 quaeque
2437 1528 2596 1594 ﬁunt,
2643 1529 2854 1599 positas
2899 1536 3026 1583 ante
3066 1544 3131 1584 ac
3152 1529 3407 1587 deﬁnitus
3441 1547 3563 1587 esse

1968 1635 2165 1675 causas
2216 1628 2489 1689 putarent.
2539 1619 2815 1687 Quorsum
2841 1636 2992 1692 ergo,
3017 1621 3341 1694 Chrysippe,
3367 1639 3560 1680 omnes

1974 1711 2069 1764 tibi
2098 1712 2382 1766 hominum
2408 1712 2698 1781 opiniones
2721 1713 3067 1782 probantur?
3088 1729 3188 1769 cur
3209 1713 3344 1769 falsa
3369 1717 3481 1771 ullo
3505 1719 3558 1771 in

285 1812 571 1877 σκευάζεις
598 1811 778 1865 αὐτῶν
810 1812 909 1874 τὰς
932 1811 1088 1877 δόξας
1108 1809 1324 1874 ὲκείνας
1360 1808 1435 1873 ὡς
1485 1807 1866 1880 διημαρτημέ-

1971 1817 2167 1872 genere
2213 1803 2427 1858 videtur
2474 1805 2669 1859 nulla?
2711 1803 2849 1860 Num
2898 1819 3087 1858 verum
3127 1806 3411 1862 arbitraris
3448 1823 3558 1863 non

283 1921 400 1969 νας,
436 1900 548 1957 οἷον
580 1904 679 1967 τὰς
704 1903 833 1975 περὶ
862 1902 1115 1966 πλούτου,
1150 1903 1243 1956 καὶ
1295 1901 1475 1975 δόξης,
1512 1901 1606 1956 καὶ
1663 1917 1866 1974 τυραν-

283 1996 446 2060 νίδος,
477 1996 707 2050 καθόλου
741 2013 801 2048 τε
848 1994 1065 2066 ἡδονῆς,
1101 1996 1244 2067 ἆπερ
1278 1995 1460 2065 ἀγαθὰ
1518 1994 1867 2065 νενομίκασιν

284 2087 596 2142 οἱπλεῖστοι
619 2104 632 2151 ;
658 2087 784 2150 Πῶς
811 2086 868 2139 δέ
889 2086 1018 2150 τοὺς
1068 2087 1353 2157 κειμένους
1399 2086 1597 2157 νόμους
1626 2086 1869 2158 ἡμαρτῆ-

285 2178 410 2232 σθαι
426 2180 533 2250 φῂς
568 2179 832 2242 ἅπαντας,
857 2179 950 2231 καὶ
978 2179 1078 2241 τὰς
1123 2178 1429 2244 πολιτείας;
1480 2177 1513 2249 ἢ
1539 2178 1626 2231 διὰ
1647 2178 1699 2230 τί
1724 2177 1866 2249 πλῆ-

287 2268 380 2333 θος
401 2270 677 2323 τοσούτων
731 2268 950 2338 βιϐλίων
1003 2268 1367 2339 συνέγραψας,
1397 2271 1445 2322 εί
1480 2271 1606 2340 περὶ
1642 2268 1867 2340 μηδενὸς

286 2360 434 2435 εἶχον
461 2366 509 2417 οἱ
543 2364 818 2437 ἄνθρωποι
851 2364 1008 2430 δόξας
1060 2364 1547 2437 διημαρτημένας;
1604 2367 1679 2419 Ού
1732 2365 1863 2437 γὰρ,

285 2458 415 2510 ὅταν
442 2457 539 2527 μὲν
573 2457 744 2511 ταύτὰ
778 2474 860 2510 σοι
890 2457 1408 2530 δοξάζωσιν,ῑόρθῶς
1431 2460 1646 2530 φρονεῖν
1668 2458 1866 2522 αὐτοὺς

285 2548 552 2617 φήσομεν,
577 2547 706 2600 ὅταν
756 2548 814 2600 δὲ
845 2547 1101 2621 διάφορα,
1141 2548 1447 2620 μαίνεσθαι.
1495 2548 1718 2620 Πρῶτον
1767 2549 1867 2620 μὲν

283 2638 392 2710 γὰρ
417 2638 538 2691 οὐδὲ
572 2641 636 2693 σὺ
665 2641 770 2711 φῂς
803 2640 967 2710 σοφὸν
1000 2636 1141 2695 εἶναι
1169 2641 1414 2705 σεαυτὸν,
1460 2643 1657 2713 μήτιγε
1682 2642 1862 2712 ἡμεῖς,

285 2732 375 2786 ῐνα
402 2733 686 2805 κριτήριον
735 2733 1017 2805 ποιώμεθα
1048 2734 1143 2787 τοῦ
1169 2733 1351 2798 καλῶς
1403 2751 1534 2787 ποτε
1582 2734 1693 2803 (91)
1727 2734 1867 2786 ἐκεί-

282 2840 407 2888 νους
439 2828 678 2897 φρονεῖν,
707 2824 786 2895 τῷ
817 2826 889 2897 μὴ
920 2828 987 2897 τῇ
1014 2828 1079 2896 σῇ
1104 2824 1230 2898 δόξῃ
1253 2825 1597 2898 συνδραμεῖν·
1628 2825 1797 2879 ἔπειτ’
1816 2827 1864 2879 εί

284 2914 382 2968 καὶ
406 2914 563 2969 τοῦτο
584 2911 653 2987 ἦν
680 2916 897 2987 ἀληθὲς,
932 2918 985 2970 τί
1024 2916 1203 2987 λέγειν
1231 2918 1399 2989 ἐχρῆν
1427 2917 1711 2988 μαίνεσθαι
1734 2918 1869 2971 πάν-

283 3023 385 3070 τας
416 3008 633 3080 ἐπίσης,
672 3010 768 3062 καὶ¹
794 3009 935 3080 οὐχὶ,
973 3009 1111 3063 καθὸ
1156 3011 1252 3080 μὲν
1278 3011 1560 3079 ἐφαίνοντο
1584 3011 1755 3063 ταύτά
1787 3027 1868 3064 σοι

285 3098 624 3166 δοξάζοντες,
653 3100 793 3154 κατὰ
821 3101 979 3155 τοῦτο
1027 3102 1225 3166 αὐτοὺς
1278 3103 1542 3166 ἐπαινεῖν,
1574 3103 1650 3166 ὡς
1705 3102 1867 3174 ὀρθοῦ

286 3206 430 3253 τινος
460 3192 918 3264 ἐπειλημμένους*
952 3191 1089 3246 καθὸ
1146 3192 1204 3246 δὲ
1255 3192 1572 3260 διεφώνουν,
1617 3192 1868 3265 ἁμαρτά-

287 3298 399 3335 νειν
424 3282 621 3346 αὐτοὺς
681 3282 1121 3355 ύπολαμόάνεινς
1175 3283 1491 3355 Μαρτύριον
1549 3283 1731 3354 μέντοι
1769 3287 1869 3354 τῆς

287 3371 543 3444 ἀληθείας
578 3374 759 3428 ἱκανὸν
789 3376 1038 3446 ἡγεῖσθαι
1062 3376 1122 3428 τὸ
1142 3375 1332 3429 δοκοῦν
1353 3375 1600 3439 ἐκείνοις·
1634 3374 1753 3428 οὐδὲ
1782 3376 1871 3428 οὖ-

285 3480 395 3527 τως
413 3466 579 3536 ἐχρῆν
605 3465 763 3534 φύσει
787 3466 919 3536 (92),
957 3467 1051 3521 καὶ
1094 3468 1167 3538 μὴ
1198 3466 1775 3539 μαίνεσθαι,καθάπερ
1804 3468 1867 3520 σὺ

285 3553 411 3617 οἷει,
440 3554 575 3609 ἀλλὰ
605 3555 738 3610 πολύ
764 3574 828 3625 γε
876 3557 1244 3627 ἀφεστηκέναι
1291 3559 1485 3628 σοφίας
1528 3560 1637 3623 πᾶς
1689 3558 1754 3612 ἄν
1786 3576 1870 3623 τις

284 3646 659 3718 ὁμολογήσειε.
720 3648 950 3713 Γελοίως
981 3647 1074 3704 οὖν
1137 3652 1231 3704 καὶ
1271 3652 1334 3705 σὺ
1399 3652 1577 3724 χρήσῃ
1631 3652 1867 3722 μάρτυσι

283 3736 496 3802 τούτοις
519 3739 607 3793 διὰ
636 3742 734 3811 τῆς
763 3740 963 3805 θέσεως
1013 3740 1119 3794 τῶν
1145 3741 1446 3812 ὀνομάτων,
1485 3739 1580 3804 οὓς
1630 3740 1780 3794 οὐδὲν
1802 3741 1869 3795 ἂν

286 3830 428 3884 κατά
451 3847 514 3899 γε
566 3830 781 3886 σύνεσιν
831 3833 1058 3887 σεαυτοῦ
1107 3834 1311 3905 φήσαις
1352 3832 1649 3905 διαφέρειν·
1691 3833 1740 3885 εξ
1793 3832 1867 3905 μὴ

288 3919 398 3990 ἄρα
420 3920 548 3984 τοὺς
577 3920 636 3986 ἐξ
690 3923 865 3994 ἀρχῆς
897 3923 1157 3994 θεμένους
1207 3924 1382 3978 ταῦτα
1408 3924 1479 3977 τὰ
1503 3925 1745 3996 ὀνόματα
1783 3941 1872 3978 σο-

287 4014 422 4082 φοὺς
446 4009 587 4068 εἶναι
617 4032 680 4067 συ
689 4014 984 4087 μϐέὸηκεν,
1012 4017 1149 4088 ὅπερ
1169 4016 1421 4087 οὐδαμῶς
1443 4015 1613 4083 δεῖξαι
1638 4016 1864 4088 δυνήσῃ.

299 4103 461 4158 Ἀλλὰ
485 4106 594 4178 γὰρ
619 4105 850 4160 δεδόσθω
872 4124 953 4160 σοι
972 4106 1117 4160 τοῦθ’
1138 4107 1309 4171 οὕτως
1336 4107 1501 4179 ἔχειν,
1522 4108 1616 4162 καὶ
1658 4106 1728 4161 τὰ
1752 4107 1871 4161 ὀνό-

290 4213 435 4269 ματα
460 4201 643 4252 ἐκεῖνα
667 4198 911 4253 τίθεσθαι
937 4240 950 4264 ,
1002 4200 1078 4265 ὡς
1103 4203 1168 4255 σὺ
1234 4201 1434 4272 βούλει,
1464 4200 1564 4264 τὰς
1593 4199 1870 4273 σημασίας

286 4289 500 4361 ἔχοντα,
531 4293 627 4346 καὶ
653 4292 727 4364 μὴ
751 4293 892 4347 κατὰ
924 4292 1081 4361 δόξας
1107 4294 1324 4364 ψευδεῖς
1356 4294 1419 4348 τὸ
1442 4294 1679 4349 τοιοῦτον
1705 4308 1867 4363 γεγο-

286 4383 455 4439 νέναι.
488 4385 598 4439 Ποῦ
645 4386 825 4440 τοίνυν
873 4386 938 4440 δι’
967 4385 1148 4440 αὐτῶν
1195 4386 1519 4458 σημαίνεται
1574 4385 1643 4440 τὰ
1689 4387 1869 4440 πάντα

1969 1895 2252 1965 pervidere
2280 1896 2592 1952 neminem?
2612 1897 2725 1952 Cur
2748 1912 2898 1968 ergo,
2923 1909 3119 1970 praeter
3142 1915 3312 1954 unum
3340 1901 3558 1970 sapien-

1970 1995 2102 2055 tem,
2151 1991 2465 2044 mortalium
2512 1989 2790 2045 neminem
2836 2006 2948 2046 non
2982 1992 3207 2062 perinde
3230 2000 3289 2046 ut
3312 1990 3562 2046 Orestem

1971 2088 2063 2134 aut
2087 2081 2452 2137 Alcmeonem
2501 2081 2684 2137 furere
2730 2082 3047 2138 existimas?
3088 2082 3391 2152 sapientem
3429 2099 3560 2138 vero

1968 2184 2078 2224 non
2105 2170 2207 2224 nisi
2227 2187 2394 2225 unum
2414 2180 2506 2225 aut
2523 2171 2754 2225 alterum
2773 2172 3320 2243 exstilisse,reliquos
3343 2188 3558 2238 omnes,

1968 2276 2079 2316 non
2104 2263 2311 2317 minore
2335 2277 2499 2331 quam
2522 2262 2715 2317 ambos
2742 2263 2865 2318 illos
2888 2263 3104 2319 insania
3129 2264 3303 2319 teneri
3330 2280 3395 2319 ac
3418 2265 3563 2321 labo-

1969 2368 2091 2409 rare
2132 2353 2254 2408 vis?
2304 2352 2538 2419 Deinde,
2591 2353 3056 2422 quemadmodum
3102 2354 3391 2424 opiniones
3437 2355 3562 2412 illas

1969 2455 2228 2516 tanquam
2274 2444 2441 2500 falsas
2487 2444 2709 2509 evertis,
2754 2460 2895 2513 quas
2918 2446 2984 2500 de
3008 2446 3225 2515 opibus,
3260 2446 3327 2501 de
3365 2446 3559 2518 gloria,

1967 2539 2034 2593 de
2058 2539 2311 2608 imperio,
2360 2538 2539 2607 deque
2582 2537 2733 2591 omni
2767 2538 3063 2607 voluptatis
3094 2554 3292 2609 genere
3326 2540 3561 2595 imbibe-

1967 2640 2116 2693 rnnt,
2161 2645 2300 2700 quas
2337 2644 2428 2685 res
2467 2630 2523 2683 in
2560 2628 2722 2684 bonis
2759 2629 3005 2699 plerique
3026 2629 3559 2700 ducunt?quorsum

1967 2723 2114 2793 leges
2156 2736 2370 2788 omnes,
2414 2722 2710 2792 omniaque
2777 2721 3310 2791 rerumpublicarum
3356 2737 3562 2792 genera

1967 2829 2252 2883 perperam
2297 2814 2548 2868 instituta
2575 2828 2701 2868 esse
2723 2812 3005 2868 defendis?
3057 2821 3153 2867 aut
3177 2815 3222 2868 si
3249 2814 3396 2867 nulla
3422 2814 3474 2867 in
3500 2829 3561 2869 re

1968 2919 2126 2958 secus
2152 2903 2399 2958 homines
2424 2902 2503 2957 illi
2527 2902 2860 2969 sentiebant,
2888 2915 3153 2971 quorsum
3179 2908 3258 2954 tot
3280 2900 3562 2956 volumina

1971 2993 2388 3065 conscripsisti?
2430 2992 2618 3064 Neque
2640 2995 2785 3048 enim
2810 3035 2825 3059 ,
2851 2993 3048 3063 opinor
3065 3033 3083 3059 ,
3109 3007 3301 3062 sapere
3326 2986 3441 3046 tu'm
3467 2993 3563 3047 de-

1971 3103 2121 3142 mum
2148 3102 2244 3142 eos
2266 3087 2587 3153 dixerimus,
2637 3101 2762 3141 cum
2789 3087 2855 3141 ad
2880 3085 3194 3155 opinionem
3244 3099 3363 3139 sese
3408 3094 3559 3140 tuam

1896 3152 1938 3208 δ
1973 3179 2341 3249 adjunxerint,
2393 3179 2486 3233 ubi
2534 3152 2716 3233 autem
2759 3178 2829 3232 ab
2850 3193 2912 3232 ea
2954 3177 3326 3244 discesserint,
3351 3177 3556 3233 furere.

1970 3266 2214 3323 Primum
2260 3269 2430 3334 enim,
2476 3270 2778 3338 sapientem
2825 3283 2895 3322 ne
2939 3277 2997 3322 tu
3042 3267 3263 3338 quidem
3294 3268 3471 3338 ipsum
3507 3276 3560 3323 te

1970 3360 2300 3429 pronuntias
2321 3400 2335 3423 ,
2379 3359 2577 3413 nedum
2620 3358 3038 3429 pronuntiemus
3061 3358 3186 3428 ipsi,
3217 3368 3276 3413 ut
3296 3374 3363 3413 ex
3385 3373 3451 3414 eo
3474 3374 3561 3412 re-

1970 3462 2057 3508 cte
2082 3453 2201 3507 illos
2227 3452 2500 3506 interdum
2528 3452 2731 3507 sentire
2749 3452 3062 3522 judicemus
3081 3494 3097 3519 ,
3142 3452 3289 3522 quod
3313 3466 3432 3507 sese
3457 3451 3560 3504 ali-

1970 3544 2190 3613 quando
2216 3544 2282 3597 ad
2308 3553 2457 3597 tuam
2502 3543 2828 3599 sententiam
2873 3552 3184 3615 aggregent.
3225 3541 3461 3607 Deinde,
3499 3550 3559 3598 ut

1969 3635 2026 3690 id
2049 3650 2269 3706 quoque
2295 3631 2485 3691 verum
2512 3636 2604 3700 sit,
2630 3636 2765 3706 quid
2791 3650 3014 3693 necesse
3038 3638 3141 3691 fuit
3164 3637 3388 3692 insanos
3411 3638 3560 3706 pari-

1969 3736 2052 3784 ter
2076 3742 2140 3782 ae
2164 3727 2489 3797 simpliciter
2527 3743 2721 3784 omnes
2745 3731 3056 3801 appellare?
3095 3730 3229 3800 quin
3258 3739 3317 3783 tu
3339 3743 3434 3785 eos
3457 3744 3559 3803 po-

1968 3819 2099 3883 tius,
2144 3828 2415 3889 quatenus
2460 3820 2517 3875 in
2562 3822 2775 3889 eadem,
2824 3838 2930 3893 qua
2956 3832 3036 3890 tu,
3077 3824 3344 3879 sententia
3372 3837 3555 3878 versa-

1968 3911 2187 3974 bantur,
2238 3911 2504 3968 laudabas
2550 3921 2813 3985 tanquam
2843 3915 2976 3970 recti
3000 3931 3065 3971 ac
3085 3917 3198 3970 veri
3237 3916 3443 3986 aliquid
3466 3929 3554 3971 se-

1969 4011 2125 4059 cutos
2172 4020 2186 4058 :
2234 4010 2509 4073 quatenus
2536 4020 2667 4061 vero
2690 4007 2758 4061 ab
2779 4020 2845 4061 ea
2886 4006 3301 4076 discrepabunt,
3350 4008 3554 4064 erroris

1968 4111 2063 4152 eos
2087 4112 2150 4152 ac
2172 4096 2440 4162 stultitiae,
2487 4097 2532 4152 si
2573 4098 2647 4152 ita
2672 4098 2983 4163 videbatur,
3030 4098 3330 4168 arguebas?
3378 4097 3556 4153 Testi~

1968 4191 2215 4243 monium
2240 4189 2459 4258 quidem
2486 4190 2735 4245 veritatis
2772 4190 3030 4245 idoneum
3055 4200 3108 4245 et
3134 4191 3472 4259 exploratum
3499 4190 3553 4246 id

1968 4282 2193 4347 habere,
2241 4281 2388 4350 quod
2413 4280 2486 4335 ita
2511 4282 2794 4344 sentirent,
2845 4281 2898 4335 id
2922 4296 3053 4337 vero
3080 4282 3127 4338 si
3152 4297 3260 4337 non
3286 4282 3548 4349 insanire,

1969 4371 2117 4441 quod
2146 4380 2201 4425 tu
2226 4371 2295 4426 de
2321 4371 2431 4425 illis
2453 4372 2759 4437 existimas,
2788 4372 2979 4427 saltem
3007 4372 3076 4427 ab
3099 4372 3248 4427 omni
3282 4373 3552 4442 sapientia

284 4476 623 4544 ἁπαξαπλῶς
675 4478 796 4531 καθ’
823 4480 1168 4552 εἱμαρμένην
1198 4476 1356 4546 εῖναι,
1399 4481 1494 4535 καὶ
1523 4480 1597 4551 μὴ
1633 4479 1705 4549 (εί
1734 4479 1863 4551 ἄρα)

1969 4476 2200 4532 prorsus
2229 4461 2470 4516 alienum
2496 4477 2620 4517 esse
2643 4477 2803 4518 nemo
2828 4480 2934 4519 non
2954 4464 3078 4535 jure
3098 4465 3350 4521 fateatur.
3401 4467 3555 4522 Ridi-

284 4570 458 4625 ταῦτα
486 4571 624 4643 μόνα
671 4566 747 4626 ὧν
806 4574 954 4626 ἐστιν
1007 4575 1353 4646 εἱμαρμένη;
1388 4574 1454 4627 ’Ὀ
1498 4590 1559 4625 τε
1618 4572 1729 4644 γὰρ
1756 4571 1866 4625 τῶν

283 4661 508 4735 Μοιρῶν
534 4664 788 4736 ἀριθμὸς,
822 4667 917 4719 καὶ
949 4667 1017 4721 τὰ
1060 4668 1301 4739 ὀνόματα
1344 4667 1545 4729 αὐτῶν,
1584 4667 1679 4720 καὶ
1707 4669 1737 4720 ὁ
1768 4665 1868 4735 τῆς

284 4748 540 4820 Κλωθοῦς
562 4756 854 4828 ἄτρακτος,
889 4759 985 4812 καὶ
1018 4759 1079 4813 τὸ
1099 4758 1498 4829 ἐπειλημμένον
1521 4759 1670 4831 αὐτῷ
1693 4765 1865 4834 νῆμα,

283 4844 462 4898 καὶτὸ
485 4846 811 4919 ἐπίκλωσμα
848 4847 1058 4914 τούτου,
1089 4851 1183 4904 καὶ
1208 4851 1307 4903 ὅσα
1361 4849 1588 4904 τοιαῦτα
1616 4851 1751 4906 ἄλλα
1781 4853 1869 4906 λέ-

356 4996 469 5069 (90)
494 5001 1107 5111 Προκπειλημέιένας,
1129 5014 1231 5060 etc.
1252 5007 1355 5071 An,
1374 5016 1435 5061 ut
1457 5008 1592 5060 alter
1615 5024 1679 5062 ex
1709 5024 1865 5076 mss.,

356 5068 880 5111 ιηκαταὸβῆλτπηέυηρ
952 5074 1099 5111 Elim;
1170 5077 1298 5111 dum
1350 5093 1580 5111 rnnnnnc
1629 5094 1689 5111 ου
1740 5081 1839 5111 nm!

285 5068 921 5144 προκαταϐεδλημέναςῖθ
952 5068 1099 5144 Elige
1124 5119 1137 5139 ,
1170 5077 1298 5129 dum
1342 5068 1583 5144 reponas
1629 5094 1691 5132 ex
1740 5068 1864 5134 cod.

284 5139 466 5219 αίτίας
509 5153 610 5219 pro
655 5139 866 5219 αἰτίοις.
913 5139 1464 5219 Προκαταὸριλλεσθαι
1509 5148 1610 5219 τὴν
1661 5149 1863 5216 αἰτίαν,

283 5215 370 5262 est
401 5212 879 5291 προῦποτίθεσθαι,
917 5212 1345 5291 προϋποστῆναι,
1387 5212 1782 5291 προϋπάρχειν·
1812 5212 1867 5275 at

284 5280 930 5362 προκαταλαμϐάνεεθαι,
956 5280 1038 5362 est
1061 5280 1519 5362 προσδιορίζεσθαι,
1546 5280 1765 5362 principi
1801 5307 1867 5346 ac

282 5351 544 5429 praetiniri
576 5363 925 5429 :_utruntqt_te
958 5351 1286 5429 Stoicorum;
1317 5351 1511 5429 dogma
1535 5351 1565 5423 ,’
1586 5351 1737 5429 prius
1783 5370 1863 5414 ta-

285 5434 411 5473 men
450 5420 556 5476 hoc
605 5423 725 5477 loco
751 5420 958 5477 malim.
993 5424 1203 5480 Causas
1234 5427 1355 5482 illas
1391 5420 1606 5483 Tullius
1648 5441 1865 5483 antece-

282 5496 474 5544 dentes
494 5531 509 5555 ,
544 5502 910 5567 antegressas,
947 5498 1288 5565 praposilas,
1320 5500 1655 5567 antepositas
1683 5503 1862 5554 nomi-

282 5569 549 5642 natz‘quag
578 5561 1005 5642 προηγούμεναι,
1032 5561 1124 5642 aut
1149 5561 1752 5642 προκαταόεὸλημέναι.

360 5577 398 5621 ι,
427 5580 441 5613 ι
467 5577 549 5615 ua:
578 5578 1005 5634 προηγούμεναι,
1032 5577 1124 5621 aut
1149 5577 1752 5639 προκαταόεδλημέναι.

358 5577 471 5702 (st
502 5629 614 5685 Τοῦ
653 5631 854 5698 καλῶς
880 5650 1043 5688 ποτε.
1085 5635 1193 5690 Ant
1231 5636 1412 5702 καλῶς
1437 5640 1757 5694 mutandum
1807 5640 1863 5694 in

282 5699 495 5780 κακῶς,
509 5711 615 5780 aut
659 5705 911 5780 sequenti
957 5708 1205 5780 mem_hro
1248 5699 1462 5780 negatio
1519 5712 1591 5780 μή
1649 5725 1863 5778 expun-

281 5770 478 5839 genda.
509 5768 839 5828 Utrumlibet
881 5774 1007 5842 tlat,
1042 5775 1119 5847 τῷ
1147 5777 1295 5847 quod
1318 5768 1681 5849 'negati'on'em
1712 5768 1860 5835 illam

1972 4553 2128 4608 culus
2153 4569 2283 4622 ergo
2303 4568 2384 4620 es,
2421 4554 2551 4607 dum
2576 4563 2743 4609 testes
2767 4569 2863 4610 eos
2887 4555 2956 4610 ab
2977 4556 3245 4626 ejusmodi
3269 4558 3555 4612 nominum

1972 4643 2322 4712 impositione
2345 4643 2558 4712 laudas,
2591 4644 2791 4715 quibus
2814 4653 2997 4701 tamen
3036 4647 3173 4701 nihil
3198 4663 3437 4718 unquam
3459 4648 3554 4717 ju-

1970 4736 2115 4791 dicio
2141 4737 2332 4791 saltem
2358 4737 2758 4808 prudentiaque
2797 4741 3069 4795 concedas
3096 4758 3108 4792 :
3139 4739 3244 4796 nisi
3270 4756 3433 4806 vero,
3457 4741 3554 4810 qui

1971 4830 2040 4885 ab
2062 4830 2219 4885 initio
2270 4846 2444 4902 genus
2469 4832 2575 4887 hoc
2596 4832 2880 4888 nominum
2925 4833 3090 4889 rebus
3126 4834 3247 4889 istis
3288 4833 3553 4899 indidere,

1969 5010 2247 5086 praecedit,
2277 5013 2603 5086 mendosum
2635 5024 2740 5082 est,
2772 5015 3003 5086 ejusque
3029 5015 3150 5071 loco
3179 5015 3552 5086 reponendum

1968 5080 2049 5145 τό,
2086 5097 2210 5135 cum
2240 5082 2410 5137 altero
2438 5099 2714 5139 manuscr.

2041 5151 2150 5223 (9‘2)
2208 5152 2344 5224 Οὐδ’
2395 5153 2584 5219 οὕτως
2636 5154 2827 5224 ἐχρῆν
2878 5156 3079 5223 φύσει.
3141 5153 3392 5209 Mendum
3458 5156 3548 5209 hic

1970 5237 2265 5291 agnoscere
2288 5222 2457 5291 facile,
2473 5233 2586 5287 est;
2615 5222 2799 5279 tollere
2822 5222 3056 5280 dillicile.
3086 5224 3197 5279 Nec
3217 5230 3549 5280 tuentbranae

1971 5290 2140 5345 hilum
2170 5293 2383 5364 juvant.
2418 5290 2535 5346 Una
2573 5294 2869 5349 Montacut.
2905 5310 3002 5364 pro
3036 5295 3197 5363 φύσει
3230 5294 3358 5363 leg:t
3391 5295 3547 5364 φησί,

1973 5366 2077 5416 hoc
2138 5359 2433 5435 ni‘fallor,
2492 5364 2682 5435 vitium
2748 5359 2933 5435 auget.
2982 5359 3121 5430 Quid
3177 5365 3223 5419 si
3279 5359 3553 5420 rescriba-

1969 5440 2086 5506 tur,
2110 5431 2231 5485 οὐδέ
2261 5434 2340 5487 vel
2366 5433 2467 5506 ούκ
2507 5432 2650 5504 ἔχειν
2679 5431 2846 5506 τοῦτο
2868 5433 3029 5506 φύσιν
3049 5475 3063 5499 ,
3095 5436 3190 5506 καὶ
3230 5436 3278 5487 εί
3318 5435 3394 5505 μὴ
3429 5437 3556 5506 μαίτ

1969 5500 2185 5576 νεσθαι,
2216 5511 2324 5576 ete_.
2370 5500 2708 5576 Noturiiest,
2752 5500 3044 5576 φύσινοὺκ
3084 5504 3251 5576 ἔχειν,
3294 5500 3553 5560 ἀντὶ’τοῦ

1969 5572 2198 5625 ἄτοπον
2258 5569 2453 5634 εἶναι,
2517 5572 2611 5625 καὶ
2679 5569 2980 5640 ἀπεοικός.
3056 5569 3146 5631 1ιὲ
3196 5569 3551 5632 Demosthen.

1973 5640 2190 5718 Olynth.
2224 5657 2309 5718 η,-
2325 5641 2463 5718 Ἀλλ’
2493 5640 2608 5718 οἱ)τῖ
2641 5642 2882 5718 εὔλογον,
2927 5644 3037 5718 οὔτ’
3071 5646 3192 5718 ἔχον
3223 5648 3349 5718 ἐστὶ
3394 5646 3558 5715 φύσιν

1969 5710 2127 5765 τοῦτό
2154 5728 2236 5780 γε.
2265 5711 2522 5766 Herodot.
2556 5713 2649 5768 lib.
2678 5730 2743 5778 ιι,
2773 5710 2910 5768 Ἕνα
2941 5715 3069 5771 ὄντα
3095 5710 3189 5843 ille
3220 5710 3448 5771 Hercule
3478 5718 3557 5771 lo-

1969 5783 2197 5843 quitur),
2228 5783 2345 5843 πῶς
2376 5781 2536 5843 φύσιν
2566 5783 2679 5843 ἔχει
2713 5784 2916 5843 πολλὰς
2960 5804 3090 5843 num
3132 5788 3229 5843 δας
3263 5786 3557 5843 φονεῦσαιζ

1968 5783 2197 5853 quitur),
2228 5783 2345 5847 πῶς
2376 5781 2536 5851 φύσιν
2566 5783 2679 5854 ἔχει
2713 5784 2916 5849 πολλὰς
2960 5781 3229 5859 μυριάδας
3263 5786 3558 5857 φονεῦσαί
