4162 6408
550 276 645 335 ιδι

1188 275 1459 332 ΕΗΞΕΒΙΙ
1496 274 1980 333 CAESARIENSIS
2017 275 2127 331 OPI

2230 275 2397 332 PARS
2438 273 2503 333 11.
2543 309 2613 320 -
2648 278 3168 338 APOLOGETICA.

3714 289 3825 344 452

547 397 819 466 sapientes
843 394 1003 451 iidem
1033 409 1163 451 casu
1188 394 1372 465 aliquo
1400 395 1639 463 fuerint;
1670 396 1722 450 id
1746 396 1892 466 quod
1913 404 1971 451 tu
1999 413 2127 451 uun-

2234 414 2392 466 γεται
2424 400 2482 451 ὲν
2510 398 2772 462 ἐκείνοις,
2821 399 3158 454 ἐνδείκνυται
3222 402 3285 455 τὸ
3328 403 3684 474 ἀπαράϐατον
3735 410 3832 463 καὶ

547 506 711 560 quam
744 488 1071 546 ostenderis.
1138 486 1340 543 Verum
1388 489 1548 543 detur
1578 489 1743 543 etiam
1782 490 1906 555 hoc,
1941 504 2138 558 quam-

546 598 655 654 que
681 580 948 648 defendis,
984 596 1048 636 ea
1077 578 1395 636 nominibus
1438 580 1600 653 265
1648 582 1756 636 illis
1806 582 2138 653 significatio

548 676 842 740 tribuatur,
870 689 971 729 nec
997 688 1184 728 errore
1205 672 1482 742 opinionis
1508 673 1618 727 ullo
1645 671 1849 728 factum
1878 675 2021 728 istud
2052 672 2141 728 fu-

545 767 669 822 erit.
707 765 994 832 Quomodo
1018 774 1198 819 tamen
1224 766 1408 820 omnia
1434 781 1660 835 prorsus
1684 765 1798 820 fato
1826 767 1941 820 tieri
1976 766 2141 837 signi-

548 860 739 925 ficant,
786 875 851 914 ac
902 875 1009 914 non
1047 859 1231 929 potius
1273 859 1355 929 (si
1414 875 1522 930 qua
1575 861 1861 915 nominum
1906 860 2139 915 istorum

548 951 630 1006 vis
688 950 810 1020 est)
866 966 927 1005 ea
984 951 1366 1005 tantummodo
1423 966 1546 1020 quae
1602 950 1697 1005 fati
1749 951 1867 1022 lege
1923 959 2141 1006 tenean-

546 1044 674 1098 tur?
719 1042 855 1098 Nam
884 1054 936 1099 et
970 1043 1267 1098 Parcarum
1308 1059 1596 1107 numerus,
1642 1044 1997 1115 ipsarumque
2035 1059 2138 1098 no-

545 1137 715 1199 mina,
750 1145 804 1190 et
825 1135 1113 1191 Clothonis
1136 1136 1315 1199 fusus,
1343 1145 1397 1190 et
1423 1136 1782 1205 glomeratum
1839 1137 1892 1189 in
1957 1151 2024 1190 eo
2079 1135 2140 1189 fi-

544 1229 679 1295 lum,
713 1229 972 1299 ductique
1013 1245 1079 1284 ex
1121 1245 1185 1282 eo
1229 1230 1479 1284 staminis
1522 1229 1842 1293 necessitas,
1893 1238 1946 1284 et
1986 1245 2140 1299 qua:-

544 1337 762 1390 cunque
812 1321 1088 1376 adduntur
1111 1332 1397 1391 praeterea,
1443 1332 1653 1376 certum
1681 1321 1817 1377 forte
1844 1323 2136 1392 quemdam

547 1422 710 1481 atque
733 1427 796 1467 ex
825 1413 975 1467 omni
1000 1413 1302 1467 aeternitate
1348 1422 1533 1483 aptum
1590 1429 1883 1468 causarum
1912 1415 2053 1469 inter
2080 1430 2139 1468 se

545 1520 745 1559 nexum
772 1503 841 1558 iis
864 1504 919 1557 in
949 1504 1113 1559 rebus
1139 1504 1449 1568 ostendant,
1477 1520 1598 1574 qua:
1621 1505 1932 1560 necessario
1957 1505 2040 1559 vel
2065 1506 2137 1559 ita

544 1597 697 1661 fiant,
746 1596 830 1650 vel
878 1597 1035 1650 aliter
1065 1597 1265 1651 habere
1309 1612 1419 1651 non
1446 1597 1679 1666 possint.
1736 1597 2052 1666 Cujusmodi
2081 1607 2138 1652 ut

542 1703 664 1744 esse
710 1688 996 1758 plerasque
1040 1686 1349 1753 fateamur;
1398 1705 1741 1760 quaecunque
1783 1697 1964 1744 tamen
2014 1691 2135 1760 ejus

541 1779 870 1836 conditionis
897 1797 1005 1835 non
1032 1788 1180 1846 sunt,
1228 1781 1295 1837 iis
1320 1782 1572 1837 homines
1596 1782 1792 1852 partim
1821 1782 2131 1837 moderato-

542 1888 631 1927 res
648 1882 1008 1944 auctoresque
1030 1875 1162 1929 deos
1187 1875 1574 1939 attribuerunt,
1608 1880 1806 1946 partim
1834 1894 1935 1934 nos
1958 1879 2128 1950 ipsos,

541 1965 740 2034 partim
792 1976 1067 2030 naturam,
1142 1976 1306 2037 atque
1364 1967 1641 2022 fortunam
1697 1984 1895 2024 causas
1939 1986 2127 2025 earum

541 2056 793 2126 proprias
833 2072 955 2112 esse
997 2059 1310 2114 voluerunt.
1348 2057 1428 2112 Ac
1452 2056 1686 2113 fortuna:
1708 2059 1932 2128 quidem
1963 2071 2022 2113 ut
2047 2061 2129 2114 in-

542 2149 791 2203 stabilem
826 2149 1235 2218 volubilemque
1281 2158 1514 2211 motum,
1543 2160 1804 2220 perpetua
1828 2154 2130 2206 mutatione

543 2237 898 2307 conjunctum
924 2238 1297 2303 ostenderent,
1328 2254 1562 2308 eamque
1603 2255 1786 2295 rerum
1814 2241 2132 2295 inconstan-

541 2329 674 2382 tiam
709 2328 1006 2382 simulacro
1040 2329 1281 2397 quodam
1328 2328 1756 2394 adumbrarent,
1806 2329 2127 2386 insidentem

542 2420 703 2491 globo
750 2420 1025 2473 fortunam
1055 2435 1395 2488 expressere.
1450 2404 1591 2487 Quid
1618 2422 1662 2476 si
1688 2437 1755 2477 ne
1780 2422 1885 2477 ista
1908 2424 2127 2493 quidem

541 2511 686 2582 apud
730 2511 982 2566 homines
1033 2511 1138 2565 lixa
1184 2513 1411 2566 omnino
1436 2525 1665 2582 rataque
1690 2514 1941 2569 videntur
1967 2516 2132 2570 €380?

542 2611 604 2658 ut
624 2602 772 2658 enim
804 2618 1002 2658 causas
1054 2604 1331 2659 interdum
1356 2604 1739 2675 principiaque
1780 2607 2129 2673 conturbent,

540 2712 773 2768 queque
816 2697 901 2751 vel
946 2695 1080 2761 fato,
1106 2698 1344 2753 velcasu
1388 2698 1550 2762 fiunt,
1598 2712 1662 2753 ea
1690 2698 1876 2754 divino
1897 2698 2131 2755 Numine

541 2787 658 2842 fieri
693 2787 1064 2853 arbitrentur;
1091 2802 1214 2857 qua:
1259 2803 1391 2843 vero
1435 2788 1650 2843 arbitrii
1699 2792 1875 2843 nostri
1922 2791 2131 2846 viribus

538 2878 865 2944 efﬁciuntur,
910 2880 1098 2935 eadem
1153 2879 1267 2935 fato
1312 2879 1645 2950 assignanda
1689 2889 1881 2950 putent
1930 2901 1943 2937 :
1996 2884 2130 2953 quin

538 2971 805 3042 principia
832 2981 1012 3026 tamen
1037 2973 1223 3027 omnia
1250 2974 1415 3028 rebus
1445 2972 1580 3043 ipsis
1603 2975 1782 3028 inesse
1814 2976 2126 3045 opinentur,

2170 1748 2209 1803 Β

2241 488 2301 552 ἐξ
2348 489 2541 552 αίῶνος
2600 489 2841 561 καθῆκον
2892 492 3002 543 τῶν
3057 492 3271 555 αἰτιῶν,
3320 494 3421 549 ὅσα
3453 496 3655 551 οὑτωσὶ
3700 516 3834 552 κατ-

2238 586 2582 655 ηνάγκασται
2615 584 2890 652 γενέσθαι,
2926 586 3019 638 καὶ
3066 586 3165 639 ὅσα
3197 586 3373 651 ἄλλως
3399 587 3544 658 ἔχειν
3585 590 3833 645 κεκώλυ-

2239 692 2350 728 ται.
2380 674 2560 727 Πολλὰ
2579 676 2622 727 δ’
2654 675 2720 728 ἂν
2746 676 2830 747 εἴη
2862 676 2929 729 τὰ
2956 676 3199 729 τοιαῦτα·
3229 677 3335 731 ὅσα
3363 677 3420 731 δὲ
3451 680 3549 749 οὐχ
3582 680 3725 735 οὕτω
3752 683 3811 751 γι

2240 782 2412 828 νεται,
2439 764 2644 818 τούτων
2681 766 2791 818 τισὶ
2821 764 2919 834 μὲν
2948 767 2997 818 οἱ
3037 765 3313 837 ἄνθρωποι
3366 767 3520 832 θεοὺς
3548 770 3823 842 διοικητὰς

2241 858 2334 909 καὶ
2363 856 2727 928 δημιουργοὺς
2754 859 3121 929 ἐπεφήμισαν·
3168 860 3331 914 τινῶν
3360 860 3418 913 δὲ
3452 863 3599 933 ἡμᾶς
3624 864 3824 930 αὐτοὺς

2239 949 2445 1011 αἰτίους
2484 948 2770 1002 ὑπέλαϐον·
2803 949 2979 1003 ἄλλων
3005 949 3061 1002 δὲ
3085 946 3151 1004 αὖ
3188 951 3350 1005 πάλιν
3378 953 3475 1024 τὴν
3498 954 3683 1023 φύσιν,
3733 956 3802 1010 ἄλ

2239 1041 2346 1094 λων
2373 1041 2469 1113 τὴν
2500 1040 2690 1112 τύχην·
2722 1038 2790 1114 ἧς
2820 1042 2880 1094 τὸ
2919 1044 3283 1112 εὐμετάϐολον
3326 1046 3419 1099 καὶ
3450 1047 3703 1113 ἄστατον,
3731 1050 3823 1103 καὶ

2239 1131 2334 1187 νῦν
2368 1133 2466 1202 μὲν
2504 1132 2666 1197 οὕτω,
2698 1132 2793 1187 νῦν
2833 1134 2889 1187 δὲ
2929 1135 3099 1200 οὕτως
3159 1136 3282 1207 ἔχον
3335 1137 3669 1205 ἐνδείξασθαι
3704 1140 3815 1211 βου-

2239 1224 2475 1295 λόμενοι,
2510 1226 3029 1299 εῖδωλοποιήσαντες
3059 1229 3119 1282 τὸ
3147 1231 3298 1283 ποιὸν
3322 1230 3479 1285 τοῦτο
3510 1233 3825 1306 σύμπτωμα

2237 1317 2346 1369 τῶν
2380 1318 2743 1389 πραγμάτων,
2772 1320 2866 1372 ἐπὶ
2897 1321 3132 1391 σφαίρας
3181 1321 3476 1393 βεϐηκυῖαν
3513 1324 3610 1395 τὴν
3655 1325 3825 1397 τύχην

2238 1411 2465 1478 ἔδειξαν.
2503 1415 2572 1466 Ἢ
2600 1414 2720 1483 οὐχὶ
2743 1412 2800 1466 δὲ
2844 1412 3158 1478 δεδόξασται
3193 1413 3344 1485 παρὰ
3373 1418 3485 1479 τοῖς
3513 1416 3825 1487 ἀνθρώποις

2238 1507 2333 1559 καὶ
2365 1506 2572 1572 ταύτας
2601 1508 2708 1560 Καὶ
2733 1506 2842 1577 γὰρ
2863 1506 2950 1559 ἀεί
2985 1523 3115 1559 ποτε
3145 1506 3253 1578 (95)
3301 1509 3726 1580 συνταράττουσι
3754 1510 3825 1565 τὰ

2238 1598 2408 1661 αἴτια,
2435 1600 2529 1652 καὶ
2562 1600 2665 1651 ὅσα
2696 1598 2796 1669 μὲν
2821 1597 2940 1650 καθ’
2966 1599 3329 1671 εἱμαρμένην,
3387 1602 3420 1671 ἢ
3480 1602 3619 1656 κατὰ
3649 1603 3824 1675 τύχην

2238 1687 2465 1755 γίνεται,
2489 1688 2661 1741 ταῦτα
2687 1690 2752 1741 ὲκ
2784 1688 2934 1752 θείας
2964 1689 3247 1760 δυνάμεως
3286 1690 3532 1758 γίνεσθαι
3571 1693 3826 1763 νομίζου-

2238 1795 2341 1831 σιν·
2366 1780 2466 1832 ὅσα
2485 1779 2541 1831 δὲ
2570 1780 2698 1848 παρ’
2734 1779 2900 1848 ἡμᾶς,
2931 1779 3104 1832 ταῦτα
3135 1778 3255 1833 καθ’
3278 1781 3636 1851 εἱμαρμένην,
3681 1781 3822 1835 Ἀλλ’

2232 1870 2313 1922 ὅτι
2341 1886 2404 1937 γε
2431 1870 2607 1922 πάντα
2628 1869 2695 1922 τὰ
2719 1872 2866 1924 αίτια
2887 1870 3063 1924 ταῦτα
3092 1871 3149 1922 ἐν
3182 1873 3294 1933 τοῖς
3334 1867 3453 1924 οὖσι
3494 1882 3519 1911 ι
3562 1869 3819 1935 δοξάζου-

2236 1978 2307 2024 σι,
2336 1962 2495 2014 παντί
2522 1979 2622 2014 που
2649 1962 2827 2033 δῆλον.
2873 1964 3033 2015 Ὥστε
3082 1961 3203 2015 οὐδὲ
3247 1960 3345 2025 τὰς
3368 1962 3477 2015 τῶν
3515 1962 3819 2032 ἀνθρώπων

2234 2056 2550 2126 ὑπολήψεις,
2577 2055 2698 2109 οὐδὲ
2749 2055 2848 2120 τὰς
2878 2055 3054 2120 θέσεις
3086 2056 3193 2109 τῶν
3242 2058 3499 2109 τοιούτων
3538 2058 3819 2127 ὀνομάτων

2235 2151 2645 2220 συμμαρτυρεῖν
2707 2152 2773 2219 τῇ
2845 2150 3171 2219 Χρυσίππου
3244 2148 3372 2221 δόξῃ
3435 2148 3813 2219 συμϐέϐηκε.»

2233 2243 2455 2305 Τούτοις
2489 2243 2615 2314 ἑξῆς
2673 2242 2939 2309 ἐπιλέγει·
3002 2261 3020 2292 σ
3055 2241 3143 2294 Ἐν
3200 2241 3299 2311 μὲν
3347 2236 3439 2294 οὖν
3489 2240 3565 2310 τῷ
3617 2239 3819 2311 πρώτῳ

2234 2336 2371 2403 Περὶ
2403 2333 2765 2404 εἱμαρμένης
2803 2334 3013 2404 βιϐλίῳ,
3048 2333 3324 2391 τοιαύταις
3369 2333 3511 2386 τισὶν
3541 2332 3819 2399 ἀποδείξε-

2235 2442 2318 2479 σιν
2349 2426 2640 2497 κέχρηται·
2675 2429 2732 2479 ὲν
2756 2426 2813 2478 δὲ
2863 2425 2941 2495 τῷ
2971 2425 3205 2496 δευτέρῳ
3262 2425 3407 2477 λύειν
3463 2427 3720 2496 πειρᾶται
3747 2423 3814 2477 τὰ

2234 2517 2544 2571 ἀκολουθεῖν
2576 2517 2838 2571 δοκοῦντα
2864 2517 3038 2571 ἄτοπα
3067 2516 3145 2587 τῷ
3171 2516 3314 2588 λόγῳ
3345 2517 3526 2571 πάντα
3550 2534 3818 2590 κατηναγ-

2233 2607 2435 2662 κάσθαι
2468 2608 2698 2677 λέγοντι,
2747 2608 2891 2680 ἆπερ
2917 2609 3009 2661 καὶ
3045 2610 3206 2679 ἡμεῖς
3257 2610 3378 2662 κατ’
3411 2608 3583 2681 ἀρχὰς
3643 2609 3816 2663 ἐτίθε-

2236 2717 2353 2772 μεν·
2384 2695 2496 2754 οἷον
2543 2701 2605 2754 τὸ
2642 2700 2982 2772 ἀναιρεῖσθαι
3003 2700 3069 2753 δι’
3097 2701 3263 2754 αὑτοῦ
3293 2701 3390 2772 τὴν
3426 2700 3485 2766 ἐξ
3515 2701 3669 2772 ἡμῶν
3712 2702 3812 2756 αὑ-

2231 2793 2339 2846 τῶν
2389 2793 2697 2864 προθυμίαν
2758 2794 2885 2862 περῖ
2904 2791 3105 2861 ψόγους
3162 2810 3220 2845 τε
3255 2793 3349 2847 καὶ
3393 2792 3671 2859 ἐπαίνους,
3718 2795 3811 2851 καὶ

2232 2890 2569 2963 προτροπὰς,
2603 2891 2698 2944 καὶ
2752 2890 2911 2944 πάνθ’
2952 2892 3052 2944 ὅσα
3101 2891 3252 2964 παρὰ
3288 2892 3389 2963 τὴν
3417 2891 3697 2962 ἡμετέραν
3724 2890 3811 2943 αἱ-

2231 2984 2351 3039 τίαν
2383 2984 2644 3054 γινόμενα
2698 2984 2972 3054 φαίνεται.
3003 2985 3170 3055 Φησὶν
3202 2980 3296 3039 οὖν
3351 2987 3408 3038 ἐν
3452 2983 3530 3055 τῷ
3579 2984 3814 3055 δευτέρῳ

538 3080 700 3119 nemo
745 3080 853 3118 non
889 3065 1053 3119 videt.
1117 3064 1299 3131 Quare
1337 3080 1407 3119 ne
1447 3066 1758 3121 communis
1783 3067 1874 3121 illa
1908 3068 2126 3137 quidem

2235 3073 2424 3145 βιϐλίῳ
2445 3074 2505 3128 τὺ
2532 3075 2628 3145 μὲν
2663 3073 2721 3140 ἐξ
2768 3076 2801 3145 ή
2811 3074 2928 3145 μῶν
2983 3073 3154 3128 πολλὰ
3183 3074 3428 3143 γίνεσθαι
3453 3074 3609 3145 δῆλον
3649 3069 3811 3137 εἶναι,

540 3156 822 3211 hominum
856 3156 1208 3222 existimatio,
1234 3156 1315 3211 vel
1341 3156 1609 3226 ejusmodi
1634 3159 1918 3214 nominum
1953 3161 2127 3230 impo-

537 3248 664 3303 sitio
695 3248 983 3319 Chrysippi
1014 3249 1300 3303 sententiae
1328 3248 1673 3321 suffragatur.
1710 3269 1730 3303 ι
1789 3251 2000 3318 Quibus
2028 3253 2125 3306 de-

539 3341 729 3412 inceps
776 3341 849 3395 ita
890 3341 1073 3395 subdit
1116 3360 1129 3395 :
1163 3359 1181 3391 ι
1212 3342 1291 3396 Ac
1319 3344 1493 3411 primo
1523 3344 1774 3413 quidem,
1807 3346 2006 3415 inquit,
2048 3346 2127 3400 De

542 3434 642 3487 ‘ati
695 3433 1004 3487 necessitate
1040 3433 1201 3499 libro,
1251 3434 1304 3488 id
1346 3450 1519 3504 genus
1569 3436 2128 3493 demonstrationibus

540 3527 712 3580 utitur
757 3543 769 3577 :
820 3524 1060 3580 secundo
1088 3533 1267 3579 autem
1302 3526 1539 3580 absurda
1585 3527 1678 3581 illa
1712 3528 1923 3584 diluere
1956 3545 2126 3584 conia-

541 3626 673 3681 tur,
721 3631 843 3685 qua:
872 3630 941 3671 ex
982 3630 1045 3670 ea
1089 3615 1343 3685 opinione
1366 3655 1383 3681 ,
1434 3632 1556 3686 quae
1585 3619 1769 3670 omnia
1804 3620 2130 3673 necessitate

540 3708 888 3778 constringit,
938 3708 1331 3777 consequentia
1362 3707 1677 3773 videantur,
1714 3723 1834 3777 qua:
1861 3724 1959 3762 nos
1992 3724 2130 3777 quo-

542 3784 651 3870 que
691 3801 795 3855 sub
847 3800 1233 3870 disputationis
1283 3800 1447 3870 hujus
1495 3801 1712 3854 initium
1772 3802 2061 3870 posuimus
2112 3821 2126 3855 :

540 3892 771 3960 exempli
803 3906 969 3945 causa
1023 3891 1137 3945 tolli
1162 3888 1409 3945 funditus
1433 3905 1582 3956 eum,
1617 3889 1714 3959 qui
1745 3904 1775 3943 e
1807 3891 1966 3943 nobis
1996 3891 2129 3959 ipsis

539 3982 776 4046 exsistit,
803 3981 1061 4050 impetum
1083 4020 1099 4045 ,
1127 3995 1225 4036 seu
1249 3980 1519 4049 vituperet
1542 3980 1814 4049 quispiam
1837 4021 1852 4045 ,
1886 3995 1983 4034 seu
2010 3981 2132 4034 lau-

538 4075 649 4140 det,
676 4089 771 4130 seu
807 4074 1145 4140 cohortetur,
1177 4088 1275 4128 seu
1306 4073 1438 4142 quid
1463 4072 1612 4127 aliud
1639 4086 1831 4125 eorum
1854 4071 1967 4138 ﬁat,
2001 4088 2110 4142 quo

538 4180 661 4219 rum
686 4180 852 4219 causa
882 4180 1004 4220 esse
1029 4165 1437 4221 consuevimus.
1475 4164 1661 4235 Itaque
1694 4164 1832 4220 libro
1866 4166 2132 4237 secundo,

537 4256 709 4310 multa
752 4256 969 4326 quidem
998 4255 1154 4311 nobis
1183 4256 1504 4311 auctoribus
1534 4255 1649 4310 lieri
1673 4293 1692 4321 ,
1726 4263 1892 4325 atque
1934 4256 1984 4310 id
2008 4271 2132 4326 per-

539 4345 788 4414 spicuum
808 4360 949 4411 esse,
977 4346 1119 4400 ultro
1140 4344 1343 4401 fatetur
1370 4364 1383 4399 :
1420 4345 1608 4400 eadem
1638 4354 1820 4401 tamen
1849 4348 2129 4401 communi

608 4492 635 4522 ⁸
657 4482 740 4537 10'.
774 4478 899 4533 add.
929 4474 1088 4534 εἶναι.
1164 4480 1193 4521 δ
1213 4480 1298 4535 ἵσ.
1327 4480 1429 4535 del.
1454 4482 1523 4536 sl.

610 4607 722 4683 (9.3)
762 4608 872 4662 Ἆεί
895 4609 1324 4683 ποτα-ρεπιγηὶηο
1356 4610 1562 4664 εἴποτε
1595 4626 1791 4683 sensus
1839 4614 2115 4683 postulat;

537 4680 785 4755 sequitur
832 4681 978 4733 enim
1026 4680 1139 4755 αλλ’
1169 4681 1248 4732 ὃτι
1271 4697 1356 4749 γε,
1399 4690 1503 4735 etc.
1534 4681 1681 4751 quod
1726 4680 1909 4739 minus
1943 4680 2120 4755 possit

536 4766 663 4806 cum
690 4749 798 4813 ἀεί,
834 4751 1145 4803 convenire.

609 4818 1281 4891 (915)72Uﬂ008lydpﬂal,
1312 4830 1419 4874 etc.
1466 4821 1831 4891 Sophisticam
1870 4824 2030 4888 hanc,
2063 4835 2118 4882 et

540 4889 895 4962 ματαιολόγον
947 4889 1235 4962 Chrysippi
1296 4889 1557 4945 rationem
1625 4893 1828 4947 diserte
1905 4893 2117 4951 Tullius

536 4960 769 5030 explicat
820 4962 915 5014 lib.
950 4960 1023 5012 De
1059 4960 1203 5029 fato,
1239 4962 1329 5014 ubi
1381 4963 1495 5016 haec
1547 4964 1687 5016 inter
1717 4972 1949 5018 extera:
1989 4965 2118 5020 ch

538 5033 701 5104 ratio,
735 5031 911 5104 inquit
949 5030 1139 5101 (ἀργός
1167 5031 1254 5104 ille
1269 5031 1462 5104 λόγος,
1505 5042 1563 5086 ιιι
1589 5034 1926 5104 Chrysippus
1956 5050 2119 5090 voca-

536 5102 660 5173 bat;
700 5102 943 5173 sederat
984 5116 1111 5173 vere
1155 5103 1221 5155 ad
1269 5101 1521 5156 Protequ
1554 5101 2118 5173 huuc'coustringeu-

536 5170 855 5246 dunt,_ttdl._a
879 5172 1096 5241 ἐνεργός
1122 5189 1224 5246 τις,
1254 5173 1347 5224 καὶ
1366 5174 1803 5246 ,ἐνεργητικός),α
1824 5170 2115 5246 Chrysippo

539 5242 953 5312 reprehenditur.
987 5244 1247 5305 Quendam
1292 5244 1428 5295 enim
1466 5242 1618 5301 sunt,
1646 5242 1843 5312 inquit,
1876 5242 2114 5300 in'reb'us

539 5311 821 5379 simplicia,
856 5314 1099 5383 qruwdam
1137 5314 1403 5383 copulata.
1450 5312 1686 5383 Simplex
1712 5311 1828 5368 est:
1860 5335 1879 5367 ι
1923 5315 2111 5370 Morie—

541 5390 627 5432 tur
656 5398 713 5455 eo
742 5383 827 5455 die
870 5381 1138 5438 Socrates.
1188 5402 1206 5433 ›
1243 5381 1419 5449 Huic,
1460 5381 1575 5437 sive»
1598 5386 1723 5455 quid
1773 5386 1974 5455 fecerit,
2009 5389 2116 5440 sive

540 5465 642 5526 non
674 5451 875 5526 fecerit,
908 5455 1090 5526 ﬁnitus
1110 5462 1194 5526 est
1222 5454 1480 5526 moriendi
1505 5451 1635 5509 dies.
1669 5457 1734 5507 At
1760 5451 1805 5509 si
1834 5457 1912 5509 ita
1943 5458 2113 5526 fatum

538 5521 683 5595 sint
718 5519 982 5595 Nascetur
1000 5523 1239 5595 (Edzpus
1274 5522 1406 5577 Laio
1440 5544 1458 5576 ι
1486 5542 1592 5578 non
1619 5528 1812 5595 poterit
1846 5519 1973 5591 dici,
2008 5530 2115 5580 sive

542 5590 699 5667 fuerit
732 5589 893 5643 Laius
927 5609 1045 5645 cum
1075 5593 1315 5667 muliere,
1353 5597 1459 5667 sive
1486 5612 1588 5649 non
1619 5589 1817 5667 fuerit;
1864 5589 2114 5667 copulata

539 5659 679 5736 enim
719 5676 796 5712 res
836 5671 931 5727 est,
970 5664 1367 5736 et_canjau_zlis.
1411 5666 1487 5720 sic
1524 5659 1664 5719 enim
1712 5659 1943 5736 appellal
1984 5667 2113 5730 (hoc

540 5730 719 5795 ipsum
768 5736 851 5784 est
908 5732 1049 5801 quod
1103 5730 1190 5787 hic
1246 5732 1610 5805 Diogeuianus
1670 5730 2115 5814 ait'a'vrxaﬁst-

2155 4430 2200 4485 D

2226 3165 2349 3219 οὐδὲ
2376 3165 2433 3219 δὲ
2460 3162 2621 3237 ἦττον
2650 3165 3123 3238 ωγκαθειμὰρθαι
3147 3166 3258 3236 (94)
3285 3166 3377 3219 καὶ
3420 3165 3593 3218 ταῦτα
3618 3168 3682 3236 τῇ
3706 3164 3815 3218 τῶν

2227 3260 2364 3314 ὅλων
2393 3259 2677 3332 διοικήσει·
2713 3260 2976 3333 κέχρηταί
3017 3278 3077 3313 τε
3101 3258 3507 3329 παραδείγμασι
3554 3256 3815 3318 τοιούτοις

2228 3350 2357 3402 τισί.
2388 3349 2462 3403 Τὸ
2503 3350 2614 3422 γὰρ
2668 3350 2742 3421 μὴ
2786 3348 3125 3411 ἀπολεῖσθαι,
3177 3348 3330 3416 φησι,
3376 3346 3673 3415 θοιμάτιον,
3714 3344 3815 3414 οὐχ

2227 3440 2417 3505 ἁπλῶς
2451 3441 2809 3512 καθείμαρτο,
2836 3440 2972 3495 ἀλλὰ
3003 3438 3143 3509 μετὰ
3172 3438 3267 3490 τοῦ
3301 3436 3682 3505 φυλάττεσθαι·
3718 3438 3816 3489 καὶ

2229 3534 2289 3587 τὸ
2320 3535 2385 3586 ἐκ
2422 3532 2529 3585 τῶν
2585 3532 2861 3602 πολεμίων
2912 3528 3254 3600 σωθήσεσθαι
3282 3527 3431 3579 τόνδε
3485 3528 3628 3591 τινὰ,
3672 3528 3811 3597 μετὰ

2227 3624 2322 3677 τοῦ
2349 3624 2459 3695 (95)
2496 3622 2715 3692 φεύγειν
2760 3621 2921 3677 αὑτὸν
2949 3621 3076 3684 τοὺς
3104 3618 3414 3690 πολεμίους·
3447 3620 3541 3672 καὶ
3574 3620 3636 3671 τὸ
3660 3618 3814 3688 γενέ-

2232 3714 2354 3768 σθαι
2388 3713 2601 3777 παῖδας,
2648 3711 2785 3783 μετὰ
2828 3712 2921 3765 τοῦ
2947 3710 3230 3782 βούλεσθαι
3264 3712 3539 3763 κοινωνεῖν
3568 3708 3809 3778 γυναικί.

2233 3807 2441 3874 Ὥσπερ
2466 3804 2595 3874 γὰρ,
2619 3804 2802 3874 φησὶν,
2841 3803 2933 3856 sib
2952 3848 2965 3867 ,
3000 3800 3246 3869 λέγοντός
3276 3817 3415 3863 τινος
3468 3800 3813 3870 Ἠγήσαρχον

2230 3899 2320 3952 τὸν
2352 3898 2562 3969 πύκτην
2582 3894 2964 3963 ἐξελεύσεσθαι
3008 3894 3101 3948 τοῦ
3151 3895 3359 3963 ἀγῶνος
3392 3892 3610 3957 πάντως
3639 3891 3815 3961 ἄπληο

2231 4005 2379 4053 κτον,
2408 3988 2622 4049 ἀτόπως
2648 3986 2714 4041 ἄν
2749 4004 2833 4051 τις
2858 3985 3012 4056 ἠξίου
3042 3984 3302 4039 καθιέντα
3352 3984 3451 4048 τὰς
3487 3986 3679 4056 χεῖρας
3721 3980 3814 4034 τὸν

2244 4082 2589 4151 Ἠγήσαρχον
2635 4079 2744 4151 (96)
2814 4078 3106 4150 μάχεσθαι,
3161 4080 3284 4132 emt
3346 4077 3619 4147 ἄπληκτον
3649 4073 3814 4128 αὑτὸν

2232 4173 2484 4227 ἀπελθεῖν
2511 4172 2863 4244 καθείμαρτο,
2884 4170 2978 4225 τοῦ
3001 4171 3099 4243 τὴν
3120 4170 3391 4241 ἀπόφασιν
3420 4168 3815 4240 ποιησαμένου,

2232 4266 2320 4320 διὰ
2350 4265 2461 4337 τὴν·
2475 4266 2866 4338 περιττοτέραν
2924 4262 3245 4336 τάνθρώπου
3286 4262 3421 4332 πρὸς
3448 4260 3508 4312 τὸ
3538 4258 3611 4329 μὴ
3643 4257 3815 4327 πλήτ-

2233 4357 2419 4411 τεσθαι
2447 4357 2714 4428 φυλακὴν,
2749 4355 2907 4411 τοῦτο
2949 4355 3214 4417 εἰπόντος·
3250 4352 3394 4406 οὕτω
3441 4350 3538 4405 καὶ
3584 4348 3815 4403 ἐπὶτῶν

2214 4612 2475 4683 μάρθαι).
2538 4611 2725 4684 Pergit
2765 4631 2776 4664 :
2824 4610 2881 4666 Si
2936 4620 3070 4684 esset
3114 4609 3315 4684 dictum
3359 4623 3430 4684 :_t
3498 4606 3813 4684 Luctabitur

2222 4680 2483 4753 Olympiis
2529 4680 2679 4744 Milo]
2718 4701 2734 4732 ι
2779 4691 2829 4734 et
2862 4681 3091 4753 referret
3140 4680 3342 4753 aliquis
3387 4680 3521 4753 (hoc
3547 4690 3657 4753 est,
3688 4681 3811 4753 κατ’

2220 4748 2599 4823 ἀνθυποφοραν
2635 4751 3040 4820 συλλογίζοιτο),
3068 4768 3090 4823 γι
3130 4749 3271 4823 Ergo
3298 4750 3403 4823 sine
3431 4748 3673 4803 habuerit
3714 4751 3812 4801 ad-

2219 4819 2533 4888 versarium,
2565 4825 2671 4877 sive
2704 4819 2814 4877 non,
2858 4822 3122 4884 habuerit,
3170 4819 3482 4883 luctabitur,
3517 4839 3534 4869 ι
3567 4828 3807 4880 erraret;

2219 4905 2295 4947 est
2323 4895 2463 4947 enim
2491 4893 2817 4961 copulatum,
2849 4893 3165 4955 luctabitur,
3192 4898 3317 4960 quia
3360 4892 3471 4944 sine
3503 4889 3808 4943 adversario

2221 4964 2371 5017 nulla
2407 4966 2626 5017 luctatio
2651 4973 2748 5016 est.
2782 4962 2973 5017 Omnes
3001 4963 3164 5030 igitur
3191 4962 3344 5013 istius
3372 4962 3571 5030 generis
3604 4961 3809 5029 captic-

2221 5051 2309 5088 nes
2353 5036 2533 5087 eodem
2582 5034 2735 5086 modo
2785 5029 3143 5094 refelluntur:
3180 5051 3198 5081 ι
3254 5029 3383 5085 Sive
3415 5043 3469 5083 tu
3502 5030 3808 5084 adhibueris

2220 5104 2505 5168 medicum,
2538 5104 2644 5156 sive
2672 5119 2775 5155 non
2801 5102 3125 5164 adhibueris,
3162 5101 3511 5159 convalesces.
3544 5119 3564 5151 ι
3599 5101 3808 5168 captio-

2220 5190 2372 5237 sum;
2414 5184 2518 5227 tam
2553 5175 2691 5225 enim
2731 5183 2806 5226 est
2836 5173 3022 5241 fatale,
3055 5173 3315 5225 medicum
3353 5172 3620 5229 adhibere.
3647 5185 3807 5241 quam

2220 5243 2594 5298 convalescere.
2630 5242 2781 5305 Hcce,
2818 5240 2875 5296 ut
2908 5242 3043 5303 dixi.
3080 5242 3375 5311 confatalia
3423 5241 3515 5294 ille
3547 5240 3798 5307 appellat.

2291 5314 2400 5384 (95)
2432 5314 2594 5369 Μετὰ
2622 5313 2749 5384 τοῦ.
2793 5310 2872 5367 Ita
2904 5322 3049 5369 recte
3097 5310 3201 5368 ms.
3231 5313 3416 5367 Altera
3458 5311 3646 5378 editio,
3680 5325 3804 5379 per-

2217 5399 2426 5455 peram,
2466 5384 2603 5455 μετα
2635 5383 2715 5437 τό.

2292 5453 2401 5523 κ96)
2460 5452 2852 5523 Ἠγήσαρχον.
2897 5452 3107 5524 Pugilis
3166 5453 3332 5521 hujus
3380 5454 3522 5507 inter
3547 5459 3806 5524 _c:eteros

2216 5519 2843 5578 Pausanias'houoritice
2872 5519 3138 5585 meminit,
3183 5519 3401 5579 Ἡλιακ.
3436 5523 3510 5576 B'.
3546 5519 3806 5575 Tritaeen-

2218 5608 2331 5647 sem
2364 5595 2513 5647 illum
2549 5593 2699 5657 facit,
2733 5593 3077 5649 llzetnostrati
3115 5591 3311 5657 lilium,
3337 5608 3498 5663 quem
3534 5592 3687 5646 testis
3719 5599 3802 5643 est

2218 5664 2450 5734 publicis
2478 5674 2713 5735 quatuor
2757 5666 3149 5721 certaminibus
3195 5662 3406 5722 nobiles
3449 5662 3801 5734 insignesque

2217 5735 2430 5805 palmas
2464 5735 2735 5792 retulisse.
