4162 6408
269 326 373 383 455

1432 318 1755 375 PREPAR.
1800 317 2054 374 EVANG.
2096 317 2226 373 LIB.
2280 318 2367 374 Vl.

3443 317 3549 375 454

269 448 446 502 ἄλλων
475 446 608 517 ἔχει.
647 443 824 499 Πολλὰ
851 442 959 516 γὰρ
987 442 1247 498 δύνασθαι
1303 455 1330 484 ιι
1377 443 1629 513 γενέσθαι
1695 442 1860 514 χωρὶς

1969 440 2080 497 fato
2108 458 2173 497 ex
2204 442 2446 498 universi
2488 440 2961 497 administratione
2993 450 3115 513 apta
3147 457 3266 498 esse
3296 457 3550 514 nexaque

268 538 363 592 τοῦ
394 539 489 590 καὶ
518 538 665 609 ἡμᾶς
697 535 1003 607 βούλεσθαι,
1045 538 1152 591 καὶ
1191 534 1580 604 ὲκτενεστάτην
1636 551 1701 603 γε
1726 535 1854 605 περὶ

270 629 408 683 αύτὰ
437 628 747 701 προθυμίαν
769 645 830 680 τε
860 629 955 681 καὶ
984 625 1221 698 σπουδὴν
1274 627 1624 698 ἐκφέρεσθαι,
1665 625 1851 695 ἐπειδὴ

275 721 412 794 μετὰ
431 720 645 783 τούτου,
679 720 863 791 φησὶν,
915 719 1056 773 αὐτὰ
1080 718 1331 788 γενέσθαι
1352 717 1707 789 καθείμαρτο.
1740 716 1854 769 Πά-

270 814 353 866 λιν
378 808 470 866 οὖν
493 811 771 865 κάνταῦθα
802 810 1102 883 θαυμάσειε
1127 828 1208 874 τις
1241 810 1370 865 τάνθ
1381 810 1562 881 ρώπου
1593 809 1652 862 τὸ
1679 808 1855 862 ἀθεώ-

275 922 436 976 ρητον
474 904 569 958 xui.
608 903 1036 973 ἀνεπιλόγιστον,
1090 905 1186 957 καὶ
1233 903 1342 956 τῶν
1380 901 1678 974 ὲναργειῶν
1718 900 1849 970 (97),

273 994 368 1047 καὶ
398 994 497 1065 τῆς
533 993 642 1046 τῶν
670 993 818 1047 ἰδίων
847 993 1020 1062 λόγων
1074 993 1485 1057 ἀνακολουθίας.
1525 991 1692 1065 Οἶμαι
1718 994 1850 1065 γὰρ,

273 1087 376 1151 ὃτι,
412 1085 662 1156 καθάπερ
701 1086 763 1139 τὸ
788 1086 1120 1157 καλούμενον
1159 1086 1330 1155 γλυκὺ
1352 1128 1366 1153 ,
1407 1086 1483 1158 τῷ
1534 1087 1853 1157 καλουμένῳ

273 1179 454 1250 πικρῷ
484 1178 829 1249 συμϐέϐηκεν
858 1178 1247 1234 ἐναντιώτατον
1280 1175 1440 1244 εἶναι,
1476 1178 1556 1249 τῷ
1583 1196 1643 1232 τε
1673 1178 1853 1249 λευκῷ

271 1273 334 1326 τὸ
363 1272 549 1344 μέλαν,
580 1274 671 1326 καὶ
697 1272 774 1343 τῷ
802 1272 996 1345 ψυχρῷ
1026 1273 1087 1325 τὸ
1111 1271 1330 1343 θερμόνο
1357 1272 1559 1324 οὑτωσὶ
1586 1271 1644 1323 δὲ
1677 1270 1853 1325 καὶτὸ

271 1366 563 1437 παρ’ἡμᾶς
578 1364 656 1435 τῷ
689 1364 811 1418 καθ’
839 1365 1203 1436 εἱμαρμένην·
1262 1365 1317 1418 εί
1338 1381 1402 1433 γε
1435 1364 1555 1418 καθ’
1580 1365 1852 1435 εἱμαρμέ-

268 1473 365 1527 νην
391 1457 487 1528 μὲν
513 1459 694 1509 ἐκεῖνα
725 1456 910 1510 καλεῖν
946 1456 1294 1527 προείληφεν,
1324 1456 1424 1509 ὅσα
1466 1456 1561 1509 καὶ
1618 1456 1853 1509 ἑκόντων

270 1547 425 1619 ἡμῶν
451 1548 545 1601 καὶ
572 1548 814 1602 ἀκόντων
861 1547 1079 1612 πάντως
1138 1547 1366 1617 γίνεται·
1428 1547 1558 1618 παρ’
1616 1549 1762 1618 ἡμᾶς
1794 1547 1852 1600 δὲ

268 1640 369 1693 ὃσα
392 1642 456 1693 ὲκ
486 1639 578 1693 τοῦ
614 1639 935 1704 σπουδάζειν
966 1640 1115 1710 ἡμᾶς
1144 1640 1239 1692 καὶ
1264 1641 1509 1710 ἐνεργεῖν
1567 1640 1659 1691 ἐπὶ
1699 1637 1852 1701 τέλος

268 1729 508 1801 ἔρχεται,
538 1730 571 1802 ἢ
598 1731 746 1803 παρὰ
773 1732 834 1786 τὸ
857 1732 1078 1803 ἀμελεῖν
1109 1732 1203 1785 καὶ
1229 1731 1493 1803 ῥᾳθυμεῖν
1539 1731 1639 1784 ούκ
1670 1732 1851 1783 ἐπιτε-

265 1820 459 1876 λεῖται.
506 1823 631 1877 Ἐάν
663 1822 845 1876 τοίνυν
868 1825 933 1876 ὲκ
962 1822 1056 1875 τοῦ
1087 1821 1410 1886 σπουδάζειν
1452 1822 1551 1893 ἐμὲ
1576 1821 1854 1891 θοιμάτιον

266 1914 557 1983 φυλάττειν
590 1917 766 1969 ἐκεῖνο
797 1914 1057 1987 σώζηται,
1087 1915 1179 1968 καὶ
1235 1917 1301 1968 ἐκ
1325 1913 1420 1968 τοῦ
1470 1913 1753 1984 βούλεσθαι
1785 1915 1853 1985 τῇ

263 2005 490 2072 γυναικὶ
515 2004 838 2077 πλησιάζειν
861 2006 929 2060 τὰ
956 2008 1124 2060 τέκνα
1150 2006 1391 2076 γίνηται,
1415 2006 1511 2059 καὶ
1532 2007 1597 2059 ὲκ
1619 2004 1712 2058 τοῦ
1742 2003 1859 2075 βού-

263 2090 456 2144 λεσθαι
482 2091 701 2161 φεύγειν
733 2095 862 2157 τοὺς
917 2094 1210 2166 πολεμίους
1246 2095 1307 2147 τὸ
1373 2094 1447 2166 μὴ
1494 2094 1857 2165 ἀποθνήσκειν

264 2182 363 2236 ὑπ’
398 2183 600 2249 αὐτῶν,
628 2185 720 2238 καὶ
751 2187 815 2238 ὲκ
855 2185 948 2239 τοῦ
998 2186 1360 2257 διαμάχεσθαι
1390 2186 1528 2256 πρὸς
1561 2187 1651 2239 τὸν
1690 2187 1856 2239 άντα-

261 2274 540 2345 γωνιστὴν
592 2275 871 2347 ἀνδρείως,
919 2276 1279 2344 φυλάττεσθαί
1330 2294 1390 2330 τε
1421 2277 1585 2330 αὑτοῦ
1629 2277 1727 2341 τὰς
1747 2277 1857 2330 τῶν

263 2364 472 2436 χειρῶν
506 2366 782 2433 ἐπιϐολάς,
812 2368 871 2421 τὸ
907 2367 1185 2439 ἄπληκτον
1219 2369 1283 2423 ὲκ
1307 2368 1400 2422 τοῦ
1442 2368 1653 2437 ἀγῶνος
1680 2366 1857 2421 ἀπαλ-

263 2458 587 2514 >.;ἷισσεσθαι’
629 2462 745 2525 πῶς
766 2462 826 2515 τὸ
875 2462 995 2517 καθ’
1025 2464 1366 2537 εἱμαρμένην
1421 2462 1656 2519 ἐνταῦθα
1684 2464 1857 2537 σωθή·

265 2567 463 2617 σεται;
491 2553 553 2606 Εἰ
589 2553 689 2623 μὲν
732 2555 838 2628 γὰρ
901 2558 1022 2609 κατ’
1055 2558 1273 2628 ἐκείνην
1317 2555 1490 2610 ταῦτα
1543 2555 1854 2629 συμϐαίνει,

266 2645 408 2715 παρ’
440 2646 589 2715 ἡμᾶς
639 2646 739 2699 οὒκ
782 2645 848 2700 ἂν
907 2647 1119 2715 λέγοιτο
1173 2646 1515 2719 συμϐαίνειν·
1559 2649 1609 2701 εί
1635 2647 1693 2701 δὲ
1723 2648 1856 2720 παρ’

265 2736 440 2806 ἡμᾶς,
466 2736 566 2789 οὐκ
599 2736 665 2792 ἂν
701 2741 821 2791 κατ’
844 2738 1059 2812 ἐκείνην
1090 2738 1313 2812 δηλαδὴ,
1339 2739 1427 2793 διὰ
1476 2740 1540 2793 τὸ
1596 2741 1670 2811 μὴ
1698 2739 1859 2793 δύνα-

268 2826 398 2881 σθαι
422 2829 748 2900 συνδραμεῖν
776 2829 949 2883 ταῦτα
1009 2830 1278 2902 ἀλλήλοις.
1331 2831 1491 2885 Ἀλλὰ
1553 2834 1682 2904 παρ’
1708 2833 1859 2903 ἡμᾶς

271 2917 579 2994 μενέσται,
625 2920 778 2991 φησὶ,
846 2921 1313 2992 περιειλημμένου
1369 2922 1552 2996 μέντοι
1599 2922 1695 2976 τοῦ
1724 2924 1857 2996 παρ’

269 2992 423 3083 ἡμᾶς
446 3011 550 3065 ὑπὸ
569 3012 669 3082 τῆς
698 3013 1060 3083 εἱμαρμένης.
1094 3012 1205 3064 Καὶ
1238 2992 1381 3077 πῶς,
1409 2992 1616 3083 εἴποιμ’
1645 3012 1733 3078 ἂν,
1762 2992 1860 3066 πε-

1957 534 2261 589 contendit.
2304 534 2483 604 Atque
2516 534 2562 588 is
2590 534 2776 588 hocin
2808 549 3041 604 genere,
3075 534 3388 602 huiusmodi
3422 536 3546 606 qui-

1955 626 2185 680 busdam
2230 626 2491 697 exemplis
2520 627 2712 680 utitur.
2755 624 2893 680 Nam
2938 635 2996 681 ut
3039 627 3165 696 quis
3200 636 3406 682 vestem
3434 643 3544 682 non

1955 717 2191 782 amittat,
2234 718 2433 788 inquit,
2458 719 2622 789 266
2665 719 2984 789 simpliciter
3026 720 3081 773 in
3139 718 3250 773 l‘ato
3304 735 3414 774 non
3442 728 3546 786 est,

1957 809 2050 863 sed
2074 824 2137 863 ea
2165 808 2384 863 demum
2430 811 2764 873 conditione,
2796 811 2840 865 si
2866 811 3149 881 diligenter
3177 826 3296 864 eam
3328 826 3549 866 conser-

1955 910 2083 955 vet:
2120 902 2221 967 sic,
2274 912 2334 957 ut
2359 918 2500 957 unus
2533 904 2733 973 aliquis
2760 918 2828 957 ex
2859 904 3098 958 hostium
3132 904 3388 959 manibus
3411 904 3549 960 libe-

1953 1004 2133 1059 retur,
2184 995 2229 1048 si
2260 995 2425 1049 modo
2448 995 2517 1049 ab
2544 996 2612 1051 iis
2638 996 2741 1050 sibi
2767 1004 2958 1050 caveat
2984 1014 2996 1049 :
3030 996 3142 1063 sic,
3185 1004 3244 1049 ut
3267 996 3392 1066 quis
3415 996 3550 1052 libe-

1955 1099 2048 1139 ros
2086 1086 2384 1156 suscipiat,
2431 1087 2475 1142 si
2502 1088 2706 1142 versari
2735 1097 2914 1143 tamen
2944 1104 3068 1144 cum
3097 1104 3267 1144 uxore
3291 1090 3548 1146 voluerit.

1955 1175 2427 1242 Quemadmodum
2473 1180 2656 1244 enim,
2702 1180 2914 1249 inquit,
2952 1182 3188 1236 absurde
3229 1180 3431 1237 faceret
3455 1182 3550 1252 qui

1955 1267 2361 1338 Hegesarclium
2409 1272 2668 1341 pugilem,
2725 1272 2871 1341 quod
2900 1287 3024 1326 eum
3060 1287 3289 1342 prorsus
3319 1272 3549 1327 illazsum

1954 1378 1985 1418 e
2011 1365 2310 1420 certamine
2352 1365 2726 1420 discessurum
2777 1365 3064 1427 audiisset,
3119 1364 3374 1419 demissis
3400 1364 3550 1434 ahje-

1954 1454 2165 1526 ctisque
2194 1456 2450 1511 manibus
2481 1472 2726 1526 pugnare
2750 1456 2944 1520 vellet,
2996 1457 3439 1527 quandoquidem
3469 1456 3551 1510 fa-

1956 1555 2069 1602 tum
2096 1547 2165 1601 ab
2199 1546 2346 1600 omni
2379 1561 2501 1600 eum
2532 1546 2684 1616 plaga
2733 1561 2987 1600 securum
3022 1554 3306 1616 praestaret
3354 1564 3368 1600 :
3422 1561 3548 1601 cum

1956 1638 2025 1704 is,
2056 1638 2216 1708 cujus
2243 1653 2308 1693 ea
2336 1652 2437 1692 vox
2467 1647 2635 1700 esset,
2678 1637 2729 1692 id
2757 1646 2964 1692 tantum
2990 1638 3060 1691 ob
3088 1637 3356 1707 insignem
3384 1646 3551 1707 atque

1958 1729 2285 1799 singularem
2342 1728 2581 1782 hominis
2631 1727 2685 1781 in
2731 1727 3068 1781 declinandis
3104 1727 3302 1781 ictibus
3339 1727 3552 1781 cautio-

1956 1835 2080 1873 nem
2102 1860 2117 1883 ,
2157 1818 2400 1873 futurum
2446 1819 2693 1872 dixisset.
2756 1817 2834 1872 Ita
2860 1819 3070 1874 caeteris
3094 1820 3147 1872 in
3172 1819 3335 1874 rebus
3358 1818 3551 1873 eodem

1957 1909 2117 1980 plane
2165 1911 2330 1963 modo
2376 1909 2875 1978 philosophandum
2902 1925 3043 1965 esse.
3103 1908 3551 1979 Quippe,multa

1956 2002 2137 2071 plane,
2188 2001 2294 2055 nisi
2321 2011 2375 2055 et
2406 2017 2467 2055 ea
2496 2003 2750 2067 velimus,
2780 2009 2834 2055 et
2861 2002 2915 2055 in
2940 2002 3129 2056 eadem
3170 2002 3437 2056 acerrima
3468 2002 3549 2056 si-

1958 2094 2073 2148 mul
2104 2096 2453 2149 contentione
2484 2111 2548 2150 ac
2580 2096 3063 2151 vehementissimo
3105 2098 3287 2152 studio
3335 2098 3553 2167 incum-

1956 2184 2188 2249 bamus,
2229 2184 2346 2239 ﬁeri
2379 2185 2529 2238 nullo
2561 2186 2724 2239 modo
2767 2201 2965 2255 posse,
3018 2194 3209 2256 utpote
3236 2203 3356 2256 quae
3379 2185 3555 2243 fatum

1958 2278 2030 2332 sit
2071 2293 2194 2331 cum
2242 2293 2306 2332 ea
2356 2286 2570 2332 tantum
2606 2278 2921 2333 conditione
2967 2278 3107 2333 ﬁeri.
3148 2277 3248 2333 Hic
3278 2293 3406 2333 vero
3427 2280 3554 2349 quis

1958 2385 2064 2423 non
2102 2370 2300 2424 iterum
2350 2369 2717 2425 inconsultam
2750 2379 2802 2425 et
2826 2371 3065 2440 ineptam
3105 2370 3344 2425 hominis
3377 2371 3556 2440 philo-

1958 2462 2230 2532 sophiam,
2263 2463 2350 2517 vel
2390 2464 2463 2517 ob
2506 2462 2805 2517 novitatem
2852 2462 3231 2531 probationum
3255 2464 3344 2517 vel
3370 2464 3439 2518 ob
3462 2478 3555 2518 ar-

1956 2560 2339 2621 gumentorum
2385 2551 2676 2607 discidium
2716 2551 2842 2622 jure
2867 2552 3134 2607 miretur?
3177 2551 3440 2622 Equidem
3471 2552 3555 2608 sic

1957 2644 2232 2709 existimo,
2254 2643 2423 2696 nihilo
2449 2642 2624 2712 magis
2648 2642 2814 2697 rebus
2841 2643 3071 2712 iis,quae
3094 2641 3208 2696 fato
3242 2643 3402 2709 fiunt,
3421 2657 3548 2697 cum

1958 2732 2050 2801 iis,
2095 2750 2218 2804 quae
2263 2742 2451 2789 nostra
2496 2748 2563 2787 ex
2606 2733 2887 2787 voluntate
2918 2736 3173 2803 pendent,
3204 2748 3366 2801 quam
3406 2733 3554 2789 dulci

1959 2843 2084 2883 cum
2114 2826 2335 2891 acerbo,
2369 2825 2451 2879 vel
2476 2824 2635 2894 nigro
2665 2839 2790 2878 cum
2824 2824 2968 2890 albo,
2992 2825 3074 2879 vel
3101 2824 3281 2879 calido
3304 2840 3432 2879 cum
3460 2825 3557 2879 l'ri-

1960 2919 2088 2990 gido
2120 2920 2431 2973 convenire.
2491 2915 2632 2971 Nam
2683 2926 2742 2970 ut
2775 2931 2838 2970 ea
2884 2916 2996 2970 fato
3038 2916 3308 2984 assignari
3334 2916 3554 2987 vulgata

1962 3019 2187 3073 notione
2228 3015 2441 3083 solent,
2486 3031 2611 3086 quae
2652 3015 2888 3069 velimus
2935 3013 3239 3069 nolimusve
3274 3014 3438 3080 ﬁant;
3474 3015 3556 3071 sic

275 3103 698 3177 ριειλημμένου;
724 3101 777 3153 εἴ
802 3118 866 3170 γε
893 3102 988 3155 καὶ
1019 3102 1081 3155 τὸ
1112 3103 1403 3172 φυλάττειν
1440 3103 1738 3175 θοιμάτιον,
1762 3104 1856 3158 καὶ

1962 3112 2248 3183 potestatis
2280 3126 2343 3166 ea
2380 3122 2583 3165 nostrae
2623 3116 2938 3174 censentur,
2991 3123 3115 3177 qua:
3140 3108 3223 3162 vel
3257 3109 3437 3164 studio
3469 3110 3556 3165 la-

270 3197 338 3252 τὸ
373 3197 447 3268 μὴ
506 3194 831 3265 φυλάττειν,
891 3195 999 3248 ἀπὸ
1046 3197 1142 3266 τῆς
1198 3193 1448 3259 ἐξουσίας
1502 3196 1712 3263 ἐγίνετο
1757 3195 1858 3265 τῆς

271 3289 437 3360 ἐμῆς
470 3286 615 3341 οὕτω
664 3286 775 3358 γὰρ
823 3287 917 3340 καὶ
960 3286 1055 3340 τοῦ
1092 3283 1362 3351 σώζεσθαι
1411 3287 1571 3341 τοῦτο
1621 3287 1862 3357 δηλονότι

272 3382 463 3454 κύριος
502 3380 569 3435 ἂν
594 3378 714 3451 είην
744 3379 873 3448 ἐγώ.
906 3379 1016 3433 Καὶ
1045 3376 1104 3443 ἐξ
1131 3381 1301 3451 αὐτῆς
1332 3380 1389 3433 δὲ
1428 3383 1528 3452 τῆς
1554 3379 1859 3451 διαστολῆς,

274 3477 344 3547 ἢν
380 3475 613 3527 ποιεῖται
658 3470 1003 3544 Χρύσιππος,
1034 3470 1193 3541 δῆλον
1244 3472 1453 3539 γίνεται
1499 3471 1862 3525 ἀπολελύσθαι

272 3567 377 3637 τῆς
401 3564 744 3637 εἱμαρμένης
778 3563 875 3635 τὴν
905 3565 1035 3635 παρ’
1061 3565 1212 3634 ἡμᾶς
1243 3563 1442 3617 αἰτίαν.
1477 3563 1863 3635 Καθείμαρται

273 3659 409 3730 γὰρ,
468 3657 623 3727 φησι,
680 3654 919 3726 σωθῆναι
952 3653 1251 3724 θοιμάτιον,
1287 3655 1335 3706 εί
1366 3653 1655 3724 φυλάττοις
1681 3654 1859 3707 τοῦτο’

275 3750 375 3805 καὶ
400 3749 597 3811 παῖδας
627 3746 868 3811 ἔσεσθαι,
909 3748 956 3799 εἰ
989 3747 1085 3799 καὶ
1115 3747 1180 3801 σὺ
1210 3746 1551 3818 βουληθείης
1575 3746 1750 3811 ἄλλως
1783 3746 1860 3811 δὲ,

279 3843 359 3916 μὴ
392 3842 459 3897 ἂν
488 3840 707 3895 ἔσεσθαί
730 3858 784 3895 τι
809 3841 1034 3898 τούτων.
1092 3842 1215 3895 Ἐπὶ
1257 3841 1315 3895 δὲ
1366 3841 1475 3895 τῶν
1508 3840 1614 3894 ὑπὸ
1662 3840 1760 3911 τῆς
1788 3841 1864 3892 εἱ-

280 3938 573 4011 μαρμένης
598 3936 1160 4010 προκατειλημμένων
1193 3937 1293 3989 οὐκ
1324 3934 1390 3990 ἄν
1423 3952 1557 3989 ποτε
1600 3934 1866 4005 ὑποτιμή-

278 4048 399 4086 σεσι
419 4030 698 4093 τοιαύταις
717 4029 1083 4102 χρησαίμεθα.
1110 4024 1319 4084 Οὐκοῦν
1344 4029 1373 4069 ι’
1405 4046 1587 4099 φαμεν
1610 4027 1863 4098 τεθνήξε-

280 4122 408 4177 σθαι
432 4122 609 4177 πάντα
635 4121 941 4195 ἄνθρωπον,
976 4123 1024 4174 εἰ
1044 4120 1165 4173 τόδε
1203 4137 1257 4173 τι
1308 4120 1535 4189 γένοιτο·
1576 4120 1649 4191 μὴ
1685 4119 1867 4191 τεθνήο

281 4214 471 4280 ξεσθαι
499 4214 576 4282 δὲ,
611 4215 659 4267 εί
704 4213 780 4286 μὴ
812 4213 1043 4284 γένοιτοο
1099 4212 1213 4267 ἀλλ’
1260 4211 1448 4276 ἁπλῶς
1488 4210 1862 4283 τεθνήξεσθαι,

276 4307 389 4377 κᾶν
414 4305 593 4361 ὁτιοῦν
615 4307 752 4380 πρὸς
778 4308 841 4360 τὸ
869 4307 943 4377 μὴ
969 4305 1333 4376 ἀποθνήσκειν
1377 4303 1606 4359 καθόλου
1638 4286 1863 4374 γίνοιτο.

283 4400 358 4452 Ἦ
382 4399 456 4471 μὴ
499 4399 791 4472 ἀλγηδόνος
838 4399 1057 4454 ἔσεσθαι
1114 4399 1363 4452 δεκτικὸν
1406 4397 1689 4469 ἄνθρωπόν
1719 4415 1863 4464 τινα,

1964 3205 2207 3274 boreque
2238 3211 2429 3257 nostro
2461 3202 2835 3274 perducantur
2865 3201 2931 3255 ad
2962 3200 3145 3268 linem,
3177 3202 3261 3255 vel
3290 3201 3558 3271 negligen-

1964 3295 2038 3349 tia
2071 3301 2260 3348 uostra
2296 3291 2611 3362 imperfecta
2660 3299 2998 3346 remaneant.
3066 3288 3123 3343 Si
3156 3306 3286 3360 ergo
3324 3301 3554 3358 vestem,

1964 3387 2112 3456 quod
2136 3385 2368 3455 diligens
2402 3384 2457 3437 in
2489 3399 2553 3439 ea
2575 3383 2946 3439 conservanda
2975 3381 3192 3448 fuerim,
3218 3398 3324 3437 non
3351 3383 3511 3440 amisi
3538 3403 3550 3439 :

1964 3479 2009 3535 si
2041 3479 2139 3532 abs
2169 3493 2254 3531 me
2278 3476 2433 3532 liberi
2460 3476 2858 3545 suscipiuntur,
2887 3474 3033 3544 qu'od
3064 3490 3178 3528 rem
3205 3474 3405 3529 habere
3430 3491 3556 3531 cum

1964 3589 2136 3628 uxore
2159 3572 2422 3626 voluerim
2453 3570 2534 3625 :si
2567 3570 2712 3640 quod
2743 3568 2877 3622 milii
2907 3568 2975 3622 ab
3000 3568 3252 3623 hostibus
3292 3569 3553 3635 caverim,

1963 3680 2154 3719 eorum
2184 3662 2437 3719 manibus
2462 3676 2570 3715 non
2603 3660 2785 3715 interii
2813 3678 2825 3714 :
2860 3659 2904 3714 si
2926 3661 3070 3729 quod
3098 3658 3312 3714 fortiter
3334 3675 3396 3714 ac
3422 3670 3559 3716 stre-

1963 3771 2072 3810 nue
2105 3769 2229 3810 cum
2256 3752 2575 3808 adversario
2607 3750 2951 3815 certaverim,
3003 3750 3231 3821 ejusque
3264 3751 3558 3822 petitiones

1964 3861 2156 3902 omnes
2185 3843 2431 3915 diligenti
2448 3844 2700 3899 cautione
2723 3842 3004 3906 cluserim,
3032 3841 3224 3897 eodem
3251 3844 3557 3899 certamine

1964 3939 2083 3993 sine
2112 3938 2270 4008 plaga
2314 3934 2607 3992 defunctus
2653 3949 2775 3990 sum
2809 3952 2822 3987 :
2852 3934 2947 4003 qui
2974 3933 3128 3988 locus
3160 3933 3215 3987 in
3262 3933 3348 3988 his
3389 3935 3557 3992 rebus

1966 4028 2077 4085 fato
2109 4026 2479 4097 relinquitur?
2531 4025 2825 4080 Enimvero
2852 4025 2898 4080 si
2934 4021 3047 4078 fato
3074 4023 3190 4078 haec
3215 4024 3400 4079 omnia
3427 4040 3559 4079 con-

1965 4122 2204 4192 tingunt,
2236 4120 2425 4174 eadem
2470 4119 2522 4172 vi
2558 4126 2745 4172 nostra
2792 4115 3089 4186 contigisse
3122 4129 3285 4168 nemo
3316 4114 3440 4184 jure
3473 4114 3559 4169 di-

1964 4215 2107 4269 xerit
2153 4232 2166 4267 :
2202 4212 2287 4267 siu
2330 4219 2512 4265 autem
2563 4208 2617 4263 vi
2661 4216 2870 4272 nostra,
2917 4205 3088 4260 fatum
3120 4204 3364 4274 profecto
3392 4203 3557 4260 simul

1965 4304 2311 4370 excludatur,
2354 4300 2501 4371 quod
2545 4299 2757 4354 nullum
2802 4298 2944 4353 inter
2979 4312 3099 4352 sese
3122 4297 3233 4351 duo
3277 4297 3378 4351 ista
3405 4311 3559 4352 com-

1967 4397 2232 4453 mercium
2261 4394 2464 4449 hahere
2501 4391 2736 4462 possint.
2776 4389 2913 4455 lmo,
2950 4389 3148 4459 inquit,
3193 4389 3245 4443 vi
3275 4389 3439 4443 simul
3462 4405 3558 4445 vo-

281 4492 391 4546 κᾶν
415 4492 534 4545 ταδὶ
582 4492 837 4565 πράσσοι·
885 4491 1022 4547 ἀλλὰ
1072 4492 1228 4545 πάντ’
1260 4491 1545 4563 ἄνθρωπον
1578 4490 1860 4562 ἀλγηδόνος

1970 4488 2197 4545 luntatis
2240 4494 2445 4541 nostra
2479 4483 2645 4550 (ient,
2674 4483 2821 4553 quod
2847 4497 2912 4537 ea
2955 4482 3039 4536 vis
3078 4480 3420 4554 facultasque
3452 4497 3556 4537 no-

284 4582 425 4639 εἷναι
447 4585 716 4648 δεκτικὸν,
748 4583 843 4638 ἐάν
869 4602 928 4638 τε
976 4584 1253 4657 βούληται,
1286 4585 1379 4637 ὲάν
1409 4600 1469 4636 τε
1500 4585 1596 4654 μή.
1629 4583 1741 4636 Καὶ
1768 4583 1868 4636 ὅσα

285 4676 424 4731 ἄλλα
478 4677 700 4741 οὑτωσὶ,
763 4678 859 4732 καὶ
909 4676 983 4749 μὴ
1036 4676 1230 4739 άλλως,
1293 4674 1435 4745 ἔχειν
1481 4673 1865 4746 καθείμαρται.

292 4772 457 4824 ’Ὥστε
488 4772 584 4825 καὶ
614 4781 637 4811 ο
669 4769 730 4823 τὸ
758 4769 1011 4840 γενέσθαι
1036 4768 1156 4822 τόδε
1193 4786 1248 4822 τι
1273 4767 1569 4837 ἀναγκαῖόν
1599 4770 1768 4825 ἐστιν,
1821 4766 1870 4818 εἰ

291 4862 685 4935 βουληθείημεν
708 4865 890 4935 ἡμεῖς,
913 4862 1087 4926 ἄλλως
1116 4862 1195 4927 δὲ,
1238 4862 1382 4934 οὐχίο
1413 4860 1667 4933 φανερὸν,
1698 4861 1779 4913 ὅτι
1811 4858 1871 4911 τὸ

288 4957 439 5027 ἡμᾶς
474 4954 797 5027 βουληθῆναι
828 4972 883 5009 τι
914 4957 1010 5009 καὶ
1040 4955 1114 5026 μὴ
1148 4953 1472 5026 βουληθῆναι
1498 4954 1589 5006 ὑπ’
1618 4951 1874 5022 οὐδεμιᾶς

290 5048 487 5119 ἑτέρας
517 5047 694 5110 αἰτίας
719 5046 1134 5118 προκατείχετο,
1168 5045 1280 5099 ἀλλ’
1301 5041 1369 5116 ἦν
1412 5042 1783 5108 αὐτεξούσιον.
1810 5043 1874 5095 Ei

290 5139 351 5192 δὲ
373 5138 531 5192 τοῦτο
552 5139 1035 5207 ἀκατανάγκαστον
1060 5135 1149 5210 ἦν,
1178 5138 1273 5192 καὶ
1292 5137 1353 5191 τὸ
1374 5137 1625 5206 γενέσθαι
1644 5135 1762 5189 τόδε
1799 5151 1876 5198 τι,

292 5231 472 5304 δῆλον,
504 5230 580 5294 ὡς
618 5231 714 5285 ἀπ’
746 5231 942 5293 αἰῶνος
968 5230 1030 5283 ού
1067 5229 1479 5302 προκατείχετω
1508 5227 1559 5280 εί
1593 5227 1666 5298 μή
1700 5243 1754 5278 τι
1783 5225 1879 5279 καὶ

292 5324 427 5378 αὐτὸ
457 5324 518 5377 τὸ
550 5322 832 5395 βούλεσθαι
864 5322 1155 5392 φυλάττειν
1174 5321 1473 5392 θοιμάτιον,
1500 5319 1535 5391 ἢ
1574 5319 1649 5390 μὴ
1692 5318 1877 5390 βούλε-

277 5494 286 5521 ε
366 5448 392 5479 ει
423 5455 513 5508 γρ.
551 5436 626 5508 μὴ
653 5436 768 5489 δύν.
846 5436 876 5475 ι»
909 5451 997 5503 7p.
1030 5431 1244 5487 οὔκουν.
1321 5443 1344 5471 α
1376 5431 1460 5486 ῑσ.
1496 5430 1565 5483 εί.

282 5593 288 5603 ε
367 5565 480 5643 (97)
524 5572 635 5627 Καὶ
686 5565 1570 5643 τῶφςςέναργειῷγηνθτθοινηυι
1621 5564 1868 5643 istae‘vel

296 5634 645 5713 (Ξίἱννέίρρί,⁸
660 5642 742 5713 vel
780 5634 1093 5713 Diogeniaui
1128 5637 1405 5713 ξνάργειαι
1439 5634 1869 5713 siut_ad_modum

298 5703 568 5785 évaéve‘tc'.
597 5703 725 5765 Mihi
743 5703 967 5785 quidem
997 5703 1350 5785 subobscura;
1377 5714 1523 5761 sunt.
1551 5703 1873 5785 Existimavi

299 5774 484 5841 tanien
531 5774 703 5843 novas
743 5774 1262 5841 bom'tniswationes
1295 5776 1377 5832 sic
1419 5774 1701 5848 appellari,
1734 5788 1873 5843 quas

1972 4590 2084 4637 stra
2112 4581 2231 4649 ipso
2258 4590 2475 4649 quoque
2502 4572 2613 4630 fato
2635 4574 2824 4629 clausa
2861 4581 3128 4628 teneatur.
3172 4571 3309 4640 Ain,
3351 4572 3443 4627 tu!
3478 4579 3561 4627 te-

1973 4671 2205 4726 neatur!
2257 4666 2363 4734 Qui
2412 4666 2529 4721 ﬁeri
2579 4664 2795 4736 possit?
2840 4680 2967 4719 nam
3011 4664 3057 4719 si
3094 4672 3302 4719 vestem
3346 4672 3401 4719 et
3429 4679 3560 4719 con-

1974 4777 2233 4827 servare,
2284 4769 2340 4815 et
2389 4774 2497 4813 nou
2562 4773 2929 4826 conservare,
2988 4756 3257 4812 libertatis
3314 4757 3556 4811 arbitrii-

1976 4871 2083 4924 que
2118 4854 2226 4908 mei
2266 4861 2350 4907 est
2393 4871 2406 4907 :
2446 4863 2592 4907 certe
2629 4858 2691 4905 ut
2727 4851 2914 4905 eadem
2979 4858 3351 4914 conservetur,
3396 4848 3558 4920 267

1976 4948 2032 5001 in
2089 4961 2211 5000 mea
2279 4960 2498 5016 quoque
2553 4951 2819 5014 potestate
2870 4941 3034 4997 situm
3093 4948 3196 4996 est.
3254 4937 3357 4994 Sed
3411 4939 3559 4994 enim

1976 5036 2266 5092 manifeste
2319 5035 2406 5089 vel
2453 5051 2519 5089 ex
2582 5034 2699 5103 ipsa
2740 5030 3027 5101 Chrysippi
3087 5028 3434 5084 distinctione
3473 5042 3559 5081 se-

1978 5129 2196 5199 quitur,
2255 5128 2662 5182 antecedentem
2713 5123 2768 5176 in
2830 5122 2990 5176 nobis
3033 5132 3257 5174 causam
3306 5118 3376 5171 ab
3409 5116 3559 5171 omni

1979 5219 2092 5276 fato
2122 5220 2347 5275 liberam
2373 5236 2438 5275 ac
2468 5218 2705 5273 solutam
2732 5229 2871 5270 esse.
2898 5211 3130 5280 Quippe,
3155 5216 3362 5264 vestem
3387 5207 3557 5274 enim,

1983 5314 2181 5385 inquit,
2217 5311 2536 5368 conservari
2584 5308 2756 5363 fatum
2804 5316 2918 5368 est,
2962 5303 3008 5357 si
3053 5316 3173 5356 eam
3217 5299 3555 5367 servaveris;

1976 5566 2095 5632 ipse
2138 5557 2773 5632 perspicuascrederet,
2822 5560 3079 5632 tanquam
3118 5565 3189 5632 ex
3242 5548 3558 5632 quptidiano

1978 5620 2163 5687 rerum
2192 5641 2245 5688 et
2265 5620 2650 5698 'exemplorum
2696 5639 2801 5684 usu
2832 5620 3277 5693 experientiaqué
3310 5620 3557 5691 deprom-

1979 5712 2121 5773 ptas.
