4162 6416
1550 184 1608 201 α*

572 270 701 335 ωδ.

1208 279 1479 339 EUSEBII
1518 284 2002 345 CESARIENSIS
2040 290 2194 346 OPP.
2237 290 2426 351 PARS
2463 293 2530 350 Il.
2570 324 2642 337 —
2677 293 3181 358 APOLOGETICA.

3735 307 3851 364 ‘56

579 394 788 464 suscipi
822 394 921 450 abs
954 404 1010 451 te
1044 395 1269 463 liberos.
1302 400 1350 455 si
1380 402 1647 460 volueris:
1685 419 1868 470 secus,
1899 416 2147 465 neutrum

2261 411 2407 479 σθαι,
2437 412 2592 485 παρά
2614 431 2737 467 τινα
2782 416 3149 489 εἱμαρμένην,
3182 420 3278 472 καὶ
3323 436 3469 475 κατα
3497 421 3677 474 αἰτίαν
3712 422 3848 486 ἐξῶ-

576 487 717 543 ﬂcri.
752 490 819 543 At
839 490 894 543 in
925 489 1013 556 iis,
1037 506 1161 561 quae
1183 490 1279 546 fati
1310 496 1613 552 necessitas
1643 508 1987 568 occupasset,
2026 516 2159 556 con-

576 580 877 637 ditionibus
904 582 1023 637 istis
1054 599 1335 656 nunquam
1374 596 1674 644 uteremur.
1705 587 1815 646 Nec
1855 593 2001 647 enim
2042 609 2160 648 mo-

576 669 811 725 riturum
845 672 1143 742 quemlibet
1174 677 1452 734 hominem
1508 680 1768 750 dicimus,
1807 683 1855 739 si
1880 685 2032 755 -quid
2072 685 2159 741 fa-

578 773 728 818 ctum
761 766 896 832 erit;
930 782 1039 820 non
1064 769 1419 837 moriturum,
1447 771 1492 827 si
1516 771 1722 828 factum
1754 790 1864 831 non
1889 777 2028 832 erit:
2063 777 2162 835 sed

575 857 737 927 plane
768 875 831 913 ac
865 862 1189 931 simpliciter
1226 864 1580 933 moriturum,
1622 868 1890 937 quidquid
1938 870 2161 926 demum

573 948 641 1003 ad
677 960 907 1006 mortem
958 954 1307 1010 devitandam
1363 957 1571 1013 factum
1619 961 1743 1016 erit.
1788 959 1900 1017 Nec
1951 974 2161 1018 certum

576 1041 835 1111 aliquem,
867 1043 914 1097 si
949 1044 1055 1099 hoc
1078 1045 1282 1101 illudve
1315 1047 1528 1114 fecerit,
1560 1052 1629 1105 ab
1657 1052 1805 1106 omni
1835 1051 2024 1108 dolore
2052 1054 2159 1108 im-

576 1149 799 1188 munem
856 1134 1136 1203 fututum;
1174 1148 1229 1192 at
1267 1139 1611 1209 simpliciter,
1647 1142 1923 1198 hominem
1971 1160 2163 1214 quem-

576 1226 730 1291 libet,
760 1228 891 1282 velit
938 1229 1095 1293 nolit,
1133 1230 1307 1286 dolori
1338 1247 1461 1287 esse
1502 1233 1825 1288 obnoxium.
1874 1234 2053 1305 Atque
2088 1238 2162 1290 ita

574 1317 641 1372 de
687 1318 900 1373 caeteris
947 1321 1222 1385 omnibus,
1264 1338 1387 1391 qua:
1428 1323 1533 1378 hoc
1577 1325 1762 1390 modo,
1808 1340 1918 1380 non
1977 1326 2158 1391 aliter,

575 1408 778 1465 habere
812 1426 931 1466 sese
980 1410 1152 1466 fatum
1184 1426 1287 1468 est.
1331 1413 1513 1480 Quare
1550 1416 1596 1470 si
1650 1416 1862 1487 aliquid
1913 1418 2031 1472 fieri
2066 1434 2163 1473 ne-

574 1515 727 1556 cesse
757 1513 867 1568 est,
904 1504 1066 1558 modo
1105 1504 1158 1559 id
1204 1505 1479 1573 velimus;
1536 1522 1698 1565 secus
1746 1518 1954 1577 autem,
1995 1509 2159 1564 mini-

2261 502 2355 557 Θεν
2388 504 2701 573 ἀναγκαίαν
2747 508 2974 575 ἐγίνετο.
3036 510 3174 562 Ἀλλ’
3224 511 3364 565 οὑτω
3395 512 3578 565 τέλεον
3629 514 3662 584 ἡ
3719 517 3850 587 παρ’

2260 598 2408 668 ἡμᾶς
2434 596 2814 670 ὲξουσιαστικὴ
2837 599 3062 671 δύναμις
3101 604 3404 674 ἀναιρεῖται
3426 645 3441 667 ,
3498 606 3592 658 καὶ
3638 607 3739 659 οὑκ
3768 606 3849 661 ἔτι

2263 686 2489 752 σώζοιτο
2520 688 2587 743 ἂν
2620 689 2899 761 θοιμάτιον
2934 694 3083 766 παρά
3132 695 3229 764 τὴν
3285 696 3465 750 αἰτίαν
3491 698 3591 768 τὴν
3619 697 3782 769 ἐμὴν,
3812 698 3847 771 ἢ

2263 780 2609 835 ἀπολλύοιτοο
2639 781 2719 835 διὸ
2753 784 2846 836 καὶ
2894 785 3013 855 εἴην
3069 785 3136 839 ἀν
3183 787 3295 857 ἐγὼ
3343 789 3440 842 καὶ
3474 790 3848 861 ἀπολλυμένου

2262 870 2474 935 τούτου,
2506 873 2648 926 κατὰ
2673 873 2829 941 λόγον
2849 874 2914 927 ἀν
2936 877 3255 948 ἐπιτίμητος
3279 891 3304 920 ι
3338 880 3493 951 (ἄλλη
3530 881 3638 952 γὰρ
3660 882 3789 936 ἀλλο
3822 883 3851 923 ιι

2262 979 2348 1026 τις
2383 962 2665 1017 ἀπώλλυεν
2694 964 2912 1033 αἰτία,),
2945 968 3038 1020 καὶ
3076 968 3383 1039 σωζομένου
3411 971 3572 1024 πάλιν
3600 972 3852 1042 οὐδαμῶς

2263 1053 2671 1125 ἐπαινούμενος,
2700 1057 2780 1108 ὅτι
2815 1057 2948 1127 μηδὲ
2973 1057 3130 1112 τοῦτο
3159 1060 3490 1131 εἰργαζόμην
3518 1060 3647 1130 ἐγώ.
3679 1064 3751 1117 Σὺ
3772 1063 3851 1128 δὲ,

2263 1146 2338 1210 ὼς
2363 1147 2535 1201 σῶσαι
2563 1148 2740 1203 πάντα
2770 1150 3085 1221 δυνάμενος,
3121 1153 3293 1218 οὕτως
3345 1155 3622 1208 ἀνετείνου
3658 1155 3738 1226 τῷ
3765 1156 3854 1209 λό-

2264 1253 2400 1307 γῳ.»
2435 1237 2623 1293 Ταῦτα
2655 1239 2755 1309 μὲν
2785 1243 2814 1294 ὁ
2869 1241 3235 1312 προδηλωῦεὶς
3273 1242 3430 1314 ἀνήρ.
3490 1244 3754 1315 Συνήφθω
3793 1246 3853 1300 δὲ

2263 1330 2473 1392 τούτοις
2503 1332 2597 1384 καὶ
2635 1331 2704 1384 τὰ
2733 1333 2842 1385 ἀπὸ
2899 1333 3006 1387 τῶν
3046 1335 3393 1409 Ἀλεξάνδρου
3441 1336 3535 1390 τοῦ
3604 1338 3853 1409 Ἀφροδι-

2265 1420 2446 1484 σιέως,
2477 1421 2669 1492 ἀνδρὸς
2697 1418 2755 1475 εὖ
2815 1424 2962 1494 μάλα
2993 1425 3284 1495 διαφανοῦς
3308 1430 3366 1480 ὲν
3393 1430 3506 1491 τοῖς
3535 1429 3675 1482 κατά
3703 1429 3853 1497 φιλο-

2266 1511 2457 1579 σοφίαν
2486 1510 2685 1578 λόγοις,
2717 1512 2775 1572 ὂς
2809 1514 2902 1566 καὶ
2933 1514 3096 1578 αὑτὸς
3119 1518 3296 1579 ἐντοῖς
3327 1517 3463 1584 Περί
3495 1519 3852 1586 εἱμαρμένης

573 1608 691 1648 me:
730 1595 901 1665 liquet
931 1596 1178 1662 omnino,
1234 1610 1292 1653 ut
1343 1600 1475 1655 illud
1527 1602 1708 1671 ipsum
1750 1611 1849 1657 aut
1894 1602 2147 1658 vellemus

2263 1602 2484 1656 τοιαῖσδ’
2512 1604 2783 1674 ἐχρήσατο
2813 1606 3016 1674 φωναῖς
3049 1609 3128 1670 εἰς
3166 1607 3473 1678 ἀνασκευὴν
3523 1607 3617 1661 τοῦ
3650 1608 3852 1679 δόγμα-

576 1694 672 1741 aut
701 1689 995 1755 nollemus,
1042 1707 1266 1748 causam
1310 1694 1474 1748 aliam
1535 1695 1947 1751 antecedentem
1988 1693 2160 1752 fuisse
2263 1712 2376 1759 τος·
2924 1708 2927 1709 ⁷

573 1774 813 1846 nullam;
851 1784 945 1838 sed
983 1794 1276 1856 utrumque
1315 1803 1543 1857 prorsus
1574 1791 1629 1844 in
1662 1799 1851 1845 nostra
1899 1799 2170 1861 potestate
2205 1790 2393 1846 situm.
2434 1790 2591 1857 Quod
2640 1791 2689 1847 si
2716 1790 2862 1845 nulla
2894 1791 2948 1845 id
2976 1792 3299 1847 necessitate
3353 1793 3711 1848 constrictum
3733 1803 3851 1873 est,

574 1881 634 1927 ut
673 1876 805 1929 certi
848 1880 1011 1932 etiam
1047 1879 1252 1949 aliquid
1297 1880 1413 1944 fiat,
1467 1890 1842 1953 antegressam
1901 1899 1968 1940 ex
2006 1883 2309 1939 aeternitate
2366 1899 2588 1939 causam
2647 1884 2852 1939 nullam
2907 1899 3030 1939 esse
3062 1894 3311 1939 constat:
3369 1887 3474 1940 nisi
3510 1886 3669 1950 forte,
3705 1887 3850 1956 quod

570 1972 777 2020 vestem
823 1983 1148 2024 conservare
1183 1978 1279 2024 aut
1313 1971 1648 2030 voluerimus
1682 1983 1781 2029 aut
1822 1974 2185 2041 noluerimus,
2229 1974 2333 2030 hoc
2381 1977 2560 2045 ipsum
2597 1974 2709 2031 fato
2738 1977 2995 2047 quodam,
3049 1986 3103 2032 et
3145 1990 3327 2033 causa:
3376 1977 3611 2048 alicujus
3646 1979 3850 2034 extrin—

572 2076 731 2117 secus
762 2072 1092 2133 antegrcssae
1118 2068 1442 2124 necessitate
1473 2068 1679 2126 factum
1712 2072 1948 2127 dicatur.
1981 2071 2170 2142 Atqui,
2213 2070 2461 2128 funditus
2515 2074 2620 2129 hoc
2665 2074 2828 2129 modo
2860 2073 3135 2129 facultatis
3164 2083 3219 2128 et
3266 2074 3477 2129 arbitrii
3507 2074 3679 2129 nostri
3712 2076 3850 2131 ratio

572 2148 895 2239 tolleretur:
929 2177 1031 2216 nec
1060 2162 1172 2231 jam
1209 2163 1264 2217 in
1297 2179 1385 2219 me
1413 2167 1580 2223 vestis
1610 2176 1706 2223 aut
1734 2170 2139 2236 conservandae,
2181 2177 2278 2224 aut
2315 2169 2625 2225 amittendae
2644 2184 2813 2225 causa
2861 2170 3240 2225 antecederet:
3291 2170 3535 2240 adeoque
3587 2178 3647 2224 ut
3675 2171 3846 2237 omni,

575 2251 658 2306 vel
693 2268 759 2307 ea
808 2254 1043 2323 perdita,
1112 2258 1536 2327 reprehensione
1574 2264 1773 2318 merito
1820 2277 2063 2318 carerem
2113 2262 2240 2334 (alia
2289 2265 2436 2319 enim
2487 2266 2827 2322 extrinsecus
2865 2266 3092 2337 jactura:
3135 2281 3303 2322 causa
3345 2265 3720 2336 praefuisset):
3767 2268 3850 2324 sic

572 2346 764 2402 eadem
798 2355 1142 2417 conservata;
1173 2352 1333 2408 laude
1369 2355 1516 2409 nulla
1546 2355 1748 2426 dignus
1781 2373 1982 2420 essem,
2014 2357 2161 2428 quod
2196 2373 2294 2428 per
2348 2374 2435 2414 me
2458 2369 2781 2415 conservata
2834 2377 2941 2416 non
2974 2362 3189 2417 fuisset.
3237 2359 3319 2415 Tu
3354 2376 3503 2427 vero,
3539 2362 3762 2431 perinde
3789 2372 3848 2419 ut

580 2440 631 2495 si
669 2440 788 2496 haec
832 2442 1017 2498 omnia
1061 2444 1353 2501 defendere
1412 2464 1519 2502 una
1568 2464 1782 2518 posses,
1823 2451 1897 2505 ita
1942 2452 2189 2506 oratione
2225 2452 2577 2507 contendisti.
2609 2472 2628 2505 ι
2659 2451 2785 2509 Haec
2814 2453 3202 2525 Diogenianus.
3257 2451 3378 2507 Jam
3417 2468 3547 2508 vero
3601 2455 3848 2524 superio-

569 2536 724 2592 ribus
762 2538 870 2594 illis
913 2538 1282 2597 Alexandrum
1318 2542 1719 2613 Apbrodiseum
1758 2547 2143 2618 adjungamus,
2178 2546 2274 2617 qui
2307 2556 2362 2602 et
2416 2547 2532 2619 ipse
2586 2548 2741 2605 libris
2792 2549 2882 2617 iis,
2913 2565 3053 2619 quos
3109 2549 3185 2603 De
3218 2549 3332 2618 fato
3372 2549 3560 2617 edidit,
3609 2549 3754 2606 hunc
3787 2551 3843 2605 in

582 2632 811 2686 modum
852 2636 1181 2690 sententiam
1215 2637 1375 2692 istam
1408 2640 1733 2696 confutavit.

1084 2729 1251 2800 268
1279 2730 1509 2788 CAPUT
1540 2733 1633 2791 IX.

686 2814 767 2871 De
794 2819 998 2886 eodem,
1037 2837 1103 2876 ea:
1135 2823 1429 2877 Alexandri
1467 2826 1783 2896 Aphrodisei
1815 2829 2044 2899 scriptis.

645 2995 661 3029 :
710 2976 939 3047 Boium,
978 2981 1178 3051 inquit,
1211 2984 1483 3050 omnium,
1513 2999 1636 3053 qua:
1666 2984 1836 3051 ﬁunt,
1891 2982 2153 3054 principia

569 3069 624 3124 in
654 3082 912 3141 quatuor,
940 3082 997 3127 ut
1030 3073 1250 3129 divinus
1282 3075 1598 3131 Aristoteles
1618 3076 1825 3145 docuit,
1859 3093 2151 3132 causarum

567 3176 767 3230 genera
796 3161 1134 3217 dividuntur.
1175 3163 1581 3236 Principiorum
1611 3168 1756 3222 enim
1790 3168 1894 3223 alia
1932 3171 2039 3224 vim
2071 3169 2152 3225 ef-

566 3248 807 3313 ficiendi,
849 3251 954 3305 alia
983 3254 1229 3308 materiae
1257 3256 1527 3310 rationem
1564 3257 1786 3312 habent.
1819 3255 1914 3313 His
1943 3259 2152 3314 accedit

567 3356 737 3396 causa
776 3340 1045 3406 formalis,
1084 3358 1150 3397 ac
1183 3355 1379 3414 praeter
1408 3348 1530 3402 illas
1559 3358 1691 3414 tres,
1728 3359 1984 3417 quartum
2010 3363 2150 3419 quo-

569 3450 676 3504 que
705 3434 1053 3505 principium,
1077 3436 1220 3500 ﬁnis,
1252 3437 1499 3508 inquam,
1524 3441 1683 3509 cujus
1709 3442 1880 3510 gratia
1898 3440 1976 3503 ﬁt,
1996 3442 2143 3511 quod

567 3526 818 3593 edicitur,
870 3531 1147 3585 numerari
1176 3530 1355 3586 debet.
1387 3532 1466 3585 Ac
1496 3541 1573 3585 tot
1596 3533 1814 3601 quidem
1854 3534 2149 3603 principio—

569 3630 693 3668 rum
746 3621 1065 3674 discrimina
1117 3631 1261 3677 recte
1312 3630 1649 3678 statuuntur.
1697 3620 1972 3692 Quidquid
2002 3625 2147 3677 enim

568 3716 648 3771 rei
681 3716 1061 3784 cujuscunque
1086 3714 1415 3784 principium
1449 3724 1551 3776 est,
1584 3715 1726 3768 idem
1759 3719 1826 3768 ad
1853 3731 2147 3770 causarum

569 3809 799 3863 istarum
840 3806 1077 3875 aliquam
1109 3806 1382 3875 pertinere
1410 3806 1671 3876 reperies.
1713 3803 1874 3871 Nam,
1922 3815 1982 3861 ut
2025 3820 2147 3875 quae

568 3899 725 3964 ﬁunt,
759 3908 839 3953 tot
867 3899 1049 3954 causis
1086 3914 1194 3952 non
1227 3898 1505 3967 indigeant
1548 3897 1770 3964 omnia;
1805 3913 1929 3968 qua:
1964 3908 2144 3953 tamen

568 3992 817 4062 pluribus
846 3990 1108 4060 indigent,
1146 4004 1209 4044 ea
1238 4004 1520 4059 nunquam
1564 3989 1901 4059 assignatum
1950 4006 2143 4043 nume-

2797 2733 3195 2788 ΚΕΦΑΛΑΙΟΝ
3241 2733 3318 2788 Θ’.

2265 2827 2398 2881 Ἔτι
2430 2821 2695 2893 περὶτοῦ
2724 2824 2909 2877 αὑτοῦ
2946 2824 3064 2877 ἀπὸ
3127 2823 3247 2877 τῶν
3289 2823 3685 2894 Ἀλεξάνδρου
3734 2822 3840 2881 τοῦ

2840 2896 2896 2947 Ἀ
2903 2894 3054 2963 φροδ
3058 2893 3276 2960 ισιέως.

2333 3005 2353 3038 ι
2386 2986 2684 3057 Διαιρεῖται
2718 2986 2775 3038 δὲ
2807 2985 2875 3039 τὰ
2912 2985 3022 3039 τῶν
3049 2985 3349 3056 γινομένων
3401 2986 3552 3040 αῖτια
3606 2989 3687 3052 εἰς
3714 2987 3839 3058 τρό-

2255 3095 2391 3141 πους
2420 3078 2609 3133 αἰτιῶν
2642 3078 2934 3149 τέσσαρας,
2971 3077 3157 3143 καθὼς
3221 3082 3249 3133 ὁ
3281 3079 3423 3144 Θεῖος
3464 3080 3839 3152 Ἀριστοτέλης

2251 3169 2479 3241 δέδειχε.
2517 3169 2637 3222 Τῶν
2674 3169 2784 3241 γὰρ
2823 3170 3010 3223 αἰτίων
3038 3169 3106 3223 τὰ
3153 3170 3253 3240 μὲν
3278 3169 3393 3223 ἔστι
3433 3170 3655 3241 ποιητὰ,
3686 3169 3756 3224 τά
3783 3168 3841 3224 δὲ

2252 3262 2385 3334 ὕλης
2417 3262 2683 3333 ἐπέχοντα
2713 3262 2889 3331 λόγον.
2922 3263 3080 3316 Ἐστι
3134 3261 3192 3316 δέ
3222 3279 3308 3326 τις
3350 3266 3407 3316 ὲν
3455 3264 3638 3326 αὑτοῖς
3678 3263 3771 3316 καὶ
3804 3262 3839 3334 ἠ

2252 3356 2395 3410 κατὰ
2425 3351 2564 3419 εἶδος
2590 3355 2756 3408 uitia:
2799 3354 2949 3427 παρά
3000 3355 3059 3406 δὲ
3083 3355 3181 3417 τὰς
3231 3358 3379 3425 τρεῖς
3410 3354 3610 3418 ταύτας
3635 3354 3838 3419 αἰτίας,

2249 3448 2400 3501 ἔστιν
2434 3449 2491 3499 ὲν
2531 3448 2714 3508 αὑτοῖς
2758 3448 2928 3500 αἰτιον
2952 3445 3046 3498 καὶ
3074 3445 3246 3507 τέλος,
3287 3437 3348 3496 οὗ
3406 3445 3563 3516 χάριν
3597 3444 3658 3497 τὸ
3687 3446 3837 3512 γινόο

2255 3554 2415 3607 μενον
2440 3536 2666 3605 γίνεται.
2706 3536 2817 3588 Καὶ
2850 3532 3107 3587 τοσαῦται
3145 3535 3240 3603 μὲν
3270 3535 3326 3586 αἰ
3368 3533 3474 3586 τῶν
3512 3535 3700 3587 αἰτίων
3726 3534 3836 3588 δια-

2249 3628 2433 3699 φοραί.
2460 3629 2527 3680 ’Ὀ
2555 3644 2606 3679 τι
2641 3627 2749 3697 γὰρ
2782 3626 2848 3678 ἂν
2880 3624 3052 3678 αἴτιον
3172 3641 3335 3689 τινος,
3373 3625 3478 3678 ὑπό
3530 3642 3583 3678 τι
3624 3624 3833 3679 τούτων

2247 3719 2354 3771 τῶν
2381 3716 2569 3771 αἰτιῶν
2591 3734 2653 3785 γε
2683 3715 3053 3787 εὑρεθήσεται.
3079 3715 3189 3769 Καὶ
3226 3715 3334 3787 γὰρ
3361 3717 3410 3769 εἰ
3445 3715 3521 3788 μὴ
3560 3715 3736 3771 πάντα
3762 3717 3833 3770 τὰ

2247 3808 2509 3878 γινόμενα
2539 3806 2807 3860 τοσούτων
2838 3805 3028 3859 αἰτιῶν
3056 3807 3247 3870 δεῖται,
3282 3806 3417 3860 ἀλλά
3468 3808 3538 3862 τά
3584 3824 3648 3876 γε
3678 3807 3831 3860 πλεί-

2249 3913 2387 3951 στων
2421 3896 2652 3968 δεόμενα
2681 3897 2780 3967 οὑχ
2803 3895 3120 3963 ὑπερϐαίνει
3150 3895 3239 3949 τὸν
3266 3897 3552 3969 εἰρημένον
3576 3896 3828 3968 ἀριθμόν.

2248 3987 2654 4060 Γνωριμωτέρα
2675 3987 2718 4041 δ’
2750 3986 2815 4041 ἂν
2849 3986 3028 4039 αὑτῶν
3066 3990 3098 4060 ἡ
3143 3988 3375 4060 διαφορά
3408 3988 3637 4055 γένοιτο,
3665 3989 3713 4040 εἰ
3738 3986 3831 4041 ἐπὶ

570 4099 690 4137 rum
723 4089 1008 4152 superant.
1047 4078 1247 4134 Verum
1293 4081 1559 4135 illustrior
1589 4081 1773 4134 futura
1818 4089 1903 4135 est
1951 4096 2139 4135 earum

2250 4080 2691 4154 παραδείγματός
2721 4099 2863 4146 τινος
2890 4082 2996 4137 τῶν
3021 4082 3321 4153 γινομένων
3375 4079 3616 4153 ὁραθείη.
3651 4079 3830 4133 Ἔστω

566 4173 900 4229 diversitatis
940 4174 1103 4237 ratio,
1142 4174 1187 4227 si
1221 4173 1275 4224 in
1314 4182 1465 4226 certo
1491 4169 1729 4238 quodam
1765 4185 1980 4234 eorum,
2021 4184 2144 4239 qua:

569 4265 726 4331 fiunt,
771 4265 1019 4336 exemplo
1060 4273 1334 4320 eernetur.
1361 4260 1602 4318 Exsistat
1633 4277 1762 4332 ergo
1803 4275 1834 4314 a
1882 4261 2041 4316 nobis
2085 4260 2142 4313 in

568 4366 771 4419 statua,
811 4356 1201 4427 principiorum
1242 4355 1402 4409 allata
1450 4355 1750 4410 distinctio.
1788 4352 1995 4408 Statua:
2040 4352 2141 4424 igi-

567 4460 658 4504 tur
695 4449 935 4504 eﬂiciens
972 4448 1299 4518 principium
1326 4446 1522 4501 artifex
1560 4447 1674 4517 ipse
1697 4454 1801 4509 est,
1832 4460 1993 4515 quem
2022 4460 2143 4515 pro-

565 4555 750 4613 pterea
799 4541 1128 4596 statuarium
1180 4540 1552 4610 appellamus:
1597 4538 1841 4608 ejusdem
1890 4539 2138 4601 materia,

565 4650 661 4698 aes,
689 4633 834 4703 quod
870 4633 970 4687 arti
1004 4632 1313 4702 subjicitur,
1345 4640 1440 4686 aut
1468 4631 1628 4699 lapis,
1660 4638 1757 4683 aut
1806 4629 1952 4684 aliud
1989 4629 2141 4698 ejus-

566 4725 714 4782 modi
743 4723 972 4795 aliquid,
999 4724 1143 4793 quod
1168 4723 1303 4778 artis
1341 4739 1407 4778 ex
1436 4722 1891 4794 praeceptionihus
1919 4722 2142 4776 confor-

566 4825 745 4870 metur
769 4832 783 4867 :
812 4829 936 4868 nam
962 4813 1013 4866 id
1040 4827 1255 4882 quoque
1279 4822 1471 4867 statuae
1496 4811 1790 4867 exsistendi
1815 4811 2140 4880 principium

563 4914 669 4960 est.
706 4903 927 4959 Accedit
968 4902 1184 4971 utrique
1226 4900 1422 4965 forma,
1458 4917 1581 4971 quae
1609 4901 1677 4955 ab
1718 4899 1926 4955 artiﬁce
1958 4901 2143 4970 subje-

564 5005 706 5049 ctam
741 4993 795 5047 in
822 4993 1104 5048 materiam
1136 4991 1431 5056 inducitur,
1463 5007 1694 5061 qumque
1720 4992 1927 5060 pariter
1947 5001 2141 5045 statua:

562 5086 893 5155 principium
922 5095 1025 5140 est.
1069 5083 1249 5151 Quare
1280 5083 1367 5136 vel
1397 5083 1608 5138 discum
1639 5082 1916 5152 jacientis.
1942 5082 2022 5135 vel
2047 5083 2138 5151 ja-

562 5175 800 5229 cnlantis
832 5176 885 5228 in
909 5189 1139 5239 morem,
1170 5173 1215 5227 si
1244 5171 1477 5226 formam
1512 5182 1745 5241 spectes,
1769 5171 1854 5225 vel
1872 5171 1977 5225 alia
2004 5187 2139 5239 qua-

565 5265 692 5321 libet
727 5267 988 5336 peculiari
1030 5263 1403 5335 singularique.
1441 5262 1614 5333 flgura
1648 5263 2002 5317 simulacrum
2041 5277 2138 5317 ex-

563 5371 813 5425 pressum
845 5367 945 5412 est.
968 5355 1079 5411 Nec
1112 5357 1215 5410 ista
1248 5355 1423 5411 solum
1448 5354 1746 5410 conflanda:
1769 5364 1963 5410 statua:
1984 5355 2138 5424 prin-

563 5446 703 5513 cipia
735 5456 895 5514 sunt;
938 5447 1072 5501 nulli
1107 5446 1379 5515 siquidem
1416 5458 1627 5504 eorum,
1667 5444 1771 5499 hoc
1818 5444 1873 5498 in
1915 5458 2133 5513 genere,

562 5535 689 5592 finis
717 5538 805 5591 ille
835 5539 997 5600 cedit,
1029 5538 1187 5607 cujus
1220 5537 1395 5609 gratia
1428 5537 1774 5602 elaboratur;
1820 5537 2133 5607 eujusmodi

561 5628 644 5681 vel
673 5627 955 5690 cujusdam
988 5629 1184 5693 honor,
1202 5629 1284 5683 vel
1304 5643 1431 5698 erga
1462 5625 1631 5682 Deum
1659 5628 1847 5699 religio
1876 5637 1978 5685 est.
2005 5626 2132 5686 llec

630 5731 655 5760 ι
693 5720 777 5776 τσ.
808 5721 1211 5794 ἀνεπιτίμητος.
1285 5723 1314 5764 δ
1348 5723 1435 5779 ισ.
1471 5722 1677 5779 ἄλλοτε.

2244 4172 2310 4245 δὴ
2340 4172 2427 4225 ἐπ’
2466 4172 2781 4244 ἀνδριάντος
2825 4175 2959 4244 ἡμῖν
3016 4175 3049 4245 ὴ
3091 4172 3199 4228 τῶν
3262 4171 3449 4227 αἰτίων
3504 4171 3829 4242 δεικνυμένη

2242 4264 2524 4335 διαίρεσις.
2554 4264 2662 4317 Τοῦ
2695 4265 2751 4318 δὲ
2783 4265 3095 4336 ἀνδριάντος
3120 4263 3196 4327 ὡς
3225 4263 3323 4334 μὲν
3347 4260 3624 4331 ποιητικὸν
3656 4259 3828 4313 αίτιον

2243 4356 2273 4408 ὁ
2307 4357 2542 4426 ποιήσας
2574 4356 2841 4427 τεχνίτης,
2870 4356 2929 4410 ὃν
2953 4352 3389 4425 ἀνδριαντοποιὸν
3418 4350 3709 4423 καλοῦμεν·
3751 4351 3828 4414 ὡς

2242 4444 2300 4498 δὲ
2330 4444 2428 4516 ῦλη
2467 4446 2496 4497 ὁ
2524 4444 2880 4516 ὑποκείμενος
2912 4444 3132 4514 χαλκὸς,
3164 4443 3196 4513 ἢ
3226 4440 3447 4512 λίϐος,ἢ
3477 4442 3506 4495 ὅ
3537 4444 3589 4495 τί
3617 4442 3665 4493 τ’
3703 4434 3825 4517 ἀνῇ

2242 4537 2304 4590 τὸ
2329 4536 2434 4590 ὑπὸ
2456 4535 2549 4589 τοῦ
2572 4535 2816 4607 τεχνίτου
2848 4534 3311 4606 σχηματιζόμενον
3328 4531 3468 4585 κατὰ
3492 4531 3591 4607 τὴν
3606 4531 3821 4602 τέχνην·

2244 4627 2417 4681 αἴτιον
2448 4626 2556 4699 γὰρ
2585 4627 2680 4679 καὶ
2713 4626 2871 4679 τοῦτο
2902 4625 2995 4678 τοῦ
3039 4625 3322 4694 γεγονέναι
3344 4640 3405 4676 τε
3441 4623 3535 4677 καὶ
3555 4603 3702 4675 εἶναι
3734 4622 3824 4675 τὸν

2244 4719 2555 4791 ἀνδριάντα.
2589 4719 2746 4772 Ἐστι
2786 4717 2842 4770 δὲ
2866 4718 2961 4770 καὶ
2991 4716 3053 4769 τὸ
3090 4714 3248 4780 εἶδος,
3303 4715 3363 4769 τὸ
3395 4717 3453 4768 ὲν
3499 4713 3578 4786 τῷ
3610 4716 3821 4768 ὑποκει-

2246 4810 2394 4882 μένῳ
2425 4807 2598 4879 τούτῳ
2626 4807 2918 4878 γενόμενον
2959 4805 3063 4860 ὑπὸ
3117 4805 3212 4859 τοῦ
3241 4804 3509 4875 τεχνίτου,
3564 4804 3659 4858 καὶ
3688 4801 3820 4857 αὑτὸ

2240 4899 2335 4953 τοῦ
2365 4898 2676 4970 ἀνδριάντος
2703 4898 2892 4950 αἴτιον.
2911 4896 3001 4948 Διὸ
3022 4891 3159 4959 εἶδός
3182 4896 3296 4948 ἐστι
3329 4892 3647 4965 δισκεῦον,ἢ
3667 4893 3810 4945 ἀκον-

2239 4991 2409 5055 τίζον,
2443 4990 2476 5061 ἢ
2515 4991 2599 5043 ἐπ’
2656 4989 2816 5043 ἄλλου
2873 4987 3017 5051 τινὸς
3054 4987 3358 5059 ὡρισμένου
3391 4987 3684 5057 σχήματος.
3740 4984 3816 5037 Οὐ

2244 5084 2403 5154 μόνον
2432 5082 2490 5134 δὲ
2516 5080 2693 5134 ταῦτα
2722 5080 2820 5150 τῆς
2849 5079 2941 5133 τοῦ
2995 5079 3307 5151 ἀνδριάντος
3336 5078 3601 5146 γενέσεως
3644 5074 3813 5129 αἴτια*

2236 5173 2354 5227 ἀλλ’
2384 5172 2529 5225 ἐστιν
2568 5171 2777 5234 οὐδενὸς
2805 5170 2913 5225 τῶν
2963 5171 3149 5224 αἰτίων
3179 5172 3278 5243 τῆς
3331 5170 3598 5239 γενέσεως
3649 5166 3813 5222 αὑτοῦ

2239 5264 2488 5336 δεύτερον
2507 5264 2568 5317 τὸ
2606 5263 2777 5327 τέλος,
2801 5258 2861 5317 οῦ
2889 5263 3048 5335 χάριν
3077 5262 3288 5332 γέγονε,
3315 5262 3590 5315 τουτέστιν
3618 5261 3652 5333 ἢ
3678 5260 3811 5331 τιμή

2241 5372 2406 5418 τινος.
2434 5354 2469 5425 ἢ
2511 5356 2588 5417 εἰς
2621 5353 2752 5407 Θεὸν
2782 5354 3033 5407 εὐσέϐειά
3055 5372 3157 5418 τις.
3188 5356 3348 5408 Ἀνευ
3387 5354 3495 5425 γὰρ
3526 5353 3624 5424 τῆς
3640 5350 3810 5405 τοιαύο

2241 5463 2341 5515 της
2366 5445 2545 5509 αἰτίας
2560 5445 2669 5498 οὐδ’
2694 5443 2760 5499 ἂν
2789 5446 2888 5516 τὴν
2917 5446 3091 5517 ἀρχὴν
3109 5447 3138 5497 ὁ
3164 5444 3388 5517 ἀνδριὰς
3414 5444 3657 5513 γέγονεν.
3694 5445 3809 5496 "Ov.

2238 5552 2346 5589 των
2365 5537 2542 5591 τοίνυν
2579 5536 2847 5591 τοσούτων
2878 5538 2987 5591 τῶν
3038 5537 3246 5603 αἰτίων,
3288 5537 3381 5589 καὶ
3426 5536 3522 5607 τὴν
3560 5535 3695 5608 πρὸς
3727 5536 3817 5590 ἀλ·

2238 5627 2375 5701 ληλα
2405 5630 2667 5702 διαφορὰν
2718 5631 2950 5702 ἑχόντων
2992 5629 3289 5701 γνώριμον,
3322 5629 3418 5700 τὴν
3472 5628 3811 5700 εἱμαρμένην
