4162 6446
368 356 471 411 457

1509 361 1835 419 PR/EPAR.
1880 362 2131 422 EVANG.
2178 364 2302 421 LIB.
2346 364 2435 420 Vl.

3530 374 3636 429 438

365 473 425 524 ἐν
456 473 571 535 τοῖς
614 475 918 543 ποιητικοῖς
967 473 1163 536 αἰτίοις
1210 471 1435 538 δικαίως
1480 473 1548 528 ἂν
1600 473 1931 546 καταριθμοῖ

2032 476 2208 535 enim
2258 492 2426 533 causa
2476 478 2521 532 si
2561 477 2794 545 deesset,
2840 494 2909 535 ne
2966 478 3157 536 aﬂ'ccla
3189 481 3408 550 quidem
3453 494 3509 538 et
3552 485 3640 539 in-

366 580 489 634 μεν,
526 563 818 632 ἀναλογίαν
847 562 1127 629 σώζουσαν
1162 566 1298 637 πρὸς
1337 566 1404 620 τὰ
1424 566 1684 638 γινόμενοι
1711 569 1832 619 κατ’
1858 567 1955 619 αύ-

360 653 460 724 τὴν
491 656 557 724 τῇ
582 652 676 705 τοῦ
718 654 1035 725 ἀνδριάντος
1066 654 1385 727 δημιουργῷ
1443 656 1632 730 τέχνῃ.
1666 656 1869 710 Τούτου
1896 657 1954 710 δὲ

358 744 533 808 οὕτως
568 744 805 816 ἔχοντος,
834 746 1127 800 ἀκόλουθον
1153 747 1219 801 ἂν
1249 747 1334 819 εἴη
1369 749 1498 821 περὶ
1526 749 1635 801 τῶν
1656 748 1953 819 ποιητικῶν

358 837 548 890 αἰτίων
582 837 912 906 ποιήσασθαι
942 839 1033 892 τὸν
1059 839 1238 908 λόγον’
1264 837 1408 891 οὕτω
1437 839 1544 909 γὰρ
1573 839 1723 893 ἔσται
1750 838 1952 910 γνώριν

363 944 463 998 μον
489 929 598 981 εἴτε
635 928 854 982 πάντων
885 929 993 982 τῶν
1053 930 1354 1001 γινομένων
1390 930 1496 1003 χρὴ
1524 930 1621 1001 τὴν
1674 931 1950 1003 εἱμαρμέ-

358 1036 457 1089 νην
484 1020 781 1085 αἰτιᾶσθαι,
824 1019 936 1074 εἴτε
965 1021 1029 1093 δὴ
1069 1022 1164 1075 καὶ
1223 1020 1406 1085 ἄλλοις
1438 1022 1550 1074 τισὶ
1594 1021 1745 1093 παρὰ
1791 1022 1949 1094 τήνδε

359 1115 684 1184 συγχωρεῖν,
713 1113 789 1177 ὡς
818 1108 938 1166 οὖσι
974 1116 1278 1184 ποιητικοῖς
1301 1131 1465 1167 τινων
1498 1114 1709 1176 αἰτίοις.
1761 1115 1951 1169 Ἀπάν-

354 1219 463 1256 των
490 1203 553 1274 δὴ
579 1202 687 1256 τῶν
720 1204 1023 1275 γινομένων
1082 1204 1462 1276 Ἀριστοτέλης
1505 1204 1826 1275 ποιούμενος
1851 1205 1948 1276 τὴν

353 1297 639 1369 διαίρεσιν,
668 1297 737 1351 τὰ
776 1299 873 1369 μὲν
919 1298 1100 1352 αὐτῶν
1127 1316 1271 1365 τινος
1314 1300 1473 1371 χάριν
1498 1300 1744 1370 γίνεσθαι
1770 1300 1944 1369 λέγει,

355 1389 556 1442 σκοπόν
583 1407 706 1444 τινα
742 1392 836 1443 καὶ
868 1391 1020 1455 τέλος
1075 1390 1181 1444 τῶν
1228 1392 1532 1462 γινομένων
1586 1392 1945 1463 προκείμενον

351 1478 569 1551 ἔχοντος
620 1480 714 1533 τοῦ
763 1480 1042 1545 ποιοῦντος
1070 1483 1231 1536 αύτά·
1276 1485 1344 1537 τά
1390 1483 1447 1536 δὲ
1489 1483 1723 1547 οὐδενὸς,
1758 1484 1856 1536 ὅσα
1883 1486 1943 1537 οὐ

352 1577 496 1627 κατὰ
522 1574 782 1646 πρόθεσίν
817 1593 938 1628 τινα
980 1575 1075 1629 τοῦ
1116 1575 1396 1638 ποιοῦντος
1442 1575 1673 1644 γίνεται,
1703 1576 1812 1630 οὐδ’
1852 1576 1944 1629 ἐπὶ

350 1667 503 1731 τέλος
532 1667 836 1739 ὡρισμένον
855 1668 968 1739 ἔχει
993 1669 1091 1738 τὴν
1138 1667 1434 1740 ἀναφοράν·
1490 1667 1735 1725 τοιαῦτα.
1766 1662 1878 1722 οἷόν
1915 1680 1942 1709 ι

348 1761 466 1815 ἐστι
494 1760 723 1832 καρφῶν
746 1761 806 1813 τέ
827 1777 989 1814 τινων
1010 1759 1413 1832 διακρατήσεις,
1434 1760 1528 1813 καὶ
1557 1759 1939 1831 περιστροφαὶ,

349 1855 445 1908 καὶ
469 1853 672 1924 τριχῶν
695 1853 904 1922 ἑπαφαί
942 1870 1002 1905 τε
1036 1853 1130 1905 καὶ
1161 1851 1439 1915 ἐκτάσεις,
1472 1851 1567 1905 καὶ
1602 1852 1704 1904 ὅσα
1730 1850 1942 1915 τούτοις

345 1944 547 2015 ὁμοίως
571 1945 802 2013 γίνεται.
849 1946 971 1997 Ὅτι
1009 1946 1106 2015 μὲν
1131 1943 1241 2014 γὰρ
1260 1943 1471 2012 γίνεται
1501 1944 1593 1997 καὶ
1616 1942 1776 2005 αὐτὰ,
1809 1942 1943 2010 γνώ-

349 2053 527 2107 ριμοψ
561 2038 621 2089 οὐ
648 2037 752 2107 μὴν
776 2036 889 2107 ἔχει
922 2036 1019 2107 τὴν
1050 2038 1193 2090 κατὰ
1214 2037 1273 2089 τὸ
1305 2036 1456 2100 τέλος
1502 2038 1596 2089 καὶ
1628 2037 1727 2107 τὴν
1755 2030 1815 2090 οὗ
1840 2036 1939 2105 χά-

348 2144 434 2198 ριν
462 2128 662 2180 αἰτίαν.
691 2127 774 2180 Τὰ
807 2128 904 2198 μὲν
927 2123 1019 2181 οὖν
1057 2127 1200 2181 οὕτω
1242 2128 1525 2197 γινόμενα,
1563 2127 1822 2191 ἀσκόπως
1849 2129 1941 2181 καὶ

345 2219 535 2283 ἁπλῶς
583 2219 864 2289 γινόμενα,
923 2219 1180 2290 οὐδεμίαν
1231 2219 1454 2287 εὔλογον
1510 2218 1621 2289 ἔχει
1652 2219 1934 2290 διαίρεσινο

344 2310 452 2363 τῶν
478 2310 535 2363 δὲ
556 2309 648 2362 ἐπί
674 2327 726 2361 τι
754 2308 852 2380 τὴν
881 2310 1159 2381 ἀναφορὰν
1186 2310 1441 2379 ἐχόντων,
1486 2309 1582 2362 καί
1621 2326 1765 2372 τινος
1794 2327 1940 2379 γινο-

348 2403 524 2473 μένων
553 2402 735 2472 χάριν,
768 2402 837 2455 τὰ
871 2402 969 2472 μὲν
993 2402 1135 2454 κατὰ
1168 2401 1350 2470 φύσιν,
1384 2400 1452 2453 τὰ
1503 2401 1559 2453 δὲ
1609 2401 1749 2456 κατὰ
1781 2402 1937 2470 λόγον

341 2494 576 2561 γίνεται.
604 2492 684 2545 Τά
711 2510 771 2545 τε
800 2493 909 2561 γάρ
962 2492 1124 2560 φύσιν
1160 2492 1339 2546 αἰτίαν
1394 2491 1587 2561 ἔχοντα
1636 2495 1736 2563 τῆς
1787 2494 1937 2560 γενέ-

340 2603 480 2650 σεως
506 2587 649 2641 κατά
668 2605 821 2651 τινας
858 2587 1126 2659 ἀριθμοὺς
1160 2586 1255 2637 καὶ
1287 2583 1440 2650 τάξιν
1466 2584 1778 2656 ὡρισμένην
1809 2585 1933 2656 πρός

337 2695 478 2733 εισιν
500 2679 591 2733 ex:
615 2698 668 2733 τι
699 2680 871 2744 τέλος,
894 2682 951 2733 ὲν
980 2673 1023 2747 ᾧ
1053 2679 1315 2749 γινόμενα
1339 2676 1433 2730 τοῦ
1461 2676 1707 2746 γίνεσθαι
1741 2678 1934 2732 παύον-

336 2789 449 2836 ται,
482 2773 529 2824 εἰ
556 2773 628 2843 μή
657 2789 709 2824 τι
737 2772 920 2834 αὐτοῖς
949 2771 1143 2825 ὲνστὰν
1175 2768 1428 2841 ἐμποδὼν
1459 2769 1663 2838 γίνοιτο
1691 2772 1756 2842 τῇ
1791 2770 1931 2826 κατὰ

337 2862 500 2933 φύσιν
535 2862 714 2917 αὐτῶν
747 2863 840 2915 ἐπὶ
865 2863 926 2916 τὸ
950 2863 1311 2933 προκείμενον
1352 2859 1476 2931 ὁδῷ.
1546 2860 1707 2914 Ἀλλὰ
1733 2862 1827 2914 καὶ
1861 2861 1931 2915 τὰ

338 2955 477 3009 κατὰ
524 2955 682 3024 λόγον
730 2955 994 3025 γινόμενα
1030 2955 1141 3025 ἔχει
1174 2972 1225 3007 τι
1255 2953 1431 3017 τέλος.
1491 2954 1659 3007 Οὐδὲν
1720 2952 1830 3025 γὰρ
1854 2953 1930 3018 ὡς

338 3046 494 3117 ἔτυχε
532 3046 643 3099 τῶν
677 3045 821 3099 κατὰ
847 3044 1007 3113 λόγον
1058 3044 1360 3116 γινομένων
1413 3043 1641 3112 γίνεται,
1684 3044 1798 3097 ἀλλ’
1838 3044 1929 3097 ἐπί

2057 568 2254 623 choata
2281 577 2462 625 statua
2491 568 2706 626 fuisset.
2739 569 2843 626 Tot
2875 587 3006 642 ergo
3045 588 3170 627 cum
3204 574 3314 627 sint
3342 575 3640 647 principio-

2056 674 2177 713 rum
2223 675 2442 729 genera,
2494 676 2729 730 quorum
2783 663 3079 717 discrimen
3122 663 3325 718 nemini
3366 680 3477 719 non
3516 682 3637 736 per-

2055 748 2308 818 spicuum
2342 758 2446 814 est,
2492 750 2665 806 fatum
2700 753 2839 806 inter
2876 752 3169 808 efﬁcientia
3217 753 3342 823 jure
3390 758 3636 812 censebi-

2054 857 2200 905 mus,
2233 858 2358 896 cum
2394 843 2449 896 in
2495 843 2659 897 rebus
2701 843 2787 908 iis,
2829 860 2950 913 quae
2985 842 3099 898 fato
3143 844 3300 909 ﬁunt,
3347 862 3472 900 cum
3517 857 3633 905 arte

2054 934 2309 989 statuarii
2341 935 2697 1004 proportione
2725 945 3096 1005 comparetur.
3141 935 3255 992 lloc
3293 946 3474 992 autem
3505 954 3631 993 cum

2052 1026 2126 1079 ita
2177 1041 2237 1081 se
2281 1026 2512 1089 habeat,
2562 1036 2990 1082 consentaneum
3039 1025 3206 1082 fuerit
3249 1028 3315 1081 de
3350 1028 3631 1100 principiis

2049 1117 2414 1173 efﬁcientibus
2435 1118 2858 1186 disputationem
2909 1120 3213 1175 instituere.
3245 1118 3339 1175 Sic
3369 1121 3513 1175 enim
3548 1122 3602 1176 fa

2049 1212 2209 1266 cilius
2236 1211 2587 1282 intelligetur,
2632 1213 2974 1278 omniumne,
3008 1228 3131 1282 quae
3153 1213 3309 1278 liunt,
3337 1214 3628 1283 assignan-

2048 1304 2114 1359 da
2156 1303 2269 1359 fato
2301 1320 2465 1359 causa
2501 1305 2593 1369 sit,
2623 1320 2691 1358 an
2715 1304 2838 1358 aliis
2866 1304 3033 1376 269
3049 1313 3309 1375 praeterea
3342 1306 3628 1359 nonnullis

2046 1397 2475 1461 concedendum,
2503 1405 2561 1450 ut
2581 1395 2871 1451 efﬁcientia
2901 1412 3083 1451 rerum
3106 1397 3465 1465 quarumdam
3484 1399 3629 1467 prin-

2047 1490 2187 1560 cipia
2221 1499 2566 1544 censeantur.
2598 1488 2921 1543 Aristoteles
2962 1487 3147 1558 igitur,
3182 1504 3304 1542 cum
3350 1490 3621 1554 omnium,

2047 1596 2169 1650 quae
2199 1579 2355 1646 ﬁunt,
2379 1581 2727 1650 partitionem
2755 1579 3085 1641 institueret,
3119 1579 3380 1633 nonnulla
3403 1581 3618 1651 quidem

2048 1674 2283 1744 alicujus
2315 1675 2390 1728 rei
2417 1674 2591 1744 gratia
2630 1674 2746 1728 ﬁeri
2781 1673 2987 1737 docuit,
3035 1689 3161 1729 cum
3208 1673 3450 1751 ipsorum
3486 1675 3622 1728 arti-

2046 1767 2133 1820 ﬁci
2160 1781 2360 1836 scopus
2386 1766 2568 1835 operis
2607 1766 2828 1835 quidam
2862 1774 2948 1819 est
2982 1764 3217 1835 ﬁnisque
3262 1750 3616 1833 propositus:

2043 1857 2149 1912 alia
2189 1872 2319 1911 vero
2348 1857 2572 1923 nullius,
2615 1856 2924 1926 cujusmodi
2952 1863 3101 1915 sunt,
3134 1870 3474 1925 quaecunque
3519 1872 3621 1909 au.

2040 1957 2163 2004 ctor
2220 1948 2372 2003 nullo
2438 1947 2672 2003 consilio
2735 1946 2957 2009 fecerit,
3015 1947 3335 2016 nullumque
3393 1947 3621 2015 proinde

2041 2048 2252 2095 certum
2289 2040 2355 2094 ad
2406 2039 2569 2094 ﬁnem
2623 2040 3018 2110 propriumque
3064 2037 3331 2092 retulerit.
3374 2037 3618 2108 Exempli

2039 2146 2205 2185 causa
2241 2131 2425 2200 paleas
2459 2130 2624 2184 modo
2669 2130 2926 2196 retinere,
2961 2129 3124 2184 modo
3149 2144 3402 2195 versare;
3443 2131 3617 2201 capi]-

2040 2224 2122 2279 los
2165 2225 2246 2279 vel
2296 2233 2586 2279 attrectare
2624 2225 2709 2279 vel
2744 2224 3056 2290 extendere,
3093 2238 3323 2294 quaeque
3363 2230 3492 2278 sunt
3520 2238 3615 2293 ge-

2040 2315 2186 2370 neris
2216 2314 2483 2384 ejusdem.
2525 2312 2664 2368 Nam
2713 2316 2816 2370 ista
2859 2330 3080 2386 quoque
3109 2315 3225 2368 ﬁeri
3266 2314 3614 2384 perspicuum

2036 2416 2140 2473 est,
2164 2409 2325 2462 ﬁnem
2361 2416 2543 2462 tamen
2577 2422 2662 2469 ea,
2699 2422 3014 2472 causamve,
3052 2407 3214 2473 cujus
3239 2408 3410 2478 gratia
3450 2407 3611 2470 ﬁant,

2035 2498 2239 2553 nullam
2286 2498 2507 2552 habent.
2550 2495 2747 2553 Verum
2782 2498 2884 2553 hoc
2917 2514 3101 2551 rerum
3134 2513 3324 2568 genus,
3359 2500 3500 2568 quod
3530 2499 3615 2553 in-

2033 2592 2383 2649 considerate
2417 2607 2480 2647 ac
2507 2599 2711 2645 temere
2734 2591 2848 2656 ﬁat,
2880 2605 3061 2646 causae
3098 2590 3233 2644 nihil
3276 2604 3383 2655 est,
3423 2608 3522 2646 cur
3546 2593 3614 2646 de

2031 2683 2319 2740 statuenda
2356 2680 2620 2752 peculiari
2653 2681 2772 2749 ejus
2800 2688 2927 2734 nota
2955 2689 3008 2734 et
3034 2678 3248 2734 ratione
3271 2680 3611 2736 laboremus.

2029 2774 2164 2842 ρυω
2191 2790 2321 2829 vero
2345 2773 2412 2827 ad
2446 2772 2581 2827 certi
2612 2770 2892 2841 quidpiam
2924 2768 3263 2832 referuntur,
3296 2778 3350 2823 et
3375 2770 3610 2839 alicujus

2029 2869 2204 2939 gratia
2230 2866 2390 2929 ﬁunt,
2422 2864 2620 2918 horum
2672 2863 2778 2916 alia
2833 2870 3045 2915 naturae
3091 2860 3259 2915 ductu
3294 2860 3458 2925 ﬁunt,
3504 2862 3610 2917 alia

2031 2958 2282 3014 rationis.
2310 2954 2447 3010 Nam
2479 2964 2533 3010 et
2567 2970 2689 3024 quae
2721 2951 3025 3007 naturalem
3067 2960 3221 3006 ortus
3258 2950 3342 3005 sui
3384 2965 3608 3005 causam

2032 3050 2254 3113 habent,
2300 3062 2363 3103 ea
2392 3046 2558 3102 certis
2600 3043 2929 3115 quibusdam
2963 3044 3229 3105 numeris.
3255 3052 3506 3114 statuque
3546 3059 3610 3100 ac

335 3156 461 3193 τινα
490 3138 693 3191 σκοπὸν
728 3141 760 3209 ἡ
796 3138 1046 3210 ἀναφορὰ
1079 3139 1245 3191 πᾶσιν
1274 3137 1476 3199 αὐτοῖς.
1510 3137 1666 3189 Ἔστι
1698 3135 1754 3188 δὲ
1786 3135 1929 3189 κατὰ

2032 3141 2255 3198 deﬁnito
2303 3138 2498 3193 ordine
2555 3134 2889 3207 singularem
2930 3135 2996 3188 ad
3042 3133 3205 3189 ﬁnem
3258 3134 3604 3205 perveniunt,

334 3229 493 3299 λόγον
516 3228 798 3299 γινόμενα,
820 3229 922 3282 ὅσα
952 3228 1055 3281 ὑπὸ
1100 3226 1207 3280 τῶν
1254 3224 1551 3279 ποιούντων
1599 3223 1739 3278 αὐτὰ
1781 3224 1926 3291 γίνε-

336 3337 446 3384 ται,
473 3319 845 3390 λογιζομένων
895 3318 952 3370 δὲ
986 3317 1116 3389 περὶ
1175 3316 1376 3379 αὐτῶν,
1420 3315 1515 3369 καὶ
1547 3314 1924 3380 συντιθέντων,

337 3412 459 3466 καθ’
489 3412 548 3466 ὃν
573 3412 638 3467 ἂν
674 3412 876 3483 τρόπον
905 3410 1140 3479 γένοιτο,
1165 3409 1309 3463 οὔτω
1332 3409 1563 3477 γίνεται·
1600 3408 1668 3461 τά
1688 3425 1748 3460 τε
1784 3406 1926 3460 κατὰ

336 3504 436 3567 τὰς
459 3504 654 3574 τέχνας
705 3505 967 3574 γινόμενα
1013 3502 1212 3565 πάντα,
1253 3502 1346 3554 καὶ
1382 3500 1522 3553 κατὰ
1568 3499 1919 3571 προαίρεσινο

336 3598 374 3653 ἃ
401 3599 647 3670 διαφέρει
676 3599 784 3651 τῶν
811 3596 1112 3667 γινομένων
1160 3593 1341 3663 φύσει,
1385 3591 1459 3663 τῷ
1502 3590 1569 3645 τὰ
1618 3591 1718 3662 μὲν
1765 3590 1923 3659 φύσει

334 3689 595 3759 γινόμενα
626 3689 684 3739 ὲν
711 3687 893 3748 αὐτοῖς
914 3684 1057 3754 ἔχειν
1078 3685 1177 3753 τὴν
1208 3683 1383 3753 ἀρχὴν
1410 3699 1470 3735 τε
1493 3682 1587 3735 καὶ
1623 3680 1723 3743 τὰς
1746 3679 1923 3742 αἰτίας

331 3778 435 3849 τῆς
456 3777 711 3849 τοιαύτης
739 3777 1004 3845 γενέσεως
1034 3774 1311 3846 (τοιοῦτον
1355 3773 1463 3843 γὰρ
1506 3773 1540 3843 ἡ
1591 3769 1795 3840 φύσις)’
1829 3770 1922 3823 καὶ

334 3868 581 3939 γίνεσθαι
619 3869 717 3940 μὲν
756 3867 897 3921 κατὰ
925 3865 1077 3931 τάξιν
1107 3865 1252 3931 τινὰ,
1282 3866 1343 3918 οὐ
1393 3864 1500 3934 μὴν
1527 3863 1627 3932 τῆς
1665 3862 1923 3932 ποιούσης

333 3962 477 4018 αὐτὰ
506 3961 720 4030 φύσεως
746 3959 949 4030 ὁμοίως
977 3961 1098 4022 ταῖς
1124 3958 1345 4029 τέχναις
1385 3953 1632 4025 λογισμῷ
1659 3954 1787 4025 περὶ
1826 3953 1924 4006 αὺ-

332 4052 445 4108 τῶν
474 4054 784 4125 χρωμένης
811 4053 880 4105 τὰ
908 4051 965 4103 δὲ
991 4051 1253 4120 γινόμενα
1309 4048 1452 4102 κατὰ
1482 4046 1677 4117 τέχνην
1732 4063 1793 4098 τε
1826 4044 1922 4097 καὶ

335 4146 680 4217 προαίρεσιν,
710 4143 910 4209 ἔξωθεν
935 4143 1048 4214 ἔχει
1072 4142 1172 4213 τὴν
1190 4141 1368 4212 ἀρχὴν
1394 4142 1491 4207 τῆς
1514 4139 1800 4209 κινήσεως,
1828 4138 1922 4189 καὶ

331 4238 435 4309 τὴν
462 4239 641 4291 αἰτίαν
670 4237 768 4309 τὴν
793 4235 1073 4291 ποιοῦσαν·
1112 4233 1225 4287 ἀλλ’
1256 4234 1357 4286 οὐκ
1380 4233 1436 4284 ὲν
1471 4232 1655 4293 αὐτοῖς
1678 4229 1773 4283 καὶ
1818 4227 1920 4297 τῆς

334 4329 605 4398 γενέσεως
626 4328 807 4383 αὐτῶν
836 4329 864 4381 ὁ
895 4326 986 4381 τοῦ
1008 4324 1289 4387 ποιοῦντος
1323 4325 1539 4392 ἡγεῖται
1578 4320 1708 4392 περὶ
1740 4317 1920 4373 αὐτῶν

304 4478 305 4481 η
334 4420 617 4492 λογισμός.
651 4421 847 4495 Τρίτον
881 4419 939 4473 δέ
969 4420 1116 4472 ἐστιν
1151 4419 1209 4471 ἐν
1244 4419 1357 4479 τοῖς
1389 4414 1552 4468 ἕνεκά
1573 4430 1664 4466 του
1697 4409 1919 4481 γινομέ-

2028 3247 2193 3306 quem
2233 3229 2322 3283 ubi
2383 3235 2635 3282 assecuta
2690 3233 2838 3289 sunt,
2883 3233 2999 3280 tum
3042 3224 3261 3279 demum
3302 3225 3419 3279 ﬁeri
3463 3226 3608 3281 desi-

2028 3331 2201 3389 nunt;
2236 3318 2342 3374 nisi
2369 3317 2500 3388 quid
2526 3317 2593 3371 iis
2630 3326 2905 3383 occurrat,
2945 3316 3093 3385 quod
3122 3316 3428 3370 naturalem
3456 3316 3607 3385 ipso-

2027 3432 2148 3471 rum
2190 3415 2256 3469 ad
2295 3413 2371 3478 id,
2402 3411 2550 3482 quod
2593 3410 2698 3465 sibi
2733 3410 3074 3479 propositum
3108 3418 3211 3477 est,
3241 3424 3464 3463 cursum
3497 3409 3602 3462 im-

2025 3508 2226 3578 pediat.
2285 3503 2548 3560 Similiter
2601 3517 2723 3572 quae
2771 3500 2984 3554 ratione
3034 3498 3190 3565 ﬁunt,
3238 3499 3478 3557 aliquem
3534 3499 3604 3553 ad

2023 3600 2188 3655 ﬁnem
2238 3602 2505 3666 spectant.
2543 3591 2691 3646 Nihil
2725 3591 2895 3654 enim,
2927 3590 3072 3658 quod
3106 3589 3320 3643 ratione
3368 3590 3479 3655 ﬁat,
3521 3597 3604 3644 te~

2024 3707 2174 3746 mere
2205 3690 2324 3745 ﬁeri
2360 3697 2562 3759 potest.
2604 3684 2881 3755 Quidquid
2912 3683 3181 3749 ejusmodi
3227 3693 3330 3748 est,
3375 3697 3601 3752 scopum

2024 3784 2091 3839 ad
2124 3783 2362 3852 aliquem
2408 3777 2678 3834 referatur
2713 3790 2939 3831 necesse
2979 3783 3084 3830 est.
3118 3773 3239 3829 Jam
3293 3790 3353 3829 ea
3376 3776 3602 3837 ratione

2025 3872 2143 3928 ﬁeri
2181 3871 2462 3934 dicuntur,
2502 3883 2626 3937 qua:
2673 3866 2789 3921 suis
2832 3866 2900 3920 ab
2944 3866 3282 3931 auctoribus,
3332 3865 3601 3934 quemad-

2023 3963 2245 4019 modum
2276 3961 2517 4031 quidque
2546 3958 2662 4012 ﬁeri
2700 3957 2915 4021 debeat,
2967 3965 3226 4010 accurate
3266 3970 3452 4009 secum
3483 3971 3599 4011 ma.

2023 4067 2251 4124 tureque
2280 4049 3025 4124 cogitantibus,efﬁciuntur.
3068 4047 3245 4116 Atque
3282 4047 3597 4116 hujusmodi

2022 4157 2170 4211 sunt,
2202 4162 2325 4200 cum
2356 4159 2443 4208 ea,
2479 4156 2602 4211 quae
2643 4140 2776 4194 artis
2806 4136 3282 4208 praeceptionibus,
3321 4145 3435 4189 tum
3476 4150 3598 4204 quae

2021 4238 2301 4293 voluntate
2345 4232 2687 4300 consilioque
2728 4228 2885 4286 ﬁunt.
2920 4227 3191 4281 Caeterum
3229 4226 3344 4281 haec
3377 4227 3517 4280 inter
3544 4235 3597 4280 et

2020 4343 2083 4382 ea
2112 4343 2233 4397 qua:
2274 4334 2528 4378 naturam
2552 4328 2877 4390 sequuntur,
2908 4316 3013 4370 hoc
3036 4315 3291 4380 interest;
3325 4314 3467 4385 quod
3506 4315 3596 4368 illa

2021 4417 2352 4489 principium
2405 4415 2459 4468 in
2511 4429 2569 4468 se
2618 4412 2752 4481 ipsis
2791 4418 2947 4464 ortus
2994 4407 3078 4463 sui
3113 4422 3421 4476 causasque
3467 4422 3595 4477 pro-

334 4531 446 4577 νοις
471 4513 568 4566 καὶ
595 4511 663 4566 τὰ
690 4512 798 4565 ἀπὸ
822 4510 992 4582 τύχης
1012 4527 1072 4564 τε
1096 4509 1192 4563 καὶ
1221 4507 1316 4562 τοῦ
1335 4506 1642 4577 αὐτομάτου
1674 4502 1919 4573 γίνεσθαι

2032 4511 2173 4581 prias
2201 4509 2437 4563 habeant
2461 4505 2606 4577 (talis
2637 4505 2780 4559 enim
2811 4518 2878 4558 ex
2905 4517 3023 4558 sese
3051 4510 3246 4554 natura
3273 4499 3406 4570 est);
3441 4514 3595 4553 cum-

334 4605 765 4677 πεπιστευμέναο
797 4603 971 4675 ταύτῃ
1010 4601 1121 4657 τῶν
1156 4599 1585 4670 προηγουμένως
1616 4596 1778 4650 ’ένεκά
1822 4611 1917 4647 του

334 4698 637 4768 γινομένων
664 4696 1009 4767 διαφέροντα,
1112 4695 1203 4746 ἐπ’
1224 4692 1447 4745 ἐκείνων
1471 4690 1570 4760 μὲν
1597 4687 1666 4741 τὰ
1695 4687 1802 4757 πρὸ
1823 4684 1916 4739 τοῦ

335 4788 542 4855 τέλους,
580 4787 675 4842 τοῦ
703 4789 888 4851 τέλους
935 4788 1095 4858 χάριν
1127 4786 1356 4853 γίνεται’
1388 4783 1482 4835 ἐπὶ
1525 4780 1583 4834 δὲ
1613 4778 1818 4832 τούτων
1852 4775 1921 4830 τὰ

341 4883 439 4935 μὲν
470 4883 727 4952 γινόμενα
772 4880 878 4953 πρὸ
918 4878 1012 4933 τοῦ
1062 4878 1247 4939 τέλους
1273 4875 1436 4930 ἄλλου
1469 4872 1630 4944 χάριν
1687 4869 1917 4938 γίνεται,

336 4974 553 5045 ἀπαντᾷ
571 4973 629 5025 δὲ
657 4975 841 5035 αὐτοῖς
871 4970 1032 5024 ἄλλου
1066 4969 1224 5040 χάριν
1267 4965 1592 5037 γινομένοις,
1637 4962 1714 5025 ὡς
1744 4959 1917 5024 τέλος,

335 5065 397 5118 τὸ
428 5065 749 5136 αὐτομάτως
770 5081 830 5117 τε
863 5063 958 5117 καὶ⁹
990 5061 1099 5114 ἀπὸ
1132 5058 1302 5130 τύχης
1335 5056 1580 5126 γίνεσθαι
1606 5052 1916 5122 λεγόμενον.

335 5157 554 5213 Τουτων
583 5158 639 5211 δὲ
665 5159 836 5220 οὕτως
868 5157 1121 5227 ἐχόντων,
1163 5153 1257 5207 καὶ
1304 5151 1522 5206 πάντων
1553 5147 1661 5201 τῶν
1696 5143 1917 5215 γινομέ-

334 5267 443 5305 νων
474 5251 554 5313 εἰς
570 5249 791 5312 τούτους
811 5252 936 5313 τοὺς
961 5250 1216 5321 τρόπους,
1240 5240 1644 5314 νενεμημένων,
1693 5238 1920 5293 ἀκόλου-

333 5341 430 5398 θον
459 5344 552 5396 ἐπὶ
582 5360 790 5405 τούτοις
827 5341 974 5405 ἰδεῖν,
1006 5344 1064 5393 ὲν
1095 5338 1200 5391 τίνι
1224 5336 1333 5391 τῶν
1388 5330 1684 5403 ποιητικῶν
1730 5328 1919 5382 αἰτίων

335 5433 443 5508 χρὴ
472 5433 675 5487 τιθέναι
702 5435 797 5504 τὴν
823 5432 1181 5504 εἱμαρμένην.
1206 5424 1355 5499 *Αρά
1375 5442 1439 5495 γε
1475 5427 1532 5477 ὲν
1569 5427 1681 5487 τοῖς
1707 5420 1918 5485 οὐδενὸς

336 5527 643 5597 γινομένοις
666 5525 825 5596 χάριν
850 5541 865 5589 ;
894 5523 928 5594 ἢ
956 5522 1114 5576 τοῦτο
1164 5520 1263 5590 μὲν
1311 5518 1652 5572 παντάπασιν
1696 5512 1915 5580 ἄλογονς

336 5618 427 5670 ἀεὶ
476 5617 585 5689 γάρ
614 5619 707 5669 ἐπὶ
761 5616 948 5677 τέλους
998 5613 1141 5675 τινος
1165 5611 1241 5682 τῷ
1291 5611 1390 5681 τῆς
1440 5605 1777 5679 εἱμαρμένης
1803 5603 1918 5656 ὀνό-

340 5724 473 5781 ματι
499 5706 782 5780 χρώμεθα,
810 5706 931 5760 καθ’
956 5703 1293 5776 εἱμαρμένην
1310 5719 1369 5753 τε
1392 5700 1523 5754 αὐτὸ
1550 5698 1795 5768 λέγοντες
1821 5711 1915 5750 νε-

412 5810 442 5843 ι
479 5798 566 5854 ῑσ.
593 5797 703 5855 οὖν.

827 5895 1091 5955 Pauor.
1130 5890 1246 5951 Gn.
1279 5888 1450 5951 ΧΧΙ.

2019 4615 2126 4672 que
2152 4608 2302 4654 certo
2336 4598 2572 4667 quodam
2612 4594 2803 4650 ordine
2846 4593 2964 4648 ﬁeri
2994 4592 3230 4658 soleant,
3275 4605 3466 4646 eorum
3504 4599 3592 4644 ta-

2020 4707 2144 4745 men
2183 4688 2424 4745 effectrix
2469 4694 2686 4750 natura,
2739 4700 2848 4741 non
2896 4685 3008 4752 jam
3050 4682 3494 4745 ratiocinatione,
3534 4692 3593 4736 ut

2019 4782 2082 4837 ﬁt
2119 4783 2174 4835 in
2206 4780 2434 4846 artibus,
2465 4778 2521 4833 in
2556 4777 2748 4833 iisdem
2780 4775 3084 4831 efﬁciendis
3115 4783 3334 4829 utatur:
3383 4781 3441 4827 at
3471 4788 3593 4843 quas

2019 4874 2105 4929 vel
2134 4883 2250 4928 arte
2280 4872 2365 4928 vel
2401 4870 2637 4927 consilio
2665 4870 2824 4935 ﬁunt,
2855 4870 2923 4925 iis
2962 4884 3063 4923 nec
3109 4867 3162 4921 in
3205 4882 3265 4922 se
3309 4865 3464 4936 ipsis,
3497 4865 3589 4919 sed

2020 4966 2362 5021 extrinsecus
2392 4973 2447 5018 et
2475 4971 2657 5018 motus
2691 4960 3042 5032 principium,
3079 4967 3133 5012 et
3159 4973 3325 5012 causa
3348 4955 3591 5010 efficiens

2021 5056 2329 5120 antecedat,
2362 5066 2414 5111 et
2452 5070 2644 5110 eorum
2692 5051 2965 5108 eﬁ‘ectioni
2997 5048 3239 5105 auctoris
3272 5046 3591 5101 deliberatio

2021 5156 2242 5217 praeeat.
2287 5144 2409 5200 Jam
2449 5160 2630 5199 rerum
2675 5143 2928 5207 istarum,
2979 5156 3101 5210 quae
3137 5138 3372 5207 alicujus
3415 5136 3589 5206 gratia

2020 5237 2179 5302 ﬁunt,
2211 5235 2430 5289 tertium
2457 5234 2733 5304 quoddam
2761 5248 2933 5299 genus
2955 5247 3022 5284 ex
3047 5230 3116 5285 iis
3134 5227 3440 5290 constituit,
3470 5243 3590 5295 quae

2018 5342 2153 5384 casu
2182 5343 2249 5383 ac
2295 5335 2497 5381 temere
2521 5326 2640 5381 ﬁeri
2678 5324 3007 5379 creduntur:
3046 5322 3152 5376 hoc
3196 5329 3377 5375 tamen
3427 5318 3591 5388 27o

2019 5423 2090 5477 ab
2119 5422 2228 5476 illis
2261 5419 2599 5485 discrimine,
2631 5433 2775 5489 quae,
2808 5431 2916 5469 non
2952 5414 3058 5468 nisi
3090 5413 3294 5476 causis,
3342 5410 3412 5466 ob
3452 5426 3590 5480 quas

2018 5514 2170 5577 ﬁant,
2214 5510 2568 5581 antegressis,
2612 5508 2905 5571 exsistunt,
2948 5504 3094 5574 quod
3134 5503 3188 5555 in
3221 5501 3330 5556 illis
3364 5515 3486 5569 quae
3526 5499 3581 5553 fi-

2016 5621 2143 5660 nem
2189 5601 2541 5666 antecedunt,
2590 5615 2654 5654 ea
2694 5611 2914 5667 quoque
2941 5595 3067 5648 ﬁnis
3113 5592 3288 5664 gratia
3332 5590 3499 5645 ﬁant:
3531 5590 3587 5643 in

2017 5693 2159 5759 istis,
2195 5705 2318 5763 quae
2365 5688 2528 5743 ﬁnem
2574 5683 3049 5755 antegrediuntur,
3097 5696 3160 5736 ea
3206 5694 3329 5735 cum
3364 5677 3590 5732 alterius

3195 5864 3272 5926 15
