4162 6426
570 329 680 387 ιδθ

1216 333 1488 391 EUSEBII
1526 334 2019 395 CESARIENSIS
2057 339 2208 395 OPP.
2251 339 2434 397 PARS
2468 340 2531 394 ΙΙ.
2572 372 2642 382 —
2678 338 3184 397 APOLOGETICA.

3721 338 3829 395 £60

564 459 730 499 causa
768 446 917 509 ﬁant,
961 454 1076 501 tum
1129 446 1321 502 iisdem
1379 464 1511 504 vero
1565 451 1695 506 dum
1742 453 1816 508 ita
1858 452 2017 519 ﬁunt,
2064 456 2130 510 sit

2248 458 2479 525 γονέναι·
2512 458 2593 511 διὸ
2616 460 2673 511 ὲν
2700 459 2810 520 τοῖς
2836 455 3001 508 ἕνεκά
3037 471 3129 508 του
3173 453 3478 525 γινομένοις
3531 454 3829 522 ἀναγκαῖον

564 550 822 611 tanquam
846 542 972 596 linis
998 543 1218 611 quidam
1249 542 1300 595 id
1330 551 1605 608 occurrat,
1634 546 1781 613 quod
1817 553 2019 600 temere
2050 561 2141 599 ca-

565 646 739 701 suque
780 631 895 686 ﬁeri
941 632 1158 687 dicitur.
1198 632 1408 698 Quibus
1451 634 1597 688 hunc
1647 636 1700 689 in
1758 638 1977 689 modum
2008 652 2141 691 con-

563 722 788 784 stitutis.
841 733 1000 793 atque
1030 723 1308 788 omnibus,
1341 740 1460 794 quae
1496 724 1655 789 ﬁunt,
1688 725 1789 780 hos
1825 726 1879 779 in
1916 726 2141 781 ordines

562 828 629 869 ac
671 830 871 883 genera
902 816 1236 881 distributis,
1271 816 1517 885 sequitur
1553 818 1831 887 deinceps,
1872 819 1948 872 uti
1976 834 2138 888 quam

561 906 629 961 ad
662 907 1058 977 principiorum
1088 908 1442 963 efﬁcientium
1489 910 1720 963 classem
1762 912 2010 965 revocari
2055 910 2138 965 fa-

559 1006 675 1052 tum
703 997 898 1053 debeat
927 998 1235 1054 videamus.
1272 997 1468 1053 Utrum
1503 999 1666 1069 igitur
1693 999 1758 1053 ad
1781 1015 1994 1064 eorum,
2020 1017 2142 1070 quae

561 1092 767 1148 nullius
807 1094 881 1147 rei
917 1108 1083 1148 causa
1123 1093 1300 1148 ﬁunt?
1330 1108 1399 1148 an
1434 1094 1617 1163 potius
1656 1092 1709 1147 id
1758 1096 1920 1163 plane
1948 1095 2141 1149 absur-

559 1184 688 1239 dum
722 1184 994 1252 videatur,
1040 1200 1166 1240 cum
1214 1193 1271 1241 et
1308 1184 1409 1239 lati
1459 1185 1681 1239 nomine
1732 1185 1799 1239 ad
1845 1185 2006 1239 ﬁnem
2041 1186 2129 1240 ali-

558 1292 720 1346 quem
781 1277 1181 1348 designandum
1230 1286 1548 1333 constanter
1600 1277 1677 1330 uti
1734 1278 2042 1344 soleamus,
2085 1288 2139 1332 et

558 1368 722 1423 ﬁnem
754 1368 934 1439 ipsum
970 1368 1082 1424 fato
1132 1369 1431 1439 contigisse
1476 1370 1770 1423 dicamus?
1811 1368 1997 1437 Itaque
2040 1385 2137 1423 su-

556 1470 759 1528 perest,
799 1470 860 1516 ut
917 1463 973 1515 in
1032 1462 1103 1516 iis
1139 1460 1311 1515 fatum
1354 1468 1701 1524 numeretur,
1744 1475 1867 1529 qua:
1905 1460 2137 1529 alicujus

557 1552 733 1622 gratia
760 1550 918 1606 ﬁunt.
949 1571 968 1602 ι
1004 1550 1132 1606 Haec
1158 1553 1381 1607 totidem
1404 1552 1583 1607 verbis
1598 1552 1921 1619 Alexander,
1938 1554 2137 1624 quibus

557 1643 864 1713 explicatis,
901 1643 1188 1697 conﬁrmat
1221 1643 1416 1698 deinde
1479 1643 1731 1714 pluribus
1775 1643 1948 1699 fatum
1988 1645 2133 1700 aliud

557 1748 683 1789 esse
716 1733 874 1799 nihil,
917 1749 1082 1805 quam
1138 1750 1260 1804 quae
1311 1744 1509 1789 natura
1556 1736 1713 1799 fiunt,
1763 1737 1911 1806 quod
1948 1737 2001 1791 in
2043 1737 2131 1804 iis,

557 1840 681 1896 quae
698 1826 1017 1895 provisione
1041 1836 1230 1881 nostra
1266 1826 1612 1896 consilioque
1640 1826 1978 1897 perﬁcimus,
2002 1843 2136 1882 nus-

561 1933 725 1987 quam
759 1933 985 1987 ea,qu:e
1017 1916 1111 1972 lati
1143 1920 1365 1988 propria
1393 1928 1496 1979 est,
1530 1919 1827 1974 necessitas
1850 1930 2129 1989 appareat.

557 2007 722 2064 Addit
760 2019 1045 2079 praeterea,
1095 2025 1285 2063 eorum
1342 2010 1766 2080 quamplurima,
1817 2025 1938 2080 quae
1978 2021 2137 2066 natu-

556 2113 677 2154 ram
712 2107 1047 2167 sequuntur,
1076 2099 1329 2154 obicibus
1374 2100 1702 2168 quibusdam
1733 2100 1991 2166 inhiberi,
2015 2117 2137 2171 quae

557 2198 758 2260 praeter
789 2199 1045 2246 naturam
1086 2193 1275 2248 vocari
1308 2192 1543 2257 soleant,
1578 2193 2039 2263 quemadmodum
2080 2196 2134 2249 in

558 2281 628 2337 iis
669 2296 790 2351 quae
822 2291 940 2337 arte
990 2280 1157 2347 ﬁunt,
1192 2292 1392 2352 praeter
1441 2294 1610 2339 artem
1645 2286 1904 2355 pleraque
1943 2286 2135 2341 dicun-

558 2383 667 2429 tur.
704 2375 860 2440 Quod
896 2375 941 2431 si
985 2374 1153 2430 semel
1193 2384 1393 2445 prater
1425 2385 1679 2429 naturam
1717 2376 1834 2431 ﬁeri
1873 2378 2135 2432 nonnulla

557 2466 797 2533 dabitur,
829 2467 986 2522 detur
1015 2467 1178 2521 etiam
1221 2481 1420 2537 praeter
1451 2467 1620 2521 latum
1663 2471 1852 2523 eadem
1887 2469 2001 2524 ﬁeri
2035 2484 2129 2525 ne-

556 2577 709 2616 cesse
731 2570 835 2626 est,
871 2562 916 2616 si
950 2560 1216 2632 quidquid
1242 2572 1456 2616 natura:
1490 2562 1766 2628 tribuitur,
1790 2563 1922 2617 illud
1953 2564 2132 2633 ipsum

559 2656 664 2711 est,
693 2647 836 2716 quod
866 2646 979 2701 fato
1019 2650 1133 2702 ﬁeri
1167 2649 1385 2703 dicitur.
1425 2667 1442 2699 ι
1476 2647 1540 2701 Ει
1568 2661 1768 2715 corpus
1809 2644 2029 2714 quidem
2058 2643 2137 2694 vi-

454 2737 460 2743 ’
557 2740 772 2802 demus,
810 2739 1007 2809 inquit,
1041 2741 1186 2809 quod
1215 2741 1320 2795 hoc
1350 2740 1508 2793 illove
1540 2739 1703 2793 modo
1734 2751 1763 2791 a
1794 2745 1990 2791 natura
2019 2748 2139 2790 sese

555 2831 776 2897 habeat,
812 2832 1021 2886 morbis
1043 2833 1206 2886 etiam
1235 2841 1399 2901 atqtte
1429 2829 1590 2884 morti
1622 2844 1721 2898 pro
1745 2825 1977 2881 naturali
2007 2834 2137 2880 tem-

555 2925 836 2995 peratione
861 2924 1162 2980 obnoxium
1211 2924 1348 2978 ﬁeri.
1380 2922 1707 2991 Quanquam
1740 2935 1809 2974 ne
1837 2918 1890 2972 id
1916 2917 2137 2987 quidem

553 3018 611 3074 in
640 3019 896 3074 omnibus
921 3033 986 3072 ex
1019 3032 1197 3087 aequo,
1237 3015 1320 3070 vel
1369 3013 1679 3069 necessario
1716 3012 1896 3067 locum
1930 3010 2134 3065 habet:

552 3111 701 3183 quod
730 3109 1002 3182 ejusmodi
1037 3110 1257 3165 habitus
1287 3109 1483 3179 partim
1526 3121 1656 3161 cura
1696 3114 1750 3159 et
1779 3104 1980 3169 studio,
2008 3117 2138 3173 par-
2157 3139 2199 3196 ο

549 3205 651 3262 tim
709 3204 1010 3259 mutatione
1048 3204 1260 3268 victus,
1313 3202 1510 3271 partim
1552 3199 1888 3255 medicorum
1933 3211 2136 3267 praece-

550 3298 863 3371 ptionibus,
895 3296 1092 3366 partim
1129 3295 1364 3364 denique
1392 3293 1579 3347 divino
1610 3290 1845 3347 consilio
1890 3286 2135 3359 superari

551 3400 736 3463 queat.
783 3390 925 3445 Idem
967 3388 1130 3443 etiam
1170 3388 1223 3441 in
1266 3387 1452 3440 animo
1487 3400 1587 3440 usu
1634 3383 1819 3438 venire
1865 3381 2037 3448 solet,
2075 3388 2135 3436 ut

550 3490 748 3553 praeter
786 3480 1115 3550 singularem
1141 3486 1352 3531 natura:
1389 3476 1496 3529 vim
1525 3484 1580 3528 et
1612 3472 2002 3536 conditionem,
2033 3485 2133 3526 va-

548 3574 647 3630 ria:
669 3573 1011 3643 singulorum
1059 3570 1249 3641 agendi
1285 3568 1610 3637 vivendique
1646 3565 1905 3627 rationes,
1934 3563 2130 3633 partim

549 3664 939 3723 exercitatione
974 3672 1135 3732 atque
1164 3663 1431 3728 doctrina,
1470 3659 1665 3729 partim
1702 3655 2129 3727 sapientioribus

548 3758 792 3814 consiliis
842 3757 1094 3811 meliores
1147 3755 1299 3809 ﬁant.
1361 3755 1546 3822 Itaque
1609 3766 1734 3806 cum
1788 3750 1855 3804 de
1908 3749 2131 3802 Socrate

548 3851 875 3920 pltil050plto
912 3847 1154 3919 Zopyrus
1195 3845 1633 3916 Physiognnmon
1674 3841 1851 3895 aliena
1878 3836 2127 3908 quzedam

542 3952 599 4000 et
643 3943 936 4013 plurimum
994 3957 1022 3995 a
1080 3940 1320 3992 Socratis
1359 3938 1610 3990 instituto
1654 3935 1888 4002 vitatque
1931 3943 2130 4001 genere

548 4017 915 4088 discrepantia
945 4018 1293 4087 conjecisset,
1342 4033 1520 4087 eaque
1567 4020 1635 4072 de
1667 4033 1854 4081 causa,
1901 4019 2014 4072 risu
2057 4017 2125 4071 ab

547 4106 617 4163 iis
649 4107 743 4178 qui
784 4122 906 4163 cum
952 4106 1177 4163 Socrate
1222 4116 1399 4174 erant,
1447 4116 1706 4177 exceptus
1745 4118 1923 4174 esset,
1962 4124 2126 4179 nega-

545 4196 625 4252 vit
650 4195 902 4253 Socrates
928 4199 1199 4269 Zopyrum
1229 4196 1371 4264 falli;
1409 4197 1567 4251 talem
1593 4197 1738 4252 enim
1768 4213 1889 4252 sese
1915 4208 2127 4253 natura:

547 4289 706 4359 27],
744 4290 795 4343 vi
824 4288 1066 4344 futurum
1096 4305 1239 4356 esse,
1276 4290 1380 4343 nisi
1410 4289 1769 4357 philosophia:
1796 4289 1993 4344 studiis
2026 4306 2125 4344 na-

547 4390 683 4436 tura:
722 4381 853 4435 vitia
899 4391 1228 4451 superasset.
1274 4399 1293 4432 ι
1319 4379 1496 4449 Atque
1524 4378 1833 4448 hujusmodi
1863 4395 1926 4434 ea
1974 4390 2123 4447 sunt,

2244 548 2449 603 τιθέναι
2480 549 2579 620 τὴν
2612 548 3007 620 εἱμαρμένην.»
3044 545 3229 599 Ταῦτα
3282 545 3466 607 αὑτοῖς
3510 545 3742 615 ῥήμασιν
3801 548 3828 598 ὁ

2246 638 2617 709 προδηλωθείς
2646 638 2784 709 ἀνὴρ
2814 635 3023 699 διελὼν,
3075 635 3163 689 διὰ
3204 635 3464 688 πλειόνων
3514 636 3641 704 ἑξῆς
3701 653 3826 689 συν-

2246 731 2457 802 ίστησιν
2494 730 2603 782 οὐδ’
2626 729 2753 784 ἄλλο
2787 747 2839 782 τι
2873 726 3010 782 εἶναι
3032 728 3131 798 τὴν
3150 726 3493 798 εἱμαρμένην
3521 729 3554 799 ἢ
3588 728 3656 781 τὰ
3687 729 3829 781 κατά

2242 823 2402 891 φύσιν
2422 821 2699 891 γινόμενα·
2734 820 2809 891 μὴ
2838 820 2946 891 γάρ
2968 820 3026 872 ἐν
3063 820 3177 881 τοῖς
3223 817 3366 870 κατὰ
3409 817 3666 888 λογισμὸν
3693 819 3828 889 ἠμέ-

2241 928 2419 983 τερον,
2453 912 2709 966 καὶκατὰ
2736 912 2931 982 τέχνην
2983 909 3440 981 ἐπιτελουμένοις,
3474 909 3573 981 τὴν
3609 911 3710 979 τῆς
3748 910 3827 963 εί-

2244 1004 2531 1075 μαρμένης
2563 1004 2811 1075 ἀνάγκην
2841 1000 3277 1073 ὲπιθεωρεῖσθαι.
3305 1003 3444 1074 Φησὶ
3472 1001 3528 1055 δὲ
3554 1002 3662 1055 τῶν
3688 1003 3828 1057 κατὰ

2242 1092 2400 1160 φύσιν
2428 1092 2652 1146 πλεῖστα
2686 1091 3070 1163 ἐμποδίζεσθαι
3123 1091 3462 1162 συμϐαίνειν,
3506 1090 3543 1145 ἃ
3583 1092 3678 1144 καὶ
3728 1109 3827 1146 κα-

2240 1182 2445 1236 λεῖσθαι
2482 1184 2635 1256 παρὰ
2687 1183 2867 1254 φύσιν,
2918 1183 3108 1255 ὥσπερ
3161 1183 3256 1235 καὶ
3286 1185 3344 1235 ἐν
3398 1185 3512 1246 τοῖς
3550 1183 3691 1236 κατὰ
3727 1184 3826 1254 τὴν

2238 1275 2433 1345 τέχνην
2466 1277 2532 1329 τά
2566 1277 2718 1348 παρὰ
2774 1278 2871 1346 τὴν
2902 1275 3099 1345 τέχνην
3149 1274 3422 1343 λέγεσθαι.
3448 1302 3451 1305 ι
3480 1275 3543 1328 Εἰ
3593 1275 3649 1328 δὲ
3689 1275 3826 1338 ὅλως

2238 1367 2389 1439 παρὰ
2420 1368 2481 1419 τὸ
2509 1368 2653 1421 κατά
2704 1368 2865 1437 φύσιν
2912 1367 3120 1436 γίνεταί
3179 1386 3319 1430 τινα,
3368 1368 3564 1435 γένοιτ’
3622 1368 3687 1421 ἂν
3729 1368 3824 1422 καὶ

2239 1456 2391 1528 παρὰ
2411 1459 2510 1529 τὴν
2536 1460 2897 1530 εἱμαρμένην,
2927 1461 3085 1531 εἰπερ
3131 1459 3200 1511 τά
3232 1459 3373 1512 κατᾶι
3426 1459 3610 1527 φύσιν,
3645 1459 3821 1513 ταῦτά

2239 1548 2354 1600 ἐστι
2415 1548 2485 1601 τὰ
2518 1550 2639 1603 καθ’
2667 1550 3035 1621 εἱμαρμένην,
3072 1569 3091 1600 ι
3140 1549 3387 1621 Ὀρῶμεν
3437 1549 3589 1619 γοῦν,
3633 1551 3820 1620 φησὶν,

2236 1638 2319 1691 ὃτι
2363 1640 2536 1693 καὶτὸ
2580 1641 2759 1710 σῶμα,
2811 1641 2902 1710 τῷν
2957 1640 3161 1693 τοιόνδε
3215 1640 3248 1711 ἦ
3284 1640 3484 1695 τοιόνδε
3538 1636 3676 1693 εἶναι
3722 1640 3823 1711 τὴν

2240 1729 2420 1799 φύσιν,
2457 1731 2513 1784 ὲν
2566 1731 2733 1795 νόσοις
2781 1731 2876 1785 καὶ
2930 1730 3158 1803 φθοραῖς
3190 1731 3499 1795 ἀκολούθως
3525 1734 3592 1802 τῇ
3618 1734 3820 1802 φυσικῇ

2240 1821 2570 1875 καταστάσει
2599 1822 2827 1891 γίνεται.
2864 1825 2937 1877 Οὑ
2966 1825 3072 1895 μὴν
3099 1824 3302 1894 ὁμοίως
3330 1825 3422 1877 ἐπὶ
3445 1824 3684 1884 πάντων,
3701 1824 3821 1878 οὐδὲ

2238 1911 2295 1978 ἐξ
2325 1912 2587 1981 ἀνάγκης·
2648 1913 2832 1966 ἰκαναὶ
2889 1914 2997 1985 γὰρ
3050 1912 3346 1984 ἐκκροῦσαι
3406 1912 3667 1975 πολλάκις
3722 1911 3822 1984 τὴν

2235 2003 2440 2057 τοιάνδε
2468 2002 2580 2068 ἕξιν
2641 2005 2977 2073 ἐπιμέλειαι,
3039 2006 3133 2058 καί
3176 2006 3307 2075 βίων
3365 2004 3696 2072 ὑπαλλαγαὶ,
3729 2005 3823 2057 καὶ

2236 2094 2560 2166 προστάξεις
2596 2098 2814 2167 ἰατρῶν,
2870 2099 2966 2151 καὶ
2999 2099 3324 2169 συμϐουλίαι
3381 2099 3540 2153 θεῶν.
3581 2099 3737 2153 Κατὰ
3763 2099 3819 2152 δὲ

2234 2185 2325 2238 τὸν
2351 2188 2514 2240 αὑτὸν
2560 2189 2759 2259 τρόπον
2796 2190 2891 2241 καὶ
2934 2190 3029 2243 ἐπὶ
3066 2191 3165 2260 τῆς
3214 2191 3390 2261 ψυχῆς
3442 2191 3593 2263 εὖροι
3639 2209 3722 2255 τις
3755 2191 3822 2246 ἂν

2237 2276 2389 2347 παρὰ
2421 2278 2521 2349 τὴν
2547 2279 2781 2349 φυσικὴν
2812 2282 3160 2353 κατασκευὴν
3187 2282 3479 2353 διαφόρους
3529 2285 3587 2335 ὲν
3608 2283 3822 2355 ἑκάστῳ

2237 2370 2587 2438 προαιρέσεις
2636 2372 2729 2423 καί
2773 2372 3001 2442 πράξεις
3061 2373 3155 2424 καὶ
3199 2373 3367 2441 βίους,
3421 2372 3480 2437 ἐξ
3535 2375 3822 2447 ἀσκήσεως

2238 2458 2335 2511 καὶ
2368 2460 2475 2511 ἀπὸ
2504 2459 2860 2530 μαθημάτων,
2896 2464 2991 2515 καὶ
3033 2465 3141 2516 ἀπὸ
3165 2462 3337 2532 λόγων
3361 2465 3685 2536 κρειττόνων
3709 2467 3820 2537 βελ-

2233 2551 2551 2621 τιουμένων.
2581 2554 2839 2617 Εἰπόντος
2873 2554 3003 2622 γοῦν
3066 2572 3194 2608 ποτε
3238 2556 3331 2609 τοῦ
3376 2558 3816 2631 Φυσιογνώμονος

2236 2643 2486 2714 περὶτοῦ
2521 2645 2842 2714 Σωκράτους
2867 2646 2960 2699 τοῦ
2988 2645 3276 2716 φιλοσόφου
3325 2650 3500 2703 ἄτοπά
3544 2668 3686 2715 τινα,
3722 2652 3814 2705 καὶ

2234 2735 2483 2788 πλεῖστον
2532 2737 2819 2804 ἀφεστῶτα
2885 2738 2985 2808 τῆς
3057 2740 3433 2811 προαιρέσεως
3489 2741 3653 2795 αὑτοῦ
3717 2744 3812 2815 τῆς

2232 2826 2375 2879 κατά
2419 2827 2508 2879 τὸν
2545 2826 2678 2896 βίον,
2731 2829 2824 2882 καὶ
2861 2830 2951 2882 ὲπί
2999 2829 3206 2894 τούτοις
3241 2832 3344 2884 ὑπὸ
3375 2832 3477 2886 τῶν
3516 2835 3642 2903 περί
3699 2835 3811 2889 Σω-

2233 2916 2442 2986 κράτην
2491 2917 2961 2985 καταγελωμένου,
3023 2917 3174 2970 οὐδὲν
3216 2914 3370 2971 εἶπεν
3428 2922 3456 2971 ὁ
3519 2920 3815 2992 Σωκράτης

2233 3004 2496 3073 ἐσφάλθαι
2526 3005 2617 3057 τὸν
2646 3004 2924 3077 Ζώπυρον·
2955 3001 3024 3077 ἦν
3056 3006 3165 3078 γάρ
3190 3005 3257 3060 ἂν
3279 3005 3538 3071 τοιοῦτος,
3568 3008 3690 3061 ὅσον
3724 3010 3815 3061 ἐπὶ

2232 3099 2298 3167 τῇ
2324 3096 2504 3166 φύσει,
2538 3098 2586 3150 εἰ
2617 3098 2693 3169 μὴ
2717 3097 2805 3151 διά
2825 3099 2923 3170 τὴν
2956 3100 3019 3151 ὲκ
3042 3098 3357 3168 φιλοσοφίας
3400 3098 3633 3169 ἄσκησιν
3660 3099 3817 3171 ἀμεί-

2232 3205 2337 3242 νων
2369 3187 2468 3259 τῆς
2494 3187 2707 3258 φύσεως
2731 3189 3005 3258 ἐγένετο.»
3039 3191 3150 3245 Καὶ
3198 3191 3419 3244 τοιαῦτα
3451 3192 3549 3261 μὲν
3573 3192 3641 3245 τὰ
3674 3193 3815 3246 κατά

2231 3280 2414 3350 φύσιν,
2437 3280 2473 3334 ὃ.
2500 3281 2593 3335 καὶ
2632 3281 2799 3352 μηδέν
2844 3299 2978 3352 φησι
3030 3283 3309 3352 διαφέρειν
3341 3284 3449 3339 τῶν
3472 3284 3603 3337 καθ’
3622 3286 3817 3356 εἱμαρ-

2232 3372 2399 3444 μένην
2422 3390 2435 3404 ·
2462 3372 2532 3425 τὰ
2562 3373 2617 3426 δὲ
2647 3373 2755 3426 ἀπὸ
2786 3373 2955 3443 τύχης
3001 3373 3246 3437 τοιαῦτα,
3304 3374 3431 3426 ὅταν
3478 3374 3638 3427 ἄλλου
3669 3376 3814 3440 τινὸς

2228 3467 2387 3538 χάριν
2414 3465 2690 3536 γενομένῳ
2722 3466 2829 3517 τινὶ
2886 3464 2959 3535 μὴ
3009 3463 3168 3516 τοῦτο
3224 3466 3534 3536 ἀπαντήσῃ,
3561 3460 3621 3516 οὗ
3652 3467 3812 3537 χάριν

2227 3557 2466 3624 ἐγένετο,
2515 3555 2640 3610 ἄλλο
2669 3555 2727 3608 δέ
2765 3572 2817 3607 τι
2845 3555 2983 3623 ὅπερ
3015 3554 3112 3625 τὴν
3157 3555 3330 3625 ἀρχὴν
3361 3554 3483 3606 οὑδὲ
3528 3555 3807 3624 ἠλπίζετο.

2226 3647 2509 3718 Θησαυρόν
2534 3662 2594 3698 τε
2638 3646 2746 3716 γάρ
2782 3662 2945 3715 φησιν
2977 3645 3086 3698 ἀπὸ
3126 3644 3295 3716 τύχης
3324 3646 3617 3717 εὑρηκέναι
3663 3647 3808 3713 τινὰ,

2226 3739 2353 3791 ὅταν
2384 3737 2542 3792 ἄλλου
2576 3736 2735 3809 χάριν
2789 3735 3057 3808 ὀρύσσων,
3093 3737 3229 3791 ἀλλά
3269 3737 3342 3809 μὴ
3399 3739 3494 3791 τοῦ
3541 3738 3827 3808 θησαυρδνο

2227 3831 2426 3902 εὑρεῖν,
2458 3826 2717 3901 θησαυρῷ
2742 3828 3035 3900 περιπέσῃ.
3073 3830 3183 3882 Καὶ
3210 3830 3270 3882 τὸ
3298 3830 3557 3901 ἀργύριον
3586 3830 3693 3884 ἀπὸ
3718 3829 3813 3883 τύ-

2227 3938 2328 3991 χης
2359 3919 2680 3992 κεκομίσθαι
2710 3921 2832 3975 τινὰ
2864 3920 3133 3989 λέγουσιν,
3186 3924 3314 3978 ὅταν
3356 3925 3438 3987 εἰς
3470 3923 3569 3994 τὴν
3605 3922 3811 3994 ἀγορὰν

2228 4013 2504 4084 προελθὼν
2537 4012 2696 4068 ἄλλου
2718 4013 2864 4078 τινὸς
2912 4015 3094 4086 χάριν,
3120 4016 3383 4087 ἀργύριον
3428 4015 3601 4087 ἔχοντι
3657 4033 3811 4087 περι-

2228 4104 2408 4160 πεσὼν
2456 4106 2533 4178 τῷ
2580 4109 2830 4182 χρεώστῃ
2860 4110 2919 4163 τὸ
2948 4108 3297 4179 ὀφειλόμενον
3355 4109 3598 4179 λήψαιτο.
3640 4109 3752 4162 Καὶ
3782 4112 3812 4163 ὁ

2229 4198 2391 4260 ἵππος
2416 4197 2473 4251 δὲ
2523 4199 2845 4269 αὐτομάτως
2898 4202 3011 4253 τισὶ
3056 4200 3271 4268 λέγεται
3331 4199 3619 4262 σεσῶσθαι,
3682 4202 3811 4254 ὅταν

2226 4290 2431 4361 τροφῆς
2464 4289 2562 4360 μὲν
2592 4291 2789 4356 ἑλπίδι,
2842 4292 2875 4364 ἢ
2926 4292 3085 4346 ἄλλου
3137 4292 3281 4354 τινὸς
3331 4291 3511 4361 χάριν,
3550 4292 3811 4366 ἀποφύγῃ

2226 4380 2352 4442 τοὺς
2381 4381 2709 4451 κατέχοντας
2730 4382 2913 4443 αὑτὸν,
2946 4383 3235 4453 ἀπαντήσῃ
3281 4381 3336 4433 δὲ
3369 4381 3534 4435 αὑτοῦ
3567 4385 3633 4453 τῇ
3664 4388 3807 4455 φυγῇ

544 4487 668 4542 quae
701 4482 949 4526 naturam
984 4481 1288 4541 sequuntur
1309 4512 1322 4535 ,
1355 4487 1586 4542 quasque
1613 4471 1747 4525 nihil
1779 4472 1847 4526 ab
1874 4472 1977 4538 iis,
2002 4488 2123 4543 qua:

2232 4471 2320 4524 καὶ
2348 4471 2426 4543 τῷ
2455 4473 2640 4545 δρόμῳ
2669 4476 2729 4528 τὸ
2754 4477 2866 4538 τοῖς
2895 4475 3184 4537 δεσπόταις
3219 4477 3552 4544 περιπεσεῖν.
3587 4469 3686 4528 Ὧν
3721 4476 3808 4529 οὑ-

543 4561 659 4617 fato
704 4562 861 4629 ﬁunt,
910 4561 1130 4619 diﬂ'erre
1176 4562 1474 4618 contendit.
1513 4561 1646 4628 Quae
1681 4578 1811 4617 vero
1840 4577 1971 4619 casu
2004 4563 2118 4618 ﬁeri

546 4654 838 4718 dicuntur,
882 4655 948 4711 de
994 4656 1064 4709 iis
1097 4656 1170 4709 ita
1202 4654 1391 4710 statuit
1427 4671 1441 4706 :
1472 4663 1530 4707 ut
1553 4655 1628 4718 si,
1673 4669 1793 4708 eum
1824 4656 1954 4725 quid
1985 4655 2121 4709 alte-

542 4747 662 4802 rius
684 4747 763 4802 rei
788 4748 960 4817 gratia
993 4746 1164 4811 ﬁeret,
1195 4746 1378 4799 minus
1402 4744 1453 4798 id
1486 4744 1607 4813 ipsi,
1633 4745 1791 4815 cujus
1820 4748 1995 4816 gratia
2026 4747 2121 4801 ﬁe~

543 4837 1009 4903 hat,loccurrerit,
1062 4838 1158 4892 sed
1200 4835 1349 4890 aliud
1379 4834 1681 4904 quidpiam,
1712 4835 1857 4906 quod
1895 4845 2120 4891 eventu-

541 4944 664 4984 rum
713 4928 870 4983 initio
914 4943 1076 4983 nemo
1128 4931 1411 5000 cogitaret.
1474 4928 1565 4983 Sic
1615 4929 1684 4984 ab
1730 4944 1795 4983 eo
1840 4928 2117 4982 inventum

538 5034 670 5077 casu
693 5021 1010 5077 thesaurum
1035 5036 1157 5075 esse
1179 5020 1519 5091 pronuntiat,
1541 5019 1655 5089 qui,
1684 5034 1809 5073 cum
1832 5018 1939 5073 alio
1965 5033 2120 5085 pror-

536 5125 634 5168 sus
663 5127 826 5183 quam
858 5112 1168 5167 inveniendi
1207 5111 1449 5167 thesauri
1494 5112 1674 5166 animo
1707 5109 1889 5166 fodere
1917 5110 2116 5179 erupis-

539 5211 641 5267 set,
691 5204 746 5257 in
788 5203 1107 5260 thesaurum
1162 5201 1433 5257 inciderit.
1477 5201 1739 5256 Similiter
1790 5215 1923 5254 casu
1970 5214 2119 5253 rece—

536 5302 682 5362 ptam
718 5294 788 5349 ab
817 5310 882 5350 eo
907 5294 1221 5365 pecuniam,
1246 5293 1337 5362 qui
1372 5309 1496 5348 cum
1521 5291 1626 5347 alia
1649 5299 1830 5346 mente
1854 5291 1906 5345 in
1935 5288 2115 5344 forum

534 5386 773 5440 venisset
794 5426 810 5451 ,
837 5385 1082 5441 incidens
1113 5385 1165 5438 in
1195 5384 1514 5450 debitorem,
1548 5384 1640 5454 qui
1668 5390 1989 5452 praesentem
2021 5381 2116 5436 ha-

534 5473 684 5531 beret
712 5477 1021 5545 pecuniam,
1051 5479 1121 5532 ab
1150 5491 1237 5542 eo,
1271 5475 1415 5546 quod
1444 5474 1547 5530 sibi
1564 5475 1874 5538 deberetur,
1889 5489 2114 5543 accepe-

533 5566 621 5619 rit.
662 5565 807 5633 Quin
830 5575 885 5622 et
916 5583 1045 5624 casu
1073 5572 1284 5623 salvum
1311 5584 1341 5622 a
1369 5569 1699 5639 quibusdam
1730 5584 1930 5638 equum
1960 5570 2112 5623 illum

531 5656 635 5711 diei
670 5659 1040 5722 consuevisse,
1075 5660 1163 5713 cui
1192 5675 1314 5714 eum
1346 5668 1439 5713 aut
1484 5660 1667 5729 pabuli
1709 5675 1823 5730 spe,
1856 5669 1949 5715 aut
1976 5662 2112 5715 alte-

530 5764 646 5803 rtus
671 5749 962 5818 cujuslibet
1006 5752 1081 5805 rei
1113 5752 1352 5822 appetitu
1378 5794 1392 5818 ,
1427 5769 1551 5809 cum
1575 5769 1638 5809 ex
1663 5768 1851 5809 eorum
1876 5793 1891 5820 ,
1921 5770 1952 5809 a
1987 5754 2109 5824 qui-

599 5852 625 5881 ι
650 5841 734 5899 l'a'.
771 5842 1024 5917 ὁποτέρᾳ.

2228 4581 2334 4624 τως
2365 4566 2617 4634 ἐχόντων,
2649 4567 2764 4620 οὑδὲ
2813 4566 2983 4619 ταῦτα
3029 4566 3095 4620 ἂν
3127 4567 3211 4637 εἴη
3272 4565 3392 4618 καθ’
3446 4567 3806 4638 εἱμαρμένην.

2227 4654 2337 4707 Καὶ
2358 4656 2527 4727 ἄδηλα
2553 4657 2611 4709 δέ
2641 4657 2755 4709 ἐστί
2786 4675 2904 4710 τινα
2946 4663 3094 4715 αἴτια
3134 4657 3456 4729 ἀνθρωπίνῳ
3483 4658 3747 4731 λογισμῷ,
3772 4661 3809 4715 ἂ

2228 4745 2369 4798 κατά
2390 4763 2543 4808 τινας
2560 4746 2911 4810 ἀντιπαθείας
2935 4747 3179 4815 γίνεσθαι
3199 4750 3573 4815 πεπίστευται,
3593 4754 3806 4821 ἀγνοου·

2230 4834 2396 4905 μένης
2427 4837 2525 4907 τῆς
2579 4836 2776 4900 αἰτίας,
2830 4837 2987 4908 δι’ἢν
3034 4840 3262 4907 γίνεται·
3318 4844 3476 4896 ὁποῖα
3532 4845 3805 4915 περίαπτά

2226 4942 2345 4980 τινα
2367 4931 2537 4980 ποιεῖν
2564 4928 2943 4999 προείληπται,
2978 4931 3232 5002 οὐδεμίαν
3273 4932 3490 5003 εὔλογον
3525 4939 3615 4992 καί
3641 4937 3805 4992 πιθα-

2224 5018 2321 5089 νὴν
2349 5019 2527 5073 αἰτίαν
2548 5019 2642 5072 τοῦ
2675 5019 2846 5073 ταῦτα
2886 5025 3057 5075 ποιεῖν
3106 5023 3315 5094 ἔχοντα,
3342 5027 3423 5081 ἔτι
3451 5028 3507 5081 δὲ
3535 5030 3803 5092 ὲπαοιδαί,

2225 5111 2318 5163 καὶ
2349 5109 2596 5163 τοιαῦταί
2650 5129 2792 5175 τινες
2828 5120 3175 5184 μαγγανεῖαι.
3214 5118 3430 5171 Τούτων
3464 5120 3574 5192 γάρ
3611 5122 3801 5191 ὁμολο-

2224 5201 2400 5267 γεῖται
2429 5201 2527 5271 μὲν
2558 5201 2663 5256 ὑπὸ
2698 5204 2915 5257 πάντων
2947 5205 3139 5276 ἄδηλος
3163 5202 3300 5261 εἷναι
3345 5212 3377 5278 ὴ
3409 5211 3577 5264 atria:
3605 5211 3684 5264 διὸ
3712 5216 3804 5267 καὶ

2222 5291 2634 5363 ἀναιτιολόγητα
2682 5294 2931 5364 λέγουσιν
2975 5299 3134 5352 αὑτά·
3189 5300 3356 5355 πολλά
3390 5302 3433 5355 δ’
3467 5298 3605 5357 εἰναι
3655 5304 3805 5376 παρὰ

2220 5382 2903 5458 ταῦτα,κα“ιὲνδεχομένως,
2920 5392 3012 5443 καὶ
3036 5392 3270 5464 ὁπότερα
3288 5406 3312 5435 ι
3339 5394 3493 5464 ἔτυχε
3524 5396 3798 5466 γινόμενα,

2220 5474 2257 5527 δι
2283 5475 2401 5528 οὐδὲ
2437 5477 2588 5531 ταῦτ’
2619 5478 2684 5531 ἂν
2716 5481 2800 5550 εἴη
2828 5482 2949 5534 καθ’
2982 5485 3343 5557 εἱμαρμένην.
3376 5489 3606 5556 Λέγεται
3628 5489 3683 5542 δὲ
3718 5492 3804 5543 ὲν·-

2220 5565 2524 5638 δεχομένως
2552 5570 2794 5638 γίνεσθαι
2825 5572 3019 5636 ταῦτα,
3075 5576 3159 5644 ἐφ’
3194 5569 3267 5628 ὧν
3316 5579 3409 5631 καί
3440 5580 3500 5632 τὸ
3550 5582 3622 5650 μὴ
3652 5582 3804 5647 γενέο

2222 5659 2344 5712 σθαι
2375 5659 2556 5731 χώραν
2581 5662 2711 5731 ἔχει,
2741 5662 2814 5726 ὡς
2841 5666 2934 5717 καὶ
2958 5665 3087 5719 αὐτὸ
3119 5667 3178 5719 τὸ
3206 5669 3441 5740 ὁπότερα
3467 5670 3623 5740 ἔτυχε
3658 5670 3804 5738 λεγό-

2223 5768 2400 5823 μενον,
2432 5756 2575 5807 ποιεῖ
2592 5753 2885 5825 γνώριμον.
2913 5752 3035 5809 υἷον
3062 5757 3119 5811 τὸ
3154 5760 3368 5830 κινῆσαί
3398 5779 3449 5815 τι
3478 5764 3585 5817 τῶν
3605 5761 3802 5817 ἑαυτοῦ
