4162 6430
403 376 505 431 461

1538 379 1856 435 ΡΒᾹΞΡΑΒ.
1900 380 2154 438 EVANG.
2192 382 2320 437 LIB.
2359 382 2446 437 VI.

3555 386 3662 440 462

402 492 606 567 μερῶν,
630 497 725 549 καὶ⁷
745 494 843 567 τὴν
870 496 1137 565 τυχοῦσαν
1161 496 1254 551 τοῦ
1286 498 1555 569 τραχήλου
1586 501 1957 573 περιστροφὴν

2093 504 2195 558 bus
2218 503 2523 568 tenebatur,
2549 502 2799 557 manibus
2824 502 3141 574 aufugisset,
3168 502 3220 555 in
3247 501 3372 572 fuga
3397 502 3514 571 ipsa
3537 516 3662 557 cur-

398 586 490 640 καὶ
518 586 617 657 τὴν
646 587 739 640 τοῦ
787 588 1049 641 δακτύλου
1113 588 1354 652 ἔκτασιν,
1398 590 1494 643 καὶ
1553 590 1615 642 τὸ
1665 591 1869 663 ἐπᾶραι
1914 593 1964 646 τέ

2084 609 2258 663 suque
2287 594 2643 663 contingeret,
2696 606 2753 648 ut
2788 594 2841 647 in
2880 608 3007 649 suos
3032 594 3147 662 ipse
3171 593 3426 649 dominos
3454 594 3662 648 incide-

397 675 663 749 βλέφαρα,
694 680 788 732 καὶ
815 679 907 732 τὸν
933 679 1295 750 καθεζόμενον
1329 680 1544 750 στῆσαι,
1569 681 1667 734 καὶ
1689 682 1780 736 τὸν
1812 683 1986 736 κινού-

2084 694 2183 738 ret.
2237 683 2421 749 Quare
2470 698 2630 739 nemo
2679 685 2780 737 ista
2834 682 2946 737 fato
2987 683 3111 752 jure
3167 682 3437 737 tribuerit.
3488 681 3661 737 Porro

397 784 556 839 μενον
587 769 884 839 ἠρεμῆσαι,
917 771 1010 823 καὶ
1059 770 1150 823 τὸν
1183 769 1448 823 λαλοῦντα
1481 770 1726 840 σιγῆσαι,
1763 773 1857 825 καὶ
1890 773 1964 826 ἐπ’

2080 781 2228 827 certa
2258 788 2438 827 rerum
2466 774 2825 842 quarumdam
2853 771 3116 841 principia
3134 779 3261 826 sunt
3289 772 3542 826 humana:
3570 786 3658 825 ra~

397 859 605 931 μυρίων
635 859 785 930 εὖροι
816 878 901 923 τις
927 861 993 914 ἂν
1022 861 1251 931 δύναμίν
1284 878 1405 915 τινα
1437 861 1849 933 ἐνυπάρχουσαν
1868 863 1978 917 τῶν

393 950 649 1004 ἐναντίων
680 951 955 1022 δεκτικὴν,
984 951 1021 1005 ἃ
1052 953 1153 1005 οὐκ
1188 952 1254 1006 ἂν
1282 953 1492 1021 γένοιτο
1530 953 1589 1018 ἐξ
1616 954 1975 1025 εἱμαρμένηςο

390 1040 463 1094 τά
486 1040 596 1112 γὰρ
623 1041 682 1109 ἐξ
716 1044 890 1112 αὐτῆς
937 1044 999 1097 οὐ
1024 1044 1241 1115 δέχεται
1291 1046 1388 1099 τοῦ
1425 1048 1483 1099 ἐν
1514 1038 1560 1113 ᾧ
1582 1048 1698 1099 ἐστι
1734 1046 1794 1099 τὸ
1826 1048 1980 1100 ἐναν-

391 1134 526 1188 τίον.
564 1134 726 1189 Ἀλλά
762 1137 856 1189 καὶ
882 1136 942 1189 τὸ
968 1135 1317 1206 βουλεύεσθαι
1348 1136 1441 1190 τὸν
1470 1136 1753 1209 ἄνθρωπον
1773 1138 1873 1190 οὐκ
1898 1139 1979 1200 εἰς

395 1227 575 1299 μάτην
600 1228 749 1299 αὐτῷ
773 1229 1030 1300 ὑπάρχει·
1057 1224 1125 1301 ἦν
1150 1229 1194 1282 δ’
1218 1229 1285 1283 ἂν
1311 1230 1392 1293 εἰς
1415 1230 1588 1300 μάτην
1612 1229 1972 1299 βουλευτικὸς,

391 1317 440 1369 εἱ
473 1316 532 1382 ἐξ
563 1318 811 1390 ἀνάγκης
845 1318 1081 1390 ἔπραττε
1131 1318 1200 1372 τὰ
1249 1320 1615 1390 πραττόμενα.
1651 1319 1789 1373 Ἀλλ’
1812 1323 1973 1391 ἐναρ-

390 1408 502 1477 γῶς
528 1409 777 1478 φαίνεται
828 1410 937 1464 τῶν
979 1409 1153 1465 ἄλλων
1210 1408 1364 1476 ζώων
1412 1413 1440 1464 ό
1498 1411 1783 1483 ἄνθρωπος
1818 1413 1977 1482 μόνος

392 1500 548 1554 τοῦτο
572 1501 722 1573 παρά
746 1502 848 1573 τῆς
894 1504 1109 1573 φύσεως
1168 1503 1306 1573 ἔχων
1335 1503 1517 1568 πλέον,
1558 1504 1619 1556 τὸ
1675 1504 1749 1575 μὴ
1776 1506 1976 1573 ὁμοίως

392 1592 621 1658 ἐκείνοις
674 1598 796 1657 ταῖς
845 1595 1167 1663 φαντασίαις
1221 1594 1469 1657 ἔπεσθαι,
1528 1594 1644 1648 ἀλλ’
1676 1595 1819 1665 ἔχειν
1868 1594 1977 1648 τῶν

392 1687 840 1758 προσπιπτόντων
866 1688 1059 1759 κριτὴν
1079 1687 1171 1741 τὸν
1201 1687 1377 1756 λόγον·
1412 1682 1456 1756 ᾧ
1479 1686 1779 1759 χρώμενος,
1805 1689 1852 1740 εί
1878 1688 1976 1759 μὲν

392 1777 755 1848 ἐξεταζόμενα
800 1779 868 1831 τά
894 1777 1288 1848 φαντασθέντα,
1321 1774 1409 1833 οἷα
1441 1780 1540 1849 τὴν
1569 1780 1745 1852 ἀρχὴν
1779 1780 1972 1853 ἐφάνη,

391 1869 485 1924 καὶ
513 1868 649 1935 ἐστι,
674 1869 1125 1938 συγκατατίθεται
1152 1874 1218 1941 τῇ
1244 1870 1534 1940 φαντασίᾳ,
1561 1871 1655 1925 καὶ
1675 1871 1816 1925 οὕτω
1848 1872 1975 1944 μέτ-

390 1974 531 2010 εισιν
590 1957 751 2011 αὑτά·
791 1958 921 2011 εἰδὲ
947 1958 1134 2012 ἀλλοῖα
1159 1959 1428 2028 φαίνεται,
1476 1960 1578 2014 οὐκ
1629 1960 1710 2014 ἔτι
1760 1962 1975 2034 ἔμεινεν

391 2046 485 2098 ὲπλ⁸
512 2046 610 2117 τῆς
635 2047 978 2118 προλήψεως,
1007 2046 1326 2116 ἐλέγξαντος
1355 2048 1493 2103 αὐτά
1535 2049 1629 2102 τοῦ
1666 2050 1844 2119 λόγου,
1886 2051 1975 2106 διὰ

390 2142 454 2195 τὸ
488 2142 991 2214 συμϐουλεύσασθαι
1024 2145 1153 2213 περὶ
1194 2144 1394 2198 αὐτῶν.
1441 2145 1815 2216 Βουλευόμεθα
1843 2146 1972 2215 γοῦν

392 2232 523 2302 περὶ
555 2230 752 2302 μόνων,
777 2225 851 2285 ὧν
876 2232 1151 2303 δυνάμεθα
1206 2235 1487 2304 πράττειν’
1534 2238 1582 2289 εὶ
1640 2236 1697 2289 δέ
1730 2220 1859 2289 ποτε
1895 2239 1970 2309 μὴ

393 2320 813 2393 βουλευσάμενοι
871 2324 1224 2395 πράττοιμεν,
1273 2325 1533 2389 πολλάκις
1581 2328 1965 2398 μετανοοῦμεν,

393 2413 488 2466 καὶ
511 2414 835 2485 μεμφόμεθα
865 2417 1075 2478 έαυτοῖς
1096 2416 1196 2485 τῆς
1230 2416 1509 2479 ἀϐουλίας.
1554 2418 1711 2471 Ἀλλά
1744 2419 1849 2473 κᾶν
1875 2418 1969 2472 ἅλ-

391 2506 516 2569 λους
573 2507 771 2577 ἴδωμεν
817 2506 1058 2570 ἀϐούλως
1114 2508 1470 2579 πράττοντας,
1514 2509 1854 2582 ἐγκαλοῦμεν
1891 2512 1967 2577 ὡς

387 2595 830 2666 ἁμαρτήσαντας,
852 2596 1109 2666 ἀξιοῦμέν
1135 2614 1195 2650 τε
1249 2598 1572 2668 συμϐούλοις
1618 2600 1794 2653 τοῖσδε
1830 2600 1966 2672 χρῆ-

387 2685 530 2749 σθαι,
560 2686 635 2749 ὡς
666 2687 750 2755 ἐφ’
771 2688 901 2757 ἡμῖν
929 2688 1098 2741 ὅντων
1128 2688 1235 2742 τῶν
1267 2690 1546 2745 τοιούτων.
1589 2692 1711 2745 Ὀτι
1742 2690 1800 2743 δὲ
1842 2689 1968 2759 ψευ-

385 2775 484 2847 δὴς
514 2772 581 2847 ἦν
604 2776 781 2830 αὐτῶν
810 2780 838 2831 ό
864 2779 993 2850 περὶ
1020 2779 1363 2851 εἱμαρμένης
1409 2781 1590 2849 λόγος,
1618 2782 1802 2835 ἰκανὸν
1823 2799 1965 2853 μαρ-

384 2865 571 2936 τύριον
599 2867 664 2921 τὸ
692 2869 813 2939 μηδ’
842 2871 1043 2934 αὐτοὺς
1092 2873 1220 2934 τοὺς
1277 2872 1591 2944 προστάτας
1618 2873 1781 2927 αὐτοῦ
1811 2873 1968 2928 δύνα-

385 2957 511 3011 σθαι
532 2959 815 3013 πείθεσθαι
839 2964 953 3025 τοῖς
998 2963 1089 3015 ὑπ’
1119 2963 1296 3018 αὐτῶν
1340 2962 1674 3034 λεγομένοις.
1718 2965 1828 3018 Καὶ
1858 2964 1967 3037 γὰρ

385 3050 478 3102 καὶ
495 3052 824 3124 προτρέπειν
851 3053 945 3106 καὶ
972 3053 1241 3109 διδάσκειν
1268 3055 1712 3123 ἐπαγγέλλονται,
1732 3055 1826 3109 καὶ
1842 3072 1970 3125 μανι

387 3140 591 3207 θάνειν,
608 3144 703 3197 καὶ
723 3144 1073 3199 παιδεύεσθαι
1101 3146 1580 3217 συμϐουλεύουσιν,
1600 3146 1967 3218 ὲπιτιμῶσίτε

386 3233 480 3286 καὶ
506 3234 898 3306 ἐπιπλήττουσι
930 3240 1044 3302 τοῖς
1066 3238 1125 3292 οὐ
1148 3237 1217 3291 τὰ
1260 3239 1606 3311 προσήκοντα
1623 3238 1844 3311 δρῶσιν,
1890 3239 1965 3302 ὡς

387 3325 528 3380 κατὰ
555 3332 879 3400 προαίρεσιν
903 3331 1040 3384 ίδίαν
1063 3333 1489 3404 ἁμαρτάνουσιν.
1518 3331 1680 3385 Ἀλλὰ
1709 3332 1803 3385 καὶ
1833 3349 1967 3402 συγ-

386 3417 690 3490 γράμματα
716 3420 941 3474 πλεῖστα
971 3422 1375 3488 καταλείπουσι,
1412 3423 1481 3476 δι’
1506 3420 1582 3477 ὧν
1607 3422 1815 3490 ἀξιοῦσι
1840 3441 1967 3479 παι-

385 3508 635 3564 δεύεσθαι
663 3512 789 3575 τοὺς
815 3512 988 3577 νέους.
1026 3514 1365 3568 Ἐπαύσαντο
1407 3514 1451 3567 δ’
1473 3514 1539 3568 ἂν
1584 3514 1686 3584 τῆς
1743 3517 1801 3568 ὲν
1853 3518 1965 3578 τοῖς

385 3598 563 3669 λόγοις
610 3602 917 3675 φιλοτιμίας
958 3607 1007 3657 εἱ
1057 3606 1377 3678 προσέσχον,
1406 3607 1488 3660 ὅτι
1514 3607 1607 3660 καὶ
1636 3606 1965 3679 συγγνώμης

381 3690 593 3757 ἀξιοῦσι
608 3696 733 3758 τοὺς
749 3696 1017 3759 ἀκουσίως
1032 3697 1469 3769 ἁμαρτάνοντας,
1490 3699 1615 3763 τοὺς
1631 3699 1687 3752 δὲ
1704 3699 1959 3763 έκουσίω⁵

385 3784 836 3857 πλημμελοῦντας
851 3787 1121 3852 κολάσεως
1139 3789 1322 3855 ἀξίους
1338 3786 1474 3844 εἷναί
1493 3790 1751 3859 φασιν,ὼς
1768 3793 1853 3844 ἐπ’
1873 3792 1965 3846 αὐ-

381 3880 495 3940 τοῖς
515 3878 864 3950 δηλονότιτοῦ
889 3898 950 3933 τε
975 3882 1311 3952 ἁμαρτάνειν
1335 3883 1429 3936 καὶ
1456 3882 1548 3937 τοῦ
1584 3883 1658 3955 μὴ
1688 3884 1957 3955 κειμένου.

385 3970 547 4025 ’Ὥστε
564 3973 657 4026 καὶ
680 3973 800 4027 κατ’
830 3972 1026 4037 αὐτοὺς
1049 3976 1389 4046 ἀναιρεῖσθαι
1408 3978 1505 4046 τὴν
1533 3976 1593 4041 ἐξ
1619 3979 1960 4049 εἱμαρμένης

383 4065 649 4137 ἀνάγκην,
670 4066 1018 4121 συνίστασθαι
1047 4067 1105 4120 δὲ
1120 4069 1262 4122 κατὰ
1282 4068 1440 4137 φύσιν
1465 4071 1595 4140 ἡμῖν
1626 4070 1887 4140 ὑπάρχειν
1900 4069 1960 4122 τὸ

384 4163 749 4230 αὐτεξούσιον·
800 4162 939 4234 μετά
967 4161 1063 4216 τοῦ
1095 4162 1323 4216 πλεῖστα
1353 4160 1491 4217 εἶναι
1542 4166 1635 4218 καὶ
1660 4165 1728 4218 τὰ
1768 4164 1841 4237 μὴ
1871 4166 1957 4235 ἐφ’

383 4255 533 4325 ἡμῖν,
551 4253 701 4308 ὥσπε
708 4272 739 4325 ρ
754 4254 822 4308 τά
836 4254 975 4308 κατά
992 4253 1171 4323 φύσιν,
1186 4254 1279 4307 καὶ
1293 4254 1361 4306 τά
1373 4255 1438 4307 ἐκ
1450 4254 1638 4325 τύχης,
1651 4254 1814 4325 ἕτερα
1832 4254 1959 4309 ὄντα

382 4348 477 4402 καί
499 4349 639 4403 αὐτὰ
673 4348 824 4420 παρά
876 4348 966 4402 τὸν
997 4349 1096 4420 τῆς
1152 4349 1495 4420 εἱμαρμένης
1552 4348 1729 4416 λόγον,
1776 4347 1959 4413 καθὼς

384 4436 775 4508 προδέδεικται.
799 4436 1018 4490 Τούτων
1064 4439 1193 4509 ἡμῖν
1223 4436 1330 4491 ἀπὸ
1362 4436 1630 4489 πλείστων
1664 4439 1959 4508 ὲπιτετμητ

2081 864 2213 917 tioni
2246 878 2471 933 prorsus
2493 863 2745 926 obscura,
2779 878 2901 933 quae
2924 862 3069 933 quod
3098 878 3285 918 earum
3313 878 3479 917 causa
3503 862 3655 931 igno-

2080 966 2248 1021 retur,
2282 955 2580 1026 antipathia
2604 956 2835 1024 quadam
2867 955 3085 1010 evenire
3113 955 3426 1010 creduntur.
3464 953 3658 1023 Cujus-

2077 1047 2223 1100 modi
2259 1062 2321 1101 ea
2346 1057 2473 1102 sunt
2500 1062 2625 1116 qua:
2656 1046 2910 1100 amuletis
2938 1046 3264 1115 quibusdam
3301 1045 3419 1100 fieri
3450 1045 3657 1099 invete-

2077 1148 2193 1192 rata
2220 1138 2405 1208 opinio
2438 1147 2541 1204 est,
2589 1154 2715 1194 cum
2762 1138 2956 1192 idonea
3003 1137 3307 1207 similisque
3335 1152 3464 1192 vero
3488 1151 3656 1193 causa

2076 1229 2159 1284 vis
2188 1229 2403 1283 illorum
2438 1228 2729 1285 efi‘ectricis
2757 1229 3027 1299 assignari
3063 1229 3209 1283 nulla
3237 1229 3428 1298 possit.
3496 1225 3655 1284 Tales

2075 1334 2293 1389 quoque
2319 1329 2448 1373 sunt
2478 1319 2781 1384 cantiones,
2817 1326 3132 1388 cmteraeque
3162 1317 3213 1370 id
3242 1331 3411 1387 genus
3438 1317 3652 1386 praesti-

2076 1414 2193 1484 giaa.
2259 1412 2395 1468 Nam
2456 1415 2687 1470 istorum
2741 1414 2987 1469 omnium
3036 1414 3251 1486 ignotas
3293 1429 3414 1469 esse
3457 1429 3654 1470 causas

2074 1517 2236 1557 nemo
2278 1518 2388 1557 non
2429 1502 2661 1569 fatetur,
2718 1504 3019 1574 eademque
3046 1514 3329 1575 propterea
3363 1505 3657 1559 ἀναιτιολό-

2074 1607 2250 1662 γητα,
2280 1593 2385 1648 hoc
2417 1603 2530 1658 est,
2582 1594 2854 1664 ejusmodi
2901 1609 3135 1665 quorum
3183 1595 3441 1664 explicari
3487 1610 3653 1650 causa

2080 1697 2185 1736 non
2234 1685 2438 1750 possit,
2476 1686 2636 1754 vulgo
2669 1686 2945 1741 dicuntur.
2987 1687 3067 1739 Ad
3112 1686 3227 1741 haec
3259 1686 3516 1756 pleraque
3544 1696 3656 1741 sta-

2077 1774 2182 1827 tuit
2219 1784 2506 1846 utramque
2559 1776 2612 1830 in
2657 1784 2864 1846 partem
2921 1777 3232 1847 promiscue
3262 1777 3650 1847 contingentia,

2006 1851 2048 1906 Β
2076 1879 2233 1936 qua},
2265 1877 2422 1935 prout
2467 1882 2555 1922 res
2583 1867 2798 1933 tulerit,
2831 1868 3084 1923 eveniant
3105 1909 3120 1931 ,
3158 1884 3280 1938 qua:
3305 1867 3402 1923 fati
3435 1883 3652 1939 quoque

2074 1954 2385 2010 necessitati
2432 1955 2781 2011 subducenda
2827 1964 2983 2026 putat
3033 1959 3238 2012 omnia.
3294 1956 3370 2012 Ea
3403 1973 3567 2028 porro
3594 1958 3650 2011 in

2074 2055 2365 2117 utramque
2406 2056 2615 2118 partem
2647 2049 3017 2119 contingentia
3060 2058 3359 2116 vocantur,
3389 2065 3511 2119 quae
3537 2058 3649 2105 tam

2072 2153 2180 2191 non
2204 2138 2320 2192 fieri
2355 2148 2600 2209 possunt,
2627 2156 2789 2210 quam
2812 2140 2952 2207 fieri,
2972 2138 3432 2210 quemadmodum
3462 2155 3528 2193 ex
3557 2153 3645 2205 eo,

2070 2230 2215 2299 quod
2241 2231 2476 2298 additur,
2513 2243 2675 2301 prout
2704 2247 2789 2287 res
2815 2232 3021 2296 tulerit,
3060 2232 3397 2302 intelligitur.
3455 2230 3652 2285 Exem-

2067 2323 2142 2391 pli
2177 2338 2343 2378 causa
2389 2332 2597 2393 partem
2645 2324 2894 2393 corporis
2923 2322 3163 2393 aliquam
3195 2337 3447 2389 movere,
3478 2324 3652 2377 cervi-

2067 2423 2158 2464 ces
2189 2418 2390 2465 temere
2429 2412 2535 2465 huc
2580 2411 2775 2467 illucve
2820 2420 3158 2479 convertere,
3205 2412 3433 2482 digitum
3462 2421 3652 2466 exten-

2065 2502 2212 2566 dere,
2241 2503 2429 2558 tollere
2459 2504 2770 2573 supercilia,
2803 2512 2949 2559 stare
2971 2518 3096 2557 cum
3128 2512 3250 2558 ante
3275 2504 3492 2558 sederes
3512 2543 3526 2566 ,
3555 2512 3651 2558 aut

2064 2611 2189 2650 cum
2234 2596 2383 2665 prius
2424 2599 2717 2653 movereris
2741 2639 2756 2664 ,
2791 2597 3093 2668 quiescere,
3126 2605 3222 2650 aut
3269 2604 3482 2659 tacere,
3520 2610 3644 2651 eum

2065 2697 2190 2742 ante
2223 2689 2523 2758 loquereris
2548 2708 2573 2742 :.
2596 2690 2811 2758 aliaque
2843 2698 3095 2744 sexcenta
3119 2703 3134 2740 :
3157 2688 3358 2758 quibus
3389 2688 3444 2742 in
3469 2689 3650 2742 omni-

2066 2780 2169 2835 bus
2201 2796 2324 2835 cum
2355 2780 2464 2833 vim
2508 2782 2799 2850 quamdam
2837 2795 3102 2849 agnoscas
3140 2779 3427 2834 contrariis
3471 2781 3648 2835 susci-

2064 2870 2276 2940 piendis
2308 2872 2594 2934 idoneam,
2642 2880 2754 2927 tum
2802 2885 2930 2925 vero
2973 2869 3068 2925 fati
3112 2871 3315 2925 nullam
3356 2872 3645 2940 invenias;

2066 2965 2212 3034 quod
2260 2979 2382 3034 quae
2411 2964 2520 3018 fato
2556 2963 2727 3030 fiunt,
2778 2964 2831 3017 id
2880 2963 3156 3032 suscipere
3179 3004 3194 3027 ,
3253 2965 3305 3017 in
3339 2979 3447 3032 quo
3481 2965 3645 3019 simul

2065 3057 2228 3111 etiam
2263 3055 2534 3111 contrario
2560 3054 2715 3109 locus
2746 3062 2848 3120 est,
2884 3052 3035 3107 nullo
3060 3052 3221 3107 modo
3253 3054 3484 3122 possint.
3523 3052 3644 3108 Jam

2066 3162 2196 3202 vero
2221 3146 2555 3201 deliberandi
2579 3157 2725 3202 certe
2759 3144 3186 3214 consulendique
3222 3143 3478 3199 facultate
3501 3159 3645 3214 prae»

2066 3240 2213 3295 ditus
2237 3240 2398 3294 homo
2417 3238 2622 3293 frustra
2647 3252 2756 3292 non
2776 3247 2878 3303 est,
2906 3244 3156 3306 essetque
3180 3244 3383 3302 tamen,
3414 3237 3459 3291 si
3485 3237 3646 3306 quid-

2065 3332 2196 3403 quid
2238 3331 2378 3403 agit,
2423 3339 2606 3402 ageret
2642 3329 2985 3385 necessitate.
3035 3327 3327 3383 Enimvero
3352 3328 3515 3397 272
3547 3329 3643 3383 uni

2066 3425 2194 3489 hoc,
2223 3424 2369 3494 quod
2403 3423 2578 3479 oculis
2608 3424 2740 3494 ipsis
2770 3430 3005 3485 tenetur,
3059 3420 3265 3475 homini
3292 3436 3402 3491 prae
3433 3421 3643 3477 caneris

2064 3515 2436 3570 animantibus
2465 3514 2725 3569 eximium
2757 3528 2822 3568 ac
2850 3512 3127 3584 singulare
3169 3521 3364 3566 natura
3396 3510 3639 3579 donavit,

2064 3608 2142 3663 uti
2177 3622 2284 3663 non
2311 3609 2586 3678 quomodo
2633 3607 2740 3661 illis
2786 3622 2887 3661 usu
2931 3607 3111 3671 venit,
3149 3606 3360 3660 oblatas
3389 3605 3642 3662 sensibus

2062 3701 2420 3771 impulsiones
2464 3709 2858 3770 consequatur,
2902 3697 2997 3753 sed
3042 3699 3097 3753 in
3124 3698 3226 3765 iis,
3258 3712 3380 3768 quas
3408 3699 3640 3753 subinde

2061 3799 2402 3863 contingunt,
2436 3791 2665 3845 rationis
2679 3790 2946 3858 judicium
2979 3788 3235 3844 adbibere
3263 3789 3456 3859 possit.
3514 3788 3636 3855 Quo

2051 3874 2192 3938 idum
2220 3884 2336 3954 ipse
2360 3882 2550 3949 utitur,
2580 3881 2626 3937 si
2661 3897 2782 3951 qua:
2810 3896 2974 3936 sensu
3004 3889 3059 3935 et
3085 3880 3416 3951 cogitatione
3443 3895 3635 3950 perce~

2060 3975 2180 4044 pit,
2234 3974 2424 4031 eadem
2474 3987 2706 4030 excussa
2748 3972 3098 4043 diligentius,
3158 3972 3466 4043 cujusmodi
3519 3974 3633 4029 visa

2058 4077 2236 4133 erant,
2273 4067 2542 4137 ejusmodi
2579 4081 2637 4120 re
2660 4065 2777 4135 ipsa
2807 4079 2930 4119 esse
2968 4064 3285 4133 comperiat,
3315 4064 3371 4118 in
3400 4064 3632 4133 phanta—

2060 4158 2155 4213 sia:
2175 4157 2383 4227 judicio
2407 4155 2728 4226 acquiescit,
2782 4169 2954 4222 eaque
2989 4153 3355 4223 persequitur.
3409 4151 3508 4207 Sin
3537 4169 3632 4208 ca-

2058 4250 2180 4304 dem
2212 4248 2370 4303 aliter
2409 4262 2470 4302 se
2513 4246 2713 4299 habere
2737 4244 3034 4314 intelligat,
3072 4258 3180 4296 non
3213 4243 3379 4298 haeret
3408 4243 3463 4297 in
3494 4256 3633 4312 prte-

2058 4349 2212 4411 cepta
2253 4338 2579 4409 cogitatione
2621 4336 2861 4400 diutius,
2912 4335 3057 4405 quod
3102 4349 3289 4389 eorum
3339 4333 3629 4389 falsitatem

2057 4431 2195 4486 ratio
2243 4428 2483 4483 adhibita
2527 4425 2927 4482 consultatione
2967 4425 3403 4494 deprehenderit.
3465 4424 3629 4494 Atqui

386 4526 582 4597 μένων,
612 4526 691 4599 τῷ
711 4527 877 4581 πολὺν
902 4522 1042 4581 εἶναι
1067 4528 1159 4580 τὸν
1188 4529 1316 4598 περὶ
1361 4525 1457 4580 τοῦ
1500 4526 1843 4592 αὐτεξουσίου
1870 4528 1953 4580 λό-

2062 4521 2125 4575 de
2150 4519 2311 4575 rebus
2336 4526 2544 4574 tantum
2577 4518 2665 4583 iis,
2700 4532 2821 4587 quae
2842 4516 2957 4572 fieri
2980 4532 3009 4570 a
3042 4516 3199 4571 nobis
3233 4525 3481 4587 possunt,
3506 4533 3631 4572 con—

381 4633 477 4686 γον
498 4620 556 4670 ὲν
580 4620 694 4681 τοῖς
730 4616 850 4671 καθ’
877 4618 1025 4689 ἡμᾶς
1069 4617 1353 4688 δόγμασιν·
1398 4610 1443 4685 ᾧ
1483 4616 1577 4669 καὶ
1603 4616 1711 4670 τῶν
1744 4616 1957 4686 φιλοσό-

382 4725 498 4777 φων
542 4708 876 4782 συνέδραμον
929 4711 986 4763 αἱ
1035 4709 1427 4781 παρατεθεῖσαι
1472 4710 1667 4778 φωναὶ,
1714 4711 1824 4771 τοῖς
1858 4709 1956 4779 μὲν

381 4799 500 4853 καθ’
529 4802 677 4873 ἡμᾶς
700 4800 863 4863 θείοις
894 4800 1215 4872 γράμμασιν
1251 4800 1741 4873 έπιμαρτυροῦσαι,
1775 4800 1874 4865 τὰς
1899 4799 1956 4853 δὲ

382 4893 510 4964 περὶ
541 4893 901 4964 εἱμαρμένης,
939 4892 1001 4946 οὐ
1033 4874 1191 4962 μόνον
1236 4891 1344 4947 τῶν
1383 4891 1592 4945 πολλῶν
1631 4891 1951 4965 ἀνθρώπων,

379 4983 515 5038 ἀλλά
534 4984 630 5037 καὶ
658 4984 768 5037 τῶν
788 4984 1122 5056 χρησμῳδῶν
1173 4982 1283 5038 τῶν
1311 4983 1640 5055 θαυμαστῶν
1686 4983 1823 5037 θεῶν
1854 4982 1953 5046 τὰς

376 5074 535 5141 δόξας
558 5074 771 5144 ψευδεῖς
785 5076 951 5141 οὔσας
979 5062 1415 5146 ἀπελέγχουσαιί
1438 5076 1533 5128 καὶ¹
1569 5074 1676 5128 τῶν
1706 5077 1799 5148 μὲν
1819 5074 1953 5146 πρὸς

376 5167 503 5230 τοὺς
526 5168 805 5235 γενναίους
855 5170 1135 5239 χρησμοὺς
1164 5165 1525 5238 κυνικώτερον
1556 5167 1949 5231 ἀποτεθέντων,

376 5253 486 5307 τῶν
513 5254 571 5307 δὲ
604 5255 740 5327 πρὸς
770 5258 898 5319 τοὺς
928 5255 1274 5326 θαυμαστοὺς
1315 5255 1637 5325 φιλοσόφους
1667 5256 1819 5328 παρά
1843 5258 1951 5312 τῶν

376 5346 560 5410 αὐτοῖς
610 5347 901 5418 γνωρίμων
949 5346 1372 5418 ἀντειρημένων’
1436 5345 1552 5416 ὥρα
1609 5346 1703 5399 καὶ
1753 5346 1859 5401 τῶν
1892 5347 1950 5416 ἐξ

374 5440 730 5512 ἀστρολογίας
787 5440 924 5509 πρὸς
970 5440 1098 5503 τοὺς
1137 5436 1536 5502 Χαλδαῖζοντας
1589 5438 1697 5490 τῶν
1728 5438 1825 5509 τὴν
1855 5457 1952 5493 κα-

375 5531 628 5602 κότεχνον
658 5530 860 5602 ταύτην
913 5530 1163 5601 γοητείαν
1204 5530 1279 5593 ὡς
1331 5532 1389 5583 ὲν
1444 5529 1599 5600 μέρει
1630 5530 1949 5600 μαθήματος

374 5621 859 5695 ἐπαγγελλομένων
878 5623 1005 5685 τοὺς
1022 5620 1213 5690 λόγους
1243 5621 1665 5690 ἐπισκέψασθαιο
1701 5620 1949 5694 παραθή-

378 5734 541 5789 σομαι
566 5716 626 5770 δέ
662 5733 743 5769 σοι
774 5717 869 5769 καὶ
888 5714 1054 5769 τῶνδε
1081 5713 1181 5776 τὰς
1208 5712 1512 5779 ἀποδείξεις
1541 5712 1601 5776 ἐξ
1637 5712 1825 5785 ἀνδρὸς
1848 5712 1948 5765 Σύ-

376 5823 473 5878 ρου
504 5808 601 5878 μὲν
628 5806 690 5860 τδ
712 5805 886 5875 γένος,
940 5804 1026 5858 ἐπ’
1050 5803 1218 5874 ἀκρον
1249 5802 1305 5855 δὲ
1362 5803 1460 5873 τῆς
1490 5799 1798 5871 Μλδαῖκῆς
1826 5802 1946 5855 επι-

2060 4607 2405 4664 sultationem
2451 4606 2823 4672 instituimus;
2872 4620 3011 4677 quas
3051 4604 3097 4660 si
3131 4607 3349 4675 quando
3387 4609 3628 4677 neglecta

2056 4699 2445 4755 deliberatione
2475 4698 2788 4762 fecerimus,
2824 4699 3139 4769 pmnitentia
3183 4715 3324 4770 sazpe
3360 4700 3509 4755 ducti
3551 4712 3630 4754 te-

2056 4791 2323 4847 meritatis
2368 4790 2472 4863 ipsi
2497 4805 2599 4846 nos
2627 4804 2692 4845 ac
2723 4791 2967 4845 stultitia:
2998 4806 3341 4847 accusamus.
3402 4791 3550 4857 lmo,
3582 4793 3627 4847 si

2054 4883 2194 4939 alios
2223 4897 2441 4953 quoque
2463 4882 2611 4937 nullo
2635 4883 2702 4936 ad
2729 4898 2817 4937 res
2850 4882 3087 4953 agendas
3117 4882 3346 4937 consilio
3370 4883 3628 4937 accedere

2053 4976 2358 5039 videamus,
2391 4989 2506 5039 eos,
2538 4973 2699 5044 quasi
2729 4974 3024 5043 peccarint,
3063 4972 3456 5042 reprehendere
3486 4972 3628 5027 sole-

2054 5084 2210 5133 mus,
2259 5067 2468 5137 liosque
2509 5074 2605 5120 aut
2647 5066 2769 5120 illos
2797 5066 3081 5121 consulere
3112 5065 3364 5119 volumus
3385 5105 3399 5129 ,
3426 5065 3627 5135 quippe

2052 5159 2145 5231 qui
2197 5175 2285 5215 res
2332 5158 2452 5213 illas
2494 5166 2678 5212 nostra
2710 5157 2764 5210 in
2795 5164 3061 5227 potestate
3103 5155 3235 5210 sitas
3265 5169 3384 5209 esse
3420 5155 3628 5210 sentia-

2052 5268 2193 5308 mus.
2253 5251 2520 5305 Creterum
2568 5264 2733 5320 quam
2784 5263 2920 5302 vana
2951 5247 3022 5301 sit
3049 5262 3235 5301 eorum
3260 5247 3328 5301 de
3358 5244 3469 5302 fato
3500 5263 3626 5302 sen-

2052 5348 2237 5413 tentia,
2270 5348 2355 5402 vel
2381 5362 2446 5402 ex
2477 5360 2540 5400 eo
2561 5344 2851 5400 manifeste
2871 5343 3052 5414 quivis
3078 5343 3525 5414 intelligat,quod
3554 5360 3623 5399 ne

2049 5438 2153 5508 ipsi
2176 5437 2391 5508 quidem
2418 5436 2537 5505 ejus
2568 5444 2863 5489 assertores
2899 5436 3126 5489 decretis
3154 5434 3476 5505 placitisque
3506 5435 3621 5489 suis

2048 5533 2422 5599 obtemperare
2470 5528 2697 5597 possint.
2756 5524 2890 5580 Nam
2934 5536 2988 5581 et
3017 5528 3324 5583 hortatores
3357 5543 3416 5583 se
3440 5528 3622 5583 docto-

2047 5633 2243 5687 resque
2267 5617 2618 5687 profitentur,
2651 5615 2882 5684 aliisque
2911 5625 3163 5671 auctores
3186 5625 3349 5684 sunt,
3376 5630 3433 5673 ut
3458 5619 3621 5672 disci—

2046 5712 2191 5782 plina
2215 5709 2415 5765 erudiri
2449 5720 2571 5765 sese
2598 5707 2991 5780 informat-ique
3018 5711 3329 5780 patiantur,
3375 5711 3621 5781 adeoque

2046 5803 2280 5875 graviter
2328 5817 2423 5858 eos
2457 5817 2521 5858 ac
2549 5800 2899 5857 vehementer
2938 5802 3259 5868 increpant,
3310 5805 3403 5870 qui
3446 5802 3621 5859 officio
