4162 6422
398 361 507 416 465

1574 356 1900 411 PRIEPAR.
1942 355 2194 414 EVANG.
2237 354 2365 413 LIB.
2408 354 2493 409 VI.

3557 344 3660 400 466

397 483 493 554 μία
521 480 722 553 βρῶσις
760 481 936 551 ἡτῶν
994 479 1265 532 ἁπάντων·
1309 478 1458 532 ἄλλοι
1512 478 1609 549 μὲν
1653 477 1795 531 κατὰ
1850 478 1968 540 τοὺς

2076 491 2169 531 eas
2194 477 2275 531 vel
2302 476 2441 530 inter
2471 488 2532 530 se
2561 473 2949 528 communione
2978 469 3279 541 conjunxit,
3307 467 3388 522 vel
3420 466 3663 521 dissimi-

390 573 610 635 λέοντας
634 570 942 642 τρέφονται,
973 569 1121 623 ἄλλοι
1160 570 1217 622 δὲ
1268 568 1409 622 κατὰ
1442 568 1540 633 τὰς
1584 569 1845 640 ἀμνάδας’
1881 568 1980 639 οὐχ

391 664 448 717 ἓν
479 676 503 703 α
535 662 749 733 ἔχοντες
780 662 964 732 σχῆμα
995 663 1348 733 φορημάτων,
1385 662 1486 714 οὐκ
1518 661 1641 725 ἔθος
1667 660 1745 725 ἓν,
1776 661 1875 730 οὐχ
1897 656 1979 724 εἷς

391 755 552 824 νόμος
577 753 851 816 πολιτείας
884 755 941 805 ὲν
960 752 1164 816 αὐτοῖς,
1211 753 1271 805 ού
1312 752 1406 823 μία
1433 754 1645 823 κίνησις
1683 751 1978 822 ἐπιθυμίας

392 852 500 904 τῶν
541 849 900 922 πραγμάτων
934 848 1049 901 ἀλλ’
1079 849 1308 912 ἕκαστος
1353 848 1461 902 τῶν
1497 847 1802 920 ἀνθρώπων
1835 848 1978 901 κατὰ

397 942 489 1012 τὴν
523 941 657 994 ἰδίαν
692 940 907 1011 θέλησιν
959 941 1191 1009 αἱρεῖται
1237 938 1415 1009 ἑαυτῷ
1447 938 1580 1008 βίον,
1618 938 1708 991 τὸν
1752 936 1978 1008 πλησίον

395 1033 468 1101 μὴ
495 1029 848 1102 μιμούμενος,
877 1029 1017 1099 πλὴν
1068 1031 1126 1080 έν
1180 1024 1262 1091 οἷς
1294 1028 1559 1098 βούλεται.
1588 1028 1661 1080 Τὸ
1690 1026 1798 1098 γὰρ
1827 1026 1977 1080 ἐλεύ-

391 1121 547 1192 θερον
576 1120 738 1174 αὑτοῦ
767 1121 863 1190 οὐχ
889 1120 1172 1172 ὑπόκειται
1205 1120 1436 1189 δουλεία·
1476 1120 1568 1171 καὶ
1596 1119 1650 1171 εἴ
1677 1136 1805 1172 ποτε
1832 1117 1974 1171 ἑκὼν

389 1213 683 1276 δουλεύσει,
712 1212 993 1266 καὶτοῦτο
1041 1213 1142 1281 τῆς
1186 1210 1496 1281 ἐλευθερίας
1536 1209 1699 1262 αὑτοῦ
1750 1212 1886 1274 ἐστι,
1915 1209 1976 1263 τὸ

389 1306 647 1359 δύνασθαι
676 1305 949 1359 δουλεύειν
1008 1304 1223 1358 ἑκόντα.
1282 1304 1444 1356 Πόσοι
1495 1302 1602 1355 τῶν
1647 1302 1973 1374 ἀνθρώπων,

390 1398 483 1450 καὶ
510 1397 742 1468 μάλιστα
762 1395 871 1450 τῶν
923 1396 1219 1450 Ἀλαναίων
1247 1394 1379 1465 (99),
1402 1395 1478 1458 ὡς
1512 1394 1581 1447 τὰ
1628 1394 1796 1463 ἄγρια
1836 1392 1971 1457 ζῶα,

390 1487 773 1560 κρεοϐοροῦσιν
823 1489 987 1561 ἄρτου
1016 1487 1090 1558 μὴ
1123 1487 1414 1557 γευόμενα,
1465 1486 1559 1538 καὶ
1587 1486 1647 1537 οὐ
1683 1484 1768 1537 διὰ
1801 1484 1862 1536 τὸ
1897 1482 1971 1555 μὴ

390 1579 552 1651 ἔχειν,
584 1580 719 1633 ἀλλὰ
741 1579 828 1633 διά
870 1581 931 1632 τὺ
963 1580 1035 1650 μὴ
1073 1577 1286 1641 θέλειν;
1327 1577 1509 1629 Ἀλλοι
1556 1577 1732 1647 κρεῶν
1753 1563 1814 1629 ὀύ
1849 1576 1975 1645 γεύ-

389 1690 560 1734 ονται,
594 1672 669 1733 ὡς
693 1670 762 1723 τὰ
784 1671 968 1741 ἥμερα
1014 1669 1150 1734 ζῶαο
1176 1668 1324 1722 ἄλλοι
1372 1666 1755 1738 ίχθυοφαγοῢσι
1793 1667 1969 1738 μόνον·

389 1764 563 1836 ἕτεροι
596 1763 651 1815 δὲ
678 1762 873 1831 ἰχθύων
918 1762 979 1814 οὐ
1033 1760 1306 1829 γεύονται,
1356 1759 1553 1814 ούδ“ἂν
1598 1759 1964 1831 λιμὼσσωσιν.

389 1854 451 1907 Ol
482 1853 577 1922 μὲν
611 1850 1013 1922 ὑδροποτοῦσιν,
1039 1850 1089 1902 οἱ
1108 1849 1164 1902 δὲ
1192 1847 1579 1913 οἰνοποτοῦσιν,
1610 1850 1659 1901 οἱ
1688 1849 1745 1902 δὲ
1777 1850 1970 1921 σίκερα

390 1945 622 1997 πίνουσι.
651 1943 759 1996 Καὶ
812 1940 999 2004 ἁπλῶς
1047 1937 1213 2010 πολλὴ
1260 1938 1491 2010 διαφορὰ
1541 1939 1845 2011 βρωμάτων
1878 1943 1973 1995 καὶ

391 2037 650 2107 πομάτων
701 2036 758 2086 ἐν
815 2036 882 2104 τῇ
932 2032 1332 2103 άνθρωπότητι,
1366 2033 1526 2104 μέχρι
1556 2033 1650 2086 καὶ
1676 2035 1733 2086 ὲν
1765 2038 1844 2105 τῇ-
1866 2033 1973 2087 τῶν

390 2127 636 2197 λαχάνων
685 2127 780 2180 καὶ
823 2124 1055 2197 ὀπωρῶν
1107 2124 1304 2196 βρώσει
1355 2125 1752 2196 διαφερόμενοι.
1814 2125 1973 2180 Ἀλλὰ

390 2219 486 2271 καὶ
512 2218 561 2270 οἱ
590 2218 708 2288 μὲν,
731 2219 807 2281 ὡς
840 2216 1109 2287 σκορπίοι,
1141 2218 1236 2270 καὶ
1285 2218 1361 2280 ὡς
1392 2218 1637 2283 ἀσπίδες,
1676 2220 1751 2291 μὴ
1784 2221 1973 2292 ἀδικη-

392 2309 577 2372 θέντες
608 2309 900 2364 άδικοῦσιν·
945 2313 993 2364 οἱ
1050 2312 1125 2376 δὲ,
1171 2312 1246 2375 ὡς
1277 2312 1347 2364 τὰ
1376 2311 1545 2380 ἄλογα
1577 2310 1711 2376 ζῶα,
1754 2311 1970 2366 ἀδικού-

395 2416 542 2469 μενοι
575 2399 886 2469 ἀμύνονται·
906 2400 1079 2473 ἕτεροι
1097 2401 1172 2463 δὲ,
1198 2401 1272 2464 ὡς
1290 2400 1473 2466 λύκοι,
1502 2401 1827 2473 ἁρπάζουσι,
1851 2404 1966 2469 καὶ,

391 2488 466 2551 ὡς
489 2488 669 2556 γαλαῖ,
705 2488 1044 2543 κλέπτουσινο
1070 2489 1216 2543 ἄλλοι
1243 2488 1318 2553 δὲ,
1351 2489 1428 2552 ὡς
1458 2487 1694 2558 ἁμνάδες
1744 2489 1838 2542 καὶ
1862 2506 1968 2561 μη-

388 2576 568 2641 κάδες,
614 2578 718 2630 ὑπὸ
771 2578 878 2632 τῶν
910 2580 1254 2649 ὁμοιοπαθῶν
1316 2578 1647 2642 ἐλαύνονται,
1704 2580 1795 2634 καὶ
1848 2583 1969 2645 τοὺς

386 2667 707 2731 ἀδικοῦντας
738 2669 836 2721 οὐκ
870 2669 1131 2723 ἀδικοῦσι.
1166 2671 1276 2724 Καὶ
1325 2672 1374 2723 οἱ
1424 2671 1521 2723 μὲν
1550 2670 1796 2739 λέγονται
1829 2673 1967 2741 ἀγα-

386 2755 490 2820 θοὶ,
522 2760 569 2809 οἱ
592 2758 647 2810 δὲ
667 2759 847 2823 κακοὶ,
890 2761 939 2811 οἱ
972 2760 1028 2811 δὲ
1071 2760 1288 2814 δίκαιοι.
1350 2760 1513 2813 Ὅθεν
1568 2761 1683 2813 ἐστι
1723 2763 1859 2814 νοεῖν
1893 2761 1967 2833 μὴ

387 2848 603 2912 πάντως
633 2849 772 2902 κατὰ
806 2850 966 2918 φύσιν
1032 2850 1259 2918 ἄγεσθαι
1315 2849 1405 2902 τὸν
1457 2849 1739 2921 ἄνθρωπον
1788 2850 1968 2917 (ποίαν

386 2938 493 3008 γὰρ
552 2939 718 2993 αὐτοῦ
752 2940 983 3011 ἐροῦμεν
1012 2940 1236 3010 φύσινξ)
1291 2939 1427 2994 ἀλλὰ
1475 2938 1553 3008 πὴ
1595 2940 1691 3010 μὲν
1744 2941 1967 3013 φέρεται

386 3029 526 3083 κατὰ
560 3028 742 3098 φύσιν,
768 3029 843 3099 πὴ
879 3031 936 3083 δὲ
969 3031 1109 3083 κατὰ
1164 3029 1501 3100 προαίρεσιν.
1551 3029 1641 3082 Διὸ
1688 3029 1777 3085 τὸν
1808 3031 1966 3085 ἔπαιυ

385 3130 497 3187 νον,
523 3122 619 3176 καὶ
646 3123 739 3175 τὸν
781 3121 967 3191 ψόγον,
1021 3123 1115 3174 καὶ
1150 3121 1247 3192 τὴν
1280 3121 1578 3194 καταδίκην
1603 3121 1715 3192 ἔχει
1764 3124 1823 3177 ὲν
1854 3127 1965 3188 τοῖς

387 3212 529 3266 κατὰ
580 3211 919 3283 προαίρεσιν·
961 3211 1019 3264 ἐν
1073 3209 1131 3262 δὲ
1177 3213 1288 3274 τοῖς
1335 3211 1480 3289 κατὰ
1536 3210 1696 3280 φύσιν
1725 3214 1839 3283 ἔχει
1864 3214 1963 3284 τὴν

384 3305 746 3376 ὰνεγκλησίαν
779 3306 840 3358 οὐ
872 3304 1013 3360 κατὰ
1059 3303 1225 3368 ἕλεος,
1255 3302 1390 3357 ἀλλὰ
1437 3305 1578 3358 κατὰ
1616 3304 1823 3374 λόγον.»
1856 3306 1967 3360 Καὶ

387 3394 512 3468 ἑξῆς
541 3414 692 3468 φησι’
725 3416 741 3447 ι
769 3396 982 3468 Νόμους
1010 3395 1193 3449 ἔθεντο
1214 3395 1504 3466 διαφόρους
1531 3398 1578 3449 οῐ
1604 3397 1879 3469 ἄνθρωποι
1909 3402 1966 3451 ἐν

386 3488 590 3560 ἑκάστῃ
617 3486 789 3559 χώρᾳ,
812 3487 962 3551 τινάς
1016 3488 1456 3559 γεγραμμένους,
1518 3490 1663 3553 τινὰς
1714 3491 1770 3543 δὲ
1796 3491 1968 3562 ἀγρά-

387 3596 540 3650 φους,
571 3580 631 3643 ἐξ
654 3573 727 3632 ὧν
757 3581 1107 3650 διηγήσομαι,
1140 3579 1215 3645 ὡς
1242 3577 1380 3643 οἶδα,
1407 3581 1499 3634 καὶ
1548 3575 1623 3635 ὧν
1656 3581 1963 3653 μέμνημαι,

386 3670 688 3742 ἀρξάμενος
715 3672 780 3723 ὲκ
798 3671 896 3741 τῆς
916 3668 1007 3722 τοῦ
1036 3671 1243 3742 κόσμου
1266 3672 1460 3743 ἀρχῆς.
1479 3671 1661 3742 Νόμος
1687 3672 1801 3725 ἐστὶ
1817 3671 1968 3743 παρὰ

386 3762 589 3833 Σήραις
612 3762 686 3834 (1)
721 3762 925 3833 μηδένα
960 3761 1224 3830 φονεύειν,
1276 3764 1413 3834 μήτε
1467 3762 1772 3834 πορνεύειν,
1830 3765 1964 3835 μήτε

385 3854 658 3918 κλέπτειν,
697 3855 832 3924 μήτε
884 3853 1044 3917 ξόανα
1074 3856 1414 3925 προσκυνεῖν.
1459 3854 1569 3906 Καὶ
1596 3856 1653 3907 ὲν
1686 3854 1868 3924 ἐκείνῃ
1900 3856 1964 3925 τῇ

389 3943 621 4016 μεγίστῃ
660 3944 810 4014 χώρᾳ
831 3944 891 3996 ού
914 3947 1036 4000 ναόν
1070 3946 1213 3998 ἔστιν
1260 3943 1407 4008 ἰδεῖν,
1435 3944 1495 3997 ού
1518 3947 1750 4013 γυναῖκα
1777 3961 1965 4015 πορνι-

387 4035 510 4106 χὴν,
536 4036 596 4088 οὐ
625 4034 907 4105 μοιχαλίδα
959 4034 1386 4108 ὀνομαζομένην,
1438 4037 1498 4088 ού
1540 4036 1779 4107 κλέπτην
1811 4037 1965 4091 ἑλκό-

390 4118 549 4195 μενον
589 4125 681 4178 ἐπὶ
731 4123 908 4196 δίκην,
934 4125 1034 4176 ούκ
1067 4124 1413 4195 ἀνδροφόνον,
1453 4126 1513 4177 ού
1543 4127 1962 4198 πεφονευμένον.

387 4215 615 4279 Οὐδενὸς
634 4214 741 4288 γὰρ
760 4216 821 4269 τὸ
848 4216 1191 4280 αὐτεξούσιον
1225 4216 1533 4287 ἠνάγκασεν
1590 4220 1620 4270 ὁ
1659 4218 1752 4271 τοῦ
1808 4236 1967 4291 πυρι-

387 4308 632 4378 λαμπέος
663 4309 858 4380 ’Ἄρεος
904 4308 1079 4380 ἀστὴρ
1136 4310 1484 4380 μεσουρανῶν
1530 4309 1697 4380 ἄνδρα
1765 4311 1966 4382 σιδήρῳ

387 4399 616 4454 ἀνελεῖνο
646 4400 705 4451 ού
746 4398 965 4470 Κύπρις
996 4400 1092 4453 σὺν
1128 4401 1283 4470 Ἀρει
1309 4399 1567 4470 τυχοῦσα,
1592 4398 1847 4472 ἀλλοτρίᾳ
1871 4418 1967 4469 γυ-

2081 566 2308 621 litudine
2356 576 2549 619 natura
2594 563 2862 627 distinxit,
2918 562 3036 632 ejus
3084 562 3306 615 ductum
3349 558 3661 614 necessario

2080 658 2246 730 274
2273 658 2490 728 quidem
2513 698 2528 723 ,
2565 657 2658 711 sed
2690 665 2867 710 tamen
2896 653 3137 724 jucunde
3178 650 3371 721 sequi:
3409 648 3660 705 homines

2079 767 2240 816 vero,
2275 767 2370 819 qui
2414 749 2695 819 proprium
2737 748 2943 818 aliquid
2969 748 3070 802 soli
3106 761 3172 801 ac
3210 744 3518 816 singulare,
3554 744 3659 797 hoc

2079 851 2159 897 est
2185 849 2421 895 mentem
2446 879 2460 905 ,
2497 854 2728 909 quasque
2771 837 3133 908 proﬁciscitur
3156 850 3219 891 ex
3247 843 3462 901 mente,
3496 834 3663 888 ratio-

2078 950 2202 989 nem
2230 934 2488 999 habeant,
2542 945 2600 987 ut
2633 933 2686 986 in
2716 932 2802 995 iis,
2828 946 2952 1001 quae
2978 930 3046 985 ad
3068 930 3507 985 communionem
3535 943 3656 997 pcr-

2078 1026 2267 1088 tinent,
2298 1026 2545 1080 eamdem
2581 1033 2832 1079 naturam
2858 1031 3175 1093 sequantur,
3200 1019 3657 1090 quemadmodum

2073 1116 2184 1187 jam
2215 1126 2341 1171 ante
2365 1117 2512 1183 dixi;
2560 1119 2612 1170 in
2642 1116 2708 1170 iis
2738 1125 2943 1178 tamen,
2979 1130 3101 1184 quae
3149 1113 3407 1183 peculiari
3445 1127 3509 1167 ex
3536 1111 3658 1182 jure

2076 1226 2140 1265 ac
2177 1209 2435 1265 facultate
2460 1210 2729 1279 pendent,
2761 1208 2827 1262 ad
2856 1223 3198 1262 communem
3234 1206 3378 1260 illam
3406 1215 3655 1258 naturam

2077 1299 2260 1354 minus
2306 1299 2706 1354 adhaerescunt.
2759 1297 2868 1351 Nec
2893 1297 3036 1350 enim
3062 1297 3250 1351 eodem
3279 1310 3470 1350 omnes
3501 1305 3659 1349 utun-

2075 1396 2165 1442 tur
2195 1389 2336 1453 cibo,
2391 1404 2514 1443 cum
2559 1387 2651 1441 alii
2702 1387 2942 1449 leonum,
2972 1384 3153 1438 ovium
3185 1383 3275 1437 alii
3310 1383 3415 1435 ritu
3441 1396 3658 1435 vescan-

2076 1489 2163 1535 tur
2195 1494 2210 1533 :
2245 1495 2354 1533 non
2389 1479 2567 1534 cultus
2599 1477 2739 1533 idem
2772 1477 3050 1539 omnibus,
3081 1489 3188 1528 non
3224 1488 3364 1537 mos,
3398 1487 3505 1526 non
3535 1471 3658 1526 vitae

2074 1572 2160 1626 lex
2188 1582 2241 1625 et
2266 1571 2406 1626 ratio
2437 1571 2635 1640 placet,
2657 1584 2763 1624 non
2788 1569 3103 1623 earumdem
3129 1582 3322 1631 omnes
3347 1581 3528 1619 rerum
3562 1580 3657 1619 cu-

2076 1663 2303 1732 piditate
2331 1662 2608 1717 ducuntur
2644 1681 2656 1716 :
2692 1676 2793 1716 suo
2839 1662 3072 1730 quisque
3104 1660 3236 1714 vivit
3259 1658 3518 1722 arbitrio,
3557 1672 3658 1712 nec

2074 1754 2317 1809 vicinum
2375 1754 2708 1824 quisquam,
2761 1754 2865 1807 nisi
2916 1763 3185 1822 quatenus
3240 1751 3418 1807 visum
3470 1748 3655 1818 fuerit,

2073 1847 2382 1903 aemulatur.
2426 1846 2524 1901 Est
2555 1846 2701 1901 ettim
2732 1861 2794 1899 ea
2826 1845 3073 1900 libertate
3097 1844 3376 1913 praeditus,
3398 1857 3519 1911 quae
3548 1857 3663 1895 ser-

2072 1940 2299 1996 vitutem
2331 1940 2442 2010 pati
2480 1954 2588 1993 non
2620 1938 2809 2009 possit.
2854 1938 3008 2004 Quod
3052 1939 3097 1993 si
3138 1938 3325 1992 volens
3364 1934 3657 2004 aliquando

2073 2030 2355 2099 libensque
2406 2028 2625 2095 serviat,
2683 2028 2787 2082 hoc
2841 2028 3019 2097 ipsum
3075 2027 3339 2083 libertatis
3388 2026 3507 2095 ejus
3549 2034 3653 2090 cst,

2072 2120 2217 2190 quod
2268 2119 2473 2174 servire
2519 2117 2689 2171 libere
2734 2118 2924 2187 possit.
2992 2115 3165 2183 Quam
3197 2116 3350 2170 multi
3380 2114 3653 2180 homines,

2070 2212 2415 2266 Alanzeorum
2464 2212 2767 2281 praesertim
2814 2226 2879 2265 ex
2913 2225 3140 2281 genere,
3197 2209 3380 2264 crudis
3415 2206 3652 2263 ferarum

2070 2318 2225 2358 more
2248 2303 2504 2358 carnibus
2533 2310 2832 2357 vescuntur
2855 2342 2870 2368 ,
2912 2317 3106 2371 panem
3135 2317 3203 2355 ne
3235 2300 3509 2371 attingunt
3536 2299 3655 2370 qui-

2070 2394 2214 2459 dem,
2261 2408 2369 2448 non
2402 2392 2654 2463 penuria.
2698 2393 2794 2449 sed
2823 2392 3137 2447 voluntate?
3198 2390 3301 2445 Alii
3333 2389 3557 2462 perinde
3588 2406 3654 2445 ac

2070 2486 2281 2542 cicures
2329 2486 2633 2542 animantes
2684 2486 2943 2542 carnibus
3000 2485 3292 2540 abstinent.
3351 2484 3458 2539 Alii
3519 2484 3653 2541 solis

2072 2582 2299 2628 utuntur
2350 2574 2628 2643 piscibus,
2661 2590 2801 2645 quos
2825 2574 2952 2640 alii,
3004 2585 3061 2628 ut
3091 2574 3329 2628 maxime
3357 2571 3531 2629 fames
3564 2589 3652 2629 ur.

2069 2675 2211 2736 geat,
2244 2676 2463 2735 gustare
2490 2682 2598 2721 non
2624 2678 2871 2737 possunt.
2919 2668 3023 2720 Alii
3056 2683 3278 2736 aquam,
3314 2668 3503 2722 vinum
3534 2667 3648 2733 alii,

2068 2756 2157 2811 alii
2190 2756 2420 2811 siceram
2472 2757 2686 2811 bibunt.
2755 2756 2998 2827 Denique
3046 2774 3240 2827 magna
3272 2767 3355 2812 est
3384 2759 3439 2812 in
3474 2758 3652 2813 homi-

2068 2863 2199 2901 num
2230 2863 2426 2917 genere
2466 2849 2572 2902 cibi
2608 2858 2880 2918 potusque
2905 2849 3191 2902 diversitas
3212 2887 3227 2912 ,
3263 2863 3425 2917 quam
3458 2848 3512 2901 in
3544 2849 3653 2902 ole-

2068 2953 2189 2992 rum
2215 2939 2378 2993 etiam
2411 2954 2474 2993 ac
2501 2953 2788 3009 pOInornm
2823 2954 2925 2992 usu
2962 2939 3144 2993 videre
3178 2941 3319 2994 licet.
3393 2936 3649 2993 Nonnulli

2068 3038 2352 3098 praeterea,
2385 3030 2662 3098 quomodo
2695 3028 2895 3097 scorpii
2931 3029 3255 3096 aspideSque
3289 3027 3482 3092 solent,
3503 3026 3651 3081 nulla

2070 3120 2272 3191 injuria
2321 3120 2555 3175 lacessiti
2593 3119 2825 3181 lzedunt,
2860 3120 3038 3175 illatas
3090 3120 3181 3172 alii
3224 3120 3508 3175 brutarum
3542 3120 3654 3173 ani-

2067 3212 2332 3265 mantium
2383 3213 2487 3264 ritu
2529 3219 2933 3279 persequuntur
2964 3208 3212 3279 injurias.
3280 3207 3419 3262 Sunt
3443 3208 3530 3278 qui
3560 3223 3650 3262 ra-

2066 3304 2296 3372 pacitate
2337 3302 2519 3371 lupos,
2554 3301 2687 3371 l‘eles
2722 3310 2776 3357 ct
2797 3312 2949 3356 catos
2982 3300 3270 3355 furacitate
3317 3300 3599 3355 imitentur
3631 3319 3644 3356 :

2066 3402 2194 3451 sunt
2219 3402 2429 3458 contra,
2466 3394 2559 3463 qui
2608 3404 2867 3462 tanquam
2898 3408 3027 3447 oves
3059 3400 3154 3446 aut
3200 3406 3411 3461 caprea:
3434 3408 3465 3445 a
3495 3392 3645 3447 simi-

2065 3484 2208 3539 libus
2236 3486 2456 3552 impune
2488 3494 2771 3549 vexentur,
2798 3495 3158 3553 acceptasque
3188 3483 3416 3554 injurias
3438 3483 3649 3552 patien—

2067 3585 2149 3631 tcr
2175 3576 2370 3633 ferant.
2429 3577 2617 3646 Itaque
2646 3576 2736 3629 alii
2771 3576 2900 3630 boni
2924 3617 2938 3641 ,
2972 3576 3206 3645 improbi
3234 3576 3362 3642 alii,
3391 3576 3482 3630 alii
3512 3575 3649 3645 justi

2068 3677 2349 3723 vocantur.
2384 3668 2561 3738 Atque
2593 3668 2720 3723 hinc
2745 3683 2904 3723 nemo
2927 3683 3036 3724 non
3062 3668 3333 3739 intelligit,
3366 3668 3642 3722 hominem

2066 3762 2229 3815 rebus
2268 3761 2319 3814 in
2345 3762 2600 3815 omnibus
2629 3772 2821 3814 natura
2851 3760 3077 3815 minime
3102 3759 3230 3815 ferri
3263 3763 3458 3830 (quam
3499 3761 3645 3814 enim

2067 3863 2161 3908 aut
2202 3853 2511 3923 cujusmodi
2567 3853 2841 3923 propriam
2893 3852 3013 3923 ejus
3048 3862 3297 3906 naturam
3345 3867 3467 3906 esse
3498 3853 3647 3907 dice-

2067 3945 2280 4010 mus?),
2312 3945 2404 4000 sed
2442 3945 2639 4014 partim
2680 3955 2900 4008 natura,
2925 3946 3124 4015 partim
3159 3944 3453 3999 voluntate.
3492 3943 3545 3998 ln
3577 3943 3646 3997 iis

2066 4052 2232 4108 ergo,
2268 4052 2389 4107 quae
2420 4036 2720 4092 voluntatis
2746 4048 2910 4102 sunt,
2960 4036 3120 4091 modo
3156 4036 3345 4101 laude,
3380 4036 3545 4091 modo
3568 4037 3648 4090 vi-

2069 4126 2301 4195 tuperio,
2338 4125 2500 4179 modo
2530 4139 2688 4193 poena
2721 4125 2917 4194 dignus
2945 4133 3069 4189 est;
3105 4133 3161 4178 at
3187 4124 3242 4178 in
3272 4123 3362 4189 iis,
3394 4139 3516 4194 quae
3546 4140 3646 4178 na-

2068 4226 2202 4270 tura:
2231 4214 2363 4269 vitio
2391 4215 2548 4275 liunt,
2582 4213 2730 4266 omni
2764 4213 3182 4281 reprehensione
3221 4226 3409 4265 carere
3446 4212 3641 4278 debet;

2068 4315 2230 4376 atque
2259 4305 2310 4358 id
2336 4304 2604 4374 judicium
2656 4318 2764 4356 non
2792 4301 3169 4357 misericordia
3190 4341 3205 4366 ,
3258 4300 3352 4356 sed
3388 4303 3526 4358 ratio
3555 4304 3643 4357 di-

2067 4407 2196 4452 ctat.
2222 4417 2238 4448 ι
2261 4394 2386 4450 Haec
2414 4395 2524 4459 ille,
2554 4395 2753 4465 quibus
2771 4394 2935 4459 idem,
2953 4409 3074 4464 quae
3100 4400 3423 4463 sequuntur,
3450 4393 3644 4463 adjun-

387 4491 534 4545 ναικὶ
572 4492 793 4562 μιγῆναί
822 4510 941 4546 τινα
968 4494 1094 4563 παρ’
1115 4494 1341 4556 ἐκείνοις
1366 4493 1581 4556 πάντως
1614 4493 1760 4565 πάσῃ
1786 4494 1966 4566 ἡμέρᾳ

2073 4490 2169 4559 git.
2218 4507 2236 4539 ι
2278 4485 2486 4549 Varias,
2525 4486 2726 4556 inquit,
2761 4485 2904 4555 leges
2951 4484 3177 4555 singulis
3206 4485 3260 4539 in
3309 4484 3640 4555 regionibus,

391 4585 847 4655 μεσουρανοῦντος
911 4584 1006 4638 τοῦ
1074 4587 1287 4656 Ἀρεος,
1339 4587 1433 4639 καὶ
1484 4585 1630 4656 πάσῃ
1704 4586 1821 4658 ὥρᾳ
1869 4587 1961 4640 καὶ

386 4674 569 4745 ἡμέρᾳ
591 4675 941 4745 γεννωμένων
965 4675 1072 4729 τῶν
1104 4678 1314 4748 Σηρῶν.
1340 4676 1500 4748 Παρὰ
1538 4678 1717 4740 Ἰνδοῖς
1741 4679 1835 4730 καὶ
1866 4678 1967 4732 Βά-

387 4779 571 4835 κτροις
600 4766 705 4817 εἰσὶ
729 4765 964 4836 χιλιάδες
1000 4767 1189 4821 πολλαὶ
1232 4766 1340 4820 τῶν
1382 4767 1685 4838 λεγομένων
1708 4768 1965 4839 Βραχμά-

385 4853 610 4928 νων(2),
638 4857 832 4921 οἵτινες
861 4858 1004 4914 κατὰ
1057 4858 1353 4930 παράδοσιν
1399 4858 1508 4912 τῶν
1551 4858 1828 4929 προγόνων
1871 4859 1964 4912 καὶ

452 5001 482 5031 ι
507 4989 594 5044 ῑσ.
622 4989 726 5043 del.
756 4990 833 5043 ἓν.

457 5104 569 5176 (99)
622 5105 957 5160 Ἁλαναίων.
1007 5105 1083 5161 De
1131 5107 1364 5161 Alanmis
1412 5107 1546 5161 nihil
1599 5108 1722 5176 legi.
1777 5108 1963 5164 Simile

383 5188 516 5247 vero
548 5182 771 5247 est_non
806 5177 944 5231 alios
986 5190 1311 5247 essequam
1348 5178 1569 5241 Alanos,
1606 5194 1839 5247 quorum
1870 5177 1962 5233 Jo-

384 5245 606 5315 sephus.
646 5243 941 5316 Lucianus,
974 5247 1064 5299 alii
1097 5243 1339 5316 plerique
1363 5243 1747 5302 meminerunt.

454 5315 530 5384 (l)
560 5318 726 5382 Παρὰ
750 5315 986 5383 Σήραις.
1021 5315 1105 5369 An
1139 5317 1287 5371 Sera:
1318 5333 1348 5370 a
1394 5317 1617 5372 Seribus
1647 5319 1737 5371 alii
1756 5317 1779 5357 ⁷
1802 5316 1962 5373 Seres

385 5386 602 5458 quidem
637 5400 668 5438 a
718 5385 957 5458 Qaasario
1006 5388 1401 5458 nominantur:
1445 5387 1867 5458 2ﬁpsg,rinquit,
1907 5389 1959 5441 οἱ

381 5455 442 5510 τὺ
479 5457 652 5537 ἄκρον
682 5455 782 5537 τῇς
827 5455 1039 5537 Χέρσομ
1095 5456 1387 5537 οἰκοῦντες,
1426 5455 1589 5537 νόμον
1639 5455 1852 5537 ἔχοντες
1903 5458 1962 5537 to

382 5524 636 5598 πατρῷον
689 5524 852 5598 έθοςη
878 5524 951 5598 μὴ
1006 5525 1392 5597 ὲταιρίζεσθαι,
1446 5524 1587 5598 μηδὲ
1641 5524 1859 5598 solati,
1887 5526 1961 5598 μὴ

385 5594 696 5667 μοιχᾶσθαίι,
724 5594 800 5667 μὴ
827 5594 1035 5667 ξοάνοις
1067 5594 1408 5667 προσκυνεῖν,
1428 5594 1464 5665 ἦ
1493 5594 1815 5667 ποτνιᾶσθαι
1842 5594 1959 5649 δαίέ

385 5665 532 5736 μοσι,
568 5665 690 5736 μηδ’
718 5665 854 5736 ὅλως
876 5666 932 5716 ἐν
958 5665 1149 5736 αὐτοῖς
1173 5665 1437 5736 ύπάρχειν
1466 5665 1706 5736 εἴδωλον,
1740 5665 1773 5735 ἤ
1814 5668 1960 5719 ἑταῖ-

418 5753 503 5806 αν,
537 5733 579 5806 η’
594 5733 912 5806 μοιχαλίδα,
955 5736 1038 5806 ού
1071 5733 1739 5806 ωλὼτηνζούᾼφονέαελού
1763 5733 1961 5789 λωπο-

413 5803 567 5869 ύτην,
597 5803 725 5862 εις(
754 5803 1074 5861 Eusebianis
1126 5803 1352 5863 morsus
1396 5803 1596 5861 ailinia.
1632 5804 1864 5862 Eosdem
1897 5806 1955 5862 S.

2066 4581 2262 4652 partim
2323 4582 2592 4650 scriptas,
2649 4580 2845 4649 partim
2911 4594 3018 4648 non
3097 4578 3328 4648 scriptas
3395 4578 3642 4634 homines

2067 4674 2330 4743 tulerunt,
2368 4689 2398 4728 e
2427 4673 2626 4743 quibus
2654 4688 2748 4727 eas
2769 4713 2784 4738 ,
2814 4686 2935 4741 qua:
2966 4681 3107 4726 nota:
3136 4670 3269 4725 milii
3300 4678 3461 4738 sunt,
3495 4685 3642 4740 quae—

2066 4777 2171 4833 que
2220 4763 2273 4817 in
2316 4763 2631 4817 memoriam
2665 4763 2734 4816 ab
2766 4762 2915 4816 orbis
2957 4761 3179 4816 conditu
3230 4762 3500 4826 subeunt,
3539 4762 3640 4815 hoc

2065 4859 2187 4911 loco
2224 4853 2516 4927 proferam.
2582 4854 2738 4924 Apud
2793 4852 2954 4909 Seras
3015 4854 3099 4908 lex
3133 4862 3234 4920 est,
3288 4868 3395 4922 qua
3445 4852 3637 4917 caedes,

2066 5106 2422 5176 Epiphanius,
2454 5120 2575 5173 pag.
2610 5104 2770 5168 1091,
2792 5103 2889 5176 ubi
2918 5104 3080 5176 etiam
3108 5100 3437 5176 dgdiversis
3464 5099 3640 5154 diver-

2068 5171 2251 5233 sarum
2286 5171 2990 5244 gentium’ritibuqupod;
3020 5171 3272 5244 appellat.

2138 5247 2215 5370 s2)
2268 5239 2651 5325 Βραχμάνωγ.
2712 5239 2983 5324 Cassi-ius
3035 5239 3395 5321 βραγμανούς
3445 5248 3637 5306 vocat;

2138 5340 2141 5369 ι
2189 5318 2251 5369 τὸ
2283 5334 2337 5370 ν.
2375 5316 2555 5370 credo.
2592 5331 2644 5366 ιη
2669 5329 2725 5370 γ,
2772 5327 2981 5366 succisa
3011 5312 3156 5364 tibiae
3189 5320 3361 5370 parte,
3391 5311 3637 5364 decurtata

2068 5311 2160 5372 sed
2189 5311 2251 5369 τὸ
2283 5311 2337 5386 κ,
2375 5311 2555 5386 credo,
2592 5317 2653 5386 in,
2669 5329 2725 5381 γ,
2772 5313 2981 5386 succisa
3011 5312 3156 5386 tibiae
3189 5320 3361 5380 parte,
3390 5311 3640 5386 decurtao

2068 5396 2181 5441 tum
2232 5374 2359 5441 est":
2393 5374 2593 5454 Νόμος,
2642 5374 2845 5451 inquit,
2892 5382 3043 5451 παρὰ
3084 5374 3474 5452 Βακτριανοῖς,
3519 5378 3637 5502 Ἤτοι

2068 5457 2410 5502 Βοανιιανοίε
2446 5454 2618 5502 (atuui
2644 5453 2803 5502 latius
2834 5451 3106 5502 Bactriani
3135 5460 3340 5502 natent.
3372 5466 3472 5502 nec
3504 5464 3533 5500 a
3581 5468 3637 5502 e-

2064 5457 2418 5528 Bpaypavoi;
2446 5451 2618 5524 (atqui
2644 5453 2803 5528 latius
2834 5451 3106 5528 Bactriani
3135 5451 3340 5528 patent,
3372 5466 3472 5503 nec
3504 5451 3638 5528 alte—

2066 5519 2330 5591 rum'pro
2373 5519 2553 5577 altero
2578 5523 2882 5590 promiscue
2899 5520 3237 5591 _sumitnr),ij
3261 5521 3324 5573 ὲκ
3356 5519 3636 5591 προγόνων

2064 5588 2278 5675 παιδεία
2312 5594 2557 5675 (legelij
2578 5588 2681 5675 χιλε
2703 5660 2713 5674 ν
2741 5588 3236 5675 προγόνζεπαιδείαὶ
3280 5592 3352 5675 μὴ
3403 5588 3632 5675 μεθύειν

2067 5658 2356 5743 (interpres
2379 5658 2531 5743 legit,
2547 5658 2628 5731 μὴ
2655 5658 2844 5742 θύειν),
2864 5659 2994 5739 μηδὲ
3017 5658 3635 5743 “expuam-{mminit

2066 5729 2287 5800 (novum
2343 5729 2523 5802 plane_
2552 5729 2724 5800 genus
2770 5730 3016 5799 ἀποχῆς,
3063 5742 3115 5785 et
3140 5729 3504 5802 Pythagorae
3557 5729 3632 5802 illi

2065 5800 2467 5872 ἀντικειμένης.
2502 5800 2641 5870 Lege
2661 5816 2782 5855 cum
2812 5809 3021 5868 nostro,
3056 5800 3178 5871 μηδ’
3201 5800 3508 5870 ἐμψύχων)ο
3536 5800 3633 5850 οὐκ
