4162 6422
340 327 446 382 469

1499 324 1820 380 PRAEPAB.
1866 322 2122 380 EVANG.
2168 322 2298 378 LIB.
2339 322 2430 377 Vl.

3500 313 3605 366 4ῖο

334 459 436 507 κας
461 443 738 513 γεωργεῖν,
780 444 869 497 καὶ
908 444 1229 515 οἰκοδομεῖν,
1286 444 1380 496 καὶ
1435 442 1614 498 πάντα
1639 444 1706 498 τὰ
1743 444 1912 515 ὲργα-

2025 444 2246 498 caedtum
2280 439 2649 503 immanitate,
2698 434 2783 491 vel
2812 433 3136 505 indignitate
3169 431 3485 503 nuptiarum
3512 432 3605 487 be-

330 533 455 585 τικὰ
485 533 773 604 πράσσειν,
800 537 894 588 καὶ
931 539 1209 589 κοινωνεῖν
1264 532 1346 599 οἷς
1384 536 1451 590 ἂν
1481 536 1792 607 βούλωνται⁵
1818 538 1911 591 καὶ¹

332 626 406 697 μὴ
438 626 783 692 ἐγκαλεῖσθαι
805 627 909 680 ὑπὸ
934 627 1041 681 τῶν
1067 627 1298 699 ἀνδρῶν,
1326 629 1462 699 μήτε
1494 629 1773 682 καλεῖσθαί
1790 646 1913 684 τινα

332 717 633 787 μοιχαλίδα,
660 717 737 788 τῷ
769 718 948 783 πάσας
973 720 1271 790 ἐργατικὰς
1303 715 1464 785 εἶναι,
1515 722 1609 775 καὶ
1640 723 1771 775 πᾶσι
1799 739 1913 775 κοι-

330 808 540 871 νωνεῖν,
576 805 812 877 μάλιστα
837 807 893 860 δὲ
916 812 1026 871 τοῖς
1054 807 1246 875 ξένοις.
1282 812 1390 863 Καὶ
1432 809 1557 863 οὔτε
1596 811 1910 881 μυρίζονται

328 895 582 966 Γήλισσαι
613 902 889 967 γυναῖκες,
925 902 1022 971 οὐχ
1052 903 1241 973 ίμὰτια
1285 903 1467 975 βαπτὰ
1505 905 1781 976 φοροῦσιν,
1816 909 1910 961 ἁν-

328 987 658 1059 υπόδητοιδέ
685 992 790 1043 εἰσι
826 993 1013 1045 πᾶσαι·
1038 994 1215 1047 καίτοι
1257 993 1361 1048 τῶν
1392 995 1577 1067 Γήλων
1602 997 1808 1068 ἀνδρῶν
1831 1016 1917 1052 κο-

332 1081 652 1152 σμουμένων
687 1084 745 1135 ἐν
777 1085 1058 1155 φορήμασι
1114 1086 1376 1157 μαλακοῖς
1419 1089 1513 1144 καὶ
1538 1093 1595 1143 ὲν
1639 1090 1913 1163 διαφόροις

329 1172 603 1245 χρώμασι,
659 1176 754 1229 καὶ
799 1180 1301 1250 χρυσοφορούντων,
1366 1182 1459 1235 καὶ
1515 1180 1909 1253 μυριζομένων·

330 1268 424 1320 καὶ
453 1268 512 1320 οὐ
540 1270 681 1322 κατά
710 1286 831 1322 τινα
861 1271 1027 1342 ἄλλην
1065 1272 1355 1343 μαλακίαν,
1391 1278 1496 1329 εἰσὶ
1522 1278 1630 1349 γὰρ
1657 1277 1912 1349 ἀνδρεῖοι,

331 1360 424 1413 καὶ
471 1361 921 1432 πολεμικώτατοι,
982 1365 1077 1418 καὶ
1137 1368 1656 1438 κυνηγετικώτατοι.
1688 1371 1799 1424 Καὶ
1853 1372 1912 1423 ού

332 1456 501 1508 πᾶσαι
520 1455 576 1508 αἱ
609 1455 716 1509 τῶν
746 1457 929 1528 Γήλων
955 1462 1213 1527 γυναῖκες
1246 1461 1437 1533 ἔλαχον
1464 1465 1521 1516 ὲν
1557 1464 1912 1534 Αίγοκέρωτι,

331 1543 365 1613 ἦ
389 1546 445 1596 ἐν
485 1544 786 1616 ’Υδρηχόῳ,
814 1549 1316 1619 κακοδαιμονοῦσαν
1344 1551 1442 1622 τὴν
1465 1552 1701 1623 Κύπριν·
1725 1550 1837 1605 οὗθ’
1865 1554 1915 1606 οἱ

331 1633 523 1705 ἄνδρες
556 1635 736 1690 αὐτῶν
752 1638 953 1702 πάντες
981 1639 1194 1709 ἔχουσιν
1217 1642 1273 1693 ὲν
1304 1641 1459 1712 Κριῷ
1490 1644 1587 1695 σὺν
1622 1642 1778 1712 ’Ἄρει
1817 1643 1914 1714 τὴν

332 1724 570 1796 Παφίην,
611 1724 740 1779 ἔνθα
760 1728 886 1791 τοὺς
913 1729 1192 1800 ἀνδρείους
1241 1733 1335 1784 καὶ
1368 1732 1674 1796 σπατάλους
1694 1734 1745 1785 οἱ
1772 1732 1917 1786 Χαλ-

2020 534 2190 589 nefica
2238 533 2418 587 sidera
2452 544 2713 586 revocare
2734 568 2749 593 ,
2785 542 2887 583 nec
2924 534 2990 581 ad
3019 526 3198 581 scelus
3227 527 3603 580 Brachmanas

2021 627 2234 695 adigere
2264 623 2507 678 malefica
2551 628 2862 691 potuerunt.
2913 618 3067 688 Apud
3115 617 3313 673 Persas
3345 617 3429 671 lex
3457 625 3596 679 erat,

2020 734 2123 788 qua
2152 732 2259 771 non
2289 716 2427 769 filias
2453 722 2663 768 tantum
2694 720 2790 766 aut
2811 725 3051 775 sorores,
3077 710 3168 765 sed
3199 710 3346 777 ipsas
3382 721 3605 777 quoque

2020 820 2224 863 matres
2270 822 2455 861 secum
2487 803 2839 859 matrimonio
2882 802 3113 872 jungere
3140 801 3356 855 licebat.
3412 797 3524 853 Nec
3550 798 3607 854 in

2020 916 2081 955 ea
2111 900 2330 970 regione
2363 906 2596 963 tantum,
2624 912 2758 951 eove
2811 897 3078 951 duntaxat
3108 894 3162 947 in
3194 893 3433 953 climate,
3469 890 3611 945 ince-

2022 1002 2135 1047 stas
2180 992 2300 1046 illas
2329 988 2509 1044 Persae
2545 990 2762 1059 nuptias
2805 988 3239 1050 contrahebant;
3302 986 3395 1039 sed
3443 984 3604 1037 etiam

2021 1091 2292 1152 quotquOt
2314 1096 2503 1136 eorum
2532 1094 2562 1134 e
2584 1077 2807 1133 Perside
2840 1079 2949 1133 alio
2975 1077 3433 1145 commigrarunt,
3468 1089 3609 1144 quos

2020 1173 2325 1243 Magusaeos
2350 1178 2569 1232 vocant,
2598 1170 2790 1224 iisdem
2813 1169 3031 1241 ﬂagitiis
3081 1167 3327 1222 obstricti
3364 1170 3608 1227 manent,

2020 1266 2366 1336 posterisque
2388 1264 2504 1319 suis
2533 1261 2877 1317 limreditario
2900 1261 3058 1330 quasi
3085 1260 3209 1330 jure
3226 1258 3370 1329 leges
3398 1266 3454 1310 et
3480 1270 3612 1311 con-

2023 1356 2342 1411 suctudines
2375 1354 2592 1410 easdem
2625 1353 2961 1422 relinquunt.
3032 1350 3210 1420 Atque
3240 1350 3402 1419 hujus
3431 1346 3611 1403 natio-

2022 1447 2109 1500 nis
2141 1445 2360 1515 plurimi
2386 1447 2710 1508 etiamnum,
2747 1444 2800 1497 in
2831 1442 3001 1497 Media
3024 1482 3037 1507 ,
3063 1440 3321 1512 Egypto,
3351 1438 3611 1511 Phrygia.

2023 1536 2234 1592 Galatia
2269 1536 2633 1605 reperiuntur.
2658 1534 2847 1605 Neque
2869 1544 3049 1588 tamen
3080 1531 3369 1595 Venerem,
3395 1532 3612 1601 Opinor,

2022 1630 2314 1700 quisquam
2360 1628 2581 1695 dixerit,
2615 1628 2669 1682 in
2704 1628 2946 1682 omnium
2991 1642 3054 1682 ac
3085 1626 3427 1695 singulorum
3468 1634 3612 1687 ortu,

2024 1723 2104 1776 sic
2134 1722 2187 1776 in
2215 1722 2415 1776 finibus
2436 1722 2753 1791 aedibusque
2777 1721 2995 1776 Saturni
3021 1719 3359 1785 constitisse,
3389 1731 3445 1775 nt
3470 1720 3617 1778 Mars

331 1817 606 1882 δαῒζοντες
636 1818 878 1887 λέγουσι.
921 1821 1081 1894 Παρὰ
1137 1823 1404 1896 Βάκτροις
1445 1826 1523 1896 (7)
1581 1827 1636 1879 αἱ
1666 1828 1921 1894 γυναῖκες

2025 1830 2146 1868 cum
2178 1814 2368 1868 eodem
2404 1814 2642 1867 Saturno
2670 1819 3048 1874 comitaretur.
3104 1816 3259 1886 Apud
3285 1814 3447 1870 Gelos
3479 1830 3615 1869 cau-

333 1909 494 1961 παντὶ
521 1910 712 1981 κόσμῳ
731 1911 1061 1984 διαφέροντι,
1100 1917 1194 1968 καὶ
1237 1918 1402 1970 παντὶ
1448 1917 1607 1988 μύρῳ
1661 1917 1923 1990 χρῶνται,

332 1999 606 2072 ὑπηρετού
615 2018 769 2072 μεναι
800 2004 905 2056 ὑπὸ
929 2004 1248 2069 παιδίσκων,
1264 2007 1360 2060 καὶ
1381 2008 1676 2062 νεανίσκων
1705 2008 1923 2078 μᾶλλον,

332 2090 443 2162 ἥοὶ
478 2090 690 2163 ἄνδρες
739 2095 1140 2166 προερχόμεναι
1197 2097 1334 2166 μετὰ
1386 2097 1585 2169 πολλῆς
1625 2099 1926 2167 φαντασίας

333 2181 586 2251 ἔφιπποι,
613 2186 915 2257 κοσμοῦσαι
945 2187 1125 2258 πολλῷ
1147 2189 1334 2259 χρυσῷ
1361 2190 1453 2242 καὶ
1507 2189 1674 2254 λίθοις
1708 2189 1928 2262 βαρυτί-

338 2293 461 2347 μοις
488 2277 616 2341 τοὺς
643 2278 866 2342 ἵππους.
891 2279 1002 2333 Καὶ
1030 2281 1093 2332 οὐ
1128 2279 1522 2351 σωφρονοῦσιν,
1573 2279 1686 2334 ἀλλ’
1707 2280 1927 2350 ἀδιαφό-

337 2386 448 2441 ρως
487 2372 802 2426 κοινωνοῦσι
823 2376 935 2437 τοῖς
957 2373 1166 2437 δούλοις
1212 2375 1307 2427 καὶ
1334 2376 1448 2437 τοῖς
1495 2373 1686 2439 ξένοιςο
1741 2375 1924 2430 ἄδειαν

336 2461 849 2537 ἔχουσαιτοιαύτην,
877 2465 972 2519 καὶ
1008 2465 1113 2519 ὑπὸ
1143 2466 1252 2519 τῶν
1304 2466 1516 2538 ἀνδρῶν
1553 2467 1628 2538 μὴ
1662 2468 1925 2535 ἐγκαλού-

339 2574 517 2628 μεναι,
552 2558 736 2628 σχεδὸν
769 2558 1116 2629 κυριεύουσιν
1148 2559 1351 2613 αὐτῶν.
1379 2561 1490 2615 Καὶ
1523 2560 1584 2613 ού
1616 2560 1834 2626 πάντως
1866 2563 1924 2615 ὲν

335 2651 488 2722 πάσῃ
508 2651 718 2717 γενέσει
740 2650 848 2703 τῶν
875 2652 931 2705 ὲν
965 2651 1212 2725 Βακτρίᾳ
1273 2652 1549 2721 γυναικῶν
1597 2656 1927 2727 μεσουρανεῖ

336 2743 476 2815 μετὰ
508 2744 628 2807 Διὸς
683 2746 778 2798 καὶ
802 2745 997 2817 "Apso;
1053 2747 1111 2799 ὲν
1165 2744 1314 2810 ἰδίοις
1366 2747 1514 2818 ὅροις
1557 2747 1590 2817 ἡ
1630 2745 1925 2814 φιλόγελως

346 2834 655 2907 Ἀφροδίτη.
719 2836 808 2888 Ἐν
840 2835 894 2889 δὲ
924 2838 992 2907 τῇ
1043 2836 1274 2907 Ἀραΰίᾳ.
1314 2836 1390 2905 (8)
1419 2837 1514 2890 καὶ
1538 2838 1605 2907 τῇ
1659 2837 1923 2909 Ὀσροηνῇ

334 2926 393 2979 οὐ
431 2926 588 2997 μόνον
619 2928 676 2979 αἱ
709 2928 1015 2997 μοιχαλίδες
1048 2928 1384 2996 φονεύονται,
1409 2928 1546 2983 ἀλλὰ
1586 2930 1681 2982 καὶ
1713 2931 1770 2982 αἱ
1796 2931 1928 2983 ὑπο-

335 3018 668 3089 πτευόμεναι
716 3020 817 3072 οὐκ
868 3020 1121 3087 ἀφίενται
1157 3019 1521 3091 ἀτιμώρητοι.
1565 3021 1723 3093 Παρὰ
1779 3022 1927 3093 Πάρ-

336 3108 448 3173 θοις
477 3109 550 3181 (9)
573 3113 667 3164 καὶ
709 3112 1014 3182 Ἀρμενίοις
1046 3113 1096 3164 oi
1143 3115 1326 3181 φονεῖς
1385 3113 1752 3186 ἀναιροῦνται,
1796 3117 1927 3169 ποτὲ

338 3202 438 3274 μὲν
463 3203 569 3258 ὑπὸ
600 3203 710 3258 τῶν
741 3204 1034 3272 δικαστῶν,
1067 3206 1200 3259 ποτὲ
1255 3206 1312 3259 δὲ
1350 3205 1457 3259 ὑπὸ
1505 3207 1612 3261 τῶν
1645 3208 1923 3277 συγγενῶν

337 3296 445 3349 τῶν
472 3296 874 3367 φονευομένων.
912 3298 1021 3351 Καὶ
1056 3299 1150 3352 ἐάν
1173 3316 1256 3362 τις
1290 3299 1524 3371 φονεύσῃ
1564 3303 1797 3369 γυναῖκα
1828 3302 1925 3354 αὐ-

338 3388 454 3452 τοῦ,
481 3389 514 3461 ἦ
542 3390 771 3459 ἀδελφὸν
796 3391 1040 3455 ἄτεκνον,
1067 3392 1100 3463 ἢ
1127 3392 1360 3463 ἀδελφὴν
1392 3392 1625 3465 ἄγαμον,
1662 3395 1694 3465 ἢ
1720 3395 1857 3456 υἱὸν,
1890 3394 1922 3465 ἢ

338 3480 635 3555 θυγατέρα,
663 3484 763 3536 οὐκ
801 3483 1114 3552 ἐγκαλεῖται
1143 3484 1249 3538 ὑπό
1280 3502 1428 3548 τινος
1469 3486 1632 3556 νόμου
1682 3485 1926 3539 τοιούτου

340 3573 678 3646 ὑπάρχοντος
708 3577 766 3628 ἐν
804 3578 924 3639 ταῖς
953 3573 1162 3648 χώραις
1207 3577 1463 3641 ἐκείναις·
1525 3579 1656 3650 παρ’
1701 3578 1927 3649 Ἕλλησι

340 3666 396 3719 δὲ
424 3667 519 3720 καὶ
561 3667 851 3739 Ῥωμαίοις
915 3668 1123 3739 μείζονι
1170 3668 1411 3742 τιμωρίᾳ
1456 3669 1846 3724 ὑποϐάλλονται
1876 3672 1925 3723 oi

341 3758 449 3811 τῶν
481 3759 698 3812 οἰκείων
737 3761 830 3813 καὶ
879 3759 1157 3830 συγγενῶν
1214 3762 1486 3830 φονευταί.
1527 3762 1615 3815 Ἐν
1651 3762 1871 3833 Ἀτροις
1899 3764 1929 3815 ὁ

341 3849 592 3905 κλέπτων
612 3869 664 3904 τι
694 3850 883 3906 ὀϐολοῦ
934 3852 1084 3917 ἄξιον
1114 3851 1419 3918 λιθάζεται’
1456 3853 1609 3926 παρὰ
1660 3853 1929 3926 Βάκτροις

342 3944 500 4012 ὀλίγα
535 3942 785 3997 κλέπτων
819 3942 1140 4014 ὲμπτύεται·
1187 3944 1341 4017 παρὰ
1379 3945 1671 4016 Ῥωμαίοις
1693 3945 1928 4016 πληγαῖς

342 4034 615 4100 αἰκίζεται
641 4052 654 4065 ·
708 4033 945 4088 τοιοῦτοι
1001 4034 1112 4107 γὰρ
1152 4036 1202 4087 οἱ
1253 4035 1427 4106 νόμοι.
1469 4037 1603 4089 Ἀπὸ
1644 4036 1928 4109 Εὐφράτου

345 4126 617 4200 ποταμοῦ,
655 4127 749 4180 καὶ
781 4126 944 4199 μέχρι
997 4125 1093 4180 τοῦ
1140 4128 1415 4194 Ὠκεανοῦ,
1453 4129 1530 4193 ὡς
1587 4129 1681 4182 ἐπὶ
1734 4131 1928 4184 ἀνατο-

345 4220 463 4286 λὰς,
489 4222 518 4274 ὁ
544 4220 949 4294 λοιδορούμενος
979 4220 1055 4284 ὡς
1106 4224 1321 4290 φονεὺς,
1373 4223 1406 4292 ἢ
1456 4223 1531 4287 ὡς
1578 4224 1837 4295 κλέπτης,
1866 4225 1927 4277 ού

344 4399 681 4472 νοθεύονται,
726 4408 831 4472 _etc.
878 4400 962 4472 _OE_
986 4399 1057 4472 δὲ
1109 4399 1301 4472 ἄνδρες
1333 4400 1695 4472 Δστιϐάιζζονται
1743 4402 1930 4472 ἐσθῆτι

349 4471 602 4543 μαλακῇ,
654 4469 751 4543 καὶ
802 4469 1090 4542 ἀνθοϐάφῳ
1139 4469 1397 4543 περιϐολῇ
1419 4511 1433 4534 ,
1460 4480 1538 4543 Aet
1587 4481 1800 4543 cetera.

347 4541 626 4597 Stellarum
668 4542 722 4594 in
753 4556 943 4596 eorum
974 4541 1095 4595 ortu
1127 4541 1569 4596 concurrentium
1593 4542 1924 4599 diversitate.

348 4612 689 4682 Epiphanius
720 4612 840 4667 loco
861 4611 973 4682 jam
1008 4611 1250 4677 laudato,
1288 4627 1441 4682 num,
1479 4611 1568 4678 10,
1597 4611 1801 4680 Γηλούς
1833 4629 1929 4675 no-

349 4680 553 4748 minat,
603 4682 786 4736 itidem
833 4691 894 4735 ut
939 4681 1277 4735 Bardesanes
1314 4690 1369 4735 et
1416 4680 1782 4749 Ptolemaeus;
1834 4685 1929 4739 sed

351 4754 455 4808 hoc
484 4752 553 4808 iis
579 4751 1093 4822 singularegtribuit,
1129 4760 1188 4805 ut
1215 4751 1359 4821 apud
1392 4752 1541 4821 ipsos
1576 4754 1626 4805 οί
1658 4753 1728 4806 τὰ
1754 4754 1931 4822 φαῦλα

349 4823 604 4895 δρῶντες,
641 4822 778 4895 πρὸς
805 4821 914 4875 τῶν
946 4823 1131 4895 νόμων
1148 4822 1338 4895 αὐτῶν
1354 4821 1738 4895 ἐπαινοῦνται.
1769 4821 1930 4879 Gelas

351 4892 562 4948 Plinius
599 4892 695 4948 lib.
736 4910 807 4957 vr,
856 4908 972 4962 cap.
1020 4894 1109 4964 16,
1146 4892 1726 4964 inter_aliosHyrcani
1760 4894 1930 4950 maris

354 4965 568 5018 accolas
597 4972 1041 5033 nnmerat,quos
1067 4962 1241 5033 Graeci
1285 4962 1554 5019 Cadusios
1587 4964 1927 5033 appellarint.

354 5034 514 5089 Gelas
548 5047 724 5088 tamen
772 5048 803 5087 a
844 5030 1347 5105 fCaldusiisStrabg
1391 5030 1678 5105 distinguit
1705 5034 1799 5089 lib.
1832 5051 1927 5101 xi;

355 5105 547 5159 ambos
575 5115 753 5175 tamen
790 5104 867 5175 ad
896 5102 1133 5175 Hyrcani
1164 5118 1260 5157 seu
1308 5102 1491 5172 Caspii
1543 5102 1714 5159 maris
1750 5105 1931 5159 orien-

355 5175 515 5229 talem
542 5217 558 5239 ,
602 5185 661 5246 et
690 5173 891 5246 _Tauri
939 5173 1145 5227 montis
1180 5175 1671 5246 septentrionalem
1716 5176 1928 5246 plagam

355 5245 656 5299 constituit.
689 5243 1071 5313 Theophanes,
1100 5244 1194 5313 qui
1227 5242 1466 5313 Pompeii
1496 5255 1676 5301 castra
1712 5242 1931 5302 secutus

354 5325 493 5380 erat,
528 5315 671 5384 apud
717 5317 967 5368 eumdem
1017 5314 1376 5376 Strabonem,
1426 5314 1729 5384 eodemque
1767 5316 1927 5376 libro.

356 5389 666 5439 Amazonas
726 5385 866 5456 int_er
913 5395 966 5437 et
1024 5384 1548 5456 Albanos__collocat
1600 5384 1780 5456 Γήλας
1838 5387 1933 5440 καὶ

355 5456 579 5525 Λήγας,
614 5471 754 5524 quos
789 5452 1033 5525 zonaras
1066 5464 1215 5507 tomo
1254 5451 1329 5525 ll,
1359 5455 1572 5525 min_us,
1612 5451 1676 5509 ut'
1713 5456 1928 5524 opinor,

355 5523 522 5587 recte,
551 5523 751 5594 Γέλλας
772 5523 1412 5594 και-Δίγυαςιιοιηίιιει.
1456 5523 1698 5594 Denique
1732 5523 1932 5580 Cedre-

357 5610 463 5664 nus
514 5609 636 5664 pag.
684 5593 808 5657 127,
853 5591 1079 5647 ϐαθεετὶὶ
1125 5593 1304 5664 locum
1353 5591 1632 5664 συντόμως
1675 5595 1928 5658 afferens,

357 5663 646 5734 Γηλαίους,
698 5677 828 5728 non,
883 5669 940 5715 ut
987 5671 1071 5717 est
1121 5663 1264 5734 apud
1319 5663 1614 5729 Orteliu’m,
1672 5664 1931 5729 Gellwos;

361 5732 534 5789 multo
581 5736 786 5798 minus,
820 5738 901 5802 hut
941 5740 1024 5786 est
1066 5732 1209 5800 apud
1255 5733 1633 5802 interpretem,
1675 5735 1930 5802 Agelwos,

363 5814 539 5861 vacat.
566 5804 750 5875 itaque
772 5791 955 5874 Γῆλοι,
978 5803 1083 5871 vel,
1102 5791 1168 5858 ut
1196 5801 1286 5858 alii
1309 5791 1491 5875 Γηλοὶ,
1512 5791 1700 5875 Γῆλαι,
1719 5791 1929 5874 femi;

2024 1913 2140 1959 tum
2170 1905 2285 1977 lege
2306 1915 2409 1970 est,
2431 1906 2507 1959 uti
2541 1908 2798 1963 mulieres
2824 1918 3022 1963 terram
3049 1910 3250 1974 colant,
3269 1909 3465 1963 domos
3490 1908 3620 1963 aedi-

2025 1998 2218 2062 ficent,
2255 2013 2319 2052 ac
2349 1998 2575 2068 reliquis
2605 1999 2924 2067 hujusmodi
2950 2002 3211 2071 operibus
3235 2008 3431 2055 vacent
3456 2043 3470 2066 ,
3504 2000 3616 2054 imo

2024 2091 2351 2159 quibuscum
2406 2091 2536 2161 ipsae
2589 2093 2885 2157 voluerint,
2956 2095 3177 2164 impune
3225 2100 3611 2148 consuescant.

2026 2182 2121 2248 Ita,
2154 2198 2254 2238 nec
2298 2184 2623 2253 reprehendi
2658 2200 2690 2240 a
2714 2184 2867 2250 viris,
2903 2201 3004 2241 nec
3031 2186 3292 2240 adultera:
3314 2185 3498 2240 vocari
3524 2198 3618 2240 so—

2024 2272 2154 2337 lent,
2188 2273 2333 2342 quod
2387 2288 2581 2329 omnes
2610 2275 2816 2344 pariter
2842 2286 2896 2329 et
2921 2276 2972 2329 in
3000 2275 3264 2330 similium
3292 2276 3494 2331 artium
3527 2291 3618 2331 oe-

2026 2364 2313 2433 cupatione
2338 2374 2649 2432 versentur,
2668 2373 2723 2420 et
2751 2381 2876 2421 cum
2904 2368 3162 2424 omnibus
3188 2369 3522 2439 promiscue,
3552 2383 3620 2425 ac

2024 2455 2323 2525 praesertim
2353 2471 2477 2511 cum
2510 2456 2810 2527 peregrinis
2841 2457 3272 2528 conjungantur.
3343 2455 3613 2513 Praeterea

2026 2563 2127 2601 nec
2164 2557 2563 2617 unguentorum
2580 2547 2808 2605 GeliSsis
2840 2548 3186 2617 mulieribus,
3206 2565 3308 2606 nec
3322 2551 3616 2605 tinctarum

2026 2639 2256 2693 vestium
2275 2656 2408 2696 usus
2425 2649 2543 2696 est:
2570 2641 2681 2696 imo
2703 2642 2865 2696 nudis
2882 2656 3103 2712 quoque
3118 2642 3346 2712 pedibus
3360 2641 3619 2697 incedunt

2027 2731 2195 2803 276
2225 2747 2450 2799 omnes;
2488 2748 2613 2787 cum
2661 2734 2866 2788 interea
2905 2732 3006 2787 viri
3042 2748 3153 2789 non
3180 2732 3367 2788 mollia
3398 2741 3610 2788 tantum

2028 2838 2093 2877 ac
2115 2823 2377 2888 delicata,
2407 2824 2499 2878 sed
2527 2824 2691 2878 etiam
2723 2832 2777 2878 et
2804 2824 2989 2878 colore
3011 2824 3267 2880 distincta
3297 2825 3610 2895 multiplici,

2028 2923 2083 2969 et
2108 2929 2245 2968 auro
2278 2915 2608 2970 collucentia
2633 2915 2959 2969 vestimenta
2991 2913 3156 2980 ferre,
3185 2924 3349 2985 atque
3375 2932 3620 2986 unguen-

2027 3001 2100 3057 tis
2132 3001 2384 3072 perfundi
2414 3002 2824 3057 consueverint.
2856 2999 3012 3068 Quod
3044 3003 3149 3073 ipsi
3180 3012 3361 3059 tamen
3388 3019 3488 3073 pro
3519 3020 3618 3062 sua

2031 3095 2265 3163 quadam
2290 3093 2565 3164 insitaquc
2594 3095 2903 3150 animorum
2933 3096 3149 3166 ignavia
3182 3111 3294 3152 non
3324 3097 3516 3167 utique
3545 3094 3620 3151 fa-

2028 3185 2194 3251 ciant,
2225 3200 2349 3240 cum
2408 3192 2464 3239 et
2509 3184 2795 3241 fortissimi
2823 3186 2954 3252 sint,
2990 3199 3044 3241 et
3073 3187 3341 3243 bellorum
3374 3188 3621 3244 venatio-

2029 3275 2226 3345 nisque
2253 3274 2594 3345 peritissimi.
2654 3272 2766 3331 Nec
2812 3275 3031 3331 femina:
3068 3278 3212 3348 apud
3239 3278 3361 3334 illos
3386 3319 3401 3344 ,
3432 3286 3529 3333 aut
3561 3279 3617 3334 in

2027 3373 2384 3443 Capricorno,
2416 3381 2511 3426 aut
2539 3373 2593 3426 in
2620 3372 2861 3441 Aquario
2896 3371 3192 3428 infaustam
3227 3386 3422 3429 omnes
3449 3369 3619 3427 Vene-

2028 3481 2143 3521 rem
2181 3465 2546 3537 infestamque
2598 3465 2805 3522 sortitae
2857 3475 2988 3523 sunt
3041 3485 3053 3520 :
3115 3481 3217 3522 nec
3264 3481 3459 3523 rursus
3512 3465 3617 3520 viri

2029 3573 2221 3613 omnes
2266 3557 2511 3613 eamdem
2548 3557 2602 3611 in
2647 3557 2832 3612 Ariete
2882 3574 3007 3612 cum
3042 3556 3214 3613 Marte
3267 3558 3618 3629 conjunctam

2031 3648 2272 3714 habent,
2297 3664 2406 3718 quo
2437 3648 2727 3719 utriusque
2751 3650 2859 3704 situ
2886 3691 2900 3715 ,
2947 3649 3114 3705 fortes
3139 3649 3305 3705 simul
3334 3666 3399 3706 ac
3420 3650 3619 3706 delica-

2031 3745 2116 3795 tos
2140 3740 2303 3794 nasci
2333 3739 2713 3796 Chaldaeorum
2765 3748 3062 3809 sectatores
3097 3749 3404 3798 autumant.
3460 3740 3618 3812 Apud

2031 3832 2279 3900 Bactros,
2314 3833 2573 3889 mulieres
2602 3834 2753 3889 omni
2785 3836 2966 3891 cultus
2999 3850 3063 3891 ac
3109 3835 3296 3890 mundi
3328 3835 3614 3905 elegantia,

2030 3925 2291 3995 omnique
2318 3934 2720 3996 unguentorum
2754 3941 2951 3997 genere
3001 3927 3079 3981 uti
3127 3927 3338 3994 solent,
3372 3926 3619 3997 adeoque

2032 4017 2306 4088 pluribus,
2340 4033 2506 4087 quam
2537 4018 2663 4081 viri,
2696 4018 3022 4073 ancillarum
3047 4032 3111 4073 ac
3133 4032 3429 4088 puerorum
3458 4018 3617 4073 obse-

2031 4109 2180 4180 quiis
2208 4108 2510 4179 olliciisque
2540 4109 2666 4164 coli.
2694 4108 2976 4165 Prodeunt
3004 4109 3057 4163 in
3085 4110 3420 4179 equis,quos
3447 4109 3618 4164 multo

2033 4216 2170 4256 auro
2200 4200 2538 4270 gemmisque
2571 4199 2983 4270 pretiosissimis
3034 4199 3344 4272 phaleratos
3394 4200 3614 4268 habent,

2032 4402 2266 4463 Γελαῖοι,
2302 4400 2443 4469 apud
2478 4401 2724 4455 diversos
2761 4409 3012 4454 auctores
3056 4414 3287 4470 prorsus
3320 4400 3509 4468 iidem,
3547 4404 3615 4458 li.-

1901 4490 1931 4529 θ
1961 4504 2009 4564 D
2036 4471 3593 4564 9:1-59W-FLWE‘E‘?E-E9'§§’RE“.T..!‘_°"l‘i"..ﬁi9€‘l"'}'
3595 4513 3625 4564 :-

2034 4542 2274 4598 Femina:
2321 4552 2500 4595 autem
2532 4541 2791 4611 Γήλισσαι
2826 4541 3166 4596 dicebantur.
3197 4541 3267 4596 At
3294 4540 3515 4609 Γελῶοι,
3549 4544 3618 4600 de

2031 4614 2234 4683 quibus
2270 4627 2438 4683 supra
2483 4627 2608 4683 pag.
2642 4612 2772 4683 255,
2804 4611 2919 4683 qui
2940 4611 3396 4683 Felaioasaepius,
3428 4625 3482 4668 et
3509 4614 3613 4668 ali-

2031 4680 2251 4753 quando
2283 4680 2791 4753 Γελλαῖοι,1.ιειιὶιιίξ
2827 4680 3014 4736 Gelani
3050 4690 3105 4737 et
3137 4680 3414 4753 Cretenses,
3447 4684 3618 4739 inter-

2030 4751 2271 4823 dumque
2301 4751 2614 4823 _Geltenses,
2649 4753 2703 4806 in
2760 4752 2946 4807 Sicilia
2991 4763 3137 4823 sunt.
3193 4752 3329 4807 Nam
3372 4754 3615 4822 Γελώους

2032 4820 2237 4879 frustra
2292 4820 2629 4895 Stephanus‘
2657 4822 2923 4892 repudiat.
2980 4822 3223 4895 Γελῶνοι
3264 4824 3501 4895 denique
3558 4820 3614 4882 in

2035 4895 2326 4958 Sarmatia,
2361 4896 2557 4963 partim
2592 4892 2876 4963 Europaaa,
2905 4895 3101 4963 partim
3138 4894 3397 4950 Asiatica.

2105 4964 2182 5036 (7)
2217 4964 2735 5036 Παρὰ-Βάκτροις,
2756 4963 3082 5036 Caesarius
3114 4964 3235 5020 loco
3280 4969 3375 5036 cit.
3413 4965 3480 5021 de
3513 4965 3615 5021 Ba-

2033 5033 2260 5091 ctrianis
2304 5034 2626 5089 mulieribus
2655 5034 2826 5099 nihil;
2862 5044 2918 5090 at
2960 5033 3210 5089 Susianis
3238 5034 3428 5090 eadem
3454 5037 3614 5090 attri—

2033 5107 2151 5162 buit
2196 5123 2209 5158 :
2247 5106 2336 5158 Ἐν
2389 5104 2447 5157 δὲ
2496 5103 2738 5168 Σούσοις,
2775 5105 2981 5174 inquit,
3017 5103 3119 5174 τῆς
3160 5103 3499 5171 Βαϐυλῶνος,
3556 5108 3613 5164 αῖ

2033 5178 2287 5255 γυναῖκες
2330 5177 2490 5255 παντὶ
2526 5174 2681 5246 μύρῳ
2730 5175 3057 5255 διαφέροντι,
3092 5175 3188 5228 καὶ
3218 5174 3407 5255 xeo;qu
3432 5175 3610 5255 χρῶν-

2031 5244 2142 5310 ται,
2192 5244 2662 5317 ύπηρετούμεναι,
2701 5246 2796 5298 καὶ
2832 5244 3084 5317 φαιδρῶς
3138 5244 3482 5317 προῖοῦσὰιξ
3514 5248 3612 5303 σὺν

2036 5314 2331 5406 βλωσυρία,
2366 5317 2460 5369 καὶ
2477 5314 2731 5406 ’διαχύσει
2760 5315 2950 5439 πολλῇ-ἰ

2107 5386 2182 5439 (8i
2254 5372 2341 5438 E'r
2375 5385 2444 5439 δὲ
2492 5402 2564 5439 τυ
2615 5386 2853 5439 Αοαϐία.

2107 5372 2444 5458 (efﬂiges
2492 5372 2853 5458 τῇῗἏραδίᾳ.
2900 5372 3491 5458 'Lege___'l’iraqnellum,
3538 5387 3609 5446 ad

2033 5455 2142 5527 leg.
2170 5455 2317 5511 illam
2347 5455 2378 5506 7
2405 5456 2645 5510 connub.
2684 5458 2799 5510 haec
2841 5464 2896 5509 et
2941 5455 3139 5510 similia
3170 5456 3419 5526 pluribus
3452 5475 3606 5514 exse-

2035 5536 2310 5597 quentem.

2107 5596 2182 5677 (Si)
2208 5596 2374 5677 μαρὰ
2397 5593 2677 5676 Πάρροις.
2706 5594 2961 5677 Cruenta:
2987 5595 3154 5666 hujus
3180 5597 3448 5677 et-impja;
3475 5614 3610 5677 c0n~

2036 5665 2343 5737 suetudinis
2374 5665 2705 5737 mentionem
2744 5665 2875 5737 alibi
2900 5680 3044 5737 non
3066 5665 3309 5737 reperio.
3340 5665 3507 5725 Multa
3538 5670 3608 5725 de

2036 5736 2366 5789 Parthorum
2440 5735 2685 5790 moribus
2741 5735 2795 5788 in
2856 5735 3157 5791 historicis?
3197 5740 3606 5796 commentariis

2039 5805 2236 5862 Strabo
2266 5806 2578 5876 scripserat,
2612 5814 2674 5861 ut
2694 5805 2789 5862 lib.
2820 5804 3112 5878 Geograph.
3139 5823 3201 5877 ιι,
3229 5808 3516 5881 significat.
