4162 6420
497 346 565 400 75
916 354 929 368 ·
1314 301 1324 314 ’
1623 344 1945 401 rampart.
1988 341 2245 400 EVANG.
2286 343 2416 400 LIB.
2459 344 2550 400 v1.

3613 341 3715 396 474

455 476 566 516 ποιο
595 463 789 534 κρατεί
809 462 866 517 δὲ
893 465 948 516 ἐν
975 463 1181 538 ἑκάστῃ
1217 463 1382 538 μοίρᾳ
1405 465 1513 518 τῶν
1546 466 1846 538 ἀνθρώπων
1869 467 1993 537 νόμο

2094 499 2104 526 ι
2134 464 2268 529 fetu,
2301 465 2598 535 eodemque
2649 461 2959 519 necessario
2991 471 3253 532 tempore,
3289 470 3453 532 prout
3485 459 3572 516 lex
3623 475 3718 515 na-

452 553 548 604 κα¹ι
586 551 728 616 ἔθος,
758 553 848 607 διὰ
869 553 929 606 τὸ
953 553 1298 618 αὐτεξούσιον
1327 553 1419 608 τοῦ
1456 555 1762 627 ἀνθρώπου.
1789 556 1900 610 Καὶ
1932 557 2032 608 οὐκ

451 646 800 717 ἀναγκάζειὴ
832 647 1043 716 γένεσις
1063 649 1189 711 τοὺς
1229 648 1408 719 Σῆρας
1438 648 1511 719 μὴ
1560 647 1808 711 θέλοντας
1840 648 2031 717 φονεύ-

451 755 550 802 ειν,
581 737 613 809 ἢ
646 738 772 802 τοὺς
825 739 1166 812 Βραχμᾶνας,
1197 742 1550 810 κρεοφαγεῖν,
1578 739 1610 809 ἢ
1641 741 1766 801 τοὺς
1813 739 2028 811 Πέρσας

449 829 721 900 ἀθεμίτως
753 830 826 902 μὴ
849 834 1067 902 γαμεῖν,
1107 830 1140 902 ἦ
1185 833 1309 893 τοὺς
1350 829 1542 893 Ἰνδοὺς
1573 833 1646 902 μὴ
1681 832 1952 894 καίεΰοσοι,
1992 832 2024 904 ἢ

449 924 574 986 τοὺς
601 923 818 994 Μήδους
853 923 926 996 μὴ
977 923 1251 978 ἐσθίεσθαι
1278 925 1383 979 ὑπὸ
1433 925 1631 989 κυνῶν,
1663 922 1695 996 ἢ
1735 926 1860 987 τοὺς
1886 918 2027 996 Πάρ-

447 1013 667 1086 θουςμὴ
687 1015 1043 1087 πολυγαμεῖν,
1075 1017 1107 1088 ἢ
1150 1017 1251 1080 τὰς
1282 1017 1341 1069 ἐν
1387 1021 1450 1090 τῇ
1494 1018 1892 1088 Μεσοποταμίᾳ
1925 1034 2024 1085 γυ-

443 1109 636 1170 ναῖκας
671 1108 744 1179 μὴ
775 1111 1090 1178 σωφρονεῖν,
1183 1109 1308 1174 τοὶς
1338 1109 1602 1178 ’Έλληνας
1641 1109 1715 1181 μὴ
1745 1109 2021 1179 γυμνάζε-

445 1197 567 1250 σθαι
606 1201 829 1268 γυμνοῖς
873 1202 984 1262 τοῖς
1043 1199 1308 1270 σώμασιν,
1357 1200 1388 1270 ἢ
1425 1202 1548 1263 τοὺς
1611 1201 1914 1271 Ῥωμαίους
1945 1200 2019 1272 μὴ

440 1288 735 1360 κρατεῖν,ἢ
777 1291 900 1354 τοὺς
953 1290 1186 1343 Γάλλους
1215 1290 1287 1362 μὴ
1319 1293 1631 1362 γαμεῖσθαι.
1687 1294 1718 1364 ἢ
1777 1292 1847 1346 τὰ
1885 1293 2019 1346 ἄλλα

439 1378 688 1450 βάρϐαρα
717 1379 842 1449 ἔθνη
888 1383 1007 1444 ταῖς
1055 1381 1160 1434 ὑπὸ
1212 1381 1321 1436 τῶν
1384 1383 1651 1446 Ἑλλήνων
1697 1384 2017 1455 λεγομέναις

436 1469 680 1534 Μούσαις
729 1476 1025 1525 κοινωνεῖν.
1092 1472 1253 1536 ’Λλλ’,
1321 1473 1396 1536 ὡς
1443 1476 1734 1546 προεῖπον,
1789 1475 2016 1530 ἕκαστον

469 1562 606 1627 θνος,
633 1566 729 1618 καὶ
755 1565 984 1628 ἕκαστος
1015 1565 1121 1618 τῶν
1143 1565 1445 1637 ἀνθρώπων
1475 1567 1674 1638 χρῆται
1719 1571 1781 1638 τῇ
1819 1569 2012 1623 ἑαυτοῦ

431 1655 732 1728 ἐλευθερίᾳ,
765 1657 840 1720 ὡς
870 1657 1116 1728 βούλεται
1172 1659 1266 1711 καὶ
1299 1659 1388 1712 ὅτε
1430 1659 1702 1726 βούλεται,
1751 1660 1845 1713 καὶ
1893 1661 2016 1714 δου-

429 1745 575 1802 λεύει
605 1753 669 1822 τῇ
701 1750 908 1818 γενέσει
939 1751 1032 1804 καῖ
1057 1753 1120 1820 τῇ
1153 1749 1332 1820 φύσει,
1364 1751 1430 1804 δι’
1459 1753 1524 1822 ἣν
1556 1753 1862 1824 περίκειται
1889 1753 2012 1825 σάρ-

2137 565 2272 610 turas
2302 557 2430 620 fert,
2491 556 2654 612 simul
2683 570 2873 610 omnes
2902 555 3122 624 pariunt
3150 573 3163 608 :
3191 554 3285 609 sed
3314 553 3573 624 proiectis
3599 567 3718 607 ma-

2133 649 2306 710 ribus,
2341 648 2486 702 solas
2511 647 2816 717 suscipiunt
2850 647 3110 716 aluntque
3137 645 3389 700 feminas.
3453 643 3593 698 Sunt
3615 659 3716 698 au-

2132 754 2239 795 tem
2269 741 2543 796 bellicosa:
2575 754 2786 804 omnes,
2818 747 2870 793 et
2917 739 2970 792 in
3012 737 3160 792 omni
3183 737 3589 792 exercitationis
3621 753 3713 807 ge-

2129 849 2259 889 nere
2280 835 2554 904 przceipuo
2585 834 2767 888 studio
2797 847 3037 901 curaque
3063 839 3372 886 versantur.
3427 828 3549 884 Jam
3577 827 3714 883 Mer-

2126 925 2339 980 curium
2376 924 2558 979 ferunt
2587 925 2704 980 suis
2738 926 2792 978 in
2838 925 3048 979 uadibus
3100 939 3225 979 cum
3257 923 3463 977 Venere
3489 935 3713 992 congre-

2124 1017 2361 1071 dientem
2395 1017 2646 1080 ﬁctores,
2679 1017 2916 1086 pictores
2939 1057 2954 1079 ,
2985 1015 3420 1080 nummularios;
3451 1024 3506 1068 at
3532 1015 3584 1068 in
3615 1013 3713 1069 Ve.-

2123 1109 2272 1164 neris
2297 1109 2524 1178 milibus,
2576 1109 2993 1178 unguentarios,
3033 1109 3362 1178 phonascos,
3414 1107 3709 1162 histriones

2121 1200 2350 1255 eﬂicere.
2383 1200 2545 1271 Atqui
2579 1202 2720 1270 apud
2751 1201 2954 1256 Tainos
2979 1210 3034 1255 et
3062 1200 3387 1262 Saracenos,
3418 1215 3482 1254 ac
3507 1208 3615 1252 tam
3653 1199 3706 1252 in

2121 1293 2402 1361 superiore
2436 1290 2626 1363 Libya,
2663 1308 2827 1362 quam
2861 1293 3003 1362 apud
3033 1291 3272 1353 Mauros,
3299 1307 3399 1346 nec
3425 1307 3532 1345 non
3562 1290 3706 1362 apud

2120 1378 2393 1436 Nomadas
2415 1381 2537 1436 illos
2557 1423 2572 1446 ,
2603 1383 2694 1451 qui
2724 1380 2925 1435 Oceani
2956 1384 3157 1436 ostium
3191 1383 3480 1446 accolunt,
3513 1381 3708 1436 simul-

2117 1488 2223 1542 que
2249 1482 2358 1526 tam
2394 1473 2448 1527 in
2477 1475 2748 1529 exteriore
2774 1475 3092 1538 Germania,
3148 1489 3311 1542 quam
3342 1474 3396 1527 in
3431 1474 3705 1529 Sarmatia

2117 1563 2422 1632 superiore,
2480 1565 2700 1636 Scythia
2759 1581 3000 1634 quoque,
3050 1581 3115 1619 ac
3161 1565 3374 1618 caeteris
3422 1565 3704 1631 omnibus,

2115 1669 2237 1722 qua:
2262 1654 2328 1708 ad
2359 1655 2810 1724 septentrionales
2853 1655 3008 1709 Ponti
3040 1667 3223 1724 partes
3253 1655 3500 1708 habitant
3531 1657 3706 1726 genti-

2115 1745 2250 1810 bus;
2286 1746 2512 1815 i‘nsuper
2560 1755 2670 1800 tota
2724 1749 2927 1816 passim
2957 1747 3147 1800 Alania
3169 1789 3184 1814 ,
3215 1748 3441 1801 Albania
3463 1789 3476 1813 ,
3509 1746 3702 1816 Otcne,

428 1856 522 1903 κα,
686 1841 783 1912 μὲν
831 1843 906 1904 ὡς
957 1841 1225 1912 βούλεται,
1387 1843 1443 1896 δὲ
1489 1843 1564 1907 ὡς
1620 1845 1694 1915 μὴ
1740 1844 1987 1915 βούλεται

2119 1834 2321 1890 Saunia
2341 1877 2356 1900 ,
2389 1847 2443 1891 et
2465 1853 2630 1892 aurea
2654 1836 2996 1891 Chersoneso
3017 1877 3031 1900 ,
3063 1853 3238 1906 neque
3273 1839 3701 1894 nummularimn

427 1929 687 2002 Πανταχῆ
717 1931 826 2004 γὰρ
882 1933 976 1986 καὶ
1025 1935 1083 1986 ἐν
1117 1935 1280 1986 παντὶ
1315 1933 1456 1987 ἔθνει
1483 1937 1590 1989 εἰσὶ
1642 1936 1888 1989 πλούσιοι
1916 1937 2010 1990 καὶ

428 2024 680 2096 πένητες,
717 2025 812 2078 καὶ
840 2023 1098 2096 ἄρχοντες
1127 2027 1220 2080 καὶ
1271 2027 1583 2098 ἀρχόμενοι,
1621 2029 1715 2082 καὶ
1763 2029 2009 2100 ἐρρωμέ-

425 2131 506 2167 νοι
530 2116 624 2168 καὶ
648 2113 949 2180 νοσοῦντες,
981 2116 1210 2178 ἕκαστος
1237 2116 1375 2169 κατὰ
1424 2119 1548 2180 τοὺς
1595 2119 1694 2187 τῆς
1742 2118 2007 2186 γενέσεως

425 2204 589 2259 αὑτοῦ
625 2205 878 2278 κλήρους.
945 2205 1151 2272 Ταῦτα,
1186 2201 1230 2259 ὦ
1265 2207 1591 2278 Βαρδισάνη,
1628 2209 1812 2280 ἄκρως
1858 2211 2006 2280 ἡμᾶς

425 2295 676 2362 πέπεικε,
704 2298 846 2370 φημὶ
875 2297 1042 2368 αὐτῷ.
1077 2300 1140 2351 Οἱ
1178 2299 1233 2350 δὲ
1259 2300 1582 2370 ἀστρονόμοι
1617 2301 1749 2370 φασὶ
1775 2302 1874 2372 τὴν
1899 2301 2002 2372 γῆν

420 2389 624 2459 ταύτην
674 2390 1000 2462 μεμερίσθαι
1057 2394 1136 2456 εἰς
1187 2391 1328 2444 ἑπτὰ
1357 2390 1616 2462 κλίματα,
1671 2393 1764 2444 καὶ
1813 2393 2001 2464 ἄρχειν

419 2481 648 2535 ἑκάστου
689 2483 949 2554 κλίματος
975 2483 1069 2536 ἕνα
1092 2483 1200 2536 τῶν
1240 2483 1380 2538 ἑπτὰ
1433 2482 1698 2554 ἀστέρωνν
1735 2485 1828 2536 καί
1875 2485 2001 2548 τοὺς

413 2572 700 2644 διαφόρους
734 2575 928 2644 νόμους
945 2575 1018 2646 μὴ
1052 2577 1176 2639 τοὺς
1202 2574 1521 2648 ἀνθρώπους
1546 2575 1846 2629 τεθεικέναι
1881 2577 2001 2629 ἐαυ-

411 2667 546 2728 τοῖς.
583 2665 696 2718 ἀλλ’
723 2667 954 2719 ἑκάστου
1009 2668 1268 2739 ἄρχοντος
1301 2667 1616 2733 πλεονάζειν
1667 2669 1727 2722 τὸ
1786 2669 1997 2742 θέλημα

411 2759 470 2810 ὲν
497 2760 560 2828 τῇ
586 2758 690 2830 ἰδίᾳ
723 2758 896 2830 χῴρᾳ,
923 2758 980 2811 ὃν
1011 2760 1174 2830 νόμον
1231 2759 1578 2830 νενομίκασιν
1617 2761 1666 2813 οἱ
1693 2761 1997 2832 κρατούμε-

408 2869 507 2906 νοι.
544 2852 900 2923 Ἀπεκρίνατο
925 2852 1035 2922 (12)
1070 2854 1172 2906 οὐκ
1215 2852 1420 2924 ἀληθὴς
1451 2855 1483 2924 ἡ
1514 2853 1802 2925 ἀπόκρισις
1832 2854 1992 2926 αὓτη,

405 2936 722 2998 ὧΦίλιππε.
745 2945 808 2997 Εἰ
833 2943 942 3016 γὰρ
969 2943 1326 3016 καὶδιῄρηται
1351 2947 1383 3016 ἡ
1407 2946 1702 3017 οἰκουμένη
1731 2949 1812 3010 εἰς
1851 2948 1990 3022 μέρη

405 3035 568 3098 ὲπτά,
601 3035 716 3089 ἀλλ’
745 3031 837 3090 οὖν
864 3053 927 3106 γε
958 3037 1014 3088 ὲν
1049 3037 1149 3106 μιᾷ
1211 3036 1386 3108 μερίδι
1438 3037 1763 3109 εὑρίσκομεν
1793 3040 1993 3105 πολλάς

402 3129 664 3202 διαφοράς
691 3130 891 3202 νόμων.
924 3130 1058 3183 Οὐδὲ
1085 3131 1193 3202 γάρ
1217 3131 1359 3184 ἑπτὰ
1391 3131 1545 3202 νόμοι
1571 3133 1678 3186 εἰσὶ
1701 3134 1840 3188 κατὰ
1865 3137 1990 3199 τοὺς
2017 3153 2060 3208 (ζ

402 3222 543 3276 ἑπτά
563 3222 821 3293 ἀστέρας,
843 3223 963 3275 οὐδὲ
991 3220 1199 3276 δώδεκα
1227 3222 1370 3275 κατά
1389 3223 1458 3274 τὰ
1478 3222 1660 3288 ζώδια,
1692 3225 1811 3279 οὐδὲ
1846 3243 1993 3296 τρια⁹

401 3311 648 3378 κονταὲξ,
675 3311 818 3366 κατὰ
850 3313 976 3372 τοὺς
1004 3311 1262 3376 δεκανοὺς
1285 3313 1418 3382 (I5),
1448 3314 1584 3368 ἀλλὰ
1614 3316 1814 3389 μυρίοι.
1845 3318 1992 3390 Μνη-

404 3405 650 3477 μονεύειν
692 3423 755 3458 τε
806 3404 1049 3474 ὀφείλετε
1105 3399 1182 3459 ὧν
1237 3408 1519 3475 προεῖπον,
1577 3408 1658 3460 ὅτι
1713 3410 1806 3463 καῖ
1828 3411 1884 3462 ἐν
1907 3411 1989 3464 ἐνὶ

399 3499 642 3570 κλίματι,
694 3499 787 3553 καὶ
819 3501 876 3552 ὲν
937 3501 1036 3570 μιᾷ
1087 3497 1241 3571 χώρᾳ
1310 3500 1418 3553 τῶν
1488 3500 1663 3553 Ἰνδῶν
1710 3503 1847 3556 εἰσιν
1891 3503 1987 3556 ἀν-

397 3591 748 3664 θρωποφάγοι
815 3591 1004 3654 Ἰνδοὶ,
1068 3591 1163 3646 καί
1232 3593 1370 3646 εἰσιν
1437 3594 1488 3647 οἱ
1541 3593 1799 3665 ἐμψύχων
1881 3597 1988 3649 ἀπ-

397 3684 676 3755 εχόμενοι·
749 3684 843 3738 καὶ
905 3684 988 3737 ὅτι
1043 3683 1092 3737 οἱ
1147 3685 1487 3753 Μαγουσαῖοι
1567 3687 1666 3740 ούκ
1731 3688 1789 3740 ὲν
1846 3685 1986 3760 Περ-

395 3776 500 3832 σίδι
559 3776 698 3850 μόνῃ
747 3775 848 3840 τὰς
903 3777 1208 3850 θυγατέρας
1245 3778 1554 3849 γαμοῦσιν,
1616 3778 1753 3832 ἀλλὰ
1793 3780 1888 3833 καὶ
1923 3781 1984 3836 ἐν

393 3871 556 3924 παντὶ
594 3869 756 3932 ἔθνει,
787 3870 918 3923 ὅπου
953 3869 1018 3924 ἂν
1047 3871 1311 3942 οἰκήσωσι
1333 3911 1346 3935 ,
1383 3873 1509 3934 τοὺς
1551 3872 1660 3924 τῶν
1701 3873 1983 3942 προγόνων

392 3960 756 4030 φυλάσσοντες
788 3959 1004 4031 νόμους,
1047 3960 1140 4013 καὶ
1169 3961 1276 4014 τῶν
1305 3961 1620 4034 μυστηρίων
1672 3963 1851 4016 αὐτῶν
1884 3963 1982 4028 τὰς

389 4052 630 4116 τελετάς.
670 4052 828 4105 Ἀλλά
869 4053 965 4106 καὶ
999 4053 1169 4108 πολλὰ
1204 4053 1457 4126 βάρϐαρα
1508 4055 1635 4126 ἔθνη
1689 4056 1981 4122 κατελέξα-

393 4163 514 4216 μεν,
539 4145 611 4200 τά
632 4163 690 4198 τε
717 4145 844 4200 ὄντα
865 4145 923 4198 ὲν
956 4145 1294 4219 μεσημϐρίᾳ,
1319 4147 1412 4200 καὶ
1436 4147 1606 4211 δύσει,
1639 4149 1732 4202 καί
1747 4149 1976 4222 ἀνατολῇ

388 4238 484 4290 καὶ
515 4237 723 4310 ἄρκτῳ,
755 4237 1032 4291 τουτέστιν
1057 4240 1116 4291 ἑν
1139 4238 1415 4310 διαφόροις
1447 4237 1672 4309 κλίμασι
1693 4280 1707 4303 ,
1747 4241 1820 4313 μὴ
1856 4259 1980 4312 μετ-

386 4327 581 4399 έχοντα
623 4330 928 4402 Ἐρμαῖκῆς
992 4331 1321 4402 ἐπιστήμης.
1357 4331 1539 4394 Πόσοι,
1571 4331 1850 4402 νομίζετε,
1886 4350 1977 4386 σο-

387 4421 478 4490 φο).
509 4421 701 4494 ἄνδρες
741 4423 1063 4494 παρήγαγον
1083 4421 1210 4484 τοὺς
1239 4421 1426 4486 κακῶς
1444 4423 1727 4493 κειμένους
1753 4425 1971 4495 νόμους;

2113 1928 2283 1981 ullum
2317 1929 2528 1995 videas,
2561 1944 2737 1999 neque
2768 1929 3043 1994 lictorem,
3077 1945 3252 1998 neque
3276 1931 3538 1999 pictorem
3565 1971 3584 1998 ,
3609 1947 3703 1986 ne-

2109 2035 2216 2089 qtte
2243 2020 2600 2075 architectum
2631 2062 2646 2086 ,
2677 2037 2853 2091 neque
2888 2029 3216 2092 geontetram
3238 2063 3253 2086 ,
3289 2037 3464 2090 neque
3494 2022 3702 2090 phona-

2097 2125 2287 2190 scum,
2314 2126 2488 2181 neque
2521 2111 2846 2166 histrionem
2881 2131 2894 2164 :
2938 2111 3030 2166 sed
3071 2111 3276 2164 ambitu
3307 2111 3398 2164 illo
3428 2121 3697 2166 terrarum

2112 2202 2394 2269 universo,
2450 2204 2532 2258 vis
2581 2203 2684 2257 ista
2729 2202 2984 2257 Mercurii
3027 2202 3364 2273 Venerisque
3400 2203 3547 2258 nulla
3590 2216 3696 2260 cst.

2105 2297 2246 2352 Medi
2275 2311 2468 2351 omnes
2496 2297 2747 2360 canibus,
2782 2313 2923 2366 quos
2954 2297 3160 2367 ingenti
3190 2298 3344 2352 alunt
3370 2297 3568 2362 studio,
3597 2297 3698 2351 ad-

2104 2390 2211 2444 huc
2268 2391 2532 2461 spirantia
2591 2391 3047 2444 moribundorum
3101 2407 3334 2462 corpora
3387 2390 3696 2460 objiciunt;

2103 2497 2280 2552 neque
2304 2493 2485 2536 tamen
2516 2471 2918 2539 omnes'lunam
2947 2493 3110 2554 atque
3131 2483 3358 2537 Martem
3387 2484 3439 2537 in
3461 2483 3696 2551 Cancro,

2099 2575 2282 2630 diurni
2314 2585 2470 2630 ortus
2500 2575 2760 2646 prtesides
2808 2576 2912 2630 sub
2943 2585 3142 2630 terram
3177 2576 3437 2630 habuere.
3493 2574 3606 2630 Indi
3643 2584 3698 2630 et

2099 2677 2442 2720 mortuorum
2489 2667 2778 2732 cadavera,
2806 2674 2862 2721 et
2890 2667 3108 2721 illorum
3159 2682 3360 2721 uxores
3405 2667 3548 2720 ultro
3574 2680 3698 2721 sese

2097 2759 2385 2814 oﬂ'ercntes
2408 2759 2741 2814 comburunt
2768 2777 2782 2813 :
2811 2773 2987 2827 neque
3017 2767 3508 2828 tamen,quotquot
3552 2759 3695 2826 apud

2097 2851 2218 2907 illos
2271 2851 2410 2904 vivae
2456 2851 2719 2906 mulieres
2775 2850 3198 2915 comburuntur,
3267 2849 3448 2902 Solem
3501 2863 3693 2904 omnes

2096 2941 2296 2997 Leonis
2329 2943 2380 2996 in
2415 2943 2626 2998 aedibus
2650 2982 2665 3006 ,
2711 2940 3012 3009 Martisque
3045 2939 3279 3006 ﬁnibus,
3329 2939 3432 2994 sub
3489 2948 3690 2994 terram

2095 3050 2219 3088 cum
2252 3035 2442 3088 eodem
2473 3033 2648 3088 Marte
2691 3032 3071 3101 coniunctum,
3100 3040 3224 3085 ortu
3272 3039 3543 3086 nocturno
3570 3047 3692 3086 sor-

2096 3125 2205 3179 tita:
2241 3135 2390 3178 sunt.
2430 3125 2686 3180 Germani
2718 3125 2990 3196 plerique,
3035 3125 3220 3181 fractis
3247 3126 3444 3196 laqueo
3471 3127 3692 3182 cervici-

2097 3219 2199 3272 bus
2231 3219 2399 3288 278
2425 3218 2737 3272 moriuntur
2769 3236 2782 3271 :
2817 3235 2917 3272 nec
2946 3227 3127 3274 tamen
3149 3218 3546 3274 Germanorum
3577 3223 3690 3276 uti-

2095 3325 2201 3378 que
2231 3311 2527 3365 multitudo
2578 3319 2726 3364 tanta
2751 3352 2764 3376 ,
2799 3311 2982 3364 lunam
3014 3311 3318 3382 horamque
3365 3313 3620 3369 nascendi
3653 3329 3686 3370 a

2045 3401 2052 3412 “
2096 3401 2336 3455 Saturno
2361 3401 2642 3472 Mat-teque
2675 3404 3026 3472 interceptam
3053 3405 3254 3459 habere
3277 3407 3472 3475 potuit.
3503 3404 3687 3462 Enim-

2091 3509 2220 3548 vero
2243 3495 2506 3564 quotidie,
2523 3496 2784 3566 omnique
2810 3498 3070 3552 nascendi
3090 3499 3464 3567 generc,apud
3490 3514 3684 3555 omnes

2089 3592 2340 3660 populos,
2373 3602 2674 3646 nascuntur
2702 3594 2984 3658 homines;
3018 3594 3247 3648 vincunt
3273 3594 3475 3663 ubique
3495 3603 3679 3650 tamen

2090 3683 2373 3738 hominum
2407 3685 2648 3753 ipsorum
2680 3685 2843 3755 leges.
2890 3701 3094 3750 mores,
3119 3685 3461 3755 liberumque
3487 3685 3682 3740 volun-

2089 3774 2213 3830 tatis
2246 3775 2558 3830 arbitrium.
2593 3776 2782 3846 Itaque
2811 3793 2908 3832 nec
2937 3775 3100 3831 Seres
3133 3775 3200 3830 ad
3232 3773 3550 3839 homicidia,
3579 3791 3681 3831 nec

2086 3865 2453 3920 Brachmanes
2479 3865 2544 3918 ad
2571 3881 2724 3920 esum
2779 3867 3054 3931 carnium,
3091 3881 3190 3919 nec
3219 3864 3401 3921 Persa:
3427 3866 3494 3920 ad
3525 3865 3676 3920 ince-

2084 3958 2184 4012 stis
2214 3959 2418 4028 nuptiis
2443 3957 2855 4024 abstinendum,
2885 3975 2987 4012 nec
3017 3958 3130 4012 Indi
3155 3959 3222 4013 ad
3251 3973 3443 4028 rogum
3472 3957 3679 4027 fugien-

2081 4053 2250 4119 dum,
2302 4068 2403 4110 nec
2451 4052 2587 4106 Medi
2635 4051 2702 4105 ad
2752 4067 2952 4105 canum
3001 4051 3193 4104 dentes
3219 4049 3540 4114 evitandus,
3574 4065 3677 4104 nec

2081 4141 2266 4197 Parthi
2332 4144 2398 4198 ad
2450 4157 2686 4197 uxorum
2718 4141 3073 4196 multitudine
3101 4140 3513 4207 abstinendum,
3571 4155 3675 4196 nec

2079 4231 2485 4304 Mesopotamiae
2551 4232 2810 4286 mulieres
2881 4231 2947 4285 ad
2995 4230 3514 4299 intemperantiam,
3570 4245 3674 4285 nec

2078 4324 2249 4379 Grazci
2288 4324 2357 4378 ad
2390 4323 2758 4394 repudiandus
2805 4321 3080 4376 nudorum
3130 4337 3426 4391 corporum
3460 4325 3672 4377 exerci-

2081 4417 2336 4479 tationes,
2385 4431 2487 4469 nec
2539 4413 2773 4468 Romani
2820 4414 2888 4468 ad
2939 4412 3232 4482 imperium
3268 4413 3666 4483 abjiciendum,

383 4514 542 4568 πόσοι
575 4513 632 4568 δὲ
665 4514 817 4585 νόμοι
850 4514 956 4568 ὑπὸ
980 4515 1078 4586 τῆς
1106 4514 1339 4584 ἀπορίας
1370 4514 1782 4587 κατελύθησαν;
1813 4518 1971 4572 πόσοι

2094 4525 2179 4564 iec
2209 4508 2346 4563 Galli
2381 4509 2448 4563 ad
2480 4507 2796 4578 fugiendum
2827 4507 3174 4561 muliebrium
3206 4511 3516 4575 nuptiarum
3551 4516 3670 4562 tur-

385 4604 657 4677 βασιλεῖς,
711 4607 1085 4678 κρατήσαντες
1120 4605 1288 4659 ἐθνῶν
1310 4646 1324 4670 ,
1360 4607 1678 4680 παρήγαγον
1708 4609 1833 4674 τοὺς
1861 4609 1967 4681 πρὸ

381 4695 563 4752 αὐτῶν
593 4696 809 4767 νόμους,
834 4696 928 4750 καὶ
961 4695 1142 4749 ἔθεντο
1165 4697 1290 4760 τοὺς
1319 4696 1518 4761 ίδίους;
1549 4698 1640 4750 καὶ
1664 4697 1837 4762 οὐδεὶς
1859 4699 1965 4752 τῶν

380 4785 626 4858 ἀστέρων
655 4785 903 4840 ἀπώλεσε
927 4786 988 4839 τὸ
1023 4785 1151 4840 ἴδιον
1175 4786 1366 4858 κλίμα.
1403 4788 1544 4852 Χθὲς
1593 4791 1640 4842 οἱ
1680 4791 1960 4860 Ῥωμαῖοι,

380 4877 481 4949 τῆς
527 4877 782 4948 ’Δραὸίας
809 4879 1184 4949 κρατήσαντες
1205 4918 1219 4942 ,
1255 4881 1382 4942 τοὺς
1417 4879 1524 4932 τῶν
1559 4881 1850 4952 βαρϐάρων
1879 4882 1963 4936 v6-

382 4986 516 5040 μους
544 4968 799 5040 ἤλλαξαν.
835 4969 1066 5022 Ἔπεται
1095 4969 1204 5041 γὰρ
1228 4969 1289 5022 τὸ
1317 4969 1664 5035 αὐτεξούσιον
1693 4971 1771 5042 τῷ
1828 4972 1961 5026 αύτ-

381 5059 624 5130 εξουσίῳ.
654 5060 728 5112 Τὸ
771 5059 827 5114 δὲ
849 5060 1143 5130 δυνάμενον
1179 5063 1362 5114 πεῖσαι
1405 5062 1498 5116 καὶ
1537 5063 1665 5126 τοὺς
1701 5062 1961 5128 ἀπίστους

378 5151 681 5223 ἐκθήσομαι
723 5151 874 5222 ὑμῖν.
940 5151 1182 5206 Ἰουδαῖοι
1242 5153 1445 5218 πάντες
1493 5155 1542 5208 οἱ
1584 5153 1674 5209 διὰ
1714 5155 1959 5221 Μωσέως

373 5239 653 5312 δεξάμενοι
680 5241 863 5312 νόμον,
892 5243 1018 5305 τοὺς
1043 5242 1418 5313 γεννωμένους
1434 5243 1670 5316 ἄρρενας
1691 5246 1885 5310 παῖδας
1899 5247 1958 5300 ἐν

373 5335 440 5405 τῇ
474 5333 636 5408 ὀγδόῃ
655 5334 840 5406 ἡμέρᾳ
854 5334 1180 5405 αἱμάσσουσι
1210 5335 1650 5406 περιτέμνοντες,
1673 5338 1773 5391 οὐκ
1797 5337 1956 5391 ἀστέ-

442 5533 555 5606 (12)
592 5534 989 5606 Ἀπεκρίνατο.
1020 5534 1232 5606 Aliena,
1271 5552 1456 5603 creoo,
1482 5555 1606 5594 vox.
1635 5537 1774 5606 Quid
1805 5541 1950 5596 enim

370 5603 476 5667 est,
503 5603 796 5674 ἀπόκρισις
836 5604 1202 5674 ἀπεκρίνατο;
1231 5623 1293 5661 ea
1342 5609 1389 5663 si
1425 5610 1620 5672 aberit,
1659 5603 1840 5666 clarus
1869 5611 1953 5666 in—

371 5682 630 5742 legerque
657 5682 829 5730 locus.

442 5743 585 5819 (15)_
607 5743 796 5819 Kurd“
827 5742 996 5819 τοὺςΔ
1016 5743 1329 5819 δεκανούς.
1375 5745 1596 5819 Utique.
1651 5748 1946 5807 Duodecim

374 5813 624 5868 enimio
679 5813 901 5870 zodiaco
951 5813 1314 5886 signa:signi
1366 5813 1630 5890 cujusque
1679 5828 1862 5890 partes
1915 5837 1946 5876 a

2075 4597 2396 4666 pitudinem,
2423 4613 2525 4652 nec
2561 4595 2786 4666 reliquae
2817 4597 3070 4650 nationes
3098 4595 3368 4663 harbaraa,
3394 4596 3463 4650 ad
3490 4595 3670 4650 Musa-

2073 4702 2195 4740 rum
2229 4687 2388 4754 (quas
2414 4688 2586 4743 Graeci
2634 4687 2857 4759 vocant)
2890 4689 3367 4755 consuetudinem,
3399 4697 3554 4745 ortus
3577 4687 3666 4744 sui

2072 4776 2401 4845 conditione,
2421 4779 2603 4833 invitae
2633 4778 2992 4848 nolentesque
3015 4789 3306 4849 coguntur.
3341 4777 3448 4835 Sed
3471 4795 3668 4851 quem-

2071 4870 2363 4925 admodum
2393 4881 2519 4924 ante
2537 4871 2803 4936 diximus,
2830 4871 3057 4942 singula:
3084 4872 3356 4938 nationes,
3382 4871 3664 4928 homines-

2069 4970 2176 5024 que
2205 4955 2427 5024 singuli,
2455 4971 2554 5010 sua
2595 4955 2697 5026 ipsi
2725 4957 2998 5023 libertate,
3029 4957 3120 5012 ubi
3156 4957 3480 5028 quotiesque
3513 4958 3660 5012 libu-

2068 5045 2191 5108 erit,
2219 5053 2448 5100 utuntur
2499 5064 2512 5100 :
2569 5047 2786 5103 tametsi
2817 5048 3016 5116 partim
3043 5049 3302 5104 nascendi
3329 5049 3658 5118 conditioni,

2066 5141 2265 5210 partim
2291 5151 2502 5198 naturai
2532 5143 2767 5213 quisque
2803 5158 2936 5208 suae,
2955 5158 3076 5212 qua:
3107 5158 3211 5198 suo
3239 5158 3514 5214 quemque
3537 5158 3657 5199 cor-

2064 5247 2198 5304 pore
2225 5233 2439 5298 induit,
2471 5233 2650 5289 libens
2691 5249 3086 5303 nonnunquam
3114 5242 3280 5304 atque
3307 5236 3530 5302 volens,
3565 5235 3653 5288 iu-

2066 5325 2279 5380 terdum
2309 5325 2505 5380 nolens
2535 5332 2590 5381 et
2619 5325 2820 5380 invitus
2875 5325 3230 5394 obtemperet.
3289 5323 3500 5398 Quippe
3528 5327 3652 5383 ubi-

2063 5539 2421 5612 genethliacis
2464 5539 2688 5610 triginta
2735 5540 3047 5612 constituta:
3083 5554 3098 5590 :
3135 5553 3200 5612 ac
3245 5547 3357 5612 tres
3387 5543 3448 5612 in
3481 5543 3648 5600 decu-

2061 5609 2174 5666 fias
2206 5610 2447 5675 tributa},
2495 5609 2728 5680 quarum
2775 5609 3053 5678 principes
3081 5647 3097 5673 ,
3121 5609 3337 5675 decani,
3383 5609 3647 5670 Romanae

2059 5697 2126 5735 ex
2167 5680 2379 5736 militias
2422 5678 2530 5737 usu
2577 5678 2884 5747 nominati;
2919 5691 3112 5735 omnes
3161 5681 3392 5751 proinde
3422 5685 3644 5755 triginta

2057 5767 2175 5806 88X.
