4162 6416
463 330 572 385 4⁷75
1099 319 1371 377 EUSEBll
1410 311 1894 374 CzESARlENSlS
1925 306 2075 364 OPP.
2117 301 2302 359 PARS
2336 301 2398 356 ll.
2443 331 2514 342 —
2550 291 3056 353 APOLOGETICA.
3276 348 3302 371 ο
3633 283 3739 338 Πϐ

463 459 572 515 que
604 451 870 498 terrarum
894 481 908 505 ,
943 449 1104 510 atque
1147 438 1288 508 apud
1317 450 1509 490 omnes
1539 431 1765 486 omnino
1797 425 2026 497 populos

2158 435 2248 488 ρος
2290 414 2592 487 παρουσίαν
2643 409 3025 480 ἀναμένοντες,
3077 405 3139 458 οὑ
3183 402 3444 473 κλίματος
3498 399 3740 464 ἐξουσίαν

2153 511 2164 515 -
2372 509 2383 515 -
2781 503 2792 515 .
2889 502 2902 515 .
2960 500 2974 515 ι
3056 499 3070 515 ,
3232 492 3510 515 ,πμ-Αμ-
3555 492 3740 515 ηιμ,

464 492 662 589 divites
690 535 892 604 pariter
921 542 975 585 ct
1008 533 1218 598 inopes,
1272 526 1568 598 principes,
1601 519 2032 591 principibusque

2149 509 2542 581 ἐκτρεπόμενοι
2574 504 2710 576 (Li),
2743 503 2842 572 οὑχ
2881 500 2986 554 ὑπὸ
3014 499 3179 568 νόμου
3223 492 3510 566 ἀλλοτρίας
3555 492 3741 563 χώρας

466 627 708 691 subditi,
761 625 1034 684 valentes,
1075 621 1392 688 morbisque
1440 615 1617 670 vexati
1675 617 2042 683 reperiuntur,

463 726 627 788 prout
653 726 808 769 ortus
839 715 1105 781 cujusque
1130 726 1252 764 sors
1281 718 1335 763 et
1359 707 1499 761 ratio
1529 702 1730 758 tulerit.
1774 699 1921 763 Haec,
1957 700 2043 752 in-

463 823 666 878 quam,
698 821 730 858 o
765 805 1069 858 Bardi-sane
1091 843 1106 866 ,
1143 799 1307 870 hujus
1355 797 1486 852 mihi
1532 792 1814 849 sententiae
1849 789 2044 842 verita-

461 911 569 956 tem
601 899 816 954 abunde
855 895 1200 966 persuadent.
1263 894 1333 945 At
1376 892 1520 946 enim
1569 885 1869 944 astronomi
1910 881 2043 936 Ter-

463 1009 580 1048 ram
624 992 778 1045 aiunt
808 989 861 1042 iu
897 997 1104 1056 septem
1135 985 1354 1040 climata
1397 983 1630 1038 divisam
1657 994 1813 1042 esse,
1839 975 2042 1046 quibus

461 1083 694 1151 singulis
726 1080 922 1150 singuli
968 1079 1200 1149 planetu:
1227 1077 1450 1147 prmsiut
1481 1092 1496 1128 :
1530 1074 1604 1127 ita
1637 1072 1880 1137 diversas
1919 1068 2041 1122 illas

461 1172 532 1227 ab
576 1171 893 1225 hominibus
942 1169 1148 1237 positas
1191 1177 1244 1220 et
1283 1165 1607 1220 constitutas
1642 1162 1784 1232 leges
1811 1175 1918 1213 non
1956 1157 2041 1210 l'u-

462 1265 594 1327 isse,
621 1263 713 1317 sed
745 1262 1032 1332 principiis
1059 1260 1328 1331 cujusque
1355 1258 1552 1312 sideris
1579 1255 1912 1308 voluntatem
1941 1267 2038 1306 sua

460 1354 515 1408 in
543 1353 764 1422 regione
786 1353 1080 1416 dominari,
1109 1365 1272 1422 quam
1300 1351 1419 1404 loco
1447 1347 1580 1417 legis
1607 1344 1915 1406 habuerim,
1943 1340 2036 1410 qui

459 1447 580 1516 ejus
608 1445 838 1512 imperio
865 1461 928 1498 ac
954 1444 1164 1498 ditioue
1190 1451 1500 1495 teneantur.
1571 1435 1772 1490 Verum
1806 1434 1878 1500 id,
1909 1431 2038 1486 Phi-

458 1536 625 1606 lippe,
657 1537 794 1589 falso
823 1533 1204 1603 respondetur.
1242 1529 1376 1584 Nam
1413 1541 1471 1583 ut
1498 1529 1691 1582 demus
1714 1527 1900 1580 orbem
1931 1534 2039 1578 ter—

458 1645 644 1684 rarum
674 1637 880 1698 septem
909 1627 962 1680 in
991 1635 1174 1696 partes
1197 1623 1548 1678 distributum
1583 1634 1738 1684 esse;
1780 1632 2035 1688 magnum

456 1719 544 1774 vel
589 1733 696 1772 una
739 1727 948 1772 tantum
980 1717 1033 1770 in
1064 1723 1218 1785 parte
1261 1714 1440 1784 legum
1478 1711 1770 1766 discrimen
1795 1707 2040 1779 agnosci-

2149 603 2437 672 ἀγόμενοι·
2479 598 2593 652 ἀλλ’
2627 597 2736 648 εἴτε
2767 595 2826 647 ἐν
2867 591 3038 662 Συρίᾳ
3079 588 3442 659 τυγχάνουσιν
3467 628 3481 652 ,
3525 585 3634 637 εἴτε
3679 585 3738 636 ὲν

2148 693 2369 762 Γαλλίᾳ..
2400 690 2511 743 εἴτε
2539 692 2596 742 ἐν
2641 687 2861 758 Ἰταλίᾳ,
2895 685 3007 736 εἴτε
3037 683 3094 734 ὲν
3142 679 3386 741 Ἑλλάδι,
3419 677 3452 748 ἦ
3499 679 3556 729 ὲν
3589 676 3739 747 Παρ-

2146 784 2256 858 θίᾳ,
2293 786 2325 856 ἡ
2366 785 2498 837 ὅπου
2537 783 2602 836 ἂν
2635 776 2774 843 ὦσι,
2809 779 2969 832 τοῦτο
2994 775 3259 829 ποιοῦσιν.
3295 775 3470 845 Ὅπερ
3492 772 3591 825 οὑκ
3620 771 3738 826 ἔστι

2146 879 2286 932 κατά
2315 877 2529 946 γένεσιν
2552 893 2564 904 ·
2595 876 2654 928 οὑ
2681 875 2788 945 γάρ
2814 872 3067 924 δύνανται
3095 867 3299 930 πάντες
3336 865 3574 919 Ἰουδαῖοι
3604 865 3736 935 μίαν

2143 970 2354 1038 γένεσιν
2389 969 2556 1038 ἔχειν.
2617 964 2778 1020 Ἀλλά
2820 963 2914 1017 καὶ
2957 962 3022 1014 δι’
3056 959 3279 1032 ἡμερῶν
3322 957 3461 1011 ἑπτὰ
3510 957 3734 1022 πάντες,

2141 1063 2274 1116 ὅπου
2314 1061 2378 1114 ἂν
2408 1055 2562 1122 ὦσιν,
2609 1056 2872 1128 ἀργοῦσιν
2910 1057 2974 1107 ἐκ
3013 1051 3212 1115 παντὸς
3257 1050 3455 1120 ἔργου·
3493 1049 3587 1102 καὶ
3610 1047 3734 1103 οὔτε

2141 1151 2438 1206 ὁδεύουσιν.
2468 1147 2592 1201 οὔτε
2615 1146 2746 1218 πυρὶ
2779 1145 3043 1216 χρῶνται.
3079 1141 3215 1195 Οὔτε
3248 1139 3549 1208 ἀναγκάζει
3577 1141 3612 1211 ἡ
3641 1139 3736 1208 γέ-

2141 1260 2287 1306 νεσις
2333 1241 2585 1294 Ἰουδαῖον
2605 1279 2619 1303 ,
2665 1239 2724 1291 οὑ
2757 1237 2941 1290 κτίσαι
2971 1231 3139 1297 οἷκον,
3169 1235 3228 1285 οὐ
3265 1230 3600 1297 καταλῦσαι,
3632 1233 3732 1287 οὑκ

2141 1333 2502 1406 ἐργάσασθαι,
2529 1332 2590 1384 ού
2627 1329 2896 1399 πωλῆσαι,
2925 1328 3026 1380 οὑκ
3055 1325 3323 1398 ἀγοράσαι
3353 1327 3473 1388 ταῖς
3497 1325 3734 1396 ἡμέραις

2139 1427 2234 1480 τοῦ
2276 1426 2554 1479 Σαϐϐάτου
2574 1465 2588 1489 ,
2641 1422 2818 1476 καίτοι
2863 1423 2919 1475 ἐν
2944 1423 3010 1492 τῇ
3038 1422 3174 1491 αὑτῇ
3204 1419 3389 1490 ἡμέρᾳ
3417 1417 3733 1488 γεννώντων

2155 1516 2420 1570 Ἰουδαίων
2447 1515 2542 1568 καὶ
2570 1513 2945 1584 γεννωμένων,
2981 1511 3076 1564 καὶ
3108 1509 3427 1573 νοσούντων,
3471 1509 3566 1562 καὶ
3593 1510 3732 1562 άπο-

2141 1610 2485 1681 θνησκύντων
2509 1627 2520 1638 ·
2558 1607 2732 1660 ταῦτα
2752 1605 2861 1678 γὰρ
2883 1604 3078 1658 οὐκέτι
3101 1603 3218 1656 ἐστὶ
3241 1601 3335 1655 τοῦ
3361 1600 3728 1666 αὑτεξουσίου.

2154 1702 2242 1754 Ἐν
2276 1704 2342 1772 τῇ
2374 1699 2544 1770 Συρίᾳ
2573 1699 2668 1752 καὶ
2691 1699 2751 1750 ὲν
2771 1702 2838 1770 τῇ
2880 1698 3151 1768 Ὃσροηνῇ
3183 1695 3556 1748 άπεκόπτοντο
3603 1694 3733 1748 πολ-

457 1826 603 1866 mus.
648 1808 760 1865 Nec
783 1810 929 1864 enim
968 1809 1042 1863 uti
1075 1808 1305 1878 planetae
1335 1815 1562 1876 septem,
1592 1813 1794 1872 septem
1819 1816 2032 1871 quoque

2141 1793 2220 1845 λοῖ
2241 1795 2306 1863 τῇ
2347 1791 2476 1862 Ῥέᾳ.
2501 1809 2514 1818 ’
2548 1791 2640 1844 καὶ
2666 1792 2724 1844 ὲν
2753 1790 2922 1860 τούτῳ
2954 1790 3051 1860 μιᾷ
3081 1790 3221 1860 ῥοπῇ
3249 1787 3277 1838 6
3307 1785 3559 1856 βασιλεὺς
3595 1785 3731 1866 ’ξΑό-

454 1902 634 1970 leges;
692 1915 794 1955 nec
848 1914 949 1970 pro
995 1894 1278 1968 Siguorum
1330 1895 1540 1950 zodiaci
1575 1906 1803 1947 numero
1833 1889 2037 1944 duode-

455 1994 598 2060 cim;
623 2007 742 2059 nec,
769 2002 904 2062 quot
927 1991 1028 2060 ipsi
1052 1991 1290 2044 decanos
1323 1996 1554 2058 ponunt,
1601 2002 1692 2040 sex
1747 1991 1958 2038 tantum
1985 1991 2037 2037 et

454 2082 701 2151 triginta,
729 2082 821 2138 sed
851 2097 1077 2150 prorsus
1103 2081 1328 2135 inlinitze
1359 2089 1738 2132 numerantur.
1803 2073 2034 2143 Quippe,

453 2175 771 2230 meminisse
821 2189 920 2230 ves
974 2188 1164 2228 eorum
1217 2187 1339 2242 quae
1385 2185 1550 2240 supra
1581 2167 1854 2230 diximus,
1882 2153 2084 2235 opor-'

452 2266 588 2322 tebit
637 2285 650 2322 :
702 2263 904 2320 Eodem
959 2265 1013 2320 in
1069 2265 1317 2328 climate,
1371 2277 1591 2332 unoque
1647 2259 1928 2315 ludiarum
1981 2257 2035 2312 in

450 2367 674 2423 tractu,
730 2355 892 2414 ludos
947 2356 1088 2412 alios
1144 2370 1307 2422 esse,
1356 2355 1452 2424 qui
1503 2351 1767 2408 carnibus
1807 2365 2036 2405 vescan-

455 2462 545 2509 tur
610 2451 910 2518 humanis,
966 2451 1144 2515 alios,
1197 2447 1292 2518 qui
1355 2449 1425 2501 ab
1473 2445 1622 2501 omni
1681 2459 1863 2499 rerum
1917 2442 2036 2496 ani-

452 2555 730 2601 matarum
804 2559 904 2598 esu
965 2541 1276 2596 abstineant
1341 2557 1356 2592 :
1431 2537 1734 2606 Magusmos
1798 2550 1906 2589 non
1978 2534 2032 2587 in

451 2633 619 2706 279
643 2632 870 2689 Perside
898 2640 1105 2686 tantum
1141 2629 1279 2683 tilias
1300 2642 1498 2683 uxores
1513 2627 1731 2688 ducere,
1761 2627 1854 2678 sed
1869 2627 2032 2678 etiam

451 2727 762 2794 ubicunque
796 2725 1012 2792 degant,
1035 2731 1287 2790 acceptas
1315 2735 1345 2774 a
1371 2719 1673 2790 majoribus
1711 2717 1887 2788 leges,
1909 2731 2034 2772 eos-

451 2821 682 2888 demque
717 2816 1101 2888 mysteriorum
1137 2813 1274 2866 ritus
1319 2826 1384 2866 ac
1413 2810 1768 2866 caremonias
1793 2809 2033 2864 retinen-

452 2919 556 2964 tes.
600 2907 795 2962 Multas
823 2922 1040 2978 quoque
1060 2905 1433 2961 recensuimus
1463 2903 1733 2958 barbaras
1758 2911 2028 2967 nationes,

451 2999 520 3054 ad
571 2999 888 3062 meridiem,
930 3011 1230 3060 occasum,
1265 2995 1560 3059 orientem,
1602 2991 2030 3064 septentrionem

451 3091 772 3154 incolentes.
810 3091 914 3146 hoc
933 3100 1024 3146 est
1049 3092 1104 3144 in
1129 3090 1281 3144 varia
1313 3087 1533 3144 climata
1557 3084 2030 3155 dissipatas,apud

2141 1901 2310 1953 γαρος
2347 1883 2599 1936 ἐκέλευσε
2631 1882 2739 1937 τῶν
2786 1879 3248 1949 ἀποκοπτομένων
3295 1877 3361 1931 τά
3395 1877 3569 1931 αἰδοῖα
3601 1878 3733 1931 ἀπο-

2139 1974 2435 2029 κόπτεσθαι
2469 1975 2564 2028 καῖ
2589 1974 2689 2038 τὰς
2724 1978 2913 2046 χεῖρας
2932 1991 2946 2004 ⁸
2977 1973 3071 2026 καὶ
3103 1971 3286 2024 ἔκτοτε
3312 1969 3490 2036 οὐδεὶς
3531 1971 3733 2024 ἀπεκό-

2136 2067 2274 2137 ψατο
2301 2068 2359 2120 ἐν
2383 2069 2448 2138 τῇ
2511 2066 2801 2138 Ὀσροηνῇ.
2843 2066 2907 2118 Τί
2949 2065 3007 2119 δὲ
3042 2063 3273 2136 ἐροῦμεν
3320 2063 3448 2134 περὶ
3481 2063 3578 2133 τῆς
3622 2061 3732 2116 τῶν

2137 2157 2481 2230 Χριστιανῶν
2525 2159 2824 2230 αἱρέσεως,
2855 2153 2925 2229 ἦς
2963 2158 3128 2227 ἡμεῖς
3165 2157 3216 2208 οἱ
3245 2153 3499 2219 δοξαιιταλ⁸
3546 2153 3731 2207 πολλοὶ

2135 2250 2287 2314 ὄντες
2313 2249 2406 2302 καὶ
2428 2250 2488 2302 ὲν
2512 2249 2791 2319 διαφόροις
2821 2247 3128 2317 ἀνέστημεν
3148 2245 3429 2317 κλίμασιν,
3469 2247 3528 2300 ἐν
3567 2246 3732 2300 παντὶ

2136 2340 2278 2394 ἔθνει
2309 2343 2403 2394 καὶ
2429 2340 2678 2412 κλίματι,
2709 2341 2908 2404 οἵτινες
2941 2339 3126 2393 πολλοὶ
3157 2338 3311 2401 ὄντες
3330 2378 3345 2402 ,
3379 2338 3462 2392 ἑνὶ
3505 2339 3732 2410 ὀνόματι

2135 2428 2484 2500 κεκλήμεθα;
2513 2431 2622 2484 Καὶ
2642 2428 2768 2483 οὑτε
2805 2430 2855 2482 οί
2889 2431 2947 2482 ἐν
2982 2427 3197 2500 Παρθίᾳ.
3224 2428 3542 2500 Χριστιανοὶ
3562 2427 3730 2482 πολυ-

2134 2521 2393 2592 γαμοῦσι,
2420 2521 2627 2593 Πάρθοι
2649 2523 3007 2592 ὑπάρχοντες,
3035 2519 3148 2573 οὔθ’
3183 2523 3231 2573 οἱ
3271 2521 3329 2572 ἐν
3373 2521 3556 2593 Μηδίᾳ
3601 2523 3729 2576 κυσὶ

2135 2615 2547 2687 παραϐάλλουσι
2585 2616 2712 2679 τοὺς
2741 2615 3004 2687 νεκρούςο
3050 2616 3150 2686 οὑχ
3183 2617 3232 2668 oi
3269 2615 3326 2667 ἐν
3368 2614 3589 2686 Περσίδι
3638 2632 3730 2684 γα-

2136 2707 2295 2778 μοῦσι
2317 2707 2417 2771 τάς
2441 2706 2745 2780 θυγατέρας
2780 2708 2986 2770 αὑτῶν,
3012 2707 3220 2779 Πέρσαι
3254 2707 3404 2771 ὄντες
3425 2723 3438 2737 ·
3479 2707 3540 2760 οὑ
3578 2705 3726 2778 παρά

2132 2801 2398 2872 Βάκτροις
2427 2801 2522 2854 καὶ
2581 2801 2805 2866 Γάλλοις
2845 2801 3126 2872 φθείρουσι
3173 2803 3298 2865 τοὺς
3341 2801 3554 2872 γάμους
3578 2818 3592 2830 ·
3631 2802 3728 2872 οὑχ

2131 2893 2182 2946 οἱ
2216 2893 2272 2945 ἐν
2296 2892 2554 2963 Αἰγύπτῳ
2608 2893 2970 2965 θρησκεύουσι
3001 2894 3094 2947 τὸν
3131 2895 3296 2945 ’Λπιν
3321 2933 3336 2957 ,
3369 2893 3402 2964 ἦ
3435 2892 3528 2946 τὸν
3569 2891 3728 2958 κύνα,

2131 2983 2164 3052 ἢ
2193 2982 2282 3035 τὸν
2305 2984 2530 3053 τράγον,
2559 2983 2592 3055 ἢ
2621 2983 2896 3056 αἴλουρον.
2935 2983 3073 3037 Ἀλλ’
3101 2985 3236 3037 ὅπου
3269 2983 3428 3048 εἰσὶν,
3472 2980 3597 3036 οὔτε
3625 2981 3730 3036 ὑπὸ

2130 3070 2239 3124 τῶν
2262 3072 2446 3136 κακῶς
2473 3073 2743 3144 κειμένων
2777 3074 2957 3146 νόμων
2988 3077 3084 3130 καὶ
3134 3075 3274 3129 ἐθῶν
3299 3074 3595 3131 νικῶνται·
3631 3079 3729 3147 οὑχ

449 3199 586 3254 quas
640 3184 850 3238 nullum
885 3190 1068 3238 exstet
1099 3181 1461 3236 Mercurianae
1486 3178 1626 3233 artis
1655 3153 2027 3244 doctrinaque

2134 3165 2165 3234 ἡ
2189 3162 2301 3233 (15)
2333 3163 2437 3218 ὑπὸ
2458 3164 2565 3220 τῶν
2592 3165 2778 3237 ἀρχῶν
2809 3167 3256 3239 πρυτανευομένη
3280 3167 3494 3236 γένεσις
3536 3168 3729 3233 αὑτοὺς

452 3275 770 3346 vestigium.
798 3272 918 3328 Jam
955 3289 1106 3338 vero,
1144 3287 1310 3342 quam
1343 3269 1546 3324 multos
1573 3267 1854 3323 exstitisse
1879 3269 2029 3322 viros

451 3367 728 3436 sapientes
783 3363 1008 3434 putatis,
1052 3362 1148 3432 qui
1201 3361 1351 3430 leges
1378 3373 1667 3429 perperam
1700 3357 2029 3413 constitutas

451 3455 790 3511 immutarint
818 3451 976 3508 Hmo
1016 3467 1180 3522 quam
1214 3450 1397 3504 multa
1429 3449 1598 3518 leges,
1648 3447 1732 3501 vel
1765 3446 1978 3501 consilii
2009 3487 2024 3513 ,

451 3548 538 3604 vel
573 3561 754 3602 rerum
785 3545 970 3614 inopia
1015 3544 1368 3600 conciderunt
1395 3542 1419 3595 ’ί
1445 3557 1605 3612 quam
1641 3540 1794 3594 multi
1847 3553 2028 3609 reges,

450 3639 736 3696 debellatis
763 3639 1028 3709 victisque
1045 3636 1360 3692 nationibus
1373 3650 1540 3689 novas
1553 3635 1652 3705 ipsi
1673 3634 2029 3705 propriasque

449 3733 619 3803 leges,
673 3733 972 3798 antiquatis
1029 3729 1323 3800 prioribus,
1371 3725 1790 3798 imposuerunt?
1839 3723 2028 3796 Neque

451 3836 632 3881 tamen
661 3840 764 3880 suo
785 3825 1002 3880 climate
1018 3824 1352 3894 planetarum
1381 3821 1521 3876 ullus
1541 3818 1766 3874 excidit.
1793 3817 2026 3873 Romani

449 3918 675 3975 subacta
727 3917 1125 3973 nudiustertius
1185 3914 1412 3979 Arabia,
1466 3913 1827 3968 barbarorum
1882 3911 2027 3981 leges

449 4012 811 4068 sustulerunt.
840 4009 1130 4078 imperium
1164 4008 1308 4063 enim
1359 4022 1538 4062 rerum
1574 4014 1816 4076 poteSIas
1843 4003 2025 4059 omni-

447 4119 541 4158 um
573 4102 903 4172 licentiaque
923 4101 1298 4170 consequitur.
1329 4099 1437 4154 Sed
1457 4100 1614 4170 juvat
1644 4097 1778 4153 illud
1807 4095 2024 4160 all‘erre,

447 4193 590 4264 quod
617 4194 701 4249 vel
737 4191 1034 4249 incredulis
1058 4191 1218 4247 ﬁdem
1243 4190 1429 4247 faciat.
1455 4189 1634 4246 Judaei
1655 4205 1848 4246 omnes
1869 4187 1961 4258 qui
1991 4202 2024 4242 a

447 4284 819 4357 Moyselegem
843 4294 1190 4355 acceperunt,
1219 4282 1456 4339 infantes
1479 4282 1750 4337 masculos
1776 4289 1903 4335 ante
1932 4294 2026 4335 oc-

445 4387 630 4435 tavum
668 4386 737 4434 an
783 4388 909 4434 ortu
932 4380 1078 4434 diem
1112 4378 1538 4434 circumcisione
1567 4385 1878 4431 cruentaut.
1907 4381 2024 4442 Qua

443 4473 662 4544 quidem
698 4473 752 4528 in
783 4487 844 4529 re
867 4489 968 4529 nec
995 4473 1191 4530 sideris
1245 4471 1587 4540 praesentiam
1618 4469 1764 4525 illius
1799 4483 2023 4540 exspec-
2053 4508 2098 4564 Β

445 4574 586 4632 tant,
621 4581 721 4622 nec
751 4567 881 4622 certi
914 4566 1149 4621 climatis
1184 4565 1293 4618 vim
1329 4580 1393 4619 ac
1424 4563 1549 4630 jura
1587 4561 1884 4626 declinant,
1922 4576 2024 4616 nec

445 4659 672 4714 alterius
713 4657 954 4726 regionis
1005 4657 1216 4728 legibus
1258 4656 1345 4726 agi
1385 4671 1444 4710 se
1489 4653 1790 4724 patiuntur.
1837 4653 2026 4724 itaque

446 4765 544 4807 seu
599 4751 652 4806 in
683 4750 864 4822 Syria,
901 4765 992 4804 seu
1021 4749 1077 4804 in
1115 4748 1312 4814 Gallia,
1357 4763 1450 4804 seu
1506 4747 1560 4802 iu
1608 4746 1783 4812 Italia,
1834 4760 1929 4801 seu
1967 4745 2023 4799 in

443 4843 674 4907 Graacia,
711 4841 806 4898 seu
843 4845 893 4897 in
927 4842 1168 4908 Parthia,
1195 4841 1366 4898 verbo
1389 4841 1700 4911 ubicunque
1717 4847 2021 4904 versentur,

445 4951 650 4990 morem
676 4934 925 4990 eumdem
963 4936 1214 4989 retinent.
1255 4933 1313 4988 Id
1365 4943 1545 4988 autem
1593 4931 1850 4986 nascendi
1891 4944 2026 4984 con-

443 5026 704 5080 ditionem
733 5025 979 5096 prol‘ectn
1002 5040 1111 5080 non
1138 5026 1402 5093 sequitur,
1425 5039 1550 5079 cum
1577 5038 1685 5076 una
1714 5020 1887 5075 λιιᾱωί
1908 5034 2025 5088 pas-

444 5113 547 5166 sim
597 5127 788 5168 omnes
839 5114 1136 5182 eademque
1179 5113 1354 5168 teneri
1406 5128 1514 5166 nou
1564 5111 1796 5181 possint.
1826 5109 2021 5170 Iidem,

445 5201 755 5271 ubicunque
799 5203 1020 5274 degant,
1075 5203 1310 5273 septimo
1364 5217 1584 5272 quoque
1635 5202 1724 5256 die
1771 5201 1843 5254 ab
1870 5198 2020 5252 omni

444 5306 674 5359 prorsus
700 5307 865 5361 opere
893 5303 1088 5348 vacant
1121 5308 1312 5347 omnes
1346 5311 1362 5356 ;
1407 5293 1654 5360 adeoque
1688 5305 1756 5344 ne
1777 5290 1878 5344 iter
1902 5292 2022 5359 qui-

444 5383 568 5436 dem
593 5385 919 5453 suscipiunt,
951 5395 1044 5440 aut
1072 5385 1182 5455 igni
1211 5393 1460 5439 utuntur.
1497 5381 1573 5436 lla
1603 5379 1826 5436 Judaeus
1863 5393 2022 5434 nemo

470 5558 632 5638 ηψ)
677 5560 1139 5638 Ἐκτρεπόμεκοι.
1183 5560 1446 5638 Maleham
1489 5559 1892 5638 ἐντρεπόμενοι,
1926 5557 2019 5638 sed

445 5628 569 5682 libri
600 5645 790 5686 omnes
818 5628 1204 5686 reclamabant.
1239 5632 1469 5688 Montac.
1498 5628 1739 5702 suggerit
1762 5629 2020 5702 ἐντρεπό-

449 5715 602 5767 μενοι
622 5740 636 5753 .
659 5709 788 5766 etc.,
811 5703 983 5766 veriti,
1013 5702 1253 5771 religiose
1296 5700 1648 5756 observantes.
1695 5700 2019 5771 Nectatnen

443 5771 831 5842 ἐκτρεπόμενοι
886 5788 1048 5827 scnsu
1099 5770 1251 5827 caret
1297 5789 1310 5825 :
1359 5774 1515 5844 quasi
1578 5773 1752 5840 dicat,
1802 5770 2021 5827 Judzeos

2133 3254 2434 3324 ἀναγκάζει
2457 3259 2570 3320 τοῖς
2595 3257 2796 3330 ἀπειρη
2807 3258 2994 3328 μένοις
3015 3261 3208 3323 κακοῖς
3235 3258 3340 3312 ὑπὸ
3360 3257 3454 3312 τοῦ
3481 3258 3730 3314 διδασκά-

2089 3381 2105 3398 .
2131 3345 2222 3398 λου
2256 3347 2435 3401 αὑτῶν
2463 3349 2718 3421 χρῆσθαι.
2753 3350 2915 3420 Νόσῳ
2943 3349 3020 3416 δὲ,
3053 3351 3146 3404 καὶ
3179 3349 3361 3421 πενίᾳ,
3389 3352 3484 3404 καὶ
3508 3351 3723 3416 πάθεσι,

2129 3439 2226 3491 καὶ.
2252 3443 2374 3502 ταῖς
2407 3440 2795 3512 νομιζομέναις
2837 3441 3085 3512 ἀτιμίαις
3126 3441 3463 3495 ὑπόκεινται.
3514 3443 3725 3513 Ὥσπερ

2129 3529 2239 3600 γὰρ
2259 3532 2288 3584 6
2311 3530 2596 3602 ἐλεύθερος
2629 3532 2785 3602 ἡμῶν
2811 3529 3101 3602 ἄνθρωπος
3135 3530 3408 3584 δουλεύειν
3433 3531 3534 3585 οὑκ
3557 3532 3725 3600 ἀναγ-

2127 3621 2355 3686 κάζεται
2385 3662 2399 3686 ,
2446 3621 2548 3676 κάν
2579 3621 2924 3692 ἀναγκασθῇ,
2977 3621 3298 3674 ἀνθίσταται
3333 3622 3445 3686 τοῖς
3482 3621 3724 3688 ἀναγκά-

2129 3712 2341 3777 ζουσιν·
2371 3713 2543 3776 οὑτως
2563 3713 2684 3765 οὐδὲ
2706 3713 2734 3764 6
2765 3711 3089 3782 φαινόμενος
3107 3711 3266 3784 ἡμῶν
3293 3710 3477 3777 δοῦλος
3509 3711 3722 3784 ἀνθρω-

2131 3819 2232 3865 πος
2261 3802 2362 3873 τῆς
2394 3801 2677 3872 ὑποταγῆς
2704 3800 2994 3871 ἐκφεύγειν
3026 3802 3227 3874 ῥᾳδίως
3247 3801 3491 3856 δύναται.
3521 3803 3584 3856 Ei
3613 3802 3722 3875 γάρ

2129 3894 2310 3949 πάντα
2337 3893 2676 3965 ἐδυνάμεθα,
2712 3895 2876 3964 ἡμεῖς
2909 3894 2976 3949 ἂν
2996 3889 3140 3966 ἦμεν
3180 3895 3241 3948 τὺ
3271 3896 3411 3959 πᾶν,
3443 3895 3519 3959 ὥς
3548 3912 3630 3958 τε,
3672 3896 3722 3947 εἰ

2133 3985 2298 4058 μηδὲν
2326 3985 2654 4057 ἐδυνάμεθα,
2683 3986 2858 4040 ἄλλων
2879 3981 3041 4058 ἦμεν,
3065 3987 3142 4051 ὡς
3165 3991 3445 4059 προεῖπον,
3491 3987 3718 4059 ὄργανα,

2129 4075 2224 4129 καὶ
2247 4075 2346 4146 οὑχ
2377 4075 2607 4130 ἑαυτῶν.
2651 4075 2786 4130 Θεοῦ
2823 4075 2866 4130 δ’
2891 4077 3274 4142 ἐπινεύσαντος
3307 4079 3485 4134 πάντα
3519 4077 3723 4132 δυνατά

2125 4166 2219 4219 καὶ
2243 4165 2648 4237 ἀνεμπόδισταο
2690 4169 2757 4238 τῇ
2791 4168 2899 4239 γὰρ
2929 4169 3142 4222 ἐκείνου
3169 4168 3420 4240 βουλήσει
3447 4170 3601 4223 οὐδὲν
3623 4171 3719 4224 άν-

2122 4259 2371 4321 τιστῆναι
2403 4258 2626 4313 δύναται
2646 4276 2660 4290 ο
2691 4260 2786 4313 καὶ
2825 4259 2932 4333 γὰρ
2953 4260 3024 4313 τά
3053 4261 3314 4314 δοκοῦντα
3341 4261 3717 4325 ἀνθίστασθαι,

2123 4349 2289 4403 αὑτοῦ
2320 4350 2558 4422 χρηστοῦ
2589 4350 2760 4416 ὄντος,
2801 4351 2896 4404 καὶ
2926 4350 3341 4422 συγχωροῦντος
3376 4350 3583 4423 ἑκάστῃ
3618 4351 3721 4421 φύ-

2126 4458 2208 4496 σει
2239 4441 2383 4514 ἔχειν
2407 4443 2503 4516 τὴν
2529 4443 2765 4514 ἰδιότητα
2789 4444 2884 4498 καὶ
2902 4443 2964 4497 τὸ
2983 4442 3332 4508 αὐτεξούσιον
3350 4442 3446 4497 τοῦ
3473 4443 3600 4516 θελή
3609 4461 3717 4514 μα-

2125 4552 2237 4598 τος,
2263 4533 2601 4590 ἀνθίσταται.
2638 4557 2656 4588 ι
2685 4535 2938 4590 Τοσαῦτα
2970 4536 3064 4589 καὶ⁴
3087 4535 3116 4587 6
3148 4535 3339 4606 Σύρος.
3381 4535 3528 4600 Ἐνὸς
3563 4535 3615 4590 δὲ
3637 4535 3718 4592 έτι

2129 4627 2425 4700 μνησθεὶς,
2470 4628 2800 4702 περιγράψω
2850 4629 2943 4682 τὸν
2988 4627 3167 4696 λόγον.
3216 4625 3469 4681 Ἐπειδὰν
3498 4629 3609 4700 γὰρ
3646 4629 3716 4682 τά

2129 4719 2230 4789 μὲν
2267 4719 2376 4772 ἀπὸ
2401 4720 2506 4773 τῶν
2539 4719 2740 4786 ἔξωθεν
2771 4719 3122 4790 γραμμάτων
3149 4718 3442 4792 αὐτάρκως
3472 4719 3715 4792 παρατέ-

2127 4811 2324 4877 θειται,
2351 4812 2526 4868 λείπει
2551 4813 2608 4866 δὲ
2645 4813 2714 4866 τά
2745 4813 2856 4866 ἀπὸ
2875 4813 2984 4866 τῶν
3017 4811 3180 4882 ἱερῶν
3213 4812 3593 4885 γραμμάτων,
3639 4806 3716 4867 ὧν

2125 4903 2191 4976 δὴ
2217 4906 2310 4958 καὶ
2343 4905 2582 4976 μάλιστα
2628 4907 2760 4975 ἡμῖν
2799 4903 2882 4956 δεῖ
2911 4905 2992 4966 είς
3023 4904 3124 4975 τὴν
3155 4903 3254 4974 τῆς
3298 4903 3714 4975 Εὑαγτελικῆς

2123 4995 2492 5061 ἀποδείξεως
2525 4993 3064 5064 Προπαρασκευὴν,
3104 4990 3163 5048 εὖ
3187 4993 3253 5047 ἂν
3298 4993 3409 5065 ἔχοι
3448 4996 3544 5049 καὶ
3585 4995 3712 5051 τάδε

2125 5087 2482 5149 ἐποπτεῦσαι,
2517 5088 2594 5150 ὡς
2613 5087 2681 5141 ἂν
2711 5086 2856 5140 κατά
2880 5087 3045 5158 μηδὲν
3067 5087 3096 5140 6
3128 5087 3285 5152 λόγος
3330 5086 3566 5141 ἐλλείποι
3601 5086 3711 5140 τῶν

2125 5179 2205 5242 είς
2237 5180 2298 5232 τὸ
2321 5178 2616 5250 πρόϐλημα
2643 5179 3049 5250 θεωρουμένων.
3085 5179 3246 5234 Ὅθεν
3267 5179 3331 5251 δὴ
3365 5181 3460 5234 καὶ
3478 5179 3604 5234 τάδε
3630 5197 3710 5234 σοι

2126 5271 2274 5341 σαφῆ
2315 5271 2664 5340 καταστήσω.
2696 5271 2769 5324 Οὑ
2819 5269 2924 5342 μὴν
2967 5266 3077 5334 οἷός
3121 5272 3169 5324 τ’
3221 5271 3286 5328 ἂν
3333 5269 3452 5342 εἴης
3490 5271 3712 5342 γυμνῶν

2125 5365 2340 5417 ἐπαΐειν
2364 5361 2476 5416 τῶν
2504 5362 2664 5434 ἱερῶν
2695 5363 2911 5432 λογίων,
2935 5363 3004 5416 τά
3029 5363 3198 5417 πολλὰ
3235 5364 3712 5435 συνεσκιασμένως

2124 5558 2298 5632 etiam
2326 5575 2404 5632 eo
2431 5627 2445 5632 _
2456 5558 2564 5632 sub
2619 5557 2838 5632 climate
2889 5558 3166 5632 degentes,
3196 5557 3340 5628 quod
3377 5557 3446 5613 ab
3474 5556 3566 5611 illo
3599 5557 3710 5611 cir-

2124 5627 2470 5686 cumcidendi
2517 5643 2672 5683 more
2719 5627 3082 5695 ali'enum’sit,
3135 5627 3314 5696 ipsum
3363 5637 3543 5683 tamen
3576 5642 3709 5683 con-

2125 5709 2336 5757 stanter
2359 5715 2424 5754 ac
2451 5707 2711 5769 perpetuo
2744 5699 2998 5769 retinere.

2199 5770 2310 5843 (15)
2339 5768 2462 5840 οὐχ
2496 5768 2564 5839 ἡ(
2589 5769 2780 5825 Melius
2805 5768 2917 5822 οὗθ’
2948 5770 3003 5841 ἡ.
