4162 6478
428 393 530 447 477

1581 396 1910 452 ΡΒᾸΣΡΑΒ.
1952 395 2206 454 EVANG.
2248 397 2379 454 LlB.
2421 398 2509 455 Vl.

3573 388 3683 449 .578.

425 514 904 585 προενηνεγμὲνων
928 534 941 546 θ
977 518 1163 590 διόπερ
1195 518 1307 587 ἐγώ
1346 535 1429 572 σοι
1459 520 1551 573 τὸν
1594 522 1842 592 ἑρμηνέα
1879 520 1994 574 τοῦ-

2107 521 2329 577 Sabbati
2361 523 2551 578 diebus
2576 520 2641 575 ad
2661 519 2883 574 domum
2909 520 2992 574 vel
3018 518 3413 582 aediﬁcandam,
3445 516 3530 573 vel
3579 518 3679 572 de-

422 622 514 657 τον
541 616 568 645 ι
592 607 1028 679 παραστήσομαι.
1062 601 1135 662 Σῦ
1164 610 1289 663 δἐἰ
1322 610 1396 683 μὴ
1439 614 1550 675 τοῖς
1587 614 1860 684 κρείττοσι
1903 613 2002 684 βα-

424 698 663 753 σκαίνειν
692 699 743 759 b,
766 697 922 754 οἶσθά
948 720 1048 755 που
1073 702 1164 755 τὸν
1191 702 1379 775 ἄνδρα,
1406 704 1641 775 Χριστοῦ
1671 707 1768 776 μὲν
1796 704 2005 770 θιάσοις

424 791 589 845 εἰσέτι
622 791 781 862 δεῦρο
813 792 1106 864 χορεύοντα
1133 794 1200 847 δι’
1236 788 1311 847 ὧν
1342 796 1663 849 ἀπολέλοιπε
1695 797 1871 850 πόνων
1895 814 1907 826 ·
1941 796 2001 849 οὐ

428 882 531 952 μὴν
563 882 683 935 οὐδὲ
712 885 823 945 τοῖς
849 884 1004 948 ἐκτὸς
1031 884 1269 952 ἀγνῶτα,
1302 886 1369 938 δι’
1396 887 1463 957 ἣν
1504 886 1864 941 ἐπιδέδεικται
1910 889 2003 941 καὶ

424 974 559 1046 πρὸς
583 974 651 1028 τὰ
676 973 842 1031 τῶνδε
883 977 1178 1048 μαθήματα
1216 978 1543 1049 φιλοτιμίαν.
1585 979 1792 1046 Σκέψαι
1829 981 1875 1033 δ’
1906 975 1999 1033 οὖν

423 1068 523 1121 ὅσα
544 1084 604 1119 τε
632 1068 724 1120 καὶ
752 1067 909 1121 ὁποῖα
930 1070 988 1121 ἐν
1019 1070 1133 1131 τοῖς
1156 1071 1243 1135 εἰς
1272 1068 1386 1137 τὴν
1426 1070 1683 1123 Γένεσιν
1718 1068 1994 1138 ἐξηγητι-

2108 614 2461 679 moliendam,
2487 613 2554 668 ad
2576 612 2958 677 laborandum,
2980 610 3344 675 vendendum,
3361 610 3675 673 emendum,

2104 714 2263 759 ortus
2282 705 2617 760 necessitate
2658 704 2894 774 adigitur
2927 722 2940 757 :
2980 718 3101 758 cum
3141 713 3317 757 tamen
3352 717 3417 756 eu
3443 702 3560 772 ipso
3589 701 3677 756 die

2103 796 2307 864 passim
2334 806 2594 865 generent
2629 805 2790 864 atque
2828 807 3156 859 nascantur,
3188 802 3452 863 aegrotent
3476 793 3674 862 passim

2105 890 2517 958 morianturque
2547 887 2719 942 Judiei
2755 906 2768 941 :
2801 889 2942 957 quod
2978 890 3080 942 ista
3113 901 3454 956 nequaquam
3490 902 3554 940 ex
3602 887 3674 940 li-

2104 981 2311 1035 bertate
2354 982 2643 1050 pendeant.
2689 979 2746 1033 In
2799 981 2955 1052 Syria
3005 981 3278 1050 quondam
3328 988 3381 1033 et
3432 976 3676 1033 Osroene

2100 1071 2389 1141 plerosque
2443 1071 2575 1141 Opis
2603 1073 2656 1127 in
2694 1073 2958 1127 honorem
3009 1072 3254 1128 abscindi
3311 1072 3480 1125 moris
3516 1081 3673 1126 erat:

2102 1174 2286 1215 verum
2317 1178 2436 1216 cum
2470 1171 2688 1231 repente
2714 1162 2969 1230 jussisset
3012 1179 3105 1217 rex
3147 1162 3419 1233 Abgarus,
3453 1170 3517 1217 ut
3553 1162 3676 1232 qui-

431 1249 736 1317 ὺποθέσεως
782 1252 1043 1326 διείληφε,
1067 1254 1161 1309 καὶ
1184 1254 1330 1316 ὅπως
1358 1252 1629 1323 ἐφώδευσε
1652 1253 1743 1306 τὸν
1777 1253 1903 1324 περὶ
1924 1254 1994 1305 εί-

2100 1254 2205 1309 bus
2240 1254 2481 1308 abscissa
2517 1255 2748 1308 verenda
2808 1264 3027 1322 essent,
3060 1256 3128 1311 iis
3152 1256 3314 1310 etiam
3358 1271 3551 1310 manus
3579 1257 3677 1311 ab—

427 1342 708 1415 μαρμένης
730 1344 905 1414 λόγον.

2100 1346 2500 1409 scinderentur,
2534 1360 2692 1400 nemo
2740 1362 2798 1401 se
2847 1347 3099 1416 deinceps
3153 1355 3260 1401 tota
3306 1346 3548 1403 Osroene
3585 1351 3681 1402 ah-

422 1437 602 1493 scidit.
633 1437 772 1503 Quid
799 1454 960 1506 porro
981 1438 1047 1494 de
1077 1439 1513 1494 Christianorum
1560 1439 1807 1494 instituto
1867 1439 2133 1504 dicemus,
2181 1440 2338 1508 cujus
2372 1454 2474 1493 nos
2540 1446 2840 1494 sectatores
2906 1447 2961 1494 et
3022 1439 3241 1508 plurimi
3280 1448 3332 1493 et
3359 1440 3590 1493 diversis
3624 1440 3678 1493 in

422 1540 580 1588 terrae
612 1535 859 1602 partibus
882 1535 1227 1600 exstitimus,
1267 1536 1361 1604 qui
1392 1544 1573 1590 tamen
1601 1535 1654 1587 in
1690 1532 1839 1589 omni
1876 1549 1997 1588 cum
2038 1548 2235 1602 genere
2287 1543 2402 1587 tum
2436 1533 2657 1588 climate
2717 1550 2827 1589 uno
2890 1549 3081 1588 omnes
3111 1536 3414 1605 eodemque
3459 1537 3681 1592 nomine

420 1622 668 1692 appellati
711 1625 956 1679 sumus?
1005 1626 1168 1696 280
1225 1626 1516 1682 Enimvero
1558 1641 1660 1680 nec
1713 1626 1765 1678 in
1794 1623 2017 1680 Parthia
2050 1624 2369 1689 Christiani,
2430 1623 2618 1679 Parthi
2654 1625 2798 1689 licet,
2860 1627 3107 1696 pluribus
3142 1635 3368 1681 utuntur
3394 1629 3677 1692 uxoribus,

420 1733 531 1785 nec
549 1718 602 1772 in
636 1717 810 1773 Media
863 1720 1243 1777 defunctorum
1298 1736 1528 1789 corpora
1572 1721 1800 1774 canibus
1860 1720 2150 1789 objiciunt,
2185 1735 2285 1774 nec
2348 1720 2403 1774 in
2450 1720 2692 1786 Perside,
2736 1719 2916 1775 Persae
2940 1722 3084 1781 licet.
3148 1721 3283 1776 tilias
3349 1736 3546 1777 uxores
3580 1724 3680 1775 du-

418 1818 595 1875 cunt;
652 1826 752 1866 nec
773 1812 916 1881 apud
963 1809 1189 1868 Bactros
1220 1822 1315 1867 aut
1344 1811 1531 1867 Gallos
1558 1812 1872 1880 nuptiarum
1927 1810 2267 1864 honeSIatcm
2321 1821 2376 1862 et
2417 1809 2538 1878 jura
2604 1811 3144 1878 contaminant;nec
3171 1811 3224 1865 in
3257 1810 3490 1883 ngypto
3520 1812 3680 1881 Apin,

418 1919 632 1971 canem,
669 1907 882 1962 hircum
916 1906 1142 1963 felemve
1184 1908 1392 1963 colunt.
1429 1910 1532 1971 Ita,
1592 1907 1902 1976 ubicunque
1962 1906 2181 1974 degant,
2231 1918 2329 1958 nec
2389 1903 2566 1974 legum
2634 1919 2961 1975 morumque
2997 1905 3388 1961 sceleratorum
3417 1906 3682 1974 improbi-

420 2008 530 2056 tate
563 2001 875 2068 vincuntur,
926 2017 1029 2058 nec
1083 2002 1149 2057 ad
1204 2002 1472 2074 ﬂagitium
1522 2003 1732 2065 ullum,
1780 2001 2131 2071 praeceptoris
2181 1999 2266 2054 sui
2321 2000 2533 2069 legibus
2579 2000 2967 2065 interdictum,
3029 2002 3286 2057 nascendi
3350 2001 3680 2058 conditionis

415 2112 484 2152 ex
523 2096 829 2168 principum
859 2108 1132 2154 astrorum
1168 2100 1398 2170 imperio
1455 2105 1704 2170 nutuque
1751 2099 2039 2167 descriptae
2076 2098 2129 2152 vi
2168 2098 2495 2169 adiguntur;
2554 2097 2697 2153 idem
2730 2106 2934 2163 tamen,
2971 2099 3205 2163 morbis,
3248 2099 3495 2166 egestati,
3531 2098 3681 2153 cala-

417 2192 702 2248 mitatibus
724 2204 779 2248 et
809 2196 1179 2259 contumeliis,
1230 2204 1291 2251 ut
1342 2197 1505 2267 vulgo
1564 2195 1927 2266 appellantur,
1987 2195 2211 2249 obnoxii
2269 2204 2417 2249 sunt.
2451 2193 2925 2260 Quemadmodum
2976 2194 3121 2249 enim
3162 2194 3329 2248 homo
3361 2192 3449 2246 ille
3471 2200 3681 2257 noster,

415 2303 577 2358 quem
604 2288 837 2344 liberum
864 2305 986 2347 esse
1017 2291 1290 2359 volumus,
1330 2303 1422 2346 aut
1465 2292 1520 2345 in
1578 2292 1897 2346 servitutem
1926 2306 2034 2345 non
2070 2289 2304 2360 cogitur,
2338 2298 2432 2342 aut
2482 2289 2529 2343 si
2578 2297 2801 2359 urgetur
2830 2288 3128 2351 interdum,
3166 2287 3275 2342 vim
3333 2286 3682 2342 aﬂ'erentibus

420 2382 648 2447 resistit,
677 2385 751 2439 ita
782 2394 979 2440 noster
1008 2385 1104 2441 hic
1140 2386 1327 2451 homo,
1362 2386 1456 2457 qui
1487 2387 1594 2440 sub
1639 2395 1922 2456 aspectum
1977 2384 2144 2451 cadit,
2192 2400 2386 2439 servus
2441 2384 2558 2454 ipse
2592 2399 2716 2439 cum
2763 2386 2858 2451 sit,
2894 2382 3228 2452 obsequendi
3268 2382 3681 2438 necesssitatem

418 2477 563 2533 haud
611 2477 769 2534 facile
832 2480 1107 2536 declinare
1149 2489 1346 2551 potest.
1404 2482 1652 2551 Quippe.
1699 2483 1742 2536 si
1792 2491 1997 2536 nostrae
2030 2488 2224 2534 cuncta
2284 2480 2571 2549 potestatis
2617 2486 2839 2547 essent,
2871 2478 3004 2533 nihil
3062 2493 3169 2532 non
3197 2491 3681 2548 essemus;quem-

420 2573 709 2628 admodum
752 2573 799 2628 si
866 2574 1101 2640 positum
1148 2589 1212 2630 ac
1244 2575 1408 2631 situm
1447 2577 1503 2630 in
1533 2576 1691 2631 nobis
1715 2584 1865 2631 esset
1913 2574 2073 2639 nihil,
2111 2574 2365 2639 aliorum,
2391 2586 2452 2628 ut
2485 2582 2613 2628 ante
2640 2572 2776 2639 dixi,
2819 2572 3128 2627 administri
3167 2586 3437 2635 essemus,
3467 2571 3683 2635 nonju-

414 2661 493 2717 ris
520 2663 714 2717 nostri.
764 2664 834 2719 At
864 2676 1137 2723 annuente
1164 2669 1291 2735 Deo,
1323 2669 1442 2725 ﬁeri
1473 2679 1667 2726 cuncta
1698 2678 1949 2740 possunt,
1987 2670 2239 2739 impediri
2266 2668 2424 2723 nihil.
2455 2668 2584 2738 Ejus
2605 2669 2751 2723 enim
2778 2668 3047 2723 voluntati
3096 2682 3186 2722 res
3241 2666 3510 2721 obsistere
3532 2663 3677 2719 nulla

412 2765 609 2826 potest,
639 2773 761 2813 cum
802 2774 881 2815 .ea
932 2778 1053 2833 quae
1101 2780 1494 2835 nonnunquam
1531 2766 1785 2821 videntur
1837 2765 2124 2829 obsistere,
2161 2764 2212 2817 id
2262 2772 2489 2818 eatenus
2542 2763 2702 2818 modo
2761 2761 2984 2825 faciant,
3029 2772 3302 2833 quatenus
3347 2776 3500 2817 suam
3562 2761 3681 2831 ipse

412 2861 619 2907 naturae
664 2855 891 2911 cuilibet
946 2859 1366 2928 praerogativam
1423 2860 1798 2930 integramque
1870 2859 2171 2914 voluntatis
2224 2857 2536 2912 libertatem
2601 2872 2698 2926 pro
2764 2871 2863 2911 sua
2911 2856 3248 2925 benignitate
3301 2855 3595 2910 concessit.
3653 2872 3673 2904 ι

410 2944 588 3013 Atque
642 2947 905 3005 hactenus
958 2950 1130 3022 Syrus
1175 2953 1284 3009 ille.
1351 2954 1464 3024 Ego
1496 2970 1647 3021 vero,
1694 2965 1986 3024 postquam
2045 2956 2208 3008 unius
2262 2952 2441 3007 adhuc
2475 2951 2846 3007 testimonium
2910 2952 3239 3020 produxero,
3276 2950 3403 3004 huic
3428 2948 3677 3017 disputa-

412 3037 546 3091 tioni
573 3040 733 3094 linem
768 3042 1068 3113 imponam.
1117 3043 1574 3115 Quandoquidem
1623 3061 1769 3100 enim
1802 3045 2018 3100 abunde
2056 3044 2303 3114 profanis
2350 3043 2529 3097 adhuc
2556 3058 2587 3098 e
2613 3042 2809 3097 litteris
2849 3043 3158 3103 hausimus,
3210 3041 3436 3110 solaque
3463 3040 3679 3094 divina-

410 3145 533 3186 rum
564 3132 861 3189 auctoritas
889 3144 1158 3204 superest,
1191 3152 1312 3206 quae
1355 3147 1504 3192 certe
1532 3138 1750 3208 quidem
1783 3136 1851 3191 ad
1895 3137 2039 3191 hanc
2075 3134 2374 3206 praesertim
2428 3132 2758 3204 Evangelica:
2813 3134 3277 3187 demonstrationis
3322 3132 3681 3204 Prceparatio.

411 3237 527 3275 nem
552 3221 914 3290 desideratur,
963 3240 1180 3295 aequum
1218 3242 1352 3282 sane
1399 3238 1877 3299 opportunumque
1934 3228 2121 3292 fuerit,
2165 3227 2217 3281 in
2273 3240 2370 3281 eas
2406 3240 2627 3296 quoque
2666 3225 2955 3296 diligenter
3003 3225 3246 3291 intueri,
3299 3225 3437 3280 nihil
3468 3234 3526 3280 ut
3553 3242 3674 3282 om-

412 3316 546 3373 nino
574 3300 934 3388 desideretur,
967 3322 1113 3392 quod
1179 3322 1247 3378 ad
1304 3332 1573 3393 susceptae
1622 3324 1945 3394 quaestionis
1989 3322 2439 3393 disceptationem
2507 3320 2794 3390 pertineat.
2829 3318 3021 3389 Itaque
3064 3334 3131 3374 ex
3167 3319 3271 3374 illis
3300 3319 3465 3374 etiam
3513 3320 3676 3391 hujus

411 3407 511 3481 tibi
561 3409 812 3467 veritatis
839 3422 1162 3483 argumenta
1214 3417 1518 3485 producere
1545 3418 1733 3472 statui.
1769 3416 1878 3472 Sed
1925 3420 2188 3488 quoniam
2246 3429 2529 3471 sacrorum
2572 3414 2953 3481 oraculorum,
2997 3413 3044 3468 si
3107 3414 3253 3468 nude
3311 3424 3674 3483 ponerentur,

411 3519 630 3562 sensum
666 3516 1011 3580 mentemque
1057 3526 1253 3582 capere
1296 3529 1402 3569 non
1471 3528 1684 3583 posses,
1718 3514 1863 3585 quod
1914 3513 2029 3570 fere
2065 3511 2272 3567 umbris
2302 3510 2629 3581 quibusdam
2688 3510 2928 3564 involuta
2962 3507 3348 3579 proferantur,
3376 3524 3567 3563 eorum
3592 3509 3678 3564 in-

410 3609 698 3673 terpretem
726 3605 991 3661 adducam
1044 3607 1100 3661 in
1154 3608 1414 3664 medium.
1446 3608 1529 3663 Tu
1584 3624 1716 3665 vero
1738 3650 1753 3674 ,
1788 3609 1894 3665 nisi
1928 3606 2070 3663 forte
2105 3604 2520 3663 sublimioribus
2542 3604 2650 3660 illis
2677 3604 2951 3660 mentibus
2978 3604 3209 3669 invides,
3237 3603 3517 3660 hominem
3543 3620 3676 3674 pro-

412 3699 479 3754 be
533 3704 698 3768 nosti,
749 3702 845 3772 qui
895 3713 957 3759 ut
1017 3704 1108 3761 hic
1153 3705 1331 3761 adhuc
1366 3706 1509 3762 inter
1557 3705 1766 3765 Christi
1805 3715 1996 3771 coetus,
2035 3718 2285 3775 operum,
2320 3717 2440 3772 quae
2474 3702 2559 3757 sui
2606 3711 2862 3771 tanquam
2907 3700 3113 3755 vicaria
3166 3699 3408 3769 reliquit,
3462 3714 3568 3755 usu
3622 3709 3677 3754 et

411 3798 742 3853 tractatione
790 3810 1073 3865 versatur,
1107 3800 1180 3856 ita
1226 3816 1331 3855 nec
1362 3799 1681 3856 hominibus
1732 3815 1762 3853 a
1812 3798 2017 3855 nostris
2055 3798 2218 3852 etiam
2274 3794 2474 3849 ritibus
2518 3792 2734 3858 alienis,
2776 3800 2998 3863 pr0pter
3037 3807 3332 3857 summam,
3369 3792 3551 3862 quain
3587 3807 3676 3849 eo-

409 3902 529 3941 rum
561 3903 779 3960 quoque
840 3890 1156 3960 disciplinas
1203 3891 1502 3956 incubuit,
1547 3893 1978 3954 contentionem,
2039 3890 2260 3961 ignotus
2315 3894 2417 3940 est.
2458 3884 2590 3940 Vide
2629 3885 2814 3955 igitur.
2866 3884 3320 3954 quemadmodum
3370 3883 3676 3955 quibusque

424 1158 553 1225 κοῖς
581 1160 609 1211 ὁ
639 1159 939 1231 θαυμάσιος
999 1160 1278 1231 Ὠριγένης
1321 1161 1449 1233 περὶ
1483 1163 1580 1232 τῆς
1632 1161 1999 1233 προκειμένης

409 3981 593 4037 verbis
619 3981 879 4053 Origenes
912 3984 1072 4055 281
1103 3985 1186 4039 vir
1207 3986 1296 4041 ille
1332 3987 1627 4058 singularis
1655 3986 1762 4042 hac
1789 3995 1902 4041 tota
1944 3985 2012 4040 de
2051 3998 2112 4039 re
2164 3981 2284 4038 suis
2310 3981 2368 4034 in
2405 3977 2630 4034 δεηθείη
2679 3976 3086 4032 Commentariis
3129 3985 3356 4036 statuat,
3405 3976 3675 4046 istamque

410 4071 479 4127 de
506 4072 618 4129 fato
639 4074 1063 4144 disputationem
1090 4092 1196 4145 qua
1229 4078 1443 4133 ratione
1471 4086 1785 4147 pertractet.

923 4167 1320 4223 ΚΕΦΑΛΑΙΟΝ
1369 4166 1474 4221 lA'.

422 4275 516 4344 Ὦς
538 4277 637 4332 καὶ
673 4277 793 4353 and
829 4277 937 4346 τῆς
983 4279 1103 4353 τῶν
1135 4281 1310 4353 θείων
1351 4280 1607 4353 Γραφῶν
1645 4282 1992 4353 ἐξηγήσεως

582 4365 649 4402 τε
677 4349 774 4402 καὶ
808 4351 1157 4419 μαρτυρίας,
1203 4352 1271 4404 ἐκ
1304 4351 1424 4405 τῶν
1457 4349 1804 4421 Ὠριγένοὺζι.

488 4546 507 4578 ι
540 4527 678 4622 Iis-pi
711 4524 822 4622 “:05-
842 4528 922 4622 είς
949 4530 1151 4599 σημεῖα
1192 4528 1475 4598 γεγονέναι
1515 4530 1644 4594 τοὺς
1670 4531 1984 4602 φωστῆρας,
2024 4568 2064 4622 Β

410 4617 510 4681 οὐκ
541 4617 732 4680 ἄλλους
772 4616 922 4688 ἡλίου
960 4618 1056 4671 καὶ
1085 4618 1332 4691 σελήνης,
1364 4619 1585 4674 καὶτῶν
1610 4620 1826 4693 ἄστρων
1853 4636 1986 4688 τυγ-

410 4706 691 4777 χάνοντας,
716 4706 824 4759 τῶν
852 4707 1056 4778 σφόδρα
1078 4709 1522 4777 ἀναγκαιοτάτων
1548 4710 1665 4763 ἐστὶ
1693 4708 1983 4763 διαλαϐεῖν·

412 4798 475 4851 οὐ
499 4797 658 4869 μόνον
687 4796 855 4850 ἐθνῶν
877 4797 984 4850 τῶν
1016 4797 1117 4868 τῆς
1144 4798 1382 4871 Χριστοῦ
1414 4798 1651 4862 πίστεως
1694 4798 1989 4870 ἀλλοτρίων

416 4887 795 4959 σφαλλομένων
825 4891 904 4952 εἰς
934 4887 1025 4942 τὸν
1051 4890 1177 4961 περὶ
1201 4892 1300 4962 τῆς
1332 4890 1676 4962 εἱμαρμένης
1703 4890 1886 4955 τόπον,
1923 4891 1985 4960 τῇ

409 4980 521 5035 τῶν
543 4981 891 5052 καλουμένων
921 4981 1286 5053 πλανωμένων
1318 4982 1562 5054 ἀστέρων
1606 4981 1829 5053 ἐπιλογῇ
1875 4983 1986 5052 (lli)

410 5071 549 5145 πρὸς
581 5073 707 5135 τοὺς
740 5074 798 5129 ἐν
839 5071 918 5143 τῷ
960 5071 1208 5143 ζωδιακῷ
1242 5073 1460 5127 πάντων
1491 5074 1673 5137 αὐτοῖς
1698 5073 1986 5144 νομιζομέ-

408 5181 515 5218 νων
537 5164 853 5235 συμϐαίνειν
881 5164 989 5218 τῶν
1018 5165 1111 5218 ἐπὶ
1135 5166 1234 5237 τῆς
1263 5164 1388 5235 γῆς,
1423 5165 1516 5218 καὶ
1554 5166 1661 5219 τῶν
1694 5165 1823 5237 περὶ
1856 5165 1987 5219 ἕκα-

410 5271 535 5307 στον
556 5254 653 5307 ἀνθ
662 5254 876 5324 ρώπων,
907 5253 1046 5324 τάχα
1064 5254 1121 5312 δὲ
1146 5254 1242 5307 καὶ
1272 5253 1479 5322 ἀλόγων
1513 5252 1665 5318 ζώων
1685 5271 1698 5285 ·
1717 5252 1852 5308 ἀλλὰ
1875 5252 1984 5323 γὰρ

410 5346 505 5399 καὶ
561 5345 768 5399 πολλῶν
816 5346 924 5399 τῶν
977 5344 1400 5398 πεπιστευκέναι
1454 5344 1985 5417 ὑπολαμϐανομένων

412 5438 868 5508 περισπωμένων,
919 5440 995 5510 μὴ
1044 5441 1153 5510 ἄρα
1191 5443 1532 5513 ἠνάγκασται
1583 5438 1652 5492 τὰ
1682 5435 1984 5510 ἀνθρώπιον

409 5530 736 5602 πράγματα,
767 5531 862 5584 καὶ
896 5532 1176 5603 ἀμήχανον
1222 5533 1397 5595 ἄλλως
1424 5530 1675 5601 γενέσθαι
1695 5568 1709 5594 ,
1753 5530 1787 5598 ἢ
1833 5528 1909 5592 ὡς
1934 5528 1985 5580 οἱ

475 5654 503 5685 ι
574 5643 661 5697 ἵσ.
689 5643 912 5698 τούτων.
983 5643 1125 5699 1³1σ.
1158 5645 1486 5717 βασκαίνεις.

2696 4152 2923 4208 CAPUT
2971 4152 3067 4209 XI.

2093 4272 2410 4327 Divinarum
2477 4286 2680 4341 quoque
2744 4267 3149 4338 Scripturarum
3183 4338 3192 4341 _
3219 4268 3543 4341 auctoritate
3564 4337 3585 4341 _
3608 4285 3672 4322 ac

2163 4337 2618 4409 testimonio’fat'i
2686 4341 2791 4394 vim
2845 4337 3051 4392 amnem
3106 4338 3355 4406 refutari.
3416 4337 3501 4391 Ex
3547 4337 3672 4393 Ori-

2159 4430 2301 4483 gene.

2168 4538 2187 4571 ‹
2222 4519 2377 4587 Quod
2399 4520 2489 4576 hic
2524 4520 2773 4583 habetur,
2800 4517 3002 4588 inquit,
3033 4516 3348 4582 luminaria,
3382 4533 3505 4588 quze
3536 4532 3673 4573 sane

2092 4612 2199 4666 alia
2233 4627 2341 4666 non
2397 4621 2546 4675 sunt,
2578 4626 2743 4681 quam
2777 4611 2884 4675 sol,
2918 4610 3047 4665 luna
3107 4620 3414 4680 caeteraque
3466 4610 3667 4675 sidera,

2093 4712 2349 4773 tanquam
2380 4704 2537 4775 signa
2567 4703 2815 4774 quaedam
2850 4718 2972 4758 esse
3004 4702 3299 4768 constituta
3332 4741 3346 4766 ,
3372 4702 3424 4756 id
3449 4717 3578 4757 vero
3614 4710 3671 4756 ut

2091 4796 2377 4867 diligenter
2397 4797 2717 4866 explicetur,
2734 4796 2788 4850 in
2818 4796 3010 4866 primis
3037 4797 3408 4852 necessarium
3433 4804 3535 4852 est.
3558 4792 3670 4851 Nec

2091 4886 2236 4940 enim
2265 4895 2453 4957 gentes
2497 4888 2603 4943 illae
2636 4888 2831 4951 modo,
2866 4902 2987 4957 quae
3010 4902 3040 4940 a
3072 4887 3273 4943 Christi
3321 4886 3427 4942 ﬁde
3478 4887 3669 4941 alienae

2092 4989 2242 5045 sunt,
2275 4980 2341 5034 ad
2364 4996 2508 5045 eum,
2540 4980 2630 5051 qui
2655 4979 2721 5035 de
2751 4979 2861 5034 fato
2889 4979 3213 5037 instituitur.
3287 4980 3463 5033 locum
3491 4977 3666 5032 oﬂ‘eno

2092 5069 2249 5133 dunt,
2298 5072 2444 5140 quod
2480 5087 2601 5139 quae
2632 5071 2686 5124 in
2718 5073 2878 5126 terris
2911 5071 3169 5129 eveniunt
3202 5070 3407 5135 omnia,
3438 5083 3669 5139 quaeque

2096 5160 2339 5232 singulos
2379 5162 2447 5217 ad
2495 5163 2783 5225 homines,
2842 5162 2953 5215 imo
3001 5177 3121 5230 quae
3176 5161 3241 5214 ad
3287 5161 3474 5215 brutas
3527 5177 3668 5231 quo-

2091 5268 2197 5323 que
2258 5254 2508 5309 fortassis
2548 5256 2852 5309 animantes
2892 5253 3201 5321 pertinent,
3246 5268 3309 5307 ca
3365 5252 3664 5315 stellarum,

2091 5361 2227 5415 quas
2262 5358 2512 5401 errantes
2533 5357 2928 5423 vocanttcum
2974 5347 3062 5407 iis,
3117 5360 3239 5414 qua:
3266 5344 3336 5399 ad
3382 5345 3664 5401 zodiacum

2091 5438 2514 5503 adhaerescunt,
2573 5438 2847 5492 sideribus
2897 5437 3277 5505 complexione
3326 5438 3561 5504 quadam
3614 5447 3670 5493 ct

2092 5530 2499 5600 comparatione
2557 5528 2671 5584 fieri
2724 5528 3062 5582 arbitrentur
3092 5545 3106 5581 :
3141 5528 3235 5583 sed
3285 5542 3473 5583 eorum
3500 5529 3665 5584 etiam

483 5756 954 5829 th)_’E:u.10rﬁ.
986 5757 1172 5829 rYerti,
1213 5761 1436 5829 perinde
1487 5775 1551 5813 ac
1601 5758 1648 5813 si
1709 5759 1977 5829 legeretur
2034 5757 2326 5827 ὲπιπλοκῇ,
2367 5770 2487 5825 quae
2532 5769 2636 5809 vox
2685 5753 2914 5809 habetur
2975 5753 3146 5823 infra,
3184 5769 3307 5826 pag.
3348 5754 3475 5822 285,
3511 5753 3663 5824 παρὰ

413 5823 510 5896 τὴν
540 5823 744 5882 τούτων
775 5823 929 5899 πρὸς
947 5823 1228 5902 ἀλλήλους’
1242 5829 1560 5901 ἐπιπλοκὴν.
