4162 6454
428 420 530 478 481

1609 417 1930 473 ΡῆιΕΡΑΒ.
1970 418 2222 476 EVANG.
2264 421 2392 476 LIB.
2439 421 2524 477 Vl.

3589 424 3691 479 482

421 553 533 588 των
556 533 862 605 ἐλευθέρου.
891 534 1061 604 Δῆλον
1091 534 1201 606 γάρ
1243 537 1359 588 ἐστι
1393 537 1518 598 τοὺς
1554 535 1828 597 τοιούτους
1873 537 1998 607 (18)ε

2117 540 2218 595 hac
2265 543 2316 594 in
2354 551 2488 606 vita,
2523 539 2656 594 nihil
2685 539 2909 594 omnino
2941 551 3122 595 motus
3158 539 3248 593 ille
3270 539 3441 610 possit
3478 540 3502 594 ?
3533 538 3688 595 Obli-

422 626 525 689 ὃτι,
550 625 706 694 λόγον
729 625 1126 696 ἀπαιτηθέντες
1149 627 1348 682 διδόναι
1383 629 1594 692 αὐτοῖς,
1641 630 1894 701 οὐδαμῶς
1917 631 2008 684 δυ-

421 719 696 788 νήσονται.
732 717 876 788 Πρὸς
901 717 956 770 δέ
993 721 1106 781 τοῖς
1137 718 1448 790 εἰρημένοις
1479 721 1575 772 καὶ
1598 721 1757 790 εὐχαὶ
1801 721 2005 792 παρέλ-

425 825 579 862 κουσι
605 808 784 880 μάτην
814 809 1396 880 παραλαμϐανόμεναι.
1423 811 1486 863 Εἰ
1516 811 1622 882 γάρ
1661 813 2009 882 κατηνάγκα-

427 915 550 952 σται
577 898 701 952 τάδε
729 898 850 952 τινὰ
877 897 1150 968 γενέσθαι,
1175 901 1270 953 καὶ
1299 901 1346 953 οἱ
1377 900 1506 954 am
1518 918 1606 972 ρες
1631 899 1900 964 ποιοῦσιν,
1925 903 2010 955 οὐ·

423 989 512 1042 δὲν
557 989 615 1042 δὲ
654 989 804 1060 παρὰ
849 991 947 1062 τὴν
986 991 1188 1044 τούτων
1219 991 1353 1063 πρὸς
1404 991 1667 1062 ἀλλήλους
1704 993 2006 1066 ἐπιπλοκὴν

423 1081 642 1136 δύναται
665 1082 938 1151 γενέσθαι,
969 1083 1099 1137 Θεὸν
1126 1084 1424 1152 ἀλογίστως
1447 1085 1704 1156 ἀξιοῦμεν
1732 1086 1856 1140 τάδε
1885 1087 2006 1140 τινὰ

425 1175 557 1243 ἡμῖν
583 1173 949 1245 δωρήσασθαι.
983 1175 1091 1226 Καὶ
1123 1175 1174 1227 τί
1212 1175 1304 1228 ἐπί
1332 1175 1512 1228 πλεῖον
1563 1175 1821 1246 μηκύνειν
1850 1175 2007 1244 λόγον

422 1263 522 1328 δεῖ,
558 1266 895 1336 παριστάντα
921 1266 982 1320 τὸ
1017 1268 1211 1332 ἀσεϐὲς
1233 1267 1327 1321 τοῦ
1347 1269 1833 1340 καθημαξευμένου
1867 1271 2004 1324 ἀϐα-

427 1357 690 1420 σανίστως
709 1357 860 1428 παρά
890 1361 1002 1422 τοῖς
1028 1360 1240 1422 πολλοῖς
1269 1360 1396 1432 περὶ
1425 1361 1763 1434 εἱμαρμένης
1798 1363 2003 1428 τόπους

421 1447 680 1517 Δύτάρκη
708 1447 817 1519 γὰρ
847 1450 928 1511 εἰς
960 1449 1284 1522 ὑπογραφὴν
1311 1451 1404 1504 καὶ
1430 1452 1500 1506 τά
1529 1453 1816 1524 εἰρημένα.
1835 1454 2006 1507 Πόθεν

421 1539 476 1593 δὲ
504 1539 848 1605 ἐξετάζοντες
873 1542 954 1604 τὸ,
996 1561 1014 1592 ι
1046 1544 1329 1598 Ἔστωσαν
1354 1547 1433 1608 εἰς
1465 1548 1664 1616 σημεῖα
1700 1547 1748 1598 oi
1793 1547 2007 1618 φωστῆ-

424 1647 538 1701 ρες,
582 1650 600 1682 ι
636 1631 730 1684 ἐπὶ
777 1632 948 1688 ταῦτα
993 1633 1366 1706 ἐληλύθαμεν,
1398 1637 1626 1699 ἑαυτοὺς
1675 1637 2003 1708 ὑπομνήσω-

425 1739 544 1793 μεν.
565 1725 626 1777 Oi
653 1723 1014 1794 μανθάνοντες
1040 1726 1168 1798 περί
1189 1744 1348 1780 τινων
1370 1725 1566 1796 ἀληθῆ,
1587 1729 1704 1798 ἦτοι
1741 1729 2005 1782 αὐτόπται

422 1815 530 1868 τῶν
576 1817 916 1887 πραγμάτων
947 1818 1250 1888 γενόμενοι,
1295 1819 1686 1886 ἀποφαίνονται
1733 1820 1857 1874 τάδε
1885 1821 2007 1875 τινὰ

2111 639 2268 700 gatos
2291 631 2336 684 si
2367 629 2705 696 fatebuntur,
2738 631 2879 684 hune
2903 631 3011 686 illis
3031 629 3276 701 profecto
3299 641 3444 686 astra
3465 648 3688 702 quoque

2111 738 2333 777 sensum
2365 723 2744 792 impresserint
2772 742 2784 776 :
2820 723 3064 792 adeoque
3087 739 3281 776 novam
3308 724 3376 777 de
3405 727 3690 793 superiore

2111 830 2211 869 suo
2274 814 2578 884 ﬁetitioque
2637 813 2746 868 Deo
2797 822 3055 880 mentem,
3095 814 3256 884 hujus
3327 815 3688 870 conversione

2107 906 2318 974 mundi,
2357 921 2489 961 suus
2519 906 2629 973 ille,
2655 905 2800 976 quod
2827 906 2930 976 ipsi
2986 915 3208 976 negant,
3242 905 3576 962 architectus
3610 908 3688 960 in-

2103 997 2316 1065 jecerit.
2346 995 2442 1050 Sin
2471 1005 2653 1051 autem
2679 998 2797 1066 ejus
2822 1013 2880 1053 se
2901 998 3146 1061 minime,
3191 1014 3327 1068 quas
3379 1010 3527 1051 astra
3571 1001 3688 1054 vol-

2107 1099 2262 1152 vunt,
2312 1089 2523 1159 legibus
2560 1089 2734 1142 teneri
2771 1089 3198 1158 respondebunt,
3245 1090 3296 1144 id
3327 1105 3395 1142 ne
3423 1089 3494 1144 ab
3525 1090 3588 1143 iis
3617 1100 3690 1144 te-

2107 1194 2256 1234 mere
2289 1179 2470 1248 negari
2500 1179 2804 1246 videamur,
2837 1181 3028 1248 majori
3055 1180 3241 1250 utique
3279 1181 3328 1234 vi
3364 1181 3684 1250 suﬂ‘ragium

2109 1270 2184 1324 illi
2211 1283 2458 1325 nostrum
2491 1281 2811 1341 extorquere
2836 1271 3218 1334 debent,certo
3244 1271 3562 1326 discrimine
3580 1273 3688 1325 duo

2109 1362 2247 1416 inter
2277 1363 2540 1417 mentium
2567 1377 2769 1430 genera
2791 1363 3111 1428 constituto,
3129 1378 3358 1430 quarum
3390 1363 3510 1414 alia:
3533 1373 3688 1416 ortus

2108 1453 2316 1525 fatique
2344 1456 2727 1510 necessitatem
2745 1455 2927 1510 subire
2945 1464 3232 1522 cogantur,
3255 1453 3372 1507 aliae
3389 1452 3683 1523 defugiant.

2107 1545 2220 1601 Hac
2251 1547 2396 1601 enim
2433 1563 2491 1602 se
2523 1547 2822 1617 qumstione
2855 1547 3094 1617 profecto
3131 1562 3407 1615 nunquam
3441 1546 3685 1613 explica-

2107 1639 2262 1695 bunt.
2291 1638 2371 1693 Ad
2401 1639 2516 1694 haec
2564 1655 2754 1708 preces
2791 1656 2856 1693 ac
2881 1648 3006 1693 vota
3053 1654 3391 1706 nuncupare,
3435 1655 3690 1706 superva-

2108 1745 2335 1786 Caneum
2387 1731 2546 1801 plane
2600 1731 2677 1784 ﬁt.
2710 1733 2841 1784 Nam
2875 1731 2918 1784 si
2952 1732 3066 1785 haec
3097 1731 3255 1784 illave
3303 1729 3418 1784 ﬁeri
3466 1746 3687 1786 necesse

2108 1833 2213 1890 est,
2239 1825 2490 1895 hancque
2512 1833 2657 1879 astra
2685 1827 3065 1880 necessitatem
3104 1825 3358 1892 aﬂ'etunt,
3391 1827 3553 1896 283
3588 1842 3686 1880 nee

427 1907 642 1975 ὑγειῶς,
668 1908 729 1960 τὸ
762 1907 933 1970 πάθος
965 1909 1058 1962 καὶ
1087 1908 1187 1979 τὴν
1219 1907 1496 1979 ἐνέργειαν
1528 1908 1638 1960 τῶν
1659 1909 1998 1972 πεπονθότων

2109 1914 2265 1968 aliter
2319 1931 2478 1982 quam
2508 1929 2695 1968 eorum
2749 1925 2930 1970 mutua
2989 1916 3296 1984 complexio
3325 1915 3532 1985 jnbeat,
3569 1917 3684 1971 lieri

423 1997 458 2069 ῆ
485 1999 896 2070 ἐνεργησάντων
943 1998 1288 2070 θεασάμενοι,
1321 1999 1353 2070 ἧ
1388 1999 1840 2068 ἀπαγγελλόντων
1892 2001 2000 2055 τῶν

419 2090 672 2162 οὐδαμῶς
697 2092 884 2145 αἰτίων
909 2095 1020 2155 τοῖς
1039 2093 1429 2163 γεγενημένοις
1471 2093 1830 2160 ἀκούσαντες,
1873 2097 1999 2150 τάδε

419 2181 542 2234 τινα
583 2181 940 2250 γινώσκουσιν
971 2183 1081 2256 (19)
1116 2183 1514 2258 (ὑπεξῃρήσθω
1557 2185 1614 2238 δὲ
1651 2185 1747 2239 νῦν
1789 2185 1884 2240 τοῦ
1917 2187 2002 2240 λό-

421 2291 519 2344 γου
549 2274 608 2326 τὸ
629 2273 888 2329 δύνασθαι
917 2277 1043 2339 τοὺς
1061 2275 1388 2348 δεδρακότας
1423 2275 1454 2345 ἢ
1521 2277 1854 2340 πεπονθότας
1875 2317 1889 2340 ,
1923 2278 2000 2331 δι-

421 2365 757 2438 ηγουμένους
788 2365 822 2420 ἂ
852 2366 1194 2439 δεδράκασιν,
1227 2368 1259 2438 ἢ
1289 2369 1617 2422 πεπόνθασιν
1635 2411 1650 2436 ,
1683 2369 1895 2438 ἐνάγειν
1921 2373 1998 2434 εἰς

420 2456 620 2525 γνῶσιν
651 2458 761 2511 τῶν
789 2458 1194 2530 πεπραγμένων
1227 2459 1319 2512 τὸν
1355 2459 1430 2530 μὴ
1463 2461 1995 2531 παρατετυχηκότα).

433 2549 554 2602 Ἐὰν
574 2545 666 2603 οὖν
690 2551 719 2602 ὁ
737 2549 1118 2620 διδασκόμενος
1140 2551 1244 2604 ὑπὸ
1271 2550 1363 2604 τοῦ
1397 2551 1658 2623 μηδαμῶς
1689 2552 1862 2606 αἰτίου
1891 2552 1998 2606 τῶν

417 2639 714 2710 γινομένων
734 2640 796 2693 τὸ
819 2641 946 2694 τάδε
970 2641 1092 2694 τινὰ
1122 2641 1300 2695 τοῖσδε
1333 2643 1616 2710 γεγονέναι
1637 2683 1650 2706 ,
1701 2643 1734 2714 ἦ
1785 2643 1997 2714 συμϐή-

420 2733 629 2796 σεσθαι,
663 2731 737 2804 μὴ
765 2732 1053 2804 διακρίνων
1080 2733 1191 2802 (20)
1212 2773 1227 2798 ,
1249 2734 1330 2786 ὅτι
1349 2734 1410 2786 οὐ
1441 2734 1656 2798 πάντως
1682 2734 1710 2786 ὁ
1731 2735 1998 2788 διδάσκων

417 2826 544 2898 περί
569 2843 712 2890 τινος
742 2825 818 2890 ὡς
856 2826 1148 2897 γενομένου
1170 2827 1204 2896 ἢ
1230 2827 1512 2898 ἐσομένου,
1545 2828 1719 2892 αἴτιός
1752 2831 1869 2882 ἐστι
1903 2828 1996 2883 τοῦ

414 2917 476 2971 τὸ
509 2919 741 2989 πρᾶγμα
766 2917 968 2972 τοιόνδε
992 2935 1046 2970 τι
1074 2918 1362 2988 τυγχάνειν
1383 2937 1396 2949 ·
1426 2921 1672 2992 οἰήσεται
1700 2923 1790 2976 τὸν
1815 2941 1998 2994 παρα-

419 3011 689 3080 στήσαντα
714 3009 844 3080 περὶ
875 3007 970 3062 τοῦ
1003 3009 1130 3064 τάδε
1155 3010 1278 3064 τινὰ
1307 3012 1624 3080 γεγονέναι,
1659 3012 1692 3084 ἢ
1719 3014 1844 3068 τάδε
1877 3015 1998 3068 τινὰ

417 3100 668 3166 ἔσεσθαι,
712 3101 1106 3171 πεποιηκέναι,
1143 3100 1176 3173 ἣ
1213 3104 1457 3173 ποιήσειν
1487 3103 1556 3158 τὰ
1595 3105 1721 3174 περὶ
1751 3099 1825 3160 ὧν
1856 3105 2000 3160 διδά-

417 3208 558 3257 σκει,
595 3194 838 3264 οἰήσεται
866 3191 922 3244 δὲ
963 3191 1202 3263 δηλονότι
1245 3191 1618 3264 ἐσφαλμένως.
1664 3195 1752 3259 Ὡς
1795 3195 1849 3248 εἰ
1878 3213 1994 3260 τις,

417 3282 655 3355 ἐντυχὼν
689 3285 998 3354 προφητικῇ
1029 3282 1193 3354 βίϐλῳ
1227 3283 1569 3357 προδηλούσῃ
1600 3285 1668 3338 τὰ
1695 3287 1824 3357 περὶ
1864 3286 2006 3339 Ἰού-.

414 3375 511 3430 δαν
535 3373 628 3427 τὸν
652 3373 938 3446 προδότην,
978 3375 1198 3445 νομίσαι
1235 3373 1420 3446 μαθὼν
1445 3375 1506 3428 τὸ
1536 3377 1821 3447 ἐσόμενον,
1856 3378 1998 3450 ὀρῶν

416 3467 549 3522 αὐτὸ
571 3466 1020 3538 ἀποτελούμενον,
1054 3469 1154 3538 τὴν
1176 3467 1356 3536 βίϐλον
1390 3469 1568 3522 αἰτίαν
1604 3466 1742 3524 εἶναι
1786 3471 1904 3525 τόδε
1943 3489 1996 3524 τι

415 3559 692 3629 γεγονέναι
743 3556 1002 3630 ὕστερον,
1035 3559 1156 3612 ἐπεὶ
1208 3559 1316 3612 ἀπὸ
1345 3560 1445 3630 τῆς
1477 3561 1658 3632 βίϐλου
1709 3563 1996 3634 μεμάθηκε

414 3653 484 3708 τὰ
514 3652 618 3706 ὑπὸ
655 3651 748 3706 τοῦ
796 3652 963 3706 Ἰούδα
999 3652 1422 3724 πραχθησόμενα
1462 3653 1715 3727 ὕστερον·
1761 3656 1794 3727 ἢ
1835 3657 1996 3711 πάλιν

419 3745 495 3816 μὴ
524 3743 622 3816 τὴν
647 3743 828 3814 βίϐλον
857 3743 1114 3798 ὑπολάϐοι
1146 3741 1284 3796 εἶναι
1317 3747 1518 3811 αἰτίαν,
1555 3746 1690 3801 ἀλλὰ
1720 3749 1812 3800 τὸν
1849 3749 1998 3820 πρῶ-

415 3853 506 3890 τον
532 3835 819 3907 γράψαντα
843 3835 1031 3906 αὐτὴν,
1061 3836 1094 3906 ἢ
1129 3835 1219 3890 τὸν
1244 3838 1636 3909 ἐνεργήσαντα,
1659 3838 1791 3911 φέρε
1822 3841 1996 3893 εἰπεῖν

413 3928 504 3982 τὸν
533 3927 686 3982 Θεόν.
727 3927 936 3997 ’Ὠσπερ
963 3926 1022 3980 δὲ
1050 3926 1267 3981 ἐπὶτῶν
1299 3929 1541 3999 περὶτοῦ
1585 3929 1753 3983 Ἰούδα
1785 3947 1998 4002 προφη-

413 4023 720 4096 τευομένων
758 4021 917 4076 αὐταὶ
942 4021 998 4074 αί
1035 4019 1212 4086 λέξεις
1261 4021 1642 4094 ἐξεταζόμεναι
1675 4023 1996 4095 ἐμφαίνουσι

415 4118 506 4174 τὸν
542 4115 676 4170 Θεὸν
704 4113 931 4184 ποιητὴν
971 4113 1041 4186 μὴ
1070 4116 1348 4183 γεγονέναι
1377 4115 1476 4186 τῆς
1511 4115 1605 4168 τοῦ
1653 4115 1822 4169 Ἰούδα
1859 4133 1994 4188 προ-

413 4210 618 4272 δοσίας,
651 4205 787 4261 ἀλλὰ
813 4205 972 4277 μόνον
1000 4205 1356 4278 δεδηλωκέναι
1383 4209 1768 4279 προεγνωκότα
1795 4209 1864 4262 τὰ
1889 4209 1996 4262 ἀπὸ

414 4302 514 4374 τῆς
539 4300 728 4355 τούτου
779 4298 977 4362 κακίας
1022 4297 1446 4370 πραχθησόμενα
1486 4299 1639 4371 παρά
1683 4299 1780 4372 τὴν
1829 4301 1993 4356 αὐτοῦ

416 4394 594 4448 αἰτίαν
618 4410 632 4424 ·
660 4391 836 4454 οὕτως
865 4392 917 4443 εἰ
939 4407 1024 4454 τις
1049 4390 1355 4461 ἐμϐαθύναι
1381 4390 1462 4461 τῷ
1510 4390 1652 4462 λόγῳ
1688 4393 1782 4446 τοῦ
1812 4409 1997 4465 προει-

414 4483 563 4538 δέναι
596 4483 664 4536 τά
692 4482 868 4536 πάντα
900 4481 992 4536 τὸν
1025 4481 1178 4547 Θεὸν,
1216 4481 1312 4536 καὶ
1341 4485 1455 4547 τοῖς
1479 4483 1538 4536 ἐν
1565 4477 1644 4548 οἷς
1673 4479 1783 4539 οἷον
1812 4484 1996 4540 ἐνετύ-

418 4595 569 4632 πωσε
589 4578 692 4648 τῆς
709 4575 904 4632 ἑαυτοῦ
925 4575 1286 4650 προγνώσεως
1306 4577 1432 4642 τοὺς
1469 4578 1658 4647 λόγους
1677 4617 1691 4640 ,
1729 4580 1997 4651 κατανοή-

419 4685 510 4723 σαι
539 4667 628 4732 ἂν,
660 4669 742 4722 ὃτι
763 4666 885 4722 οὔτε
907 4671 936 4722 ό
964 4669 1232 4740 προγνοὺς
1260 4668 1478 4734 πάντως
1502 4668 1674 4734 αἴτιος
1707 4670 1818 4724 τῶν
1859 4688 1994 4742 προ-

415 4762 795 4834 εγνωσμένων,
815 4760 938 4814 οὔτε
966 4759 1036 4815 τὰ
1055 4763 1179 4825 τοὺς
1196 4760 1401 4826 τύπους
1420 4761 1528 4815 τῶν
1549 4761 1719 4831 λόγων
1738 4763 1836 4834 τῆς
1863 4779 1996 4835 προ-

417 4851 672 4922 γνώσεως
712 4851 805 4905 τοῦ
840 4851 1246 4925 προεγνωκότος
1278 4849 1565 4922 δεξάμενα.
1610 4852 1731 4904 ’Ότι
1775 4853 1873 4922 μὲν
1901 4848 1994 4906 οὖν

417 4943 646 4999 ἕκαστον
666 4943 776 4996 τῶν
801 4942 1074 5014 ἐσομένων
1099 4943 1205 5014 πρὸ
1231 4942 1425 4996 πολλοῦ
1453 4938 1592 4998 οἶδεν
1623 4945 1652 4998 ὁ
1683 4943 1814 5006 Θεὸς
1833 4961 1994 5015 γενη-

419 5036 666 5109 σόμενον,
701 5037 796 5090 καὶ
823 5035 992 5108 χωρὶς
1026 5036 1123 5108 μὲν
1151 5035 1377 5108 Γραφῆς
1400 5036 1622 5090 αὐτόθεν
1665 5037 1730 5090 ἐκ
1769 5037 1867 5107 τῆς
1909 5039 1991 5090 ἐν·

419 5129 566 5195 νοίας
588 5129 690 5200 τῆς
723 5128 851 5200 περὶ
875 5127 1010 5182 Θεοῦ
1039 5127 1199 5198 δῆλον
1223 5126 1302 5198 τῷ
1327 5127 1559 5182 συνιέντι
1591 5125 1806 5200 ἀξίωμα
1835 5127 1992 5182 δυνά-

491 5382 602 5455 (18)
635 5379 832 5455 Δῆλον
856 5378 973 5455 γάρ.
993 5380 1122 5434 ἐστι
1163 5378 1306 5455 τοὺς
1345 5380 1672 5455 torpetque.
1705 5377 1868 5455 Forte
1896 5380 1994 5435 de-

419 5447 638 5508 lendum
691 5447 874 5505 fuerit'
901 5447 1025 5512 τοὺς
1069 5450 1362 5512 τοιούτους.
1392 5447 1506 5503 Nisi
1539 5450 1806 5512 dicamus,
1849 5451 1996 5508 hunc

421 5523 793 5579 accusativum
827 5535 924 5590 pro
949 5519 1285 5573 nominativo
1312 5531 1655 5590 usurpatum,
1691 5530 1751 5590 ut
1781 5520 1834 5575 in
1869 5536 1994 5576 ver-

423 5593 614 5647 borum
669 5589 968 5646 activOrum
1027 5590 1434 5644 constructione
1475 5589 1590 5642 ﬁeri
1643 5589 1822 5656 solet;
1857 5606 1908 5644 ν.
1936 5600 1990 5654 3.

423 5677 547 5717 cum
582 5662 769 5716 dicunt
807 5656 922 5714 οἶδα
964 5660 1072 5728 γάρ
1101 5675 1182 5722 σε,
1217 5659 1299 5712 ὅτι
1327 5657 1484 5711 τοῦτο
1514 5658 1795 5728 ἐποίησας,
1830 5669 1886 5713 et
1917 5663 1995 5714 si-

425 5677 547 5717 cum
582 5675 769 5716 dicunt
807 5675 922 5714 οιοα
964 5675 1037 5726 γα
1101 5675 1182 5722 σε,
1217 5675 1299 5712 οτι
1327 5675 1484 5711 τουτο
1514 5675 1795 5728 εποιησας,
1830 5675 1886 5713 et
1917 5675 1995 5714 sn-

425 5731 594 5786 milia.
625 5729 787 5784 Prius
811 5740 990 5784 tamen
1019 5675 1173 5792 iﬁnd,
1206 5729 1348 5798 apud
1393 5728 1730 5798 antiquiores
1771 5737 1826 5782 et
1849 5729 1996 5785 clas-

425 5801 591 5864 sicos,
617 5814 828 5863 vereor,
856 5808 914 5852 ιιι
940 5799 1097 5852 facile
1125 5797 1382 5866 reperias.

492 5870 604 5939 (l9)
639 5869 781 5924 Τάδε
807 5869 940 5924 τινὰ
966 5865 1389 5938 γινώσκουσιν.
1421 5865 1547 5922 Haec
1588 5867 1816 5924 omnino
1851 5886 1992 5938 παρ-

2105 2005 2398 2076 quidquam
2435 2015 2610 2076 poleSt
2643 2045 2659 2070 ,
2692 2007 2792 2061 hoc
2822 2016 2916 2060 aut
2954 2007 3082 2060 illud
3115 2009 3215 2062 abs
3259 2008 3368 2060 Deo
3392 2007 3684 2076 impetrare

2105 2095 2224 2149 sine
2264 2097 2472 2150 ratione
2531 2099 2930 2152 contendimus.
2982 2098 3087 2152 Sed
3127 2112 3388 2167 quorsum
3433 2099 3684 2166 pluribus

2103 2187 2408 2240 communis
2433 2186 2598 2257 hujus
2628 2188 2698 2242 de
2732 2187 2845 2242 fato
2891 2187 2999 2242 loci
3031 2227 3046 2252 ,
3091 2204 3252 2258 quem
3281 2188 3682 2242 inconsiderate

2101 2279 2296 2349 vulgus
2323 2280 2501 2334 adhuc
2523 2281 2803 2334 hominum
2831 2281 2998 2344 trivit,
3032 2281 3369 2348 impietatem
3397 2285 3683 2351 persequi-

2102 2373 2266 2424 mur?
2310 2369 2441 2426 Eam
2497 2373 2695 2441 quippe
2739 2371 3006 2439 superiori
3060 2372 3310 2427 oratione
3359 2372 3682 2428 informasse

2102 2468 2301 2514 satest.
2362 2459 2480 2514 Jam
2515 2475 2663 2526 vero,
2695 2462 3014 2516 cumlocum
3045 2461 3194 2516 illum
3220 2465 3676 2532 expenderemus,

2107 2569 2124 2601 ι
2162 2551 2283 2604 Sint
2311 2552 2365 2604 in
2399 2553 2556 2621 signa
2581 2551 2893 2616 luminaria,
2915 2571 2934 2604 ι
2991 2553 3454 2622 quemadmodum
3477 2555 3674 2607 ineant

2099 2643 2520 2714 diSpuIationem
2547 2645 2752 2712 delapsi
2779 2643 3069 2710 fuerimus,
3095 2646 3254 2700 nobis
3275 2647 3326 2699 in
3356 2647 3678 2700 memoriam

2100 2752 2440 2792 revocemus.
2472 2735 2576 2801 Qui
2607 2735 2692 2790 vel
2724 2736 2906 2806 aliqua
2929 2735 2995 2790 de
3021 2751 3079 2790 re
3115 2737 3227 2790 veri
3274 2752 3332 2791 ea
3363 2737 3488 2791 aliis
3521 2737 3682 2806 quid-

2099 2830 2242 2900 piam
2297 2829 2622 2901 intelligunt,
2653 2831 2736 2883 vel
2771 2830 2988 2898 ipsimet
3024 2829 3102 2880 rei
3151 2836 3314 2897 gestae
3369 2829 3565 2882 oculati
3601 2837 3681 2882 te-

2099 2929 2212 2974 stes
2254 2918 2491 2985 fuerunt,
2538 2920 2572 2972 ii
2597 2918 2844 2988 profecto
2883 2932 2997 2972 rem
3052 2919 3266 2987 aperire
3297 2919 3508 2972 sincere
3537 2919 3678 2972 inte-

2098 3025 2302 3081 greque
2334 3020 2562 3080 possunt
2593 3028 2606 3064 :
2663 3011 2865 3080 quippe
2886 3009 3002 3078 qui,
3039 3009 3123 3060 vel
3150 3008 3292 3077 quod
3320 3024 3514 3076 passus
3540 3009 3678 3063 alter

2099 3101 2282 3164 fuerit,
2306 3101 2392 3154 vel
2420 3101 2565 3171 quod
2595 3101 2735 3154 idem
2759 3097 3069 3168 per‘iccerit,
3102 3111 3194 3154 aut
3223 3100 3396 3154 oculis
3426 3100 3525 3169 ipsi
3558 3101 3677 3156 suis

2101 3193 2438 3263 usurparint,
2486 3201 2581 3247 aut
2619 3193 2852 3246 alioru‘m
2881 3192 2972 3263 qui
3014 3201 3193 3246 tamen
3218 3194 3292 3245 rei
3331 3207 3554 3246 causam
3581 3193 3678 3246 de-

2098 3284 2278 3339 derint
2301 3285 2525 3348 nullam,
2578 3284 3094 3338 commemoratione
3131 3287 3458 3352 acceperint.
3489 3287 3508 3353 (
3539 3283 3676 3338 Illud

2099 3378 2242 3431 enim
2273 3391 2406 3432 sane
2438 3378 2758 3431 omittamus
2789 3416 2805 3440 ,
2839 3375 2957 3430 ﬁeri
3001 3389 3163 3446 posse
3185 3415 3202 3440 ,
3239 3385 3298 3429 ut
3338 3375 3434 3445 qui
3467 3374 3678 3446 aliquid

2097 3465 2182 3520 vel
2201 3466 2351 3535 passi
2385 3464 2591 3520 fuerint
2619 3506 2632 3528 ,
2666 3465 2750 3520 vel
2774 3464 3024 3530 fecerint,
3061 3479 3156 3520 eos
3183 3463 3370 3530 etiam,
3408 3463 3500 3533 qui
3535 3479 3674 3534 pra:-

2101 3567 2285 3612 sentes
2313 3573 2421 3611 non
2452 3555 2822 3622 inter-fuerint,
2861 3557 3176 3611 narratione
3221 3555 3324 3626 ipsi
3367 3570 3467 3612 sua
3509 3557 3679 3612 tutius

2102 3648 2152 3702 in
2222 3648 2302 3702 rei
2352 3648 2717 3718 cognitionem
2794 3647 3148 3718 adducant.)
3205 3643 3263 3700 Si
3323 3647 3447 3716 quis
3499 3661 3628 3716 ergo
3659 3685 3674 3714 ,

2100 3754 2390 3814 postquam
2430 3743 2564 3798 certi
2621 3742 2823 3812 aliquid
2879 3752 2974 3796 aut
3005 3742 3256 3796 evenisse
3309 3739 3674 3809 quibusdam,

2097 3845 2193 3891 aut
2247 3847 2568 3892 eventurum
2614 3850 2736 3890 esse
2767 3875 2782 3900 ,
2828 3834 2898 3889 ab
2953 3834 3046 3888 illo
3093 3834 3184 3903 qui
3221 3831 3338 3901 ejus
3372 3847 3538 3886 causa
3567 3845 3675 3884 non

2097 3931 2220 3996 sit,
2273 3929 2550 3984 auditione
2615 3927 2920 3997 acceperit,
2961 3942 3068 3980 non
3120 3927 3321 3996 cogitet
3391 3924 3534 3994 apud
3593 3937 3674 3991 se,

2098 4023 2350 4092 quisquis
2400 4035 2517 4076 rem
2578 4021 2883 4089 quamlibet
2947 4027 3042 4072 aut
3082 4028 3290 4087 gestam
3352 4032 3475 4072 esse
3509 4056 3526 4081 ,
3581 4022 3680 4072 aut

2097 4124 2309 4183 gestum
2355 4113 2424 4168 iri
2475 4114 2712 4177 doceat,
2773 4128 2882 4166 non
2939 4127 3063 4166 eum
3120 4111 3381 4165 continuo
3427 4109 3675 4178 ejusdem

2106 4206 2187 4261 rei
2223 4222 2444 4262 causam
2479 4221 2599 4260 esse
2629 4206 2710 4259 :is
2728 4220 2882 4268 sane,
2911 4205 3220 4274 quicunque
3248 4203 3329 4257 vel
3354 4202 3556 4257 foetum
3575 4201 3676 4255 ali-

2096 4298 2228 4368 quid
2281 4297 2365 4352 vel
2422 4296 2667 4350 futurum
2719 4311 2840 4351 esse
2887 4297 3148 4364 aperiet,
3205 4295 3274 4348 ab
3335 4296 3528 4350 eodem
3579 4304 3676 4349 aut

2097 4391 2400 4461 profectum
2457 4389 2590 4442 illud
2644 4386 3131 4458 autprofecturum
3159 4385 3490 4455 opinabitur,
3535 4385 3673 4440 falso

2099 4491 2278 4536 tamen
2310 4479 2642 4549 cpinabitur.
2689 4477 2869 4533 Veluti
2897 4478 2940 4534 si
2966 4478 3112 4548 quis,
3147 4477 3235 4532 ubi
3269 4492 3334 4531 ex
3355 4477 3672 4548 prOphetico

2025 4599 2071 4654 ι)
2099 4572 2395 4638 volumine,
2438 4570 2582 4641 quod
2613 4568 2764 4625 Iuda:
2798 4571 3094 4640 proditoris
3133 4569 3311 4626 scelus
3333 4569 3673 4638 exitiumque

2102 4664 2437 4734 praediceret,
2456 4662 2694 4718 futuram
2745 4664 2910 4718 totius
2939 4665 3015 4718 rei
3041 4663 3241 4718 seriem
3287 4661 3670 4726 intellexisset,

2100 4752 2344 4822 adeoque
2376 4770 2498 4810 cum
2525 4753 2640 4809 suis
2666 4752 2868 4810 factum
2896 4754 3072 4824 ipsum
3129 4754 3307 4809 oculis
3346 4754 3670 4818 intueretur,

2100 4842 2241 4898 idem
2275 4843 2329 4898 in
2354 4844 2604 4899 volumen
2637 4843 2898 4900 facinoris
2927 4859 3151 4900 causam
3184 4859 3400 4900 onmem
3425 4844 3674 4912 culpam-

2099 4952 2207 5008 que
2231 4935 2504 4992 conferret
2537 4957 2550 4992 :
2581 4947 2694 5000 aut,
2720 4937 2766 4992 si
2794 4938 2981 4992 minus
3024 4936 3278 4990 volumen
3299 4975 3314 5000 ,
3345 4950 3468 4990 eum
3503 4943 3670 4998 certe,

2102 5043 2132 5082 a
2163 5045 2271 5099 quo
2305 5028 2539 5098 primum
2589 5031 2963 5100 conscriptum
3020 5029 3148 5084 illud
3189 5037 3364 5096 esset,
3413 5039 3506 5084 aut
3543 5043 3674 5084 vero

2103 5122 2271 5178 Deum
2296 5123 2492 5194 ipsum,
2519 5123 2680 5194 cujus
2707 5123 2939 5193 impulsu
2987 5137 3053 5178 ac
3090 5123 3314 5177 numine
3357 5120 3672 5192 prodiisset,

2099 5378 2276 5432 έλκειν
2308 5378 2582 5442 existimo,
2619 5395 2740 5434 cum
2771 5380 2883 5446 jam
2936 5379 3100 5448 paulo
3136 5387 3264 5433 ante
3311 5381 3673 5448 praecesserit,

2099 5448 2488 5518 ἀποφαίνονται
2519 5448 2644 5502 τάδε
2677 5451 2798 5503 τινὰ
2827 5449 3024 5517 ὑγειώς
3044 5465 3057 5478 ο
3093 5460 3183 5520 aut
3233 5450 3278 5520 si
3312 5448 3426 5504 [nec
3454 5465 3676 5520 quoque

2097 5520 2321 5640 fqetiueri
2369 5520 2570 5588 placet,
2607 5521 2952 5573 scribendum
2989 5528 3115 5572 ante
3143 5518 3308 5574 fuerit
3337 5522 3432 5574 καὶ
3461 5518 3526 5574 τὸ
3566 5518 3672 5576 πά·

2130 5605 2209 5640 oc.
2235 5599 2338 5640 etc.

2130 5605 2209 5651 ος,
2235 5599 2338 5642 etc.

2168 5659 2289 5730 (20),
2304 5657 2648 5730 Διακρίνων.
2685 5658 2806 5728 Γρ..
2831 5657 3134 5730 διακρίνοι,
3151 5659 3295 5725 quod
3329 5659 3502 5730 magis
3524 5677 3664 5730 rpro~

2097 5741 2168 5798 no
2199 5745 2212 5782 :
2246 5729 2446 5796 aliOqui
2480 5742 2605 5781 mox
2639 5739 2761 5798 pOst
2802 5729 3032 5782 alterum
3060 5728 3324 5796 οἰήσεται,
3361 5741 3454 5784 aut
3478 5728 3666 5784 δέίοΙ-

2097 5797 2314 5870 landum
2348 5798 2590 5870 videtur,
2630 5797 2725 5852 aut
2767 5800 3092 5854 sumendum
3129 5813 3228 5867 pro
3271 5799 3358 5870 δή,
3393 5801 3535 5869 quod
3568 5801 3672 5856 hoc

2097 5868 2216 5923 loco
2245 5868 2426 5923 minus
2449 5868 2703 5935 placeret.
