4162 6436
475 353 580 407 487

1115 348 1389 407 EUS‘EBII
1425 346 1913 405 CESARIENSIS
1948 346 2099 402 OPP.
2142 345 2325 400 PARS
2364 344 2427 400 ll.
2468 377 2536 386 —
2573 344 3086 402 APOLOGETICA.

3629 347 3740 405 488

471 472 661 540 Jarob,
696 483 751 529 et
770 473 936 529 Israel
965 474 1196 528 electum
1230 489 1435 537 meum,
1462 487 1563 541 ego
1619 472 1828 527 vocabo
1853 480 1903 524 te
1959 485 2054 524 no-

2160 466 2317 538 κριοῦ
2351 466 2421 519 τὰ
2443 466 2651 536 κέρατα
2685 465 2917 536 ἔχοντος,
2949 457 3009 517 οὗ
3051 460 3192 517 εἶδον
3239 464 3474 527 ἑστῶτος
3521 462 3754 520 ἐνώπιον

474 567 621 621 mine
653 575 765 632 tuo,
800 577 853 620 et
888 566 1181 634 suscipiam
1229 574 1279 618 te
1313 564 1378 618 3".
1424 584 1442 616 ι
1489 563 1566 617 Ex
1609 564 1676 617 iis
1726 564 1870 618 enim
1928 563 2056 630 qui-

472 656 555 709 vis
588 671 814 725 prorsus
846 656 1129 725 intelligat,
1168 655 1369 726 Cyrum
1417 658 1470 709 in
1521 658 1641 726 ejus
1685 657 1868 726 pepuli
1928 672 2056 726 gra-

474 750 625 811 tiam,
657 764 818 817 quem
858 758 936 802 tot
970 749 1250 802 beneﬁciis
1284 748 1560 813 affecerat,
1607 761 1666 803 ut
1700 748 2054 802 Hebraeorum

473 838 727 909 pietatem
784 854 850 891 ac
906 839 1223 908 religionem
1278 839 1583 908 ignoraret,
1631 855 1659 892 a
1715 838 1824 892 Deo
1873 849 2055 892 tamen

472 926 712 995 gentium
746 927 1106 995 plurimarum
1144 929 1434 997 imperium
1464 930 1765 996 accepisse.
1802 932 1980 998 Atque
2004 929 2055 981 id

472 1018 785 1073 Grmcorum
820 1021 1007 1086 etiam,
1039 1022 1132 1089 qui
1159 1037 1244 1075 res
1277 1020 1426 1090 Cyri,
1457 1038 1617 1087 quem
1654 1023 1915 1091 propheta
1966 1036 2055 1074 ce-

473 1112 625 1174 cinit,
655 1114 937 1166 memoria:
970 1115 1352 1182 prodiderunt,
1395 1114 1613 1169 auferre
1660 1115 1862 1182 possis.
1912 1113 2053 1179 Quin

472 1206 637 1257 etiam
684 1204 826 1272 apud
878 1206 1175 1263 Danielum,
1227 1221 1337 1275 quo
1393 1216 1631 1275 tempore
1661 1205 2053 1275 Babylonicum

472 1294 703 1349 ﬂorebat
761 1296 1093 1365 imperium,
1149 1295 1674 1351 Nabuchodonosori
1745 1297 2053 1351 futurorum

472 1385 730 1454 deinceps
766 1387 1120 1455 imperiorum
1147 1387 1329 1442 oblata
1365 1390 1575 1457 species
1598 1399 1700 1443 est.
1731 1390 1879 1443 Auro
1904 1390 2057 1458 quip-

471 1494 538 1548 pe
570 1478 1016 1549 Babyloniorum,
1051 1480 1343 1534 Persarum
1398 1490 1645 1549 argento,
1700 1481 2055 1537 Macedonum

472 1586 599 1633 aare,
629 1569 775 1623 ferro
805 1572 1042 1639 denique
1096 1571 1472 1627 Romanorum
1507 1574 1919 1640 significabatur
1954 1574 2057 1627 im-

473 1663 703 1732 perium.
743 1663 819 1715 Ac
851 1679 1045 1718 rursus
1083 1665 1224 1717 idem
1264 1666 1524 1733 propheta
1569 1665 1636 1718 de
1688 1664 1849 1719 Dario
1893 1666 2057 1720 simul

471 1764 527 1809 et
556 1755 886 1819 Alexandro,
921 1772 1020 1810 nec
1053 1773 1158 1811 non
1192 1758 1258 1811 de
1289 1768 1528 1827 quatuor
1552 1758 1842 1811 Alexandri
1878 1757 2055 1812 Mace-

2156 559 2250 611 τοῧ
2291 558 2474 611 υύϐἀλ
2502 558 2637 627 (53),
2667 559 2762 610 καὶ
2802 558 3003 628 ἔδραμε
3030 557 3163 627 πρὸς
3189 556 3352 609 αὑτὸν
3393 556 3621 610 ἐνώπιον
3652 558 3753 629 τῆς

2160 651 2344 721 ἰσχύος
2393 651 2581 705 αὑτοῦ.
2643 652 2751 703 Kal
2806 647 2944 702 εἶδον
3001 650 3162 703 αὑτὸν
3200 650 3472 719 φθάνοντα
3525 650 3630 713 ἓως
3655 650 3750 704 τοῦ

2156 742 2332 814 κριοῦ,
2374 744 2466 795 καὶ
2522 742 2830 813 ἐξηγριώοη
2861 741 2997 811 πρὸς
3042 742 3225 805 αὐτὸν,
3278 743 3372 795 καὶ
3417 742 3609 794 ἔπαισε
3658 742 3753 797 τὸν

2156 837 2328 907 κριὸν,
2361 837 2455 889 καὶ
2505 836 2825 907 συνέτριψεν
2864 836 3150 905 ἀμφότερα
3191 834 3260 888 τὰ
3310 835 3517 907 κέρατα
3561 834 3749 899 αὑτοῦ,

2156 929 2250 982 καὶ
2274 929 2372 980 οὐκ
2392 925 2460 998 ἦν
2491 928 2649 998 ἰσχὺς
2678 928 2754 997 τῷ
2776 927 2915 998 κριῴ
2940 928 3130 997 στῆναι
3158 927 3389 981 ἐνώπιον
3428 928 3613 991 αὐτοῦ,
3653 927 3751 981 καὶ

2155 1017 2378 1089 ἕρριψεν
2399 1018 2559 1070 αὑτὸν
2586 1018 2678 1069 ἐπὶ
2708 1018 2805 1087 τὴν
2833 1017 2959 1086 γῆν,
2991 1018 3086 1069 καὶ
3143 1017 3515 1085 συνεπάτησεν
3556 1016 3746 1068 αὐτόν·

2156 1111 2247 1163 καὶ
2283 1110 2382 1161 οὐκ
2405 1105 2472 1179 ἦν
2492 1110 2521 1160 6
2549 1108 2932 1179 ἐξαιρούμενος
2965 1108 3054 1160 τὸν
3082 1108 3235 1177 κριὸν
3267 1110 3327 1159 ἐκ
3356 1108 3535 1178 χειρὸς
3559 1107 3747 1161 αὐτοῦ.

2156 1202 2265 1254 Καὶ
2314 1203 2342 1252 6
2376 1202 2579 1271 τράγος
2622 1199 2729 1251 τῶν
2782 1200 2953 1267 αἰγῶν
2996 1198 3340 1270 ἐμεγαλύνϐη
3376 1200 3479 1262 ἓως
3514 1200 3744 1271 σφόδρα’

2156 1294 2251 1345 καὶ
2302 1295 2357 1344 ἐν
2381 1293 2460 1363 τῷ
2493 1293 2710 1363 ἰσχῦσαι
2741 1295 2923 1357 αὐτὸν,
2961 1294 3248 1365 συνετρίϐη
3283 1292 3343 1347 τὸ
3372 1294 3537 1364 κέρας
3582 1292 3748 1345 αὑτοῦ

2154 1385 2216 1438 τὸ
2240 1385 2381 1453 μέγα
2400 1402 2413 1415 °
2447 1388 2540 1439 καὶ
2569 1386 2735 1456 ἀνέὸη
2764 1387 2929 1457 ’ἐτερα
2962 1387 3167 1457 κέρατα
3195 1387 3450 1439 ὑποκάτω
3476 1385 3640 1438 αὑτοῦ
3667 1386 3749 1449 εἰς

2156 1478 2282 1539 τοὺς
2314 1476 2587 1547 τέσσαρας
2618 1478 2852 1547 ἀνέμους
2876 1478 2969 1531 τοῦ
3000 1478 3254 1549 οὐρανοῦ.
3283 1479 3393 1530 Καὶ
3420 1479 3483 1529 ἐκ
3513 1476 3605 1529 τοῦ
3629 1477 3748 1539 ἐνὸς

2159 1567 2382 1637 ἐξῆλθεν
2421 1570 2589 1640 κέρας
2614 1570 2670 1621 ἓν
2703 1571 2941 1640 ἰσχυρὸν,
2978 1570 3435 1641 καὶέμεγαλύνθη
3473 1569 3746 1640 περισσῶς

2159 1662 2296 1732 πρὸς
2320 1661 2413 1713 τὸν
2442 1662 2594 1713 νότον
2619 1662 2713 1713 καὶ
2750 1661 3018 1732 τὴννδὺσιν
3050 1662 3180 1729 ('56).
3226 1679 3246 1710 ›
3279 1662 3344 1712 Τί
3369 1660 3425 1711 δὲ
3456 1660 3536 1712 δεῖ
3570 1659 3748 1727 λέγειν

2156 1755 2257 1819 τὰς
2290 1756 2419 1826 περὶ
2452 1755 2689 1825 Χριστοῦ
2713 1756 3081 1825 προᾳητεξας,
3109 1749 3220 1807 οἷον
3273 1753 3437 1806 τόπον
3481 1753 3748 1821 γενέσεως

473 1846 678 1901 donum
710 1849 851 1917 regis
878 1850 1313 1914 successoribus,
1347 1850 1574 1919 ipsoque
1604 1848 1918 1911 Ptolenneo,
1960 1851 2053 1919 qui

2157 1849 2322 1903 αὑτοῦ
2357 1848 2625 1919 Βηθλεὲμ,
2658 1849 2751 1901 καὶ
2786 1849 2951 1901 τόπον
2976 1847 3284 1917 ἀνατροφῆς
3308 1844 3473 1899 αὐτοῦ
3496 1845 3745 1916 Νάζαρα,

474 1934 693 2006 Egypti
723 1953 947 2006 regnum
981 1942 1172 2002 tenuit,
1212 1939 1410 2008 cuique
1461 1939 1589 2009 Lagi
1627 1949 2053 2009 cognomentum

473 2026 596 2088 fuit,
648 2026 919 2094 ejusmodi
969 2028 1187 2096 reliquit
1217 2030 1502 2083 oraculum
1557 2046 1571 2081 :
1628 2047 1647 2080 ‹
1690 2028 1828 2083 Ecce
1872 2039 2055 2084 autem

476 2118 665 2171 hircus
729 2132 1019 2186 caprarum
1077 2120 1328 2173 veniebat
1402 2121 1470 2174 ab
1533 2122 1833 2187 occidente,
1892 2136 2057 2190 super

475 2206 669 2263 faciem
744 2211 913 2264 totius
982 2219 1170 2276 terrae;
1201 2220 1254 2265 et
1296 2212 1443 2265 venit
1496 2228 1670 2282 usque
1713 2214 1780 2267 ad
1829 2224 2054 2268 arietem

474 2301 629 2354 illum
684 2312 1087 2364 cornutum,et
1145 2303 1327 2357 hircus
1395 2304 1629 2358 habebat
1683 2320 1854 2358 cornu
1913 2306 2055 2360 inter

475 2391 670 2445 oculos
734 2406 901 2454 suos,
943 2406 1101 2460 quem
1139 2393 1383 2447 videram
1452 2404 1688 2448 stantem
1733 2404 1858 2450 ante
1892 2395 2050 2461 Ubal,

474 2492 529 2537 et
576 2486 821 2538 cucurrit
890 2485 957 2538 ad
1006 2500 1132 2539 eum
1182 2486 1237 2538 in
1285 2486 1489 2554 impetu
1548 2487 1885 2543 fortitudinis
1915 2504 2049 2543 suae.

472 2572 541 2628 Et
572 2576 682 2629 vidi
726 2591 849 2629 eum
881 2579 1284 2644 pervenientem
1325 2593 1499 2646 usque
1567 2580 1633 2632 ad
1684 2580 1935 2646 arietem,
1999 2590 2054 2636 et

2160 1942 2256 1994 καὶ
2285 1943 2364 2004 εἰς
2394 1940 2668 2009 Αἴγυπτον
2700 1939 3068 2012 ἀναχώρησιν,
3101 1940 3194 1992 καὶ
3226 1939 3510 2008 τεράστια,
3539 1936 3575 1991 ἃ.
3602 1938 3752 1989 ἑποί-

2161 2049 2282 2103 ησε,
2317 2034 2411 2085 καὶ
2445 2033 2565 2086 τινα
2595 2033 2796 2103 τρόπον
2827 2032 2932 2085 ὑπὸ
2975 2032 3143 2085 Ἰούδα
3187 2030 3282 2083 τοῦ
3314 2032 3394 2094 εἰς
3449 2028 3750 2099 ἀποστολὴν

2161 2124 2499 2195 κεκλημένου
2525 2126 2786 2197 προεδόθη
2815 2142 2828 2188 ;
2854 2126 3038 2179 Πάντα
3060 2125 3167 2196 γὰρ
3195 2124 3368 2177 ταῦτα
3402 2122 3605 2192 σημεῖά
3635 2123 3749 2173 ἐστι

2161 2219 2262 2289 τῆς
2286 2217 2379 2270 τοῦ
2409 2218 2543 2270 Θεοῦ
2572 2217 2952 2285 προγνώσεως.
2994 2217 3154 2269 Ἀλλὰ
3176 2217 3268 2269 καὶ
3297 2215 3460 2279 αὐτὸς
3489 2217 3517 2267 6
3536 2212 3745 2284 Σωτὴρ,

2168 2326 2187 2359 ι
2223 2310 2410 2370 Ὅταν,
2467 2308 2664 2379 φησὶν,
2722 2308 2867 2378 ἴδητε
2896 2307 3272 2377 κυκλουμένην
3316 2306 3421 2359 ὑπὸ
3454 2305 3749 2375 στρατοπέ-

2159 2399 2263 2453 δων
2287 2400 2386 2470 τὴν
2425 2398 2799 2469 Ἰερουσαλὴμ,
2832 2399 2954 2450 τότε
2978 2397 3285 2466 γνώσεσθε,
3325 2398 3408 2449 ὃτι
3456 2397 3685 2467 ἤγγικεν
3713 2397 3747 2467 ἡ

2159 2492 2440 2562 ἐρήμωσις
2470 2491 2658 2561 αὐτῆς.
2706 2510 2726 2543 ι
2765 2492 3002 2561 Προεῖπε
3044 2490 3152 2560 γὰρ
3215 2490 3280 2542 τὸ
3335 2489 3559 2559 ὕστερον
3607 2506 3747 2559 συμ-

2161 2583 2417 2655 ϐεϐηκὸς,
2471 2584 2533 2636 τὸ
2590 2584 2742 2647 τέλος
2799 2585 2897 2655 τῆς
2948 2584 3307 2654 κατασκαφῆς
3371 2582 3742 2655 Ἰερουσαλήμ.

474 2666 731 2724 eﬂ'eratus
772 2678 857 2722 est
902 2669 955 2722 in
997 2683 1144 2734 eum,
1200 2678 1255 2722 et
1302 2671 1571 2739 percussit
1623 2673 1873 2739 arietem,
1940 2683 1993 2728 et
2061 2676 2386 2729 comminuit
2451 2676 2559 2730 duo
2618 2692 2822 2731 cornua
2894 2677 3034 2745 ejus,
3099 2688 3149 2730 et
3198 2690 3306 2729 non
3346 2684 3561 2745 poterat
3603 2675 3743 2729 aries

474 2761 729 2814 resistere
799 2761 872 2822 ei,
924 2774 1161 2830 cumque
1210 2775 1335 2814 cum
1390 2763 1631 2817 misisset
1683 2764 1735 2816 in
1809 2774 2032 2829 terram,
2105 2767 2448 2821 conculcavit
2512 2785 2527 2821 :
2580 2777 2634 2821 et
2694 2782 2857 2819 nemo
2884 2767 3075 2835 quibat
3116 2766 3348 2819 liberare
3417 2766 3641 2819 arietem
3677 2763 3743 2819 de

474 2867 640 2906 manu
717 2851 857 2921 ejus.
935 2852 1133 2908 Hircus
1189 2865 1372 2909 autem
1446 2871 1736 2925 caprarum
1815 2873 2045 2928 magnus
2110 2857 2288 2914 factus
2340 2869 2425 2915 est
2479 2860 2644 2914 nimis
2703 2877 2716 2914 :
2766 2874 3002 2929 cumque
3054 2859 3336 2918 crevisset,
3383 2855 3614 2910 fractum
3665 2865 3744 2910 est

471 2962 644 3002 cornu
704 2947 825 3017 ejus
873 2963 1131 3018 magnum
1182 2967 1195 3001 :
1243 2958 1297 3003 et
1344 2959 1464 3003 orta
1510 2961 1638 3004 sunt
1700 2951 1808 3006 alia
1879 2967 2087 3007 cornua
2127 2953 2314 3007 subter
2367 2954 2498 3007 illud
2536 2969 2631 3023 per
2688 2962 2927 3023 quatuor
2976 2960 3169 3006 ventos
3209 2950 3354 3004 caeli.
3388 2948 3461 3003 De
3517 2964 3626 3003 uno
3651 2963 3744 3001 au-

473 3050 580 3095 tem
648 3055 715 3095 ex
775 3042 854 3097 eis
890 3058 1170 3111 egressum
1224 3052 1309 3098 est
1350 3060 1523 3099 cornu
1578 3062 1750 3100 unum
1803 3046 1961 3112 forte,
2013 3056 2069 3103 et
2116 3049 2320 3103 factum
2366 3057 2451 3103 est
2504 3049 2710 3119 grande
2746 3048 2900 3103 valde
2932 3057 3123 3103 contra
3181 3045 3487 3110 meridiem,
3514 3054 3567 3098 et
3596 3042 3746 3099 occi-

471 3138 688 3192 dentem
711 3136 779 3191 ⁸⁸.
842 3158 861 3191 ι
924 3139 1065 3204 Quid
1117 3138 1207 3193 bic
1252 3150 1644 3209 prophetarum
1703 3143 1769 3196 de
1816 3143 2039 3197 Christo
2083 3144 2203 3214 ipso
2252 3159 2416 3198 voces
2471 3154 2524 3197 et
2564 3143 2786 3198 oracula
2826 3142 3287 3197 commemorem?
3334 3139 3409 3194 De
3465 3139 3733 3193 Bethlehe

473 3245 584 3296 mo,
647 3231 737 3285 ubi
771 3242 956 3299 natus,
1008 3235 1076 3287 de
1124 3237 1452 3297 Nazaretho,
1511 3250 1604 3291 um
1657 3238 1923 3293 educatus
1970 3248 2083 3306 est;
2126 3240 2590 3309 quemadmodum
2643 3241 2697 3294 in
2748 3239 3042 3311 Egyptum
3092 3237 3400 3301 secesserit,
3437 3252 3559 3304 quae
3588 3235 3752 3288 mira-

472 3323 592 3377 cula
638 3323 949 3393 perfecerit,
992 3329 1268 3393 quomodo
1301 3329 1467 3400 286
1515 3328 1689 3396 Juuae,
1753 3346 1915 3400 quem
1984 3335 2359 3402 apostolorum
2426 3336 2480 3389 in
2536 3349 2829 3388 numerum
2885 3341 3228 3402 aggregarat,
3282 3326 3567 3397 perfidiam
3619 3341 3743 3395 pro-

472 3413 847 3485 ditionemque
889 3418 1156 3473 subierit?
1199 3417 1411 3485 Quibus
1462 3436 1529 3474 ex
1589 3422 1848 3477 omnibus
1906 3436 2053 3477 certe
2092 3425 2313 3493 quidem
2351 3426 2586 3480 illustria
2641 3426 2840 3479 divina!
2890 3421 3245 3492 praenationis
3303 3427 3619 3486 argumenta
3645 3417 3747 3469 dn-

473 3518 697 3565 cuntur.
729 3513 954 3567 Accedit
978 3514 1094 3583 ipsa
1130 3529 1348 3583 quoque
1375 3514 1683 3572 Servatoris
1719 3520 2044 3585 auctoritas,
2086 3520 2217 3574 dum
2287 3521 2361 3575 ita
2420 3521 2661 3590 loquitur
2684 3538 2730 3572 ιι
2779 3516 2919 3571 Cum
2972 3514 3217 3567 videritis
3246 3510 3637 3565 circumdatam
3674 3507 3740 3563 ab

471 3610 804 3664 exercuibus
891 3607 1248 3677 Hierusalem,
1317 3623 1446 3666 tunc
1518 3614 1729 3681 scietis,
1805 3615 1937 3685 quia
2014 3617 2473 3686 appropinquavit
2541 3614 2811 3669 desolatio
2861 3612 2980 3680 ejus
3011 3608 3077 3661 ³⁸.
3134 3627 3152 3659 ι
3204 3606 3300 3660 llis
3360 3604 3504 3659 cnim
3562 3601 3738 3658 verbis

473 3705 603 3774 quid
658 3705 915 3774 deinceps
967 3704 1211 3759 futurum
1257 3716 1441 3773 esset,
1489 3708 1594 3763 hoc
1660 3721 1743 3764 est
1789 3727 2107 3781 supremum
2168 3711 2648 3782 Hierosolymitani
2716 3708 2917 3763 excidii
2987 3706 3149 3758 finem
3225 3703 3542 3770 exitumque
3603 3713 3737 3769 prae-

476 3796 637 3850 dixit.

551 3909 569 3943 ι
615 3890 735 3945 Jam
775 3907 922 3955 vero,
954 3894 1211 3963 quoniam
1254 3896 1395 3951 hanc
1425 3897 1478 3951 in
1530 3897 1638 3952 Deo
1666 3901 2041 3968 praenoscendi
2070 3921 2114 3979 ο

475 3981 587 4035 vim
628 3981 792 4037 certis
827 3983 1007 4037 adlmc
1049 3987 1388 4054 argumentis
1438 3989 1800 4053 ostendimus,
1846 3991 2050 4060 juverit

474 4073 752 4142 deinceps,
784 4076 1243 4143 quemadmodum
1289 4086 1435 4131 astra
1469 4078 1751 4148 signorum
1792 4082 1913 4136 loco
1965 4084 2049 4137 in-

418 4176 429 4183 ‘
477 4165 663 4220 stituta
689 4166 820 4232 sint,
847 4167 1139 4236 explicare.
1168 4168 1533 4223 Statucndum
1578 4172 1741 4242 igitur
1775 4174 1828 4228 in
1858 4175 2050 4243 primis

473 4270 578 4325 est,
614 4261 885 4331 ejusmodi
933 4261 1206 4317 sideribus
1254 4264 1591 4334 assignatum
1646 4281 1712 4321 ac
1763 4267 2049 4321 definitum

545 4418 595 4453 “
632 4418 734 4475 lsa.
775 4434 898 4485 ην,
925 4420 947 4472 l
978 4435 1129 4492 seqq.
1206 4422 1252 4454 ³⁸
1293 4423 1428 4477 Dan.
1455 4438 1574 4487 vm,
1597 4424 1631 4478 5
1652 4438 1805 4494 seqq.

548 4581 659 4654 (35)
706 4580 981 4635 Ἐνώπιον
1021 4581 1128 4634 τοῦ
1149 4581 1366 4654 Οὺὸᾴλ.
1397 4581 1496 4637 Hic
1526 4590 1578 4636 et
1596 4598 1738 4637 vers.
1770 4583 1803 4637 '5
1827 4582 2055 4652 Septua-

476 4644 996 4732 ginta'llebraicam
1037 4677 1225 4714 vocem
1266 4644 1419 4732 5318»
1460 4662 1856 4730 retinuere,qui
1892 4644 2051 4719 versu

476 4730 718 4786 secundo
743 4738 1038 4795 verterant,
1080 4732 1170 4783 ἐπὶ
1203 4731 1299 4801 τῆς
1334 4730 1505 4798 πύλης
1532 4732 1719 4792 Οὑλαῖ,
1748 4747 1858 4800 quo
1889 4734 2052 4789 modo

477 4801 793 4873 Hieronym.
845 4813 1284 4873 superuportnnt,
1329 4802 1431 4864 vel,
1481 4811 1848 4873 antepartum
1900 4802 2051 4873 ῌΙαὶ,

477 4873 570 4940 qui
605 4871 782 4926 tamen
814 4887 956 4925 vers.
987 4871 1053 4944 εὖ,
1098 4871 1344 4944 paludem
1380 4872 1624 4944 reddere
1671 4872 1880 4944 maluit.
1918 4872 2060 4944 Ergo

480 4955 774 5012 utrumque
826 4957 929 4994 vox
984 4941 1074 4995 illa
1127 4942 1488 5012 significabat,
1536 4942 1785 5009 paludem
1819 4959 1913 4996 seu
1954 4941 2059 5010 [Iit-

478 5016 641 5074 vium,
670 5011 810 5067 unde
843 5013 1091 5065 fortassis
1116 5011 1341 5081 paludes
1372 5011 1437 5064 iis
1467 5012 1518 5063 in
1547 5014 1793 5080 partibus
1821 5015 2057 5067 exsiste-

478 5093 619 5145 rent,
653 5093 706 5136 et
737 5094 970 5152 portam,
1010 5098 1117 5151 qua
1163 5082 1361 5135 ﬂuvius
1410 5091 1887 5152 rectaipeteretur.
1927 5082 2050 5137 Flu-

478 5152 599 5223 vius
645 5151 745 5207 hic
782 5152 903 5207 Ulai
949 5153 1131 5223 (qUem
1187 5152 1371 5205 nescio
1415 5166 1514 5204 cur
1557 5151 1796 5206 Grazeor.
1830 5151 2051 5223 Biblior.

483 5219 699 5291 Regior.
728 5219 1001 5290 interpres,
1024 5238 1164 5277 vers.
1187 5223 1221 5275 2
1244 5222 1295 5274 in
1312 5223 1506 5274 atrium
1527 5223 1861 5287 mutaverit),
1878 5222 2055 5277 Plinio

479 5292 575 5345 lib.
605 5309 676 5354 vn,
703 5308 821 5360 cap.
847 5292 938 5355 27,
974 5292 1206 5355 Eulwus,
1240 5292 1382 5344 ailini
1408 5308 1537 5346 sane
1563 5293 1839 5347 vocabulo.

554 5362 662 5431 (⁸56)
692 5363 799 5416 Καὶ
846 5362 960 5429 τὴν
1001 5362 1198 5414 δύσιν.
1241 5362 1496 5430 Septuag.
1536 5362 1785 5429 interpr.,
1814 5362 1966 5416 νότον
1998 5372 2052 5417 et

476 5431 649 5503 δύσιν,
679 5432 923 5486 inserunt
953 5434 1047 5484 καὶ
1081 5433 1216 5503 πρὸς
1248 5432 1530 5502 ἀνατολήν.
1575 5432 1885 5503 llieronym.
1922 5436 2049 5486 item

480 5517 547 5555 ex
576 5498 717 5554 Hebr
764 5515 879 5570 post
918 5498 1207 5567 meridiém,
1244 5504 1420 5565 addit,
1451 5498 1505 5555 et
1540 5513 1723 5555 contra
1756 5498 2045 5566 Orientem,

479 5573 629 5641 quod
658 5572 843 5641 utique
876 5574 1179 5641 addendum
1223 5575 1309 5625 hic
1353 5573 1534 5625 fuerit.
1565 5573 2047 5641 Antiochusenim

481 5640 816 5712 Epiphanes,
880 5640 1229 5695 Ptolemaeum
1267 5641 1750 5712 “Philometorem,
1826 5640 2047 5712 Aigypti

483 5726 684 5782 regem,
735 5710 977 5779 adeoque
1018 5722 1187 5766 totam
1234 5710 1527 5782 {Egyptqu
1554 5753 1569 5776 ,
1614 5728 1735 5779 quin
1776 5710 2044 5782 πρὺςτὴν

478 5778 699 5842 Συοίαν,
729 5778 1097 5838 meridionalis
1120 5790 1222 5847 est,
1258 5778 1518 5848 pertinaci
1552 5778 1845 5838 acerbitate
1880 5778 2045 5836 vexa-

2224 3921 2241 3951 ι
2267 3894 2747 3965 Ἀποδεδειγμένου
2772 3894 2949 3946 τοίνυν
2973 3893 3105 3961 ἡμῖν
3124 3890 3249 3960 περὶ
3268 3885 3361 3941 τοῦ
3381 3885 3739 3957 προγνώστην

2158 3990 2296 4047 εἶναι
2316 3993 2406 4045 τὸν
2428 3990 2582 4054 Θεὸν,
2612 3990 2712 4042 οὐκ
2739 3989 3002 4061 ἀκαίρως,
3029 3981 3535 4055 ἴναδιηγησὼμεοα,
3562 3980 3675 4043 πῶς
3697 3979 3738 4032 7i

2155 4087 2381 4157 ἀστέρες
2412 4084 2652 4152 γίνονται
2679 4084 2757 4145 εἰς
2799 4084 3017 4151 σημεῖα.
3066 4080 3300 4149 Νοητέον
3334 4077 3460 4136 τοὺς
3506 4073 3737 4141 ἀστέρας

2155 4179 2298 4231 οὕτω
2326 4176 2583 4247 τετάχθαι
2615 4174 2903 4238 κινεῖσθαι,
2935 4171 3457 4242 ὲναντιοφορούντων
3494 4165 3601 4217 τῶν
3642 4179 3735 4214 κα-

2157 4272 2434 4343 λουμένων
2482 4269 2850 4341 πλανωμένων
2880 4271 2993 4332 τοῖς
3026 4265 3346 4325 ἀπλανέσιν,
3410 4259 3495 4311 ἵνα
3540 4258 3735 4327 σημεῖα

1880 4424 1926 4456 ³⁸
1960 4421 2091 4479 Luc.
2129 4441 2206 4490 ιι,
2232 4424 2323 4480 20.

2162 4593 2242 4646 vit
2277 4610 2289 4645 :
2320 4602 2434 4646 tum
2458 4590 2733 4645 Orientem
2774 4602 2987 4661 versus,
3011 4580 3402 4661 HinP_ersidem_
3419 4578 3738 4661 vicinasque

2159 4661 2370 4719 Persidi
2424 4664 2672 4731 regiones
2703 4646 2983 4713 incubuit.
3008 4655 3112 4709 Sed
3147 4656 3270 4731 loco
3312 4650 3407 4731 τοῦ
3442 4648 3600 4731 ,ξτρὸς
3630 4646 3737 4727 διξ-

2163 4751 2300 4797 σιν,
2337 4721 2856 4799 ἱίὶθηιυιιιυτοιιγιιιη
2898 4738 2945 4780 et
2995 4721 3635 4799 contra__[ortitudinenti
3681 4721 3734 4768 in

2166 4789 2330 4858 Hebr.
2359 4812 2478 4865 ’33.
2516 4817 2637 4870 quae
2666 4789 2793 4860 γὼς,
2826 4812 2950 4870 cum
2986 4789 3401 4870 vulgodillustre
3433 4789 3636 4870 aliquid
3673 4803 3735 4841 ac

2163 4876 2307 4929 votis
2339 4862 2593 4928 omnibus
2637 4868 2994 4937 expetendum
3027 4862 3331 4934 significare
3354 4862 3585 4937 dicatur,
3620 4867 3733 4910 tum

2164 4947 2328 4999 etiam
2376 4930 2730 5011 utplurimum
2790 4936 2998 5011 Iudaea}
3046 4930 3321 5011 tribuitur.
3371 4930 3736 5011 Hieronymus

2164 4998 2408 5080 εὐδοξίαν
2440 4998 2605 5065 ’ἱιιδιιι
2661 5008 2774 5080 hoc
2818 5008 2938 5061 loco
2987 5006 3269 5067 intellexit,
3314 5017 3435 5080 quae
3470 4998 3736 5080 singulari

2161 5100 2228 5138 ex
2283 5071 2602 5137 fortitudine
2655 5078 2949 5145 colligitur,
2992 5071 3517 5146 quamqucdttdmis
3552 5071 3734 5121 divina

2160 5157 2324 5207 etiam
2356 5154 2554 5204 virtute
2584 5148 2751 5221 septis
2781 5141 3221 5221 attribuit._Quid
3261 5144 3305 5198 si
3347 5141 3607 5221 duonhree
3636 5146 3734 5194 ’13

2159 5233 2214 5277 et
2264 5231 2401 5287 ω,
2433 5236 2540 5273 non
2586 5212 2739 5271 vocis
2767 5220 2951 5281 modo,
2983 5218 3076 5271 sed
3121 5217 3285 5269 etiam
3316 5212 3734 5287 significationis

2087 5295 2129 5349 D
2160 5280 2474 5347 allinitatem
2530 5289 2767 5355 aliquam
2816 5298 2870 5341 et
2903 5280 3734 5349 coinmuniouem,'Hieronymo

2159 5375 2343 5416 notam
2378 5358 2660 5415 habuere?
2683 5357 2928 5411 Judazam
2950 5371 3147 5428 porro,
3182 5355 3508 5428 Antiochus,
3543 5360 3603 5401 ut
3632 5362 3732 5428 no-

2160 5433 2434 5487 tissimum
2483 5439 2584 5489 est,
2634 5428 2895 5498 inusitato
2938 5425 3122 5498 furore
3172 5425 3426 5483 vastavit,
3473 5431 3635 5498 atque
3670 5425 3731 5498 in

2156 5503 2391 5571 ipsomet
2437 5498 2673 5571 templo,
2707 5496 2856 5553 Jovis
2890 5497 3133 5571 Olympii
3181 5498 3396 5571 signum
3427 5492 3730 5571 collocavit.

2156 5519 2170 5554 1
2215 5518 2391 5556 somet
2437 5518 2673 5567 tempto,
2707 5518 2856 5553 JOVIS
2903 5518 3133 5568 Utyntplt
3181 5518 3396 5565 Signum
3427 5518 3730 5544 cuuuwuu.

2155 5518 2297 5637 (fuid
2332 5569 2681 5640 Septuaginta
2731 5569 2904 5623 secuti
2956 5571 3112 5643 sint,_
3146 5583 3272 5643 cum
3300 5560 3599 5643 __6_6sw_,_.id
3627 5568 3732 5622 est,

2155 5630 2491 5696 occidentem
2514 5630 2813 5711 vverterunt,
2856 5654 2966 5711 non
3013 5638 3148 5711 satis
3185 5636 3449 5711 iiuclligo.
3478 5630 3705 5711 Hieroso

2154 5711 2296 5781 lyma
2350 5721 2496 5766 certe
2540 5699 2951 5780 (ιυὶαεωίπρός
2991 5725 3055 5777 γε
3087 5707 3186 5780 τὴν
3223 5699 3446 5777 Συρίαν,
3481 5699 3733 5758 occident-

2154 5782 2311 5837 talior
2336 5791 2438 5837 est.
