4166 6406
380 342 486 398 ι89

1542 338 1862 395 ΡΒΛΕΡΑΒ.
1905 334 2162 391 EVANG.
2207 337 2335 392 LIB.
2384 336 2470 391 VI.

3536 342 3645 398 ιθο

377 458 485 512 ἀπὸ
509 457 603 511 τοῦ
626 456 1001 529 σχηματισμοῦ
1029 458 1139 511 τῶν
1167 458 1433 529 ἀστέρων,
1455 457 1674 511 πάντων
1698 456 1808 510 τῶν
1832 456 1959 528 περὶ

2062 441 2184 510 esse
2208 464 2440 522 motum,
2474 464 2535 511 ut
2575 470 2699 527 quae
2722 455 2963 511 errantia
2991 456 3152 527 vulgo
3186 458 3465 527 dicuntur,
3496 438 3655 516 viain"

377 549 606 604 ἕκαστον
632 550 952 621 γινομένων,
983 552 1077 603 καὶ
1101 550 1208 603 τῶν
1228 550 1458 603 καθόλου
1491 550 1856 621 λαμϐάνοντες
1876 565 1961 617 γι-

376 640 698 708 νώσκωσιν,
734 644 858 714 οὐχὶ
897 645 947 697 οἰ
994 644 1271 715 ἄνθρωποι
1296 642 1510 714 (πολλῷ
1550 644 1662 713 γὰρ
1694 641 1877 715 μεῖζον
1925 643 1959 712 ἢ

377 734 522 788 κατά
554 734 844 806 ἄνθρωπον
868 735 930 788 τὸ
947 734 1205 789 δύνασθαι
1233 735 1376 790 κατά
1400 735 1656 806 ἀλήθειαν
1684 734 1963 805 ἐκλαμϐά-

377 841 489 879 νειν
514 826 622 880 ἀπὸ
639 827 740 896 τῆς
767 828 1032 897 κινήσεως
1058 826 1165 880 τῶν
1194 828 1443 899 ἀστέρων
1472 828 1541 881 τὰ
1570 826 1697 898 περὶ
1731 826 1958 880 ἑκάστου

376 917 487 971 τῶν
538 917 821 972 ὁτιποτοῦν
872 919 1236 990 ἐνεργούντων
1263 919 1296 991 ἢ
1328 918 1646 990 πασχόντων
1680 924 1718 988 ),
1754 918 1869 973 ἀλλ’
1903 918 1960 970 αἰ

377 1009 653 1078 δυνάμεις,
688 1008 755 1073 ἀς
784 1010 1078 1079 ἀναγκαῖον
1113 1010 1200 1064 διὰ
1235 1010 1407 1064 πολλὰ
1438 1009 1611 1064 ταῦτα
1649 1008 1958 1078 γινώσκειν,

378 1100 454 1164 ὡς
481 1101 621 1154 κατά
652 1099 881 1172 δύναμιν
907 1101 994 1154 διὰ
1017 1101 1124 1154 τῶν
1150 1102 1279 1173 ἑξῆς
1310 1101 1577 1172 δείξομεν.
1610 1101 1868 1164 Συνέντες
1900 1100 1959 1154 δὲ

379 1194 427 1246 οἱ
460 1191 737 1264 ἄνθρωποι
782 1192 847 1245 ἐκ
893 1209 1054 1245 τινων
1088 1195 1391 1265 τηρήσεων,
1423 1192 1575 1264 ἢκαὶ
1607 1194 1671 1246 ὲκ
1705 1192 1961 1247 διδασκα-

380 1284 504 1346 λίας
551 1283 801 1352 ἀγγέλων
842 1283 939 1355 τὴν
980 1284 1112 1338 ἰδίαν
1144 1284 1296 1350 τάξιν
1336 1285 1798 1356 παραϐεϐηκότων
1821 1324 1835 1348 ,
1867 1286 1961 1338 καὶ

380 1372 472 1425 ἐπὶ
495 1375 562 1443 τῇ
590 1371 683 1425 τοῦ
727 1373 919 1441 γένους
967 1374 1122 1446 ήμῶν
1165 1376 1418 1449 ἐπι-τριϐῇ
1453 1375 1778 1442 διδαξάντων
1831 1377 1961 1447 περὶ

378 1463 584 1517 τούτων
623 1464 766 1530 τινὰ,
802 1466 1061 1538 ᾠήθησαν
1089 1469 1215 1532 τοὺς
1238 1469 1330 1538 ἀφ’
1364 1463 1439 1522 ὧν
1477 1468 1547 1521 τὰ
1586 1472 1787 1539 σημεῖα
1824 1468 1962 1524 οἷον·

379 1573 468 1610 ται
492 1555 808 1628 λαμϐάνειν,
841 1558 1048 1623 αἰτίους
1076 1561 1341 1633 ὑπάρχειν
1366 1563 1590 1627 τούτων,
1616 1562 1651 1616 ἃ
1675 1563 1961 1633 σημαίνειν

379 1648 407 1700 6
446 1648 603 1716 λόγος
629 1650 795 1718 φησί’
828 1652 956 1722 περὶ
989 1647 1062 1705 ὧν
1096 1652 1190 1706 καὶ
1219 1654 1399 1707 αὐτῶν
1426 1693 1441 1717 ,
1479 1653 1554 1718 ὡς
1601 1657 1659 1707 ὲν
1700 1656 1957 1727 ἐπιτομῇ,

380 1740 521 1793 κατά
571 1740 799 1812 δύναμιν
845 1743 1266 1816 ἐπιμελέστερον
1314 1745 1518 1809 εὐθέως
1564 1746 1956 1817 διαληψόμεθα.

2063 547 2184 602 fixis
2211 548 2321 603 illis
2350 559 2515 618 atque
2546 549 2932 603 constantibus
2969 549 3131 620 plane
3176 544 3512 610 contrariam
3555 564 3638 608 te-

2062 647 2247 693 neant.
2281 638 2339 694 Id
2365 639 2511 710 quod
2538 654 2604 694 eo
2634 639 2868 695 consilio
2907 639 3111 695 factum
3143 651 3247 707 est,
3277 653 3337 700 ut
3383 660 3451 700 ex
3484 646 3638 703 vario

2061 738 2334 784 astrorum
2378 731 2510 798 situ,
2553 746 2894 802 eorum,qua2
2925 733 3123 802 partim
3155 735 3406 805 singulis,
3439 739 3637 804 partim

2061 818 2114 872 in
2164 820 2483 876 universum
2522 822 2802 888 eveniunt,
2854 822 3010 892 signa
3059 826 3309 894 quaedam
3358 827 3636 895 hauriant,

2063 924 2172 963 non
2206 911 2321 980 jam
2354 911 2609 967 homines
2646 922 2795 966 certe
2827 913 3046 981 quidem
3077 914 3167 985 (ex
3192 915 3284 970 illa
3316 918 3463 972 enim
3494 920 3639 974 side-

2059 1016 2181 1054 rum
2214 1005 2597 1071 conversione,
2627 1005 2891 1075 quidquid
2923 1016 3018 1061 aut
3043 1005 3240 1061 facturi
3273 1008 3476 1079 singuli
3501 1012 3634 1078 sint,

2060 1099 2151 1145 aut
2181 1093 2421 1161 passuri,
2447 1109 2572 1149 vere
2609 1110 2673 1150 ac
2688 1103 2838 1150 certo
2867 1096 3190 1167 intelligere,
3222 1112 3403 1168 operae
3424 1110 3510 1156 est
3530 1103 3637 1156 hu-

2060 1198 2255 1237 manas
2277 1185 2426 1239 vires
2458 1185 2618 1255 longe
2642 1188 2985 1258 multumque
3015 1190 3371 1261 superantis),
3410 1192 3505 1247 sed
3538 1210 3639 1248 na-

2062 1282 2197 1329 turae
2225 1274 2329 1329 ilhc
2354 1277 2691 1345 superiores,
2722 1294 2860 1347 quas
2893 1280 3144 1348 pluribus
3175 1294 3311 1336 sane
3341 1282 3409 1335 de
3453 1286 3640 1340 causis

2059 1380 2179 1419 eam
2215 1365 2269 1419 in
2304 1369 2669 1438 cognitionem
2693 1369 2878 1424 venire
2903 1385 3126 1426 necesse
3150 1380 3256 1435 est,
3284 1372 3363 1425 uti
3383 1374 3639 1445 deinceps

2059 1471 2158 1526 pro
2207 1468 2371 1527 captu
2420 1471 2609 1515 nostro
2643 1460 3170 1518 demonstrabimus.
3223 1464 3488 1522 Homines
3541 1481 3640 1521 au-

2060 1557 2191 1613 tem,
2221 1549 2368 1619 quod
2421 1551 2684 1606 nonnulla
2730 1553 2784 1607 id
2811 1568 3003 1623 genus,
3037 1555 3121 1609 vel
3164 1556 3638 1615 observationibus

2060 1643 2413 1712 quibusdam,
2437 1645 2522 1699 vel
2546 1646 2885 1717 angelorum,
2918 1648 3013 1718 qui
3045 1664 3171 1704 cum
3207 1665 3340 1707 suos
3364 1652 3468 1722 ipsi
3499 1652 3636 1708 fines

2063 1732 2444 1803 transilierint,
2486 1743 2599 1789 tum
2633 1738 2852 1807 generis
2900 1738 2954 1794 iu
2999 1740 3172 1815 nostri
3199 1742 3496 1811 perniciem
3530 1743 3638 1798 ista

379 1833 739 1903 Προκείσεται
760 1834 935 1889 τοίνυν
958 1834 1132 1888 ταῦτα
1151 1836 1221 1888 τὰ
1243 1837 1604 1909 προϐλήματα
1621 1853 1635 1867 ·
1660 1838 1806 1902 Πῶς,
1829 1855 1959 1909 προ-

2063 1825 2372 1893 docuerint,
2413 1825 2801 1884 informatione
2830 1830 3153 1899 didicerint;
3212 1848 3403 1889 eorum
3448 1835 3637 1903 siutut,

379 1921 621 1990 γνώστου
650 1922 801 1987 ὄντος
843 1923 903 1988 ἐξ
933 1924 1128 1990 αἰῶνος
1159 1925 1253 1978 τοῦ
1273 1926 1408 1979 Θεοῦ
1436 1926 1692 1997 περὶτῶν
1717 1928 1806 1996 ὑφ’
1836 1928 1962 1983 ἑκά·

383 2031 508 2067 στου
544 2015 878 2086 πράττεσθαι
904 2015 1296 2088 νομιζομένων,
1331 2018 1392 2072 τὸ
1425 2020 1509 2088 ἐφ’
1541 2021 1671 2089 ήμίν
1696 2018 1958 2084 σώζεταιο

381 2108 492 2160 Καὶ
519 2107 642 2160 τίνα
663 2106 862 2179 τρόπον
892 2110 941 2163 oi
971 2109 1198 2179 ἀστέρες
1220 2109 1320 2163 οῦκ
1348 2112 1453 2163 εἰσι
1483 2111 1756 2179 ποιητικοὶ
1780 2110 1885 2164 τῶν
1905 2113 1962 2165 ἐν

380 2199 721 2270 ἀνθρώποις,
767 2203 1091 2272 σημαντικοὶ
1127 2202 1185 2255 δὲ
1211 2202 1390 2273 μόνον.
1437 2204 1546 2256 Καὶ
1570 2205 1652 2256 ὅτι
1685 2204 1961 2274 ἄνθρωποι

381 2291 481 2360 τὴν
508 2292 636 2364 περὶ
671 2291 875 2346 τούτων
902 2292 1103 2361 γνῶσιν
1132 2292 1375 2364 ἀκριϐῶς
1407 2293 1552 2363 ἔχειν
1582 2294 1641 2347 οὐ
1684 2294 1958 2360 δύνανται,

381 2379 517 2433 ἀλλὰ
545 2380 834 2452 δυνάμεσιν
862 2381 1161 2452 ἀνθρώπων
1209 2382 1482 2454 κρείττοσι
1514 2382 1586 2437 τὰ
1627 2388 1830 2455 σημεῖα
1870 2384 1960 2439 ἐκ·

383 2487 576 2525 κειται.
611 2472 707 2535 Τίς
738 2472 901 2544 γάρὴ
926 2474 1073 2526 αἰτία
1102 2473 1195 2527 τοῦ
1227 2474 1296 2527 τά
1323 2477 1526 2547 σημεῖα
1554 2476 1645 2529 τὸν
1691 2477 1822 2530 Θεὸν
1863 2495 1961 2531 πε-

384 2561 665 2631 ποιηκέναι
697 2562 777 2624 εἰς
801 2561 1001 2629 γνῶσιν
1022 2563 1127 2616 τῶν
1155 2563 1458 2635 δυνάμεων,
1490 2566 1748 2638 τέταρτον
1782 2566 1961 2634 ἐξετα-

382 2651 655 2722 σθήσεται.
688 2653 797 2706 Καὶ
822 2653 1000 2709 τοίνυν
1036 2654 1232 2725 ἴδωμεν
1258 2655 1321 2709 τὸ
1353 2657 1568 2728 πρῶτον
1588 2698 1603 2722 ,
1643 2658 1781 2730 ὅπερ
1802 2660 1961 2715 εὐλα-

380 2740 636 2806 ϐηθέντες
672 2743 855 2798 πολλοὶ
878 2744 988 2799 τῶν
1027 2745 1315 2817 Ἑλλήνων,
1347 2749 1581 2819 οἰόμενοι
1612 2751 1960 2823 κατηναγκά-

382 2835 505 2890 σθαι
528 2836 598 2890 τὰ
630 2838 954 2910 πράγματα,
990 2841 1085 2893 καί¹
1118 2841 1180 2893 τὸ
1206 2842 1290 2911 ἐφ’
1327 2843 1458 2913 ἡμῖν
1489 2843 1753 2915 μηδαμῶς
1789 2843 1959 2909 σώζε-

381 2928 525 2995 σθαι,
555 2930 604 2982 εἰ
635 2931 664 2983 ὁ
688 2930 819 2995 Θεὸς
848 2930 1209 3003 προγινώσκει
1235 2932 1306 2986 τά
1341 2934 1623 3004 μέλλοντα,
1661 2936 1853 3002 ἀσεϐὲς
1877 2937 1962 2991 δό-

378 3037 499 3092 γμα
525 3021 828 3094 ἐτόλμησαν
850 3023 1207 3090 ἀναδέξασθαι
1239 3025 1457 3095 μᾶλλον,
1487 3026 1519 3097 ἢ
1556 3027 1851 3098 προσέσθαι
1877 3029 1957 3096 τὸ,

380 3111 456 3176 ὥς
481 3130 644 3182 φασιν
672 3115 889 3178 ἐκεῖνοι,
916 3113 1124 3181 ἔνδοξον
1155 3114 1255 3186 μὲν
1288 3117 1416 3187 περὶ
1448 3116 1604 3183 Θεοῦ,
1629 3118 1886 3190 ἀναιροῦν
1903 3119 1961 3173 δὲ

378 3205 441 3259 τὸ
470 3206 554 3275 ἐφ’
584 3206 735 3277 ἡμῖν,
763 3207 858 3260 καὶ
880 3206 968 3259 διά
996 3206 1153 3260 τοῦτο
1184 3207 1403 3261 ἔπαινον
1430 3209 1523 3262 καὶ
1550 3209 1736 3279 ψόγον,
1779 3212 1873 3264 καὶ
1901 3212 1962 3265 τὸ

381 3293 490 3348 τῶν
520 3295 730 3365 ἀρετῶν
758 3296 1083 3360 ἀπόδεκτον,
1118 3297 1226 3351 τῶν
1256 3315 1317 3351 τε
1343 3299 1549 3352 κακιῶν
1578 3299 1798 3370 ψεκτόν.
1852 3301 1963 3356 Καί

383 3402 546 3454 φασιν
565 3426 580 3452 ,
627 3388 676 3439 εί
727 3387 787 3452 ἐξ
819 3386 1012 3450 αἰῶνος
1050 3388 1190 3457 ἔγνω
1217 3391 1245 3443 6
1267 3389 1398 3454 Θεὸς
1428 3391 1579 3445 τόνδε
1611 3393 1732 3447 τινὰ
1768 3394 1964 3465 ἀδική-

386 3493 519 3543 σειν,
554 3479 648 3532 καὶ
682 3479 806 3533 τάδε
825 3479 1046 3551 ποιῆσαι
1072 3480 1406 3554 ἀδικήματα,
1431 3482 1667 3556 ἀψευδὴς
1695 3485 1753 3539 δὲ
1777 3485 1966 3558 ήγνῶ-

384 3586 466 3633 σις
488 3569 579 3623 τοῦ
601 3570 757 3638 Θεοῦ,
786 3573 880 3625 καὶ
902 3573 1118 3637 πάντως
1138 3573 1290 3626 ἔσται
1310 3574 1494 3640 ἄδικος
1522 3579 1762 3648 ποιήσων
1783 3590 1809 3619 ι
1835 3578 1961 3632 τάδε

384 3660 451 3714 τὰ
481 3661 823 3734 ἀδικήματα,
862 3667 891 3717 ό
925 3665 1166 3729 τοιοῦτος
1197 3662 1338 3721 εἶναι
1380 3669 1837 3741 προεωραμένος⁸
1869 3672 1963 3725 καὶ

383 3753 660 3825 ἀμήχανον
694 3755 767 3825 μὴ
815 3754 1094 3828 ἀδικήσειν
1139 3756 1301 3812 αὑτὸν
1323 3797 1339 3824 ,
1369 3759 1815 3830 κατηνάγκασται
1846 3763 1908 3815 τὸ
1934 3763 1961 3802 δ

382 3845 660 3917 ἀδικήσειν
689 3847 882 3914 αὐτὸν,
930 3850 1024 3902 καὶ
1053 3849 1314 3906 ἀδύνατον
1342 3851 1495 3906 ἔσται
1528 3853 1657 3908 ἄλλο
1676 3871 1727 3907 τι
1757 3854 1961 3926 πρᾶξαι

381 3937 541 3991 αὑτὸν
583 3938 617 4010 ἢ
662 3939 799 4011 ὅπερ
831 3940 860 3992 6
912 3940 1046 4005 Θεὸς
1077 3940 1236 4010 ἔγνω.
1274 3944 1338 3997 El
1366 3943 1425 3997 δὲ.
1453 3944 1713 3999 ἀδύνατον
1759 3946 1886 4002 ἄλλο
1907 3964 1961 4000 τι

382 4028 588 4100 πρᾶξαι
622 4030 806 4095 αὑτὸν,
835 4032 1011 4096 οὐδεὶς
1028 4033 1085 4087 δὲ
1112 4034 1378 4088 ἀδύνατον
1405 4035 1479 4106 μὴ
1512 4037 1744 4106 ποιήσας
1764 4022 1969 4106 ψεκτός

382 4120 518 4187 ἐστι,
557 4122 733 4193 μάτην
762 4122 1064 4195 αἰτιώμεθα
1091 4126 1218 4189 τοὺς
1246 4126 1483 4190 ἀδίκους,
1514 4126 1622 4181 ἀπὸ
1642 4127 1701 4181 δὲ
1726 4128 1820 4183 τοῦ
1843 4130 1960 4183 ἀδί-

382 4226 479 4263 κου
512 4210 608 4264 καὶ
636 4210 746 4264 τῶν
774 4211 1125 4282 ἀδικημάτων
1150 4212 1473 4284 ἐπέρχονται
1502 4214 1596 4267 καὶ
1623 4214 1715 4267 ἐπὶ
1737 4214 1809 4268 τά
1828 4214 1962 4269 ἄλλα

381 4300 770 4374 ἁμαρτήματα.
807 4298 941 4357 Εἶτα
971 4305 1035 4357 ἐκ
1060 4304 1152 4358 τοῦ
1181 4305 1422 4358 ἐναντίου
1464 4307 1558 4359 καὶ
1593 4306 1662 4359 τά
1694 4316 1717 4343 ο
1746 4304 1962 4376 νομιζό-

386 4409 524 4463 μενα
564 4393 995 4466 κατορθώματα·
1041 4394 1137 4449 καί
1169 4412 1332 4464 φασιν
1380 4394 1692 4449 ἀκολουθεῖν
1723 4395 1785 4448 τὸ
1811 4394 1838 4434 ἀ
1870 4395 1961 4448 τὸν

2063 1936 2296 1990 quorum
2326 1923 2780 1992 significationem
2805 1924 2873 1981 iis
2900 1923 3181 1996 Scriptura
3210 1929 3423 1995 tribuit,
3450 1940 3641 1986 aucto-

2062 2023 2150 2064 res
2182 2010 2307 2066 illos
2333 2025 2454 2065 esse
2485 2021 2837 2081 putaverunt,
2887 2029 2917 2069 a
2938 2015 3138 2085 quibus
3168 2031 3232 2071 ea
3266 2032 3328 2073 se
3354 2020 3638 2089 percipere

2062 2100 2216 2169 signa
2250 2101 2564 2157 credebant.
2589 2100 2706 2171 Qua
2733 2103 2799 2158 de
2822 2119 2881 2160 re
2903 2106 3216 2161 summatim
3237 2123 3453 2179 quoque
3473 2112 3639 2180 paulo

2062 2200 2203 2262 post,
2236 2193 2329 2248 sed
2360 2207 2546 2249 tamen
2602 2210 2703 2265 pro
2752 2204 2941 2251 nostra
2977 2195 3238 2255 facultate
3264 2200 3555 2271 diligenter
3582 2212 3640 2260 et

2061 2294 2318 2341 accurate
2343 2284 2771 2356 disputabimus.
2814 2288 2989 2359 Atque
3020 2291 3135 2346 haec
3179 2301 3342 2348 erunt
3375 2295 3639 2365 quaestio-

2061 2377 2146 2433 nis
2186 2377 2451 2433 instituta:
2483 2379 2691 2449 capita.
2736 2378 2840 2447 Qui
2886 2381 3006 2436 ﬁeri
3055 2385 3252 2453 possit,
3299 2391 3359 2440 ut
3400 2402 3528 2442 cum
3572 2403 3640 2444 ea

2059 2484 2182 2539 quae
2211 2485 2240 2523 a
2275 2485 2494 2541 quoque
2524 2470 2643 2526 fieri
2674 2482 2968 2527 censentur
2995 2475 3204 2542 omnia,
3227 2490 3294 2531 ex
3318 2478 3469 2532 omni
3491 2477 3636 2534 Deus

2060 2560 2362 2616 aeternitate
2393 2561 2743 2631 praenoverit,
2779 2576 2879 2616 sua
2918 2572 3101 2616 tamen
3146 2563 3412 2618 voluntati
3440 2573 3640 2620 nostra:

2060 2655 2145 2710 vis
2176 2663 2527 2726 potestasque
2561 2663 2828 2711 servetur.
2858 2653 3148 2721 Quomodo
3173 2671 3356 2711 rerum
3392 2658 3636 2722 illarum,

2059 2762 2183 2817 quae
2209 2747 2491 2801 hominum
2526 2746 2711 2817 generi
2735 2747 3012 2813 eveniunt,
3036 2747 3192 2818 signa
3212 2747 3434 2816 quidem
3458 2748 3638 2804 sidera

2061 2837 2193 2900 sint,
2233 2852 2415 2892 causa:
2459 2851 2588 2891 vero
2633 2835 2878 2891 minime.
2931 2834 3300 2902 Quamobrem
3346 2845 3550 2892 certam
3584 2845 3641 2893 et

2059 2927 2385 2997 exquisitam
2417 2925 2668 2980 homines
2693 2924 3011 2979 earumdem
3051 2939 3233 2978 rerum
3266 2924 3634 2996 cognitionem

2061 3019 2262 3073 habere
2284 3032 2396 3072 non
2418 3014 2656 3086 possint,
2694 3016 2785 3070 sed
2811 3015 3024 3070 naturis
3053 3015 3293 3070 humana
3331 3014 3633 3086 superiori-

2061 3112 2165 3167 bus
2189 3110 2468 3181 pr0posita
2497 3109 2651 3179 signa
2681 3108 2771 3162 illa
2799 3108 2929 3162 sint.
2966 3105 3103 3162 Nam
3141 3122 3408 3177 quorsum
3443 3107 3637 3164 iisdem

2063 3219 2127 3258 ex
2181 3201 2353 3272 signis
2383 3198 2592 3270 aliquid
2642 3207 2867 3254 naturas
2901 3197 3022 3253 illas
3051 3197 3384 3267 cognitionis
3416 3196 3641 3254 haurire

2061 3290 2317 3357 voluerit,
2345 3298 2542 3359 quarto
2578 3288 2801 3344 demum
2831 3288 2952 3341 loco
2981 3301 3315 3356 quaeremus.
3345 3285 3642 3344 Ordiamur

2062 3401 2091 3439 a
2122 3385 2322 3455 primo,
2349 3383 2405 3437 iu
2430 3396 2539 3452 quo
2569 3381 2698 3437 dum
2724 3382 2997 3436 cautiores
3023 3394 3145 3435 esse
3180 3377 3497 3437 Graecorum
3521 3382 3640 3453 ple-

2062 3476 2218 3546 rique
2246 3475 2464 3540 vellent,
2497 3473 2756 3545 quodque
2790 3474 2837 3529 si
2870 3473 2982 3528 Deo
3011 3470 3323 3528 futurorum
3363 3475 3638 3544 praenotio

2063 3568 2415 3633 tribueretur,
2438 3566 2546 3621 vim
2575 3565 2741 3621 rebus
2771 3563 2961 3620 inferri
2991 3573 3266 3635 putarent,
3295 3578 3361 3621 ac
3384 3566 3642 3621 volunta-

2064 3657 2134 3711 tis
2165 3663 2367 3710 nostraa
2389 3655 2515 3725 jura
2538 3654 2752 3718 violari,
2779 3653 3048 3709 nefarium
3075 3654 3416 3726 impiumque
3441 3654 3642 3726 dogma

2062 3745 2341 3816 suscipere
2379 3759 2604 3809 temere,
2640 3744 2803 3815 287
2837 3751 3004 3815 quam
3055 3745 3286 3801 alterum
3342 3744 3474 3801 illud
3509 3760 3641 3817 pro-

2061 3838 2193 3892 bare
2216 3837 2552 3901 maluerunt,
2576 3837 2724 3908 quod
2758 3840 2866 3892 Deo
2903 3836 3150 3908 quidem,
3176 3846 3238 3891 ut
3268 3837 3374 3908 ipsi
3403 3836 3643 3907 loquun-

2061 3938 2170 3993 tur,
2197 3929 2381 4001 gloria:
2401 3929 2640 3996 cederet,
2670 3944 2861 3983 verum
2887 3928 3100 3984 arbitrii
3130 3928 3305 3983 nostri
3335 3928 3448 3982 vim
3482 3936 3538 3984 et
3560 3927 3638 3983 fa-

2061 4021 2316 4075 cultatem
2354 4028 2642 4087 everteret,
2674 4020 2972 4104 simulque.
2994 4019 3228 4091 proinde
3261 4034 3484 4075 omnem
3515 4036 3642 4083 cum

2060 4113 2223 4168 laude
2253 4113 2729 4182 vituperationem,
2757 4120 2812 4166 et
2839 4111 3107 4182 quidquid
3137 4118 3234 4165 aut
3275 4119 3359 4165 est
3390 4111 3642 4181 comple-

2061 4205 2317 4260 ctendum
2352 4205 2408 4258 in
2442 4205 2661 4269 virtute,
2691 4212 2787 4258 aut
2834 4203 2891 4257 in
2935 4202 3068 4256 vitio
3107 4200 3638 4270 reprehendendum.

2062 4295 2376 4361 Enimvero,
2405 4295 2452 4350 si
2485 4295 2632 4349 hunc
2659 4302 2754 4349 aut
2781 4294 2934 4349 illum
2967 4294 3111 4348 Deus
3134 4291 3466 4361 iniuriosum
3492 4289 3644 4345 futu-

2063 4405 2207 4453 rum,
2234 4389 2280 4444 si
2307 4388 2408 4443 has
2437 4398 2528 4443 aut
2562 4388 2684 4442 illas
2732 4386 2965 4456 injurias
2992 4384 3277 4439 illaturum
3326 4398 3395 4439 ex
3427 4383 3643 4438 aeterni-

383 4485 516 4540 Θεὸν
543 4487 611 4541 τὰ
640 4487 898 4559 μέλλοντα
925 4488 1327 4561 προεγνωκέναι
1351 4488 1429 4559 τῷ
1464 4499 1489 4528 ο
1514 4488 1589 4560 μὴ
1609 4487 1868 4543 δύνασθαι
1894 4486 1959 4541 τά

2066 4493 2176 4539 tate
2207 4482 2480 4553 cognovit,
2513 4495 2616 4535 nec
2661 4478 2775 4533 falli
2820 4478 3087 4548 praeuotio
3115 4476 3302 4533 divina
3334 4482 3514 4546 potest
3547 4491 3560 4529 :
3595 4476 3644 4529 is

383 4574 469 4645 ἐφ’
498 4577 631 4647 ήμῖν
662 4574 949 4641 σώζεσθαι.
991 4579 1135 4649 Πρὸς
1157 4576 1250 4641 οὓς
1271 4577 1509 4641 λεκτέον,
1547 4578 1629 4631 ὅτι
1656 4575 1958 4631 ἐπιϐάλλων

382 4667 411 4720 ὁ
443 4667 573 4732 Θεὸς
602 4671 670 4740 τῇ
702 4671 843 4741 ἀρχῇ
870 4668 970 4739 τῆς
1003 4670 1388 4742 κοσμοποιίας,
1423 4669 1637 4733 οὐδενὸς
1664 4668 1905 4723 ἀναιτίου
1935 4665 1954 4705 ί

382 4760 688 4831 γινομένου,
722 4762 1108 4832 ἐπιπορεύεται
1137 4760 1218 4832 τῷ
1254 4760 1331 4833 νῷ
1365 4761 1594 4815 ἕκαστον
1622 4760 1734 4815 τῶν
1760 4759 1956 4830 ἐσομέ-

381 4870 507 4919 νων,
541 4852 682 4926 ὁρῶν
705 4892 720 4917 ,
749 4853 865 4920 ὅτι,
889 4854 1013 4907 ἐπεὶ
1058 4853 1173 4907 τόδε
1207 4853 1418 4923 γέγονε,
1448 4853 1565 4907 τόδε
1597 4852 1787 4906 ἕπεται
1811 4870 1826 4885 ο
1861 4851 1956 4908 ἐὰν

270 5006 279 5015 ⁸
381 4942 437 5005 δὲ
467 4942 692 5014 γένηται
711 4942 828 4996 τόδε
865 4943 926 4997 τὸ
950 4943 1237 5015 ἑπόμενον,
1267 4943 1385 4997 τόδε
1405 4943 1689 5001 ἀκολουθεί
1709 4960 1721 4973 ·
1747 4938 1807 4997 οῦ
1823 4943 1956 4997 ὑπο-

384 5031 627 5098 στάντος,
645 5032 763 5085 τόδε
782 5031 934 5087 ἔσται
953 5051 966 5064 ·
992 5035 1086 5087 καὶ
1100 5033 1241 5088 οὓτω
1261 5035 1423 5108 μέχρι
1452 5035 1638 5100 τέλους
1676 5033 1786 5088 τῶν
1815 5052 1955 5107 πρα-

381 5123 608 5193 γμάτων
636 5124 1040 5196 ὲπιπορευθεὶς,
1071 5121 1211 5179 οἶδεν
1231 5125 1267 5180 ἀ
1298 5125 1471 5191 ἔσται,
1499 5127 1560 5180 οὐ
1592 5126 1807 5191 πάντως
1826 5126 1956 5181 ἑκά-

383 5222 494 5285 στῳ
532 5214 639 5268 τῶν
666 5216 1084 5287 γινωσκομένων
1125 5216 1299 5281 αἴτιος
1349 5216 1442 5271 τοῦ
1495 5217 1627 5271 αὐτὸ
1687 5216 1956 5289 συμϐῆναι

381 5306 683 5377 τυγχάνων.
740 5308 950 5381 Ὥσπερ
993 5308 1103 5381 γὰρ
1131 5308 1185 5363 εῐ
1217 5325 1340 5373 τις,
1385 5307 1525 5379 ὁρῶν
1564 5325 1688 5363 τινα
1736 5308 1823 5363 διὰ
1857 5309 1955 5380 μὲν

383 5396 621 5467 ἀμαθίαν
666 5399 912 5470 προπετῆ
939 5439 953 5464 ,
981 5399 1069 5453 διὰ
1091 5400 1150 5453 δὲ
1176 5401 1275 5471 τὴν
1307 5398 1634 5472 προπέτειαν
1657 5397 1956 5466 ἀλογίστως

382 5490 727 5545 ἐπιϐαίνοντα
750 5491 868 5546 ὀδοῦ
897 5492 1206 5564 ὀλισθηρᾶς,
1226 5493 1320 5546 καὶ
1342 5490 1637 5547 καταλάϐοι
1672 5489 1952 5545 πεσεῖσθαι

380 5581 761 5656 ὀλισθήσαντα,
791 5584 913 5655 οὐχ)⁹
943 5584 1114 5648 αἴτιος
1140 5583 1234 5639 τοῦ
1253 5583 1466 5638 ὀλίσθου
1489 5583 1680 5654 ἐκείνῳ
1705 5582 1917 5652 γίνεται
1935 5597 1951 5614 ο

453 5765 482 5796 α
506 5753 591 5807 la.
621 5751 717 5805 καὶ
747 5751 872 5823 ποιή
881 5767 925 5805 σ.

661 5875 856 5935 Pun.
890 5872 1007 5935 Gtt.
1043 5871 1223 5933 XXI.

2066 4574 2332 4647 profecto,
2364 4588 2527 4645 quem
2565 4571 2839 4642 ejusmodi
2885 4569 3002 4625 fore
3030 4567 3366 4641 praeviderit,
3408 4574 3463 4622 et
3493 4564 3640 4635 iniu--

2063 4669 2246 4723 riosus
2284 4666 2512 4721 omnino
2561 4663 2781 4719 futurus
2805 4670 2910 4730 est,
2952 4670 3007 4718 et
3035 4662 3172 4717 tales
3201 4659 3434 4730 injurias
3461 4658 3644 4713 illatu-

2061 4775 2158 4814 rus
2192 4778 2205 4813 :
2238 4758 2484 4829 adeoque
2531 4756 2650 4811 ﬁeri
2698 4755 2850 4809 nullo
2889 4754 3058 4810 modo
3099 4760 3305 4824 potest,
3338 4758 3399 4805 ut
3433 4750 3503 4804 ab
3534 4748 3642 4803 illis
3694 4746 3711 4761 ⁸

2061 4852 2279 4923 injuriis
2305 4851 2596 4915 abstineat,
2626 4864 2750 4904 cum
2791 4857 2847 4903 et
2893 4848 2961 4903 ad
2988 4862 3082 4903 eas
3108 4842 3423 4902 inferendas
3451 4856 3643 4898 neces-

2061 4946 2223 5000 sitate
2248 4943 2511 5015 rapiatur,
2539 4956 2641 4996 nec
2662 4940 2809 4996 aliud
2837 4939 2907 4994 ab
2930 4954 2996 4995 eo
3030 4937 3334 5009 quidquam
3363 4933 3478 4989 fieri
3507 4947 3640 5003 pos-

2061 5037 2153 5103 sit,
2175 5051 2343 5106 quam
2364 5034 2509 5104 quod
2537 5032 2782 5088 futurum
2819 5030 2964 5085 Deus
3001 5042 3126 5084 esse
3155 5024 3489 5097 cognoverit.
3517 5021 3637 5076 Jam

2060 5128 2106 5184 si
2140 5128 2287 5183 aliud
2325 5141 2553 5197 prorsus
2582 5139 2741 5195 agere
2772 5122 2912 5177 nihil
2956 5126 3156 5192 potest,
3192 5132 3294 5173 nec
3341 5116 3637 5187 quisquam

2056 5220 2183 5291 jure
2202 5219 2566 5288 vituperatur,
2592 5215 2738 5285 quod
2771 5213 2825 5269 id
2854 5228 2967 5268 non
2998 5209 3209 5278 fecerit,
3234 5206 3381 5279 quod
3416 5205 3532 5261 fieri
3567 5205 3639 5259 ab

2061 5325 2128 5366 eo
2159 5325 2267 5365 non
2307 5307 2505 5380 potuit,
2548 5305 2797 5361 homines
2842 5302 3144 5372 injuriosos
3174 5296 3383 5353 frustra
3422 5295 3637 5351 calum-

2063 5402 2300 5457 niamur.
2339 5398 2544 5454 Deinde
2590 5410 2719 5452 vero
2748 5394 2817 5450 ab
2867 5391 3155 5464 injuriosis
3204 5400 3262 5446 et
3307 5386 3526 5458 injuriis
3569 5386 3638 5440 ad

2061 5498 2256 5547 caetera
2280 5496 2631 5560 peccatorum
2663 5498 2861 5556 genera
2894 5481 3123 5553 gradum
3167 5479 3396 5536 faciunt.
3437 5475 3575 5531 Tum
3605 5490 3637 5529 a

2061 5580 2360 5648 contrario,
2411 5579 2479 5634 de
2504 5577 2574 5632 iis
2602 5589 2819 5645 quoque
2844 5572 3032 5640 rebus,
3062 5586 3187 5642 qua
3225 5569 3485 5642 praeclare
3517 5564 3636 5623 fieri

1039 5749 1066 5789 ι)
1096 5746 1180 5802 la’.
1215 5745 1318 5819 γὰρ
1344 5745 1424 5799 τό.
1503 5762 1523 5784 ι
1549 5745 1635 5800 Ισ.
1672 5742 1829 5801 κάπί.
1905 5742 1932 5785 δ
1959 5743 2045 5799 la’.
2073 5740 2171 5815 τῷ.
2248 5749 2276 5780 ⁸
2303 5740 2388 5795 ἴσ.
2411 5738 2490 5794 τό.
2571 5737 2596 5779 ί
2622 5753 2713 5808 ῃ).
2745 5733 3006 5797 ἀναιτίας.

3172 5830 3252 5918 ιο
