4166 6414
483 344 588 403 491

1116 343 1391 401 EUSEBll
1428 340 1913 398 CAESARIENSIS
1949 339 2101 397 OPP.
2148 340 2331 394 PARS
2369 339 2432 395 ll.
2475 371 2544 383 --
2582 340 3088 397 APOLOGETICA.

3635 341 3747 397 ιθὲ

484 466 821 535 honesteque
846 462 1152 526 vidcantur,
1179 461 1344 517 simili
1377 461 1588 516 ratione
1610 468 1859 515 statuunt
1887 477 1900 512 :
1928 469 2049 513 tan-

2152 456 2293 511 οὕτω
2340 459 2558 527 νοητέον
2587 459 2680 513 τὸν
2727 458 2862 511 Θεὸν
2886 498 2901 522 ,
2944 457 3337 530 προεωρακότα
3370 461 3551 525 ὁποῖος
3597 460 3749 515 ἔσται

482 556 716 625 demque
744 552 1098 611 concludunt.
1123 551 1171 605 si
1200 548 1311 604 Deo
1340 551 1509 604 semel
1545 551 1857 604 futurorum
1907 565 2047 619 prae-

482 646 636 700 notio
667 641 1019 705 concedatur,
1050 640 1261 695 arbitrii
1292 641 1466 695 nostri
1497 651 1820 711 potestatem
1874 641 2050 695 conti-

479 753 595 793 nuo
623 736 869 791 funditus
891 751 1015 790 esse
1037 734 1355 789 tollendam.
1383 733 1598 800 Quibus
1626 735 1729 789 hoc
1756 734 1920 789 modo
1963 750 2051 788 re-

481 826 858 897 spondendum
883 825 988 879 erit
1009 844 1021 879 :
1042 824 1204 890 Deus,
1236 823 1383 894 quod
1408 825 1555 879 nulla
1583 840 1669 879 res
1695 840 1917 879 causam
1941 840 2051 879 non

484 921 680 974 habeat
734 919 997 988 aliquam,
1042 917 1174 971 dum
1228 918 1332 971 sub
1384 917 1562 985 ipsum
1610 917 1758 971 orbis
1791 916 2049 971 moliendi

480 1012 833 1082 principium.
864 1009 1047 1065 futura
1092 1010 1370 1080 sigillatim
1402 1010 1588 1064 omnia
1617 1018 1797 1063 mente
1827 1024 2053 1078 percur-

481 1104 573 1163 rit.
607 1103 753 1157 videt
776 1102 943 1169 illico,
966 1102 1011 1158 si
1038 1101 1239 1158 factum
1269 1102 1372 1155 hoc
1393 1102 1516 1164 erit,
1554 1101 1685 1155 illud
1719 1101 1945 1169 proinde
1969 1115 2054 1154 se-

478 1203 768 1259 cuturum;
797 1194 944 1264 quod
997 1194 1090 1248 ubi
1123 1192 1417 1256 exstiterit,
1451 1192 1668 1247 tertium
1696 1208 1761 1246 ex
1791 1207 1857 1245 eo
1889 1192 2051 1262 quid-

477 1284 604 1338 dam
631 1292 820 1352 aptum
855 1281 1010 1348 fore;
1041 1282 1146 1336 huc
1172 1282 1302 1336 item
1330 1282 1374 1337 si
1409 1283 1647 1353 positum
1678 1281 1801 1347 erit,
1834 1290 1888 1334 et
1916 1296 2054 1335 con-

481 1391 716 1446 Sequens
745 1376 876 1430 illud
901 1374 1148 1429 futurum
1186 1392 1200 1427 :
1227 1374 1410 1444 itaque
1439 1374 1507 1429 ad
1541 1388 1721 1428 rerum
1747 1373 1909 1427 linem
1938 1389 2056 1427 om-

479 1466 633 1520 nium
662 1465 975 1535 cognitione
1023 1465 1305 1533 perducta,
1346 1464 1616 1534 quidquid
1671 1463 1916 1516 futurum
1970 1471 2055 1516 est

480 1556 735 1626 intelligit
780 1575 795 1610 :
848 1570 949 1610 nec
997 1565 1178 1610 tamen
1235 1554 1529 1625 cujuslibet
1556 1553 1782 1608 omnino
1813 1554 1915 1618 rei,
1955 1568 2054 1607 cur

478 1647 585 1702 hoc
614 1647 777 1703 illove
793 1647 958 1702 modo
972 1646 1208 1710 eveniat,
1231 1662 1400 1701 causa
1418 1645 1682 1701 dicendus
1709 1652 1812 1699 est.
1846 1643 2053 1710 Quem-

478 1738 774 1793 admodum
826 1740 995 1803 enim,
1046 1739 1094 1794 si
1162 1753 1326 1809 quem
1376 1736 1647 1807 imperitia
1700 1736 2052 1791 temerarium

2156 547 2406 612 ἕκαστος,
2441 550 2535 601 καὶ
2568 549 2665 613 τὰς
2698 550 2873 613 αἰτίας
2902 550 2995 603 τοῦ
3036 550 3275 603 τοιοῦτον
3314 551 3475 604 αὑτὸν
3520 551 3742 606 ἔσεσθαι

2157 638 2417 710 καθορᾷν,
2449 640 2542 693 καὶ
2582 641 2663 693 ὅτι
2707 641 3082 711 ἁμαρτήσεται
3122 640 3284 704 τάδε,
3334 640 3366 711 ἢ
3408 641 3745 713 κατορθώσει

2155 730 2300 783 τάδε.
2334 732 2445 783 Καὶ
2489 732 2537 784 εί
2575 730 2679 802 χρὴ
2726 732 2936 799 λέγειν,
2973 733 3033 783 οὐ
3059 731 3158 802 τὴν
3205 732 3518 802 πρόγνωσιν
3565 735 3750 786 αἰτίαν

2156 821 2266 874 τῶν
2295 821 2593 892 γινομένων
2620 823 2715 891 (οὐ
2767 822 2878 890 γὰρ
2906 823 3206 891 ἐφάπτεται
3240 822 3331 875 τοῦ
3368 825 3754 894 προεγνωσμέ-

2158 929 2250 965 νου
2277 913 2728 983 ἀμαρτησομένου
2772 915 2801 965 ὁ
2828 914 2982 977 Θεὸς,
3021 915 3148 966 ὅταν
3205 915 3552 988 ἁμαρτάνῃ).
3615 916 3752 970 ἀλλά

2160 1003 2589 1074 παραδοξότερον
2620 1005 2736 1074 μὲν,
2770 1004 2967 1074 ἀληθὲς
3000 1006 3055 1058 δὲ
3083 1006 3314 1077 ἐροῦμεν
3334 1046 3347 1070 ,
3399 1009 3459 1061 τὸ
3493 1010 3750 1080 ἐσόμενον

2158 1094 2445 1147 αἴτιοντοῦ
2478 1095 2685 1148 τοιάνδε
2731 1090 2872 1148 εἶναι
2904 1095 3002 1167 τὴν
3042 1098 3170 1168 περὶ
3208 1098 3373 1151 αὑτοῦ
3408 1100 3737 1170 πρόγνωσιν.

2159 1187 2233 1239 Οὐ
2268 1185 2378 1257 γάρ
2404 1188 2526 1240 ἐπεὶ
2555 1187 2846 1255 ἔγνωσται,
2884 1191 3129 1257 γίνεται,
3174 1191 3287 1242 ἀλλ’
3336 1192 3457 1244 ἐπεὶ
3502 1192 3748 1260 γίνεσθαι

2159 1276 2405 1346 ἔμελλεν,
2447 1278 2734 1346 ἔγνωσται.
2767 1281 3059 1352 Διαστολῆς
3083 1282 3142 1334 δὲ
3177 1284 3366 1337 δεῖται.
3404 1284 3466 1336 Εί
3500 1284 3598 1353 μὲν
3640 1284 3749 1355 γὰρ

2158 1368 2220 1421 τὸ
2239 1387 2260 1421 c
2288 1369 2509 1432 πάντως
2531 1370 2681 1424 ἔσται
2722 1391 2741 1423 ι
2767 1370 2911 1425 οὕτω
2928 1390 3013 1436 τις
3045 1374 3357 1445 ἐρμηνεύει,
3387 1375 3462 1437 ὡς
3498 1377 3743 1447 ἀνάγκην

2159 1462 2299 1516 εἶναι
2325 1463 2576 1532 γενέσθαι
2605 1464 2666 1517 τὸ
2698 1466 3168 1536 προεγνωσμένον,
3200 1468 3260 1519 οὑ
3289 1468 3542 1538 διδόαμεν
3577 1469 3742 1539 αύτῷ.

2159 1555 2233 1608 Οὐ
2259 1555 2368 1627 γὰρ
2398 1556 2651 1627 ἐροῦμεν,
2684 1557 2807 1610 ἐπεὶ
2838 1557 3213 1629 προέγνωσται
3254 1558 3454 1613 Ἰούδαν
3484 1561 3748 1633 προδότην

2158 1646 2434 1715 γενέσθαι,
2461 1648 2544 1699 δτι
2571 1648 2721 1700 πᾶσα
2743 1648 2953 1718 ἀνάγκη
2979 1644 3047 1719 ἧν
3079 1648 3279 1702 Ἰούδαν
3309 1650 3575 1722 προδότην
3603 1653 3750 1720 γενέ-

2162 1736 2307 1789 σθαι.
2351 1737 2439 1790 Ἐν
2486 1737 2615 1804 γοῦν
2654 1741 2775 1800 ταῖς
2822 1740 2952 1808 περὶ
2997 1738 3091 1791 τοῦ
3164 1739 3333 1792 Ἰούδα
3391 1742 3750 1812 προφητείαις

478 1847 545 1889 ac
565 1832 894 1903 praecipitem
929 1847 1049 1887 esse
1078 1833 1287 1896 videas,
1323 1846 1497 1901 eaque
1520 1831 1828 1886 temeritate
1851 1831 2049 1901 impul-

2158 1828 2392 1899 μέμψεις
2419 1831 2513 1882 καὶ
2546 1832 2872 1902 κατηγορίαι
2904 1832 2997 1884 τοῦ
3043 1831 3216 1885 Ἰούδα
3256 1833 3748 1905 ἀναγεγραμμέναι

480 1938 603 1978 sum
635 1922 843 1977 lubrico
866 1937 988 1977 sese
1012 1922 1190 1976 itineri
1213 1923 1579 1988 committere,
1602 1934 1661 1976 ut
1682 1937 1807 1976 eum
1836 1921 2052 1977 labente

480 2014 812 2084 fallenteque
844 2015 1074 2085 vestigio
1102 2013 1379 2068 ruiturum
1414 2012 1705 2084 intelligas,
1737 2014 1840 2081 ipsi
1867 2023 2048 2069 tamen

479 2108 847 2178 prolapsionis
892 2120 1059 2160 causa
1115 2120 1223 2159 non
1265 2120 1345 2160 es.
1381 2103 1460 2159 lta
1512 2105 1672 2175 plane
1704 2105 2049 2160 sentiendum

479 2206 585 2262 est,
622 2195 755 2263 Deo,
786 2195 933 2268 quod
965 2196 1275 2265 cujusmodi
1303 2195 1536 2266 quisque
1568 2196 1640 2252 sit
1663 2196 1883 2252 futurus
1906 2212 2048 2267 prae-

480 2287 696 2351 viderit,
721 2301 919 2343 causas
973 2287 1137 2341 etiam
1171 2287 1527 2355 quamobrem
1563 2287 1831 2357 ejusmodi
1860 2287 1933 2343 sit
1965 2287 2052 2342 fu-

480 2387 660 2445 turus,
691 2392 923 2447 qumque
953 2376 1022 2431 ab
1047 2392 1113 2431 eo
1147 2377 1234 2431 vel
1274 2377 1522 2445 improbe
1553 2377 1637 2432 vel
1665 2378 1923 2447 przeclare
1958 2394 2051 2447 ge-

481 2470 647 2525 renda
688 2469 818 2535 sint,
852 2483 973 2524 esse
1003 2476 1306 2538 perspecta.
1340 2468 1538 2537 Atque,
1588 2478 1650 2522 ut
1678 2469 1866 2534 libere,
1904 2470 2051 2539 quod

479 2576 570 2616 res
599 2571 701 2625 est,
732 2562 1076 2630 eloquamur,
1125 2577 1234 2615 non
1294 2559 1387 2615 Dei
1438 2560 1601 2614 modo
1655 2562 2046 2631 praenotionem

479 2665 662 2705 rerum
701 2666 924 2705 causam
956 2666 1064 2704 non
1092 2665 1215 2706 esse
1256 2649 1380 2720 (nec
1426 2651 1573 2704 enim
1600 2666 1761 2721 quem
1794 2638 2051 2721 peccatu-

477 2759 601 2798 rum
632 2742 775 2797 Deus
800 2758 921 2797 esse
959 2743 1227 2812 praevidit,
1261 2759 1386 2798 eum
1431 2745 1561 2799 dum
1603 2760 1662 2799 re
1694 2745 1809 2814 ipsa
1841 2754 2049 2815 peccat,

477 2836 545 2892 ad
577 2835 789 2891 facinus
814 2837 972 2905 quasi
1005 2852 1170 2891 manu
1202 2837 1468 2907 deducit),
1493 2839 1586 2892 sed
1617 2838 1806 2904 etiam,
1836 2840 1982 2907 quod
2017 2855 2049 2895 a

476 2927 755 2982 communi
799 2943 962 2982 sensu
1022 2926 1289 2982 remotius
1342 2928 1587 2996 quidem,
1617 2928 1711 2982 sed
1743 2944 1931 2983 verum
1968 2937 2050 2984 ta-

476 3035 602 3075 men
632 3029 738 3085 est,
773 3018 824 3073 id
851 3019 1030 3088 ipsum
1054 3021 1201 3088 quod
1233 3016 1478 3071 futurum
1502 3020 1593 3081 sit,
1619 3018 1888 3085 ejusmodi
1911 3036 2049 3090 prie-

476 3112 715 3167 notionis
739 3125 964 3165 causam
991 3125 1131 3165 esse.
1151 3108 1338 3179 Neque
1364 3111 1533 3182 288
1558 3112 1702 3165 enim
1730 3112 1933 3167 idcirco
1963 3114 2042 3175 lit,

475 3204 621 3274 quod
654 3203 899 3258 futurum
923 3217 1045 3258 esse
1070 3211 1458 3273 cognoscatur,
1485 3204 1579 3258 sed
1614 3205 1759 3273 quod
1798 3203 2042 3259 futurum

478 3296 571 3360 sit,
598 3295 803 3350 idcirco
833 3293 1076 3350 futurum
1106 3309 1229 3351 esse
1258 3297 1629 3367 cognoscitur.
1667 3296 1787 3364 Quo
1824 3300 2045 3369 quidem

476 3389 534 3444 in
564 3403 785 3459 genere,
816 3388 1169 3443 distinctione
1195 3403 1335 3457 opus
1368 3397 1469 3444 est.
1506 3386 1641 3443 Nam
1677 3406 1723 3446 ει
1755 3394 1902 3462 (μιυά
1924 3409 2045 3446 om-

475 3482 610 3535 nino
646 3479 891 3534 l‘uturum
924 3479 1147 3543 dicitur,
1184 3480 1235 3534 id
1280 3480 1352 3534 ita
1387 3481 1513 3550 quis
1546 3482 1797 3552 accipiat,
1821 3486 2046 3554 perinde

475 3585 541 3625 ac
579 3571 628 3627 si
677 3570 822 3640 quod
859 3570 1148 3641 praevisum
1184 3581 1286 3637 est,
1315 3571 1534 3626 evenire
1565 3588 1787 3629 necesse
1813 3577 1905 3641 sit,
1941 3577 2046 3633 hoc

474 3680 606 3719 vero
638 3663 863 3718 minime
894 3662 1111 3717 damus.
1146 3661 1256 3718 Nec
1289 3665 1457 3730 enim,
1505 3666 1651 3736 quod
1688 3666 1913 3734 praevisa
1949 3665 2047 3721 Ju-

476 3757 561 3813 da
617 3756 853 3827 proditio
903 3755 1087 3823 fuerit,
1141 3755 1338 3812 Judam
1395 3768 1680 3829 propterea
1731 3764 2044 3815 necessario

477 3847 809 3918 proditorem
840 3847 1011 3903 fuisse
1042 3849 1413 3904 concedimus.
1468 3850 1781 3913 Enimvero,
1844 3852 2045 3921 quibus

475 3941 533 3995 in
567 3939 952 4011 prophetarum
997 3941 1233 3996 oraculis
1268 3940 1509 3996 futurum
1556 3941 1710 3999 Juda:
1739 3943 1917 3999 scelus
1944 3959 2043 3997 ex-

474 4032 754 4103 primitur,
805 4032 996 4086 iisdem
1056 4032 1299 4087 hominis
1347 4033 1643 4089 incessitur
1690 4034 2044 4103 carpiturque

475 4122 818 4193 improbitas,
852 4132 1012 4193 atque
1045 4126 1290 4179 omnium
1316 4125 1369 4178 in
1395 4125 1570 4180 oculis
1601 4125 1896 4193 indignitas
1926 4127 2045 4196 ejus

476 4217 851 4286 probrumque
885 4217 1210 4273 traducitur.
1259 4216 1364 4284 Qui
1401 4218 1447 4273 si
1495 4217 1564 4272 ad
1600 4216 1961 4287 proditionem
1995 4218 2045 4272 vi

475 4323 540 4363 ac
583 4308 905 4363 necessitate
939 4319 1243 4378 raperetur.
1275 4326 1375 4366 nec
1409 4312 1633 4382 reliquis
1663 4313 1925 4381 apostolis
1950 4327 2047 4382 per

476 4413 598 4453 eam
633 4398 829 4454 similis
860 4414 983 4454 esse
1010 4398 1221 4468 posset,
1271 4401 1421 4455 omni
1454 4400 1700 4471 profecto
1724 4401 1954 4457 crimine
1983 4418 2046 4458 ac

2156 1923 2283 1983 εἰσὶ,
2317 1923 2478 1975 παντί
2510 1941 2587 1993 τῳ
2609 1925 2939 1993 παριστᾶσαι
2969 1922 3029 1976 τὸ
3060 1922 3259 1992 ψεκτὸν
3302 1923 3490 1979 αὐτοῦ.
3519 1927 3634 1978 Θὺκ
3680 1925 3747 1980 ἂν

2155 2015 2212 2069 δὲ
2248 2013 2415 2083 ψόγος
2441 2014 2591 2083 αὐτῷ
2639 2016 3003 2085 προσήπτετο,
3045 2016 3094 2067 εί
3131 2015 3441 2083 ἐπάναγκες
3481 2016 3747 2087 προδότης

2153 2102 2241 2177 ἦν,
2266 2108 2359 2160 καί⁵
2389 2106 2464 2177 μὴ
2488 2105 2767 2175 ἀνεδέχετο
2819 2106 2928 2177 (37)
2975 2106 3136 2159 αὐτὸν
3162 2106 3346 2176 ὅμοιον
3390 2111 3501 2170 τοῖς
3543 2109 3746 2174 λοιποῖς

2153 2195 2468 2257 ἀποστόλοις
2507 2194 2780 2262 γενέσθαι.
2822 2195 2961 2266 Ὅρα
2988 2195 3045 2247 δὲ
3068 2197 3116 2247 εί
3166 2196 3241 2266 μὴ
3280 2196 3453 2250 ταῦτα
3486 2197 3740 2268 δηλοῦται

2150 2287 2217 2340 δι’
2249 2280 2325 2341 ὧν
2359 2287 2798 2358 παραθησόμεθα
2830 2288 3010 2357 ῥητῶν
3038 2287 3208 2352 οὕτως
3245 2291 3481 2360 ἐχόντων
3502 2309 3515 2322 ι
3543 2312 3561 2342 ι
3591 2292 3744 2363 Μηδὲ

2150 2379 2434 2452 γενηθήτω
2474 2378 2778 2449 οἰκτίρμων
2830 2382 2942 2441 τοῖς
2986 2380 3241 2448 ὀρφανοῖς
3286 2383 3485 2447 αὐτοῦ,
3526 2384 3640 2437 ἀνθ’
3669 2377 3745 2439 ὧν

2150 2472 2249 2524 οὐκ
2268 2470 2511 2542 ἐμνήσθη
2536 2472 2756 2541 ποιῆσαι
2773 2470 2944 2534 ἕλεος.
2974 2472 3082 2524 Καὶ
3108 2474 3430 2538 κατεδίωξεν
3451 2475 3739 2547 ἄνθρωπον

2151 2562 2358 2632 πένητα
2390 2563 2483 2614 καὶ
2515 2562 2750 2631 πτωχὸν,
2775 2562 2867 2615 καὶ
2912 2565 3380 2635 κατανενυγμένον
3421 2572 3488 2640 τῇ
3525 2571 3743 2641 καρδίᾳ,

2150 2653 2244 2708 τοῦ
2267 2653 2576 2707 θανατῶσαι
2618 2655 2731 2722 ('58)
2749 2672 2760 2684 '
2800 2655 2895 2707 καὶ
2921 2656 3176 2725 ὴγάπησε
3199 2658 3464 2729 κατάραν,
3497 2662 3590 2713 καὶ
3620 2661 3739 2731 ἥξει

2150 2745 2299 2816 αύτῷ
2321 2762 2333 2775 ·
2372 2746 2465 2799 καὶ
2492 2746 2592 2797 οὐκ
2618 2745 2882 2817 ἠθέλησεν
2913 2748 3183 2816 εὐλογίαν,
3215 2749 3310 2801 καὶ
3359 2752 3741 2823 μακρυνθήσε-

2148 2852 2238 2888 ται
2266 2835 2359 2888 ἀπ’
2390 2834 2576 2888 αὑτοῦ.
2628 2856 2647 2887 ο
2686 2836 2747 2888 Εἰ
2780 2836 2836 2889 δέ
2877 2852 2961 2898 τις
2993 2838 3313 2907 διηγήσεται
3370 2839 3430 2893 τὸ
3463 2857 3484 2891 ι
3518 2842 3735 2906 πάντως

2150 2927 2303 2981 ἔσται
2337 2946 2357 2979 ι
2382 2927 2521 2981 κατᾶ
2550 2927 2612 2980 τὸ
2641 2930 2927 2998 σημαίνειν
2961 2930 3114 2994 αὐτὸ,
3136 2930 3330 2999 λέγων,
3352 2934 3435 2985 ὅτι
3472 2933 3744 3006 ἔσταιμὲν

2148 3018 2274 3072 τάδε
2302 3019 2440 3082 τινά,
2471 3018 2742 3088 ἐνεδέχετο
2773 3020 2830 3073 δὲ
2857 3020 2950 3073 καὶ
2976 3022 3177 3094 ἑτέρως
3201 3024 3473 3091 γενέσθαι,
3491 3026 3649 3080 τοῦτο
3666 3028 3742 3091 ὡς

2150 3110 2346 3181 ἀληθὲς
2381 3112 2794 3182 συγχωροῦμεν.
2833 3113 2936 3166 Τὸν
2971 3116 3068 3185 μὲν
3107 3117 3217 3187 γὰρ
3249 3118 3383 3171 Θεὸν
3405 3119 3505 3173 οὐκ
3531 3120 3741 3189 ἐνδέχε-

2146 3216 2236 3252 ται
2268 3199 2594 3269 ψεύσασθαι,
2630 3202 2906 3274 ἐνδέχεται
2948 3204 3006 3257 δὲ
3051 3207 3180 3278 περὶ
3216 3207 3325 3260 τῶν
3376 3210 3741 3282 ἐνδεχομένων

2148 3292 2402 3361 γενέσθαι
2431 3294 2524 3347 καὶ
2551 3294 2624 3365 μὴ
2654 3296 2907 3363 γενέσθαι
2932 3297 3196 3367 φρονῆσαι
3227 3301 3287 3353 τὸ
3309 3302 3562 3369 γενέσθαι
3596 3305 3735 3359 αὑτά

2149 3384 2245 3437 καὶ
2279 3384 2353 3455 μὴ
2378 3385 2650 3454 γενέσθαι.
2685 3387 3024 3458 Σαφέστερον
3052 3388 3109 3439 δὲ
3156 3390 3314 3443 τοῦτο
3363 3392 3596 3464 ἐροῦμεν
3637 3395 3734 3448 οῦ-

2145 3496 2285 3542 ’τως⁸
2331 3480 2393 3532 Εἰ
2439 3480 2712 3550 ἐνδέχεται
2759 3476 2956 3530 Ἰούδαν
3004 3472 3143 3530 εἶναι
3195 3480 3489 3534 ἀπόστολον
3530 3485 3761 3553 ὁμοίως-

2147 3571 2338 3640 Πέτρῳ
2357 3608 2372 3628 .
2415 3570 2691 3639 ἐνδέχεται
2740 3566 2831 3619 τὸν
2864 3565 2995 3618 Θεὸν
3020 3567 3209 3636 νοῆσαι
3247 3570 3376 3640 περὶ
3399 3570 3494 3624 τοῦ
3542 3574 3731 3640 Ἰούδα,

2146 3661 2227 3712 ὅτι
2256 3660 2410 3729 μενεί
2435 3656 2730 3720 ἀπόστολος
2751 3656 2949 3726 ὁμοίως
2971 3655 3184 3727 Πέτρῳ.
3205 3659 3267 3711 El
3296 3660 3567 3733 ἐνδέχεται
3604 3666 3728 3720 Ἰού-

2146 3751 2242 3804 δαν
2276 3747 2543 3819 προδότην
2563 3747 2839 3816 γενέσθαι,
2876 3747 3150 3817 ἐνδέχεται
3180 3751 3272 3803 τὸν
3304 3751 3438 3805 Θεὸν
3467 3755 3731 3827 φρονῆσαι

2147 3841 2272 3913 περὶ
2304 3838 2493 3902 αὐτοῦ,
2528 3841 2609 3893 ὅτι
2633 3840 2899 3912 προδότης
2923 3839 3098 3895 ἔσται.
3117 3842 3181 3895 Ei
3210 3842 3268 3898 δὲ
3291 3845 3555 3919 προδότης
3578 3848 3731 3905 ἔσται

2158 3932 2377 3996 Ἰούδας,
2406 3934 2435 3985 ὁ
2465 3931 2595 3995 Θεὸς
2626 3935 2692 4003 τῇ
2719 3932 3025 4002 προγνώσει
3053 3934 3220 3989 αὑτοῦ
3261 3937 3369 3989 τῶν
3407 3943 3727 4012 προειρημέο

2146 4042 2251 4078 νων
2300 4023 2664 4093 ἐνδεχομένων
2709 4024 2805 4078 δύο
2841 4028 3169 4097 γεγονότων,
3221 4028 3317 4082 τοῦ
3352 4026 3490 4084 εἶναι
3537 4032 3652 4107 (59)
3675 4037 3735 4088 ὲν

2146 4116 2295 4187 αὐτῷ
2318 4117 2378 4170 τὸ
2402 4116 2599 4189 ἀληθὲς
2630 4118 3041 4189 προγινώσκων,
3066 4122 3442 4194 προγνώσεται
3469 4127 3562 4180 τὸν
3604 4128 3734 4181 Ἰού-

2145 4207 2241 4260 δαν
2272 4207 2535 4278 προδότην
2568 4208 2854 4276 γενέσθαι·
2884 4208 2944 4263 τὸ
2976 4211 3033 4264 δὲ
3064 4213 3191 4283 περὶ
3222 4208 3281 4267 οὗ
3314 4215 3347 4285 ἡ
3377 4215 3608 4283 γνῶσις,
3643 4220 3732 4273 ὲν-

2145 4298 2362 4369 δέχεται
2390 4300 2485 4352 καὶ
2511 4299 2715 4369 ἑτέρως
2736 4300 3012 4370 γενέσθαι.
3052 4304 3161 4355 Καὶ
3186 4303 3333 4372 λέγοι
3365 4306 3430 4359 ἂν
3468 4308 3501 4379 ὴ
3532 4309 3734 4377 γνῶσις

2148 4389 2242 4442 τοῦ
2271 4389 2427 4453 Θεοῦ,
2454 4390 2536 4443 ὅτι
2572 4391 2843 4461 ἐνδέχεται
2871 4393 2971 4464 μὲν
2997 4393 3147 4447 τόνδε
3177 4396 3294 4449 τόδε
3319 4399 3538 4470 ποιῆσαι
3560 4441 3574 4466 ,
3598 4401 3733 4457 ἀλλὰ

475 4488 679 4559 probro
711 4498 949 4542 vacaret.
993 4488 1124 4545 Vide
1147 4504 1299 4560 ergo,
1344 4507 1475 4545 num
1525 4491 1577 4546 id
1612 4492 1788 4561 ipsum
1827 4493 2047 4548 disertis

2152 4483 2243 4535 καὶ
2271 4483 2330 4534 τὸ
2354 4481 2609 4536 ἐναντίον.
2660 4484 3053 4555 Ἐνδεχομένων
3098 4486 3155 4539 δὲ
3188 4488 3511 4560 ἀμφοτέρων
3532 4531 3547 4557 ,
3587 4489 3727 4557 οἶδα,

474 4579 628 4635 hisce
650 4580 925 4648 Propheta
970 4581 1357 4650 conceptisque
1381 4580 1563 4636 verbis
1596 4582 1805 4649 aperiat
1834 4600 1848 4634 :
1884 4600 1904 4632 c
1935 4580 2048 4636 Nec

444 4673 568 4740 ,sit,
599 4673 691 4743 qui
748 4672 1072 4726 misereatur
1105 4672 1324 4741 pupillis
1364 4673 1508 4742 ejus,
1538 4688 1639 4743 pro
1666 4688 1734 4729 eo
1759 4675 1904 4741 quod
1941 4691 2047 4729 non

472 4771 559 4818 est
626 4764 939 4819 recordatus
1006 4762 1183 4817 facere
1237 4763 1687 4819 misericordiam.
1751 4765 1818 4820 Et
1869 4782 2054 4835 perse-

472 4864 635 4911 cutus
686 4865 771 4911 est
830 4856 1106 4910 hominem
1160 4856 1413 4923 inopem,
1477 4865 1531 4911 et
1600 4857 1937 4920 mendicum,
1999 4868 2053 4913 et

472 4956 864 5017 compunctum
918 4947 1081 5003 corde
1143 4947 1490 5001 mortiﬁcare.
1542 4946 1609 5003 Et
1637 4949 1828 5003 dilexit
1881 4950 2051 5004 male.

548 5150 659 5222 (37)
688 5150 1057 5222 ΪΑνεδέχετοη
1074 5149 1272 5205 Facilis
1295 5150 1602 5205 emendatio
1627 5159 1727 5217 est,
1755 5150 2049 5222 ἐνεδέχετο.

476 5219 591 5275 Hoc
624 5219 768 5275 enim
798 5225 1021 5275 verbum
1049 5221 1114 5275 iis
1146 5222 1381 5291 maxime
1423 5221 1491 5275 de
1533 5222 1700 5275 rebus
1733 5219 2050 5291 usurpatur,

475 5306 600 5358 qua:
634 5301 923 5362 utramque
972 5292 1026 5345 in
1072 5300 1279 5361 partem
1309 5290 1369 5355 ἐξ
1398 5291 1515 5345 ῐσου
1556 5292 1773 5346 evenire
1801 5290 2050 5362 possunt,

475 5369 539 5414 ut
576 5361 739 5426 paulo
771 5371 896 5428 post
922 5362 1143 5430 saepius.

548 5429 661 5499 (58)
696 5430 804 5502 Τοῦ
835 5429 1189 5486 θανατῶσαι.
1220 5430 1421 5502 Supple
1446 5432 1627 5486 ἓνεκα.
1657 5431 1815 5499 Quod
1846 5433 1899 5487 in
1928 5433 2054 5487 Vul-

478 5509 602 5571 gata
632 5500 793 5571 paulo
822 5502 1144 5568 obscurius,
1175 5512 1226 5555 et
1269 5500 1639 5571 compunctum
1678 5505 1832 5557 corde
1864 5505 2053 5556 morti-

477 5570 658 5644 βίαι-ε.
694 5569 878 5644 Itaque
901 5582 1028 5644 post
1060 5573 1279 5644 καρδίᾳ,
1308 5582 1363 5627 et
1386 5569 1574 5637 corde,
1603 5575 1910 5630 adhibenda
1941 5575 2053 5628 vir-

478 5640 604 5707 gula
646 5648 728 5693 est
757 5657 772 5694 :
815 5640 1156 5714 signiﬁcatur
1189 5640 1368 5710 enim,
1396 5659 1521 5698 eum
1568 5645 1669 5700 hoc
1710 5646 1894 5699 animo
1925 5661 2052 5714 per-

2156 4573 2236 4625 ὂτι
2265 4572 2389 4628 τάδε
2420 4574 2656 4644 ποιήσει.
2698 4576 2776 4628 Οὐ
2804 4576 2912 4647 γὰρ
2939 4576 3128 4646 ὥσπερ
3152 4580 3181 4631 ὁ
3203 4577 3331 4643 Θεὸς
3356 4582 3500 4635 εἴποι
3526 4582 3612 4647 ἂν,
3632 4586 3733 4639 οὐκ

2153 4664 2422 4733 ἐνδέχεται
2448 4665 2597 4717 τόνδε
2621 4665 2740 4718 τινὰ
2771 4666 2861 4719 τὸν
2886 4666 3170 4738 ἄνθρωπον
3196 4670 3416 4739 πτῆναι,
3440 4671 3582 4726 οὕτω
3600 4691 3735 4746 χρηο

2156 4756 2311 4824 σμὸν,
2349 4755 2483 4825 φέρε
2539 4757 2732 4821 εἰπεῖν,
2769 4758 2896 4828 περί
2926 4775 3069 4822 τινος
3117 4759 3292 4824 διδοὺς
3339 4764 3482 4833 ἐρεῖ,
3514 4765 3597 4818 ὅτι
3633 4768 3736 4821 οὐκ

2154 4846 2424 4914 ἐνδέχεται
2457 4848 2605 4901 τόνδε
2642 4844 3003 4920 σωφρονῆσαι.
3037 4852 3277 4923 Δύναμις
3305 4855 3402 4924 μὲν
3424 4858 3532 4929 γὰρ
3555 4859 3732 4929 πάντη

2152 4936 2254 4991 οὐκ
2281 4936 2396 4991 ἔστι
2425 4938 2519 4991 τοῦ
2548 4939 2747 5010 πτῆναι
2781 4942 3031 5013 οὐδαμῶς
3053 4946 3111 4996 ὲν
3131 4944 3210 5014 τῷ
3233 4945 3525 5021 ἀνθρώπῳ,
3577 4949 3734 5004 δύνα-

2224 5159 2334 5229 ('59)
2374 5160 2483 5213 Τοῦ
2510 5156 2680 5215 εἶναι.
2713 5159 3098 5219 Subobscurus
3123 5164 3294 5221 locus.
3339 5169 3421 5221 An
3469 5172 3728 5228 mutanda

2153 5227 2432 5310 distinctio
2466 5239 2586 5310 _est,
2633 5239 2687 5285 et
2735 5232 2843 5310 veli
2870 5229 3035 5310 εἶναι-
3069 5251 3192 5290 cum
3238 5237 3602 5310 »ἐνδεχομένων
3652 5227 3726 5297 ita

2154 5300 2600 5377 ceustruendum,
2651 5309 2713 5356 ut.
2742 5304 3139 5377 subintelligas
3185 5300 3473 5377 χάριν”νὲΙ
3528 5311 3726 5375 Evam;

2154 5370 2234 5422 An
2287 5372 2360 5455 ita
2411 5372 2590 5454 potius
2637 5373 2973 5455 _ort_liuan_da.
3015 5370 3323 5455 sententia?
3391 5380 3448 5435 Ὀ
3471 5379 3604 5455 Θεὸς

2154 5439 2459 5520 προγνώσει
2504 5440 2688 5520 αὐτοῦ,
2734 5447 2791 5495 ὲν
2837 5444 2985 5520 αὐτῷ
3009 5445 3070 5520 τὸ
3110 5446 3305 5520 ἀληθὲς
3338 5439 3728 5520 προγινώσκων

2152 5507 2245 5562 τοῦ
2277 5507 2425 5586 εἶναι
2470 5511 2576 5586 τῶν
2618 5529 2910 5585 προειρημ.
2957 5507 3127 5585 ἓνδεχ.
3171 5507 3218 5570 δ’.
3253 5507 3433 5586 γεγον.
3457 5507 3545 5573 Ἀιι
3578 5524 3729 5575 deni-

2153 5596 2278 5648 que,
2327 5580 2421 5633 τοῦ
2475 5577 2631 5635 εἶναι
2662 5577 2932 5653 ἐυιιὶὶίὺτ,
2959 5577 3107 5655 ᾃρνιῖ
3131 5586 3226 5639 τοῦ
3265 5577 3469 5655 orizae,
3513 5591 3595 5645 vel
3633 5591 3728 5646 τοῦ

2155 5659 2452 5736 ἐσομένου
2515 5661 2875 5736 πράγματος,
2957 5653 3153 5727 Elige;
3219 5653 3556 5729 postremum
3625 5663 3729 5719 hoc

479 5720 726 5789 secutum
766 5724 888 5791 esse
936 5712 1209 5791 hominem
1244 5713 1430 5771 dolore
1464 5714 1580 5785 jam
1627 5712 1958 5780 conlectum,
1997 5732 2057 5781 ut
2158 5712 2353 5787 πίειίᾞῖξ
2382 5712 2447 5791 ’ξ

479 5779 529 5834 ei
560 5783 721 5835 vitam
750 5780 1000 5851 eriperet.
