4162 6418
430 369 537 427 493
1589 365 1912 421 ΡΒᾹΞΡΑΒ.
1956 367 2025 422 Ei

2128 367 2207 423 ιο.
2252 366 2379 422 LIB.
2421 364 2511 421 Vl.
3582 349 3690 407 ιρι

433 508 524 560 μις
563 489 619 543 δέ
667 492 781 544 ἐστι
832 489 925 544 τοῦ
963 491 1310 562 σωφρονῆσαι
1344 489 1439 543 καὶ
1481 486 1576 542 τοῦ
1610 489 2002 559 ἁκολαστῆσαι.

2128 489 2422 553 lictionem,
2484 495 2538 540 et
2573 480 2753 537 veniet
2802 479 2891 534 ei:
2923 485 2978 532 et
3009 473 3184 531 noluit
3230 469 3688 531 benedictionem,

428 575 530 637 Ὧν
549 583 875 655 ἀμφοτέρων
907 560 1607 653 δυνάμεωνίύπαρχουσῶν,
1648 583 1677 633 ὁ
1725 580 1800 650 μὴ
1845 596 2016 651 προσ-

2128 591 2169 637 3t
2209 580 2550 653 elongabitur
2582 576 2650 631 ab
2686 589 2752 629 eo
2776 573 2842 626 ³⁷.
2899 588 2919 624 ι
2981 566 3075 624 Sin
3130 574 3311 621 autem
3374 561 3509 618 illud
3547 560 3691 615 idem

430 674 568 744 έχων
613 676 790 745 λόγοις
841 677 1246 747 ἐπιτρεπτικοῖς
1284 677 1379 728 καὶ
1421 674 1786 736 παιδευτικοῖς
1823 671 2014 725 ἑαυτὸν

2128 674 2260 743 εμιοιι
2283 672 2510 727 omnino
2541 669 2788 723 futurum
2812 663 3032 728 dicitur,
3058 661 3132 714 ita
3165 658 3312 728 quis,
3345 663 3509 727 prout
3535 666 3693 708 asse-

434 765 706 820 ἐπιδίδωσι
747 769 813 838 τῇ
863 766 1143 837 χειρίστῃ·
1177 766 1448 837 κρείττονι
1495 763 1552 817 δέ
1599 765 1627 816 ὁ
1672 764 1914 834 ζητήσας
1955 760 2016 815 τὸ

431 856 649 927 ἀληθὲς,
678 859 771 911 καὶ
801 858 996 928 βιῶσαι
1031 857 1427 927 βεϐουλημένος
1464 857 1585 910 κατ’
1623 854 1775 909 αὐτό.
1811 855 1886 908 Οὐ
1920 853 2018 926 ζη-

432 950 588 1003 τεῖδέ
618 950 703 1003 ὅδε
748 950 845 1020 μὲν
883 951 1092 1021 τάληθῆ
1119 989 1135 1014 ,
1166 951 1289 1002 ἐπεὶ
1314 948 1602 1021 ἐπιρρέπει
1636 948 1727 1000 ἐπὶ
1767 948 1866 1018 τὴν
1896 946 2019 1017 ήδο-

432 1044 551 1114 νὴν,
587 1044 671 1095 ὅδε
709 1042 765 1095 δὲ
799 1042 1039 1107 ἐξετάζει
1083 1042 1210 1114 περὶ
1240 1041 1450 1106 αὐτῶν,
1487 1040 1725 1112 αἱρεθεὶς
1776 1040 1881 1095 ὑπὸ
1910 1040 2019 1092 τῶν

434 1134 627 1187 κοινῶν
648 1133 886 1195 ἐννοιῶν,
914 1150 1010 1185 και
1033 1133 1192 1201 λόγου
1227 1131 1647 1204 προτρεπτικοῖμ
1678 1130 1846 1184 Πάλιν
1878 1130 1923 1183 δ’
1950 1124 2017 1183 αὖ

435 1225 520 1278 ὁδε
550 1226 648 1295 μὲν
672 1228 908 1297 αἱρεῖται
938 1225 1035 1296 τὴν
1057 1226 1272 1296 ἡδονὴν,
1294 1226 1415 1296 οὐχὶ
1440 1224 1500 1277 ού
1545 1225 1843 1295 δυνάμενος
1874 1225 2022 1277 ἀντι-

438 1314 653 1369 ϐλέπειν
679 1316 838 1387 αὐτῇ,
868 1315 979 1369 ἀλλ’
1007 1317 1108 1369 οὐκ
1155 1315 1556 1385 ἀγωνιζόμενος
1577 1332 1591 1346 ο
1638 1315 1724 1368 ὅδε
1766 1314 1823 1368 δὲ
1854 1331 2022 1367 κατα-

438 1410 626 1477 φρονεῖ
652 1409 843 1478 αὐτῆς,
873 1408 934 1461 τὸ
961 1407 1208 1479 ἄσχημον
1241 1406 1384 1478 ὀρῶν
1412 1407 1472 1460 τὸ
1505 1408 1562 1459 ἐν
1604 1406 1741 1477 αὐτῇ
1766 1405 2023 1469 πολλάκις

435 1499 721 1570 τυγχάνον.
761 1501 882 1554 Ὅτι
912 1501 1178 1570 μέντοιγε
1206 1501 1239 1571 ἡ
1267 1501 1574 1570 πρόγνωσις
1614 1498 1708 1551 τοῦ
1747 1498 1882 1551 Θεοῦ
1924 1498 2025 1551 οὐκ

437 1589 682 1660 ἀνάγκην
714 1589 987 1659 ἐπιτίθησι
1004 1592 1116 1652 τοῖς
1145 1589 1275 1660 περὶ
1302 1582 1375 1642 ὧν
1399 1587 1717 1657 κατείληφε,
1747 1586 1884 1657 πρὸς
1911 1588 2025 1649 τοῖς

439 1697 667 1753 προειρη
678 1681 857 1752 μένοις
866 1681 960 1733 καὶ
975 1680 1131 1734 τοῦτο
1144 1680 1376 1747 λέξεται,
1392 1680 1474 1733 ὅτι
1487 1677 1753 1749 πολλαχοῦ
1766 1678 1872 1731 τῶν
1886 1678 2028 1748 Γρα-

439 1772 556 1842 φῶν
576 1772 707 1836 Θεὸς
729 1771 938 1826 κελεύει
953 1774 1080 1835 τοὺς
1096 1773 1382 1842 προφήτας
1404 1770 1699 1842 κηρύσσειν
1716 1769 2023 1840 μετάνοιαν,

2119 764 2415 819 verationis
2462 761 2628 831 hujus
2681 754 3009 828 signiﬁcatio
3059 750 3335 823 postulat,
3388 744 3690 814 intelliget,

2118 856 2280 927 quasi
2336 854 2583 909 futurum
2636 852 2709 907 sit
2769 846 3194 917 illudsquidem,
3244 849 3497 898 caeterum
3534 838 3695 893 aliter

2118 948 2284 1003 etiam
2313 945 2533 1002 evenire
2578 940 2851 1013 potuisset
2893 955 2907 991 :
2954 937 3008 992 id
3032 946 3292 1004 tanquam
3324 944 3517 986 verum
3548 928 3697 983 ultro

2118 1040 2378 1096 fatemur.
2412 1037 2549 1092 Nam
2585 1045 2647 1091 ut
2670 1033 2891 1089 mentiri
2920 1031 3064 1087 Deus
3093 1029 3318 1098 fallique
3346 1040 3458 1082 non
3492 1032 3692 1095 potest,

2121 1134 2195 1188 ita
2227 1147 2349 1203 quae
2375 1130 2492 1185 ﬁeri
2521 1141 2675 1198 aeque
2710 1140 2774 1181 ac
2799 1141 2908 1181 non
2934 1124 3050 1178 ﬁeri
3078 1127 3333 1193 possunt,
3358 1118 3550 1174 eadem
3577 1116 3696 1186 ipse

2121 1223 2306 1280 futura
2335 1206 2500 1277 nosse
2532 1219 2754 1290 pariter,
2787 1224 2882 1272 aut
2907 1231 3017 1271 non
3050 1213 3233 1269 futura
3260 1218 3458 1281 potest.
3491 1206 3695 1263 Verum

2122 1314 2420 1370 dilucidius
2448 1313 2553 1367 hac
2584 1311 2652 1366 de
2680 1326 2737 1365 re
2782 1309 2931 1363 hunc
2981 1307 3037 1361 in
3089 1304 3313 1361 modum
3368 1308 3699 1358 statuemus.

2125 1405 2182 1460 Si
2214 1405 2378 1460 Petro
2402 1403 2601 1459 similis
2631 1401 2911 1472 apostolus
2931 1396 3102 1454 Judas
3129 1411 3251 1452 esse
3278 1401 3483 1465 potest,
3516 1398 3704 1462 potest

2124 1498 2288 1552 etiam
2317 1495 2464 1551 Deus
2491 1493 2687 1549 Judam
2721 1490 3035 1562 apostolum
3087 1487 3248 1543 Petro
3288 1484 3521 1541 similem
3551 1480 3702 1536 futu-

2126 1605 2249 1644 rum
2285 1601 2638 1659 cognoscere.
2671 1584 2956 1640 Similiter.
2993 1581 3041 1635 si
3086 1579 3332 1650 proditor
3376 1574 3546 1631 ludas
3573 1585 3704 1629 esse

2127 1690 2328 1751 potest,
2360 1688 2539 1750 potest
2569 1693 2787 1749 quoque
2814 1674 2960 1730 Deus
2989 1674 3140 1728 illum
3169 1685 3332 1726 nosse
3364 1666 3702 1740 proditorem

2131 1773 2405 1827 futurum.
2458 1769 2577 1824 Jam
2613 1769 2659 1825 si
2691 1783 2753 1824 re
2779 1768 2895 1837 ipsa
2919 1765 3167 1837 proditor
3195 1762 3366 1818 Judas
3393 1761 3518 1827 erit,
3557 1757 3705 1813 Deus

439 1838 501 1916 ού
537 1867 1046 1935 προσποιησάμενος
1087 1838 1307 1933 (miro
1358 1838 1675 1930 ἐγνωκέναι,
1719 1838 1951 1931 πότερον
1975 1861 2025 1913 οἱ

2130 1879 2283 1929 sane,
2313 1863 2407 1933 qui
2442 1870 2741 1930 utrumque
2787 1859 2921 1914 illud
2955 1857 3073 1913 ﬁeri
3103 1870 3267 1927 posse
3308 1851 3599 1923 przenovit,
3640 1854 3705 1905 ut

441 1954 770 2018 ἀκούσαντες
796 1954 1237 2024 ἐπιστρέφουσιν,
1268 1953 1301 2024 ἣ
1327 1956 1440 2016 τοῖς
1467 1952 1861 2023 ἁμαρτήμασιν
1904 1951 2029 2004 ἐαυ-

439 2044 549 2099 τῶν
583 2045 932 2116 ἐμμενοῦσιν.
983 2048 1194 2117 ’Ὠσπερ
1251 2047 1309 2097 ἐν
1356 2043 1435 2113 τῷ
1491 2044 1731 2115 Ἱερεμίᾳ
1770 2042 2021 2110 λέγεταιο

448 2153 469 2187 ι
502 2137 662 2199 Ἴσως
711 2138 1068 2202 ἀκούσονται,
1123 2138 1218 2191 καὶ
1251 2136 1690 2208 μετανοήσουσιν.
1746 2155 1766 2188 ι
1818 2135 2029 2209 Οὐγὰρ

444 2224 655 2294 ἀγνοῶν
684 2227 711 2278 ό
756 2226 923 2292 Θεὸς,
956 2228 1183 2299 πότερον
1226 2228 1549 2282 ἀκούσουσιν
1596 2226 1628 2299 ἢ
1690 2224 1751 2279 οὗ
1775 2267 1789 2291 ,
1825 2228 2025 2298 φησίν·

448 2316 609 2381 Ἴσως
637 2317 974 2380 ἀκούσονται,
1008 2319 1102 2372 καλ.
1129 2320 1549 2389 μετανοήσουσιν
1567 2334 1580 2347 ·
1621 2317 1736 2370 ἀλλ’
1776 2319 1937 2372 οἱονεὶ
1966 2318 2029 2373 τὸ

448 2408 751 2462 ἰσοστάσιον
797 2408 905 2462 τῶν
934 2409 1212 2479 δυνάμεων
1242 2408 1495 2477 γενέσθαι
1552 2410 1766 2472 δεικνὺς
1813 2410 1877 2463 ἐκ
1920 2410 2028 2463 τῶν

446 2498 774 2569 λεγομένων,
806 2500 892 2553 ἵνα
936 2501 1009 2572 μὴ
1032 2543 1047 2567 ,
1086 2499 1613 2571 προκατηγγελμένη
1640 2502 1674 2571 ἡ
1722 2501 2027 2572 πρόγνωσις

446 2590 612 2644 αὐτοῦ
641 2630 656 2654 ,
711 2599 1042 2645 καταπεσεῖν
1089 2593 1291 2666 ποιήσῃ
1318 2594 1444 2657 τοὺς
1499 2570 1814 2657 ἀκούοντας,
1870 2592 2028 2660 δόξαν

446 2681 692 2752 ἀνάγκης
734 2684 1080 2753 παριστᾶσα,
1125 2683 1201 2746 ὡς
1229 2683 1329 2737 οὐκ
1378 2684 1533 2748 ὄντος
1583 2686 1669 2737 ἐπ’
1712 2686 1897 2748 αὐτοῖς
1932 2683 2027 2738 τοῦ

446 2770 791 2842 ἐπιπρέψαι,
823 2772 916 2825 καὶ
951 2771 1091 2842 αὕτη
1122 2772 1272 2824 αἰτία
1297 2772 1522 2843 γένηται
1554 2773 1666 2844 (41)
1707 2772 1817 2826 τῶν
1850 2775 2030 2845 ἁμαρ-

445 2862 703 2932 τημάτων
722 2880 735 2893 ’
776 2863 808 2933 ἢ
838 2864 1000 2917 πάλιν
1028 2866 1142 2928 τοῖς
1170 2866 1235 2917 ἐκ
1259 2863 1355 2916 τοῦ
1396 2866 1611 2933 ἀγνοεῖν
1648 2866 1709 2918 τὸ
1746 2881 2030 2936 προεγνω-

449 2954 646 3025 σμένον
673 2954 837 3008 καλὸν
858 2956 1174 3026 δυναμένοις
1196 2957 1254 3009 ἐν
1288 2956 1365 3026 τῷ
1390 2955 1783 3025 ἀγωνίσασθαι,
1809 2957 1906 3009 καὶ
1938 2959 2033 3010 ἁν-

446 3047 695 3101 τιτείνειν
728 3048 864 3119 πρὸς
895 3048 994 3119 τὴν
1024 3048 1222 3102 κακίαν
1248 3050 1306 3100 ἐν
1338 3050 1508 3120 ἀρετῇ
1535 3047 1747 3117 βιῶσαι,
1780 3047 1928 3101 αίτὶα
1947 3049 2033 3116 γέ-

2127 1954 2208 2009 rei
2238 1953 2507 2023 cujusque
2533 1952 2817 2007 veritatem
2848 1949 2903 2004 in
2933 1963 2994 2005 se
3026 1948 3145 2018 ipso
3167 1944 3481 2016 praenoscit,
3510 1943 3588 1998 ita
3606 1938 3706 1997 Ju-

2127 2045 2254 2100 dum
2283 2058 2341 2098 re
2370 2042 2488 2113 ipsa
2517 2041 2855 2111 proditorem
2902 2038 3152 2093 futurum
3211 2039 3542 2105 praenoscet,
3574 2043 3704 2085 cum

2127 2139 2335 2194 interea
2386 2135 2535 2206 quod
2581 2148 2708 2190 eum
2741 2135 2797 2188 in
2832 2131 3057 2187 modum
3093 2125 3396 2199 cognoscit,
3430 2124 3591 2181 aliter
3633 2136 3705 2177 ex

2129 2244 2250 2285 sese
2281 2227 2502 2283 evenire
2531 2233 2734 2296 posset.
2786 2223 2975 2293 Itaque
3018 2235 3128 2276 non
3182 2218 3460 2273 immerito
3505 2215 3706 2271 divinae

2125 2318 2451 2391 praenotioni
2475 2315 2745 2388 ejusmodi
2762 2315 2940 2375 oratio
2964 2313 3236 2368 tribuatur
3258 2328 3274 2365 :
3296 2309 3558 2366 Accidere
3580 2321 3704 2362 om-

2126 2414 2261 2469 nino
2284 2419 2482 2482 potest,
2509 2409 2590 2465 uti
2623 2411 2726 2464 hoc
2760 2407 2828 2461 ab
2857 2407 2963 2461 isto
2989 2404 3116 2471 fiat;
3145 2419 3247 2460 nec
3278 2402 3462 2457 minus
3496 2409 3703 2463 tamen,

2127 2503 2205 2558 uti
2235 2500 2572 2557 contrarium
2600 2518 2613 2554 :
2640 2513 2742 2569 ego
2772 2511 2928 2564 vero,
2954 2512 3078 2550 cum
3107 2495 3223 2550 fieri
3251 2502 3547 2564 utrumque
3574 2508 3708 2565 pos-

2128 2596 2219 2660 sit,
2251 2595 2480 2649 alterum
2511 2594 2617 2648 hoc
2642 2591 2891 2646 futurum
2928 2588 3079 2643 novi.
3127 2586 3315 2658 Neque
3354 2587 3501 2642 enim
3539 2585 3705 2648 Deus,

2128 2685 2590 2757 quemadmodum
2618 2692 2674 2739 ut
2703 2693 2890 2738 certus
2920 2682 3009 2737 hic
3054 2682 3221 2736 homo
3250 2680 3413 2745 volet,
3445 2678 3562 2734 fieri
3593 2694 3707 2733 non

2129 2794 2295 2849 posse
2323 2778 2668 2848 pronuntiat,
2699 2776 2771 2830 ita
2798 2774 3027 2846 perinde
3075 2787 3141 2828 ac
3189 2771 3238 2827 si
3288 2772 3471 2842 aliqua
3519 2770 3593 2824 de
3645 2783 3709 2825 re

2129 2871 2412 2926 oraculum
2445 2870 2651 2934 ederet,
2680 2868 2829 2922 hunc
2853 2875 2947 2922 aut
2980 2866 3133 2920 illum
3164 2870 3556 2934 temperantem
3585 2860 3709 2917 fieri

2130 2981 2296 3036 posse
2336 2974 2519 3036 negat.
2545 2962 2683 3017 Nam
2717 2979 2844 3018 cum
2869 2963 3015 3017 nulla
3048 2976 3276 3031 prorsus
3307 2960 3374 3015 ad
3405 2959 3707 3014 volandum

2132 3055 2393 3111 facultate
2423 3056 2723 3110 instructus
2746 3053 2912 3124 289
2937 3055 3103 3108 homo
3133 3052 3223 3117 sit,
3248 3051 3494 3121 ejusdem
3522 3059 3708 3105 tamen

449 3156 610 3211 νηται
654 3142 689 3209 ἡ
719 3140 1025 3210 πρόγνωσις
1056 3139 1349 3206 ἐκλύσεως,
1373 3140 1474 3192 οὐκ
1507 3138 1588 3192 ἔτι
1613 3139 1842 3203 εὐτόνως
1876 3142 2025 3194 ἱστα-

2142 3146 2428 3218 potestatis
2461 3154 2565 3213 est,
2613 3144 2698 3200 vel
2745 3152 3109 3214 temperanter
3154 3142 3241 3198 vel
3284 3142 3712 3211 intemperanter

454 3232 636 3301 μένοις
662 3231 804 3284 κατὰ
832 3231 930 3302 τῆς
954 3230 1249 3301 ἁμαρτίας,
1281 3231 1358 3294 ὡς
1388 3231 1606 3294 πάντως
1645 3232 1905 3303 ἐσομένου
1933 3232 2027 3286 τοῦ

452 3340 680 3395 προειρη
692 3324 875 3393 μένου.
904 3325 1014 3377 Καὶ
1037 3323 1179 3376 οὕτω
1204 3324 1310 3393 γὰρ
1330 3317 1441 3384 οἷον
1459 3323 1715 3393 ἐμπόδιον
1742 3323 1938 3392 γένοιτ’
1962 3323 2030 3377 ἂν

451 3413 486 3484 ἡ
516 3414 822 3485 πρόγνωσις
847 3412 941 3466 τοῦ
968 3413 1226 3484 ἐσομένου
1257 3410 1442 3464 καλοῦ.
1475 3412 1659 3466 Πάντα
1685 3412 1814 3481 γοῦν
1840 3414 2034 3485 χρησί-

456 3523 572 3578 μως
594 3509 622 3560 ό
647 3507 778 3571 Θεὸς
809 3506 878 3561 τὰ
906 3506 1049 3561 κατὰ
1073 3507 1163 3560 τὸν
1196 3507 1399 3575 κόσμον
1429 3505 1728 3574 οἰκονομῶν
1745 3546 1760 3571 ,
1794 3506 2032 3575 εὐλόγως

452 3598 600 3668 ἡμᾶς
628 3601 723 3654 καὶ
749 3599 886 3672 πρὸς
908 3600 977 3654 τὰ
1012 3600 1273 3671 μέλλοντα
1304 3599 1632 3668 ἐτύφλωσεν.
1668 3599 1733 3651 Ἦ
1752 3597 1859 3671 γὰρ
1892 3598 2032 3668 γνῶ-

454 3703 540 3750 σις
568 3688 747 3742 αὐτῶν
781 3689 954 3760 ἀνῆκε
989 3690 1087 3761 μὲν
1118 3690 1264 3760 ἡμᾶς
1290 3690 1399 3743 ἀπὸ
1431 3687 1527 3742 τοῦ
1556 3687 1738 3741 ἀθλεῖν
1770 3688 1911 3742 κατὰ
1933 3690 2031 3760 τῆς

453 3778 672 3845 κακίας,
708 3779 974 3850 ἐπέτρεψε
1005 3781 1049 3833 δ’
1068 3779 1133 3834 ἂν
1157 3780 1355 3845 δόξασα
1382 3779 1758 3851 κατειλῆφθαι,
1787 3779 1926 3851 πρὸς
1947 3779 2029 3842 τὸ,

457 3870 532 3943 μὴ
559 3871 1049 3936 ἁντιπαλαίσαντας
1085 3873 1233 3943 ἡμᾶς
1261 3875 1329 3944 τῇ
1362 3871 1637 3944 ἁμαρτίᾳ,
1671 3871 1857 3942 τάχιον
1890 3872 2029 3942 αὐτῇ

453 3962 799 4035 ὑποχειρίους
831 3962 1104 4032 γενέσθαι.
1147 3963 1300 4034 ’Ἅμα
1341 3964 1397 4016 δὲ
1435 3964 1531 4017 καὶ
1576 3962 1881 4034 μαχόμενον
1919 3960 2030 4033 (42)

454 4053 772 4124 ἐγίνετοστῷ
798 4054 961 4109 καλὸν
994 4054 1088 4107 καὶ
1114 4052 1317 4123 ἀγαθὸν
1357 4054 1611 4123 γενέσθαι
1657 4052 1781 4107 τινὰ
1828 4053 1888 4107 τὸ
1934 4052 2031 4125 τὴν

454 4146 764 4218 πρόγνωσιν
814 4146 1130 4217 ἐληλυθέναι
1182 4149 1262 4211 εἰς
1290 4146 1441 4200 τόνδε
1486 4146 1640 4212 τινὰ,
1685 4146 1768 4200 ὅτι
1814 4146 2031 4210 πάντως

454 4238 607 4292 ἔσται
630 4238 853 4308 ἁγαθός.
882 4239 1026 4311 Πρὸς
1056 4235 1137 4303 οἷς
1168 4239 1277 4310 γὰρ
1295 4237 1488 4309 ἔχομεν
1523 4237 1655 4309 (45),
1686 4238 1783 4292 καὶ⁹
1807 4237 2032 4311 σφοδρό-

527 4352 574 4383 ⁸⁷
604 4350 751 4406 Psal.
787 4367 940 4417 cvm,
967 4352 1058 4406 12.

528 4465 642 4536 (ιο)
674 4468 755 4521 Οὐ
785 4464 1366 4535 προσποιησάμενος.
1398 4431 1639 4520 Gallicus
1685 4463 1847 4536 etiam
1883 4463 2027 4519 idio-

453 4512 582 4610 tisin
592 4512 654 4590 us
683 4512 798 4610 est,
822 4512 899 4591 ire
929 4512 1267 4610 {mugiit}:
1289 4512 2030 4610 32;»Etahzi'rjucidﬁiihiiis
2057 4512 2104 4568 D
2133 4512 2872 4610 ᾗξοῖξηῖιῐιτῶν

455 4607 638 4661 minus
683 4608 917 4675 patitur;
959 4606 1107 4660 aliud
1137 4607 1282 4661 enim
1329 4616 1431 4667 est,
1465 4621 1568 4675 non
1596 4605 1788 4658 stmulo
1818 4620 1900 4658 me
1929 4619 2028 4658 au-

454 4678 588 4741 dire,
620 4674 788 4741 aliud,
823 4675 1015 4731 simulo
1046 4692 1126 4729 me
1171 4692 1273 4730 non
1307 4675 1514 4743 audire,
1541 4674 1656 4743 hoc
1688 4682 1792 4740 est,
1835 4675 2024 4728 audire

455 4761 537 4798 me
562 4740 863 4801 dissimulo.
903 4748 972 4800 At
1006 4745 1209 4801 Graecis
1236 4740 1516 4814 Gallisque
1544 4740 1768 4812 perinde
1797 4753 1901 4806 est,
1929 4760 2025 4799 seu

474 4818 812 4871 iraemittatur
874 4817 1126 4885 negatio,
1158 4831 1287 4885 seu
1345 4821 1764 4885 consequatur,_
1809 4816 2025 4885 tametsi

476 4900 616 4954 onge
634 4888 834 4955 saepius
861 4883 1113 4956 praernitti
1140 4884 1326 4956 Graece
1351 4883 1715 4956 consueverit.
1751 4883 2023 4938 interdum

452 4953 1122 5026 vero_,_¢:pocrrozeicegt,
1167 4953 1521 5018 ἐλλειπτικῶς
1572 4962 1904 5026 usurpatur,
1965 4962 2029 5026 ut

454 5024 595 5095 apud
628 5022 976 5095 Demosthen.
1022 5024 1128 5079 Pro
1156 5041 1333 5079 coron.
1365 5041 1384 5078 :
1418 5026 1558 5094 Ὅρα
1582 5022 1655 5093 μὴ
1690 5022 1907 5095 τούτων.
1928 5024 2025 5095 μὲν

678 5087 766 5166 ᾖς,
798 5097 923 5167 ἐμοὶ
942 5097 1028 5168 *δὲ
1059 5098 1367 5168 προσποιῇ,
1393 5087 2020 5168 suhji_ntell_igitur,_eivat.

453 5160 591 5219 Ibid.
621 5160 869 5221 aduersus
910 5160 1253 5230 Esclu‘hem,
1281 5160 1374 5233 qui
1407 5181 1437 5219 a
1471 5160 1788 5219 liberalibus
1821 5164 2027 5233 doctri-

453 5235 542 5289 nis
574 5235 873 5304 imparatus
904 5253 1030 5291 cum
1060 5244 1223 5298 esset,
1260 5231 1456 5290 eruditi
1499 5240 1788 5304 nomen__et
1818 5231 2020 5288 famam

453 5302 761 5360 ambiebat:
792 5308 917 5369 Τοῖς
970 5306 1026 5359 δὲ
1090 5305 1461 5374 ἀπολειφθεῖσι
1495 5304 1631 5375 μὲν,
1688 5302 1878 5375 ὥσπερ
1915 5305 2019 5375 σοὶ,

452 5376 935 5446 προσποιουμένοις
955 5376 1012 5429 δὲ
1045 5376 1135 5428 ὑπ’
1165 5373 1538 5446 ἀναισθησίας,
1568 5373 1628 5446 τό
1649 5373 2024 5446 τοὺςάκούον-

452 5442 550 5508 τας
578 5442 768 5514 ἀλγεῖν
791 5449 984 5508 ποιεῖν,
1020 5446 1147 5498 ὅταν
1183 5442 1412 5514 λέγωσιν
1432 5483 1446 5508 ,
1474 5444 1534 5497 ού
1561 5444 1624 5497 τὸ
1647 5443 1821 5496 δοκεῖν
1845 5442 2021 5498 τοιού-

451 5530 566 5578 τοις
599 5514 735 5569 εἶναι
766 5516 1061 5585 περίεστιν.

527 5584 639 5655 (41)
672 5583 1113 5655 Αἱτίαήγένηται
1134 5626 1151 5651 ,
1183 5593 1288 5641 etc.
1319 5584 1477 5639 Αἰτίαι
1520 5583 1613 5655 hic
1652 5583 1869 5655 occasio
1902 5591 2019 5655 est,

453 5652 700 5777 ἀφορμή.
732 5652 905 5710 Porro
930 5652 1104 5709 αἰτίαν
1130 5655 1224 5721 ait,
1261 5671 1370 5710 non
1398 5654 1643 5710 absolute
1666 5653 1759 5706 τοῦ
1797 5652 1872 5723 μὴ
1896 5654 2019 5706 ἐπι-

458 5741 556 5777 στο
587 5742 705 5777 vat.
740 5726 830 5777 sed
855 5724 964 5777 τῶν
996 5725 1423 5777 ἁμαρτημάτων.
1460 5723 1571 5777 Nec
1601 5724 1746 5777 enim
1775 5724 1888 5776 lieri
1920 5739 2019 5777 Do-

458 5723 705 5794 στρέψαι,
740 5724 964 5796 sedisti»)
996 5725 1423 5796 ἁμαρτημάτων.
1446 5723 1571 5796 _Nec
1601 5724 1746 5778 enim
1775 5724 1888 5796 fieri
1920 5739 2021 5796 po-_-

456 5793 680 5864 tes’t,’ut
706 5795 851 5867 quod
884 5797 1016 5851 mihi
1037 5793 1396 5852 'Deus"certo
1436 5794 1681 5849 futurum
1709 5793 1938 5864 aperiat,
1966 5794 2019 5848 id

2130 3238 2337 3293 vivere’.
2367 3235 2444 3291 Ita
2475 3252 2601 3291 cum
2653 3248 2945 3305 utramque
2991 3233 3304 3290 facultatem
3359 3232 3578 3300 habeat,
3611 3231 3709 3302 qui

2131 3327 2539 3385 cohortationes
2588 3335 2643 3383 et
2687 3326 2952 3383 doctrinm
2977 3334 3249 3397 praecepta
3277 3324 3524 3394 negligit,
3553 3324 3708 3379 dete-

2130 3420 2264 3475 riori
2301 3434 2423 3475 sese
2457 3419 2753 3489 permittit;
2786 3419 2882 3490 qui
2920 3419 3047 3474 vitae
3076 3418 3143 3472 ad
3186 3416 3431 3472 veritatis
3451 3430 3706 3472 normam

2130 3511 2408 3582 exigendae
2431 3510 2634 3575 studio,
2668 3510 2722 3564 in
2745 3510 2865 3580 eius
2898 3508 3246 3580 indagatione
3268 3513 3541 3573 versatur,
3562 3506 3610 3562 is
3639 3506 3708 3561 ad

2130 3605 2414 3659 meliorem
2451 3617 2573 3657 sese
2622 3600 2892 3673 adjungit.
2925 3600 3220 3667 Cancrum,
3267 3597 3417 3671 quod
3450 3600 3589 3654 alter
3638 3598 3711 3653 de

2129 3709 2262 3748 vero
2282 3692 2591 3764 indaganda
2627 3695 2808 3747 minus
2839 3691 3072 3755 laboret,
3106 3689 3401 3761 voluptatis
3453 3688 3507 3743 id
3555 3689 3713 3759 cupi-

2132 3784 2304 3840 dilato
2342 3786 2439 3852 tit;
2476 3784 2611 3839 alter
2638 3798 2792 3851 vero,
2825 3784 2974 3855 quod
2998 3783 3120 3854 ejus
3149 3782 3332 3838 studio
3375 3795 3717 3852 magnopere

2132 3883 2405 3941 teneatur,
2458 3876 2565 3931 hoc
2616 3883 2768 3930 certo
2805 3875 3043 3945 quodam
3092 3873 3431 3945 proprioque
3473 3872 3708 3930 consilio

2131 3966 2282 4033 facit,
2319 3968 2388 4023 ad
2418 3968 2565 4038 quod
2593 3968 2790 4037 partim
2841 3967 2960 4037 ipsa
2995 3966 3216 4021 notione
3250 3980 3526 4037 sensuque
3554 3980 3709 4020 com-

2133 4058 2309 4125 muni,
2338 4057 2537 4128 partim
2567 4056 2951 4112 cohortatione
2996 4055 3263 4110 adductus
3299 4064 3405 4111 est.
3432 4054 3715 4110 Praeterea

2131 4151 2464 4220 voluptatem
2498 4149 2638 4204 alter
2671 4162 2780 4203 non
2810 4163 2877 4203 eo
2900 4147 3304 4216 complectitur,
3328 4146 3480 4217 quod
3505 4146 3703 4202 adver-

2132 4259 2229 4301 sus
2256 4258 2377 4299 eam
2408 4242 2709 4299 consistere
2733 4248 2988 4309 nequeat,
3013 4239 3107 4295 sed
3132 4238 3278 4309 quod
3304 4253 3550 4310 pugnare
3568 4253 3695 4294 cum

2133 4467 2312 4538 ipsum
2347 4471 2630 4535 propterea
2671 4476 2779 4516 non
2811 4460 3056 4528 eveniat,
3101 4461 3248 4531 quod
3278 4471 3429 4516 certo
3458 4460 3704 4516 futurum

2133 4536 2423 4585 anemerit.
2450 4532 2574 4585 Haec
2594 4532 2737 4585 enim
2765 4532 2872 4585 τῶν
2900 4531 3351 4585 ἀντιμαγοιιένων
3383 4531 3550 4585 ἐστίν.

2205 4536 2423 4594 eruerit.
2450 4535 2574 4587 Haec
2594 4535 2737 4586 enim
2765 4535 2872 4585 τῶν
2900 4535 3351 4656 ἀντιμαχιιηιένων
3383 4535 3550 4586 ἐστίν.

2205 4606 2317 4689 με)
2347 4606 2493 4689 ’Ἁμξι
2521 4601 2589 4684 es
2608 4602 2712 4689 καὶ
2744 4605 3107 4689 μεθιέμενον·
3185 4602 3476 4689 ςειτίέιρη
3506 4609 3706 4689 Paesto

2132 4671 2264 4747 quin
2297 4671 2811 4747 hocjluriusculum
2832 4671 2947 4747 sit;
2982 4671 3381 4747 imotsi‘absit
3406 4671 3704 4744 ὑπερϐολή,

2132 4743 2354 4802 falsum.
2390 4743 2622 4799 Tantum
2656 4744 2799 4797 enim
2848 4743 3021 4805 abest,
3054 4751 3115 4797 ut
3146 4743 3260 4799 haec
3296 4743 3407 4797 duo
3442 4743 3704 4813 pugnent,

2133 4827 2194 4871 ut
2219 4815 2506 4871 manifesta
2535 4814 2719 4883 potius
2746 4813 3025 4883 ἀντιλογία
3055 4814 3155 4876 sit,
3188 4813 3388 4883 aperiri
3418 4813 3705 4877 divinitus,

2132 4887 2213 4940 ὅτι
2268 4887 2486 4949 πάντως
2533 4882 2961 4954 ἕσταιᾼάγαθός,
2997 4893 3051 4938 et
3099 4882 3277 4938 tamen
3324 4882 3705 4954 illumiipsum

2131 4957 2229 5010 οὐκ
2276 4954 2480 5026 ἀγαθὸν
2535 4951 2806 5026 γενέσθαι.
2864 4955 2969 5009 Sed
3021 4954 3164 5009 ratio
3210 4968 3376 5024 quam
3424 4951 3707 5022 subiungit

2131 5024 2434 5082 molliorem
2465 5024 2963 5093 interpretationem
2993 5027 3218 5093 patitur,
3246 5037 3372 5079 cum
3402 5037 3467 5093 ea
3489 5031 3703 5093 tantum

2133 5096 2303 5151 futuri
2337 5091 2677 5163 cognitione,
2700 5094 2810 5149 vim
2834 5103 2890 5149 et
2917 5091 3334 5163 contentionem,
3353 5091 3523 5163 animi
3553 5092 3705 5147 debi-

2131 5166 2341 5222 litatum
2395 5161 2460 5219 iri
2510 5162 2807 5233 signiﬁcet;
2839 5164 2983 5234 quod
3003 5204 3030 5234 ,
3047 5164 3113 5217 τό
3144 5179 3209 5231 γε
3240 5161 3490 5234 καθόλου,
3523 5170 3581 5216 et
3606 5177 3704 5215 ve-

2131 5237 2412 5318 rissimum
2448 5230 2635 5296 estfet
2664 5230 2977 5290 sanctorum
3006 5230 3228 5289 Patrum
3252 5247 3347 5287 ore
3374 5230 3705 5302 frequentis-

2130 5321 2353 5361 srmum.

2202 5376 2312 5447 (45)
2359 5375 2531 5447 Πρὸς-λ
2558 5369 2651 5441 οἷς
2681 5373 2793 5443 γὰρ
2838 5372 3078 5447 ἔχομεν,
3115 5371 3326 5447 Integer
3377 5373 3533 5447 locus
3576 5380 3701 5435 est;

2128 5442 2335 5500 tantum
2371 5442 2536 5499 dandi
2572 5442 2735 5513 casus
2766 5443 2946 5513 χρείᾳ,
2972 5442 3067 5510 qui
3095 5442 3362 5513 sequitur,
3397 5442 3455 5497 in
3489 5450 3697 5497 rectum

2128 5515 2420 5569 mutandus
2446 5514 2675 5568 videtur.
2710 5511 2815 5566 Per
2822 5511 2910 5582 ea
2924 5525 3053 5566 vero
3076 5527 3200 5582 qua:
3228 5512 3516 5578 habemus,
3548 5513 3703 5566 intel-

2127 5585 2265 5662 ligit,
2300 5585 2518 5653 opinor,
2536 5582 2618 5662 ﬁt)
2649 5583 2779 5662 ἡμῖν
2805 5580 3126 5662 ἐμφυταλόι
3160 5583 3372 5662 semina
3382 5582 3499 5662 _illa
3526 5582 3700 5662 hone-

2128 5651 2285 5710 statis
2309 5651 2471 5725 atque
2498 5651 2738 5718 virtutis,
2764 5651 2886 5723 quae
2927 5651 3089 5709 nobis
3126 5667 3254 5710 cum
3293 5652 3507 5710 ratione
3534 5652 3702 5709 insita

2128 5734 2278 5782 sunt.
