4162 6416
461 326 569 385 495

1062 328 1336 387 EUSEBII
1375 329 1854 386 CIESARIENSIS
1889 330 2042 388 OPP.
2083 329 2264 385 PARS
2302 328 2365 384 ll.
2407 358 2478 369 ——
2515 329 3021 387 APOLOGETICA.

3613 331 3722 387 ινδ

462 458 527 497 ea
562 441 868 508 luetarique
890 440 1028 496 nolit
1054 459 1068 495 :
1098 442 1274 497 calcat
1295 445 1540 498 eamdem
1575 444 1735 512 alter,
1765 446 1910 516 quod
1938 446 2029 499 ad-

2142 461 2301 514 τητος
2325 443 2419 496 καὶ
2451 442 2659 507 τάσεως
2694 443 2941 507 πλείονος
2971 442 3131 515 χρείᾳ
3160 442 3296 514 πρὸς
3327 442 3388 496 τδ
3416 442 3582 497 καλὸν
3627 444 3723 498 καὶ

459 533 708 604 junctam
743 533 794 588 ei
833 541 894 586 ut
943 533 1238 603 plurimum
1287 535 1684 603 turpitudinem
1732 536 1876 590 ferre
1924 551 2035 591 non

462 624 657 694 possit.
682 623 762 677 Ac
782 624 988 677 nullam
1016 638 1242 693 prorsus
1262 640 1293 678 a
1324 625 1512 681 divina
1542 627 1905 696 praenotione,
1939 642 2027 680 re-

460 716 568 771 bus
599 716 689 780 iis,
719 729 860 785 quas
895 714 1177 786 praavidet,
1231 717 1613 772 necessitatem
1648 718 1878 787 imponi,
1910 734 2037 773 cum

460 807 840 878 superioribus
865 808 1225 877 argumentis,
1252 816 1367 862 tum
1391 808 1496 863 hoe
1531 809 1756 879 insuper
1778 808 2034 866 ellieilur.

457 900 605 971 quod
639 900 695 955 in
725 899 899 955 sacris
927 899 1131 969 passim
1155 899 1351 956 litteris
1376 900 1653 971 propheta:
1675 901 1742 956 ad
1768 902 2039 972 paeniten-

457 993 593 1046 tiam
628 990 879 1046 homines
912 991 1192 1046 cohortari
1220 990 1541 1062 jubeantur,
1575 991 1740 1062 idque
1787 992 2035 1062 perinde,

460 1097 524 1137 ac
558 1082 603 1136 si
630 1091 814 1135 utrum
841 1081 879 1136 ii
908 1083 1186 1137 meliorem
1225 1083 1291 1136 ad
1323 1080 1535 1154 frugem
1569 1098 1690 1138 sese
1738 1084 2035 1153 recepturi,

458 1189 529 1229 an
577 1174 696 1229 suis
735 1174 791 1228 in
840 1174 1141 1230 sceleribus
1187 1175 1388 1230 hmsuri
1438 1190 1604 1245 porro
1654 1190 1718 1230 ac
1753 1176 2036 1246 perstituri

458 1266 591 1330 sint,
625 1264 922 1337 ignoraret.
958 1264 1053 1321 Sic
1082 1266 1224 1335 apud
1254 1264 1546 1319 Jeremiam
1578 1265 1829 1331 habetur,
1865 1284 1883 1316 ι
1909 1263 2038 1319 For-

457 1357 599 1411 sitan
670 1357 913 1421 audient,
970 1367 1023 1411 et
1085 1369 1245 1428 agent
1311 1357 1709 1426 paenitentiam.
1762 1376 1780 1409 ι
1840 1355 2031 1426 Neque

462 1446 633 1513 enim,
678 1446 847 1515 quod,
891 1446 1130 1500 audituri
1166 1445 1275 1501 sint
1296 1462 1488 1514 necne,
1533 1448 1715 1503 minus
1747 1447 2032 1519 intelligat,

456 1536 662 1592 idcirco
694 1539 843 1593 hunc
875 1538 928 1593 in
961 1539 1184 1594 modum
1242 1538 1359 1608 ipse
1409 1538 1674 1609 loquitur,
1714 1557 1732 1590 ι
1772 1537 2025 1595 Forsitan

455 1629 700 1697 audient,
759 1638 813 1685 et
869 1638 1031 1702 agent
1087 1629 1487 1700 paenitentiam,
1543 1648 1563 1681 ι
1618 1631 1714 1686 sed
1768 1640 1829 1685 ut
1884 1631 2031 1685 illam

454 1722 863 1792 quodammodo
896 1738 1081 1793 parem
1112 1725 1167 1776 in
1201 1730 1493 1791 utramque
1542 1730 1774 1791 partem,
1802 1720 1911 1775 vim
1947 1719 2030 1775 fa-

2143 532 2344 600 ἀγαθὸν
2364 532 2651 602 γενέσθαι·
2690 533 3206 604 προκαταληφθείσα
3238 533 3296 587 δὲ
3329 536 3362 605 ἡ
3401 534 3603 603 γνῶσις
3629 534 3723 588 τοῦ

2140 625 2358 688 πάντως
2407 623 2571 678 καλὸν
2621 624 2717 678 καὶ
2770 624 2973 693 ἀγαθὸν
3002 625 3291 693 γενέσθαι,
3335 625 3596 679 ὑπεκλύει
3624 625 3723 696 τὴν

2136 716 2393 786 ἄσκησιν.
2421 716 2621 787 Διόπερ
2650 716 3036 787 συμφερόντως
3072 717 3173 770 οὐκ
3204 718 3360 787 ῐσμεν
3403 719 3454 770 εἰ
3503 716 3723 786 ἀγαθοὶ,

2138 805 2259 860 οὔτε
2288 809 2335 859 εξ
2377 807 2605 879 πονηροὶ
2666 806 2923 878 ἐσόμεθα,
2985 808 3136 862 Ἐπεὶ
3179 808 3237 862 δὲ
3279 810 3721 881 εἰρήκαμεν,ὃτι

2137 896 2525 966 ἀπετύφλωσεν
2558 898 2708 967 ἡμᾶς
2742 899 2878 969 πρὸς
2906 896 2976 950 τά
3007 897 3265 969 μέλλοντα
3292 902 3319 952 ὁ
3344 898 3496 963 Θεὸς,
3530 898 3721 969 ζητού-

2140 988 2300 1059 μενόν
2336 1006 2388 1042 τι
2425 988 2587 1059 ῥητὸν
2622 988 2731 1041 ἀπὸ
2774 989 2875 1058 τῆς
2936 989 3146 1056 Ἐξόδου
3184 991 3285 1060 ὅρα
3310 1029 3325 1054 ,
3359 992 3408 1043 εἰ
3446 990 3725 1061 δυνάμεθα

2136 1079 2279 1134 οὕτω
2326 1081 2652 1149 σαφηνίσαι·
2692 1099 2709 1132 t
2753 1081 2851 1145 Τίς
2883 1082 3105 1151 ἐποίησε
3135 1082 3417 1151 δύσκωφον
3438 1123 3452 1144 ,
3491 1084 3585 1137 καὶ
3616 1102 3723 1139 κω·

2137 1172 2257 1241 φὺν,
2299 1172 2393 1225 καὶ
2442 1171 2740 1241 βλέποντα,
2773 1173 2867 1226 καὶ
2897 1173 3130 1242 τυφλόν;
3166 1175 3264 1227 οὐκ
3301 1173 3411 1242 ἐγὼ
3445 1175 3646 1246 Κύριος
3692 1178 3723 1229 ό

2136 1264 2305 1329 Θεόςς
2340 1283 2359 1317 ι
2400 1266 2486 1318 ἵνα
2514 1264 2605 1317 τὸν
2635 1264 2797 1318 αὑτὸν
2829 1265 2923 1318 καὶ
2950 1265 3148 1333 τυφλὸν
3190 1267 3283 1321 καὶ
3325 1266 3590 1337 βλέποντα
3620 1286 3719 1321 πε-

2137 1354 2382 1426 ποιηκὼς
2470 1371 2484 1384 ·
2512 1355 2776 1424 βλέποντα
2799 1355 2898 1425 μὲν
2915 1355 3052 1428 πρὸς
3067 1356 3134 1410 τά
3156 1358 3504 1424 ἐνεστηκότα,
3526 1358 3721 1426 τυφλὸν

2136 1446 2193 1500 δὲ
2219 1447 2357 1517 πρὸς
2392 1447 2462 1499 τὰ
2497 1446 2778 1517 μέλλοντα.
2813 1446 2886 1500 Τὸ
2906 1448 3014 1518 γὰρ
3049 1448 3285 1519 περὶτοῦ
3304 1447 3610 1517 δυσκώφου,
3628 1451 3723 1503 καὶ

2136 1537 2321 1606 κωφοῦ
2349 1576 2364 1600 ,
2411 1538 2472 1590 οὐ
2507 1537 2600 1590 τοῦ
2636 1538 2900 1607 παρόντος
2944 1539 3138 1611 καιροῦ
3164 1539 3544 1611 διηγήσασθαι.
3598 1542 3720 1594 ’Ότι

2139 1630 2322 1700 μέντοι
2344 1646 2406 1697 γε
2434 1628 2642 1682 πολλῶν
2668 1631 2777 1683 τῶν
2805 1632 2887 1702 ἐφ’
2904 1633 3037 1701 ἡμῖν
3065 1633 3213 1685 αἴτια
3245 1632 3469 1685 πλεῖστα
3490 1632 3599 1686 τῶν
3621 1635 3722 1689 οὐκ

2136 1720 2221 1787 ἐφ’
2253 1721 2385 1790 ἡμῖν
2414 1723 2552 1782 ἐστι,
2587 1723 2682 1774 καὶ
2708 1724 2872 1792 ἡμεῖς
2896 1722 3300 1794 ὁμολογήσομεν
3322 1743 3335 1758 ·
3361 1718 3437 1778 ὧν
3465 1726 3540 1798 μὴ
3568 1742 3722 1795 γενο-

454 1814 720 1869 cultatum
744 1813 831 1870 his
858 1814 1039 1869 verbis
1070 1815 1325 1870 ostendat
1349 1831 1362 1866 :
1391 1828 1457 1868 ne
1480 1813 1574 1883 qui
1600 1813 1714 1882 jam
1747 1821 1871 1867 ante
1895 1828 2029 1883 prae-

2137 1810 2337 1879 μένων,
2369 1809 2514 1879 λέγω
2549 1812 2606 1865 δὲ
2639 1813 2747 1865 τῶν
2777 1815 2877 1868 οὐκ
2901 1815 2986 1883 ἐφ’
3017 1818 3170 1885 ἡμῖν,
3207 1816 3306 1869 οὐκ
3350 1817 3415 1869 ἂν
3443 1818 3568 1872 τάδε
3598 1819 3725 1878 τινά

456 1906 697 1961 notionis
729 1905 849 1978 ejus
890 1907 1274 1961 certitudinem
1310 1904 1609 1972 audierint,
1638 1905 1675 1960 ii
1707 1905 1940 1975 proinde
1967 1920 2032 1962 ac

454 1998 502 2054 si
531 2005 586 2053 et
617 2013 681 2055 ea
722 1998 1104 2054 necessitatem
1131 1996 1377 2064 inferret,
1410 2011 1512 2053 nee
1543 1995 1831 2053 meliorem
1863 1996 2028 2051 vitam

454 2087 747 2144 instituere
799 2090 1010 2145 arbitrii
1060 2088 1202 2144 foret
1250 2088 1359 2153 sui,
1424 2088 1642 2143 animos
1676 2088 1934 2159 deinceps
1967 2104 2032 2144 ac

453 2196 607 2251 spem
634 2195 853 2236 omnem
881 2180 1163 2249 abjiciant,
1188 2180 1433 2247 adeoque
1451 2179 1505 2232 in
1534 2187 1820 2248 peceatum
1848 2180 1918 2234 ab
1940 2180 2029 2235 illa

451 2271 848 2343 propemodum
880 2271 1250 2340 impellantur.
1281 2269 1484 2325 Deinde
1505 2285 1656 2332 vero,
1682 2285 1753 2325 ne
1778 2271 1871 2341 qui
1896 2270 2028 2325 dum

451 2361 744 2433 praevisum
779 2376 876 2418 eos
912 2362 1114 2416 bonum
1147 2361 1360 2426 lateret,
1412 2373 1593 2429 pugna
1642 2375 1768 2415 cum
1824 2361 2031 2430 impro-

448 2453 620 2509 bitate
652 2462 929 2523 suscepta,
957 2453 1125 2508 vitam
1159 2468 1228 2507 ex
1251 2452 1471 2508 virtutis
1512 2468 1705 2507 norma
1739 2452 2029 2508 instituere

449 2544 778 2615 potuissent,
832 2558 928 2599 cos
984 2545 1107 2599 talis
1152 2551 1343 2600 contra
1373 2544 1640 2614 praenotio
1684 2543 2028 2598 remissiores

2136 1902 2244 1955 τῶν
2267 1903 2502 1974 ἐφ’ὴμίν
2532 1904 2849 1975 ἐπράττετο.
2901 1908 3136 1979 Πράττει
3177 1908 3285 1979 (44)
3330 1910 3387 1963 δὲ
3434 1911 3558 1965 τάδε
3600 1913 3723 1968 τινὰ

2136 1993 2245 2046 τῶν
2294 1994 2382 2061 ἐφ’
2428 1997 2561 2065 ἡμῖν
2609 1997 2878 2051 ἀκόλουθα
2937 2000 3111 2053 τοῖσδε
3175 2004 3288 2064 τοῖς
3331 2004 3719 2075 προεγνωσμέο

2137 2101 2248 2149 νοις
2286 2086 2419 2156 (43),
2448 2087 2548 2139 οὐκ
2577 2087 2662 2157 ἐφ’
2692 2090 2823 2159 ἡμῖν
2848 2090 2959 2158 (46)
2995 2091 3341 2162 ἐνδεχομένου
3366 2094 3459 2147 τοῦ
3485 2096 3577 2148 ἐπὶ
3610 2097 3722 2162 τοῖς

2137 2176 2324 2240 αὐτοῖς
2372 2180 2877 2250 προεγνωσμένοις,
2923 2182 3017 2234 καὶ
3043 2182 3205 2254 ἕτερα
3238 2184 3477 2254 πρᾶξαι,
3529 2189 3660 2254 παρ’
3684 2186 3722 2242 ἃ

2140 2268 2473 2339 πράττομεν.
2504 2270 2566 2322 Εἰ
2595 2268 2651 2322 δέ
2682 2287 2764 2334 τις
2792 2272 2945 2344 ζητεῖ
2969 2273 3029 2328 τὸ
3060 2275 3144 2344 ἐφ’
3168 2278 3299 2347 ἡμῖν
3326 2278 3721 2351 ἀπολελυμένον

2135 2355 2275 2412 εἶναι
2301 2360 2395 2413 τοῦ
2427 2362 2646 2427 παντὸς,
2676 2362 2816 2417 ὥστε
2842 2364 2916 2436 μὴ
2933 2365 3019 2419 διὰ
3038 2368 3165 2420 τάδε
3190 2369 3311 2423 τινά
3338 2370 3722 2442 συμϐεᾶηκότα

2136 2450 2267 2520 ἡμῖν
2301 2453 2447 2521 ἡμᾶς
2479 2454 2751 2521 αἱρεῖσθαι
2770 2455 2919 2521 τάδε,
2950 2458 3296 2529 ἐπιλέλησται
3322 2462 3527 2532 κόσμου
3557 2464 3722 2536 μέρος

2134 2542 2230 2608 ὢν,
2258 2546 2837 2619 καὶτιμπεριεχόμενος
2863 2550 3167 2622 ἀνθρώπιον
3200 2554 3455 2626 κοινωνίᾳ
3500 2556 3594 2609 καὶ
3624 2557 3719 2611 τοῦ

451 2649 517 2689 ac
543 2633 837 2689 solutiores
857 2634 1074 2696 elIiciat,
1100 2632 1246 2703 quod
1275 2633 1406 2688 dum
1446 2631 1607 2702 plane
1638 2630 1847 2686 bonum
1893 2630 2026 2686 illud

2136 2635 2507 2706 περιέχοντος.
2582 2702 2595 2716 ⁸

400 2782 405 2789 ,
446 2726 696 2784 futurum
744 2735 1021 2800 putarent,
1061 2726 1259 2783 minori
1317 2735 1603 2798 propterea
1640 2740 1765 2781 cum
1791 2733 2016 2796 peccato
2054 2728 2224 2783 animi
2274 2734 2624 2790 contentione
2653 2744 2977 2806 pugnarent.
3034 2738 3128 2794 Sic
3181 2740 3328 2795 enim
3359 2741 3476 2810 ipsa
3503 2758 3722 2812 praeno-

448 2820 523 2875 tio
557 2819 802 2876 futurum
857 2835 1076 2892 quoque
1107 2820 1310 2874 bonum
1347 2818 1652 2889 impediret.
1702 2816 2070 2885 Quamobrem
2107 2822 2200 2891 qui
2232 2824 2418 2879 orbem
2459 2828 2777 2884 universum
2811 2832 3086 2902 praecipuo
3132 2848 3317 2888 rerum
3350 2835 3495 2890 bono
3528 2838 3719 2893 mode-

446 2928 599 2973 ratur
628 2914 800 2981 Deus,
831 2915 973 2971 idem
1006 2929 1108 2972 nos
1139 2916 1415 2985 sapienter
1445 2914 1673 2969 omnino
1730 2914 1929 2970 futuris
1960 2914 2016 2969 in
2055 2916 2220 2972 rebus
2279 2934 2456 2976 caecos
2485 2938 2608 2978 csse
2664 2925 2861 2980 voluit.
2910 2925 3109 2982 Earum
3146 2930 3297 2986 enim
3327 2933 3591 3003 cognitio,
3637 2933 3717 2988 uti

449 3026 701 3071 nostrum
738 3012 1003 3068 adversus
1055 3009 1460 3082 improbitatem
1525 3009 1788 3079 impetum
1845 3011 2322 3083 constantiamque
2357 3015 2652 3087 frangeret,
2711 3019 2786 3074 ita
2851 3020 2982 3076 dum
3009 3032 3156 3078 certa
3176 3025 3391 3096 fixaque
3423 3026 3713 3091 videretur,

445 3107 607 3178 longe
650 3121 751 3162 nos
777 3106 940 3161 citius
970 3112 1136 3174 atque
1186 3101 1423 3169 facilius,
1472 3103 1622 3157 omni
1672 3102 2024 3159 contentione
2060 3104 2292 3175 abjecta,
2344 3109 2569 3165 sceleris
2627 3110 2683 3164 in
2723 3111 3068 3169 dominatum
3100 3130 3166 3171 ac
3194 3127 3523 3186 potestatem
3547 3119 3720 3174 addu-

449 3211 619 3260 ceret.
651 3200 767 3257 lmo
801 3209 1109 3274 pugnarent
1148 3200 1253 3255 ista
1321 3213 1533 3266 secum,
1570 3206 1631 3253 ut
1691 3198 1835 3255 idem
1889 3206 1944 3254 et
1978 3199 2184 3270 probus
2242 3204 2520 3271 evaderet,
2565 3214 2621 3261 et
2671 3206 2837 3278 290
2880 3218 3030 3265 certo
3073 3211 3305 3280 probum
3363 3227 3422 3266 se
3469 3211 3715 3267 futurum

444 3315 568 3356 esse
594 3306 913 3369 prmnosset.
943 3295 1081 3351 Nam
1124 3310 1248 3351 cum
1275 3304 1469 3366 praeter
1529 3309 1616 3360 ea,
1659 3310 1781 3364 quae
1820 3294 1981 3350 nobis
2032 3295 2205 3352 indita
2263 3307 2416 3363 sunt,
2462 3316 2663 3371 magno
2719 3306 2946 3370 insuper
2996 3302 3065 3357 ad
3114 3304 3369 3359 virtutem
3416 3306 3715 3374 parandam

444 3405 511 3447 ac
534 3390 845 3445 vehementi
900 3397 1097 3443 conatu
1127 3401 1266 3458 opus
1316 3387 1634 3451 habeamus,
1656 3394 1772 3440 tum
1796 3395 2061 3458 occupata
2080 3388 2252 3443 semel
2283 3389 2387 3445 ista
2417 3391 2632 3447 virtutis
2664 3400 2819 3446 certo
2841 3392 3037 3446 futurae
3059 3401 3432 3463 praeceptaque
3453 3396 3712 3463 cognitio,

444 3486 558 3540 vim
615 3484 1023 3542 exercitationis
1074 3497 1295 3538 omnem
1349 3482 1616 3538 debilitat.
1684 3480 1760 3537 Ita
1808 3483 2039 3553 probine
2102 3482 2274 3541 futuri
2325 3488 2499 3543 simus
2567 3504 2637 3542 an
2684 3487 2941 3557 improbi,
3012 3502 3232 3542 summo
3279 3497 3469 3558 utique
3522 3500 3713 3546 nostro

444 3579 597 3635 bono
653 3579 997 3651 ignoramus.
1062 3577 1170 3633 Sed
1214 3578 1474 3647 quoniam
1532 3578 1720 3633 divino
1768 3580 2000 3635 consilio
2053 3579 2260 3637 factum
2295 3597 2418 3639 esse
2465 3583 2728 3646 diximus,
2776 3591 2836 3636 ut
2882 3582 3049 3636 rebus
3094 3582 3151 3636 in
3206 3582 3407 3638 futuris
3457 3586 3711 3640 excutia-

445 3690 594 3742 mus,
642 3676 901 3731 videnum
931 3674 1057 3730 inde
1087 3673 1338 3729 fortassis
1395 3673 1524 3728 huic
1576 3672 1753 3730 Exodi
1815 3676 2109 3745 quastioni
2147 3677 2286 3732 lucis
2335 3692 2368 3731 a
2415 3677 2572 3732 nobis
2627 3676 2834 3747 aliquid
2882 3675 3064 3730 aﬂ'erri
3107 3677 3303 3746 possit,
3353 3695 3374 3730 ι
3413 3677 3550 3745 Quis
3585 3677 3711 3734 fecit

447 3772 792 3828 surdastrum
841 3785 908 3826 ac
955 3770 1206 3835 surdum,
1270 3769 1538 3825 videntem
1598 3778 1656 3825 et
1715 3771 1957 3827 caecum?
2026 3769 2220 3827 Nonne
2273 3785 2377 3843 ego
2431 3771 2697 3827 Dominus
2753 3770 3002 3827 Deus"?
3037 3791 3056 3825 ι
3097 3771 3167 3827 Ut
3234 3789 3437 3828 caecum
3508 3775 3713 3845 pariter

446 3881 514 3923 ac
545 3867 683 3922 bene
732 3865 1012 3921 oculatum
1062 3865 1169 3920 hoc
1216 3879 1385 3921 sensu
1443 3864 1640 3920 fecisse
1679 3865 1916 3931 dicatur,
1965 3865 2021 3921 in
2059 3866 2420 3937 praesentibus
2467 3867 2768 3931 oculatum,
2811 3881 3016 3922 caseum
3052 3867 3106 3921 in
3142 3866 3364 3924 futuris.
3407 3867 3540 3923 Nam
3585 3884 3712 3924 sur-

448 3963 620 4019 dastri
644 3961 867 4033 quidem
924 3961 1186 4031 surdique
1242 3960 1509 4017 rationem
1570 3976 1637 4016 ac
1687 3961 1985 4017 discrimen
2035 3963 2346 4032 exquirere,
2396 3961 2562 4031 hujus
2609 3961 2718 4018 loci
2768 3977 2876 4017 non
2924 3969 3030 4017 est.
3064 3960 3416 4033 Quanquam,
3472 3963 3707 4034 plurima

447 4072 600 4122 sane,
626 4073 749 4127 quae
774 4058 917 4128 juris
944 4056 1117 4112 nostri
1169 4071 1280 4111 non
1335 4064 1485 4123 sunt,
1544 4056 1845 4111 multorum
1892 4057 2058 4111 etiam
2097 4072 2221 4127 quae
2246 4064 2436 4112 nostra
2472 4056 2526 4110 in
2560 4064 2828 4127 potestate
2873 4056 3002 4120 sint,
3054 4071 3277 4112 causam
3308 4057 3579 4112 interdum
3615 4070 3708 4110 es-

447 4169 528 4220 se,
566 4152 799 4207 fatemur
822 4151 925 4225 ipsi
946 4165 1167 4221 quoque
1197 4169 1209 4204 :
1241 4165 1307 4205 ac
1343 4159 1629 4220 propterea
1661 4150 1768 4205 nisi
1793 4164 1879 4210 ea,
1911 4150 2016 4205 hoc
2049 4158 2154 4215 est,
2213 4149 2269 4203 in
2332 4164 2456 4220 quae
2503 4149 2788 4220 potestatis
2820 4163 2885 4204 ac
2918 4148 3061 4218 juris
3108 4149 3374 4205 habemus
3408 4148 3565 4209 nihil,
3603 4163 3706 4202 an-

448 4246 776 4309 tecederent,
804 4259 874 4301 ne
925 4245 1041 4301 haec
1066 4243 1287 4313 quidem
1353 4253 1450 4298 aut
1503 4242 1595 4297 illa
1645 4252 1901 4298 secutura
1936 4257 2080 4310 esse,
2119 4257 2243 4313 quas
2302 4250 2490 4298 nostra
2526 4252 2707 4297 tamen
2738 4256 2806 4296 ex
2839 4241 3087 4296 libertate
3136 4242 3391 4311 pendent.
3436 4239 3704 4295 Caeterum

444 4342 520 4397 ita
542 4342 760 4411 quidem
791 4356 979 4396 eorum
1004 4340 1287 4409 nonnulla,
1309 4353 1434 4409 quae
1467 4338 1522 4391 in
1553 4337 1712 4391 nobis
1734 4336 1837 4391 sita
1885 4343 2033 4399 sunt,
2072 4336 2203 4402 alia,
2258 4350 2381 4405 quae
2436 4335 2725 4406 potestatis
2771 4343 2971 4389 nostra:
3022 4347 3133 4388 non
3185 4343 3333 4398 sunt,
3385 4344 3704 4404 antegressa

442 4443 892 4507 consequuntur;
952 4442 1015 4489 ut
1065 4434 1134 4488 iis
1177 4433 1342 4489 etiam
1407 4429 1761 4502 antegressis,
1797 4443 1826 4481 a
1874 4426 2034 4483 nobis
2072 4436 2269 4497 praeter
2316 4443 2402 4494 ea,
2462 4443 2587 4498 quas
2644 4428 2804 4491 ﬁunt,
2852 4425 2972 4481 tleri
3024 4440 3247 4496 quoque
3297 4425 3402 4479 alia
3462 4427 3697 4496 possint.

442 4526 601 4593 Quod
655 4526 702 4580 si
758 4525 864 4581 erit
895 4524 1192 4596 quispiam,
1240 4539 1336 4594 qui
1395 4520 1698 4577 voluntatis
1747 4527 1951 4576 nostra
1983 4518 2094 4574 vim
2134 4535 2199 4574 ac
2244 4530 2563 4590 potestatem
2612 4521 2749 4575 adeo
2794 4517 2943 4573 nulla
2996 4532 3123 4571 cum
3184 4517 3441 4571 universo
3475 4516 3706 4586 conjun-

441 4619 621 4674 ctione
658 4618 830 4674 teneri
869 4619 1033 4683 volet,
1088 4626 1148 4672 ut
1193 4618 1301 4673 hoc
1353 4624 1450 4672 aut
1502 4614 1658 4679 illud,
1725 4614 1872 4685 quod
1906 4623 2055 4670 certa
2092 4615 2344 4685 quazdam
2393 4613 2809 4678 antecesserint,
2874 4612 3001 4682 eligi
3032 4628 3063 4666 a
3102 4612 3258 4667 nobis
3293 4611 3565 4666 interdum
3602 4628 3703 4683 op-

441 4692 654 4779 tarique
681 4715 842 4780 neget
901 4726 915 4762 :
984 4707 1031 4761 is
1064 4706 1308 4777 profecto
1361 4721 1421 4761 se
1466 4705 1655 4761 mundi
1688 4714 1896 4775 partem
1945 4719 2068 4760 esse
2107 4706 2311 4763 oblitus
2366 4708 2492 4773 erit,
2545 4721 2610 4762 ac
2658 4721 2780 4762 sese
2829 4704 3113 4760 hominum
3159 4704 3565 4771 communione,
3622 4712 3708 4758 to-

441 4800 664 4875 tiusque
692 4794 1012 4853 circumfusi
1045 4796 1189 4852 aeris
1217 4796 1428 4851 ambitu
1462 4794 1754 4849 contineri.

511 4894 591 4948 Ac
622 4892 757 4948 mihi
788 4892 1009 4957 quidem
1040 4906 1143 4963 pro
1196 4892 1302 4946 loci
1361 4891 1530 4960 hujus
1558 4890 1771 4944 ratione
1802 4889 2019 4943 modice

2207 4886 2460 4957 Μετριως
2509 4884 2607 4955 μὲν
2659 4878 2754 4937 οὖν
2794 4882 2872 4945 ὡς
2918 4883 2977 4934 έν
3025 4881 3257 4951 ἐπιτομῇ
3304 4874 3459 4952 οἶμαι
3505 4880 3701 4935 ἀποδιο

443 4985 645 5050 adhuc,
693 4984 965 5055 quasique
1014 4983 1337 5053 compendio
1368 4988 1774 5038 demonstrasse
1805 4980 2017 5044 videor,

2135 4976 2331 5049 δεῖχθαι
2356 5019 2371 5043 ,
2417 4976 2478 5029 τὸ
2507 4975 2606 5045 τὴν
2640 4974 2949 5045 πρόγνωσιν
2978 4972 3069 5025 τοῦ
3102 4972 3238 5025 Θεοῦ
3286 4972 3360 5043 μὴ
3399 4967 3538 5027 εἶναι
3572 4990 3704 5028 κατ-

446 5078 580 5132 nihil
610 5079 839 5133 omnino
892 5078 1055 5133 rebus
1104 5076 1174 5132 iis
1205 5093 1343 5146 quas
1370 5076 1721 5147 praenoverit,
1769 5088 1801 5128 a
1832 5073 2017 5129 divina

2135 5065 2536 5138 ιναγκαστικὴν
2549 5064 2658 5118 τῶν
2682 5065 3152 5139 προεγνωσμένων
3182 5065 3418 5130 πάντως.
3457 5066 3594 5138 Φέρε
3619 5065 3697 5132 δὲ,

445 5172 782 5240 ρι’τειιοῑὶθιιθ
808 5171 1120 5226 necessitati
1148 5168 1362 5224 afferri.
1396 5168 1656 5238 Deinceps
1687 5167 1743 5221 id
1766 5181 2016 5237 agamus,

2135 5153 2521 5224 ἀγωνισώμεθα
2562 5154 2657 5207 καὶ
2695 5156 2825 5225 περὶ
2866 5153 2961 5208 τοῦ
2997 5154 3122 5218 τοὺς
3166 5154 3402 5226 ἀστέρας
3435 5154 3700 5228 μηδαμῶς

514 5283 558 5316 ⁸⁸
586 5283 759 5340 Exod.
795 5300 872 5349 iV,
907 5283 987 5341 ll.

517 5395 628 5467 (Η)
661 5396 926 5463 Πράττει.
968 5394 1071 5449 Vix
1112 5393 1303 5449 dubito
1345 5392 1476 5463 quin
1497 5389 2015 5467 _scripserit_0rige-

444 5463 563 5536 nes,
611 5463 942 5536 πράττεται,
997 5482 1120 5520 cum
1148 5474 1446 5536 etrsensus
1495 5463 1599 5517 hoc
1644 5463 1919 5531 postulet,
1960 5471 2015 5514 et

441 5535 663 5607 ἀμέσως
695 5548 816 5607 ante
844 5537 1061 5598 dixerit,
1094 5535 1411 5607 ὲπράττετο.

518 5605 629 5676 (45)
677 5605 805 5671 Τοῖς
852 5600 1384 5676 προεγνωσλιένοις.
1429 5601 1717 5676 Quaeve:
1763 5600 2012 5670 sequenti

518 5626 629 5676 μυ)
678 5626 805 5671 [om
852 5626 996 5673 προε
1024 5626 1384 5674 Ὺωσμενοις.
1429 5626 1562 5669 qua:
1615 5626 1717 5656 vox
1763 5626 2012 5670 scqucuu

442 5691 604 5750 versu
657 5676 936 5750 repetitur.
976 5626 1138 5750 λειιυὶ
1168 5685 1366 5750 _tamen
1412 5673 1718 5750 utrubique_
1749 5686 2013 5750 προγενο-

446 5746 647 5815 μένοις,
682 5742 742 5801 ut
773 5745 1002 5801 habetur
1046 5747 1099 5799 in
1132 5746 1226 5799 alt.
1262 5758 1368 5800 ms.
1419 5758 1544 5799 cum
1594 5743 1758 5799 modo
1803 5742 2009 5797 dictum

2116 5394 2301 5455 fuerit,
2327 5383 2402 5446 ὧν
2430 5388 2505 5461 μὴ
2528 5386 2855 5512 γενομένων.

2190 5464 2301 5512 {46)
2356 5463 2479 5512 Οὐκ
2563 5459 2620 5512 ω’
2671 5459 2833 5512 ritur.

2190 5464 2301 5532 (46)
2356 5456 2620 5528 Oﬁx'ép‘
2661 5456 2833 5532 ’ἡμῖν-ε
2864 5456 3246 5532 _Expungenda
3304 5461 3526 5532 negatio
3570 5467 3686 5532 est,

2122 5528 2324 5604 alioqui
2377 5541 2431 5586 et
2486 5538 2753 5604 sententia
2806 5529 2944 5604 falsa
2997 5528 3279 5604 esset,‘_et
3321 5531 3389 5583 ab
3428 5528 3691 5601 ,Origenis

2119 5599 2301 5659 mente
2326 5616 2550 5672 prorsus
2590 5600 2767 5672 aliena
2801 5617 2814 5653 :
2852 5599 3010 5664 falsa,
3032 5600 3168 5672 quia
3196 5599 3498 5672 libertatem
3529 5599 3688 5654 ever-

2119 5684 2287 5741 teret;
2316 5667 2512 5737 aliena,
2546 5670 2675 5743 quia
2700 5669 3001 5727 libertatem
3028 5667 3170 5728 hanc
3196 5680 3379 5727 tuetur
3405 5667 3686 5742 Origenes.
