4162 6418
410 570 591 662 μόνον.
629 572 805 642 Σαφὲς
846 575 947 647 δὴ,
979 578 1083 642 ὃτι,
1117 582 1164 633 εί
1186 581 1271 635 ὅδε
1314 600 1398 648 τις
1422 586 1449 637 6
1473 591 1853 662 σχηματισμὸς
1881 592 1988 646 τῶν

406 660 653 734 ἀστέρων
688 668 970 736 ποιητικὸς
999 670 1275 740 νομίζοιτο
1303 674 1473 729 τῶνδέ
1503 695 1661 732 τινων
1692 660 1802 734 τῶν
1838 698 1985 750 γινο-

406 753 585 823 μένων
611 756 867 827 περὶτῶν
897 759 1199 831 ἀνθρώπων
1229 764 1341 836 (47)
1366 767 1539 837 (ἔστω
1567 770 1674 843 γὰρ
1710 773 1836 843 περὶ
1861 774 1985 827 τού-

401 861 497 897 του
525 844 620 901 νῦν
641 846 919 919 ζητεῖσθαι
949 852 1039 907 τὸν
1065 852 1277 928 λόγον),
1303 859 1403 912 οὐκ
1424 858 1489 913 ἂν
1513 862 1542 914 6
1575 863 1831 936 σήμερον,
1852 866 1985 939 φέρε

404 937 610 1000 εἰπεῖν,
661 941 949 1011 γενόμενος
1011 949 1389 1019 σχηματισμὸς
1454 952 1579 1022 περὶ
1632 954 1781 1009 τόνδε
1826 937 1986 1010 δύνα-

403 1042 493 1079 ται
524 1029 759 1084 νοεῖσθαι
804 1036 1157 1107 πεποιηκέναι
1193 1038 1261 1091 τὰ
1300 1040 1711 1113 παρεληλυθότα
1756 1045 1823 1100 δι’
1868 1047 1984 1101 ἐτε-

403 1136 497 1190 ρον
550 1121 683 1194 (48).
755 1126 871 1180 Πᾶν
920 1128 1028 1201 γὰρ
1080 1131 1143 1184 τὸ
1191 1132 1400 1199 ποιοῦν,
1454 1137 1826 1211 πρεσϐύτερον
1881 1139 1978 1194 τοῦ

403 1214 790 1284 πεποιημένου.
858 1219 1021 1274 Ὅσον
1088 1222 1144 1275 δὲ
1199 1224 1294 1277 ἐπὶ
1348 1227 1462 1292 τοῖς
1523 1228 1808 1300 μαθήμασι
1872 1232 1981 1286 τῶν

400 1303 470 1358 τά
546 1304 772 1362 τοιαῦτα
845 1311 1330 1386 ἐπαγγελλομένων
1360 1358 1377 1385 ,
1467 1321 1817 1393 πρεσϐύτερα
1884 1323 1979 1378 τοῦ

406 1399 783 1469 σχηματισμοῦ
828 1402 1184 1473 προλένεσθαι
1235 1408 1513 1479 νομίζεται
1571 1414 1700 1484 περ)⁸
1730 1414 1857 1479 τοὺς
1885 1417 1980 1469 ἀν-

403 1484 675 1576 θρώπους.
743 1490 1195 1563 Ἐπαγγέλλονται
1238 1501 1369 1570 γάρ,
1414 1501 1564 1554 τόνδε
1603 1503 1729 1558 τινὰ
1777 1507 1979 1576 τρόπον

400 1574 498 1668 τὴν
527 1575 677 1648 ὥραν
718 1579 971 1648 λαϐόντες
1018 1587 1168 1640 τοῦδε
1200 1588 1294 1642 τοῦ
1329 1590 1618 1662 ἀνθρώπου
1642 1632 1657 1658 ,
1697 1574 1978 1668 καταλαμ-

399 1666 584 1724 ϐἀνειν
644 1672 758 1736 πῶς
811 1674 1039 1741 ἕκαστος
1106 1678 1216 1732 τῶν
1273 1680 1639 1753 πλανωμένων
1692 1686 1835 1740 κατά
1878 1666 1978 1742 κόιο

399 1758 570 1847 θετον,
599 1761 633 1833 ἢ
665 1763 827 1834 τῆσδε
876 1768 976 1837 τῆς
1032 1768 1228 1841 μοίρας
1271 1770 1365 1824 τοῦ
1426 1771 1639 1839 ζωδίου,
1684 1774 1860 1847 ἢτῶν
1917 1780 1975 1831 ἐν

1570 378 1893 441 ὉΒᾸΕΡΑΒ.
1936 385 2189 448 EVANG.
2226 390 2352 449 LIB.
2389 393 2478 451 Vl.

2090 605 2254 659 modo
2306 620 2522 670 causas,
2561 606 2653 661 sed
2700 621 2888 661 earum
2931 616 3141 663 tantum
3203 609 3359 678 signa
3407 611 3657 679 qua-dam

2085 706 2208 746 esse
2232 695 2609 749 ostendamus.
2633 693 2876 771 Primum
2919 696 3083 766 igitur
3122 697 3175 754 id
3229 698 3385 769 plane
3419 711 3656 763 Constat.

2086 792 2149 837 ut
2196 795 2405 839 certum
2461 787 2754 855 quemdam
2803 787 3082 843 stellarum
3134 789 3323 854 situm,
3377 800 3654 846 certarum

2085 889 2303 944 quoque
2331 891 2535 941 rerum,
2563 892 2684 946 quae
2712 877 2778 932 ad
2824 877 3099 935 hominem
3157 882 3482 951 pertineant,
3527 896 3658 936 cau-

2083 980 2201 1021 sam
2224 980 2346 1021 esse
2378 966 2570 1021 demus
2593 966 2740 1039 (nam
2795 969 2863 1024 de
2914 970 3021 1024 hoc
3066 970 3534 1040 inpraesentiarum
3571 972 3656 1026 in-

2084 1059 2274 1112 stituta
2304 1058 2534 1126 quaestio
2564 1058 2678 1128 sit),
2715 1060 2809 1129 qui
2844 1069 3025 1115 tamen
3064 1062 3327 1116 hodierna
3370 1062 3479 1127 die,
3504 1063 3652 1118 verbi

2083 1148 2276 1217 gratia,
2306 1157 2457 1202 certo
2491 1147 2711 1202 cuidam
2736 1149 2944 1203 homini
2973 1165 3161 1205 earum
3196 1153 3333 1207 situs
3361 1152 3648 1217 exstiterit,

2080 1239 2329 1293 eumdem
2365 1255 2547 1294 rerum
2580 1255 2768 1295 earum
2798 1255 3020 1296 causam
3053 1256 3175 1296 esse
3206 1243 3357 1297 nullo
3375 1243 3536 1299 modo
3554 1258 3652 1314 po-

2082 1331 2274 1398 tuisse,
2306 1347 2427 1401 qua:
2454 1332 2507 1386 in
2540 1332 2649 1386 alio
2691 1333 2972 1403 quopiam,
3009 1334 3201 1390 aliisve
3242 1335 3493 1406 pluribus
3536 1336 3649 1407 jam

2079 1430 2205 1476 ante
2235 1422 2581 1494 contigerint.
2615 1422 2892 1494 Quidquid
2944 1426 3089 1480 enim
3142 1426 3292 1481 aliud
3348 1426 3533 1493 eﬂicit,
3586 1442 3653 1484 eo

2078 1512 2224 1581 quod
2278 1511 2506 1567 efﬁcitur
2565 1514 2718 1582 prius
2784 1528 2908 1569 esse
2979 1515 3157 1571 debet.
3226 1517 3390 1588 Atqui
3459 1533 3649 1574 eorum

2078 1606 2364 1674 praeceptis
2403 1645 2418 1669 ,
2486 1606 2581 1676 qui
2653 1618 2825 1661 artem
2905 1606 3067 1663 istam
3136 1609 3458 1681 proﬁtentur
3498 1651 3514 1676 ,
3594 1612 3648 1667 id

2077 1707 2293 1762 quoque
2347 1691 2463 1748 ﬁeri
2527 1710 2690 1765 posse
2743 1696 2906 1767 vulgo
2959 1707 3187 1768 putant,
3249 1707 3311 1755 ut
3361 1716 3483 1771 quae
3548 1702 3644 1756 tali

2076 1781 2234 1852 291
2277 1781 2382 1838 situ
2411 1783 2593 1853 priora
2626 1793 2774 1849 sunt,
2804 1784 2871 1839 de
2923 1786 3233 1843 hominibus
3259 1790 3640 1858 praedicantur.

398 1846 530 1946 αὐτῇ
587 1848 799 1904 λεπτῶν
819 1869 832 1883 ·
881 1856 974 1907 καὶ
1026 1858 1178 1921 ποῖος
1207 1859 1383 1930 ἀστὴρ
1413 1860 1506 1913 τοῦ
1533 1846 1796 1925 ζωδιακοῦ
1830 1867 1967 1922 κατά

2072 1846 2278 1944 (imp—pe
2311 1846 2429 1930 sibi-
2445 1875 2588 1930 enim
2620 1876 2725 1931 hoc
2870 1886 3115 1944 sumunt,
3145 1886 3206 1933 ut
3236 1846 3326 1934 ubi
3357 1881 3526 1936 semel
3552 1882 3648 1936 ho-

394 1935 490 1988 τοῦ
529 1938 846 1994 ἀνατολικοῦ
872 1943 1164 2015 ἐτύγχανεν
1194 1946 1489 2019 ὁρίζοντος,
1527 1950 1678 2015 ποῖός
1734 1970 1793 2006 τε
1829 1955 1970 2010 κατὰ

395 2026 490 2079 τοῦ
521 2028 760 2097 δυτικοῦ,
790 2035 883 2086 καὶ
919 2035 1002 2098 τίς
1035 2037 1173 2091 κατά
1198 2037 1293 2092 τοῦ
1346 2044 1845 2113 μεσουρανήματος,
1876 2046 1970 2099 καὶ

394 2117 478 2181 τίς
497 2120 639 2173 κατά
670 2122 763 2175 τοῦ
823 2126 1444 2200 ἀντιμεσουρανήματος.
1493 2134 1603 2186 Καὶ
1665 2134 1804 2189 ἐπάν
1835 2136 1969 2190 θῶσι

397 2207 524 2272 τοὺς
554 2211 807 2283 ἀστέρας,
844 2214 936 2280 οὓς
968 2219 1243 2289 νομίζουσι
1272 2221 1484 2286 ἑαυτοῖς
1519 2224 1966 2294 ἐσχηματικέναι,

396 2301 538 2355 κατά
573 2302 663 2356 τὸν
702 2306 892 2378 καιρὸν
943 2308 1040 2379 τῆς
1091 2310 1184 2363 τοῦ
1216 2311 1387 2377 δεῖνος
1429 2315 1694 2382 γενέσεως
1721 2318 1968 2389 ἐσχημα-

395 2394 682 2463 τισμένους
708 2398 928 2465 οὑτωσὶ,
975 2401 1051 2470 τῷ
1082 2403 1259 2475 χρόνῳ
1313 2406 1412 2476 τῆς
1455 2406 1771 2473 ἀποτάξεως
1802 2422 1829 2452 α
1868 2410 1963 2465 τοῦ

394 2486 522 2556 περὶ
554 2480 615 2540 οὗ
644 2490 956 2555 σκοποῦσιν,
986 2494 1046 2546 ού
1085 2495 1243 2564 μόνον
1279 2497 1347 2551 τά
1393 2498 1649 2568 μέλλοντα
1683 2500 1964 2567 ἐξετάζουο

395 2590 500 2639 σιν,
530 2576 665 2630 ἀλλά
694 2579 788 2631 καὶ
814 2578 882 2632 τά
910 2582 1340 2653 παρεληλυθότα,
1373 2586 1467 2638 καὶ
1499 2585 1569 2639 τὰ
1610 2587 1716 2657 πρὸ
1743 2588 1843 2659 τῆς
1866 2605 1961 2657 γε-

392 2665 593 2731 νέσεως
618 2668 712 2722 καὶ
738 2669 839 2739 τῆς
867 2675 1075 2742 σπορᾶς
1092 2672 1186 2727 τοῦ
1224 2675 1350 2748 περὶ
1375 2670 1435 2731 οὗ
1480 2676 1636 2746 λόγος
1664 2680 1963 2751 γεγενημέ-

387 2771 501 2809 νουο
530 2759 660 2829 περὶ
689 2762 915 2831 πατρὸς,
953 2765 1196 2829 ποταπὸς
1232 2763 1306 2818 ὢν
1335 2766 1616 2838 τυγχάνει,
1647 2768 1898 2832 πλούσιος
1925 2769 1958 2841 ἢ

387 2846 576 2918 πένης,
614 2849 904 2922 ὁλόκληρος
953 2853 1016 2906 τὸ
1065 2853 1282 2925 σῶμαῆ
1328 2857 1708 2927 σεσινωμένος,
1735 2857 1797 2911 τὸ
1825 2853 1959 2929 ἦθος

388 2937 611 3009 βελτίων
647 2941 680 3012 ἢ
732 2942 949 3014 χείρων,
984 2946 1247 3016 ἀκτήμων
1290 2945 1323 3017 ἢ
1387 2948 1769 3021 πολυκτήμων,
1798 2951 1959 3021 τήνδε

343 3084 350 3099 ,
385 3029 484 3100 τὴν
518 3030 715 3101 πρᾶξιν
741 3033 775 3104 ἦ
806 3035 964 3104 τήνδε
986 3034 1146 3106 ἔχων·
1181 3037 1249 3090 τὰ
1304 3038 1349 3091 δ’
1379 3039 1518 3093 αύτά
1552 3042 1647 3094 καὶ
1697 3041 1826 3113 περλ⁵
1859 3042 1959 3112 τῆς

388 3123 615 3195 μητρὸς,
644 3124 737 3178 καὶ
773 3126 901 3198 περὶ
933 3128 1319 3201 πρεσϐυτέρων
1360 3130 1623 3201 ἀδελφῶν,
1668 3131 1764 3185 ἐὰν
1790 3133 1961 3204 τύχω-

389 3230 471 3267 σιν
499 3213 668 3277 ὄντες.
711 3216 891 3270 Ἔστω
926 3218 985 3271 δὲ
1034 3220 1183 3290 ἡμᾶς
1240 3222 1331 3275 ἐπὶ
1348 3221 1442 3275 τοῦ
1491 3222 1756 3294 παρόντος
1792 3240 1961 3296 προσ·
1986 3209 2031 3270 c

390 3303 564 3359 ίεσθαι
605 3306 804 3371 αὐτοὺς
831 3309 1272 3381 καταλαμϐάνειν
1314 3311 1384 3366 τὰ
1400 3315 1459 3367 ἐν
1482 3312 1562 3384 τῷ
1587 3314 1739 3384 τόπῳ
1763 3314 1957 3386 ἀληθῆ,

386 3396 516 3468 περὶ¹
543 3390 605 3451 οὗ
644 3396 738 3452 καὶ
761 3399 925 3454 αὐτοῦ
967 3400 1193 3474 ὕστερον
1245 3403 1512 3477 δείξομεν,
1559 3407 1641 3460 ὃτι
1671 3407 1767 3478 οὐχ
1789 3407 1959 3471 οὕτως

386 3487 517 3558 ἐχειο
549 3489 879 3561 πευσὼμεθα
910 3492 1087 3546 τοίνυν
1126 3493 1237 3548 τῶν
1292 3496 1787 3568 ὑπολαμϐανόντων
1831 3516 1961 3553 κατ-

382 3580 725 3653 ηιαγκάσθαι
753 3581 857 3635 ὑπὸ
892 3582 999 3637 τῶν
1020 3583 1233 3655 ἄστρων
1260 3587 1331 3640 τὰ
1360 3587 1786 3661 τῶνάνθρώπων
1820 3590 1959 3662 πρά-

384 3689 598 3742 γματα,
657 3674 779 3728 τίνα
845 3675 1044 3749 τρόπον
1111 3678 1141 3730 6
1191 3677 1426 3750 σήμερον
1495 3680 1875 3752 σχηματισμὸς
1927 3682 1957 3733 6

384 3766 588 3824 τοιόσδε
614 3766 833 3821 δύναται
872 3769 1226 3840 πεποιηκέναι
1256 3769 1326 3824 τὰ
1353 3770 1721 3844 πρεσϐύτερα.
1753 3772 1818 3826 Ei
1846 3771 1956 3845 γὰρ

382 3856 541 3910 τοῦτο
595 3858 896 3929 ἀμήχανον,
927 3859 1046 3913 καθ’
1069 3859 1097 3913 ὃ
1136 3860 1200 3931 δὴ
1245 3861 1326 3915 ὅτι
1389 3862 1499 3936 (ἀρ)
1543 3863 1858 3936 εὑρίσκεται
1893 3866 1956 3919 τὸ

383 3950 511 4020 περὶ
536 3948 643 4003 τῶν
682 3950 1062 4022 πρεσϐυτέρων
1091 3951 1182 4005 τοῦ
1211 3953 1401 4023 χρόνου
1430 3954 1648 4026 ἀληθὲς,
1678 3955 1849 4026 σαφὲς
1894 3956 1956 4010 τὸ

385 4042 461 4115 μὴ
488 4043 598 4115 (50)
632 4045 985 4115 πεποιηκέναι
1020 4046 1144 4111 τοὺς
1197 4048 1433 4121 ἀστέρας
1479 4051 1675 4104 οὑτωσὶ
1700 4052 1956 4123 κινουμέ-

2071 1977 2187 2015 ram
2215 1963 2378 2018 unius
2431 1964 2662 2035 alicujus
2707 1966 2941 2021 hominis
2969 1967 3302 2037 singularem
3333 1979 3479 2025 certo
3508 1986 3645 2040 quo-

2069 2053 2192 2107 dam
2226 2053 2387 2108 modo
2407 2054 2878 2124 deprehenderint,
2903 2057 3241 2125 exploratum
3266 2057 3370 2128 ipsi
3383 2060 3643 2115 continuo

2070 2142 2324 2212 habeant,
2352 2159 2576 2215 ecquem
2605 2146 2671 2200 ad
2712 2147 3157 2217 perpendiculum
3189 2147 3426 2204 siderum
3452 2165 3642 2205 errau-

2069 2237 2202 2289 tium
2235 2234 2515 2305 quodlibet
2535 2236 2699 2291 situm
2735 2237 2790 2291 in
2820 2236 2923 2293 hac
2947 2238 3107 2294 illave
3134 2239 3275 2310 signi
3306 2250 3478 2310 parte,
3506 2258 3635 2314 par-

2066 2325 2244 2396 tisque
2286 2327 2512 2386 minutis
2563 2330 2866 2397 obtineret;
2918 2332 3189 2402 simrulque
3233 2333 3509 2403 quodnam
3548 2350 3640 2390 zo—

2065 2421 2205 2477 diaci
2257 2432 2466 2478 astrum
2502 2424 2555 2480 in
2615 2425 2867 2480 orientali
2911 2426 3213 2494 horizonte,
3255 2428 3531 2497 quodnam
3582 2429 3637 2482 iu

2064 2513 2387 2569 occidentali
2407 2525 2737 2581 versaretur,
2763 2519 3153 2588 quaenamitem
3177 2519 3414 2574 medium
3434 2519 3640 2573 utrius-

2063 2618 2169 2674 que
2197 2604 2560 2674 hemisphaerii
2592 2607 2789 2662 coelum
2821 2607 3049 2663 adversa
3098 2609 3368 2679 positione
3403 2624 3638 2679 occupa-

2058 2702 2200 2749 rent.
2229 2693 2403 2764 Atque
2428 2696 2517 2750 ubi
2542 2697 2725 2753 stellas
2744 2712 2857 2765 eas,
2891 2713 3123 2768 quarum
3162 2699 3265 2755 sibi
3295 2700 3477 2756 animo
3502 2701 3638 2770 figu-

2062 2798 2180 2838 ram
2212 2786 2463 2842 videutur
2495 2797 2548 2844 et
2565 2788 2907 2845 collationem
2958 2789 3306 2854 informasse,
3344 2790 3449 2846 hoc
3475 2784 3635 2846 illove

2061 2875 2169 2930 situ
2216 2878 2319 2933 sub
2374 2879 2605 2948 alicujus
2635 2889 2815 2936 ortum
2865 2879 3035 2938 fuisse
3098 2891 3570 2953 posuerunt;tutu
3594 2884 3631 2938 ii

2060 2981 2284 3022 veroex
2312 2969 2403 3023 illo
2454 2970 2573 3039 ipso
2629 2979 2891 3040 tempore,
2938 2986 3049 3042 quo
3073 2973 3254 3026 editus
3297 2973 3352 3026 in
3378 2973 3551 3028 lucem
3586 2974 3633 3031 is

2059 3067 2164 3127 est,
2193 3060 2351 3131 cujus
2397 3059 2568 3116 fatum
2628 3063 2917 3130 rimantur,
2958 3079 3065 3119 non
3100 3063 3286 3119 futura
3326 3066 3509 3131 modo,
3538 3068 3634 3122 sed

2059 3150 2222 3206 etiam
2250 3152 2540 3221 praeterita,
2575 3169 2801 3225 quaeque
2828 3155 3068 3225 ejusdem
3097 3163 3151 3211 et
3179 3164 3358 3211 ortum
3387 3166 3632 3214 etsatum

2061 3244 2470 3311 antecesserint,
2497 3245 2837 3315 conjiciunt:
2872 3246 3085 3315 qualem
3145 3245 3261 3317 ipse
3288 3255 3493 3317 patrem
3535 3248 3633 3302 ha-

2061 3334 2216 3401 beat;
2254 3335 2473 3392 divitem
2521 3352 2590 3392 an
2622 3348 2860 3407 tenuem,
2893 3338 3089 3411 integri
3119 3339 3384 3410 corporis,
3414 3356 3481 3394 an
3512 3356 3634 3394 mu-

2062 3425 2174 3492 tili;
2201 3426 2357 3481 bouis
2372 3442 2439 3481 au
2464 3428 2621 3483 malis
2643 3429 2920 3495 moribus;
2948 3428 3198 3500 amplane
3222 3444 3291 3483 an
3313 3439 3630 3500 angustare

2059 3514 2349 3583 familiari;
2375 3518 2478 3574 hoc
2506 3534 2575 3573 an
2625 3519 2756 3574 illud
2789 3519 3131 3590 complexum
3160 3519 3282 3575 vitae
3313 3536 3483 3591 genus
3510 3537 3522 3572 :
3553 3520 3631 3576 si-

2056 3610 2315 3680 miliaque
2338 3619 2445 3665 tam
2484 3611 2552 3679 de
2602 3621 2796 3677 matre,
2845 3626 3007 3682 quam
3038 3612 3105 3668 de
3150 3612 3430 3681 fratribus,
3455 3614 3499 3669 si
3530 3616 3622 3685 qui

2057 3700 2186 3766 sint,
2210 3710 2336 3755 natu
2368 3701 2669 3772 majoribus
2693 3703 2995 3773 inquirunt.
3019 3701 3130 3761 Nos
3158 3720 3309 3770 vero,
3338 3712 3398 3760 ut
3431 3705 3623 3760 demus

2056 3791 2270 3846 interim
2319 3792 2487 3863 (quod
2543 3793 2720 3863 ipsum
2754 3803 2933 3850 tamen
2973 3793 3097 3851 falsi
3126 3805 3315 3863 postea
3362 3811 3626 3867 coargue-

2057 3882 2223 3955 mus),
2272 3886 2539 3954 exquisite
2576 3886 2645 3941 ab
2682 3886 2751 3941 iis
2774 3894 2942 3941 totam
2990 3887 3136 3941 illam
3164 3887 3301 3945 situs
3349 3895 3625 3945 astrorum

2053 3975 2267 4046 locique
2282 3978 2544 4031 rationem
2577 3979 2746 4032 teneri
2771 3994 2958 4047 posse,
3006 3993 3319 4047 quaeramus
3345 3995 3411 4035 ex
3440 3980 3510 4036 iis
3538 3985 3622 4034 ta-

2053 4079 2199 4131 men,
2229 4066 2321 4136 qui
2347 4067 2510 4121 rebus
2538 4067 2793 4122 humanis
2807 4069 2916 4123 vim
2947 4083 2978 4122 a
3000 4066 3272 4125 sideribus
3299 4067 3478 4124 afferri
3514 4084 3622 4140 pu-

382 4153 505 4200 νους
532 4137 590 4190 ἐν
620 4136 836 4209 οὐρανῷ
863 4138 930 4191 τὰ
951 4136 1358 4209 παρεληλυθότα
1389 4140 1484 4193 καὶ⁹
1528 4140 1816 4212 γενόμενα,
1847 4142 1953 4213 πρὸ

2064 4166 2190 4225 tant,
2240 4158 2335 4227 qui
2379 4159 2596 4214 tandem
2647 4159 2945 4215 hodiernus
2974 4160 3076 4215 iste
3110 4160 3249 4216 situs
3268 4174 3450 4216 rerum
3483 4136 3621 4216 tem-

380 4225 475 4280 τοῦ
501 4225 674 4293 οὕτως
690 4226 835 4307 ἔχειν
858 4227 1072 4292 αὐτούς.
1105 4229 1168 4282 El
1204 4228 1261 4282 δὲ
1301 4228 1458 4284 τοῦτο
1509 4231 1649 4301 τάχα
1674 4234 1702 4285 6
1733 4234 1946 4306 προσιέ-

2064 4264 2183 4321 pore
2216 4225 2556 4320 superiorum
2586 4265 2752 4311 causa
2801 4267 2925 4308 esse
2956 4253 3150 4322 possit.
3181 4251 3315 4307 Nam
3347 4253 3402 4308 id
3433 4253 3480 4311 si
3502 4254 3618 4309 fieri

385 4334 543 4388 μενος
596 4316 881 4389 ἀληθεύειν
918 4320 1134 4385 αὐτοὺς,
1169 4319 1467 4391 ἐπιστήσας
1497 4321 1608 4392 (5|)
1664 4324 1776 4386 τοῖς
1823 4325 1952 4396 περὶ

2064 4316 2202 4397 nullo
2226 4316 2388 4398 modo
2420 4350 2617 4411 potest,
2635 4342 2876 4413 profecto
2907 4316 3093 4411 etiam,
3116 4343 3245 4399 dum
3276 4344 3345 4400 iis
3369 4345 3437 4401 de
3454 4345 3619 4401 rebus

380 4408 486 4461 τῶν
530 4409 826 4481 μελλόντων
856 4410 1184 4481 λεγομένοις,
1207 4412 1323 4480 ἐρεῖ
1351 4410 1635 4483 ἀληθεύειν
1667 4414 1864 4479 αὐτοὺς
1886 4414 1948 4469 οὐ

2064 4436 2162 4489 veri
2192 4408 2471 4505 quidpiam
2524 4408 2821 4500 invenitur,
2883 4435 3041 4504 plane
3068 4408 3408 4506 consequens
3428 4446 3530 4503 est,
3560 4445 3619 4493 ut

380 4498 457 4570 τῷ
486 4503 656 4554 ποιεῖν
683 4503 808 4564 τοὺς
860 4499 1116 4571 ἀστέρας,
1173 4501 1309 4556 ἀλλά
1331 4500 1409 4573 τῷ
1439 4503 1725 4575 σημαίνειν
1765 4505 1945 4575 μόνον.

2064 4541 2289 4596 praesens
2305 4527 2394 4582 hic
2410 4534 2683 4582 astrorum
2716 4528 2770 4582 in
2805 4528 2945 4583 caelo
2969 4536 3173 4594 motus,
3204 4542 3326 4597 quae
3344 4528 3457 4599 jam
3492 4537 3618 4584 ante

394 4592 517 4646 Ἐἀν
547 4593 602 4646 δέ
629 4610 711 4656 τις
742 4594 923 4664 φάσκῃ
952 4593 1023 4647 τά
1066 4594 1165 4665 μὲν
1213 4593 1620 4665 παρεληλυθότα
1661 4596 1738 4667 μὴ
1777 4599 1945 4653 ποιεῖν

2064 4592 2406 4690 ιοιιιὶεετυηι,
2437 4634 2603 4690 quam
2644 4604 2913 4690 ejusmodi
2942 4619 3109 4675 situm
3151 4592 3476 4687 obtinerent,
3511 4619 3621 4675 elli-

378 4684 505 4747 τοὺς
534 4684 788 4755 ἀστέρας,
813 4685 947 4738 ἀλλὰ
972 4685 1163 4749 ἄλλους
1224 4684 1321 4757 μὲν
1371 4688 1781 4757 σχηματισμοὺς
1821 4689 1946 4753 τοὺς

2064 4723 2166 4763 :ere
2186 4684 2292 4762 non
2320 4684 2572 4778 potuerit.
2602 4684 2696 4765 sn}
2726 4709 2924 4780 aliquis
2970 4707 3109 4766 forte
3138 4711 3264 4773 erit,
3294 4711 3387 4781 qui
3408 4684 3477 4766 ad
3524 4726 3618 4765 ve-

377 4778 477 4848 τῆς
510 4779 731 4831 ἐκείνων
759 4778 1012 4848 γνώσεως
1054 4780 1257 4844 αἰτίους
1291 4781 1592 4849 γεγονέναι·
1640 4783 1732 4837 τὸν
1766 4783 1823 4836 δὲ
1851 4783 1946 4838 νῦν

2064 4795 2256 4851 'itatem
2279 4796 2348 4853 iis
2374 4798 2480 4853 hoc
2507 4798 2561 4852 in
2609 4778 3283 4868 genereiconcedeudum,
3315 4815 3498 4855 rerum
3530 4798 3616 4853 fu-

381 4870 758 4941 σχηματισμὸν
817 4871 1224 4943 σεσημαγκέναι
1274 4872 1453 4944 μόνον,
1487 4873 1555 4927 τὰ
1610 4873 1791 4945 μέντοι
1819 4874 1947 4947 μέλ-

2064 4902 2288 4942 χυιτιιθιιω
2316 4889 2772 4958 praesensionibus
2822 4890 3123 4947 adducatur
3151 4907 3165 4956 ;
3202 4889 3478 4946 fatendum
3511 4891 3612 4961 ipsi

415 4994 443 5025 ι
469 4982 554 5040 ισ.
583 4983 908 5049 ἀποτέξεως.

449 5093 563 5166 (ιτ)
594 5096 883 5166 Περὶντῶν
922 5097 1262 5166 ἀνθρώπων.
1295 5097 1716 5154 Rescribeudum
1757 5101 1943 5159 existi-

379 5161 510 5232 md,’
544 5161 802 5242 περϊτρν
836 5161 1157 5239 ἄνθρωπον,
1205 5170 1288 5224 vel
1335 5168 1461 5234 τοὺς
1507 5169 1846 5242 ἀνθρώπους,
1882 5182 1944 5229 ιιι

376 5235 659 5307 ωας-περὶ
686 5235 856 5307 τόνδε.

446 5303 556 5376 (48)
586 5302 670 5377 ’λε’
713 5305 932 5375 ἕτερον.
981 5306 1081 5363 Hic
1127 5322 1341 5377 quoque
1385 5309 1539 5364 alter.
1568 5324 1672 5365 ms.
1720 5320 1941 5369 secutus

375 5373 657 5455 sum,'u_bi
686 5373 836 5455 crept
880 5377 1098 5455 ἑτέρους
1143 5373 1369 5455 legitur,
1395 5379 1733 5455 qui__sensus
1778 5381 1941 5455 longe

375 5445 791 5519 convenientior
810 5455 924 5519 est._
944 5445 1052 5519 Nec
1091 5445 1235 5502 enim
1262 5450 1329 5503 de
1366 5445 1614 5519 pluribus
1646 5449 1747 5519 hic,
1782 5445 1941 5507 sche-

374 5514 645 5594 matismis
678 5513 807 5594 agit,
834 5516 927 5570 sed
958 5516 1024 5570 de
1065 5531 1175 5571 uno
1225 5513 1432 5572 tantum
1454 5557 1470 5583 ,
1512 5533 1672 5587 quem
1705 5518 1937 5587 plurium

374 5599 439 5637 ac
490 5592 882 5660 praeteritorum
929 5594 1218 5660 eventuum
1253 5603 1474 5643 causam
1515 5602 1636 5643 esse
1666 5600 1848 5660 negat,
1880 5600 1940 5647 ut

371 5666 437 5708 ea
465 5653 815 5721 sequentibus
842 5653 1123 5721 manifeste
1155 5666 1388 5712 constat.

445 5722 556 5804 ($9.)-
580 5722 720 5804 Καθ’
745 5721 777 5777 6
805 5722 884 5804 δὴ
908 5723 1014 5804 ὅτι.
1045 5723 1150 5804 _Pro
1173 5725 1295 5779 καθ’
1325 5727 1354 5804 6
1384 5744 1437 5781 τι
1503 5728 1591 5802 δή,
1622 5730 1770 5804 quod
1798 5729 1939 5788 forte

371 5792 775 5849 rescribendum
801 5802 904 5861 est,
929 5796 1131 5852 clarius
1154 5805 1299 5853 certe
1322 5794 1480 5854 foret.

2114 5104 2227 5177 (50)
2257 5105 2454 5178 Σαςρὲς
2485 5105 2552 5161 τό
2577 5105 2683 5175 μή.
2714 5107 2789 5161 lta
2811 5107 3250 5178 distinguendum
3276 5107 3382 5162 fuit
3411 5108 3473 5161 τὸ
3518 5125 3612 5161 σα-

2041 5176 2139 5249 φές
2171 5178 2239 5249 ah
2266 5176 2481 5249 ἀληθές.
2507 5178 2655 5246 quod
2709 5176 3213 5249 praecedit,’alioqui
3246 5179 3612 5247 ἀσαφέστατος

2042 5194 2139 5244 φες
2171 5194 2239 5230 an
2266 5194 2331 5230 αΑ
2371 5194 2481 5240 veg.
2507 5194 2557 5246 ιιι

2042 5247 2198 5301 locus
2224 5247 2313 5300 hic
2333 5194 2557 5301 ?uisset.

2113 5314 3055 5389 (51)__‘E:ztat1ja'aq._Reponendum
3101 5316 3354 5373 existimo
3385 5317 3610 5389 ἐπιστή-

2041 5403 2152 5457 σαι,
2180 5386 2381 5457 alioqui
2429 5401 2535 5457 nou
2571 5386 2761 5457 solum
2789 5388 2849 5441 τὸ
2893 5390 2947 5440 ει
2971 5387 3059 5452 δέ,
3094 5388 3238 5456 quod
3274 5388 3488 5457 periodi
3523 5386 3608 5443 est

2038 5456 2285 5518 initium,
2338 5455 2663 5509 ἀναπόδοτον
2709 5455 2951 5511 futurum
3015 5455 3136 5521 est;
3186 5455 3288 5513 sed
3332 5458 3493 5513 etiam
3545 5457 3609 5512 τὸ

2036 5526 2176 5593 ἐρεῖ,
2206 5525 2351 5595 quod
2399 5527 2664 5592 sequitur,
2697 5527 2763 5580 ad
2798 5526 3206 5595 genethliacum
3238 5528 3601 5590 defensorem,

2039 5607 2147 5650 nou‘
2200 5594 2282 5666 a’d_
2317 5602 2741 5666 oppugnatorem
2788 5594 3070 5666 Origenem
3116 5597 3432 5666 pertinebit;
3477 5613 3601 5652 cum

2036 5675 2216 5720 tamen
2247 5661 2508 5733 Origenes
2545 5680 2652 5718 non
2701 5666 2842 5719 hanc
2885 5661 2991 5734 ipsi
3021 5661 3131 5734 βότ’
3144 5681 3266 5722 sese
3297 5668 3600 5722 orationem

2038 5734 2447 5858 attribuat,rsed
2489 5749 2609 5790 eam
2652 5735 2833 5805 potius
2863 5750 2929 5791 ex
2972 5738 3118 5793 illius
3159 5738 3414 5809 opinione
3445 5751 3602 5794 secu-

2039 5813 2214 5858 turam
2245 5819 2309 5858 ve
2332 5812 2390 5857 tt.

2039 5813 2214 5860 turam
2245 5812 2390 5860 velit.
