4166 6464
524 412 631 470 ι99

1175 402 1447 479 EUSEBll
1484 419 1971 478 cmsuumsns
2008 424 2156 479 opp.
2194 423 2377 481 PARS
2415 424 2479 480 ιι.
2527 455 2598 465 --
2635 422 3135 481 APOLOGETICA.

3672 422 3779 477 500

525 544 730 597 tamen,
756 547 944 589 verum
972 535 1162 593 abillis
1187 551 1253 593 eo
1273 540 1629 608 praenuntiari
1663 547 1898 605 tantum,
1946 548 2093 610 quod

2197 542 2357 596 λοντα
2382 541 2671 612 δηλοῦσθαι
2732 541 2839 595 ἀπὸ
2871 541 2963 595 τοῦ
3009 542 3359 613 ἐνεστηκότος
3401 535 3780 611 σχηματισμοῦ

521 620 655 678 illud
677 633 827 680 astra
858 625 1102 682 futurum
1137 627 1463 698 signiﬁcent,
1497 646 1607 685 non
1643 631 1786 702 quod
1841 631 2100 687 efﬁciant.

520 711 680 779 Quod
726 714 774 771 si
811 716 951 773 alius
982 719 1254 788 praeterita
1301 734 1410 774 non
1438 720 1551 790 jam
1585 737 1617 776 a
1657 721 1930 777 sideribus
1958 723 2101 778 efﬁci

520 807 802 874 concedet,
835 809 931 865 sed
982 810 1310 880 cognitionis
1358 826 1549 866 eorum
1586 830 1753 869 causa
1786 815 1839 869 in
1890 816 2104 885 priores

521 900 656 954 alias
689 901 989 971 positiones
1011 902 1323 974 figurasque
1343 906 1625 971 translata,
1642 906 1814 961 solam
1840 907 2103 962 hodierno

523 990 651 1044 situi
686 990 1137 1061 signiﬁcationem
1188 993 1458 1062 relinquet
1487 1010 1501 1046 :
1535 996 1616 1050 sic
1641 1005 1843 1062 tamen,
1879 1006 1936 1050 ut
1966 1012 2104 1066 ρεςε-

520 1081 662 1138 senti
683 1082 924 1138 siderum
949 1084 1245 1139 subortum
1294 1087 1425 1141 certi
1462 1088 1626 1156 hujus
1666 1088 1907 1145 hominis
1932 1090 2103 1145 collo-

516 1176 743 1243 eationi,
764 1185 966 1232 certam
989 1175 1298 1232 futurorum
1322 1179 1708 1249 praznotionem
1728 1181 1910 1236 deberi
1938 1184 2098 1238 velit:

519 1268 709 1325 afferat
733 1269 821 1325 ille
842 1283 1007 1338 porro
1043 1269 1381 1326 discriminis
1410 1271 1700 1337 rationem,
1738 1274 2098 1342 quamobrem

519 1360 627 1415 alia
652 1371 905 1433 tanquam
931 1363 1121 1421 effecta
1144 1365 1195 1420 vi
1217 1365 1479 1431 siderum,
1516 1366 1620 1420 alia
1650 1375 1908 1436 tanquam
1935 1368 2005 1422 ab
2031 1368 2100 1422 iis

521 1452 684 1507 modo
734 1454 1076 1525 signiﬁcata,
1126 1472 1252 1513 vere
1305 1458 1560 1527 cognosci
1605 1473 1767 1527 posse
1820 1458 2095 1515 defendat.

519 1539 676 1607 Quod
695 1543 774 1598 illi
795 1544 1084 1601 discrimen
1103 1562 1227 1602 cum
1249 1548 1529 1617 assignare
1560 1549 1766 1602 nullum
1786 1550 1947 1620 292
1972 1566 2099 1621 pos-

518 1632 650 1698 sint,
688 1634 973 1692 nobiscum
1009 1637 1262 1708 deinceps
1292 1639 1546 1709 ingenue,
1576 1639 1712 1693 nihil
1759 1655 1950 1695 eorum
1975 1656 2097 1711 quae

518 1726 587 1782 ad
621 1726 871 1784 homines
896 1729 1221 1798 pertineant,
1252 1744 1283 1783 a
1315 1728 1585 1784 sideribus
1612 1729 1755 1785 efﬁci
1788 1728 2090 1801 fateantur;

518 1817 613 1872 sed
647 1817 976 1881 tantum,uti
996 1818 1109 1889 jam
1142 1827 1266 1873 ante
1308 1817 1568 1883 diximus,
1615 1828 1895 1891 utcunque
1925 1822 2094 1892 signi-

2204 633 2304 704 τῆς
2333 631 2428 684 τοῦ
2463 632 2632 695 δεῖνος
2662 632 2946 699 γενέσεως·
2983 631 3388 702 παραστησάτω
3420 630 3532 702 (52)
3557 628 3654 700 τὴν
3674 628 3781 681 δια-

2206 724 2377 795 φορὰν
2408 724 2503 777 τοῦ
2554 723 2660 776 ἀπὸ
2706 722 2814 775 τῶν
2878 722 3124 795 ἀστέρων
3176 722 3434 775 δύνασθαι
3482 721 3671 785 δεῖξαι,
3696 720 3780 772 ὅτι

2203 814 2330 868 τάδε
2364 815 2461 885 μὲν
2494 813 2737 883 νενόηται
2764 813 2938 885 ἀληθῆ
2973 813 3048 876 ὡς
3080 810 3189 865 ἀπὸ
3221 810 3537 875 ποιούντων,
3564 810 3691 864 τάδε
3722 808 3779 861 δὲ

2204 904 2281 969 ὡς
2309 904 2415 957 ἀπὸ
2470 903 2842 973 σημαινόντων
2902 903 3079 973 μόνον.
3127 903 3218 974 Μὴ
3270 903 3483 973 ἔχοντες
3509 902 3566 954 δὲ
3597 900 3779 954 δοῦναι

2204 995 2302 1066 τὴν
2328 994 2610 1066 διαφορὰν,
2645 994 3003 1064 εὐγνωμόνως
3049 996 3570 1066 συγκαταθήσονται,
3614 990 3779 1062 μηδὲν

2201 1083 2310 1136 τῶν
2336 1085 2476 1137 κατά
2492 1085 2618 1147 τοὺς
2646 1084 2965 1156 ἀνθρώπους
2981 1084 3087 1138 ἀπὸ
3112 1085 3218 1139 τῶν
3243 1085 3486 1155 ἀστέρων
3508 1083 3776 1153 γίνεσθαι,

2202 1175 2319 1228 ἀλλ’
2351 1175 2426 1238 ὼς
2447 1177 2877 1247 προειρήκαμεν,
2902 1180 2946 1229 εί
2969 1178 3094 1248 ἄρα,
3122 1176 3496 1247 σημαίνεσθαι’
3518 1175 3593 1238 ὡς
3626 1176 3673 1227 εί
3703 1172 3778 1245 μὴ

2200 1265 2296 1317 καὶ
2328 1264 2435 1317 άπὸ
2462 1265 2571 1317 τῶν
2610 1265 2856 1336 ἀστέρων
2905 1282 2989 1328 τις
3047 1265 3317 1336 ἐλάμϐανε
3359 1264 3426 1317 τὰ
3471 1262 3777 1335 παρεληλυ-

2201 1352 2333 1407 θότα
2360 1354 2455 1407 καὶ
2488 1354 2556 1407 τά
2595 1354 2875 1424 μέλλοντα,
2914 1353 3028 1407 ἀλλ’
3083 1356 3192 1408 ἀπὸ
3243 1353 3336 1407 τοῦ
3373 1353 3465 1407 νοῦ
3498 1352 3591 1405 τοῦ
3616 1350 3774 1413 Θεοῦ,

2200 1442 2289 1496 διά
2309 1460 2450 1506 τινος
2479 1443 2638 1511 λόγου
2667 1444 3026 1514 προφητικοῦ.
3068 1445 3276 1515 Ὥσπερ
3317 1442 3427 1515 γὰρ
3450 1442 3775 1514 προατυεδείο

2201 1532 2390 1605 ξαμεν,
2428 1536 2509 1588 ὅτι
2544 1535 2694 1587 οὐδὲν
2722 1535 2885 1589 λυπεῖ
2908 1537 3001 1589 τὸν
3035 1537 3161 1608 περλ¹
3202 1536 3298 1590 τοῦ
3343 1538 3426 1605 ἐφ’
3456 1538 3588 1607 ἡμῖν
3616 1535 3775 1603 λόγον

2196 1626 2257 1678 τὸ
2280 1626 2371 1678 τὸν
2404 1626 2535 1678 Θεὸν
2559 1626 2754 1679 εἰδέναι
2783 1626 2852 1679 τά
2885 1626 3312 1698 πραχθησόμενα
3339 1629 3573 1697 ἑκάστῳ,
3603 1626 3774 1691 οὕτως

2195 1717 2315 1770 οὐδὲ
2353 1717 2422 1770 τά
2454 1720 2675 1787 σημεῖα,
2719 1717 2755 1771 ά
2808 1717 2995 1782 ἔταξεν
3021 1720 3049 1771 ό
3077 1719 3209 1781 θεὸς
3245 1719 3325 1781 είς
3375 1717 3436 1769 τὸ
3466 1717 3772 1787 σημαίνειν,

2199 1808 2511 1879 ἐμποδίζειν
2540 1808 2650 1879 (55)
2677 1809 2739 1861 τὸ
2764 1810 2847 1878 ἐφ’
2873 1811 3025 1879 ἡμῖν·
3068 1809 3203 1862 ἀ).λά
3254 1808 3651 1879 παραπλησίως
3696 1806 3780 1878 βι-

518 1908 690 1964 ﬁcari.
709 1907 866 1976 Quod
898 1910 1117 1979 perinde
1137 1911 1363 1966 omnino
1387 1912 1571 1979 fuerit,
1618 1929 1683 1968 ac
1731 1912 1778 1969 si
1810 1913 1932 1982 quis
1981 1928 2090 1968 non

2197 1900 2327 1971 ϐλίῳ
2354 1901 2661 1971 περιέχοντι
2699 1900 2767 1954 τὰ
2796 1900 3056 1971 μέλλοντα
3098 1900 3452 1972 προφητικῶς
3489 1901 3517 1953 ὁ
3551 1902 3660 1963 πᾶς
3689 1902 3777 1953 ού-

516 2000 628 2070 jam
660 2015 728 2055 ex
755 1999 946 2056 iisdem
997 2001 1267 2058 sideribus
1288 2042 1302 2065 ,
1334 2005 1429 2059 sed
1460 2020 1556 2074 per
1598 2005 1704 2074 aliq
1719 2020 1835 2059 Jam
1863 2004 2093 2074 prophe-

519 2090 672 2153 tiam,
696 2106 762 2145 οι
794 2091 1023 2160 ipsamet
1063 2092 1156 2148 Dei
1191 2103 1372 2148 mente
1420 2110 1510 2151 res
1555 2104 1651 2150 aut
1676 2097 1973 2166 praeteritas
1998 2107 2093 2152 aut

521 2178 737 2237 futuras
796 2182 1136 2251 intelligeret.
1175 2181 1646 2249 Quemadmodum
1674 2188 1817 2241 enim
1839 2188 2093 2257 superius

519 2281 801 2328 ostensum
853 2288 884 2328 a
925 2274 1083 2328 nobis
1115 2283 1222 2339 est,
1277 2277 1424 2345 quod
1457 2276 1622 2340 Deus,
1660 2293 1781 2348 qua:
1818 2294 1849 2332 a
1874 2294 2093 2349 quoque

520 2363 830 2436 profectura
858 2366 989 2433 sint,
1020 2368 1204 2421 omnia
1232 2370 1578 2437 praenoverit,
1606 2370 1658 2424 id
1701 2369 1837 2423 nihil
1866 2386 2093 2441 prorsus

522 2455 819 2511 voluntatis
846 2463 1047 2511 nostra:
1079 2460 1334 2526 potestati
1368 2458 1582 2514 oﬁicere
1615 2479 1627 2514 :
1663 2460 1735 2515 ita
1764 2477 1863 2516 nec
1891 2461 2089 2529 eidem,

519 2554 842 2617 quaererem
889 2548 1043 2618 signa
1074 2547 1218 2604 Deus
1262 2566 1384 2605 esse
1427 2551 1618 2618 voluit,
1664 2552 2088 2608 incommodant.

522 2636 943 2695 Sedvoluminis
985 2638 1219 2709 alicujus
1261 2639 1452 2708 instar,
1480 2640 1724 2695 futurum
1772 2641 2089 2711 prophetica

518 2731 758 2785 dictione
784 2729 1074 2800 complexi,
1128 2730 1383 2787 universo
1410 2748 1630 2803 quoque
1660 2732 1824 2797 caelo,
1857 2733 1952 2803 qui
1990 2731 2086 2787 Dei

520 2820 658 2876 liber
678 2819 901 2891 quidam
933 2829 1017 2875 est
1038 2862 1053 2887 ,
1085 2821 1353 2877 contineri
1404 2821 1585 2877 futura
1623 2834 1872 2893 possunt.
1905 2822 2091 2893 Itaque

524 2917 669 2967 hunc
698 2912 753 2966 in
785 2911 1008 2967 modum
1057 2911 1282 2983 intelligi
1338 2922 1534 2982 potest,
1597 2914 1742 2984 quod
1778 2914 1830 2968 in
1871 2913 2088 2985 Josepbi

519 3004 831 3077 precatione
861 3019 892 3059 a
920 3003 1127 3060 Jacobo
1178 3003 1400 3070 dicitur,
1432 3022 1452 3057 ι
1487 3003 1614 3075 Legi
1648 3004 1702 3059 in
1734 3005 1935 3060 tabulis
1963 3005 2087 3060 coeli

518 3109 858 3166 quaecunque
887 3095 1133 3151 accident
1172 3093 1328 3149 vobis
1354 3136 1369 3161 ,
1393 3103 1447 3149 et
1486 3094 1613 3149 filiis
1644 3096 1860 3151 vestris.
1900 3115 1918 3148 ι
1945 3094 2087 3162 Quin

2197 1993 2354 2062 ρανὸς
2378 1991 2623 2056 δύναται,
2668 1991 2831 2044 οἱονεὶ
2861 1991 3042 2062 βίϐλος
3068 1990 3143 2044 ὢν
3199 1991 3355 2055 Θεοῦ,
3403 1990 3676 2061 περιέχειν
3707 1991 3776 2044 τά

2196 2082 2477 2152 μέλλοντα.
2510 2083 2712 2154 Διόπερ
2739 2086 2796 2136 ἐν
2822 2085 2887 2153 τῇ
2924 2085 3202 2154 προσευχῇ
3245 2081 3341 2135 τοῦ
3392 2083 3589 2152 Ἰωσὴφ
3622 2081 3778 2134 δύνα-

2189 2190 2281 2226 ται
2312 2172 2455 2230 οὕτω
2512 2173 2746 2226 νοεῖσθαι
2794 2174 2855 2226 τὸ
2913 2173 3202 2244 λεγόμενον
3260 2173 3365 2226 ὑπὸ
3401 2172 3495 2226 τοῦ
3554 2174 3771 2226 Ἰακώσο

2197 2283 2217 2315 r
2257 2264 2491 2333 ’Δνέγνω
2508 2265 2617 2335 γὰρ
2647 2267 2844 2333 ἐνταῖς
2884 2264 3049 2329 πλαξὶ
3088 2264 3182 2318 τοῦ
3221 2263 3473 2335 οὐρανοῦ,
3501 2265 3601 2319 ὅσα
3630 2282 3773 2335 συμ-

2192 2355 2418 2425 ϐήσεται
2451 2357 2580 2426 ὑμῖν
2613 2357 2842 2419 καὶτοῖς
2866 2357 3002 2419 υίοῖς
3023 2355 3199 2429 ὑμῶν.
3225 2377 3245 2411 ι
3274 2356 3428 2427 Τάχα
3463 2357 3521 2409 δέ
3561 2358 3653 2410 καὶ
3688 2359 3770 2423 τὸ,

2196 2443 2724 2520 ιΕἱλιγήσεταιβῖ)
2742 2444 3013 2515 ὁούρανὸς
3031 2445 3107 2508 ὡς
3142 2447 3398 2517 βιϐλίον,ι
3429 2451 3553 2511 τοὺς
3581 2447 3773 2516 λόγους

2192 2538 2318 2600 τοὺς
2349 2537 2784 2607 περιεχομένους,
2811 2540 3173 2607 σημαντικοὸς
3194 2539 3300 2592 τῶν
3322 2541 3594 2610 ἐσομένων
3626 2540 3775 2610 δηλοῖ

2192 2627 2786 2698 ἀπαρτισθησομένους,
2818 2629 2912 2682 καὶ
2949 2629 3014 2682 ἵν’
3033 2627 3207 2693 οὓτως
3231 2630 3389 2696 εἴπω,
3426 2632 3775 2703 πληρωθησο-

2195 2718 2409 2789 μένους,
2440 2718 2627 2790 ὥσπερ
2658 2719 2905 2787 λέγονται
2934 2721 2991 2772 αἱ
3020 2724 3344 2793 προφητεῖαι
3378 2723 3771 2795 πεπληρῶσθαι

2190 2809 2271 2881 τῷ
2311 2811 2694 2881 ἐκϐεϐηκέναι.
2751 2811 2863 2864 Καὶ
2922 2809 3095 2875 οὕτως
3141 2812 3292 2866 ἔσται
3340 2816 3420 2878 είς
3471 2816 3674 2885 σημεῖα
3705 2814 3775 2867 τά

2192 2903 2368 2975 ἄστρα
2400 2903 2681 2972 γεγονότα,
2708 2903 2853 2957 κατὰ
2881 2903 2980 2979 τῂν
3009 2904 3272 2974 λέγουσαν
3302 2906 3507 2976 φωνὴν,
3532 2926 3549 2957 ι
3576 2907 3783 2958 Ἔστω-

2194 3011 2292 3047 σαν
2325 2996 2404 3057 είς
2431 2996 2685 3065 σημεῖα.»
2733 2993 2791 3048 '0
2819 2993 2875 3047 δὲ
2913 2995 3200 3067 Ἱερεμίας,
3258 2996 3599 3068 ἐπιστρέφων
3625 2998 3776 3067 ἡμᾶς

2192 3086 2328 3157 πρὸς
2353 3087 2597 3150 ἑαυτοὺς,
2628 3087 2722 3140 καὶ
2755 3088 3058 3161 περιαιρῶν
3104 3088 3266 3157 φόϐον
3295 3088 3386 3141 τὸν
3424 3089 3517 3142 ἐπὶ
3543 3092 3655 3153 τοῖς
3683 3106 3773 3143 νο-

518 3189 683 3243 etiam
714 3186 867 3254 illud,
902 3205 922 3238 ι
958 3186 1371 3255 complicabitur
1393 3185 1590 3241 ccelum
1618 3186 1775 3255 quasi
1808 3185 1944 3241 liber
1969 3186 2036 3253 ⁸⁹,
2062 3207 2082 3240 ι

2197 3177 2504 3249 μιζομένοις
2528 3178 2909 3250 σημαίνεσθαι,
2943 3178 3084 3250 τάχα
3111 3178 3166 3232 δὲ
3201 3180 3294 3232 καὶ
3327 3180 3764 3251 ὑπολαμϐανομέ-

517 3294 588 3333 eo
618 3278 868 3334 fortassis
897 3278 1225 3348 pertinet,ut
1261 3277 1557 3347 impressas
1596 3278 1695 3348 ipsi
1726 3295 1905 3333 rerum
1941 3277 2091 3333 futu-

529 3384 718 3426 rarum
748 3369 1171 3442 significationes
1219 3369 1518 3441 perfectum
1562 3370 1828 3440 quasique
1855 3371 2093 3442 comple-

525 3469 638 3516 tum
693 3460 760 3516 iri
810 3461 1163 3524 demonstret,
1229 3461 1686 3532 quemadmodum
1738 3462 1856 3532 ipso
1905 3478 2091 3518 rerum

522 3554 671 3609 exitu
693 3553 961 3622 completa
982 3551 1141 3622 vulgo
1164 3553 1545 3623 prophetarum
1573 3553 1829 3608 dicuntur
1846 3555 2088 3611 oracula.

523 3643 701 3712 Atque
719 3642 793 3696 ita
821 3642 1100 3712 signorum
1137 3651 1196 3695 ut
1225 3642 1341 3697 vice
1375 3641 1747 3710 fungerentur,
1798 3646 2092 3699 constituta

524 3733 788 3789 divinitus
818 3742 963 3788 astra
991 3731 1211 3796 fuerint,
1228 3732 1382 3802 juxta
1414 3733 1567 3800 illud,
1612 3752 1631 3786 ι
1653 3733 1775 3790 Sint
1794 3737 1847 3791 in
1871 3737 2043 3808 signa.
2067 3756 2087 3789 ι

528 3825 852 3896 Quanquam
877 3823 1160 3889 Jeremias,
1186 3825 1263 3880 uti
1300 3833 1353 3879 et
1382 3824 1539 3881 nobis
1583 3841 1683 3882 nos
1718 3828 1835 3897 ipse
1880 3828 2091 3895 reddat,

528 3933 704 3987 eoque
728 3926 875 3971 metu
909 3915 1117 3981 liberet,
1143 3931 1303 3984 quem
1337 3931 1397 3969 ea
1433 3917 1591 3972 nobis
1619 3916 1812 3973 afferre
1846 3928 2091 3989 possent,

526 4022 650 4079 quae
676 4007 744 4060 ab
765 4006 930 4061 astris
958 4004 1044 4059 vel
1066 4003 1381 4073 signiﬁcari,
1415 4004 1498 4059 vel
1550 4005 1818 4073 proﬁcisci
1850 4006 2096 4075 quando-

527 4111 635 4166 que
663 4095 971 4159 videantur,
1017 4095 1089 4149 ila
1128 4101 1331 4159 monet,
1392 4112 1410 4145 ι
1452 4095 1494 4147 Α
1540 4094 1711 4166 signis
1773 4096 1895 4151 coeli
1931 4096 2096 4152 nolite

528 4196 769 4244 metuere
790 4186 857 4241 “.
880 4205 899 4239 ι
928 4184 1045 4241 Jam
1070 4200 1216 4252 vero,
1240 4186 1384 4241 aliud
1402 4195 1659 4256 praeterea
1681 4186 1961 4243 videamus
2010 4203 2097 4242 ar-

2194 3285 2304 3331 νοις
2328 3268 2537 3322 ἐκεῖθεν
2563 3268 2838 3340 ἔρχεσθαι,
2876 3270 3058 3339 φησίν·
3122 3288 3141 3320 ι
3181 3269 3314 3322 Ἀπὸ
3364 3271 3473 3323 τῶν
3533 3271 3776 3342 σημείων

2190 3358 2284 3411 τοῦ
2305 3359 2534 3431 ούρανοῦ
2561 3361 2635 3431 μὴ
2664 3359 2935 3429 φοϐεῖσθε.
2952 3379 2970 3410 ι
2995 3359 3225 3429 ’Ῑδωμεν
3247 3360 3340 3412 καὶ
3378 3359 3631 3431 δεύτερον
3655 3363 3775 3415 ἐπι-

2190 3451 2347 3523 χείρη
2357 3468 2452 3521 μα,
2485 3451 2602 3515 πῶς
2615 3451 2677 3504 ού
2700 3450 2951 3503 δύνανται
2983 3451 3031 3501 οί
3065 3448 3293 3518 ἀστέρες
3314 3444 3452 3502 εἶναι
3476 3453 3770 3519 ποιητικοί,

2192 3540 2328 3604 ἀλλ’,
2356 3542 2404 3593 εί
2439 3541 2568 3613 ἄρα,
2603 3539 2949 3610 σημαντικοί.
2996 3538 3127 3590 Ἀπὸ
3174 3537 3285 3591 τῶν
3346 3538 3616 3591 πλείστων
3661 3540 3772 3611 γὰρ

2191 3633 2333 3685 ὅσων
2362 3632 2627 3701 γενέσεων
2649 3630 2765 3683 ἐστι
2795 3628 2981 3682 λαϐεῖν
3014 3628 3083 3681 τὰ
3132 3628 3260 3699 περὶ
3305 3628 3424 3691 ἑνὸς
3456 3627 3767 3698 ἀνθρώπου·

2194 3723 2215 3794 (
2233 3722 2391 3776 τοῦτο
2433 3723 2490 3776 δὲ
2538 3720 2657 3775 καθ’
2688 3719 2942 3774 ὑπόθεσιν
2975 3719 3225 3790 λέγομεν,
3281 3720 3685 3792 συγχωροῦντες
3710 3720 3772 3773 τὸ

2194 3817 2503 3886 ἐπιστήμην
2562 3813 2740 3868 αὐτῶν
2796 3812 3269 3883 ἀναλαμϐάνεσθαι
3334 3815 3426 3867 ὑπ’
3470 3812 3773 3886 ἀνθρώπων

2193 3905 2497 3977 δύνασθαιῆ
2527 3903 2661 3976 φέρε
2685 3904 2795 3977 γὰρ
2818 3905 3012 3969 εἰπεῖν,
3037 3904 3165 3976 περὶ
3197 3904 3290 3958 τοῦ
3311 3905 3459 3959 τόνδε
3490 3906 3773 3958 πείσεσθαι

2193 3999 2333 4063 τόδε,
2348 3998 2442 4051 καὶ
2466 3996 2818 4069 τεθνήξεσθαι
2851 3998 3217 4068 περιπεσόντα
3246 3992 3473 4071 λῃσταῖς
3504 4000 3598 4050 καὶ
3627 3999 3775 4051 ἀναι-

2200 4090 2444 4162 ρεθέντα,
2478 4092 2611 4161 φησὶ
2634 4089 2893 4167 δύχασθαι
2920 4091 3217 4161 λαμῦάνειν
3262 4092 3369 4144 ἀπό
3405 4109 3465 4144 τε
3504 4090 3605 4160 τῆς
3638 4091 3775 4155 ίδίας

2195 4181 2360 4236 αὐτοῦ
2385 4181 2668 4251 γενέσεως,
2703 4181 2806 4237 κᾶν
2835 4181 2976 4254 τύχῃ
3028 4183 3167 4253 ἔχων
3195 4182 3455 4251 ἀδελφοὺς
3500 4182 3773 4246 πλείονας,

528 4291 866 4352 gumenlum,
909 4279 1054 4349 quod
1111 4279 1382 4334 sideribus
1439 4278 1700 4334 efﬁciendi
1723 4280 1950 4342 nullam,
2001 4280 2095 4335 scd

2197 4273 2302 4329 ἀπὸ
2327 4275 2424 4345 τῆς
2452 4274 2680 4328 ἑκάστου
2710 4274 2912 4328 αὐτῶν.
2949 4276 3232 4345 Περιέχειν
3266 4274 3373 4345 γὰρ
3426 4275 3625 4327 οἴονται
3676 4274 3776 4345 τὴν

526 4370 765 4438 aliquam
825 4379 1057 4435 tantum,
1090 4370 1136 4425 si
1168 4370 1251 4423 vel
1282 4370 1397 4439 ipsa
1425 4376 1604 4423 tamen
1631 4369 1750 4424 dari
1797 4378 1995 4439 potest,
2021 4372 2095 4425 si-

2197 4365 2423 4419 ἑκάστου
2451 4367 2664 4434 γένεσιν
2694 4366 2917 4436 ἀδελφὸν
2968 4367 3075 4420 ὑπὸ
3119 4366 3329 4437 λῃστῶν
3363 4365 3775 4437 τεθνηξόμενον,

527 4461 815 4533 gniﬁcandi
839 4460 947 4515 vim
977 4461 1265 4531 relinquat.
1296 4459 1577 4515 Docebunt
1603 4460 1879 4515 enimvero
1900 4460 2095 4515 inﬁniti

2197 4458 2393 4529 ὁμοίως
2407 4459 2499 4512 καὶ
2513 4457 2612 4529 τὴν
2630 4457 2725 4510 τοῦ
2739 4459 2964 4529 πατρὸς,
2978 4459 3071 4511 καὶ
3089 4459 3188 4528 τὴν
3212 4459 3310 4529 τῆς
3344 4457 3551 4529 μητρὸς
3568 4458 3663 4510 καὶ
3675 4459 3777 4527 τὴν

528 4568 710 4609 rerum
741 4560 917 4617 ortus,
966 4567 1088 4621 quae
1131 4551 1227 4606 uni
1287 4551 1554 4606 duntaxat
1598 4551 1805 4607 homini
1835 4561 2095 4608 eventura

2197 4549 2567 4621 τῆςγαμετῆς,
2582 4549 2677 4604 καὶ
2693 4549 2801 4602 τῶν
2826 4547 2956 4602 υἱῶν
2970 4547 3154 4611 αὑτοῦ,
3178 4550 3272 4601 καὶ
3287 4548 3393 4601 τῶν
3413 4549 3661 4611 οἰκετῶν,
3681 4550 3777 4602 xei.

528 4643 731 4715 sint(id
766 4643 911 4714 quod
941 4656 1119 4698 tamen
1144 4658 1208 4698 ex
1241 4643 1743 4714 hypothesidictum
1768 4658 1890 4699 esse
1909 4643 2091 4707 velim,

2198 4642 2306 4695 τῶν
2319 4643 2603 4710 φιλτάτωνσ
2619 4641 2757 4711 τάχα
2770 4641 2825 4693 δὲ
2841 4640 2933 4693 καί¹
2944 4639 3121 4693 αὐτῶν
3136 4638 3242 4691 τῶν
3256 4639 3774 4712 ἀναιρούντων.Πῶς

529 4736 749 4806 perinde
776 4750 839 4791 ac
870 4735 917 4791 si
952 4749 1141 4790 eorum
1171 4736 1224 4789 in
1250 4735 1613 4806 cognitionem
1642 4735 1894 4791 homines
1911 4737 2095 4791 venire

2198 4730 2292 4789 οὖν
2319 4734 2542 4789 δυνατὸν
2570 4731 2662 4785 τὸν
2692 4730 2978 4795 τοσαύταις
2999 4730 3296 4798 γενέσεσιν,
3314 4732 3399 4783 ἵνα
3416 4732 3597 4795 αὐτοῖς
3617 4731 3776 4785 τοῦτο

525 4841 688 4896 posse
721 4822 1126 4891 concedamus).
1174 4821 1330 4889 Quod
1384 4824 1530 4878 enim
1581 4822 1670 4877 hic
1708 4831 1802 4876 aut
1850 4823 1937 4877 ille
1962 4823 2095 4876 certi

2202 4827 2548 4899 συγχωρηθῇ,
2583 4824 3035 4897 ἐμπεριεχόμενον
3078 4821 3319 4890 γίνεσθαι
3355 4824 3458 4876 ὑπὸ
3500 4822 3593 4877 τοῦ
3642 4840 3778 4894 σχη-

527 4916 806 4988 quidpiam
833 4915 1115 4973 subiturus
1129 4914 1217 4979 sit,
1238 4922 1364 4984 puta
1379 4913 1748 4983 jugulandusa
1768 4913 2095 4978 latronibus.

527 5012 584 5066 in
609 5026 746 5080 quos
770 5007 1059 5073 inciderit;
1088 5007 1192 5063 hoc
1234 5007 1322 5062 isti
1345 5005 1562 5077 quidem
1596 5007 1790 5077 partim
1821 5022 1884 5062 ex
1911 5007 2099 5076 singu-

529 5101 628 5156 lari
656 5101 776 5171 ejus
792 5110 936 5164 ortu,
964 5099 1159 5168 partim
1182 5113 1245 5153 ex
1269 5097 1517 5161 fratrum,
1552 5099 1598 5153 si
1621 5098 1804 5167 plures
1825 5108 2097 5165 nosceret,

527 5190 865 5261 singulorum
924 5188 1185 5243 natalitiis
1210 5189 1394 5244 haberi
1427 5202 1589 5258 posse
1626 5186 1945 5243 defendunt.
1964 5186 2099 5242 Fra-

530 5279 630 5335 tris
661 5280 806 5335 enim
836 5279 1038 5335 eadem
1080 5279 1355 5334 latronum
1374 5294 1536 5333 manu
1565 5277 1831 5346 futuram,
1860 5279 2104 5349 singulo-

531 5384 781 5435 rum,nee
796 5384 906 5425 non
921 5370 1161 5439 parentis
1184 5371 1491 5440 utriusque,
1503 5369 1628 5425 ’imo
1645 5368 1896 5441 conjugis
1913 5370 2099 5433 etiam,

528 5458 848 5527 liberorum,
880 5459 1233 5527 famulorum,
1270 5476 1335 5516 ac
1357 5461 1812 5527 necessariorum,
1859 5460 2103 5531 adeoque

600 5560 630 5591 ι
655 5550 827 5608 ισ.τδ
854 5554 1055 5622 ποιητ.“
1114 5552 1162 5584 ³⁸
1183 5550 1291 5608 lsa.
1312 5568 1499 5620 xxxrv,
1531 5553 1585 5609 6.
1659 5553 1708 5586 ⁸⁸
1740 5552 1851 5608 Jer.
1887 5568 1943 5619 ι,
1977 5553 2033 5607 2.

607 5637 718 5710 (52)
748 5640 1223 5715 Παραστησάξω.
1254 5641 1428 5709 Quam
1467 5656 1844 5715 argumentum
1874 5644 1978 5699 hoc
2013 5660 2105 5698 ur-

537 5719 679 5778 geat,
721 5727 830 5785 non
878 5714 1073 5785 sentio.
1126 5711 1497 5785 Responderet
1533 5711 1682 5770 cnim
1713 5716 2101 5785 genethliacus,

539 5782 853 5860 totumhoc
881 5782 1173 5860 discrimen
1210 5798 1277 5836 ex
1319 5784 1533 5841 diversa
1560 5782 1814 5854 praeteriti
1843 5801 1904 5841 ac
1936 5784 2103 5841 futuri

538 5851 850 5907 conditione
875 5852 1163 5923 petendum
1191 5868 1328 5909 esse.

2205 4918 2477 4990 ματισμοῦ
2504 4917 2615 4971 τῶν
2640 4916 2907 4987 ἀστέρων,
2931 4912 3090 4983 τῆσδε
3118 4912 3315 4983 μᾶλλον
3336 4913 3434 4983 τῆς
3458 4914 3721 4981 γενέσεως
3738 4913 3774 4984 ἢ

2201 5012 2402 5075 τῶνδες
2443 5009 2729 5063 Ἀπίθανον
2780 5009 2889 5080 γὰρ
2923 5008 3018 5059 καὶ¹
3065 5006 3128 5060 τὸ
3170 5006 3397 5074 φάσκειν
3433 5006 3523 5058 τὸν
3557 5021 3775 5075 σχημα-

2201 5102 2393 5173 τισμὸν
2420 5101 2512 5154 τόν
2538 5104 2596 5154 ἐν
2624 5103 2689 5172 τῇ
2722 5101 2828 5172 ἰδίᾳ
2854 5100 3009 5153 τοῦδέ
3057 5116 3201 5162 τινος
3231 5098 3442 5166 γενέσει
3469 5097 3638 5151 ταῦτα
3675 5113 3776 5149 πε-

2203 5193 2509 5264 ποιηκέναι,
2529 5192 2621 5247 τὸν
2662 5193 2721 5246 δὲ
2758 5193 2816 5245 ἐν
2844 5195 2910 5263 τῇ
2942 5190 3107 5244 τῶνδε
3130 5189 3339 5259 γενέσει
3366 5188 3440 5261 μὴ
3478 5188 3778 5259 πεποιηκέ-

2203 5303 2312 5350 ναι,
2335 5284 2471 5339 ἀλλὰ
2503 5284 2910 5356 σεσημαγκέναι
2970 5283 3150 5354 μόνον.
3195 5280 3429 5335 Ἦλίθιον
3472 5280 3584 5352 γὰρ
3610 5280 3671 5333 τὸ
3699 5282 3780 5332 εί-

2204 5381 2348 5443 πεῖν,
2390 5378 2529 5448 ὁτιή
2576 5377 2792 5430 πάντων
2838 5375 3051 5444 γένεσις
3112 5376 3351 5445 περιεῖχε
3397 5371 3517 5426 καθ’
3551 5371 3781 5429 ἕκαστον

2205 5468 2488 5539 ποιητικὸν
2507 5479 2533 5508 ι
2564 5465 2658 5521 τοῦ
2689 5466 2838 5521 τόνδε
2866 5464 3394 5536 ἀναιμθῆναιοῶστε
3420 5464 3479 5516 ἐν
3510 5463 3777 5531 γενέσεσι,

2278 5651 2389 5721 (55)
2435 5648 2813 5719 Ἐμποδίζειν.
2850 5647 3030 5721 Malim
3059 5645 3509 5721 éprro6_£§e:._Nec_
3533 5646 3678 5704 enim
3720 5646 3778 5702 id

2206 5716 2334 5777 ante
2365 5716 2778 5784 demonstravit,
2813 5719 2919 5774 nisi
2953 5716 3103 5773 forte
3122 5718 3239 5771 κατ’
3261 5716 3612 5771 ἀκολουθίαν.-

2278 5790 2412 5864 (53')
2434 5790 2828 5863 Είλιτήσεται.
2844 5787 3011 5860 Vulg.
3038 5787 3363 5860 ἐλιγήσεται.
3392 5788 3548 5845 Eutr.
