4166 6416
373 356 471 412 501

1532 349 1872 407 ΡΒᾹΞΡΑΒ.
1914 348 2169 406 EV‘ANG.
2210 348 2338 406 LIB.
2378 346 2468 403 Vl.

3519 304 3628 398 sos

361 476 486 532 καθ’
547 475 801 529 ὑπόθεσιν
844 475 1022 545 λέγω,
1089 475 1427 546 πεντήκοντα
1486 472 1838 546 περιέχεσθαι
1886 472 1948 525 τὸ

2062 471 2460 527 interfectorum
2507 469 2751 540 ipsorum
2804 465 3053 523 fortassis
3095 472 3217 520 ortu
3258 462 3528 521 inclusam
3550 475 3631 521 te-

360 569 510 623 τόνδε
542 568 665 621 τινά
695 567 1068 639 ἀναιρεθῆναι.
1102 568 1217 620 Οὐκ
1242 563 1358 620 οἶδα
1388 565 1433 619 δ’
1455 565 1604 628 ὅπως
1632 565 1949 636 δυνήσονται

365 659 537 714 σῶσαι
564 658 631 712 τὸ
657 660 766 712 τῶν
792 660 889 730 μὲν
918 659 976 712 ἐν
1015 657 1244 728 Ἰουδαίᾳ
1274 656 1460 727 σχεδὸν
1506 655 1723 709 πάντων
1748 656 1951 711 τοιόνδε

364 747 500 806 εἶναι
527 751 620 805 τὸν
647 751 1029 822 σχηματισμὸν
1081 750 1175 803 ἐπὶ
1205 750 1305 819 τῆς
1337 748 1625 818 γενέσεως,
1659 748 1735 812 ὡς
1752 748 1951 819 ὀκταήσ

367 860 532 915 μερον
559 843 756 907 αὐτοὺς
775 842 1076 912 λαμϐάνειν
1111 841 1435 914 περιτομὴν,
1466 839 1953 912 ἁκρωτηριαξομέ-

365 952 509 999 νους,
544 934 638 987 καὶ
669 934 991 1005 ἑλκομένους
1211 933 1306 986 καὶ
1335 933 1612 1003 φλεγμονῇ
1659 948 1951 1003 περιπεσο-

368 1022 581 1093 μένους,
617 1024 708 1075 καὶ
734 1022 1032 1093 τραύμασι,
1080 1022 1174 1076 καὶ
1204 1023 1319 1093 ἅμα
1346 1025 1411 1093 τῇ
1438 1024 1518 1086 είς
1570 1022 1662 1075 τὸν
1703 1022 1817 1092 βίον
1838 1025 1953 1076 είσ-

363 1114 467 1186 όδῳ
498 1114 696 1185 ίατρῶν
739 1114 1044 1186 δεομένους·
1080 1116 1186 1168 τῶν
1226 1114 1282 1167 δὲ
1335 1116 1394 1167 ἐν
1439 1115 1809 1186 Ἱσμαηλίταις
1840 1117 1954 1179 τοῖς

366 1207 508 1261 κατά
541 1206 639 1278 τὴν
675 1205 950 1278 Ἀραϐίαν,
1010 1205 1233 1269 τοιόνδε,
1261 1206 1336 1269 ὡς
1395 1206 1603 1269 πάντας
1632 1206 1952 1278 περιτέμνε-

366 1297 493 1351 σθαι
521 1297 1037 1368 τρισκαιδεκαετεῖςο
1071 1296 1231 1350 τοῦτο
1259 1295 1368 1367 γὰρ
1402 1295 1680 1367 ἱστόρηται
1711 1297 1838 1366 περὶ
1861 1298 1956 1349 αὑ-

367 1388 495 1443 τῶν.
532 1390 643 1443 Καὶ
666 1388 827 1443 πάλιν
881 1389 1049 1444 τῶνδέ
1096 1407 1257 1444 τινων
1300 1389 1409 1444 τῶν
1449 1391 1507 1442 ὲν
1536 1389 1749 1460 Αἰθίοψι
1782 1392 1955 1444 τοῖσδε

368 1481 470 1547 τὰς
496 1482 699 1552 κόγχας
747 1482 855 1535 τῶν
914 1483 1158 1551 γονάτων
1213 1482 1655 1555 περιαιρεῖσθαι,
1705 1482 1800 1535 καὶ
1847 1482 1955 1535 τῶν

384 1570 697 1641 Ἀμαζόνων
748 1573 873 1636 τοὺς
906 1573 1127 1645 ἐτέρους
1188 1572 1297 1627 τῶν
1365 1572 1607 1644 μαστῶν.
1660 1571 1788 1635 Πῶς
1841 1570 1950 1644 γὰρ

368 1665 544 1720 ταῦτα
574 1666 819 1720 ποιοῦσιν
847 1667 897 1719 οἱ
931 1666 1159 1738 ἀστέρες
1218 1665 1393 1718 τοῖσδε
1440 1667 1553 1728 τοῖς
1582 1663 1822 1727 ἔθνεσιν;
1856 1660 1953 1715 υἷ-

373 1772 472 1828 μαι
497 1798 512 1823 ,
547 1757 628 1809 ὅτι
651 1756 941 1826 ἐπιστῆσαι
981 1755 1078 1825 μὲν
1118 1753 1228 1825 (ἲῦ)
1274 1753 1395 1806 οὐδὲ
1432 1752 1593 1823 μέχρι
1635 1750 1728 1803 τοῦ
1758 1750 1952 1820 στῆσαι

370 1847 716 1920 δυνησόμεθά
742 1865 794 1901 τι
820 1847 1016 1917 ἀληθὲς
1040 1847 1213 1900 εἰπεῖν
1260 1846 1390 1917 περ)¹
1445 1844 1646 1898 αὐτῶν.
1677 1843 1957 1897 Τοσούτων

371 1936 428 1989 δὲ
484 1937 796 2007 φερομένων
836 1935 971 1989 ὁδῶν
1047 1934 1490 2006 προγνωστικῶν,
1539 1936 1641 1987 οὐκ
1686 1930 1781 1986 οἷδ’
1810 1935 1959 1997 ὅπως

372 2026 665 2093 ἐξώκειλαν
703 2029 751 2081 οἱ
781 2027 1059 2099 ἄνθρωποι
1108 2027 1198 2081 ἐπὶ
1253 2026 1315 2078 τὸ
1346 2025 1443 2097 τὴν
1475 2026 1572 2097 μὲν
1615 2025 1959 2095 οἰωνιστικὴν

372 2121 469 2174 καὶ
495 2120 596 2191 τὴν
615 2119 838 2191 θυτικὴν
875 2120 949 2191 μὴ
995 2119 1175 2188 λέγειν
1227 2118 1503 2190 περιέχειν
1559 2118 1620 2171 τὸ
1654 2115 1841 2172 ποιοῦν
1870 2116 1958 2171 αί-

370 2229 506 2278 τιον,
541 2212 677 2265 ἀλλὰ
716 2212 997 2282 σημαίνειν
1029 2211 1209 2282 μόνον,
1264 2211 1360 2264 καὶ
1408 2210 1506 2282 τὴν
1564 2210 1957 2281 ἀστεροσκοπι-

375 2306 479 2376 κήν
506 2302 636 2372 (56)·
659 2303 758 2356 οὐκ
781 2303 861 2356 ἔτι
891 2301 947 2355 δὲ
963 2302 1064 2373 τὴν
1081 2301 1577 2371 γενεθλιαλογικήν.
1611 2302 1674 2354 Ei
1699 2300 1809 2372 γὰρ
1837 2301 1959 2353 ἐπι-

373 2392 698 2462 γινώσκεται
745 2394 857 2465 (ἴνα
902 2394 996 2447 καὶ
1042 2392 1400 2464 χαρισώμεθα
1444 2392 1507 2446 τδ
1544 2391 1956 2461 γινώσκεσθαι),

372 2486 582 2555 γίνεται
604 2486 659 2539 δὲ
678 2485 885 2539 ἐκεῖθεν
906 2485 1028 2538 ὅθεν
1052 2487 1084 2556 ἡ
1110 2484 1311 2553 γνῶσις
1335 2484 1691 2556 λαμϐάνεται,
1726 2484 1780 2538 τί
1822 2484 1959 2556 μᾶλ-

374 2575 465 2629 λον
500 2577 609 2629 ἀπὸ
630 2576 738 2629 τῶν
760 2577 1006 2647 ἀστέρων
1032 2575 1066 2646 ἢ
1098 2575 1205 2629 ἀπὸ
1234 2575 1345 2629 τῶν
1374 2576 1579 2630 οἰωνῶν
1611 2576 1765 2631 ἔσται
1789 2577 1860 2631 τὰ
1883 2595 1961 2646 γι-

370 2665 605 2735 νόμενα;
632 2667 725 2720 καὶ
760 2666 959 2737 μᾶλλον
996 2680 1024 2708 ι
1074 2668 1183 2727 ἀπὸ
1221 2669 1332 2722 τῶν
1384 2668 1590 2722 οἰωνῶν
1620 2669 1654 2741 ἢ
1706 2670 1815 2725 ἀπὸ
1847 2672 1957 2725 τῶν

373 2755 698 2826 σπλάγχνων
746 2756 856 2810 τῶν
908 2756 1208 2830 θυομένων,
1242 2758 1276 2831 ἢ
1314 2759 1421 2813 ἀπὸ
1477 2759 1588 2815 τῶν
1626 2760 1954 2832 διᾳττόντων

374 2848 617 2917 ἀστέρων
641 2864 657 2914 ;

2056 566 2172 618 neri
2204 572 2416 633 putant.
2447 559 2914 628 Quemadmodum
2943 556 3104 629 293
3135 572 3266 627 ergo
3284 556 3400 611 fieri
3426 564 3628 626 potest,

2052 667 2112 713 ut
2144 657 2237 727 qni
2280 666 2360 712 tot
2390 657 2623 711 aliorum
2651 655 2865 721 (demus
2888 654 3033 711 enim
3067 650 3421 723 Itocinterim)
3442 649 3630 708 natali—

2053 750 2479 814 tiisinvolvitur,
2502 748 2641 803 idem
2674 754 2949 802 astrorum
2975 745 3103 801 huic
3130 741 3635 815 potiusgeneratio-

2053 844 2108 897 ni
2134 857 2300 913 quam
2344 840 2557 895 ueteris
2586 840 2994 909 praesidentium
3019 836 3277 908 positioni
3310 835 3635 891 addicatur?

2053 931 2527 1003 Incredibilezenim
2549 929 3018 999 est,positionem,
3036 943 3157 1001 qua‘.
3188 927 3451 998 singulari
3466 928 3634 981 unius

2052 1025 2341 1093 cujusdam
2377 1023 2522 1077 ortui
2544 1019 2842 1092 praefuerit,
2870 1018 3185 1089 huiusmodi
3208 1018 3386 1072 exitus
3410 1031 3634 1072 causam

2053 1113 2261 1171 fuisse:
2304 1122 2762 1185 quaecaeterorum
2809 1112 2866 1166 in
2920 1111 3183 1165 natalitiis
3211 1109 3499 1174 exstiterit,
3526 1122 3633 1163 non

2054 1207 2244 1274 fuisse,
2285 1208 2380 1263 sed
2410 1207 2527 1277 ejus
2556 1207 2720 1264 modo
2759 1205 3217 1277 signiﬁcationem
3267 1204 3506 1276 aliquam
3540 1203 3636 1259 de-

2052 1302 2221 1357 disse.
2251 1298 2362 1355 Nec
2388 1301 2579 1356 minus
2625 1298 2894 1354 insulsum
2926 1295 3111 1360 fuerit,
3143 1294 3400 1351 omnibus
3428 1310 3494 1350 ac
3521 1295 3638 1350 sin-

2056 1394 2199 1464 gulis
2214 1392 2451 1463 plurium
2483 1394 2711 1448 istorum
2736 1389 3000 1445 natalitiis
3024 1388 3258 1444 hominis
3278 1387 3441 1443 unius
3471 1387 3637 1443 caedis

2058 1498 2282 1539 causam
2328 1482 2606 1537 includere
2641 1497 2656 1533 ε
2705 1479 2862 1551 quasi
2901 1476 3345 1548 generationibus
3375 1490 3442 1531 ex
3468 1475 3640 1547 hypo-

2060 1574 2201 1630 thesi
2250 1573 2685 1644 quinquaginta,
2750 1571 2883 1626 certi
2940 1569 3105 1625 unius
3151 1568 3391 1623 hominis
3435 1566 3639 1622 oecisio

2060 1668 2454 1738 comprehensa
2476 1674 2770 1721 teneretur.
2795 1663 2913 1719 Jam
2945 1664 3242 1733 intelligere
3264 1660 3506 1733 profecto
3529 1677 3637 1717 non

2063 1775 2310 1831 possum,
2339 1760 2433 1829 qui
2480 1757 2696 1813 tandem
2724 1756 2945 1811 Iudaeos
2969 1768 3162 1810 omnes
3186 1769 3251 1809 ea
3279 1754 3431 1809 nasci
3462 1761 3640 1808 astro-

2063 1866 2183 1904 rum
2214 1848 2485 1919 positione
2538 1845 2848 1909 defendent,
2886 1852 2945 1899 ut
2991 1851 3183 1898 octavo
3210 1843 3297 1898 die
3323 1841 3641 1897 circumcidi

2065 1948 2293 1996 cunctos
2324 1946 2591 2009 oporteat,
2612 1939 2798 2008 itaque
2845 1950 3062 1991 summa
3091 1946 3215 1990 cute
3248 1935 3509 1997 truncari,
3529 1942 3643 1989 tor-

2064 2033 2243 2103 queri,
2284 2030 2493 2086 ardenti
2521 2039 2735 2085 tumore
2763 2026 3110 2094 inﬂammari,
3141 2025 3372 2082 lacerari
3407 2025 3643 2081 vulneri-

2062 2124 2188 2188 bus,
2213 2131 2489 2193 postremo
2521 2121 2611 2176 vix
2649 2130 2803 2174 natos
2848 2119 3180 2174 medicorum
3213 2128 3326 2174 arte
3354 2134 3419 2174 ac
3460 2119 3642 2173 mani-

2063 2215 2168 2270 bus
2215 2213 2479 2284 indigere.
2513 2211 2820 2267 lsmaclitas
2868 2219 3061 2266 contra
3091 2225 3207 2277 eos,
3255 2211 3349 2281 qui
3383 2210 3643 2266 Arabiam

2065 2313 2269 2369 tenent,
2304 2320 2371 2360 eo
2394 2305 2500 2360 situ
2522 2304 2576 2358 in
2597 2304 2773 2358 lucem
2805 2304 2915 2367 edi,
2950 2312 3220 2359 utomnes
3248 2303 3395 2359 circa
3433 2318 3642 2357 annum

2062 2396 2333 2452 decimum
2370 2396 2591 2450 tertium
2630 2394 2949 2450 circumcidi
2993 2410 3218 2450 necesse
3262 2394 3355 2450 sit.
3408 2392 3466 2449 Id
3496 2395 3642 2450 enim

2062 2486 2167 2542 hoc
2206 2487 2272 2542 de
2301 2487 2587 2541 hominum
2646 2501 2843 2555 genere
2891 2494 3349 2543 commemorant.
3373 2485 3644 2543 Praeterea

2061 2579 2154 2648 qui
2219 2578 2350 2641 fiat,
2409 2584 2471 2632 ut
2535 2577 2701 2631 certis
2759 2575 3090 2646 quibusdam
3142 2577 3285 2647 apud
3349 2577 3645 2633 nonnullos

2063 2669 2359 2739 IEthiOpize
2418 2668 2646 2739 populos
2698 2683 2938 2739 genuum
2986 2668 3221 2738 patellae,
3275 2668 3646 2724 Amazonibus

2061 2776 2423 2816 mammarum
2448 2761 2615 2815 altera
2642 2767 2939 2815 resecetur.
2963 2759 3248 2826 Quomodo
3269 2760 3415 2815 enim
3445 2759 3647 2819 similia

2061 2852 2224 2906 certis
2246 2850 2514 2906 duntaxat
2560 2850 2615 2904 in
2662 2850 2939 2920 gentibus,
2995 2850 3240 2905 siderum
3278 2850 3365 2905 vis
3404 2850 3648 2919 efficiat?

375 2937 638 3009 Equidem
670 2941 749 2996 sic
771 2941 1049 3009 existimo,
1069 2944 1182 2998 veri
1212 2944 1349 2998 nihil
1397 2944 1503 2999 hoc
1543 2946 1598 2999 in
1629 2961 1846 3016 genere,
1880 2947 1934 3000 in
1974 2960 2084 3013 quo
2113 2943 2197 2999 vel
2227 2942 2420 2997 leviter
2469 2944 2675 2997 haerere
2715 2942 2895 3009 liceat,
2949 2941 3246 3013 excogitari
3270 2957 3302 2997 a
3326 2942 3487 2998 nobis
3554 2959 3647 2998 as-

375 3031 594 3100 serique
620 3048 801 3100 posse.
857 3031 1149 3099 Caeterum,
1198 3050 1323 3090 cum
1375 3044 1483 3089 tam
1544 3038 1729 3092 multa:
1761 3034 2135 3107 praenoscendi
2177 3042 2324 3088 artes
2385 3030 2865 3099 circumferantnr,
2915 3048 3026 3087 non
3074 3033 3255 3099 video,
3286 3034 3646 3100 quamobrem

378 3122 510 3180 inid
551 3124 900 3192 potissimum
951 3126 1204 3181 homines
1235 3128 1592 3197 impegerint,
1642 3138 1703 3182 ut
1729 3126 1977 3198 augurali
2016 3133 2070 3179 et
2098 3123 2461 3193 haruspicina:
2509 3121 2782 3178 efﬁciendi
2823 3123 2933 3178 vim
2995 3130 3275 3195 negarent,
3306 3123 3646 3195 signiﬁcandi

376 3224 586 3272 tantum
616 3217 995 3283 concederent,
1022 3219 1165 3274 idem
1198 3226 1380 3275 tamen
1439 3219 1508 3276 de
1553 3236 1640 3286 ea,
1688 3235 1810 3290 qua
1827 3220 1881 3274 in
1930 3219 2209 3274 stellarum
2241 3225 2297 3271 et
2350 3215 2720 3271 natalitiorum
2757 3215 3196 3273 consideratione
3216 3225 3487 3286 versatur,
3533 3232 3646 3274 non

378 3310 635 3365 sentiant.
667 3309 802 3365 Nam
829 3311 878 3367 si
927 3314 1186 3385 cognosci
1221 3312 1403 3369 futura
1428 3323 1658 3385 possunt
1700 3317 1828 3386 (hoc
1864 3311 2013 3369 enim
2052 3315 2107 3367 in
2148 3311 2437 3383 praascntia
2485 3311 2700 3383 demus)
2750 3312 3003 3383 idemque
3042 3313 3372 3384 cognitionis
3424 3314 3645 3370 illorum

378 3416 460 3463 est
487 3405 900 3479 effectionisque
927 3410 1258 3480 principium
1291 3427 1306 3478 ;
1370 3427 1469 3466 cur
1519 3413 1575 3466 in
1624 3412 1808 3468 stellas
1834 3412 2018 3483 potius
2055 3425 2221 3482 quam
2243 3410 2299 3464 in
2323 3423 2473 3476 aves,
2513 3424 2707 3464 eorum
2741 3423 2864 3478 quae
2893 3408 3031 3463 fiunt
3067 3424 3254 3477 causa,
3285 3407 3647 3466 conferatur?

377 3501 462 3555 vel
484 3517 583 3555 cur
607 3502 799 3558 avibus
823 3504 1011 3558 eadem
1043 3506 1243 3573 potius,
1276 3522 1440 3577 quam
1475 3519 1570 3561 aut
1608 3509 1956 3564 victimarum
1995 3508 2159 3573 extis,
2187 3514 2283 3560 aut
2305 3504 2741 3560 discurrentibus
2763 3504 2978 3575 ignibus
2999 3504 3309 3576 assignetur
3328 3508 3353 3559 ἰ

455 3610 474 3643 ι
517 3591 700 3646 Ταῦτα
749 3594 848 3664 μὲν
885 3591 979 3648 οὖν
1020 3597 1114 3650 ἐπὶ
1146 3597 1239 3651 τοῦ
1297 3599 1563 3671 παρόντος
1602 3600 1826 3672 ἀρκέσει
1881 3601 1961 3664 εἰς
1988 3606 2033 3667 C

380 3683 661 3754 ἀναίρεσιν
707 3683 803 3738 τοῦ
848 3688 1166 3757 ποιητικοὺς
1201 3682 1342 3741 εἶναι
1377 3689 1505 3752 τοὺς
1567 3689 1801 3759 ἀστέρας
1850 3689 1960 3744 τῶν

380 3776 755 3847 ἀνθρωπίνων.
811 3778 987 3849 ’Ὅπερ
1041 3778 1100 3832 δὲ
1152 3782 1652 3853 συγκεχωρήκαμεν
1712 3784 1810 3855 (οὐ
1854 3785 1963 3858 γὰρ

366 3867 573 3922 ’ἐλύπει
600 3869 691 3922 τὸν
724 3868 926 3938 λόγον),
963 3871 1039 3936 ὡς
1064 3870 1171 3925 τῶν
1201 3872 1505 3943 ἀνθρώπων
1530 3874 1841 3944 δυναμένων
1865 3894 1965 3930 κα-

381 3962 745 4034 ταλαμϐάνειν
772 3963 897 4026 τοὺς
950 3964 1232 4036 οὐρανίους
1294 3969 1727 4040 σχηματισμοὺς,
1770 3969 1963 4023 καὶτὰ

383 4057 604 4125 σημεῖα,
641 4057 736 4108 καὶ
764 4048 838 4108 ὧν
873 4057 989 4109 ἐστι
1021 4060 1241 4127 σημεῖα,
1275 4058 1435 4113 τοῦτο
1458 4059 1605 4131 ’φέρε
1633 4059 1728 4114 νῦν
1779 4060 1965 4127 ἐξετά-

383 4161 567 4216 σωμεν
595 4148 643 4199 εἰ
673 4146 871 4215 ἀληθές
890 4148 1030 4202 ἐστι.
1057 4149 1195 4202 Φασὶ
1226 4150 1404 4203 τοίνυν
1429 4153 1477 4204 oi
1511 4152 1639 4221 περὶ
1663 4152 1836 4205 ταῦτα
1863 4152 1966 4206 δει-

381 4237 482 4302 νοὶ,
513 4236 602 4290 τὸν
631 4237 892 4308 μέλλοντα
918 4238 988 4292 τά
1022 4240 1164 4293 κατὰ
1204 4240 1301 4313 τὴν
1333 4242 1802 4316 γενεθλιαλογικὴν
1832 4244 1965 4317 ἀλη-

384 4327 495 4392 θῶς
536 4329 998 4400 καταλαμϐάνειν,
1052 4332 1250 4387 εἰδέναι
1282 4334 1342 4387 οὐ
1380 4335 1537 4405 μόνον
1581 4335 1643 4389 τὸ
1698 4336 1839 4390 κατὰ
1869 4338 1965 4390 πό-

386 4436 511 4474 στον
542 4421 571 4461 b
600 4421 1072 4496 δωδεκατημορίου
1131 4426 1277 4479 ἐστὶν
1316 4428 1345 4480 ὁ
1394 4427 1726 4500 καλούμενος
1768 4429 1964 4502 ἀστὴρ.

368 4512 520 4566 ’ἀλλά
544 4515 637 4567 καὶ
667 4515 808 4569 κατὰ
842 4516 1001 4580 ποίας
1033 4518 1226 4590 μοίρας
1245 4519 1339 4572 τοῦ
1361 4520 1853 4595 δωδεκατημορίου,
1873 4522 1966 4577 καὶ

385 4605 525 4661 κατά
551 4607 703 4661 ποίου
727 4607 1042 4678 ἑξηκοστοῦ.
1075 4610 1139 4663 Οί
1171 4610 1227 4663 δὲ
1269 4610 1669 4684 ἀκριϐέστεροι,
1701 4614 1797 4668 καὶ
1826 4614 1965 4668 κατὰ

387 4696 541 4751 ποίου
569 4697 862 4769 ἑξηκοστοῦ
892 4699 989 4753 τοῦ
1010 4700 1327 4772 ἑξηκοστοῦ,
1377 4702 1472 4755 καὶ
1513 4702 1671 4756 τοῦτό
1703 4721 1834 4773 φασι
1857 4704 1967 4758 δεῖν

389 4791 562 4842 ποιεῖν
605 4791 703 4859 ,ἐφ’
737 4790 969 4844 ἑκάστου
1029 4791 1137 4847 τῶν
1192 4792 1588 4863 πλανωμένων,
1648 4791 1967 4859 ἐξετάζοντα

382 4878 485 4951 τὴν
516 4880 697 4952 σχέσιν
726 4881 824 4953 τὴν
855 4883 991 4955 πρὸς
1013 4884 1139 4947 τοὺς
1165 4884 1444 4948 ἀπλανεῖς.
1471 4885 1640 4939 Πάλιν
1662 4882 1728 4941 αὖ
1759 4887 1851 4941 ἐπὶ
1871 4886 1966 4941 τοῦ

2140 3615 2159 3645 σ
2203 3594 2479 3650 Hactenus
2509 3593 2728 3664 quidem
2759 3610 2788 3648 a
2818 3595 2998 3660 nobis,
3039 3605 3305 3666 quantum
3354 3596 3445 3653 hic
3491 3597 3645 3654 locus

2064 3687 2395 3758 postulabat,
2426 3684 2708 3742 confutata
2750 3686 2840 3740 illa
2872 3687 3139 3742 sententia
3170 3695 3277 3753 est,
3307 3704 3429 3759 quae
3460 3704 3647 3745 rerum

2062 3781 2429 3834 humanarum
2459 3778 2797 3835 eﬂectionem
2817 3794 2846 3833 a
2868 3779 3138 3835 sideribus
3169 3778 3402 3850 pendere
3438 3789 3645 3836 statue-

2064 3872 2176 3927 bat.
2209 3869 2365 3936 Quod
2397 3884 2578 3927 autem
2625 3871 2793 3943 paulo
2827 3882 2975 3937 ante,
3029 3888 3154 3929 cum
3207 3873 3342 3928 nihil
3382 3883 3647 3945 susceptae

2062 3965 2417 4036 disputationi
2433 3964 2693 4031 olIiceret,
2725 3965 2870 4020 ultro
2893 3966 3283 4030 concessimus,
3315 3967 3567 4023 caelestes
3589 3968 3649 4023 il-

2064 4058 2145 4114 las
2158 4057 2479 4129 positiones,
2502 4056 2680 4128 signa,
2710 4071 3056 4127 quorumque
3080 4057 3234 4127 signa
3264 4056 3354 4111 illa
3389 4059 3642 4114 sintom-

2065 4153 2177 4217 nia,
2204 4151 2476 4207 facultatis
2503 4151 2757 4205 humana:
2775 4149 2987 4204 viribus
3007 4147 3231 4219 intelligi
3248 4148 3412 4222 29E.
3437 4167 3597 4220 posse
3625 4168 3640 4205 :

2067 4245 2121 4299 id
2148 4257 2409 4298 verumne
2429 4241 2523 4305 sit,
2554 4254 2703 4295 nunc
2749 4239 2968 4294 demum
3005 4240 3644 4310 exquiramus.Primum

2067 4335 2232 4406 igitur
2261 4334 2394 4388 artis
2418 4331 2583 4402 hujus
2612 4330 2861 4401 magistri
2897 4331 3115 4397 docent,
3137 4332 3230 4400 qui
3260 4331 3328 4385 ad
3358 4347 3540 4388 veram
3581 4349 3647 4390 ac

2066 4425 2362 4497 perfectam
2389 4439 2571 4478 rerum
2600 4421 3063 4493 genethliacarum
3097 4422 3465 4494 cognitionem
3498 4427 3646 4495 aspi-

2068 4527 2169 4585 ret,
2204 4517 2494 4573 tenendum
2525 4516 2654 4571 huic
2675 4530 2795 4572 esse
2818 4529 2927 4570 non
2955 4514 3118 4570 modo
3141 4531 3379 4587 quanam
3411 4517 3464 4572 in
3494 4518 3647 4589 parte

2068 4607 2411 4669 duodecima,
2438 4605 2711 4662 sedetiam
2751 4621 2989 4675 quanam
3035 4607 3087 4661 in
3133 4606 3280 4663 illius
3309 4608 3647 4665 duodecimae

2069 4697 2353 4768 particula,
2390 4697 2500 4752 imo
2525 4711 2697 4765 ecqua
2735 4697 2950 4751 tandem
2982 4697 3034 4750 in
3075 4697 3412 4771 sexagesima
3458 4714 3645 4755 verse-

2071 4797 2160 4844 tur
2176 4796 2405 4843 astrum.
2439 4788 2661 4843 Addunt
2690 4804 2840 4856 vero,
2873 4788 2967 4859 qui
3004 4803 3115 4842 rem
3140 4789 3450 4859 expendunt
3484 4804 3648 4846 accu-

2072 4880 2262 4947 ratius,
2294 4896 2529 4950 quanam
2583 4880 2636 4934 in
2685 4880 2833 4936 illius
2889 4881 3242 4952 sexagesima:
3285 4881 3645 4951 sexagesima.

387 4970 704 5026 ἀνατολικοῦ
730 4973 1001 5045 ὁρίζοντος
1033 4974 1233 5046 δεήσει,
1260 4976 1442 5044 φασὶν,
1481 4976 1608 5030 ἰδεῖν
1633 4978 1693 5031 οὐ
1725 4978 1884 5050 μόνον
1907 4978 1961 5031 τὸ

2071 4971 2229 5039 Quod
2256 4972 2400 5027 idem
2438 4973 2541 5042 ipsi
2575 4973 2877 5027 errantium
2924 4971 2977 5025 in
3027 4973 3264 5027 siderum
3297 4972 3538 5041 quolibet
3564 4970 3649 5028 fa-

386 5061 858 5135 δωδεκατημόριον
890 5068 1042 5118 ποῖον
1087 5061 1156 5137 ἦν
1214 5067 1300 5119 ἐπ’
1325 5067 1512 5132 αὐτοῦ,
1544 5067 1678 5122 ἀλλά
1734 5069 1828 5122 καὶ
1869 5068 1969 5141 τὴν

390 5155 606 5227 μοῖραν,
638 5157 733 5209 καὶ
759 5157 819 5209 τὸ
850 5156 1140 5229 ἑξηκοστὸν
1188 5158 1288 5229 τῆς
1343 5160 1555 5231 μοίρας,
1590 5159 1653 5213 τὸ
1684 5160 1899 5233 πρῶτον
1933 5159 1968 5237 ἢ

389 5244 453 5300 τὸ
482 5245 736 5318 δεύτερον
775 5247 1086 5320 ἑξηκοστόν.
1121 5248 1245 5313 Πῶς
1276 5249 1477 5314 τοίνυν,
1507 5250 1608 5322 τῆς
1647 5250 1795 5324 ὧρας
1829 5251 1968 5309 πλα-

462 5388 492 5419 ι
524 5376 610 5432 ἵσ.
638 5375 735 5430 καὶ
758 5377 811 5431 τί
841 5377 968 5448 μᾶλ.
1052 5378 1081 5418 ιι
1106 5378 1190 5431 Ia.
1222 5380 1397 5432 ποίου.

464 5510 578 5583 (54)
621 5509 1044 5581 Ἑλκομένους.
1088 5512 1478 5583 Ἑλκουμένους
1500 5552 1515 5577 ,
1566 5513 1796 5583 opinor,
1839 5530 1967 5571 vera

394 5581 565 5637 lectio
608 5592 726 5655 est,
752 5596 917 5655 quam
946 5584 1108 5636 etiam
1140 5581 1560 5655 egma‘nuscript.
1596 5581 1732 5638 alter
1764 5601 1967 5655 reprae-

392 5661 605 5723 sentat;
642 5653 798 5706 ulcus
832 5650 978 5723 etaim
1022 5667 1091 5723 ex
1142 5650 1566 5723 circumcisione
1614 5650 1966 5723 sequebatur.

468 5720 582 5793 (55)
623 5719 976 5789 Ἐπιστῆσαι
1016 5721 1153 5793 μέγ.
1210 5721 1334 5778 Haec
1380 5722 1489 5779 duo
1530 5719 1709 5778 verba'
1738 5725 1972 5780 iibenter

395 5791 755 5863 expunxerim
783 5830 798 5859 ,
833 5807 955 5863 quae
1002 5791 1247 5865 profecw
1292 5808 1515 5850 sensum
1542 5833 1558 5865 ,
1607 5794 1815 5866 absque
1842 5794 1970 5867 ,illis

2071 5064 2323 5119 ciendum
2360 5079 2483 5120 esse
2516 5064 2855 5134 praecipiunt,
2881 5070 3126 5118 mutuam
3159 5063 3499 5133 singulorum
3521 5079 3647 5120 cum

2073 5153 2163 5220 iis,
2194 5169 2316 5223 qua:
2346 5155 2452 5208 lixa
2487 5163 2703 5217 vocant,
2740 5152 3204 5221 comparationem
3238 5166 3302 5207 ac
3340 5162 3660 5224 respectum

2073 5246 2411 5318 vestigando.
2442 5245 2647 5303 Deinde
2678 5247 2733 5300 in
2788 5245 2907 5316 ipso
2937 5260 3157 5316 quoque
3217 5244 3472 5301 orientali
3498 5245 3654 5305 bori-e

2074 5515 2276 5585 optime
2302 5515 2688 5585 cohaerentem,
2721 5511 3104 5568 interturbant.

2149 5583 2276 5707 (56L
2311 5584 2419 5637 Καὶ
2464 5582 2581 5651 τὴν
2615 5584 3016 5650 ἁστεροσκοπ.
3066 5583 3353 5641 Manifesta
3396 5586 3647 5656 traiectio

2149 5668 2186 5707 ι.
2280 5653 2544 5707 mendum
2575 5667 2707 5707 ergo
2728 5694 2742 5707 .
2784 5652 2885 5705 οὐκ
2923 5654 3003 5706 ἔτι
3033 5653 3091 5707 δὲ
3121 5656 3222 5707 τὴν
3254 5658 3647 5707 ἀστεοοσκοπι.

2077 5653 2186 5736 est.
2234 5653 2544 5736 Leg‘end‘um
2575 5667 2742 5736 ergo‘,
2784 5653 2885 5736 οὐκ
2923 5653 3091 5736 ἔτιδὲ
3121 5656 3222 5736 την
3254 5653 3649 5736 ἀστεροσκοπιο

2079 5726 2218 5796 κὴν,
2268 5720 2364 5777 κάι
2406 5722 2505 5796 τὴν
2549 5720 2915 5796 γενεθλιαλογ.
2968 5720 3247 5796 Ηίονθηίιη
3289 5720 3478 5787 eadem
3529 5738 3644 5796 εει.

2078 5790 2534 5869 ἀστεροσκοπική,
2564 5790 2625 5849 et
2648 5790 3112 5873 γενεθλιαλοτική.
