4166 6404
534 331 638 388 503

1204 333 1478 391 EUSEBH
1511 333 1993 390 CASSABlENSIS
2030 331 2180 388 OPP.
2227 332 2411 390 PARS
2451 333 2515 390 il.
2558 364 2627 375 -—
2662 332 3170 391 APOLOGETICA.

3694 331 3797 388 501

535 456 713 514 zonte,
731 463 841 504 non
875 448 1168 504 videndum
1227 464 1352 505 esse
1401 449 1587 511 modo.
1621 465 1874 520 quanam
1904 449 2111 505 duode-

2219 453 2304 503 τεῖ
2325 450 2466 521 λόγῳ
2488 451 2662 521 ἥμισυ
2692 450 3166 524 δωδεκατημορίου
3212 448 3592 524 περιεχούσης,
3637 450 3798 504 δύνα-

534 543 675 594 cima
704 553 830 610 pars
854 539 910 594 in
942 555 1069 595 eum
1092 540 1305 607 subeat,
1334 542 1429 598 sed
1460 541 1625 597 etiam
1674 557 1927 612 quaenam
1967 542 2114 597 illius

532 630 870 687 duodecimae
910 632 1199 701 particula,
1255 648 1487 704 quazque
1542 633 1707 702 hujus
1751 634 2110 704 sexagesima,

534 720 782 790 primane
833 737 904 776 an
949 725 1212 779 secunda.
1269 722 1745 792 Quemadmodum
1810 741 1942 796 ergo
1994 725 2111 782 ﬁeri

536 812 727 881 possit,
756 822 818 869 ut
845 830 971 870 cum
1001 816 1155 884 hora,
1188 817 1234 874 si
1266 818 1429 874 latius
1464 834 1579 874 rem
1610 820 1871 887 aastimes,
1901 820 2112 875 duode-

535 904 691 958 cimaa
713 905 884 973 partis
939 905 1222 962 dimidium
1263 908 1680 979 complectatur,
1714 911 2112 981 sexagesimam

535 995 584 1049 is
618 1003 822 1063 teneat,
853 998 946 1067 qui
983 998 1247 1055 horarum
1296 999 1586 1057 divisionis
1637 1001 1946 1073 analogiam
2000 1017 2110 1057 non

535 1084 746 1139 teneat?
777 1084 1020 1158 Exempli
1057 1090 1252 1160 gratia,
1292 1106 1457 1146 nosse
1507 1092 1599 1161 qni
1630 1092 1847 1163 poterit,
1900 1104 2111 1149 certum

533 1172 999 1244 hunchominem,
1052 1179 1184 1233 hora
1234 1191 1452 1249 quarta,
1502 1190 1655 1251 parte
1694 1182 1841 1238 horae
1866 1183 2109 1250 dimidia,

535 1274 748 1336 quarta,
772 1276 985 1332 octava,
1014 1268 1223 1325 decima
1255 1279 1428 1334 sexta,
1470 1272 1708 1327 secunda
1750 1283 1805 1327 et
1836 1272 2111 1344 trigesima

530 1366 722 1411 natum
750 1358 918 1413 esse?
944 1356 1078 1415 Nam
1108 1371 1328 1431 propter
1355 1362 1525 1428 horae,
1548 1378 1655 1417 non
1681 1363 1903 1434 integre
1926 1365 2109 1430 modo,

532 1450 627 1504 sed
662 1451 827 1506 etiam
857 1452 1091 1509 deﬁnitae
1116 1454 1280 1524 hujus
1328 1464 1599 1526 ceraeque
1635 1458 1913 1526 particulae
1954 1457 2110 1528 igno-

533 1542 825 1609 rationem,
857 1544 1156 1613 plurimum
1201 1561 1346 1616 szepe
1372 1547 1583 1613 volunt,
1626 1548 1680 1601 in
1702 1562 1765 1603 ea
1795 1564 1918 1618 quae
1942 1548 2110 1618 signi-

532 1634 788 1700 ﬁcantur,
828 1636 1110 1690 varietatis
1143 1636 1401 1692 incidere.
1437 1636 1567 1693 Etin
1602 1639 1836 1709 geminis
1866 1641 2107 1710 quidem,

531 1734 589 1778 ut
610 1724 831 1782 alterius
858 1735 1013 1783 ortus
1039 1729 1107 1782 ab
1138 1729 1329 1797 altero,
1349 1741 1625 1786 momento
1662 1747 1804 1802 saape
1833 1748 1944 1787 uno
1971 1749 2111 1802 pun-

529 1824 726 1886 ctoque
755 1819 1016 1888 temporis
1045 1819 1356 1888 dirimatur,
1384 1823 1568 1877 multa:
1607 1832 1785 1880 tamen
1818 1835 2116 1880 occurrunt
2146 1802 2187 1857 Β

530 1913 641 1960 tam
665 1921 894 1961 casuum
922 1922 1089 1977 quam
1113 1924 1296 1964 rerum
1316 1912 1769 1983 negotiorumque
1799 1914 2111 1979 varietates,

530 1996 750 2066 partim,
795 2007 854 2053 ut
881 1998 981 2069 ipsi
1015 2000 1194 2065 aiunt,
1261 2002 1409 2072 quod
1469 2005 1749 2059 stellarum
1770 2005 2021 2062 diversus
2058 2006 2112 2060 in

530 2095 760 2158 utroque
784 2098 1065 2158 respectus
1090 2088 1274 2155 fuerit,
1296 2092 1493 2162 partim
1515 2094 1664 2165 quod
1691 2095 1874 2151 minus
1906 2107 2113 2152 certam

530 2179 701 2242 illam,
732 2196 854 2251 qua:
871 2181 923 2236 in
942 2182 1281 2238 horizontem
1325 2185 1552 2253 subiret,
1582 2190 1751 2257 partis
1802 2190 1944 2259 signi
1975 2190 2113 2245 duu-

528 2272 753 2328 decima:
780 2273 1103 2342 particulam
1125 2274 1161 2328 ii
1183 2277 1477 2342 tenuerint,
1508 2279 1603 2348 qui
1630 2278 1965 2348 exploratam
1990 2296 2111 2337 sese

528 2363 723 2418 horam
749 2362 1008 2419 habuisse
1038 2374 1380 2435 putaverant.
1412 2365 1547 2423 Nam
1575 2369 1681 2425 hoc
1708 2372 1954 2440 quidem,
1982 2387 2111 2442 pars

526 2471 597 2511 ne
624 2457 773 2513 hora:
798 2458 1092 2527 tricesima,
1124 2470 1276 2516 ortus
1310 2462 1597 2533 utriusque
1637 2464 1987 2520 intervallum
2010 2481 2107 2521 ex-

524 2550 745 2617 stiterit,
777 2558 1015 2611 statuere
1040 2567 1201 2608 nemo
1231 2562 1432 2623 potest.
1470 2552 1670 2610 Verum
1695 2556 1748 2611 id
1767 2572 1987 2627 quoque
2012 2573 2109 2627 per

527 2657 629 2696 nos
653 2640 906 2705 habeant,
940 2650 999 2695 ut
1051 2641 1324 2711 exquisite
1383 2643 1575 2697 horam
1639 2652 1825 2700 tenere
1872 2646 2107 2715 possint.

526 2730 723 2787 Exstat
752 2746 886 2787 sane
919 2732 1195 2802 quoddam
1230 2732 1503 2802 ejusmodi
1529 2733 1832 2801 theorema,
1874 2750 1985 2805 quo
2017 2751 2110 2789 zo-

523 2827 743 2883 diacum
776 2826 1064 2895 circulum,
1100 2828 1324 2898 perinde
1375 2837 1436 2883 ut
1496 2829 1743 2884 errantia
1793 2829 1995 2893 sidera,
2039 2831 2110 2886 ab

522 2933 725 2975 occasu
753 2918 809 2973 in
836 2927 1016 2974 ortum
1043 2921 1115 2974 ita
1148 2919 1276 2975 ferri
1301 2920 1700 2984 demonstrant,
1724 2929 1785 2975 ut
1804 2923 2109 2979 centesimo

525 3025 745 3082 quoque
766 3025 913 3066 anno
942 3021 1152 3068 motum
1176 3012 1321 3067 hunc
1344 3027 1507 3067 suum
1553 3028 1680 3082 pars
1710 3013 1831 3082 ejus
1856 3015 2112 3084 quaelibet

534 3116 642 3157 una
667 3102 944 3159 conﬁciat.
977 3100 1083 3169 Qui
1108 3111 1293 3159 motus
1340 3103 1602 3173 longioris
1635 3119 1929 3176 progressu
1976 3115 2110 3161 tem-

527 3194 698 3266 poris,
735 3194 791 3250 iu
823 3195 978 3267 signa
999 3195 1286 3251 duodecim
1322 3195 1600 3251 varietatis
1643 3196 1939 3267 plurimum
1969 3197 2109 3253 infe-

527 3297 614 3343 rat
637 3303 656 3343 :
677 3304 807 3344 cum
847 3290 1064 3361 signum
1096 3289 1244 3344 aliud
1277 3289 1348 3344 sit
1389 3289 1537 3359 quod
1568 3298 1751 3345 mente
1779 3290 2107 3361 concipitur,

530 3377 676 3433 aliud
706 3377 852 3449 quod
908 3379 1067 3449 quasi
1105 3394 1270 3434 sensu
1317 3377 1649 3434 informatur
1676 3396 1691 3433 :
1715 3380 1796 3436 sic
1825 3390 2007 3435 tamen
2051 3390 2110 3435 ut

527 3483 598 3523 ex
627 3482 694 3539 eo
715 3475 929 3526 tantum
964 3470 1110 3541 quod
1143 3479 1327 3526 mente
1376 3471 1702 3542 concipitur,
1735 3472 1990 3543 quodque
2019 3473 2109 3529 vix

531 3575 596 3615 ac
620 3576 687 3615 ne
711 3560 803 3616 vix
825 3561 1045 3632 quidem
1077 3561 1247 3618 teneri
1275 3562 1438 3633 295
1459 3573 1610 3618 certo
1635 3571 1834 3634 potest,
1864 3565 1940 3619 rei
1968 3565 2110 3619 veri-

531 3662 614 3707 tas
644 3652 926 3709 habeatur.
966 3653 1289 3725 Quanquam
1345 3655 1397 3710 id
1450 3654 1614 3710 etiam
1644 3669 1677 3709 a
1711 3655 1871 3711 nobis
1928 3657 2105 3722 detur,

533 3755 710 3801 utaut
732 3748 947 3818 signum
994 3748 1126 3803 illud
1176 3749 1323 3818 quod
1371 3758 1555 3805 mente
1600 3748 1932 3818 concipitur,
1959 3757 2108 3804 certo

530 3836 704 3891 teneri
726 3848 915 3908 queat,
971 3846 1067 3893 aut
1114 3853 1180 3893 ex
1217 3853 1283 3894 eo
1325 3839 1517 3894 saltem
1559 3838 1704 3909 quod
1739 3852 1905 3892 sensu
1945 3836 2110 3891 infor-

534 3937 736 3994 matur,
766 3943 955 3985 verum
979 3928 1228 4002 intelligi.
1260 3929 1549 3987 Astrorum
1572 3938 1718 3988 certe
1742 3928 1961 3998 quidem
1986 3928 2107 3984 illo-

532 4039 653 4077 rum
681 4039 802 4094 quae
826 4024 880 4079 in
903 4025 1067 4081 situm
1094 4026 1363 4097 ejusmodi
1387 4026 1727 4098 ﬁguramque
1748 4036 2104 4090 concurrunt,

533 4131 697 4187 quam
730 4116 833 4186 ipsi
871 4117 1430 4187 contemperationem
1487 4116 1780 4188 appellant,
1836 4116 2107 4187 exquisite

534 4210 634 4265 abs
664 4221 786 4264 sese
824 4206 1040 4267 defendi
1070 4224 1177 4263 non
1233 4224 1397 4280 posse
1446 4210 1783 4265 fatebuntur.
1829 4208 2109 4280 Contingit

533 4299 680 4355 enim
711 4297 1011 4369 saepissime
1039 4307 1098 4353 ut
1137 4299 1223 4354 vel
1270 4300 1573 4357 infcstioris
1603 4300 1768 4370 hujus
1818 4299 1952 4354 astri
2000 4298 2104 4365 vis,

534 4390 679 4458 quod
708 4389 950 4456 emersit,
979 4389 1203 4445 alterius
1233 4387 1493 4446 felicioris
1531 4399 1755 4461 aspectu
1799 4390 1974 4459 magis
2005 4389 2108 4443 mi-

2214 542 2303 594 ταί
2325 559 2416 606 τις
2441 541 2628 594 λαϐεῖν
2652 541 2713 595 τὸ
2736 540 3048 613 ἑξηκοστὸν,
3093 542 3169 613 μὴ
3198 541 3336 612 ἔχων
3360 542 3457 611 τὴν
3509 540 3798 609 ἀναλογίαν

2211 636 2313 706 τῆς
2336 635 2656 706 διαιρέσεως
2677 633 2788 687 τῶν
2816 635 2995 706 ὡρῶν,
3051 635 3216 697 ὥστε,
3261 635 3394 706 (ρέρε
3423 634 3619 695 είπεῖν,
3664 632 3801 685 εἰδέ-

2214 745 2321 794 ναι,
2348 728 2431 782 ὅτι
2467 728 2786 800 γεγέννηται
2818 731 2847 782 ὁ
2877 728 3024 781 δείνα
3052 729 3172 799 ὥρᾳ
3206 728 3462 801 τετάρτῃ,
3498 726 3593 781 καὶ
3614 726 3798 797 ἡμίσει

2213 817 2383 890 ὥρας,
2418 817 2514 871 καὶ
2565 818 2833 889 τετάρτῳ,
2893 818 3084 889 ὀγδόῳ,
3147 819 3241 872 καὶ
3263 816 3655 887 ἑκκαιδεκάτῳ,
3703 816 3798 869 καὶ

2212 910 2648 983 δυοτριακοστῷ;
2682 910 2976 982 Παραπολὺ
3002 910 3112 983 γάρ
3145 926 3282 978 φασι
3313 909 3710 980 παραλλάττειν
3730 906 3800 960 τά

2214 1002 2605 1074 σημαινόμενα,
2662 1002 2813 1076 παρὰ
2858 1002 2960 1071 τὴν
3020 1001 3317 1070 ἀγνωσίαν,
3363 1000 3426 1053 οὐ
3460 1012 3488 1041 ι
3533 999 3632 1070 τῆς
3667 998 3797 1070 ὅλης

2214 1092 2543 1165 ὥρας,άλλά
2595 1093 2690 1147 καὶ
2743 1093 2837 1147 τοῦ
2876 1093 3247 1166 ποστημορίου
3300 1092 3491 1163 αὐτῆς.
3537 1092 3626 1144 Ἐν
3666 1089 3796 1158 γοῦν

2211 1188 2323 1248 τοίς
2348 1184 2589 1256 διδύμοις
2641 1184 3001 1256 γεννωμένοις
3054 1183 3317 1246 πολλάκις
3369 1183 3430 1236 τὸ
3470 1180 3673 1252 μεταξὺ
3700 1180 3795 1234 καὶ

2212 1277 2497 1348 ἀκαριαῖον
2525 1276 2675 1351 ῶρας
2706 1277 2845 1340 ἐστὶ,
2886 1277 2982 1330 καὶ
3033 1275 3227 1328 πολλαὶ
3282 1272 3630 1345 παραλλαγαὶ
3686 1270 3795 1324 τῶν

2214 1368 2623 1439 συμϐαινόντων
2644 1368 2739 1422 καὶ
2766 1368 2875 1421 τῶν
2898 1366 3287 1439 πραττομένων
3322 1365 3408 1419 ἔπ’
3425 1364 3607 1420 αὐτῶν
3632 1364 3801 1417 ἀπαν-

2213 1460 2399 1525 τῶσιν,
2429 1459 2505 1525 ῶς
2538 1477 2703 1530 φασιν
2734 1462 2955 1524 ἐκεῖνοι,
2991 1458 3142 1531 παρὰ
3181 1458 3280 1529 τὴν
3333 1458 3513 1512 αἰτίαν
3542 1455 3643 1525 τῆς
3676 1454 3799 1526 σχέ-

2216 1569 2355 1615 σεως
2383 1551 2494 1606 τῶν
2524 1553 2789 1625 ἀστέρων,
2817 1552 2912 1605 καὶ
2961 1550 3024 1603 τὸ
3061 1550 3248 1621 μόριον
3276 1546 3370 1602 τοῦ
3423 1548 3798 1616 δωδεκατημο-

2214 1644 2333 1715 ρίου
2360 1643 2422 1697 τὸ
2477 1643 2627 1715 παρὰ
2679 1644 2770 1697 τὸν
2828 1641 3097 1715 ὁρίζοντα,
3142 1642 3203 1695 οὐ
3250 1638 3797 1710 καταλαμϐανόμενον

2215 1734 2320 1788 ὑπὸ
2348 1733 2455 1787 τῶν
2484 1732 2855 1805 νομιζομένων
2886 1731 2985 1803 τὴν
3013 1731 3165 1804 ῶραν
3198 1729 3585 1803 τετηρηκέναι.
3610 1726 3798 1790 Οὐδεὶς

2215 1825 2324 1898 γάρ
2353 1825 2574 1881 δύναται
2603 1825 2805 1894 λέγειν,
2839 1826 2922 1879 ὅτι
2965 1823 3028 1878 τὸ
3088 1821 3292 1894 μεταξὺ
3333 1820 3486 1875 τοῦδε
3517 1821 3616 1892 τῆς
3646 1819 3800 1888 γενι-

2216 1933 2356 1980 σεως
2378 1917 2514 1988 πρὸς
2540 1916 2638 1987 τὴν
2692 1915 2847 1970 τοῦδέ
2881 1918 3030 1969 ἐστιν
3062 1913 3213 1985 ῶρας
3260 1910 3600 1983 τριακοστόν.
3660 1909 3797 1962 Ἀλλ’

2214 2006 2355 2060 ἔστω
2382 2006 2874 2077 συγκεχωρημένον
2906 2005 3091 2067 αὐτοῖς
3118 2003 3259 2066 τόδε,
3286 2001 3428 2055 κατὰ
3458 2000 3519 2054 τὸ
3545 1998 3796 2054 ἐκλαϐεῖν

2211 2099 2312 2170 τὴν
2335 2098 2504 2171 ῶραν.
2533 2098 2761 2170 Φέρεται
2792 2097 2858 2167 δὴ
2881 2094 3166 2167 θεώρημα,
3194 2091 3546 2148 ἁποδεικνύον
3569 2090 3663 2144 τὸν
3693 2088 3798 2155 ζω-

2213 2188 2396 2243 διακὸν
2420 2188 2618 2242 κύκλον
2640 2187 2853 2258 ὁμοίως,
2868 2189 2982 2250 τοῖς
3012 2183 3381 2255 πλανωμένοις
3409 2180 3667 2253 φέρεσθαι
3693 2181 3801 2235 ἀπὸ

2212 2277 2432 2349 δυσμῶν
2453 2279 2546 2331 ἐπὶ
2573 2275 2838 2341 ἀνατολάς
2900 2277 2970 2331 δι’
2999 2274 3194 2331 ἑκατὸν
3243 2274 3379 2328 ἑτῶν
3423 2276 3618 2345 μοῖραν
3646 2274 3798 2344 μίαν,

2214 2367 2495 2422 καὶτοῦτο
2524 2368 2604 2438 τῷ
2656 2367 2836 2439 πολλῷ
2890 2367 3067 2439 χρόνῳ
3110 2366 3455 2420 ἐναλλάττειν
3504 2366 3604 2436 τὴν
3650 2363 3799 2418 θέσιν

2211 2461 2319 2514 τῶν
2340 2460 2844 2532 δωδεκατημορίων·
2898 2460 3087 2531 ἑτέρου
3129 2459 3228 2529 μὲν
3291 2459 3651 2529 τυγχάνοντος
3705 2455 3797 2510 τοῦ

2212 2554 2404 2626 νοητοῦ
2439 2553 2941 2626 δωδεκατημορίου,
2983 2553 3172 2625 ἐτέρου
3199 2553 3257 2606 δὲ
3295 2551 3390 2605 τοῦ
3439 2550 3640 2604 ὡσανεὶ
3670 2567 3802 2621 μορ-

2212 2645 2471 2717 φώματος
2501 2645 2635 2716 (5⁸1)·
2664 2645 2778 2699 ἀλλ’
2822 2646 2887 2698 ὲκ
2914 2644 3008 2697 τοῦ
3040 2642 3233 2715 νοητοῦ
3281 2642 3497 2708 ζωδίου,
3542 2642 3680 2714 ὅπερ
3735 2642 3797 2696 οὐ

2211 2739 2354 2792 πάνυ
2403 2754 2456 2791 τι
2512 2736 2736 2790 δυνατὸν
2786 2734 3321 2806 καταλαμϐάνεσθαι.
3391 2733 3571 2787 Ἔστω
3614 2733 3671 2787 δὲ
3704 2733 3798 2787 καὶ

2210 2831 2369 2885 τοῦτο
2393 2827 2904 2901 συγκεχωρημένον,
2949 2828 3009 2881 τὸ
3041 2824 3556 2897 καταλαμϐάνεσθαι
3581 2826 3643 2879 τὸ
3671 2842 3797 2896 νοη-

2212 2922 2303 2975 τὸν
2331 2921 2828 2992 δωδεκατημόριον,
2887 2919 2922 2991 ἦ
2974 2918 3233 2974 δύνασθαι
3289 2920 3354 2972 ὲκ
3384 2917 3478 2972 τοῦ
3538 2916 3796 2989 αἰσθητοῦ

2209 3013 2680 3085 δωδεκατημορίου
2709 3012 3082 3084 λαμϐάνεσθαι
3137 3010 3199 3065 τὸ
3242 3009 3460 3082 ἀληθές.
3499 3009 3659 3062 Ἀλλά
3693 3009 3795 3078 τήν

2211 3122 2275 3176 γε
2298 3106 2598 3178 σύγκρασιν
2633 3106 2763 3176 παρ’
2791 3106 2975 3168 αὐτοῖς
3001 3102 3341 3175 καλουμένην
3389 3100 3497 3155 τῶν
3538 3101 3598 3153 ὲν
3623 3098 3799 3152 τοῖσδε

2217 3202 2328 3263 τοῖς
2357 3201 2760 3269 σχηματισμοῖς
2785 3197 3183 3269 τυγχανόντων»
3211 3196 3306 3249 καὶ
3330 3194 3484 3248 αὐτοὶ
3530 3192 3797 3264 ὀμολογή-

2218 3308 2423 3356 σουσιν,
2445 3293 2544 3362 οὐχ
2563 3284 2665 3344 οἷοί
2691 3306 2750 3357 τε
2777 3288 2947 3343 σῶσαι
3001 3287 3143 3342 κατά
3189 3288 3318 3351 πᾶν,
3375 3284 3797 3355 άμαυρουμένου

2214 3384 2310 3438 τοῦ
2339 3383 2688 3455 δηλουμένου·
2721 3381 2852 3451 φέρε
2884 3379 3333 3449 είπεῖν,χείρονος
3364 3375 3639 3430 άπὸτοῦδε
3657 3374 3795 3443 (58),

2214 3477 2303 3531 διὰ
2337 3474 2397 3527 τὺ
2417 3471 2802 3527 ὲπιϐλέπεσθαι
2830 3469 2991 3521 αὑτὸν
3026 3467 3130 3520 ὑπὸ
3158 3464 3310 3519 τοῦδε
3337 3463 3432 3517 τοῦ
3463 3464 3795 3533 κρείττονος,

2216 3569 2310 3622 καὶ
2330 3566 2422 3621 ἐπὶ
2449 3563 2680 3626 τοσόνδε,
2712 3561 2745 3631 ἦ
2781 3558 2997 3613 τοσόνδε
3040 3554 3479 3628 άμαυρουμένου.
3528 3553 3794 3615 Πολλάκις

2216 3654 2377 3709 πάλιν
2405 3654 2505 3724 τῆς
2528 3648 2901 3722 ἀμαυρώσεως
2922 3645 3023 3716 τῆς
3047 3644 3142 3698 τοῦ
3164 3643 3403 3715 χείρονος
3430 3642 3535 3696 ὑπὸ
3553 3641 3652 3711 τῆς
3674 3642 3796 3694 ἐπι-

2215 3745 2454 3816 ϐλέψεως
2480 3743 2578 3813 τῆς
2609 3741 2704 3795 τοῦ
2746 3737 3051 3812 κρείττονος
3092 3732 3548 3807 ὲμποδιζομένης,
3601 3734 3665 3786 ὲκ
3700 3729 3793 3784 τοῦ

2214 3839 2399 3907 ἕτερον
2428 3834 2628 3889 οὑτωσὶ
2657 3828 3075 3903 ἐσχηματίσθαι,
3112 3827 3372 3899 χειρόνων
3418 3826 3546 3882 ὄντα
3581 3841 3795 3897 σημαν-

2212 3928 2383 3984 τικόν.
2416 3927 2528 3981 Καὶ
2552 3920 2704 3995 οἶμαι
2733 3920 3102 3994 ὲπιστήσαντά
3124 3937 3246 3972 τινα
3271 3922 3386 3983 τοῖς
3430 3918 3635 3981 τόποις,
3662 3918 3796 3970 ἀπο-

2212 4015 2415 4087 γνῶναι
2442 4016 2541 4088 τὴν
2567 4016 2694 4086 περὶ
2721 4011 2924 4066 τούτων
2956 4009 3282 4081 κατάληψιν,
3318 4008 3570 4079 οὐδαμῶς
3591 4005 3688 4062 ἀνθ
3698 4004 3797 4078 ρώ-

2213 4126 2333 4173 ποις
2370 4106 2711 4178 ἐκκειμένην,
2737 4103 2873 4167 ἀλλ’,
2899 4104 2951 4157 εί
2984 4103 3113 4175 ἄρα,
3148 4102 3309 4175 μέχρι
3336 4098 3430 4154 τοῦ
3454 4100 3794 4171 σημανθῆναι

2218 4200 2376 4273 μόνον
2398 4198 2722 4268 φθάνουσαν.
2751 4195 2815 4249 El
2860 4193 2918 4247 δέ
2945 4211 3028 4258 τις
3053 4195 3109 4247 ὲν
3165 4193 3331 4265 πείρᾳ
3368 4190 3655 4261 γεγένηται
3686 4189 3795 4243 τῶν

2216 4292 2578 4366 πραγμάτων,
2637 4289 2836 4362 μᾶλλον
2879 4289 3085 4341 εἵσεται
3114 4286 3174 4339 τὸ
3219 4287 3277 4338 ὲν
3305 4283 3385 4354 τῷ
3434 4280 3794 4353 στοχάζεσθαι

2214 4381 2593 4443 ἀποπτωτικδν
2615 4380 2725 4434 τῶν
2743 4378 3028 4449 λεγόντων,
3069 4376 3168 4441 καὶ,
3196 4374 3376 4429 αὐτῶν
3411 4370 3797 4444 συγγραψαμέ-

539 4489 710 4530 nusve
737 4475 1057 4531 retundatur
1088 4494 1102 4530 :
1138 4476 1224 4531 vel
1253 4487 1315 4531 ut
1341 4477 1392 4532 id
1423 4478 1601 4547 ipsum
1627 4494 1739 4549 quo
1768 4479 1953 4534 minus
1978 4493 2107 4534 eve-

2213 4478 2495 4549 νων,ἧπερ
2519 4471 2865 4544 νομιζόμενον
2884 4466 2993 4538 (59)
3012 4465 3405 4523 ὲπιτευκτικόν.
3426 4465 3537 4564 βα).
3569 4463 3795 4564 Ἠσαίας

538 4569 672 4631 niat,
704 4566 956 4639 proprius
977 4566 1199 4638 quidam
1249 4582 1314 4622 ao
1367 4567 1662 4638 singularis
1688 4568 1934 4635 alterius,
1962 4570 2110 4640 quod

537 4657 778 4712 deterius
810 4656 956 4711 aliud
1016 4656 1305 4727 signiﬁcet,
1334 4657 1473 4713 situs
1503 4659 1784 4729 impediat.
1840 4662 1919 4715 Ac
1971 4661 2110 4716 mihi

540 4763 673 4804 sane
693 4749 765 4803 ita
791 4747 1113 4820 persuadeo,
1167 4750 1420 4819 quisquis
1476 4752 1530 4804 in
1588 4750 1834 4805 locorum
1878 4752 2113 4808 istorum

537 4839 920 4910 disquisitione
948 4840 1275 4906 versabitur,
1328 4843 1808 4912 pronuntiaturum
1839 4859 1965 4899 eum
1999 4846 2111 4901 uti-

539 4943 664 4999 que,
694 4938 1034 5000 perspectam
1060 4929 1508 5000 exploratamque
1558 4928 1869 4984 mortalium
1907 4931 2108 4985 nemini

537 5035 727 5075 eorum
760 5019 1026 5075 rationem
1051 5033 1194 5085 esse,
1226 5019 1320 5074 sed
1364 5018 1416 5074 ei
1451 5016 1719 5071 duntaXat
1747 5016 1855 5071 vim
1904 5017 2113 5088 signiti-

611 5171 637 5203 ι
669 5158 755 5214 ῑσ.
781 5159 908 5214 add.
939 5157 1121 5230 μόνον.

614 5285 727 5360 (57)
762 5287 1186 5359 Μορφώματος.
1237 5286 1369 5345 Post
1398 5288 1540 5345 hanc
1567 5303 1755 5344 vocem
1804 5287 2110 5360 membrum

540 5358 771 5430 alterum
800 5358 991 5430 deesse
1022 5361 1186 5416 credo
1207 5402 1222 5425 ,
1263 5360 1409 5430 quod
1438 5361 1513 5414 ita
1548 5360 1762 5430 concipi
1812 5358 2016 5430 possit,
2049 5360 2112 5413 οὐ

543 5429 649 5502 μὴν
678 5427 1091 5502 λαμϐανομένου
1124 5433 1183 5502 τέ
1218 5427 1452 5501 άλῖηθοῦς
1490 5432 1555 5483 ὲκ
1592 5429 1685 5484 τοῦ
1711 5427 2109 5502 ήμορφώματος.

530 5498 941 5570 Sensusenimj
957 5499 1011 5554 id
1050 5501 1249 5570 exigit,
1282 5498 1338 5557 et
1367 5502 1652 5556 manifeste
1693 5498 1958 5570 probant,
1991 5516 2114 5569 quae

538 5576 863 5643 sequuntur.
891 5569 1426 5643 Vox,_ttop<ptbpa‘to;
1455 5569 1709 5641 repetita,
1739 5571 2110 5643 librariorum,

544 5646 601 5689 ut
625 5652 769 5707 saepe
798 5639 879 5703 ﬁt,
915 5639 1089 5694 oculis
1124 5639 1405 5712 imposuit,
1438 5651 1496 5697 ut
1519 5639 1877 5713 posteriorem
1911 5641 2114 5712 prioris

539 5703 661 5759 loco
694 5708 1023 5763 acciperent.

612 5722 661 5759 :o
694 5722 1023 5776 accuperent.

612 5772 727 5848 (58)
766 5778 1042 5845 Χείρωνος
1075 5780 1192 5835 ἀπὸ
1224 5780 1415 5837 τοῦδε.
1468 5780 1680 5848 Melius,
1713 5782 1768 5839 ni
1800 5779 1982 5849 fallor,
2016 5782 2112 5839 ab-

2216 4574 2368 4646 γοῦν,
2401 4569 2477 4633 ὼς
2506 4567 2566 4621 οὑ
2596 4562 2907 4635 δυναμένων
2932 4558 3138 4612 τούτων
3166 4553 3516 4628 εὑρίσκεσθαι
3564 4554 3669 4607 ὑπὸ
3698 4554 3795 4606 ἁν-

2217 4645 2472 4739 θρὼπων,
2507 4658 2640 4729 φησὶ
2674 4654 2810 4727 πρὸς
2855 4653 2954 4723 τὴν
2994 4648 3269 4720 θυγατέρα
3323 4647 3432 4700 τῶν
3488 4645 3794 4739 Χαλδαίων,

2215 4758 2325 4812 τῶν
2347 4754 2520 4811 ταῦτα
2543 4749 2777 4822 μάλιστα
2832 4741 2982 4815 παρὰ
3031 4742 3239 4805 πάντας
3283 4738 3789 4809 ἐπαγγελλομένων·

2221 4870 2240 4902 ι
2280 4850 2569 4919 Στήτωσαν
2599 4841 2686 4911 δὴ,
2718 4837 2812 4892 καὶ
2867 4833 3195 4889 σωσάτωσάν
3246 4850 3305 4886 σε
3362 4835 3411 4886 οἱ
3476 4830 3794 4904 ἀστρολόγοι

2214 4937 2309 4992 τοῦ
2336 4932 2585 5006 οὐρανοῦο
2637 4925 3108 4997 άναγγειλάτωσάν
3144 4942 3227 4978 σοι
3280 4923 3335 4977 τί
3366 4923 3547 4995 μέλλει
3590 4924 3683 4977 ἐπὶ
3732 4922 3795 4975 σὲ

2217 5027 2491 5100 ἔρχεσθαι.
2517 5043 2535 5074 ι
2558 5021 2657 5076 Διὰ
2679 5022 2789 5092 γὰρ
2814 5018 3017 5073 τούτων
3042 5016 3405 5089 διδασκόμεθα
3437 5016 3512 5088 μὴ
3532 5014 3795 5069 δύνασθαι

2214 5298 2361 5345 esset
2391 5287 2518 5351 ἀπό,
2550 5294 2611 5341 ut
2651 5285 2893 5358 χείρονος
2924 5283 3078 5358 τοδδε
3122 5283 3350 5355 (nempe
3379 5285 3638 5358 ἀστέρος)
3664 5303 3792 5343 cum

2215 5368 2488 5430 praeeunte
2510 5355 2765 5430 rparti'cip.
2790 5355 3121 5430 δηλουμένου
3154 5355 3524 5430 construatur;
3559 5356 3653 5412 Sin
3685 5373 3792 5412 au-

2217 5426 2347 5495 tem,
2378 5426 2533 5499 quod
2554 5428 2736 5481 minus
2771 5426 2960 5499 prebo,
2992 5426 3314 5499 retinebitur
3344 5427 3639 5499 άπόνῑυ-ηε
3665 5438 3795 5499 post.

2214 5495 2459 5571 χείρονος
2505 5495 2827 5571 apponenda
2880 5497 3089 5571 virgula
3136 5495 3339 5563 fuerit,
3372 5505 3433 5551 ut
3476 5496 3586 5550 ἀπὸ
3634 5498 3793 5554 τοῦδε

2214 5566 2338 5627 cum
2356 5566 3199 5642 ,ἀμαυρουμένουμοοηξιιηεαιυικ

2286 5636 2892 5712 (59)’Ἦσὶερ⁷νομιζομ.
2925 5636 3067 5709 Lege.
3094 5638 3238 5709 ἢπερ
3258 5639 3321 5693 τὸ
3350 5639 3528 5711 νομιζ.
3556 5638 3640 5697 vel
3665 5636 3700 5709 ἢ
3728 5637 3794 5694 τὸ

2215 5730 2336 5784 νομ.
