4166 6420
531 306 636 361 507

1190 308 1473 366 'EUSEBII
1509 310 1992 368 CESARIENSIS
2029 311 2178 369 OPP.
2216 313 2399 370 PARS
2437 312 2502 369 ll.
2543 343 2615 355 -
2651 311 3156 371 APOLOGETICA.

3681 315 3787 372 508

529 417 585 472 8.
607 416 844 498 dicturo
882 417 1107 498 judicio,
1126 437 1368 498 sonoque
1396 424 1599 498 ratione
1623 437 1917 492 susceptam
1947 442 1979 478 a
2013 444 2087 498 not

2212 426 2283 498 η’.
2335 428 2430 493 Ὠς
2457 429 2690 498 ελρλδγῳ
2720 428 2934 493 κρίσει,
2968 427 3068 481 καὶ
3100 427 3361 498 σώφρονι
3382 427 3651 497 λογισμῷ
3671 430 3787 498 τὴν

601 489 680 541 bis
728 504 906 559 eorum
949 489 1228 542 historiam
1279 489 1463 559 fuisse.
1526 493 1628 546 llic
1685 489 1863 547 autem
1912 497 2109 549 cursim

599 574 780 631 eorum
814 558 921 609 vita
951 558 1363 631 perstringitur,
1391 579 1519 631 quos
1565 573 1685 617 ante
1708 563 1966 617 diluvium
1988 607 2003 629 ,
2046 582 2111 619 ac

599 628 860 704 deinceps,
891 628 961 679 ad
998 627 1570 700 Mosem’usque'Deus
1615 635 1882 704 pracipuo
1929 627 2110 690 amore

599 697 901 764 complexus
932 707 1031 750 est.

528 767 696 838 298
728 767 781 821 9.
826 765 1170 822 Hebraeorum
1193 769 1447 826 doctrina:
1479 773 1703 841 placita.

524 961 615 1018 10.
654 963 733 1018 De
775 966 1005 1035 generali
1036 965 1377 1024 Providentia
1412 983 1461 1025 et
1501 973 1732 1027 universi
1773 976 2064 1032 molitione.

2281 498 2412 565 περὶ
2458 496 2642 550 τῶνδε
2697 500 2965 565 ἱστορίαν
3013 496 3471 566 παρεδεξάμεθαέ
3527 496 3624 552 καὶ
3658 496 3787 555 ἐστιν

2276 566 2465 635 δρομὴ
2491 566 2610 619 τῶν
2646 570 2794 620 κατὰ
2840 568 2981 633 τοὺς
3021 568 3433 636 δηλουμένους
3454 568 3628 632 βίων,
3664 571 3783 625 τῶν

2277 636 2508 707 τεξπρό
2561 636 2668 691 τοῦ
2711 638 3138 706 κατακλυσμοῦ
3189 637 3480 707 θεοφιλῶν
3522 639 3776 707 ἀνδρῶν,

2280 705 2381 792 θέαι
2400 706 2517 760 τῶν
2540 707 2689 792 μετὰ
2720 707 2906 762 ταῦτα
2939 705 3117 777 μέχρι
3146 706 3256 777 τῆς
3276 705 3537 774 Μωσέως
3571 705 3782 779 γενεᾶς

2276 775 2739 844 διαρκεσάντων.

2206 844 2270 897 θ’.
2302 850 2438 918 Περὶ
2487 845 2606 900 τῶν
2653 846 2789 914 παρ’
2831 847 3114 915 Ἑϐραίοις
3145 846 3512 918 δογματικῶν
3564 851 3780 917 θεωρη-

2319 933 2494 969 ατων.
2764 950 2769 953 -

2205 934 2569 1052 efﬁgians;
2602 950 2862 1038 καθόλου
2888 988 3190 1052 προνοίας,
3228 987 3327 1041 καὶ
3358 987 3493 1055 περὶ
3531 985 3640 1055 τῆς
3677 1004 3784 1043 συ-

2273 1056 2565 1120 στάσεως,
2603 1055 2701 1126 καὶ
2722 1055 3110 1126 δημιουργίας
3148 1057 3254 1110 τοῦ
3276 1059 3525 1126 κόσμου.

522 1096 611 1151 11.
653 1097 796 1161 Quid
851 1099 1061 1182 Hebrtei
1093 1103 1156 1155 de
1186 1101 1293 1157 Deo
1357 1106 1592 1175 principe
1639 1123 1811 1161 rerum
1868 1113 2087 1164 omnium

2274 1096 2421 1108 νιννυ
2438 1096 2565 1120 υιυιιν
2604 1096 2701 1107 ἰν-ν
2729 1096 3100 1124 νιυιιινιγιιυιι.
3151 1096 3249 1110 *νυ
3276 1096 3525 1137 ’ζυυννζ-

2205 1133 2288 1179 ια’.
2330 1126 2610 1197 Ἐϐραίων
2633 1124 2786 1197 δοτξα
2841 1126 2971 1191 περὶ
3024 1127 3131 1181 τοῦ
3182 1130 3349 1192 Θεου,
3401 1144 3507 1181 του
3551 1127 3630 1197 δὴ
3673 1128 3772 1183 καὶ

592 1182 753 1220 causa
782 1172 1054 1225 senserint.

656 1237 999 1318 {febr-reorum
1036 1242 1100 1294 de
1132 1244 1357 1318 secundo
1384 1246 1645 1318 principio
1675 1249 1953 1318 theologia.

653 1305 897 1381 Philonis
925 1311 989 1381 de
1017 1314 1243 1364 secundo
1266 1305 1521 1381 principio
1538 1305 1815 1373 sententia.

521 1377 609 1431 H.
658 1377 954 1432 Aristobnli
982 1382 1135 1434 verba
1158 1383 1207 1434 in
1235 1377 1469 1436 eamdem
1494 1390 1823 1441 sententiam.

650 1446 728 1527 ρε
749 1459 1113 1527 creaturarum
1130 1455 1709 1527 rationeprwttitarum
1730 1458 2093 1527 productione.

649 1516 726 1595 ρο
764 1522 1047 1595 contrariis
1070 1515 1490 1595 adversariisque
1508 1515 1814 1584 virtutibus.

518 1586 607 1639 17.
648 1585 725 1637 De
752 1600 944 1642 natura
977 1590 1224 1646 hominis.

516 1654 605 1711 18.
649 1654 892 1712 Philonis
922 1661 987 1712 de
1011 1660 1187 1715 animo
1208 1665 1489 1720 sententia.

516 1725 606 1779 19.
650 1725 933 1781 Materiam
959 1741 1078 1783 ortu
1114 1748 1215 1785 non
1246 1750 1443 1788 carere.

513 1794 604 1849 20.
646 1795 724 1850 De
756 1798 936 1852 eodem
977 1816 1042 1854 ea:
1080 1800 1321 1873 Origenis
1349 1807 1405 1859 in
1437 1804 1657 1861 Cenesin
1680 1788 2091 1870 commentario.

511 1934 605 2016 ἓξ.
626 1933 735 2016 __E:v
761 1935 984 2016 Philone
1012 1940 1075 1994 de
1100 1942 1279 1995 eodem
1309 1956 1638 2016 argumento.

510 2003 602 2061 29.
616 2002 901 2060 Materiam
912 2025 1003 2063 nec
1011 2022 1132 2086 ortu
1146 2028 1342 2077 carere,
1360 2002 1452 2067 nec
1465 2016 1726 2071 malorum
1738 2034 1951 2073 causam
1964 2037 2093 2075 esse.

1144 2125 1375 2181 CAPUT
1416 2126 1456 2182 Ι.

516 2206 1012 2267 Vetustissimorum
1053 2213 1399 2295 {iebmorum
1431 2220 1717 2295 instituta,-
1749 2223 1972 2295 jureque
2002 2243 2094 2280 nos

580 2296 764 2365 sacras
821 2298 1004 2337 eorum
1055 2286 1262 2341 litteras
1319 2291 1512 2356 patriis
1572 2286 1905 2348 monimentis
1955 2312 2096 2365 prte-

585 2350 794 2405 tulisse.

579 2463 838 2534 Sequitur
864 2477 924 2522 ut
960 2465 1312 2525 Hebraeorum
1336 2471 1613 2543 deinceps,
1638 2490 1800 2544 quam
1831 2477 2090 2534 omnibus

508 2555 703 2624 patriis
750 2557 945 2613 ritibus
979 2560 1249 2628 potiorem
1294 2563 1585 2620 habuimus
1618 2566 1975 2637 phil050phiae
2004 2584 2092 2622 re-

505 2644 834 2719 ligionisque
857 2649 1113 2714 formam,
1145 2653 1375 2725 vitaeque
1398 2656 1563 2711 simul
1589 2659 1829 2715 rationes
1859 2671 1913 2715 ct
1939 2661 2095 2717 insti-

505 2750 621 2796 tuta
648 2758 1063 2814 persequamur.
1116 2744 1252 2800 Nam
1285 2762 1411 2802 cum
1451 2748 1505 2802 id
1549 2765 1580 2804 a
1617 2751 1772 2806 nobis
1802 2753 1982 2808 adhuc
2011 2753 2091 2808 ef-

502 2829 706 2887 fectum
734 2834 824 2898 sit,
855 2845 913 2890 ut
942 2852 1054 2890 non
1079 2837 1481 2899 inconsiderate
1502 2856 1565 2895 ac
1592 2853 1812 2909 temere,
1845 2846 1939 2898 sed
1966 2860 2085 2898 ma-

502 2935 627 2980 turo
647 2927 1021 2997 eastigatoque
1057 2929 1289 2998 judicio,
1324 2948 1519 2987 vanam
1550 2933 1697 2988 illam
1730 2951 1795 2989 ac
1842 2938 2085 3005 spuriam

501 3015 745 3069 omnium
788 3024 897 3071 tam
926 3016 1239 3073 Griecorum
1276 3036 1440 3090 quam
1477 3022 1839 3078 barbarorum
1877 3026 2087 3080 theolo-

2273 1196 2507 1263 πρώτου
2528 1194 2646 1247 τῶν
2677 1194 2835 1248 ὅλων
2870 1197 3080 1249 αἰτίου.

2204 1265 2287 1334 ιβ’,
2321 1267 2461 1332 Περὶ
2492 1264 2603 1331 τῆς
2640 1265 2745 1338 τοῦ
2774 1265 3064 1338 δευτέρου,
3086 1268 3276 1321 αἰτίου
3307 1268 3636 1338 θεολογίας.

2202 1341 2288 1401 ιγ’.
2317 1338 2583 1400 Φίλωνος
2605 1335 2735 1399 περὶ
2762 1335 2868 1388 τοῦ
2896 1334 3175 1403 δευτέρου
3195 1338 3405 1391 αἰτίου.

2201 1404 2282 1458 ιδ’.
2325 1406 2784 1472 Ἀριστοϐούλου
2813 1405 2946 1472 περὶ
2974 1406 3081 1458 τοῦ
3104 1408 3309 1460 αὐτοῦ.

2201 1481 2279 1528 ιε’.
2311 1476 2449 1541 Περὶ
2476 1474 2586 1539 τῆς
2613 1474 2732 1527 τῶν
2757 1474 3016 1544 λογικῶν
3052 1477 3426 1542 συστάσεως.

2199 1551 2293 1614 ις’.
2330 1546 2472 1611 Περὶ
2492 1544 2913 1614 ἀντικειμένων
2935 1545 3264 1614 δυνάμεων.

2198 1613 2283 1683 ιζ.
2314 1617 2452 1681 Περὶ
2486 1612 2592 1680 τῆς
2614 1612 2926 1681 ἀνθρώπου
2956 1612 3214 1683 φύσεως.

2197 1682 2283 1752 ιη’.
2316 1685 2581 1749 Φίλωνος
2600 1686 2727 1751 περὶ
2758 1682 2982 1752 ψυχῆς.

2127 1776 2167 1830 Β
2198 1753 2282 1830 ιθ⁸.
2308 1756 2459 1830 μερὶ
2495 1755 2601 1830 τοῦ
2621 1756 2707 1830 μὴ
2742 1756 3073 1830 ἀγέννητον
3100 1752 3251 1830 εἶναι
3270 1756 3385 1830 τὴν
3409 1758 3585 1826 ὕλην.

2199 1821 2269 1879 κ’.
2284 1826 2439 1899 μερὶ
2469 1825 2575 1878 τοῦ
2598 1825 2785 1878 αὐτοῦ
2814 1825 2931 1879 ἀπὸ
2971 1828 3090 1882 τῶν
3144 1821 3474 1897 Ὠριγένους
3511 1821 3600 1895 εις
3662 1827 3778 1899 τὴν

2268 1894 2545 1948 Γένεσιν.

2198 1962 2303 2017 xu’.
2329 1966 2595 2029 Φίλωνος
2617 1964 2747 2030 περὶ
2776 1963 2883 2017 τοῦ
2923 1965 3131 2023 αὑτοῦ.

2196 2035 2298 2106 κβ’,
2330 2035 2455 2088 Ὅτι
2481 2034 2568 2103 μὴ
2607 2034 2939 2104 ἀγέννητος
2964 2038 3002 2105 ἡ
3028 2037 3172 2105 ὕλη,
3189 2036 3345 2105 μηδὲ
3377 2036 3573 2092 κακῶν
3596 2038 3772 2094 αιτία.
3838 2030 3845 2037 ’

2686 2149 3080 2201 ΚΕΦᾹΛΑΙΟΝ
3101 2150 3179 2202 A'.

2202 2237 2277 2292 Τὰ
2312 2238 2445 2311 περὶ
2480 2238 2587 2291 τοῦ
2609 2237 2728 2311 τῶν
2749 2239 3041 2311 ἀνέκαθεν
3075 2241 3537 2311 Ἑξῷαίωνβίου⁸
3575 2244 3673 2297 καὶ
3696 2245 3776 2311 ὡς

2266 2310 2542 2381 εὐλόγως
2582 2308 2688 2373 τὰς
2743 2309 2986 2381 ἐνθέους
3020 2310 3219 2363 αὐτῶν
3250 2311 3497 2381 Γραφὰς
3523 2311 3643 2367 τῶν
3667 2308 3773 2368 παλ

2264 2379 2440 2445 τρίων
2466 2378 2663 2446 λόγων
2689 2379 3188 2448 προετιμήσαμεν.

2277 2467 2545 2539 Ἐϐραίων
2573 2468 2699 2540 πέρι
2732 2469 2936 2532 λοιπὸν,
2964 2471 3059 2524 καὶ
3093 2472 3193 2542 τῆς
3239 2475 3362 2527 κατ’
3399 2474 3597 2539 αὐτοὺς
3624 2475 3777 2544 φιλο-

2196 2560 2388 2628 σοφίας
2411 2577 2470 2611 τε
2503 2561 2598 2613 καὶ
2640 2560 2944 2626 εὐσεϐείας,
2974 2562 3041 2633 ἣν
3082 2563 3189 2617 τῶν
3243 2566 3488 2638 πατρίων
3517 2568 3773 2622 ἁπάντων

2194 2651 2695 2720 προτετιμήκαμεν,
2745 2651 2838 2704 τὸν
2891 2651 2985 2705 τοῦ
3045 2652 3159 2722 βίου
3208 2655 3410 2726 τρόπον
3464 2657 3774 2728 ὑπογράψαι

2194 2746 2405 2817 καιρός.
2443 2744 2660 2814 Ἐπειδὴ
2689 2743 2797 2816 γὰρ
2822 2744 2925 2797 οὐκ
2981 2743 3179 2815 ἀλόγῳ,
3232 2747 3544 2817 κεκριμένῳ
3590 2746 3647 2799 δὲ
3677 2748 3775 2801 καὶ

2196 2835 2431 2906 σώφρονι
2486 2834 2731 2906 λογισμῷ
2782 2836 2882 2906 τῆς
2941 2835 3332 2907 διεψευσμὲνης
3372 2837 3507 2907 ὁμοῦ
3556 2839 3775 2891 πάντων

2204 2927 2468 2998 Ἐλλήνων
2487 2944 2544 2979 τε
2579 2928 2674 2980 καὶ
2714 2926 3003 2998 βαρϐάρων
3057 2926 3332 2995 θεολογίας
3362 2928 3458 2999 τὴν
3501 2928 3776 2995 ἀπόδειξιν

2194 3017 2549 3087 πεποιημένοι
2593 3018 2948 3087 συνέστημεν,
2976 3016 3094 3089 ὥρα
3118 3017 3306 3072 λοιπὸν
3362 3019 3460 3090 τὴν
3512 3019 3774 3091 δευτέραν

500 3104 937 3175 giam,relictam
969 3123 1000 3163 a
1031 3110 1193 3166 nobis
1241 3125 1305 3165 ac
1353 3112 1692 3182 repudiatam
1740 3113 1913 3169 fuisse
1958 3131 2087 3170 con-

2200 3108 2696 3178 ὲπιλύσασθαι,τὴν
2724 3108 2902 3163 αἰτίαν
2934 3108 3283 3173 ἀποδιδόντας
3298 3110 3396 3181 τῆς
3427 3110 3534 3163 τῶν
3570 3106 3778 3179 Ἐϐραῖ-

500 3205 706 3252 staret:
738 3196 997 3253 solvenda
1032 3200 1197 3255 modo
1247 3202 1407 3257 nobis
1458 3204 1629 3259 altera
1683 3208 1917 3274 quaestio
1965 3216 2087 3270 est,

2198 3201 2309 3254 κῶν
2359 3199 2533 3269 λόγων
2586 3202 3015 3271 μεταποιήσεως.
3056 3200 3130 3253 Τὸ
3181 3202 3281 3272 μὲν
3337 3198 3428 3255 οὖν
3483 3200 3558 3272 μὴ
3592 3201 3777 3273 φέρειν

498 3288 751 3356 ratioque
786 3288 1098 3354 reddenda,
1154 3305 1277 3360 quae
1328 3307 1430 3346 nos
1476 3293 1541 3347 ad
1590 3294 1990 3364 suscipiendam
2025 3312 2087 3353 ac

2194 3293 2315 3346 τινὰ
2352 3292 2558 3364 μέμψιν
2584 3295 2717 3363 ἡμῖν
2740 3292 2836 3363 τὴν
2876 3293 2983 3346 ἀπὸ
3026 3292 3314 3363 βαρϐάρων
3339 3294 3432 3346 τοῦ
3466 3294 3775 3364 συμφέρον-

498 3377 840 3445 probandam
870 3377 1261 3436 Hebraicarum
1288 3382 1595 3439 litterarum
1639 3385 1944 3441 doctrinam
1980 3388 2084 3442 im-

2194 3401 2281 3448 τος
2304 3383 2601 3455 μετάληψιν
2631 3383 2725 3436 ἐπὶ
2776 3383 2874 3453 τῆς
2918 3383 3142 3452 δεούσης
3185 3383 3380 3453 σχολῆς
3427 3386 3777 3454 παραστήσο-

498 3468 719 3539 pulerit.
753 3470 834 3526 Ac
877 3473 1037 3528 nobis
1075 3473 1297 3544 quidem
1345 3476 1563 3531 crimini
1593 3478 1901 3549 probroque
1947 3480 2087 3534 dan-

2194 3494 2313 3548 μεν,
2352 3476 2527 3528 πάντα
2557 3478 2668 3538 τοῖς
2702 3473 2948 3543 Ἕλλησι,
2980 3475 3072 3526 καὶ
3102 3476 3287 3537 αὐτοῖς
3322 3491 3386 3543 γε
3412 3476 3522 3537 τοῖς
3560 3474 3772 3544 βοωμέ-

499 3560 632 3616 dum
686 3577 796 3617 non
846 3578 990 3628 esse,
1020 3565 1165 3635 quod
1226 3580 1258 3621 a
1292 3566 1541 3622 barbaris
1598 3570 1847 3624 utilitatis
1881 3570 2087 3641 aliquid

2194 3586 2305 3633 νοις
2334 3566 2514 3621 αὐτῶν
2538 3566 2847 3635 φιλοσόφοις
2879 3563 2948 3616 τὰ
2988 3563 3275 3633 φιλόσοφαε
3312 3564 3626 3635 μαθήματα,
3677 3566 3773 3618 καὶ

500 3662 839 3721 mutuemur,
866 3658 1242 3725 opportuniori
1264 3660 1569 3731 majorique
1598 3662 1710 3715 otio
1740 3662 2083 3717 demonstra-

2194 3664 2261 3717 τὰ
2300 3661 2474 3724 ἄλλως
2502 3660 2677 3723 κοινὰ,
2720 3657 2814 3711 καὶ
2872 3660 2992 3721 ταῖς
3040 3657 3342 3720 πολιτικαῖς
3393 3656 3772 3711 λυσιτελοῦντα

501 3743 704 3812 bimus,
734 3746 865 3801 dum
912 3747 1174 3819 quidquid
1223 3731 1456 3821 usquam
1507 3754 1648 3821 apud
1680 3752 1897 3809 Gnecos
1919 3793 1935 3820 ,
1968 3755 2080 3810 imo

2194 3752 2426 3825 χρείαις,
2458 3749 2608 3821 παρά
2631 3747 2920 3819 βαρϐάρων
2941 3750 3353 3821 ὲσκευωρῆσθαι
3391 3749 3767 3815 ἐπιδείξοντες

500 3835 645 3905 apud
671 3837 1054 3894 celeberrimos
1091 3839 1255 3911 299
1281 3843 1445 3897 etiam
1475 3843 1693 3897 illorum
1725 3845 2079 3916 philosophos

2194 3846 2244 3898 τὸ
2265 3843 2322 3897 δὲ
2357 3843 2522 3914 μηδὲν
2549 3861 2633 3895 πω
2660 3840 2779 3914 μηδ’
2823 3842 2959 3906 ὅλως
3002 3843 3153 3912 παρά
3198 3860 3340 3896 τισιν
3371 3842 3634 3914 εὑρῆσθαι
3662 3841 3771 3896 τῶν

500 3941 609 3981 non
636 3930 797 3983 modo
829 3928 1149 3987 hausturum
1182 3948 1212 3987 e
1250 3933 1595 4004 philosophia
1639 3936 2075 4005 disciplinarum,

2194 3934 2373 3998 ὲθνῶν,
2405 3929 2516 3987 οἷον
2560 3936 2620 3988 τὸ
2670 3938 2799 4008 παρ’
2847 3934 3110 4007 Ἐϐραίων
3156 3934 3358 4004 ἀγαθὸν
3420 3937 3551 4007 ἡμῖν
3602 3952 3775 3990 πεπο-

501 4020 594 4074 sed
624 4021 785 4074 etiam
800 4021 1066 4092 quidquid
1101 4039 1132 4078 e
1157 4039 1215 4079 re
1241 4026 1550 4081 communis
1581 4027 1867 4081 hominum
1895 4026 2075 4083 socie-

2194 4026 2461 4098 ρισμένον,
2495 4019 2596 4078 ὧδε
2619 4026 2685 4080 ἂν
2710 4027 2919 4095 γένοιτο
2948 4025 3239 4097 πρόδηλον.

500 4111 652 4173 tatis,
710 4127 775 4167 ac
833 4114 1361 4183 rerumpublicarum
1401 4131 1503 4171 usu
1557 4116 1766 4184 fuerit,
1822 4116 1877 4171 id
1909 4131 2073 4171 omne
2116 4117 2472 4171 barbarorum
2511 4130 2576 4170 ex
2610 4117 2914 4186 disciplinis
2945 4132 3009 4170 ac
3061 4116 3268 4183 legibus
3321 4122 3667 4186 corrogatum
3715 4122 3771 4169 et

499 4203 936 4258 consarcinatum
960 4220 1081 4259 esse
1106 4207 1478 4263 ostendemus.
1496 4204 1617 4262 Jam
1667 4222 1834 4274 vero,
1871 4206 2081 4261 nullum
2121 4221 2346 4276 prorsus
2365 4205 2506 4275 apud
2541 4207 2707 4260 ullam
2748 4216 2959 4276 gentem
3002 4205 3274 4275 ejusmodi
3318 4220 3555 4274 unquam
3612 4205 3769 4260 inve-

497 4297 603 4353 uiri
621 4298 819 4353 bonum
847 4300 1117 4369 potuisse,
1143 4302 1455 4372 cuiusmodi
1486 4302 1555 4357 ad
1578 4318 1680 4359 nos
1693 4302 1997 4375 proiectum
2020 4303 2090 4358 ab
2120 4301 2362 4358 Hebraeis
2391 4310 2494 4368 est,
2532 4302 2712 4372 quivis
2737 4303 2935 4372 opinor
2963 4316 3030 4355 ex
3060 4300 3413 4370 sequentibus
3446 4300 3727 4372 intelliget.

1128 4462 1360 4519 CAPUT
1392 4463 1462 4520 Il.

2738 4460 3134 4516 ΚΕΦΑΛΑΙΟΝ
3169 4458 3243 4512 B’.

500 4551 726 4608 Summa
754 4554 1079 4634 reliquarum
1104 4557 1339 4634 gentium
1366 4556 1645 4634 theologia:
1671 4558 1869 4634 capita,
1892 4571 2083 4634 quant-

568 4639 665 4701 que
696 4626 938 4706 gravium
970 4624 1234 4679 malorum
1259 4627 1507 4682 humana:
1530 4624 1768 4681 societati
1794 4624 1959 4682 causa
1987 4625 2084 4679 illa

569 4695 753 4763 fuerit.

567 4783 703 4840 Nam
735 4787 917 4842 caeteri
942 4787 1160 4857 quidem
1190 4788 1401 4858 populi,
1425 4788 1538 4858 jam
1577 4803 1754 4859 usque
1783 4804 1814 4842 a
1846 4788 2083 4843 societa-

496 4877 567 4932 tis
600 4878 852 4933 humanae
878 4880 1211 4949 primordiis,
1259 4881 1327 4934 ad
1370 4881 1765 4950 consequentia
1825 4880 2082 4948 deinceps

499 4980 765 5038 tempora,
797 4970 927 5027 dum
964 4980 1245 5041 propterea
1293 4973 1439 5042 quod
1500 4971 1568 5027 de
1609 4971 1792 5027 anima
1822 4986 1919 5026 sua
1954 4985 2085 5024 con-

498 5063 670 5115 stnuti
704 5062 968 5118 haberent
993 5065 1129 5117 nihil
1154 5104 1168 5128 ,
1204 5064 1271 5119 ad
1302 5065 1450 5119 solos
1484 5064 1732 5133 corporis
1765 5076 1960 5117 sensus
1988 5060 2083 5114 ad-

499 5153 881 5219 haerescerent,
931 5171 997 5209 ac
1032 5165 1224 5224 prater
1253 5171 1315 5211 ca
1351 5172 1474 5227 qua;
1524 5164 1822 5212 cernuntur
1867 5151 2042 5209 oculis
2065 5191 2081 5218 ,

501 5243 646 5297 aliud
686 5248 911 5302 omnino
944 5249 1077 5302 nihil
1108 5264 1231 5304 esse
1261 5252 1598 5319 cogitarent,
1649 5246 1863 5302 honesti
1893 5245 2082 5315 proin-

501 5332 570 5388 de
606 5345 768 5405 atque
802 5340 983 5403 utilis,
1026 5341 1139 5394 imo
1188 5340 1360 5395 solius
1390 5340 1518 5395 boni
1574 5339 1699 5393 loco
1749 5337 2083 5406 voluptatem

503 5428 748 5495 corporis
783 5429 1121 5499 habuerunt;
1150 5433 1396 5501 adeoque
1426 5446 1591 5485 unam
1627 5430 1807 5493 illam,
1860 5428 2085 5498 perinde

504 5530 571 5569 ac
618 5517 665 5570 si
725 5529 918 5587 praeter
970 5521 1143 5591 ipsam
1176 5523 1325 5577 aliud
1371 5522 1537 5585 nihil,
1576 5535 1754 5591 neque
1787 5518 1955 5585 boni,
1989 5531 2089 5571 nea

506 5622 614 5679 que
654 5609 882 5679 iucundi
925 5628 989 5667 ac
1016 5615 1201 5669 suavis
1252 5616 1605 5681 reperiretur,
1634 5613 1934 5682 eademque
1969 5610 2083 5665 sola

508 5715 604 5772 per
637 5716 759 5759 sese
794 5705 861 5758 ad
890 5705 1045 5761 beate
1082 5707 1373 5763 vivendum
1408 5708 1542 5763 satis
1589 5714 1732 5762 esset
1759 5747 1773 5769 ,
1824 5704 2004 5761 studio
2033 5712 2089 5759 et

510 5807 696 5851 amore
721 5794 938 5865 dignam
967 5798 1090 5865 rati,
1117 5798 1344 5856 deorum
1370 5799 1524 5870 quasi
1560 5798 1863 5858 maximam,
1888 5811 2084 5853 consc-

2202 4555 2754 4633 Ἀνακεφαλαίωσις
2795 4553 2907 4633 τῆς
2949 4552 3113 4630 «apd
3164 4551 3297 4633 τοῖς,
3328 4552 3537 4633 ἄλλοις
3570 4554 3770 4633 ἔθνεσι

2264 4622 2600 4696 θεολογίας,
2630 4624 2725 4678 καὶ
2760 4625 2902 4677 οἴων
2943 4622 3137 4677 κακῶν
3179 4623 3337 4676 αἰτία
3372 4626 3641 4691 συνέστη
3690 4623 3772 4689 τῷ

2256 4695 2392 4762 βίῳ.

2259 4789 2323 4840 Οἱ
2356 4787 2453 4858 μὲν
2472 4788 2536 4859 δὴ
2555 4786 2738 4839 λοιπὸν
2761 4785 2961 4848 πάντες
2993 4784 3089 4838 ἄνθ
3100 4802 3291 4856 ρωποι,
3318 4785 3522 4841 ἀνωθεν
3539 4789 3603 4840 ὲκ
3629 4786 3774 4861 πρώ-

2185 4895 2288 4949 της
2315 4878 2411 4931 τοῦ
2437 4878 2552 4948 βίου
2586 4877 2919 4939 συστάσεως,
2951 4877 3044 4929 καὶ
3075 4880 3155 4940 εἰς
3185 4878 3276 4931 τὸν
3307 4879 3599 4948 μετέπειτα
3643 4881 3772 4950 χρό-

2188 4985 2298 5033 νον,
2332 4969 2469 5041 μόνῃ
2495 4970 2557 5037 τῇ
2584 4968 2693 5020 τῶν
2712 4966 2978 5037 σωμάτων
3009 4970 3477 5039 προσανασχόντες
3498 4970 3770 5041 αἰσθήσει,

2185 5059 2265 5131 τῷ
2289 5058 2454 5129 μηδὲν
2484 5059 2613 5127 περὶ
2641 5058 2740 5126 τῆς
2764 5059 2820 5111 ὲν
2847 5058 3029 5121 αὐτοῖς
3061 5058 3239 5129 ψυχῆς
3256 5060 3585 5132 διειληφέναι
3612 5063 3772 5116 πλέον

2184 5169 2245 5204 τε
2279 5151 2430 5204 οὐδὲν
2452 5148 2562 5202 τῶν
2584 5148 2878 5219 ὁρωμένων
2917 5152 2974 5202 ὲν
3002 5153 3116 5213 τοῖς
3145 5147 3295 5205 οὖσιν
3325 5153 3592 5225 ὑπάρχειν
3630 5157 3771 5225 ἡγη-

2190 5246 2434 5316 σάμενοι,
2454 5243 2513 5296 τὸ
2543 5242 2727 5305 καλὸν,
2757 5243 2853 5296 καὶ
2876 5243 3153 5314 συμφέρον
3173 5285 3188 5308 ,
3229 5246 3323 5299 καὶ
3370 5247 3529 5317 μόνον
3570 5247 3772 5315 ἀγαθὸν

2189 5341 2288 5411 τὴν
2307 5337 2414 5391 τῶν
2438 5335 2707 5406 σωμάτων
2724 5334 2993 5404 ἀνέθηκαν
3017 5335 3208 5407 ἡδονήν
3227 5353 3240 5366 ·
3271 5338 3439 5408 μόνην
3462 5355 3521 5391 τε
3543 5338 3770 5409 ταύτην,

2190 5431 2266 5494 ὡς
2293 5430 2352 5482 τὸ
2389 5429 2546 5499 μόνον
2574 5423 2740 5480 οὖσαν
2767 5426 2990 5494 ἀγαθὸν,
3033 5428 3125 5480 καὶ
3151 5430 3421 5500 προσηνὲς
3444 5470 3458 5493 ,
3513 5431 3609 5484 καὶ
3647 5431 3769 5501 ἡδὺ,

2194 5521 2332 5592 πρὸς
2362 5520 2658 5573 ἀπύλαυσίν
2689 5535 2749 5570 τε
2777 5517 3091 5588 εὐδαίμονος
3136 5518 3251 5588 βίου
3282 5520 3525 5591 αὐτάρκη
3552 5561 3566 5584 ,
3617 5538 3775 5591 περιρ

2196 5609 2529 5663 σπούδαστον
2558 5609 2900 5679 ὑποθέμενοι,
2936 5608 3072 5662 θεῶν
3103 5608 3364 5681 μεγίστην
3410 5610 3680 5682 ὴγήσαντό
3711 5626 3773 5664 τε

2195 5705 2286 5758 καὶ
2313 5703 2688 5756 τεθειάκασιν·
2728 5702 2848 5755 οὐδὲ
2874 5703 2973 5772 τῆς
3023 5702 3167 5772 ζωῆς
3206 5702 3397 5772 αὐτῆς,
3429 5706 3477 5755 εί
3521 5702 3595 5773 μὴ
3645 5718 3773 5772 μετ-

2196 5797 2310 5869 έχοι
2334 5795 2428 5867 τῆς
2450 5795 2554 5850 τῶν
2581 5793 2845 5865 σωμάτιον
2876 5793 3086 5865 ἡδονῆς,
3121 5793 3415 5863 ἐφιέμενοι,
3449 5795 3542 5850 καὶ
3577 5793 3673 5865 ζῇν
3707 5794 3767 5848 οὐ
